  <div class='ocr_page' id='page_1' title='image "/cluster/home/n/w/nwhite01/storage/ocr_20150623/24/njp.32101077772513/269.png"; bbox 0 0 2061 3215; ppageno 0'>
   <div class='ocr_carea' id='block_1_1' title="bbox 294 153 349 182">
    <p class='ocr_par' dir='ltr' id='par_1_1' title="bbox 294 153 349 182">
     <span class='ocr_line' id='line_1_1' title="bbox 294 153 349 182; baseline 0 0"><span class='ocrx_word' id='word_1_1' title='bbox 294 153 349 182; x_wconf 75' lang='lat'><strong>525</strong></span> 
     </span>
    </p>
   </div>
   <div class='ocr_carea' id='block_1_2' title="bbox 632 156 1565 187">
    <p class='ocr_par' dir='ltr' id='par_1_2' title="bbox 632 156 1565 187">
     <span class='ocr_line' id='line_1_2' title="bbox 632 156 1565 187; baseline 0.002 -3"><span class='ocrx_word' id='word_1_2' title='bbox 632 156 766 184; x_wconf 84' lang='lat' dir='ltr'><strong>EUSEBII</strong></span> <span class='ocrx_word' id='word_1_3' title='bbox 785 157 1023 185; x_wconf 62' lang='lat' dir='ltr'><strong>CESARIENSIS</strong></span> <span class='ocrx_word' id='word_1_4' title='bbox 1042 157 1116 186; x_wconf 84' lang='lat' dir='ltr'><strong>OPP.</strong></span> <span class='ocrx_word' id='word_1_5' title='bbox 1136 157 1226 186; x_wconf 75' lang='lat' dir='ltr'><strong>PARS</strong></span> <span class='ocrx_word' id='word_1_6' title='bbox 1244 157 1288 186; x_wconf 87' lang='lat' dir='ltr'><strong>Ill.</strong></span> <span class='ocrx_word' id='word_1_7' title='bbox 1307 174 1342 179; x_wconf 90' lang='lat'><strong><em>—</em></strong></span> <span class='ocrx_word' id='word_1_8' title='bbox 1361 157 1565 187; x_wconf 73' lang='lat' dir='ltr'><strong>EXEGETICA.</strong></span> 
     </span>
    </p>
   </div>
   <div class='ocr_carea' id='block_1_3' title="bbox 1867 159 1917 188">
    <p class='ocr_par' dir='ltr' id='par_1_3' title="bbox 1867 159 1917 188">
     <span class='ocr_line' id='line_1_3' title="bbox 1867 159 1917 188; baseline 0 0"><span class='ocrx_word' id='word_1_9' title='bbox 1867 159 1917 188; x_wconf 65' lang='grc' dir='ltr'><strong>εει</strong></span> 
     </span>
    </p>
   </div>
   <div class='ocr_carea' id='block_1_4' title="bbox 295 216 1075 256">
    <p class='ocr_par' dir='ltr' id='par_1_4' title="bbox 295 217 1075 255">
     <span class='ocr_line' id='line_1_4' title="bbox 295 217 1075 255; baseline 0.004 -10"><span class='ocrx_word' id='word_1_10' title='bbox 295 218 351 246; x_wconf 90' lang='lat' dir='ltr'><strong>rios</strong></span> <span class='ocrx_word' id='word_1_11' title='bbox 363 222 391 246; x_wconf 83' lang='lat' dir='ltr'><strong>et</strong></span> <span class='ocrx_word' id='word_1_12' title='bbox 407 217 492 251; x_wconf 85' lang='lat' dir='ltr'><strong>albos,</strong></span> <span class='ocrx_word' id='word_1_13' title='bbox 511 225 543 246; x_wconf 85' lang='lat' dir='ltr'><strong>ac</strong></span> <span class='ocrx_word' id='word_1_14' title='bbox 561 226 659 247; x_wconf 88' lang='lat' dir='ltr'><strong>currus</strong></span> <span class='ocrx_word' id='word_1_15' title='bbox 683 219 789 254; x_wconf 88' lang='lat' dir='ltr'><strong>aliquos</strong></span> <span class='ocrx_word' id='word_1_16' title='bbox 804 219 975 253; x_wconf 82' lang='lat' dir='ltr'><strong>describens,</strong></span> <span class='ocrx_word' id='word_1_17' title='bbox 994 228 1075 255; x_wconf 80' lang='lat' dir='ltr'><strong>ange-</strong></span> 
     </span>
    </p>
   </div>
   <div class='ocr_carea' id='block_1_5' title="bbox 1126 216 1917 256">
    <p class='ocr_par' dir='ltr' id='par_1_5' title="bbox 1128 216 1917 256">
     <span class='ocr_line' id='line_1_5' title="bbox 1128 216 1917 256; baseline 0.001 -10"><span class='ocrx_word' id='word_1_18' title='bbox 1128 220 1198 256; x_wconf 74' lang='grc' dir='ltr'>τείᾳ,</span> <span class='ocrx_word' id='word_1_19' title='bbox 1219 221 1284 256; x_wconf 76' lang='grc' dir='ltr'>παρ’</span> <span class='ocrx_word' id='word_1_20' title='bbox 1300 216 1322 254; x_wconf 81' lang='grc' dir='ltr'>ᾧ</span> <span class='ocrx_word' id='word_1_21' title='bbox 1338 220 1436 251; x_wconf 82' lang='grc' dir='ltr'>ἵππους</span> <span class='ocrx_word' id='word_1_22' title='bbox 1449 219 1555 255; x_wconf 75' lang='grc' dir='ltr'>ψαροὺς</span> <span class='ocrx_word' id='word_1_23' title='bbox 1574 219 1620 246; x_wconf 76' lang='grc' dir='ltr'><strong>καὶ</strong></span> <span class='ocrx_word' id='word_1_24' title='bbox 1636 220 1774 252; x_wconf 71' lang='grc' dir='ltr'>ποικίλους</span> <span class='ocrx_word' id='word_1_25' title='bbox 1789 220 1838 247; x_wconf 78' lang='grc' dir='ltr'><strong>καὶ</strong></span> <span class='ocrx_word' id='word_1_26' title='bbox 1857 220 1917 247; x_wconf 82' lang='grc' dir='ltr'>λευ-</span> 
     </span>
    </p>
   </div>
   <div class='ocr_carea' id='block_1_6' title="bbox 295 263 1084 300">
    <p class='ocr_par' dir='ltr' id='par_1_6' title="bbox 295 263 1084 300">
     <span class='ocr_line' id='line_1_6' title="bbox 295 263 1084 300; baseline 0.003 -9"><span class='ocrx_word' id='word_1_27' title='bbox 295 263 362 292; x_wconf 86' lang='lat' dir='ltr'><strong>licas</strong></span> <span class='ocrx_word' id='word_1_28' title='bbox 378 264 491 292; x_wconf 83' lang='lat' dir='ltr'><strong>virtutes</strong></span> <span class='ocrx_word' id='word_1_29' title='bbox 509 265 709 292; x_wconf 74' lang='lat' dir='ltr'><strong>subindicubat.</strong></span> <span class='ocrx_word' id='word_1_30' title='bbox 735 265 880 300; x_wconf 78' lang='lat' dir='ltr'><strong>Lampenze</strong></span> <span class='ocrx_word' id='word_1_31' title='bbox 894 271 982 293; x_wconf 89' lang='lat' dir='ltr'><strong>autem</strong></span> <span class='ocrx_word' id='word_1_32' title='bbox 999 266 1084 294; x_wconf 87' lang='lat' dir='ltr'><strong>mulo-</strong></span> 
     </span>
    </p>
   </div>
   <div class='ocr_carea' id='block_1_7' title="bbox 295 311 1082 347">
    <p class='ocr_par' dir='ltr' id='par_1_7' title="bbox 295 311 1082 347">
     <span class='ocr_line' id='line_1_7' title="bbox 295 311 1082 347; baseline 0.004 -11"><span class='ocrx_word' id='word_1_33' title='bbox 295 317 355 345; x_wconf 70' lang='lat' dir='ltr'><strong>rum</strong></span> <span class='ocrx_word' id='word_1_34' title='bbox 372 311 498 338; x_wconf 84' lang='lat' dir='ltr'><strong>videnlur</strong></span> <span class='ocrx_word' id='word_1_35' title='bbox 513 311 668 345; x_wconf 78' lang='lat' dir='ltr'><strong>signiﬁcare</strong></span> <span class='ocrx_word' id='word_1_36' title='bbox 683 319 800 346; x_wconf 90' lang='lat' dir='ltr'><strong>corpora</strong></span> <span class='ocrx_word' id='word_1_37' title='bbox 818 313 1002 347; x_wconf 72' lang='lat' dir='ltr'><strong>resurgentia,</strong></span> <span class='ocrx_word' id='word_1_38' title='bbox 1023 312 1082 347; x_wconf 84' lang='lat' dir='ltr'><strong>qui-</strong></span> 
     </span>
    </p>
   </div>
   <div class='ocr_carea' id='block_1_8' title="bbox 294 347 1083 385">
    <p class='ocr_par' dir='ltr' id='par_1_8' title="bbox 294 347 1083 385">
     <span class='ocr_line' id='line_1_8' title="bbox 294 347 1083 385; baseline 0.003 -3"><span class='ocrx_word' id='word_1_39' title='bbox 294 355 345 383; x_wconf 87' lang='lat' dir='ltr'><strong>bus</strong></span> <span class='ocrx_word' id='word_1_40' title='bbox 370 361 453 384; x_wconf 64' lang='lat' dir='ltr'><strong>vectze</strong></span> <span class='ocrx_word' id='word_1_41' title='bbox 477 357 573 384; x_wconf 73' lang='lat' dir='ltr'><strong>anima:</strong></span> <span class='ocrx_word' id='word_1_42' title='bbox 603 357 630 383; x_wconf 87' lang='lat' dir='ltr'><strong>in</strong></span> <span class='ocrx_word' id='word_1_43' title='bbox 663 347 804 384; x_wconf 66' lang='lat' dir='ltr'><strong>caelestem</strong></span> <span class='ocrx_word' id='word_1_44' title='bbox 837 357 975 384; x_wconf 84' lang='lat' dir='ltr'><strong>civitatem</strong></span> <span class='ocrx_word' id='word_1_45' title='bbox 1007 365 1083 385; x_wconf 82' lang='lat' dir='ltr'><strong>assu-</strong></span> 
     </span>
    </p>
   </div>
   <div class='ocr_carea' id='block_1_9' title="bbox 295 402 1083 440">
    <p class='ocr_par' dir='ltr' id='par_1_9' title="bbox 295 402 1083 440">
     <span class='ocr_line' id='line_1_9' title="bbox 295 402 1083 440; baseline 0.005 -11"><span class='ocrx_word' id='word_1_46' title='bbox 295 407 415 429; x_wconf 78' lang='lat' dir='ltr'><strong>mentur.</strong></span> <span class='ocrx_word' id='word_1_47' title='bbox 432 402 453 429; x_wconf 84' lang='grc' dir='ltr'>Ε</span> <span class='ocrx_word' id='word_1_48' title='bbox 474 409 504 429; x_wconf 91' lang='lat' dir='ltr'><strong>re</strong></span> <span class='ocrx_word' id='word_1_49' title='bbox 519 407 607 429; x_wconf 86' lang='lat' dir='ltr'><strong>autem</strong></span> <span class='ocrx_word' id='word_1_50' title='bbox 629 403 729 430; x_wconf 82' lang='lat' dir='ltr'><strong>dicitur</strong></span> <span class='ocrx_word' id='word_1_51' title='bbox 751 403 894 438; x_wconf 80' lang='lat' dir='ltr'><strong>lainpeme,</strong></span> <span class='ocrx_word' id='word_1_52' title='bbox 913 404 970 432; x_wconf 85' lang='lat' dir='ltr'><strong>sive</strong></span> <span class='ocrx_word' id='word_1_53' title='bbox 995 404 1083 440; x_wconf 73' lang='lat' dir='ltr'><strong>fulgo—</strong></span> 
     </span>
    </p>
   </div>
   <div class='ocr_carea' id='block_1_10' title="bbox 296 448 785 484">
    <p class='ocr_par' dir='ltr' id='par_1_10' title="bbox 296 448 785 484">
     <span class='ocr_line' id='line_1_10' title="bbox 296 448 785 484; baseline 0.002 -9"><span class='ocrx_word' id='word_1_54' title='bbox 296 455 351 480; x_wconf 83' lang='lat' dir='ltr'><strong>res,</strong></span> <span class='ocrx_word' id='word_1_55' title='bbox 364 449 398 476; x_wconf 92' lang='lat' dir='ltr'><strong>ob</strong></span> <span class='ocrx_word' id='word_1_56' title='bbox 415 448 562 484; x_wconf 72' lang='lat' dir='ltr'><strong>fulgentem</strong></span> <span class='ocrx_word' id='word_1_57' title='bbox 581 449 645 484; x_wconf 86' lang='lat' dir='ltr'><strong>ipsis</strong></span> <span class='ocrx_word' id='word_1_58' title='bbox 661 449 785 484; x_wconf 80' lang='lat' dir='ltr'><strong>gloriam.</strong></span> 
     </span>
    </p>
   </div>
   <div class='ocr_carea' id='block_1_11' title="bbox 331 538 1082 571">
    <p class='ocr_par' dir='ltr' id='par_1_11' title="bbox 331 538 1082 571">
     <span class='ocr_line' id='line_1_11' title="bbox 331 538 1082 571; baseline 0.009 -7"><span class='ocrx_word' id='word_1_59' title='bbox 331 538 413 566; x_wconf 70' lang='lat' dir='ltr'><strong>Vens.</strong></span> <span class='ocrx_word' id='word_1_60' title='bbox 428 539 473 566; x_wconf 67' lang='grc' dir='ltr'>ει.</span> <span class='ocrx_word' id='word_1_61' title='bbox 493 549 502 565; x_wconf 77' lang='grc' dir='ltr'><strong>ι</strong></span> <span class='ocrx_word' id='word_1_62' title='bbox 522 539 557 568; x_wconf 92' lang='lat' dir='ltr'><strong>Ut</strong></span> <span class='ocrx_word' id='word_1_63' title='bbox 577 539 693 568; x_wconf 80' lang='lat' dir='ltr'><strong>oﬂ‘erant</strong></span> <span class='ocrx_word' id='word_1_64' title='bbox 709 540 756 568; x_wconf 87' lang='lat' dir='ltr'><strong>lilii</strong></span> <span class='ocrx_word' id='word_1_65' title='bbox 778 541 862 570; x_wconf 90' lang='lat' dir='ltr'><strong>lsrael</strong></span> <span class='ocrx_word' id='word_1_66' title='bbox 875 542 999 571; x_wconf 76' lang='lat' dir='ltr'><strong>victimas</strong></span> <span class='ocrx_word' id='word_1_67' title='bbox 1019 551 1082 571; x_wconf 83' lang='lat' dir='ltr'><strong>suas</strong></span> 
     </span>
    </p>
   </div>
   <div class='ocr_carea' id='block_1_12' title="bbox 295 585 1082 620">
    <p class='ocr_par' dir='ltr' id='par_1_12' title="bbox 295 585 1082 620">
     <span class='ocr_line' id='line_1_12' title="bbox 295 585 1082 620; baseline 0.008 -8"><span class='ocrx_word' id='word_1_68' title='bbox 295 585 360 612; x_wconf 82' lang='lat' dir='ltr'><strong>mihi</strong></span> <span class='ocrx_word' id='word_1_69' title='bbox 379 593 439 612; x_wconf 89' lang='lat' dir='ltr'><strong>eum</strong></span> <span class='ocrx_word' id='word_1_70' title='bbox 462 586 592 620; x_wconf 85' lang='lat' dir='ltr'><strong>psahnis:</strong></span> <span class='ocrx_word' id='word_1_71' title='bbox 625 592 651 614; x_wconf 87' lang='lat' dir='ltr'><strong>et</strong></span> <span class='ocrx_word' id='word_1_72' title='bbox 682 595 714 614; x_wconf 80' lang='lat' dir='ltr'><strong>ex</strong></span> <span class='ocrx_word' id='word_1_73' title='bbox 740 587 779 615; x_wconf 86' lang='lat' dir='ltr'><strong>eis</strong></span> <span class='ocrx_word' id='word_1_74' title='bbox 800 596 904 616; x_wconf 86' lang='lat' dir='ltr'><strong>sumam</strong></span> <span class='ocrx_word' id='word_1_75' title='bbox 927 591 1082 618; x_wconf 75' lang='lat' dir='ltr'><strong>sacerdotes</strong></span> 
     </span>
    </p>
   </div>
   <div class='ocr_carea' id='block_1_13' title="bbox 293 630 1081 669">
    <p class='ocr_par' dir='ltr' id='par_1_13' title="bbox 293 630 1081 669">
     <span class='ocr_line' id='line_1_13' title="bbox 293 630 1081 669; baseline 0.008 -11"><span class='ocrx_word' id='word_1_76' title='bbox 293 636 320 658; x_wconf 83' lang='lat' dir='ltr'><strong>et</strong></span> <span class='ocrx_word' id='word_1_77' title='bbox 339 630 459 664; x_wconf 85' lang='lat' dir='ltr'><strong>Levitas,</strong></span> <span class='ocrx_word' id='word_1_78' title='bbox 488 633 555 659; x_wconf 79' lang='lat' dir='ltr'><strong>dixit</strong></span> <span class='ocrx_word' id='word_1_79' title='bbox 573 632 712 662; x_wconf 89' lang='lat' dir='ltr'><strong>Dominus.</strong></span> <span class='ocrx_word' id='word_1_80' title='bbox 732 643 742 660; x_wconf 84' lang='grc'><strong>›</strong></span> <span class='ocrx_word' id='word_1_81' title='bbox 765 634 798 661; x_wconf 87' lang='lat' dir='ltr'><strong>Ut</strong></span> <span class='ocrx_word' id='word_1_82' title='bbox 821 635 911 669; x_wconf 78' lang='lat' dir='ltr'><strong>itaque</strong></span> <span class='ocrx_word' id='word_1_83' title='bbox 935 638 1081 664; x_wconf 87' lang='lat' dir='ltr'><strong>secundum</strong></span> 
     </span>
    </p>
   </div>
   <div class='ocr_carea' id='block_1_14' title="bbox 293 677 1081 717">
    <p class='ocr_par' dir='ltr' id='par_1_14' title="bbox 293 677 1081 717">
     <span class='ocr_line' id='line_1_14' title="bbox 293 677 1081 717; baseline 0.006 -13"><span class='ocrx_word' id='word_1_84' title='bbox 293 684 451 712; x_wconf 78' lang='lat' dir='ltr'><strong>corpoream</strong></span> <span class='ocrx_word' id='word_1_85' title='bbox 469 677 555 712; x_wconf 80' lang='lat' dir='ltr'><strong>legem</strong></span> <span class='ocrx_word' id='word_1_86' title='bbox 583 679 609 705; x_wconf 94' lang='lat' dir='ltr'><strong>in</strong></span> <span class='ocrx_word' id='word_1_87' title='bbox 635 683 743 706; x_wconf 84' lang='lat' dir='ltr'><strong>terrena</strong></span> <span class='ocrx_word' id='word_1_88' title='bbox 771 679 922 708; x_wconf 78' lang='lat' dir='ltr'><strong>Jerusalem</strong></span> <span class='ocrx_word' id='word_1_89' title='bbox 947 682 1005 708; x_wconf 70' lang='lat' dir='ltr'><strong>[nec</strong></span> <span class='ocrx_word' id='word_1_90' title='bbox 1020 689 1081 717; x_wconf 74' lang='lat' dir='ltr'><strong>age-</strong></span> 
     </span>
    </p>
   </div>
   <div class='ocr_carea' id='block_1_15' title="bbox 293 722 1082 759">
    <p class='ocr_par' dir='ltr' id='par_1_15' title="bbox 293 722 1082 759">
     <span class='ocr_line' id='line_1_15' title="bbox 293 722 1082 759; baseline 0.008 -11"><span class='ocrx_word' id='word_1_91' title='bbox 293 722 359 749; x_wconf 88' lang='lat' dir='ltr'><strong>haut</strong></span> <span class='ocrx_word' id='word_1_92' title='bbox 377 723 422 757; x_wconf 86' lang='lat' dir='ltr'><strong>qui</strong></span> <span class='ocrx_word' id='word_1_93' title='bbox 446 723 548 750; x_wconf 84' lang='lat' dir='ltr'><strong>eultum</strong></span> <span class='ocrx_word' id='word_1_94' title='bbox 575 724 786 759; x_wconf 87' lang='lat' dir='ltr'><strong>persolvebant;</strong></span> <span class='ocrx_word' id='word_1_95' title='bbox 813 726 908 753; x_wconf 83' lang='lat' dir='ltr'><strong>eodem</strong></span> <span class='ocrx_word' id='word_1_96' title='bbox 937 727 1018 754; x_wconf 84' lang='lat' dir='ltr'><strong>modo</strong></span> <span class='ocrx_word' id='word_1_97' title='bbox 1039 734 1082 754; x_wconf 85' lang='lat' dir='ltr'><strong>se-</strong></span> 
     </span>
    </p>
   </div>
   <div class='ocr_carea' id='block_1_16' title="bbox 292 769 1080 807">
    <p class='ocr_par' dir='ltr' id='par_1_16' title="bbox 292 769 1080 807">
     <span class='ocr_line' id='line_1_16' title="bbox 292 769 1080 807; baseline 0.005 -11"><span class='ocrx_word' id='word_1_98' title='bbox 292 769 410 796; x_wconf 89' lang='lat' dir='ltr'><strong>cundum</strong></span> <span class='ocrx_word' id='word_1_99' title='bbox 427 773 566 796; x_wconf 86' lang='lat' dir='ltr'><strong>terrenum</strong></span> <span class='ocrx_word' id='word_1_100' title='bbox 582 770 646 797; x_wconf 85' lang='lat' dir='ltr'><strong>illud</strong></span> <span class='ocrx_word' id='word_1_101' title='bbox 661 771 824 806; x_wconf 81' lang='lat' dir='ltr'><strong>exemplum,</strong></span> <span class='ocrx_word' id='word_1_102' title='bbox 840 773 883 807; x_wconf 93' lang='lat' dir='ltr'><strong>qui</strong></span> <span class='ocrx_word' id='word_1_103' title='bbox 899 772 926 800; x_wconf 93' lang='lat' dir='ltr'><strong>in</strong></span> <span class='ocrx_word' id='word_1_104' title='bbox 942 773 1080 800; x_wconf 67' lang='lat' dir='ltr'><strong>caelestem</strong></span> 
     </span>
    </p>
   </div>
   <div class='ocr_carea' id='block_1_17' title="bbox 292 813 1081 852">
    <p class='ocr_par' dir='ltr' id='par_1_17' title="bbox 292 813 1081 852">
     <span class='ocr_line' id='line_1_17' title="bbox 292 813 1081 852; baseline 0.009 -12"><span class='ocrx_word' id='word_1_105' title='bbox 292 813 490 850; x_wconf 78' lang='lat' dir='ltr'><strong>Jerosolymam</strong></span> <span class='ocrx_word' id='word_1_106' title='bbox 506 817 661 847; x_wconf 86' lang='lat' dir='ltr'><strong>ascendeut,</strong></span> <span class='ocrx_word' id='word_1_107' title='bbox 678 825 740 844; x_wconf 89' lang='lat' dir='ltr'><strong>eum</strong></span> <span class='ocrx_word' id='word_1_108' title='bbox 758 818 875 852; x_wconf 79' lang='lat' dir='ltr'><strong>propriis</strong></span> <span class='ocrx_word' id='word_1_109' title='bbox 890 817 1022 846; x_wconf 80' lang='lat' dir='ltr'><strong>fructibus</strong></span> <span class='ocrx_word' id='word_1_110' title='bbox 1036 827 1081 847; x_wconf 88' lang='lat' dir='ltr'><strong>ve-</strong></span> 
     </span>
    </p>
   </div>
   <div class='ocr_carea' id='block_1_18' title="bbox 295 861 1081 895">
    <p class='ocr_par' dir='ltr' id='par_1_18' title="bbox 295 861 1081 895">
     <span class='ocr_line' id='line_1_18' title="bbox 295 861 1081 895; baseline 0.008 -8"><span class='ocrx_word' id='word_1_111' title='bbox 295 861 380 893; x_wconf 87' lang='lat' dir='ltr'><strong>nient,</strong></span> <span class='ocrx_word' id='word_1_112' title='bbox 397 868 464 895; x_wconf 90' lang='lat' dir='ltr'><strong>quos</strong></span> <span class='ocrx_word' id='word_1_113' title='bbox 478 861 576 895; x_wconf 78' lang='lat' dir='ltr'><strong>singuli</strong></span> <span class='ocrx_word' id='word_1_114' title='bbox 593 870 626 889; x_wconf 79' lang='lat' dir='ltr'><strong>ex</strong></span> <span class='ocrx_word' id='word_1_115' title='bbox 652 863 801 891; x_wconf 74' lang='lat' dir='ltr'><strong>fructiferis</strong></span> <span class='ocrx_word' id='word_1_116' title='bbox 818 863 963 892; x_wconf 80' lang='lat' dir='ltr'><strong>virtutibus</strong></span> <span class='ocrx_word' id='word_1_117' title='bbox 986 872 1015 892; x_wconf 93' lang='lat' dir='ltr'><strong>ut</strong></span> <span class='ocrx_word' id='word_1_118' title='bbox 1033 867 1081 893; x_wconf 88' lang='lat' dir='ltr'><strong>do-</strong></span> 
     </span>
    </p>
   </div>
   <div class='ocr_carea' id='block_1_19' title="bbox 294 908 820 937">
    <p class='ocr_par' dir='ltr' id='par_1_19' title="bbox 294 908 820 937">
     <span class='ocr_line' id='line_1_19' title="bbox 294 908 820 937; baseline 0.008 -4"><span class='ocrx_word' id='word_1_119' title='bbox 294 914 358 933; x_wconf 91' lang='lat' dir='ltr'><strong>num</strong></span> <span class='ocrx_word' id='word_1_120' title='bbox 373 911 400 933; x_wconf 87' lang='lat' dir='ltr'><strong>et</strong></span> <span class='ocrx_word' id='word_1_121' title='bbox 414 915 511 934; x_wconf 88' lang='lat' dir='ltr'><strong>munus</strong></span> <span class='ocrx_word' id='word_1_122' title='bbox 534 908 559 935; x_wconf 94' lang='lat' dir='ltr'><strong>in</strong></span> <span class='ocrx_word' id='word_1_123' title='bbox 581 909 670 936; x_wconf 81' lang='lat' dir='ltr'><strong>anima</strong></span> <span class='ocrx_word' id='word_1_124' title='bbox 691 910 820 937; x_wconf 80' lang='lat' dir='ltr'><strong>referent.</strong></span> 
     </span>
    </p>
   </div>
   <div class='ocr_carea' id='block_1_20' title="bbox 332 961 1078 994">
    <p class='ocr_par' dir='ltr' id='par_1_20' title="bbox 332 961 1078 994">
     <span class='ocr_line' id='line_1_20' title="bbox 332 961 1078 994; baseline 0.008 -6"><span class='ocrx_word' id='word_1_125' title='bbox 332 961 413 989; x_wconf 74' lang='lat' dir='ltr'><strong>Vens.</strong></span> <span class='ocrx_word' id='word_1_126' title='bbox 428 961 473 990; x_wconf 72' lang='lat'><strong>9.2.</strong></span> <span class='ocrx_word' id='word_1_127' title='bbox 495 972 503 988; x_wconf 80' lang='grc' dir='ltr'><strong>ι</strong></span> <span class='ocrx_word' id='word_1_128' title='bbox 523 962 599 990; x_wconf 82' lang='lat' dir='ltr'><strong>Sicut</strong></span> <span class='ocrx_word' id='word_1_129' title='bbox 620 964 691 991; x_wconf 85' lang='lat' dir='ltr'><strong>enim</strong></span> <span class='ocrx_word' id='word_1_130' title='bbox 708 964 807 991; x_wconf 79' lang='lat' dir='ltr'><strong>ccelum</strong></span> <span class='ocrx_word' id='word_1_131' title='bbox 833 972 931 992; x_wconf 89' lang='lat' dir='ltr'><strong>novum</strong></span> <span class='ocrx_word' id='word_1_132' title='bbox 955 970 982 993; x_wconf 87' lang='lat' dir='ltr'><strong>et</strong></span> <span class='ocrx_word' id='word_1_133' title='bbox 1006 971 1078 994; x_wconf 84' lang='lat' dir='ltr'><strong>terra</strong></span> 
     </span>
    </p>
   </div>
   <div class='ocr_carea' id='block_1_21' title="bbox 293 1008 1078 1045">
    <p class='ocr_par' dir='ltr' id='par_1_21' title="bbox 293 1008 1078 1045">
     <span class='ocr_line' id='line_1_21' title="bbox 293 1008 1078 1045; baseline 0.006 -11"><span class='ocrx_word' id='word_1_134' title='bbox 293 1015 372 1040; x_wconf 85' lang='lat' dir='ltr'><strong>nova,</strong></span> <span class='ocrx_word' id='word_1_135' title='bbox 390 1016 450 1042; x_wconf 64' lang='lat' dir='ltr'><strong>qua:</strong></span> <span class='ocrx_word' id='word_1_136' title='bbox 461 1015 510 1042; x_wconf 81' lang='lat' dir='ltr'><strong>ego</strong></span> <span class='ocrx_word' id='word_1_137' title='bbox 525 1008 606 1040; x_wconf 79' lang='lat' dir='ltr'><strong>facio,</strong></span> <span class='ocrx_word' id='word_1_138' title='bbox 624 1015 783 1044; x_wconf 80' lang='lat' dir='ltr'><strong>permanent</strong></span> <span class='ocrx_word' id='word_1_139' title='bbox 798 1011 823 1037; x_wconf 94' lang='lat' dir='ltr'><strong>in</strong></span> <span class='ocrx_word' id='word_1_140' title='bbox 840 1015 986 1045; x_wconf 83' lang='lat' dir='ltr'><strong>conspectu</strong></span> <span class='ocrx_word' id='word_1_141' title='bbox 1007 1019 1078 1045; x_wconf 87' lang='lat' dir='ltr'><strong>meo,</strong></span> 
     </span>
    </p>
   </div>
   <div class='ocr_carea' id='block_1_22' title="bbox 293 1054 1078 1088">
    <p class='ocr_par' dir='ltr' id='par_1_22' title="bbox 293 1054 1078 1088">
     <span class='ocr_line' id='line_1_22' title="bbox 293 1054 1078 1088; baseline 0.006 -8"><span class='ocrx_word' id='word_1_142' title='bbox 293 1054 359 1081; x_wconf 86' lang='lat' dir='ltr'><strong>dicit</strong></span> <span class='ocrx_word' id='word_1_143' title='bbox 377 1054 505 1081; x_wconf 89' lang='lat' dir='ltr'><strong>Dominus</strong></span> <span class='ocrx_word' id='word_1_144' title='bbox 522 1063 530 1088; x_wconf 87' lang='lat'><strong>;</strong></span> <span class='ocrx_word' id='word_1_145' title='bbox 547 1054 587 1081; x_wconf 87' lang='lat' dir='ltr'><strong>sic</strong></span> <span class='ocrx_word' id='word_1_146' title='bbox 601 1055 683 1082; x_wconf 83' lang='lat' dir='ltr'><strong>stabit</strong></span> <span class='ocrx_word' id='word_1_147' title='bbox 697 1063 789 1083; x_wconf 82' lang='lat' dir='ltr'><strong>semen</strong></span> <span class='ocrx_word' id='word_1_148' title='bbox 806 1061 924 1084; x_wconf 82' lang='lat' dir='ltr'><strong>vestrum</strong></span> <span class='ocrx_word' id='word_1_149' title='bbox 938 1062 965 1084; x_wconf 91' lang='lat' dir='ltr'><strong>et</strong></span> <span class='ocrx_word' id='word_1_150' title='bbox 980 1065 1078 1086; x_wconf 86' lang='lat' dir='ltr'><strong>nomen</strong></span> 
     </span>
    </p>
   </div>
   <div class='ocr_carea' id='block_1_23' title="bbox 292 1099 1079 1136">
    <p class='ocr_par' dir='ltr' id='par_1_23' title="bbox 292 1099 1079 1136">
     <span class='ocr_line' id='line_1_23' title="bbox 292 1099 1079 1136; baseline 0.006 -11"><span class='ocrx_word' id='word_1_151' title='bbox 292 1105 423 1127; x_wconf 66' lang='lat' dir='ltr'><strong>vestrum.</strong></span> <span class='ocrx_word' id='word_1_152' title='bbox 441 1110 451 1126; x_wconf 73' lang='grc' dir='ltr'><strong>ι</strong></span> <span class='ocrx_word' id='word_1_153' title='bbox 465 1099 533 1126; x_wconf 87' lang='lat' dir='ltr'><strong>Nam</strong></span> <span class='ocrx_word' id='word_1_154' title='bbox 548 1101 570 1128; x_wconf 88' lang='lat' dir='ltr'><strong>si</strong></span> <span class='ocrx_word' id='word_1_155' title='bbox 588 1108 687 1128; x_wconf 86' lang='lat' dir='ltr'><strong>novum</strong></span> <span class='ocrx_word' id='word_1_156' title='bbox 702 1102 812 1135; x_wconf 75' lang='lat' dir='ltr'><strong>ccelum,</strong></span> <span class='ocrx_word' id='word_1_157' title='bbox 829 1108 856 1129; x_wconf 85' lang='lat' dir='ltr'><strong>et</strong></span> <span class='ocrx_word' id='word_1_158' title='bbox 870 1111 937 1130; x_wconf 86' lang='lat' dir='ltr'><strong>nova</strong></span> <span class='ocrx_word' id='word_1_159' title='bbox 953 1108 1036 1136; x_wconf 82' lang='lat' dir='ltr'><strong>terra,</strong></span> <span class='ocrx_word' id='word_1_160' title='bbox 1052 1109 1079 1130; x_wconf 89' lang='lat' dir='ltr'><strong>et</strong></span> 
     </span>
    </p>
   </div>
   <div class='ocr_carea' id='block_1_24' title="bbox 291 1139 1078 1182">
    <p class='ocr_par' dir='ltr' id='par_1_24' title="bbox 291 1139 1078 1182">
     <span class='ocr_line' id='line_1_24' title="bbox 291 1139 1078 1182; baseline 0.008 -11"><span class='ocrx_word' id='word_1_161' title='bbox 291 1145 441 1172; x_wconf 77' lang='lat' dir='ltr'><strong>Jerusalem</strong></span> <span class='ocrx_word' id='word_1_162' title='bbox 467 1154 536 1174; x_wconf 89' lang='lat' dir='ltr'><strong>nova</strong></span> <span class='ocrx_word' id='word_1_163' title='bbox 561 1151 621 1178; x_wconf 84' lang='lat' dir='ltr'><strong>est;</strong></span> <span class='ocrx_word' id='word_1_164' title='bbox 645 1139 849 1182; x_wconf 77' lang='lat' dir='ltr'><strong>consequenter</strong></span> <span class='ocrx_word' id='word_1_165' title='bbox 869 1150 1025 1177; x_wconf 85' lang='lat' dir='ltr'><strong>sacerdotes</strong></span> <span class='ocrx_word' id='word_1_166' title='bbox 1051 1155 1078 1177; x_wconf 92' lang='lat' dir='ltr'><strong>et</strong></span> 
     </span>
    </p>
   </div>
   <div class='ocr_carea' id='block_1_25' title="bbox 292 1189 1076 1228">
    <p class='ocr_par' dir='ltr' id='par_1_25' title="bbox 292 1189 1076 1228">
     <span class='ocr_line' id='line_1_25' title="bbox 292 1189 1076 1228; baseline 0.006 -11"><span class='ocrx_word' id='word_1_167' title='bbox 292 1189 392 1218; x_wconf 64' lang='lat' dir='ltr'><strong>Levila</strong></span> <span class='ocrx_word' id='word_1_168' title='bbox 408 1191 470 1218; x_wconf 82' lang='grc' dir='ltr'><strong>ηονί</strong></span> <span class='ocrx_word' id='word_1_169' title='bbox 492 1196 582 1224; x_wconf 82' lang='lat' dir='ltr'><strong>erunt,</strong></span> <span class='ocrx_word' id='word_1_170' title='bbox 603 1199 688 1227; x_wconf 86' lang='lat' dir='ltr'><strong>quare</strong></span> <span class='ocrx_word' id='word_1_171' title='bbox 701 1193 825 1228; x_wconf 80' lang='lat' dir='ltr'><strong>superius</strong></span> <span class='ocrx_word' id='word_1_172' title='bbox 843 1194 973 1222; x_wconf 85' lang='lat' dir='ltr'><strong>dicebat:</strong></span> <span class='ocrx_word' id='word_1_173' title='bbox 991 1204 1000 1221; x_wconf 87' lang='grc'><strong><em>‹</em></strong></span> <span class='ocrx_word' id='word_1_174' title='bbox 1019 1195 1076 1222; x_wconf 84' lang='grc' dir='ltr'>Νοιι</span> 
     </span>
    </p>
   </div>
   <div class='ocr_carea' id='block_1_26' title="bbox 294 1237 1078 1272">
    <p class='ocr_par' dir='ltr' id='par_1_26' title="bbox 294 1237 1078 1272">
     <span class='ocr_line' id='line_1_26' title="bbox 294 1237 1078 1272; baseline 0.008 -9"><span class='ocrx_word' id='word_1_175' title='bbox 294 1237 507 1264; x_wconf 84' lang='lat' dir='ltr'><strong>recordabuntur</strong></span> <span class='ocrx_word' id='word_1_176' title='bbox 521 1238 652 1272; x_wconf 90' lang='lat' dir='ltr'><strong>priorum,</strong></span> <span class='ocrx_word' id='word_1_177' title='bbox 669 1243 697 1265; x_wconf 88' lang='lat' dir='ltr'><strong>et</strong></span> <span class='ocrx_word' id='word_1_178' title='bbox 713 1246 766 1265; x_wconf 91' lang='lat' dir='ltr'><strong>non</strong></span> <span class='ocrx_word' id='word_1_179' title='bbox 783 1240 912 1267; x_wconf 82' lang='lat' dir='ltr'><strong>ascendet</strong></span> <span class='ocrx_word' id='word_1_180' title='bbox 934 1241 960 1268; x_wconf 92' lang='lat' dir='ltr'><strong>in</strong></span> <span class='ocrx_word' id='word_1_181' title='bbox 974 1248 1022 1269; x_wconf 92' lang='lat' dir='ltr'><strong>cor</strong></span> <span class='ocrx_word' id='word_1_182' title='bbox 1036 1249 1078 1269; x_wconf 89' lang='lat' dir='ltr'><strong>eo-</strong></span> 
     </span>
    </p>
   </div>
   <div class='ocr_carea' id='block_1_27' title="bbox 293 1283 1079 1322">
    <p class='ocr_par' dir='ltr' id='par_1_27' title="bbox 293 1283 1079 1322">
     <span class='ocr_line' id='line_1_27' title="bbox 293 1283 1079 1322; baseline 0.005 -12"><span class='ocrx_word' id='word_1_183' title='bbox 293 1290 365 1310; x_wconf 87' lang='lat' dir='ltr'><strong>rum.</strong></span> <span class='ocrx_word' id='word_1_184' title='bbox 382 1292 392 1310; x_wconf 72' lang='grc' dir='ltr'>ι</span> <span class='ocrx_word' id='word_1_185' title='bbox 409 1283 500 1310; x_wconf 87' lang='lat' dir='ltr'><strong>Prima</strong></span> <span class='ocrx_word' id='word_1_186' title='bbox 516 1283 606 1318; x_wconf 86' lang='lat' dir='ltr'><strong>itaque</strong></span> <span class='ocrx_word' id='word_1_187' title='bbox 621 1291 675 1310; x_wconf 91' lang='lat' dir='ltr'><strong>non</strong></span> <span class='ocrx_word' id='word_1_188' title='bbox 691 1285 877 1319; x_wconf 83' lang='lat' dir='ltr'><strong>permanentia</strong></span> <span class='ocrx_word' id='word_1_189' title='bbox 897 1291 993 1319; x_wconf 89' lang='lat' dir='ltr'><strong>erant,</strong></span> <span class='ocrx_word' id='word_1_190' title='bbox 1014 1295 1079 1322; x_wconf 88' lang='lat' dir='ltr'><strong>qua-</strong></span> 
     </span>
    </p>
   </div>
   <div class='ocr_carea' id='block_1_28' title="bbox 292 1328 1074 1365">
    <p class='ocr_par' dir='ltr' id='par_1_28' title="bbox 292 1328 1074 1365">
     <span class='ocr_line' id='line_1_28' title="bbox 292 1328 1074 1365; baseline 0.006 -11"><span class='ocrx_word' id='word_1_191' title='bbox 292 1333 402 1364; x_wconf 86' lang='lat' dir='ltr'><strong>propter</strong></span> <span class='ocrx_word' id='word_1_192' title='bbox 416 1329 517 1356; x_wconf 87' lang='lat' dir='ltr'><strong>dictum</strong></span> <span class='ocrx_word' id='word_1_193' title='bbox 530 1333 581 1361; x_wconf 86' lang='lat' dir='ltr'><strong>est,</strong></span> <span class='ocrx_word' id='word_1_194' title='bbox 601 1337 610 1354; x_wconf 75' lang='grc' dir='ltr'><strong>ι</strong></span> <span class='ocrx_word' id='word_1_195' title='bbox 625 1328 728 1356; x_wconf 62' lang='lat' dir='ltr'><strong>Caelum</strong></span> <span class='ocrx_word' id='word_1_196' title='bbox 742 1335 770 1357; x_wconf 92' lang='lat' dir='ltr'><strong>et</strong></span> <span class='ocrx_word' id='word_1_197' title='bbox 792 1335 863 1357; x_wconf 86' lang='lat' dir='ltr'><strong>terra</strong></span> <span class='ocrx_word' id='word_1_198' title='bbox 877 1333 1046 1365; x_wconf 87' lang='lat' dir='ltr'><strong>transibunt;</strong></span> <span class='ocrx_word' id='word_1_199' title='bbox 1065 1343 1074 1359; x_wconf 72' lang='grc' dir='ltr'>ι</span> 
     </span>
    </p>
   </div>
   <div class='ocr_carea' id='block_1_29' title="bbox 292 1373 1077 1409">
    <p class='ocr_par' dir='ltr' id='par_1_29' title="bbox 292 1373 1077 1409">
     <span class='ocr_line' id='line_1_29' title="bbox 292 1373 1077 1409; baseline 0.006 -9"><span class='ocrx_word' id='word_1_200' title='bbox 292 1381 325 1401; x_wconf 80' lang='lat' dir='ltr'><strong>ac</strong></span> <span class='ocrx_word' id='word_1_201' title='bbox 345 1381 469 1407; x_wconf 79' lang='lat' dir='ltr'><strong>rursum,</strong></span> <span class='ocrx_word' id='word_1_202' title='bbox 496 1384 505 1400; x_wconf 80' lang='grc' dir='ltr'><strong>ι</strong></span> <span class='ocrx_word' id='word_1_203' title='bbox 529 1373 678 1402; x_wconf 86' lang='lat' dir='ltr'><strong>Plieabitur</strong></span> <span class='ocrx_word' id='word_1_204' title='bbox 701 1375 798 1402; x_wconf 68' lang='lat' dir='ltr'><strong>etelum</strong></span> <span class='ocrx_word' id='word_1_205' title='bbox 818 1381 846 1403; x_wconf 91' lang='lat' dir='ltr'><strong>ut</strong></span> <span class='ocrx_word' id='word_1_206' title='bbox 868 1377 946 1409; x_wconf 89' lang='lat' dir='ltr'><strong>liber,</strong></span> <span class='ocrx_word' id='word_1_207' title='bbox 972 1383 999 1404; x_wconf 86' lang='lat' dir='ltr'><strong>et</strong></span> <span class='ocrx_word' id='word_1_208' title='bbox 1015 1385 1077 1405; x_wconf 88' lang='lat' dir='ltr'><strong>cor-</strong></span> 
     </span>
    </p>
   </div>
   <div class='ocr_carea' id='block_1_30' title="bbox 292 1421 1075 1455">
    <p class='ocr_par' dir='ltr' id='par_1_30' title="bbox 292 1421 1075 1455">
     <span class='ocr_line' id='line_1_30' title="bbox 292 1421 1075 1455; baseline 0.005 -8"><span class='ocrx_word' id='word_1_209' title='bbox 292 1421 417 1455; x_wconf 84' lang='lat' dir='ltr'><strong>ruptione</strong></span> <span class='ocrx_word' id='word_1_210' title='bbox 436 1426 627 1455; x_wconf 90' lang='lat' dir='ltr'><strong>corrumpetur</strong></span> <span class='ocrx_word' id='word_1_211' title='bbox 650 1426 732 1450; x_wconf 85' lang='lat' dir='ltr'><strong>terra.</strong></span> <span class='ocrx_word' id='word_1_212' title='bbox 758 1431 768 1447; x_wconf 73' lang='grc' dir='ltr'>ι</span> <span class='ocrx_word' id='word_1_213' title='bbox 785 1422 879 1449; x_wconf 88' lang='lat' dir='ltr'><strong>Futuri</strong></span> <span class='ocrx_word' id='word_1_214' title='bbox 900 1430 962 1450; x_wconf 85' lang='lat' dir='ltr'><strong>vero</strong></span> <span class='ocrx_word' id='word_1_215' title='bbox 983 1424 1075 1451; x_wconf 71' lang='lat' dir='ltr'><strong>saeculi</strong></span> 
     </span>
    </p>
   </div>
   <div class='ocr_carea' id='block_1_31' title="bbox 292 1466 1077 1502">
    <p class='ocr_par' dir='ltr' id='par_1_31' title="bbox 292 1466 1077 1502">
     <span class='ocr_line' id='line_1_31' title="bbox 292 1466 1077 1502; baseline 0.005 -9"><span class='ocrx_word' id='word_1_216' title='bbox 292 1466 420 1500; x_wconf 67' lang='lat' dir='ltr'><strong>primitiae</strong></span> <span class='ocrx_word' id='word_1_217' title='bbox 442 1467 586 1500; x_wconf 88' lang='lat' dir='ltr'><strong>Christus;</strong></span> <span class='ocrx_word' id='word_1_218' title='bbox 601 1467 698 1495; x_wconf 87' lang='lat' dir='ltr'><strong>deinde</strong></span> <span class='ocrx_word' id='word_1_219' title='bbox 711 1467 757 1502; x_wconf 86' lang='lat' dir='ltr'><strong>qui</strong></span> <span class='ocrx_word' id='word_1_220' title='bbox 774 1468 876 1496; x_wconf 80' lang='lat' dir='ltr'><strong>Christi</strong></span> <span class='ocrx_word' id='word_1_221' title='bbox 900 1474 963 1497; x_wconf 88' lang='lat' dir='ltr'><strong>sunt</strong></span> <span class='ocrx_word' id='word_1_222' title='bbox 978 1470 1004 1497; x_wconf 93' lang='lat' dir='ltr'><strong>in</strong></span> <span class='ocrx_word' id='word_1_223' title='bbox 1028 1471 1077 1497; x_wconf 77' lang='lat' dir='ltr'><strong>ad-</strong></span> 
     </span>
    </p>
   </div>
   <div class='ocr_carea' id='block_1_32' title="bbox 293 1513 463 1546">
    <p class='ocr_par' dir='ltr' id='par_1_32' title="bbox 293 1513 463 1546">
     <span class='ocr_line' id='line_1_32' title="bbox 293 1513 463 1546; baseline 0.006 -7"><span class='ocrx_word' id='word_1_224' title='bbox 293 1517 373 1540; x_wconf 82' lang='lat' dir='ltr'><strong>ventu</strong></span> <span class='ocrx_word' id='word_1_225' title='bbox 395 1513 463 1546; x_wconf 88' lang='lat' dir='ltr'><strong>ejus.</strong></span> 
     </span>
    </p>
   </div>
   <div class='ocr_carea' id='block_1_33' title="bbox 328 1558 1109 1601">
    <p class='ocr_par' dir='ltr' id='par_1_33' title="bbox 328 1558 1109 1601">
     <span class='ocr_line' id='line_1_33' title="bbox 328 1558 1109 1601; baseline 0.008 -17"><span class='ocrx_word' id='word_1_226' title='bbox 328 1558 409 1585; x_wconf 72' lang='lat' dir='ltr'><strong>Vens.</strong></span> <span class='ocrx_word' id='word_1_227' title='bbox 423 1558 469 1585; x_wconf 78' lang='lat'><strong>‘23.</strong></span> <span class='ocrx_word' id='word_1_228' title='bbox 489 1567 499 1584; x_wconf 76' lang='grc' dir='ltr'><strong>ι</strong></span> <span class='ocrx_word' id='word_1_229' title='bbox 519 1558 550 1585; x_wconf 85' lang='lat' dir='ltr'><strong>Et</strong></span> <span class='ocrx_word' id='word_1_230' title='bbox 564 1559 615 1586; x_wconf 80' lang='lat' dir='ltr'><strong>erit</strong></span> <span class='ocrx_word' id='word_1_231' title='bbox 634 1559 735 1587; x_wconf 86' lang='lat' dir='ltr'><strong>mensis</strong></span> <span class='ocrx_word' id='word_1_232' title='bbox 758 1567 791 1587; x_wconf 82' lang='lat' dir='ltr'><strong>ex</strong></span> <span class='ocrx_word' id='word_1_233' title='bbox 810 1568 912 1593; x_wconf 90' lang='lat' dir='ltr'><strong>mense,</strong></span> <span class='ocrx_word' id='word_1_234' title='bbox 933 1566 960 1589; x_wconf 89' lang='lat' dir='ltr'><strong>et</strong></span> <span class='ocrx_word' id='word_1_235' title='bbox 978 1562 1074 1590; x_wconf 86' lang='lat' dir='ltr'><strong>sabba-</strong></span> <span class='ocrx_word' id='word_1_236' title='bbox 1089 1572 1109 1601; x_wconf 73' lang='grc' dir='ltr'>ο</span> 
     </span>
    </p>
   </div>
   <div class='ocr_carea' id='block_1_34' title="bbox 291 1604 1074 1635">
    <p class='ocr_par' dir='ltr' id='par_1_34' title="bbox 291 1604 1074 1635">
     <span class='ocr_line' id='line_1_34' title="bbox 291 1604 1074 1635; baseline 0.005 -4"><span class='ocrx_word' id='word_1_237' title='bbox 291 1609 348 1631; x_wconf 90' lang='lat' dir='ltr'><strong>tum</strong></span> <span class='ocrx_word' id='word_1_238' title='bbox 369 1611 401 1631; x_wconf 76' lang='lat' dir='ltr'><strong>ex</strong></span> <span class='ocrx_word' id='word_1_239' title='bbox 421 1604 544 1634; x_wconf 76' lang='lat' dir='ltr'><strong>sabbato.</strong></span> <span class='ocrx_word' id='word_1_240' title='bbox 562 1604 658 1632; x_wconf 78' lang='lat' dir='ltr'><strong>Veniet</strong></span> <span class='ocrx_word' id='word_1_241' title='bbox 673 1607 761 1633; x_wconf 85' lang='lat' dir='ltr'><strong>omnis</strong></span> <span class='ocrx_word' id='word_1_242' title='bbox 778 1614 844 1634; x_wconf 89' lang='lat' dir='ltr'><strong>caro</strong></span> <span class='ocrx_word' id='word_1_243' title='bbox 859 1607 892 1634; x_wconf 85' lang='lat' dir='ltr'><strong>ad</strong></span> <span class='ocrx_word' id='word_1_244' title='bbox 908 1607 1074 1635; x_wconf 79' lang='lat' dir='ltr'><strong>adorandum</strong></span> 
     </span>
    </p>
   </div>
   <div class='ocr_carea' id='block_1_35' title="bbox 291 1651 1073 1685">
    <p class='ocr_par' dir='ltr' id='par_1_35' title="bbox 291 1651 1073 1685">
     <span class='ocr_line' id='line_1_35' title="bbox 291 1651 1073 1685; baseline 0.004 -8"><span class='ocrx_word' id='word_1_245' title='bbox 291 1651 317 1677; x_wconf 89' lang='lat' dir='ltr'><strong>in</strong></span> <span class='ocrx_word' id='word_1_246' title='bbox 339 1656 486 1685; x_wconf 82' lang='lat' dir='ltr'><strong>conspectu</strong></span> <span class='ocrx_word' id='word_1_247' title='bbox 509 1659 569 1679; x_wconf 90' lang='lat' dir='ltr'><strong>meo</strong></span> <span class='ocrx_word' id='word_1_248' title='bbox 592 1653 617 1679; x_wconf 93' lang='lat' dir='ltr'><strong>in</strong></span> <span class='ocrx_word' id='word_1_249' title='bbox 640 1651 801 1683; x_wconf 77' lang='lat' dir='ltr'><strong>Jerusalem,</strong></span> <span class='ocrx_word' id='word_1_250' title='bbox 821 1653 886 1680; x_wconf 80' lang='lat' dir='ltr'><strong>dicit</strong></span> <span class='ocrx_word' id='word_1_251' title='bbox 907 1652 1047 1680; x_wconf 89' lang='lat' dir='ltr'><strong>Dominus.</strong></span> <span class='ocrx_word' id='word_1_252' title='bbox 1062 1663 1073 1680; x_wconf 73' lang='grc' dir='ltr'><strong>ι</strong></span> 
     </span>
    </p>
   </div>
   <div class='ocr_carea' id='block_1_36' title="bbox 292 1695 1077 1728">
    <p class='ocr_par' dir='ltr' id='par_1_36' title="bbox 292 1695 1077 1728">
     <span class='ocr_line' id='line_1_36' title="bbox 292 1695 1077 1728; baseline 0.001 -5"><span class='ocrx_word' id='word_1_253' title='bbox 292 1695 440 1723; x_wconf 80' lang='lat' dir='ltr'><strong>Sabbatum</strong></span> <span class='ocrx_word' id='word_1_254' title='bbox 473 1700 563 1723; x_wconf 87' lang='lat' dir='ltr'><strong>autem</strong></span> <span class='ocrx_word' id='word_1_255' title='bbox 589 1696 688 1723; x_wconf 85' lang='lat' dir='ltr'><strong>Christi</strong></span> <span class='ocrx_word' id='word_1_256' title='bbox 715 1697 884 1728; x_wconf 71' lang='lat' dir='ltr'><strong>intelligendi</strong></span> <span class='ocrx_word' id='word_1_257' title='bbox 911 1704 986 1724; x_wconf 88' lang='lat' dir='ltr'><strong>more</strong></span> <span class='ocrx_word' id='word_1_258' title='bbox 1012 1704 1077 1724; x_wconf 88' lang='lat' dir='ltr'><strong>con-</strong></span> 
     </span>
    </p>
   </div>
   <div class='ocr_carea' id='block_1_37' title="bbox 289 1741 1077 1775">
    <p class='ocr_par' dir='ltr' id='par_1_37' title="bbox 289 1741 1077 1775">
     <span class='ocr_line' id='line_1_37' title="bbox 289 1741 1077 1775; baseline 0.004 -8"><span class='ocrx_word' id='word_1_259' title='bbox 289 1745 418 1775; x_wconf 74' lang='lat' dir='ltr'><strong>gruenter</strong></span> <span class='ocrx_word' id='word_1_260' title='bbox 438 1741 558 1775; x_wconf 86' lang='lat' dir='ltr'><strong>accipias</strong></span> <span class='ocrx_word' id='word_1_261' title='bbox 578 1749 628 1775; x_wconf 81' lang='lat' dir='ltr'><strong>pro</strong></span> <span class='ocrx_word' id='word_1_262' title='bbox 644 1741 869 1769; x_wconf 85' lang='lat' dir='ltr'><strong>soleumitatibus</strong></span> <span class='ocrx_word' id='word_1_263' title='bbox 897 1742 923 1769; x_wconf 88' lang='lat' dir='ltr'><strong>in</strong></span> <span class='ocrx_word' id='word_1_264' title='bbox 945 1742 1013 1770; x_wconf 57' lang='lat' dir='ltr'><strong>caelo</strong></span> <span class='ocrx_word' id='word_1_265' title='bbox 1031 1750 1077 1770; x_wconf 87' lang='lat' dir='ltr'><strong>ce-</strong></span> 
     </span>
    </p>
   </div>
   <div class='ocr_carea' id='block_1_38' title="bbox 290 1785 1074 1822">
    <p class='ocr_par' dir='ltr' id='par_1_38' title="bbox 290 1785 1074 1822">
     <span class='ocr_line' id='line_1_38' title="bbox 290 1785 1074 1822; baseline 0.005 -10"><span class='ocrx_word' id='word_1_266' title='bbox 290 1785 411 1819; x_wconf 79' lang='lat' dir='ltr'><strong>lcbt‘atis.</strong></span> <span class='ocrx_word' id='word_1_267' title='bbox 436 1791 464 1814; x_wconf 92' lang='lat' dir='ltr'><strong>et</strong></span> <span class='ocrx_word' id='word_1_268' title='bbox 486 1795 535 1822; x_wconf 90' lang='lat' dir='ltr'><strong>pro</strong></span> <span class='ocrx_word' id='word_1_269' title='bbox 556 1788 626 1815; x_wconf 85' lang='lat' dir='ltr'><strong>veris</strong></span> <span class='ocrx_word' id='word_1_270' title='bbox 650 1787 705 1815; x_wconf 92' lang='lat' dir='ltr'><strong>illic</strong></span> <span class='ocrx_word' id='word_1_271' title='bbox 731 1788 852 1816; x_wconf 85' lang='lat' dir='ltr'><strong>sabbatis</strong></span> <span class='ocrx_word' id='word_1_272' title='bbox 874 1788 901 1815; x_wconf 89' lang='lat' dir='ltr'><strong>in</strong></span> <span class='ocrx_word' id='word_1_273' title='bbox 926 1789 1074 1822; x_wconf 86' lang='lat' dir='ltr'><strong>mensibus,</strong></span> 
     </span>
    </p>
   </div>
   <div class='ocr_carea' id='block_1_39' title="bbox 290 1833 1074 1869">
    <p class='ocr_par' dir='ltr' id='par_1_39' title="bbox 290 1833 1074 1869">
     <span class='ocr_line' id='line_1_39' title="bbox 290 1833 1074 1869; baseline 0.004 -10"><span class='ocrx_word' id='word_1_274' title='bbox 290 1837 319 1859; x_wconf 90' lang='lat' dir='ltr'><strong>ut</strong></span> <span class='ocrx_word' id='word_1_275' title='bbox 337 1833 374 1860; x_wconf 81' lang='lat' dir='ltr'><strong>ibi</strong></span> <span class='ocrx_word' id='word_1_276' title='bbox 396 1841 444 1860; x_wconf 90' lang='lat' dir='ltr'><strong>usu</strong></span> <span class='ocrx_word' id='word_1_277' title='bbox 461 1834 585 1865; x_wconf 81' lang='lat' dir='ltr'><strong>veniunt.</strong></span> <span class='ocrx_word' id='word_1_278' title='bbox 605 1834 787 1861; x_wconf 85' lang='lat' dir='ltr'><strong>celebrandis.</strong></span> <span class='ocrx_word' id='word_1_279' title='bbox 815 1834 852 1861; x_wconf 89' lang='lat' dir='ltr'><strong>De</strong></span> <span class='ocrx_word' id='word_1_280' title='bbox 870 1834 967 1869; x_wconf 87' lang='lat' dir='ltr'><strong>quibus</strong></span> <span class='ocrx_word' id='word_1_281' title='bbox 990 1835 1074 1868; x_wconf 87' lang='lat' dir='ltr'><strong>proli-</strong></span> 
     </span>
    </p>
   </div>
   <div class='ocr_carea' id='block_1_40' title="bbox 289 1879 1074 1914">
    <p class='ocr_par' dir='ltr' id='par_1_40' title="bbox 289 1879 1074 1914">
     <span class='ocr_line' id='line_1_40' title="bbox 289 1879 1074 1914; baseline 0 -9"><span class='ocrx_word' id='word_1_282' title='bbox 289 1885 339 1905; x_wconf 73' lang='lat' dir='ltr'><strong>xus</strong></span> <span class='ocrx_word' id='word_1_283' title='bbox 361 1883 388 1906; x_wconf 87' lang='lat' dir='ltr'><strong>et</strong></span> <span class='ocrx_word' id='word_1_284' title='bbox 407 1879 542 1914; x_wconf 79' lang='lat' dir='ltr'><strong>explicato</strong></span> <span class='ocrx_word' id='word_1_285' title='bbox 558 1879 674 1907; x_wconf 80' lang='lat' dir='ltr'><strong>dillicilis</strong></span> <span class='ocrx_word' id='word_1_286' title='bbox 693 1887 783 1907; x_wconf 88' lang='lat' dir='ltr'><strong>sermo</strong></span> <span class='ocrx_word' id='word_1_287' title='bbox 796 1880 980 1907; x_wconf 85' lang='lat' dir='ltr'><strong>instituendus</strong></span> <span class='ocrx_word' id='word_1_288' title='bbox 991 1885 1074 1913; x_wconf 85' lang='lat' dir='ltr'><strong>esset,</strong></span> 
     </span>
    </p>
   </div>
   <div class='ocr_carea' id='block_1_41' title="bbox 289 1925 1073 1962">
    <p class='ocr_par' dir='ltr' id='par_1_41' title="bbox 289 1925 1073 1962">
     <span class='ocr_line' id='line_1_41' title="bbox 289 1925 1073 1962; baseline 0.004 -11"><span class='ocrx_word' id='word_1_289' title='bbox 289 1925 335 1960; x_wconf 93' lang='lat' dir='ltr'><strong>qui</strong></span> <span class='ocrx_word' id='word_1_290' title='bbox 355 1925 435 1960; x_wconf 82' lang='lat' dir='ltr'><strong>longo</strong></span> <span class='ocrx_word' id='word_1_291' title='bbox 454 1927 510 1954; x_wconf 92' lang='lat' dir='ltr'><strong>otio</strong></span> <span class='ocrx_word' id='word_1_292' title='bbox 525 1931 551 1953; x_wconf 91' lang='lat' dir='ltr'><strong>ct</strong></span> <span class='ocrx_word' id='word_1_293' title='bbox 567 1927 678 1961; x_wconf 89' lang='lat' dir='ltr'><strong>proprio</strong></span> <span class='ocrx_word' id='word_1_294' title='bbox 690 1931 850 1962; x_wconf 77' lang='lat' dir='ltr'><strong>argumento</strong></span> <span class='ocrx_word' id='word_1_295' title='bbox 869 1934 937 1962; x_wconf 83' lang='lat' dir='ltr'><strong>opus</strong></span> <span class='ocrx_word' id='word_1_296' title='bbox 952 1927 1073 1954; x_wconf 86' lang='lat' dir='ltr'><strong>haberet.</strong></span> 
     </span>
    </p>
   </div>
   <div class='ocr_carea' id='block_1_42' title="bbox 290 1970 1073 2006">
    <p class='ocr_par' dir='ltr' id='par_1_42' title="bbox 290 1970 1073 2006">
     <span class='ocr_line' id='line_1_42' title="bbox 290 1970 1073 2006; baseline 0.001 -9"><span class='ocrx_word' id='word_1_297' title='bbox 290 1970 407 1998; x_wconf 83' lang='lat' dir='ltr'><strong>Carnem</strong></span> <span class='ocrx_word' id='word_1_298' title='bbox 427 1975 516 1998; x_wconf 88' lang='lat' dir='ltr'><strong>autem</strong></span> <span class='ocrx_word' id='word_1_299' title='bbox 536 1978 643 1998; x_wconf 88' lang='lat' dir='ltr'><strong>omnem</strong></span> <span class='ocrx_word' id='word_1_300' title='bbox 671 1976 752 1998; x_wconf 88' lang='lat' dir='ltr'><strong>vocat</strong></span> <span class='ocrx_word' id='word_1_301' title='bbox 780 1978 874 1999; x_wconf 88' lang='lat' dir='ltr'><strong>omnes</strong></span> <span class='ocrx_word' id='word_1_302' title='bbox 899 1976 1010 2006; x_wconf 83' lang='lat' dir='ltr'><strong>gentes;</strong></span> <span class='ocrx_word' id='word_1_303' title='bbox 1037 1971 1073 1998; x_wconf 88' lang='lat' dir='ltr'><strong>ita</strong></span> 
     </span>
    </p>
   </div>
   <div class='ocr_carea' id='block_1_43' title="bbox 289 2015 1073 2050">
    <p class='ocr_par' dir='ltr' id='par_1_43' title="bbox 289 2015 1073 2050">
     <span class='ocr_line' id='line_1_43' title="bbox 289 2015 1073 2050; baseline 0.003 -8"><span class='ocrx_word' id='word_1_304' title='bbox 289 2015 361 2043; x_wconf 85' lang='lat' dir='ltr'><strong>enim</strong></span> <span class='ocrx_word' id='word_1_305' title='bbox 384 2016 509 2050; x_wconf 82' lang='lat' dir='ltr'><strong>superius</strong></span> <span class='ocrx_word' id='word_1_306' title='bbox 534 2016 686 2049; x_wconf 84' lang='lat' dir='ltr'><strong>dicebatur,</strong></span> <span class='ocrx_word' id='word_1_307' title='bbox 709 2025 719 2042; x_wconf 74' lang='grc' dir='ltr'>ι</span> <span class='ocrx_word' id='word_1_308' title='bbox 744 2015 852 2044; x_wconf 85' lang='lat' dir='ltr'><strong>Videbit</strong></span> <span class='ocrx_word' id='word_1_309' title='bbox 878 2022 968 2044; x_wconf 88' lang='lat' dir='ltr'><strong>autem</strong></span> <span class='ocrx_word' id='word_1_310' title='bbox 985 2017 1073 2045; x_wconf 88' lang='lat' dir='ltr'><strong>omnis</strong></span> 
     </span>
    </p>
   </div>
   <div class='ocr_carea' id='block_1_44' title="bbox 289 2061 1073 2096">
    <p class='ocr_par' dir='ltr' id='par_1_44' title="bbox 289 2061 1073 2096">
     <span class='ocr_line' id='line_1_44' title="bbox 289 2061 1073 2096; baseline 0 -8"><span class='ocrx_word' id='word_1_311' title='bbox 289 2068 355 2088; x_wconf 70' lang='lat' dir='ltr'><strong>caro</strong></span> <span class='ocrx_word' id='word_1_312' title='bbox 372 2061 495 2088; x_wconf 82' lang='lat' dir='ltr'><strong>Salutare</strong></span> <span class='ocrx_word' id='word_1_313' title='bbox 512 2062 558 2089; x_wconf 88' lang='lat' dir='ltr'><strong>Dei</strong></span> <span class='ocrx_word' id='word_1_314' title='bbox 571 2070 578 2092; x_wconf 84' lang='grc'>;</span> <span class='ocrx_word' id='word_1_315' title='bbox 593 2066 619 2088; x_wconf 88' lang='lat' dir='ltr'><strong>el</strong></span> <span class='ocrx_word' id='word_1_316' title='bbox 636 2061 716 2095; x_wconf 88' lang='lat' dir='ltr'><strong>alibi,</strong></span> <span class='ocrx_word' id='word_1_317' title='bbox 737 2071 746 2087; x_wconf 80' lang='grc' dir='ltr'>ι</span> <span class='ocrx_word' id='word_1_318' title='bbox 762 2061 904 2089; x_wconf 84' lang='lat' dir='ltr'><strong>Eﬂundam</strong></span> <span class='ocrx_word' id='word_1_319' title='bbox 921 2063 953 2089; x_wconf 91' lang='lat' dir='ltr'><strong>de</strong></span> <span class='ocrx_word' id='word_1_320' title='bbox 971 2061 1073 2096; x_wconf 86' lang='lat' dir='ltr'><strong>Spiritu</strong></span> 
     </span>
    </p>
   </div>
   <div class='ocr_carea' id='block_1_45' title="bbox 289 2107 1071 2142">
    <p class='ocr_par' dir='ltr' id='par_1_45' title="bbox 289 2107 1071 2142">
     <span class='ocr_line' id='line_1_45' title="bbox 289 2107 1071 2142; baseline 0 -8"><span class='ocrx_word' id='word_1_321' title='bbox 289 2114 350 2134; x_wconf 88' lang='lat' dir='ltr'><strong>meo</strong></span> <span class='ocrx_word' id='word_1_322' title='bbox 364 2113 444 2141; x_wconf 85' lang='lat' dir='ltr'><strong>super</strong></span> <span class='ocrx_word' id='word_1_323' title='bbox 460 2113 566 2134; x_wconf 87' lang='lat' dir='ltr'><strong>omnem</strong></span> <span class='ocrx_word' id='word_1_324' title='bbox 581 2114 701 2139; x_wconf 82' lang='lat' dir='ltr'><strong>carnem,</strong></span> <span class='ocrx_word' id='word_1_325' title='bbox 727 2112 753 2134; x_wconf 89' lang='lat' dir='ltr'><strong>et</strong></span> <span class='ocrx_word' id='word_1_326' title='bbox 768 2107 971 2142; x_wconf 82' lang='lat' dir='ltr'><strong>prophetabunt</strong></span> <span class='ocrx_word' id='word_1_327' title='bbox 985 2107 1010 2134; x_wconf 88' lang='lat' dir='ltr'><strong>in</strong></span> <span class='ocrx_word' id='word_1_328' title='bbox 1026 2107 1071 2134; x_wconf 80' lang='lat' dir='ltr'><strong>Je-</strong></span> 
     </span>
    </p>
   </div>
   <div class='ocr_carea' id='block_1_46' title="bbox 287 2151 1071 2189">
    <p class='ocr_par' dir='ltr' id='par_1_46' title="bbox 287 2151 1071 2189">
     <span class='ocr_line' id='line_1_46' title="bbox 287 2151 1071 2189; baseline 0.003 -9"><span class='ocrx_word' id='word_1_329' title='bbox 287 2153 418 2180; x_wconf 84' lang='lat' dir='ltr'><strong>rusalem.</strong></span> <span class='ocrx_word' id='word_1_330' title='bbox 450 2161 460 2178; x_wconf 76' lang='grc'><strong>»</strong></span> <span class='ocrx_word' id='word_1_331' title='bbox 485 2151 628 2180; x_wconf 72' lang='lat' dir='ltr'><strong>Ctelestem</strong></span> <span class='ocrx_word' id='word_1_332' title='bbox 661 2153 762 2180; x_wconf 83' lang='lat' dir='ltr'><strong>indicat</strong></span> <span class='ocrx_word' id='word_1_333' title='bbox 784 2152 1000 2189; x_wconf 77' lang='lat' dir='ltr'><strong>Jerosolymam,</strong></span> <span class='ocrx_word' id='word_1_334' title='bbox 1026 2154 1071 2182; x_wconf 90' lang='lat' dir='ltr'><strong>ubi</strong></span> 
     </span>
    </p>
   </div>
   <div class='ocr_carea' id='block_1_47' title="bbox 288 2197 834 2232">
    <p class='ocr_par' dir='ltr' id='par_1_47' title="bbox 288 2197 834 2232">
     <span class='ocr_line' id='line_1_47' title="bbox 288 2197 834 2232; baseline 0 -7"><span class='ocrx_word' id='word_1_335' title='bbox 288 2197 439 2226; x_wconf 80' lang='lat' dir='ltr'><strong>Salvatoris</strong></span> <span class='ocrx_word' id='word_1_336' title='bbox 459 2197 543 2224; x_wconf 86' lang='lat' dir='ltr'><strong>nostri</strong></span> <span class='ocrx_word' id='word_1_337' title='bbox 563 2204 673 2232; x_wconf 77' lang='lat' dir='ltr'><strong>regnum</strong></span> <span class='ocrx_word' id='word_1_338' title='bbox 693 2199 834 2225; x_wconf 87' lang='lat' dir='ltr'><strong>consistet.</strong></span> 
     </span>
    </p>
   </div>
   <div class='ocr_carea' id='block_1_48' title="bbox 1134 266 1917 302">
    <p class='ocr_par' dir='ltr' id='par_1_48' title="bbox 1134 266 1917 302">
     <span class='ocr_line' id='line_1_48' title="bbox 1134 266 1917 302; baseline 0.001 -10"><span class='ocrx_word' id='word_1_339' title='bbox 1134 266 1198 298; x_wconf 74' lang='lat' dir='ltr'><strong>xei);</strong></span> <span class='ocrx_word' id='word_1_340' title='bbox 1212 266 1258 292; x_wconf 78' lang='grc' dir='ltr'><strong>καὶ</strong></span> <span class='ocrx_word' id='word_1_341' title='bbox 1274 266 1384 302; x_wconf 73' lang='grc' dir='ltr'>ἅρματά</span> <span class='ocrx_word' id='word_1_342' title='bbox 1402 275 1462 292; x_wconf 88' lang='grc' dir='ltr'>τινα</span> <span class='ocrx_word' id='word_1_343' title='bbox 1477 266 1627 301; x_wconf 69' lang='grc' dir='ltr'>διαγράψας</span> <span class='ocrx_word' id='word_1_344' title='bbox 1641 267 1655 292; x_wconf 81' lang='grc' dir='ltr'>ὁ</span> <span class='ocrx_word' id='word_1_345' title='bbox 1668 266 1756 300; x_wconf 71' lang='grc' dir='ltr'>λόγος,</span> <span class='ocrx_word' id='word_1_346' title='bbox 1771 267 1917 301; x_wconf 76' lang='grc' dir='ltr'>ἀγγελικὰς</span> 
     </span>
    </p>
   </div>
   <div class='ocr_carea' id='block_1_49' title="bbox 1133 312 1917 348">
    <p class='ocr_par' dir='ltr' id='par_1_49' title="bbox 1133 312 1917 348">
     <span class='ocr_line' id='line_1_49' title="bbox 1133 312 1917 348; baseline 0.003 -10"><span class='ocrx_word' id='word_1_347' title='bbox 1133 312 1253 347; x_wconf 77' lang='grc' dir='ltr'>ᾐνίττετο</span> <span class='ocrx_word' id='word_1_348' title='bbox 1269 312 1406 347; x_wconf 75' lang='grc' dir='ltr'>δυνάμεις.</span> <span class='ocrx_word' id='word_1_349' title='bbox 1427 313 1575 348; x_wconf 83' lang='grc' dir='ltr'>Λαμπῆναι</span> <span class='ocrx_word' id='word_1_350' title='bbox 1596 312 1624 338; x_wconf 88' lang='grc' dir='ltr'>δὲ</span> <span class='ocrx_word' id='word_1_351' title='bbox 1643 313 1762 347; x_wconf 77' lang='grc' dir='ltr'><strong>ἡμιόνων</strong></span> <span class='ocrx_word' id='word_1_352' title='bbox 1776 313 1917 348; x_wconf 84' lang='grc' dir='ltr'>σημαίνειν</span> 
     </span>
    </p>
   </div>
   <div class='ocr_carea' id='block_1_50' title="bbox 1133 356 1917 394">
    <p class='ocr_par' dir='ltr' id='par_1_50' title="bbox 1133 356 1917 394">
     <span class='ocr_line' id='line_1_50' title="bbox 1133 356 1917 394; baseline 0.003 -10"><span class='ocrx_word' id='word_1_353' title='bbox 1133 358 1236 385; x_wconf 83' lang='grc' dir='ltr'>ἐοίκασι</span> <span class='ocrx_word' id='word_1_354' title='bbox 1247 358 1281 384; x_wconf 78' lang='grc' dir='ltr'>τὰ</span> <span class='ocrx_word' id='word_1_355' title='bbox 1294 358 1342 392; x_wconf 85' lang='grc' dir='ltr'>τῆς</span> <span class='ocrx_word' id='word_1_356' title='bbox 1357 358 1531 389; x_wconf 73' lang='grc' dir='ltr'><strong>ἀναστάσεως</strong></span> <span class='ocrx_word' id='word_1_357' title='bbox 1544 357 1668 393; x_wconf 80' lang='grc' dir='ltr'>σώματα,</span> <span class='ocrx_word' id='word_1_358' title='bbox 1683 356 1723 390; x_wconf 71' lang='grc' dir='ltr'>οἷς</span> <span class='ocrx_word' id='word_1_359' title='bbox 1736 359 1917 394; x_wconf 80' lang='grc' dir='ltr'>ἐποχούμεναι</span> 
     </span>
    </p>
   </div>
   <div class='ocr_carea' id='block_1_51' title="bbox 1132 404 1915 440">
    <p class='ocr_par' dir='ltr' id='par_1_51' title="bbox 1132 404 1915 440">
     <span class='ocr_line' id='line_1_51' title="bbox 1132 404 1915 440; baseline 0.001 -10"><span class='ocrx_word' id='word_1_360' title='bbox 1132 405 1160 430; x_wconf 83' lang='grc' dir='ltr'>αἱ</span> <span class='ocrx_word' id='word_1_361' title='bbox 1176 404 1260 439; x_wconf 74' lang='grc' dir='ltr'>ψυχαὶ</span> <span class='ocrx_word' id='word_1_362' title='bbox 1280 405 1318 436; x_wconf 73' lang='grc' dir='ltr'><strong>εἰς</strong></span> <span class='ocrx_word' id='word_1_363' title='bbox 1339 404 1387 439; x_wconf 83' lang='grc' dir='ltr'><strong>τὴν</strong></span> <span class='ocrx_word' id='word_1_364' title='bbox 1403 405 1563 440; x_wconf 75' lang='grc' dir='ltr'><strong>ἐπουράνιον</strong></span> <span class='ocrx_word' id='word_1_365' title='bbox 1584 405 1816 440; x_wconf 78' lang='grc' dir='ltr'>ἀναληφθήσονται</span> <span class='ocrx_word' id='word_1_366' title='bbox 1831 405 1915 432; x_wconf 80' lang='grc' dir='ltr'>πόλιν.</span> 
     </span>
    </p>
   </div>
   <div class='ocr_carea' id='block_1_52' title="bbox 1132 444 1917 487">
    <p class='ocr_par' dir='ltr' id='par_1_52' title="bbox 1132 444 1917 487">
     <span class='ocr_line' id='line_1_52' title="bbox 1132 444 1917 487; baseline 0.001 -10"><span class='ocrx_word' id='word_1_367' title='bbox 1132 444 1169 477; x_wconf 72' lang='grc' dir='ltr'><strong>Εὖ</strong></span> <span class='ocrx_word' id='word_1_368' title='bbox 1184 451 1212 477; x_wconf 78' lang='grc' dir='ltr'><strong>δὲ</strong></span> <span class='ocrx_word' id='word_1_369' title='bbox 1225 451 1331 486; x_wconf 76' lang='grc' dir='ltr'>εἴρηται</span> <span class='ocrx_word' id='word_1_370' title='bbox 1343 450 1482 485; x_wconf 81' lang='grc' dir='ltr'>λαμπῆναι</span> <span class='ocrx_word' id='word_1_371' title='bbox 1497 450 1540 477; x_wconf 80' lang='grc' dir='ltr'>διὰ</span> <span class='ocrx_word' id='word_1_372' title='bbox 1553 451 1602 487; x_wconf 79' lang='grc' dir='ltr'><strong>τήν</strong></span> <span class='ocrx_word' id='word_1_373' title='bbox 1622 450 1814 486; x_wconf 74' lang='grc' dir='ltr'>ἐκλάμπουσαν</span> <span class='ocrx_word' id='word_1_374' title='bbox 1827 451 1917 484; x_wconf 70' lang='grc' dir='ltr'>αὐτοῖς</span> 
     </span>
    </p>
   </div>
   <div class='ocr_carea' id='block_1_53' title="bbox 1132 497 1221 529">
    <p class='ocr_par' dir='ltr' id='par_1_53' title="bbox 1132 497 1221 529">
     <span class='ocr_line' id='line_1_53' title="bbox 1132 497 1221 529; baseline 0 -6"><span class='ocrx_word' id='word_1_375' title='bbox 1132 497 1221 529; x_wconf 79' lang='grc' dir='ltr'><strong>δόξαν.</strong></span> 
     </span>
    </p>
   </div>
   <div class='ocr_carea' id='block_1_54' title="bbox 1169 542 1918 578">
    <p class='ocr_par' dir='ltr' id='par_1_54' title="bbox 1169 542 1918 578">
     <span class='ocr_line' id='line_1_54' title="bbox 1169 542 1918 578; baseline 0.003 -10"><span class='ocrx_word' id='word_1_376' title='bbox 1169 553 1177 568; x_wconf 83' lang='grc' dir='ltr'><strong>ι</strong></span> <span class='ocrx_word' id='word_1_377' title='bbox 1201 543 1243 574; x_wconf 81' lang='grc' dir='ltr'>Ὠς</span> <span class='ocrx_word' id='word_1_378' title='bbox 1257 542 1452 576; x_wconf 81' lang='grc' dir='ltr'>ἀνενέγκαισαν</span> <span class='ocrx_word' id='word_1_379' title='bbox 1466 543 1489 568; x_wconf 84' lang='grc' dir='ltr'>οἱ</span> <span class='ocrx_word' id='word_1_380' title='bbox 1502 543 1556 569; x_wconf 68' lang='grc' dir='ltr'>υἱοὶ</span> <span class='ocrx_word' id='word_1_381' title='bbox 1575 542 1680 578; x_wconf 80' lang='grc' dir='ltr'>Ἰσραὴλ</span> <span class='ocrx_word' id='word_1_382' title='bbox 1696 543 1744 575; x_wconf 75' lang='grc' dir='ltr'>τὰς</span> <span class='ocrx_word' id='word_1_383' title='bbox 1758 543 1855 575; x_wconf 85' lang='grc' dir='ltr'>θυσίας</span> <span class='ocrx_word' id='word_1_384' title='bbox 1870 543 1918 570; x_wconf 83' lang='grc' dir='ltr'>αύ-</span> 
     </span>
    </p>
   </div>
   <div class='ocr_carea' id='block_1_55' title="bbox 1131 589 1917 625">
    <p class='ocr_par' dir='ltr' id='par_1_55' title="bbox 1131 589 1917 625">
     <span class='ocr_line' id='line_1_55' title="bbox 1131 589 1917 625; baseline 0 -9"><span class='ocrx_word' id='word_1_385' title='bbox 1131 589 1185 616; x_wconf 81' lang='grc' dir='ltr'><strong>τῶν</strong></span> <span class='ocrx_word' id='word_1_386' title='bbox 1212 589 1273 624; x_wconf 74' lang='grc' dir='ltr'>ἐμοὶ</span> <span class='ocrx_word' id='word_1_387' title='bbox 1298 589 1366 624; x_wconf 74' lang='grc' dir='ltr'>μετὰ</span> <span class='ocrx_word' id='word_1_388' title='bbox 1387 589 1520 624; x_wconf 71' lang='grc' dir='ltr'>ψαλμῶν*</span> <span class='ocrx_word' id='word_1_389' title='bbox 1543 589 1590 616; x_wconf 77' lang='grc' dir='ltr'><strong>καὶ</strong></span> <span class='ocrx_word' id='word_1_390' title='bbox 1613 590 1661 616; x_wconf 81' lang='grc' dir='ltr'><strong>ἀπ’</strong></span> <span class='ocrx_word' id='word_1_391' title='bbox 1683 589 1772 616; x_wconf 82' lang='grc' dir='ltr'>αὐτῶν</span> <span class='ocrx_word' id='word_1_392' title='bbox 1795 590 1917 625; x_wconf 68' lang='grc' dir='ltr'>λήψομαι</span> 
     </span>
    </p>
   </div>
   <div class='ocr_carea' id='block_1_56' title="bbox 1133 633 1915 671">
    <p class='ocr_par' dir='ltr' id='par_1_56' title="bbox 1133 633 1915 671">
     <span class='ocr_line' id='line_1_56' title="bbox 1133 633 1915 671; baseline 0.001 -10"><span class='ocrx_word' id='word_1_393' title='bbox 1133 636 1214 671; x_wconf 77' lang='grc' dir='ltr'>ἱερεῖς</span> <span class='ocrx_word' id='word_1_394' title='bbox 1229 635 1275 662; x_wconf 79' lang='grc' dir='ltr'><strong>καὶ</strong></span> <span class='ocrx_word' id='word_1_395' title='bbox 1290 635 1415 668; x_wconf 84' lang='grc' dir='ltr'><strong>Λευίτας,</strong></span> <span class='ocrx_word' id='word_1_396' title='bbox 1433 633 1493 661; x_wconf 79' lang='grc' dir='ltr'>εἷπε</span> <span class='ocrx_word' id='word_1_397' title='bbox 1509 635 1620 670; x_wconf 84' lang='grc' dir='ltr'>Κύριος.</span> <span class='ocrx_word' id='word_1_398' title='bbox 1641 645 1650 661; x_wconf 71' lang='grc' dir='ltr'>ι</span> <span class='ocrx_word' id='word_1_399' title='bbox 1668 635 1774 671; x_wconf 80' lang='grc' dir='ltr'>’Ὠσπερ</span> <span class='ocrx_word' id='word_1_400' title='bbox 1787 633 1833 662; x_wconf 79' lang='grc' dir='ltr'><strong>οὖν</strong></span> <span class='ocrx_word' id='word_1_401' title='bbox 1855 636 1915 662; x_wconf 73' lang='grc' dir='ltr'>τότε</span> 
     </span>
    </p>
   </div>
   <div class='ocr_carea' id='block_1_57' title="bbox 1132 681 1913 719">
    <p class='ocr_par' dir='ltr' id='par_1_57' title="bbox 1132 681 1913 719">
     <span class='ocr_line' id='line_1_57' title="bbox 1132 681 1913 719; baseline 0.001 -11"><span class='ocrx_word' id='word_1_402' title='bbox 1132 682 1201 708; x_wconf 78' lang='grc' dir='ltr'>κατὰ</span> <span class='ocrx_word' id='word_1_403' title='bbox 1215 681 1260 708; x_wconf 77' lang='grc' dir='ltr'><strong>τὸν</strong></span> <span class='ocrx_word' id='word_1_404' title='bbox 1276 681 1431 717; x_wconf 71' lang='grc' dir='ltr'>σωματικὸν</span> <span class='ocrx_word' id='word_1_405' title='bbox 1449 682 1530 716; x_wconf 87' lang='grc' dir='ltr'>νόμον</span> <span class='ocrx_word' id='word_1_406' title='bbox 1550 682 1597 708; x_wconf 83' lang='grc' dir='ltr'><strong>ἐπὶ</strong></span> <span class='ocrx_word' id='word_1_407' title='bbox 1616 682 1665 717; x_wconf 78' lang='grc' dir='ltr'><strong>τῆς</strong></span> <span class='ocrx_word' id='word_1_408' title='bbox 1682 682 1802 716; x_wconf 76' lang='grc' dir='ltr'><strong>ἐπιγείου</strong></span> <span class='ocrx_word' id='word_1_409' title='bbox 1822 683 1913 719; x_wconf 79' lang='grc' dir='ltr'>Ἰερου-</span> 
     </span>
    </p>
   </div>
   <div class='ocr_carea' id='block_1_58' title="bbox 1132 727 1912 764">
    <p class='ocr_par' dir='ltr' id='par_1_58' title="bbox 1132 727 1912 764">
     <span class='ocr_line' id='line_1_58' title="bbox 1132 727 1912 764; baseline 0.003 -11"><span class='ocrx_word' id='word_1_410' title='bbox 1132 727 1221 762; x_wconf 86' lang='grc' dir='ltr'>σαλὴμ</span> <span class='ocrx_word' id='word_1_411' title='bbox 1233 727 1307 754; x_wconf 76' lang='grc' dir='ltr'>ταῦτ’</span> <span class='ocrx_word' id='word_1_412' title='bbox 1324 727 1456 762; x_wconf 69' lang='grc' dir='ltr'>ἔπραττον</span> <span class='ocrx_word' id='word_1_413' title='bbox 1470 729 1494 754; x_wconf 79' lang='grc' dir='ltr'>οἱ</span> <span class='ocrx_word' id='word_1_414' title='bbox 1510 728 1558 762; x_wconf 82' lang='grc' dir='ltr'><strong>τὴν</strong></span> <span class='ocrx_word' id='word_1_415' title='bbox 1575 728 1703 764; x_wconf 79' lang='grc' dir='ltr'><strong>λατρείαν</strong></span> <span class='ocrx_word' id='word_1_416' title='bbox 1718 728 1912 760; x_wconf 57' lang='grc' dir='ltr'>ἐπιτελοῦντες</span> 
     </span>
    </p>
   </div>
   <div class='ocr_carea' id='block_1_59' title="bbox 1130 773 1915 810">
    <p class='ocr_par' dir='ltr' id='par_1_59' title="bbox 1130 773 1915 810">
     <span class='ocr_line' id='line_1_59' title="bbox 1130 773 1915 810; baseline 0.003 -11"><span class='ocrx_word' id='word_1_417' title='bbox 1130 773 1175 800; x_wconf 76' lang='grc' dir='ltr'>τὸν</span> <span class='ocrx_word' id='word_1_418' title='bbox 1189 774 1268 799; x_wconf 76' lang='grc' dir='ltr'>αὐτὸν</span> <span class='ocrx_word' id='word_1_419' title='bbox 1280 773 1379 808; x_wconf 80' lang='grc' dir='ltr'>τρόπον</span> <span class='ocrx_word' id='word_1_420' title='bbox 1393 773 1463 799; x_wconf 75' lang='grc' dir='ltr'>κατὰ</span> <span class='ocrx_word' id='word_1_421' title='bbox 1480 773 1510 799; x_wconf 79' lang='grc' dir='ltr'><strong>τὸ</strong></span> <span class='ocrx_word' id='word_1_422' title='bbox 1523 773 1568 799; x_wconf 76' lang='grc' dir='ltr'><strong>ἐπὶ</strong></span> <span class='ocrx_word' id='word_1_423' title='bbox 1585 774 1638 809; x_wconf 79' lang='grc' dir='ltr'><strong>γῆς</strong></span> <span class='ocrx_word' id='word_1_424' title='bbox 1652 774 1825 810; x_wconf 78' lang='grc' dir='ltr'>παράδειγμα</span> <span class='ocrx_word' id='word_1_425' title='bbox 1839 776 1862 801; x_wconf 89' lang='grc' dir='ltr'>οἱ</span> <span class='ocrx_word' id='word_1_426' title='bbox 1876 776 1915 806; x_wconf 84' lang='grc' dir='ltr'>εἰς</span> 
     </span>
    </p>
   </div>
   <div class='ocr_carea' id='block_1_60' title="bbox 1130 819 1915 856">
    <p class='ocr_par' dir='ltr' id='par_1_60' title="bbox 1130 819 1915 856">
     <span class='ocr_line' id='line_1_60' title="bbox 1130 819 1915 856; baseline 0.001 -10"><span class='ocrx_word' id='word_1_427' title='bbox 1130 819 1179 855; x_wconf 80' lang='grc' dir='ltr'>τὴν</span> <span class='ocrx_word' id='word_1_428' title='bbox 1195 820 1318 854; x_wconf 72' lang='grc' dir='ltr'>οὐράνιον</span> <span class='ocrx_word' id='word_1_429' title='bbox 1342 819 1520 856; x_wconf 78' lang='grc' dir='ltr'>Ἰερουσαλὴμ.</span> <span class='ocrx_word' id='word_1_430' title='bbox 1542 820 1662 852; x_wconf 81' lang='grc' dir='ltr'>ἀνιόντες</span> <span class='ocrx_word' id='word_1_431' title='bbox 1682 820 1775 855; x_wconf 81' lang='grc' dir='ltr'>ήξουσι</span> <span class='ocrx_word' id='word_1_432' title='bbox 1799 822 1858 856; x_wconf 83' lang='grc' dir='ltr'>μετ’</span> <span class='ocrx_word' id='word_1_433' title='bbox 1877 821 1915 847; x_wconf 77' lang='lat' dir='ltr'><strong>ol-</strong></span> 
     </span>
    </p>
   </div>
   <div class='ocr_carea' id='block_1_61' title="bbox 1131 862 1915 902">
    <p class='ocr_par' dir='ltr' id='par_1_61' title="bbox 1131 862 1915 902">
     <span class='ocr_line' id='line_1_61' title="bbox 1131 862 1915 902; baseline 0 -10"><span class='ocrx_word' id='word_1_434' title='bbox 1131 865 1212 892; x_wconf 83' lang='grc' dir='ltr'>κείων</span> <span class='ocrx_word' id='word_1_435' title='bbox 1233 865 1357 902; x_wconf 80' lang='grc' dir='ltr'>καρπῶν,</span> <span class='ocrx_word' id='word_1_436' title='bbox 1374 862 1411 892; x_wconf 84' lang='grc' dir='ltr'><strong>ὧν</strong></span> <span class='ocrx_word' id='word_1_437' title='bbox 1435 865 1549 896; x_wconf 71' lang='grc' dir='ltr'>ἕκαστος</span> <span class='ocrx_word' id='word_1_438' title='bbox 1569 866 1597 891; x_wconf 85' lang='grc' dir='ltr'>ἐν</span> <span class='ocrx_word' id='word_1_439' title='bbox 1617 865 1688 900; x_wconf 76' lang='grc' dir='ltr'>ψυχῇ</span> <span class='ocrx_word' id='word_1_440' title='bbox 1707 865 1915 901; x_wconf 78' lang='grc' dir='ltr'>μετακομίζεται</span> 
     </span>
    </p>
   </div>
   <div class='ocr_carea' id='block_1_62' title="bbox 1131 911 1726 948">
    <p class='ocr_par' dir='ltr' id='par_1_62' title="bbox 1131 911 1726 948">
     <span class='ocr_line' id='line_1_62' title="bbox 1131 911 1726 948; baseline 0 -10"><span class='ocrx_word' id='word_1_441' title='bbox 1131 911 1223 948; x_wconf 84' lang='grc' dir='ltr'>δώρων</span> <span class='ocrx_word' id='word_1_442' title='bbox 1238 912 1287 947; x_wconf 80' lang='grc' dir='ltr'><strong>τῆς</strong></span> <span class='ocrx_word' id='word_1_443' title='bbox 1298 912 1352 938; x_wconf 83' lang='grc' dir='ltr'><strong>τῶν</strong></span> <span class='ocrx_word' id='word_1_444' title='bbox 1365 911 1470 947; x_wconf 83' lang='grc' dir='ltr'><strong>ἀρετῶν</strong></span> <span class='ocrx_word' id='word_1_445' title='bbox 1485 912 1516 937; x_wconf 85' lang='grc' dir='ltr'><strong>ἐκ</strong></span> <span class='ocrx_word' id='word_1_446' title='bbox 1530 912 1726 947; x_wconf 84' lang='grc' dir='ltr'>καρποφορίας.</span> 
     </span>
    </p>
   </div>
   <div class='ocr_carea' id='block_1_63' title="bbox 1168 955 1913 992">
    <p class='ocr_par' dir='ltr' id='par_1_63' title="bbox 1168 955 1913 992">
     <span class='ocr_line' id='line_1_63' title="bbox 1168 955 1913 992; baseline -0.001 -10"><span class='ocrx_word' id='word_1_447' title='bbox 1168 966 1178 982; x_wconf 75' lang='grc' dir='ltr'><strong>σ</strong></span> <span class='ocrx_word' id='word_1_448' title='bbox 1199 957 1246 983; x_wconf 90' lang='grc' dir='ltr'><strong>Ὃν</strong></span> <span class='ocrx_word' id='word_1_449' title='bbox 1259 956 1359 992; x_wconf 79' lang='grc' dir='ltr'><strong>τρόπον</strong></span> <span class='ocrx_word' id='word_1_450' title='bbox 1374 957 1428 992; x_wconf 82' lang='grc' dir='ltr'><strong>γὰρ</strong></span> <span class='ocrx_word' id='word_1_451' title='bbox 1439 957 1452 983; x_wconf 80' lang='grc' dir='ltr'>ὁ</span> <span class='ocrx_word' id='word_1_452' title='bbox 1465 955 1578 991; x_wconf 79' lang='grc' dir='ltr'>οὐρανὸς</span> <span class='ocrx_word' id='word_1_453' title='bbox 1596 956 1686 988; x_wconf 79' lang='grc' dir='ltr'>καινὸς</span> <span class='ocrx_word' id='word_1_454' title='bbox 1702 956 1748 983; x_wconf 79' lang='grc' dir='ltr'><strong>καὶ</strong></span> <span class='ocrx_word' id='word_1_455' title='bbox 1766 956 1782 991; x_wconf 83' lang='grc' dir='ltr'>ἡ</span> <span class='ocrx_word' id='word_1_456' title='bbox 1803 956 1838 991; x_wconf 82' lang='grc' dir='ltr'><strong>γῆ</strong></span> <span class='ocrx_word' id='word_1_457' title='bbox 1853 964 1913 982; x_wconf 83' lang='grc' dir='ltr'>και-</span> 
     </span>
    </p>
   </div>
   <div class='ocr_carea' id='block_1_64' title="bbox 1129 1001 1914 1037">
    <p class='ocr_par' dir='ltr' id='par_1_64' title="bbox 1129 1001 1914 1037">
     <span class='ocr_line' id='line_1_64' title="bbox 1129 1001 1914 1037; baseline -0.001 -9"><span class='ocrx_word' id='word_1_458' title='bbox 1129 1002 1173 1037; x_wconf 85' lang='grc' dir='ltr'>νὴ,</span> <span class='ocrx_word' id='word_1_459' title='bbox 1191 1001 1209 1029; x_wconf 77' lang='grc' dir='ltr'>ἃ</span> <span class='ocrx_word' id='word_1_460' title='bbox 1222 1001 1278 1036; x_wconf 81' lang='grc' dir='ltr'><strong>ἐγὼ</strong></span> <span class='ocrx_word' id='word_1_461' title='bbox 1294 1002 1376 1033; x_wconf 80' lang='grc' dir='ltr'>ποιῶ,</span> <span class='ocrx_word' id='word_1_462' title='bbox 1398 1002 1473 1037; x_wconf 83' lang='grc' dir='ltr'>μένει</span> <span class='ocrx_word' id='word_1_463' title='bbox 1484 1001 1598 1029; x_wconf 80' lang='grc' dir='ltr'>ἐνώπιον</span> <span class='ocrx_word' id='word_1_464' title='bbox 1617 1001 1695 1037; x_wconf 82' lang='grc' dir='ltr'>ἐμοῦ,</span> <span class='ocrx_word' id='word_1_465' title='bbox 1709 1001 1892 1037; x_wconf 83' lang='grc' dir='ltr'>λέγειΚύριος</span> <span class='ocrx_word' id='word_1_466' title='bbox 1904 1009 1914 1018; x_wconf 70' lang='lat'><strong><em>~</em></strong></span> 
     </span>
    </p>
   </div>
   <div class='ocr_carea' id='block_1_65' title="bbox 1129 1047 1913 1084">
    <p class='ocr_par' dir='ltr' id='par_1_65' title="bbox 1129 1047 1913 1084">
     <span class='ocr_line' id='line_1_65' title="bbox 1129 1047 1913 1084; baseline -0.001 -10"><span class='ocrx_word' id='word_1_467' title='bbox 1129 1048 1200 1074; x_wconf 80' lang='grc' dir='ltr'>οὕτω</span> <span class='ocrx_word' id='word_1_468' title='bbox 1211 1049 1336 1084; x_wconf 82' lang='grc' dir='ltr'>στήσεται</span> <span class='ocrx_word' id='word_1_469' title='bbox 1347 1048 1378 1074; x_wconf 79' lang='grc' dir='ltr'>τὺ</span> <span class='ocrx_word' id='word_1_470' title='bbox 1395 1047 1504 1083; x_wconf 84' lang='grc' dir='ltr'>σπέρμα</span> <span class='ocrx_word' id='word_1_471' title='bbox 1515 1048 1591 1083; x_wconf 84' lang='grc' dir='ltr'>ὑμῶν</span> <span class='ocrx_word' id='word_1_472' title='bbox 1605 1048 1652 1074; x_wconf 70' lang='grc' dir='ltr'>καὶ</span> <span class='ocrx_word' id='word_1_473' title='bbox 1667 1047 1697 1074; x_wconf 79' lang='grc' dir='ltr'><strong>τὸ</strong></span> <span class='ocrx_word' id='word_1_474' title='bbox 1710 1047 1795 1082; x_wconf 70' lang='grc' dir='ltr'>ὄνομα</span> <span class='ocrx_word' id='word_1_475' title='bbox 1810 1047 1913 1082; x_wconf 75' lang='grc' dir='ltr'><strong>ὑμῶν.)</strong></span> 
     </span>
    </p>
   </div>
   <div class='ocr_carea' id='block_1_66' title="bbox 1129 1094 1915 1131">
    <p class='ocr_par' dir='ltr' id='par_1_66' title="bbox 1129 1094 1915 1131">
     <span class='ocr_line' id='line_1_66' title="bbox 1129 1094 1915 1131; baseline -0.001 -10"><span class='ocrx_word' id='word_1_476' title='bbox 1129 1095 1160 1122; x_wconf 81' lang='lat' dir='ltr'><strong>EI</strong></span> <span class='ocrx_word' id='word_1_477' title='bbox 1173 1094 1226 1131; x_wconf 83' lang='grc' dir='ltr'><strong>γὰρ</strong></span> <span class='ocrx_word' id='word_1_478' title='bbox 1237 1095 1350 1131; x_wconf 74' lang='grc' dir='ltr'>οὐρανὸς</span> <span class='ocrx_word' id='word_1_479' title='bbox 1364 1094 1455 1125; x_wconf 83' lang='grc' dir='ltr'>καινός</span> <span class='ocrx_word' id='word_1_480' title='bbox 1473 1095 1531 1121; x_wconf 84' lang='grc' dir='ltr'>ἐστι</span> <span class='ocrx_word' id='word_1_481' title='bbox 1545 1095 1593 1121; x_wconf 69' lang='grc' dir='ltr'><strong>καὶ</strong></span> <span class='ocrx_word' id='word_1_482' title='bbox 1609 1095 1626 1130; x_wconf 82' lang='grc' dir='ltr'>ἡ</span> <span class='ocrx_word' id='word_1_483' title='bbox 1640 1095 1677 1130; x_wconf 81' lang='grc' dir='ltr'><strong>γῆ</strong></span> <span class='ocrx_word' id='word_1_484' title='bbox 1690 1094 1779 1127; x_wconf 78' lang='grc' dir='ltr'>καινὴ,</span> <span class='ocrx_word' id='word_1_485' title='bbox 1801 1094 1848 1120; x_wconf 74' lang='grc' dir='ltr'><strong>καὶ</strong></span> <span class='ocrx_word' id='word_1_486' title='bbox 1869 1094 1915 1120; x_wconf 79' lang='grc' dir='ltr'><strong>Ἰε-</strong></span> 
     </span>
    </p>
   </div>
   <div class='ocr_carea' id='block_1_67' title="bbox 1131 1140 1917 1177">
    <p class='ocr_par' dir='ltr' id='par_1_67' title="bbox 1131 1140 1917 1177">
     <span class='ocr_line' id='line_1_67' title="bbox 1131 1140 1917 1177; baseline -0.001 -10"><span class='ocrx_word' id='word_1_487' title='bbox 1131 1141 1270 1177; x_wconf 75' lang='grc' dir='ltr'>ρουσαλὴμ</span> <span class='ocrx_word' id='word_1_488' title='bbox 1286 1141 1375 1177; x_wconf 82' lang='grc' dir='ltr'>καινὴ,</span> <span class='ocrx_word' id='word_1_489' title='bbox 1401 1141 1545 1168; x_wconf 78' lang='grc' dir='ltr'>ἀκόλουθον</span> <span class='ocrx_word' id='word_1_490' title='bbox 1561 1141 1594 1167; x_wconf 84' lang='grc' dir='ltr'>ἂν</span> <span class='ocrx_word' id='word_1_491' title='bbox 1615 1140 1659 1176; x_wconf 84' lang='grc' dir='ltr'>εἴη</span> <span class='ocrx_word' id='word_1_492' title='bbox 1686 1141 1732 1167; x_wconf 79' lang='grc' dir='ltr'>καὶ</span> <span class='ocrx_word' id='word_1_493' title='bbox 1756 1141 1818 1171; x_wconf 85' lang='grc' dir='ltr'>τοὺς</span> <span class='ocrx_word' id='word_1_494' title='bbox 1834 1141 1917 1175; x_wconf 76' lang='grc' dir='ltr'>ἱερεῖς</span> 
     </span>
    </p>
   </div>
   <div class='ocr_carea' id='block_1_68' title="bbox 1128 1186 1915 1221">
    <p class='ocr_par' dir='ltr' id='par_1_68' title="bbox 1128 1186 1915 1221">
     <span class='ocr_line' id='line_1_68' title="bbox 1128 1186 1915 1221; baseline -0.003 -8"><span class='ocrx_word' id='word_1_495' title='bbox 1128 1188 1176 1213; x_wconf 68' lang='grc' dir='ltr'><strong>καὶ</strong></span> <span class='ocrx_word' id='word_1_496' title='bbox 1189 1188 1306 1219; x_wconf 79' lang='grc' dir='ltr'><strong>Λευίτας</strong></span> <span class='ocrx_word' id='word_1_497' title='bbox 1322 1188 1431 1219; x_wconf 85' lang='grc' dir='ltr'>καινοὺς</span> <span class='ocrx_word' id='word_1_498' title='bbox 1444 1187 1551 1214; x_wconf 74' lang='grc' dir='ltr'>ἔσεσθαι</span> <span class='ocrx_word' id='word_1_499' title='bbox 1562 1195 1569 1202; x_wconf 83' lang='grc'><strong>·</strong></span> <span class='ocrx_word' id='word_1_500' title='bbox 1586 1187 1625 1214; x_wconf 80' lang='grc' dir='ltr'><strong>διὸ</strong></span> <span class='ocrx_word' id='word_1_501' title='bbox 1639 1187 1685 1213; x_wconf 78' lang='grc' dir='ltr'>καὶ</span> <span class='ocrx_word' id='word_1_502' title='bbox 1702 1188 1731 1213; x_wconf 78' lang='grc' dir='ltr'><strong>ἐν</strong></span> <span class='ocrx_word' id='word_1_503' title='bbox 1743 1188 1797 1218; x_wconf 85' lang='grc' dir='ltr'>τοῖς</span> <span class='ocrx_word' id='word_1_504' title='bbox 1812 1186 1915 1221; x_wconf 82' lang='grc' dir='ltr'>ἔμπρο-</span> 
     </span>
    </p>
   </div>
   <div class='ocr_carea' id='block_1_69' title="bbox 1130 1233 1915 1269">
    <p class='ocr_par' dir='ltr' id='par_1_69' title="bbox 1130 1233 1915 1269">
     <span class='ocr_line' id='line_1_69' title="bbox 1130 1233 1915 1269; baseline -0.003 -9"><span class='ocrx_word' id='word_1_505' title='bbox 1130 1233 1191 1260; x_wconf 87' lang='grc' dir='ltr'>σθεν</span> <span class='ocrx_word' id='word_1_506' title='bbox 1207 1234 1282 1268; x_wconf 79' lang='grc' dir='ltr'>ἔλεγε</span> <span class='ocrx_word' id='word_1_507' title='bbox 1295 1241 1302 1250; x_wconf 72' lang='grc'><strong><em>⁸</em></strong></span> <span class='ocrx_word' id='word_1_508' title='bbox 1324 1244 1333 1260; x_wconf 79' lang='grc' dir='ltr'><strong>ι</strong></span> <span class='ocrx_word' id='word_1_509' title='bbox 1358 1234 1393 1260; x_wconf 76' lang='grc' dir='ltr'><strong>Οὐ</strong></span> <span class='ocrx_word' id='word_1_510' title='bbox 1414 1233 1553 1269; x_wconf 82' lang='grc' dir='ltr'>μνησθῶσι</span> <span class='ocrx_word' id='word_1_511' title='bbox 1574 1233 1628 1260; x_wconf 77' lang='grc' dir='ltr'>τῶν</span> <span class='ocrx_word' id='word_1_512' title='bbox 1640 1234 1790 1268; x_wconf 73' lang='grc' dir='ltr'>προτέρων,</span> <span class='ocrx_word' id='word_1_513' title='bbox 1806 1233 1852 1259; x_wconf 71' lang='grc' dir='ltr'><strong>καὶ</strong></span> <span class='ocrx_word' id='word_1_514' title='bbox 1865 1233 1915 1259; x_wconf 76' lang='grc' dir='ltr'><strong>οὐκ</strong></span> 
     </span>
    </p>
   </div>
   <div class='ocr_carea' id='block_1_70' title="bbox 1128 1277 1914 1316">
    <p class='ocr_par' dir='ltr' id='par_1_70' title="bbox 1128 1277 1914 1316">
     <span class='ocr_line' id='line_1_70' title="bbox 1128 1277 1914 1316; baseline 0.003 -10"><span class='ocrx_word' id='word_1_515' title='bbox 1128 1280 1291 1316; x_wconf 77' lang='grc' dir='ltr'>ἀναϐήσεται</span> <span class='ocrx_word' id='word_1_516' title='bbox 1318 1280 1407 1307; x_wconf 84' lang='grc' dir='ltr'>αὐτῶν</span> <span class='ocrx_word' id='word_1_517' title='bbox 1426 1280 1472 1306; x_wconf 80' lang='grc' dir='ltr'><strong>ἐπὶ</strong></span> <span class='ocrx_word' id='word_1_518' title='bbox 1488 1281 1537 1316; x_wconf 81' lang='grc' dir='ltr'>τὴν</span> <span class='ocrx_word' id='word_1_519' title='bbox 1555 1280 1677 1316; x_wconf 80' lang='grc' dir='ltr'><strong>καρδίαν.</strong></span> <span class='ocrx_word' id='word_1_520' title='bbox 1695 1289 1704 1304; x_wconf 75' lang='grc' dir='ltr'><strong><em>ι</em></strong></span> <span class='ocrx_word' id='word_1_521' title='bbox 1723 1279 1764 1305; x_wconf 80' lang='grc' dir='ltr'>Τὰ</span> <span class='ocrx_word' id='word_1_522' title='bbox 1793 1279 1842 1314; x_wconf 81' lang='grc' dir='ltr'>μὲν</span> <span class='ocrx_word' id='word_1_523' title='bbox 1869 1277 1914 1306; x_wconf 78' lang='grc' dir='ltr'>οὖν</span> 
     </span>
    </p>
   </div>
   <div class='ocr_carea' id='block_1_71' title="bbox 1129 1316 1915 1362">
    <p class='ocr_par' dir='ltr' id='par_1_71' title="bbox 1129 1316 1915 1362">
     <span class='ocr_line' id='line_1_71' title="bbox 1129 1316 1915 1362; baseline -0.001 -10"><span class='ocrx_word' id='word_1_524' title='bbox 1129 1326 1225 1361; x_wconf 81' lang='grc' dir='ltr'>πρῶτα</span> <span class='ocrx_word' id='word_1_525' title='bbox 1236 1316 1266 1353; x_wconf 72' lang='grc' dir='ltr'><strong>ού</strong></span> <span class='ocrx_word' id='word_1_526' title='bbox 1282 1326 1395 1362; x_wconf 77' lang='grc' dir='ltr'>μένοντα</span> <span class='ocrx_word' id='word_1_527' title='bbox 1408 1324 1459 1362; x_wconf 75' lang='grc' dir='ltr'><strong>ἦν·</strong></span> <span class='ocrx_word' id='word_1_528' title='bbox 1479 1326 1518 1352; x_wconf 81' lang='grc' dir='ltr'>διὸ</span> <span class='ocrx_word' id='word_1_529' title='bbox 1545 1326 1653 1360; x_wconf 77' lang='grc' dir='ltr'>ἐλέγετο</span> <span class='ocrx_word' id='word_1_530' title='bbox 1664 1334 1671 1340; x_wconf 88' lang='grc'><strong>·</strong></span> <span class='ocrx_word' id='word_1_531' title='bbox 1691 1334 1700 1350; x_wconf 77' lang='grc' dir='ltr'>ι</span> <span class='ocrx_word' id='word_1_532' title='bbox 1721 1325 1839 1360; x_wconf 77' lang='grc' dir='ltr'>Οὐρανὸς</span> <span class='ocrx_word' id='word_1_533' title='bbox 1868 1324 1915 1352; x_wconf 77' lang='grc' dir='ltr'>καὶ</span> 
     </span>
    </p>
   </div>
   <div class='ocr_carea' id='block_1_72' title="bbox 1128 1370 1915 1407">
    <p class='ocr_par' dir='ltr' id='par_1_72' title="bbox 1128 1370 1915 1407">
     <span class='ocr_line' id='line_1_72' title="bbox 1128 1370 1915 1407; baseline -0.004 -9"><span class='ocrx_word' id='word_1_534' title='bbox 1128 1372 1145 1407; x_wconf 85' lang='grc' dir='ltr'><strong>ή</strong></span> <span class='ocrx_word' id='word_1_535' title='bbox 1159 1372 1193 1407; x_wconf 86' lang='grc' dir='ltr'><strong>γῆ</strong></span> <span class='ocrx_word' id='word_1_536' title='bbox 1205 1371 1417 1407; x_wconf 80' lang='grc' dir='ltr'><strong>παρελεύσονται</strong></span> <span class='ocrx_word' id='word_1_537' title='bbox 1429 1380 1435 1386; x_wconf 91' lang='grc'>·</span> <span class='ocrx_word' id='word_1_538' title='bbox 1457 1381 1466 1397; x_wconf 71' lang='grc' dir='ltr'>ι</span> <span class='ocrx_word' id='word_1_539' title='bbox 1484 1372 1531 1398; x_wconf 72' lang='grc' dir='ltr'>καὶ</span> <span class='ocrx_word' id='word_1_540' title='bbox 1547 1371 1644 1398; x_wconf 70' lang='grc' dir='ltr'>πάλινο</span> <span class='ocrx_word' id='word_1_541' title='bbox 1661 1380 1670 1396; x_wconf 86' lang='grc' dir='ltr'>ι</span> <span class='ocrx_word' id='word_1_542' title='bbox 1687 1370 1860 1406; x_wconf 81' lang='grc' dir='ltr'>Εἱλιγήσεται</span> <span class='ocrx_word' id='word_1_543' title='bbox 1871 1370 1915 1396; x_wconf 64' lang='grc' dir='ltr'><strong>οὺ-</strong></span> 
     </span>
    </p>
   </div>
   <div class='ocr_carea' id='block_1_73' title="bbox 1128 1415 1914 1453">
    <p class='ocr_par' dir='ltr' id='par_1_73' title="bbox 1128 1415 1914 1453">
     <span class='ocr_line' id='line_1_73' title="bbox 1128 1415 1914 1453; baseline -0.004 -8"><span class='ocrx_word' id='word_1_544' title='bbox 1128 1418 1209 1453; x_wconf 85' lang='grc' dir='ltr'>ρανὸς</span> <span class='ocrx_word' id='word_1_545' title='bbox 1220 1418 1258 1449; x_wconf 84' lang='grc' dir='ltr'>ὡς</span> <span class='ocrx_word' id='word_1_546' title='bbox 1271 1417 1381 1452; x_wconf 78' lang='grc' dir='ltr'>βιϐλίον,</span> <span class='ocrx_word' id='word_1_547' title='bbox 1400 1417 1447 1444; x_wconf 76' lang='grc' dir='ltr'><strong>καὶ</strong></span> <span class='ocrx_word' id='word_1_548' title='bbox 1463 1417 1548 1453; x_wconf 77' lang='grc' dir='ltr'>φθορᾷ</span> <span class='ocrx_word' id='word_1_549' title='bbox 1565 1416 1732 1452; x_wconf 68' lang='grc' dir='ltr'>φθαρήσεται</span> <span class='ocrx_word' id='word_1_550' title='bbox 1744 1418 1761 1452; x_wconf 88' lang='grc' dir='ltr'><strong>ή</strong></span> <span class='ocrx_word' id='word_1_551' title='bbox 1777 1416 1823 1451; x_wconf 76' lang='grc' dir='ltr'><strong>γῆ.</strong></span> <span class='ocrx_word' id='word_1_552' title='bbox 1837 1426 1847 1441; x_wconf 74' lang='grc' dir='ltr'>ι</span> <span class='ocrx_word' id='word_1_553' title='bbox 1861 1415 1914 1442; x_wconf 72' lang='grc' dir='ltr'><strong>Τοῦ</strong></span> 
     </span>
    </p>
   </div>
   <div class='ocr_carea' id='block_1_74' title="bbox 1127 1461 1913 1498">
    <p class='ocr_par' dir='ltr' id='par_1_74' title="bbox 1127 1461 1913 1498">
     <span class='ocr_line' id='line_1_74' title="bbox 1127 1461 1913 1498; baseline -0.003 -8"><span class='ocrx_word' id='word_1_554' title='bbox 1127 1463 1155 1490; x_wconf 82' lang='grc' dir='ltr'>δὲ</span> <span class='ocrx_word' id='word_1_555' title='bbox 1172 1463 1312 1498; x_wconf 75' lang='grc' dir='ltr'>μέλλοντος</span> <span class='ocrx_word' id='word_1_556' title='bbox 1326 1463 1423 1495; x_wconf 75' lang='grc' dir='ltr'>αἰῶνος</span> <span class='ocrx_word' id='word_1_557' title='bbox 1438 1463 1547 1498; x_wconf 84' lang='grc' dir='ltr'>ἀπαρχὴ</span> <span class='ocrx_word' id='word_1_558' title='bbox 1565 1462 1683 1498; x_wconf 86' lang='grc' dir='ltr'>Χριστός</span> <span class='ocrx_word' id='word_1_559' title='bbox 1694 1470 1701 1476; x_wconf 92' lang='grc'><strong>·</strong></span> <span class='ocrx_word' id='word_1_560' title='bbox 1718 1461 1812 1488; x_wconf 71' lang='grc' dir='ltr'>ἔπειτα</span> <span class='ocrx_word' id='word_1_561' title='bbox 1826 1462 1852 1488; x_wconf 77' lang='grc' dir='ltr'>οἱ</span> <span class='ocrx_word' id='word_1_562' title='bbox 1867 1461 1913 1488; x_wconf 81' lang='grc' dir='ltr'>τοῦ</span> 
     </span>
    </p>
   </div>
   <div class='ocr_carea' id='block_1_75' title="bbox 1126 1508 1594 1545">
    <p class='ocr_par' dir='ltr' id='par_1_75' title="bbox 1126 1508 1594 1545">
     <span class='ocr_line' id='line_1_75' title="bbox 1126 1508 1594 1545; baseline -0.004 -9"><span class='ocrx_word' id='word_1_563' title='bbox 1126 1509 1244 1545; x_wconf 76' lang='grc' dir='ltr'><strong>Χριστοῦ</strong></span> <span class='ocrx_word' id='word_1_564' title='bbox 1259 1510 1287 1535; x_wconf 80' lang='grc' dir='ltr'>ἐν</span> <span class='ocrx_word' id='word_1_565' title='bbox 1305 1511 1336 1545; x_wconf 85' lang='grc' dir='ltr'>τῇ</span> <span class='ocrx_word' id='word_1_566' title='bbox 1351 1509 1487 1545; x_wconf 74' lang='grc' dir='ltr'>παρουσίᾳ</span> <span class='ocrx_word' id='word_1_567' title='bbox 1501 1508 1594 1535; x_wconf 85' lang='grc' dir='ltr'>αὑτοῦ.</span> 
     </span>
    </p>
   </div>
   <div class='ocr_carea' id='block_1_76' title="bbox 1164 1552 1914 1590">
    <p class='ocr_par' dir='ltr' id='par_1_76' title="bbox 1164 1552 1914 1590">
     <span class='ocr_line' id='line_1_76' title="bbox 1164 1552 1914 1590; baseline -0.001 -10"><span class='ocrx_word' id='word_1_568' title='bbox 1164 1563 1174 1580; x_wconf 69' lang='grc' dir='ltr'><strong>ι</strong></span> <span class='ocrx_word' id='word_1_569' title='bbox 1191 1555 1244 1581; x_wconf 76' lang='grc' dir='ltr'>Καὶ</span> <span class='ocrx_word' id='word_1_570' title='bbox 1256 1554 1331 1582; x_wconf 83' lang='grc' dir='ltr'>ἔσται</span> <span class='ocrx_word' id='word_1_571' title='bbox 1345 1554 1397 1590; x_wconf 82' lang='grc' dir='ltr'>μὴν</span> <span class='ocrx_word' id='word_1_572' title='bbox 1416 1554 1447 1580; x_wconf 83' lang='grc' dir='ltr'><strong>ἐκ</strong></span> <span class='ocrx_word' id='word_1_573' title='bbox 1462 1554 1556 1590; x_wconf 77' lang='grc' dir='ltr'>μηνὸς,</span> <span class='ocrx_word' id='word_1_574' title='bbox 1573 1554 1620 1580; x_wconf 76' lang='grc' dir='ltr'>καὶ</span> <span class='ocrx_word' id='word_1_575' title='bbox 1636 1553 1769 1580; x_wconf 75' lang='grc' dir='ltr'>σάϐϐατον</span> <span class='ocrx_word' id='word_1_576' title='bbox 1794 1553 1826 1579; x_wconf 85' lang='grc' dir='ltr'><strong>ἐκ</strong></span> <span class='ocrx_word' id='word_1_577' title='bbox 1849 1552 1914 1579; x_wconf 75' lang='grc' dir='ltr'>σαε-</span> 
     </span>
    </p>
   </div>
   <div class='ocr_carea' id='block_1_77' title="bbox 1127 1598 1915 1636">
    <p class='ocr_par' dir='ltr' id='par_1_77' title="bbox 1127 1598 1915 1636">
     <span class='ocr_line' id='line_1_77' title="bbox 1127 1598 1915 1636; baseline -0.003 -10"><span class='ocrx_word' id='word_1_578' title='bbox 1127 1599 1218 1627; x_wconf 79' lang='grc' dir='ltr'>6άτου.</span> <span class='ocrx_word' id='word_1_579' title='bbox 1233 1599 1311 1632; x_wconf 79' lang='grc' dir='ltr'>Ἥξει</span> <span class='ocrx_word' id='word_1_580' title='bbox 1333 1600 1408 1626; x_wconf 79' lang='grc' dir='ltr'>πᾶσα</span> <span class='ocrx_word' id='word_1_581' title='bbox 1423 1599 1492 1636; x_wconf 76' lang='grc' dir='ltr'>σὰρξ</span> <span class='ocrx_word' id='word_1_582' title='bbox 1517 1599 1565 1626; x_wconf 80' lang='grc' dir='ltr'><strong>τοῦ</strong></span> <span class='ocrx_word' id='word_1_583' title='bbox 1593 1600 1780 1635; x_wconf 78' lang='grc' dir='ltr'>προσκυνῆσαι</span> <span class='ocrx_word' id='word_1_584' title='bbox 1800 1598 1915 1625; x_wconf 79' lang='grc' dir='ltr'>ἐνώπιον</span> 
     </span>
    </p>
   </div>
   <div class='ocr_carea' id='block_1_78' title="bbox 1126 1644 1915 1682">
    <p class='ocr_par' dir='ltr' id='par_1_78' title="bbox 1126 1644 1915 1682">
     <span class='ocr_line' id='line_1_78' title="bbox 1126 1644 1915 1682; baseline -0.003 -9"><span class='ocrx_word' id='word_1_585' title='bbox 1126 1646 1193 1682; x_wconf 75' lang='grc' dir='ltr'>ἐμοῦ</span> <span class='ocrx_word' id='word_1_586' title='bbox 1211 1647 1240 1673; x_wconf 87' lang='grc' dir='ltr'>ἐν</span> <span class='ocrx_word' id='word_1_587' title='bbox 1258 1646 1441 1682; x_wconf 75' lang='grc' dir='ltr'>Ἰερουσαλὴμ,</span> <span class='ocrx_word' id='word_1_588' title='bbox 1458 1644 1518 1672; x_wconf 89' lang='grc' dir='ltr'>εἷπε</span> <span class='ocrx_word' id='word_1_589' title='bbox 1530 1646 1641 1682; x_wconf 83' lang='grc' dir='ltr'>Κύριος.</span> <span class='ocrx_word' id='word_1_590' title='bbox 1659 1655 1668 1671; x_wconf 76' lang='grc' dir='ltr'>ι</span> <span class='ocrx_word' id='word_1_591' title='bbox 1683 1646 1718 1671; x_wconf 89' lang='grc' dir='ltr'>Τὸ</span> <span class='ocrx_word' id='word_1_592' title='bbox 1739 1645 1768 1671; x_wconf 83' lang='grc' dir='ltr'><strong>δὲ</strong></span> <span class='ocrx_word' id='word_1_593' title='bbox 1782 1645 1915 1678; x_wconf 63' lang='grc' dir='ltr'>σάεεατον</span> 
     </span>
    </p>
   </div>
   <div class='ocr_carea' id='block_1_79' title="bbox 1125 1691 1914 1728">
    <p class='ocr_par' dir='ltr' id='par_1_79' title="bbox 1125 1691 1914 1728">
     <span class='ocr_line' id='line_1_79' title="bbox 1125 1691 1914 1728; baseline -0.001 -10"><span class='ocrx_word' id='word_1_594' title='bbox 1125 1691 1243 1728; x_wconf 78' lang='grc' dir='ltr'>Χριστοῦ</span> <span class='ocrx_word' id='word_1_595' title='bbox 1258 1692 1402 1718; x_wconf 82' lang='grc' dir='ltr'>ἀκόλουθόν</span> <span class='ocrx_word' id='word_1_596' title='bbox 1418 1692 1476 1717; x_wconf 84' lang='grc' dir='ltr'>ἐστι</span> <span class='ocrx_word' id='word_1_597' title='bbox 1498 1691 1568 1718; x_wconf 78' lang='grc' dir='ltr'>κατὰ</span> <span class='ocrx_word' id='word_1_598' title='bbox 1593 1691 1710 1718; x_wconf 79' lang='grc' dir='ltr'>διάνοιαν</span> <span class='ocrx_word' id='word_1_599' title='bbox 1733 1691 1914 1726; x_wconf 77' lang='grc' dir='ltr'>ἐκλαμϐάνειν</span> 
     </span>
    </p>
   </div>
   <div class='ocr_carea' id='block_1_80' title="bbox 1125 1736 1914 1774">
    <p class='ocr_par' dir='ltr' id='par_1_80' title="bbox 1125 1736 1914 1774">
     <span class='ocr_line' id='line_1_80' title="bbox 1125 1736 1914 1774; baseline -0.003 -10"><span class='ocrx_word' id='word_1_600' title='bbox 1125 1737 1174 1769; x_wconf 76' lang='grc' dir='ltr'>τὰς</span> <span class='ocrx_word' id='word_1_601' title='bbox 1191 1739 1219 1764; x_wconf 92' lang='grc' dir='ltr'><strong>ἐν</strong></span> <span class='ocrx_word' id='word_1_602' title='bbox 1234 1737 1341 1773; x_wconf 81' lang='grc' dir='ltr'>οὐρανῷ</span> <span class='ocrx_word' id='word_1_603' title='bbox 1358 1737 1454 1774; x_wconf 76' lang='grc' dir='ltr'>ἑορτὰς</span> <span class='ocrx_word' id='word_1_604' title='bbox 1466 1737 1513 1764; x_wconf 77' lang='grc' dir='ltr'><strong>καὶ</strong></span> <span class='ocrx_word' id='word_1_605' title='bbox 1529 1736 1564 1764; x_wconf 85' lang='grc' dir='ltr'>τὰ</span> <span class='ocrx_word' id='word_1_606' title='bbox 1586 1736 1675 1763; x_wconf 79' lang='grc' dir='ltr'>ἐκεῖσε</span> <span class='ocrx_word' id='word_1_607' title='bbox 1705 1736 1826 1763; x_wconf 75' lang='grc' dir='ltr'>σάϐὂατα</span> <span class='ocrx_word' id='word_1_608' title='bbox 1848 1737 1914 1772; x_wconf 78' lang='grc' dir='ltr'><strong>ἀλη-</strong></span> 
     </span>
    </p>
   </div>
   <div class='ocr_carea' id='block_1_81' title="bbox 1127 1779 1913 1819">
    <p class='ocr_par' dir='ltr' id='par_1_81' title="bbox 1127 1779 1913 1819">
     <span class='ocr_line' id='line_1_81' title="bbox 1127 1779 1913 1819; baseline -0.001 -10"><span class='ocrx_word' id='word_1_609' title='bbox 1127 1783 1187 1810; x_wconf 79' lang='grc' dir='ltr'>θινὰ</span> <span class='ocrx_word' id='word_1_610' title='bbox 1203 1784 1249 1810; x_wconf 87' lang='grc' dir='ltr'><strong>ἐπί</strong></span> <span class='ocrx_word' id='word_1_611' title='bbox 1264 1784 1326 1814; x_wconf 75' lang='grc' dir='ltr'>τοὺς</span> <span class='ocrx_word' id='word_1_612' title='bbox 1342 1784 1428 1819; x_wconf 85' lang='grc' dir='ltr'>μῆνας</span> <span class='ocrx_word' id='word_1_613' title='bbox 1438 1784 1501 1815; x_wconf 79' lang='grc' dir='ltr'>τοὺς</span> <span class='ocrx_word' id='word_1_614' title='bbox 1514 1784 1581 1810; x_wconf 83' lang='grc' dir='ltr'>ἐκεῖ,</span> <span class='ocrx_word' id='word_1_615' title='bbox 1599 1782 1667 1818; x_wconf 63' lang='grc' dir='ltr'>Περὶ</span> <span class='ocrx_word' id='word_1_616' title='bbox 1688 1779 1726 1809; x_wconf 86' lang='grc' dir='ltr'><strong>ὧν</strong></span> <span class='ocrx_word' id='word_1_617' title='bbox 1744 1782 1826 1813; x_wconf 71' lang='grc' dir='ltr'>πολὺς</span> <span class='ocrx_word' id='word_1_618' title='bbox 1840 1783 1854 1808; x_wconf 81' lang='grc' dir='ltr'><strong><em>ὁ</em></strong></span> <span class='ocrx_word' id='word_1_619' title='bbox 1871 1782 1913 1808; x_wconf 83' lang='grc' dir='ltr'><strong>λό-</strong></span> 
     </span>
    </p>
   </div>
   <div class='ocr_carea' id='block_1_82' title="bbox 1126 1827 1912 1865">
    <p class='ocr_par' dir='ltr' id='par_1_82' title="bbox 1126 1827 1912 1865">
     <span class='ocr_line' id='line_1_82' title="bbox 1126 1827 1912 1865; baseline -0.001 -10"><span class='ocrx_word' id='word_1_620' title='bbox 1126 1837 1173 1863; x_wconf 85' lang='grc' dir='ltr'>γος</span> <span class='ocrx_word' id='word_1_621' title='bbox 1189 1829 1236 1855; x_wconf 78' lang='grc' dir='ltr'>καὶ</span> <span class='ocrx_word' id='word_1_622' title='bbox 1250 1828 1473 1865; x_wconf 77' lang='grc' dir='ltr'>δυσερμήνευτος,</span> <span class='ocrx_word' id='word_1_623' title='bbox 1486 1828 1582 1864; x_wconf 80' lang='grc' dir='ltr'>σχολῆς</span> <span class='ocrx_word' id='word_1_624' title='bbox 1593 1837 1622 1855; x_wconf 85' lang='grc' dir='ltr'><strong>τε</strong></span> <span class='ocrx_word' id='word_1_625' title='bbox 1639 1829 1746 1864; x_wconf 75' lang='grc' dir='ltr'>μακρᾶς</span> <span class='ocrx_word' id='word_1_626' title='bbox 1754 1829 1801 1854; x_wconf 80' lang='grc' dir='ltr'><strong>καὶ</strong></span> <span class='ocrx_word' id='word_1_627' title='bbox 1812 1827 1912 1859; x_wconf 72' lang='grc' dir='ltr'>οἰκείας</span> 
     </span>
    </p>
   </div>
   <div class='ocr_carea' id='block_1_83' title="bbox 1125 1874 1912 1910">
    <p class='ocr_par' dir='ltr' id='par_1_83' title="bbox 1125 1874 1912 1910">
     <span class='ocr_line' id='line_1_83' title="bbox 1125 1874 1912 1910; baseline -0.001 -9"><span class='ocrx_word' id='word_1_628' title='bbox 1125 1874 1279 1906; x_wconf 79' lang='grc' dir='ltr'>ὑποθέσεως</span> <span class='ocrx_word' id='word_1_629' title='bbox 1291 1875 1425 1910; x_wconf 77' lang='grc' dir='ltr'>δεόμενος.</span> <span class='ocrx_word' id='word_1_630' title='bbox 1441 1875 1535 1909; x_wconf 87' lang='grc' dir='ltr'>Σάρκα</span> <span class='ocrx_word' id='word_1_631' title='bbox 1547 1874 1575 1900; x_wconf 86' lang='grc' dir='ltr'><strong>δὲ</strong></span> <span class='ocrx_word' id='word_1_632' title='bbox 1589 1875 1677 1901; x_wconf 82' lang='grc' dir='ltr'>πᾶσαν</span> <span class='ocrx_word' id='word_1_633' title='bbox 1691 1874 1764 1908; x_wconf 80' lang='grc' dir='ltr'>λέγει</span> <span class='ocrx_word' id='word_1_634' title='bbox 1779 1874 1866 1900; x_wconf 84' lang='grc' dir='ltr'>πάντα</span> <span class='ocrx_word' id='word_1_635' title='bbox 1879 1874 1912 1900; x_wconf 80' lang='grc' dir='ltr'>τὰ</span> 
     </span>
    </p>
   </div>
   <div class='ocr_carea' id='block_1_84' title="bbox 1125 1919 1910 1957">
    <p class='ocr_par' dir='ltr' id='par_1_84' title="bbox 1125 1919 1910 1957">
     <span class='ocr_line' id='line_1_84' title="bbox 1125 1919 1910 1957; baseline -0.003 -10"><span class='ocrx_word' id='word_1_636' title='bbox 1125 1921 1187 1957; x_wconf 76' lang='grc' dir='ltr'><strong>ἔθνη</strong></span> <span class='ocrx_word' id='word_1_637' title='bbox 1203 1920 1296 1947; x_wconf 81' lang='grc' dir='ltr'>τοῦτον</span> <span class='ocrx_word' id='word_1_638' title='bbox 1323 1921 1463 1956; x_wconf 79' lang='grc' dir='ltr'><strong>ὀνομάζων</strong></span> <span class='ocrx_word' id='word_1_639' title='bbox 1483 1920 1529 1947; x_wconf 78' lang='grc' dir='ltr'>τὸν</span> <span class='ocrx_word' id='word_1_640' title='bbox 1550 1920 1666 1956; x_wconf 76' lang='grc' dir='ltr'>τρόπον·</span> <span class='ocrx_word' id='word_1_641' title='bbox 1684 1920 1754 1946; x_wconf 70' lang='grc' dir='ltr'>οὕτω</span> <span class='ocrx_word' id='word_1_642' title='bbox 1769 1919 1835 1954; x_wconf 76' lang='grc' dir='ltr'>γοῦν</span> <span class='ocrx_word' id='word_1_643' title='bbox 1854 1919 1910 1946; x_wconf 84' lang='grc' dir='ltr'>ἐλέ-</span> 
     </span>
    </p>
   </div>
   <div class='ocr_carea' id='block_1_85' title="bbox 1124 1965 1913 2002">
    <p class='ocr_par' dir='ltr' id='par_1_85' title="bbox 1124 1965 1913 2002">
     <span class='ocr_line' id='line_1_85' title="bbox 1124 1965 1913 2002; baseline -0.001 -9"><span class='ocrx_word' id='word_1_644' title='bbox 1124 1975 1187 2001; x_wconf 78' lang='grc' dir='ltr'>γετο</span> <span class='ocrx_word' id='word_1_645' title='bbox 1206 1967 1253 1993; x_wconf 71' lang='grc' dir='ltr'>καὶ</span> <span class='ocrx_word' id='word_1_646' title='bbox 1275 1966 1320 1993; x_wconf 80' lang='grc' dir='ltr'><strong>διὰ</strong></span> <span class='ocrx_word' id='word_1_647' title='bbox 1335 1967 1389 1993; x_wconf 86' lang='grc' dir='ltr'>τῶν</span> <span class='ocrx_word' id='word_1_648' title='bbox 1413 1966 1567 2002; x_wconf 76' lang='grc' dir='ltr'>ἔμπροσθεν</span> <span class='ocrx_word' id='word_1_649' title='bbox 1580 1975 1587 1981; x_wconf 90' lang='grc'>·</span> <span class='ocrx_word' id='word_1_650' title='bbox 1616 1975 1625 1992; x_wconf 79' lang='grc' dir='ltr'><strong>ι</strong></span> <span class='ocrx_word' id='word_1_651' title='bbox 1646 1966 1760 2001; x_wconf 79' lang='grc' dir='ltr'>Ὄψεται</span> <span class='ocrx_word' id='word_1_652' title='bbox 1784 1965 1812 1992; x_wconf 83' lang='grc' dir='ltr'><strong>δὲ</strong></span> <span class='ocrx_word' id='word_1_653' title='bbox 1839 1966 1913 1992; x_wconf 80' lang='grc' dir='ltr'>πᾶσα</span> 
     </span>
    </p>
   </div>
   <div class='ocr_carea' id='block_1_86' title="bbox 1125 2012 1910 2049">
    <p class='ocr_par' dir='ltr' id='par_1_86' title="bbox 1125 2012 1910 2049">
     <span class='ocr_line' id='line_1_86' title="bbox 1125 2012 1910 2049; baseline -0.001 -10"><span class='ocrx_word' id='word_1_654' title='bbox 1125 2013 1193 2049; x_wconf 80' lang='grc' dir='ltr'>σὰρξ</span> <span class='ocrx_word' id='word_1_655' title='bbox 1215 2013 1245 2040; x_wconf 84' lang='grc' dir='ltr'>τὸ</span> <span class='ocrx_word' id='word_1_656' title='bbox 1263 2013 1399 2049; x_wconf 86' lang='grc' dir='ltr'>Σωτήριον</span> <span class='ocrx_word' id='word_1_657' title='bbox 1413 2013 1459 2039; x_wconf 83' lang='grc' dir='ltr'>τοῦ</span> <span class='ocrx_word' id='word_1_658' title='bbox 1473 2012 1540 2039; x_wconf 82' lang='grc' dir='ltr'>Θεοῦ</span> <span class='ocrx_word' id='word_1_659' title='bbox 1550 2021 1556 2028; x_wconf 81' lang='grc'><em>’</em></span> <span class='ocrx_word' id='word_1_660' title='bbox 1576 2022 1584 2039; x_wconf 74' lang='grc' dir='ltr'><strong>ι</strong></span> <span class='ocrx_word' id='word_1_661' title='bbox 1600 2013 1648 2039; x_wconf 78' lang='grc' dir='ltr'><strong>καὶ</strong></span> <span class='ocrx_word' id='word_1_662' title='bbox 1663 2012 1778 2047; x_wconf 80' lang='grc' dir='ltr'>ἀλλαχοῦ</span> <span class='ocrx_word' id='word_1_663' title='bbox 1788 2021 1795 2027; x_wconf 70' lang='grc'><strong>⁸</strong></span> <span class='ocrx_word' id='word_1_664' title='bbox 1817 2021 1826 2037; x_wconf 79' lang='grc' dir='ltr'>ι</span> <span class='ocrx_word' id='word_1_665' title='bbox 1849 2012 1910 2038; x_wconf 76' lang='grc' dir='ltr'><strong>Ἐκ-</strong></span> 
     </span>
    </p>
   </div>
   <div class='ocr_carea' id='block_1_87' title="bbox 1124 2059 1911 2094">
    <p class='ocr_par' dir='ltr' id='par_1_87' title="bbox 1124 2059 1911 2094">
     <span class='ocr_line' id='line_1_87' title="bbox 1124 2059 1911 2094; baseline -0.001 -9"><span class='ocrx_word' id='word_1_666' title='bbox 1124 2059 1178 2094; x_wconf 84' lang='grc' dir='ltr'>χεῶ</span> <span class='ocrx_word' id='word_1_667' title='bbox 1194 2059 1247 2085; x_wconf 77' lang='grc' dir='ltr'><strong>ἀπὸ</strong></span> <span class='ocrx_word' id='word_1_668' title='bbox 1263 2059 1311 2086; x_wconf 76' lang='grc' dir='ltr'>τοῦ</span> <span class='ocrx_word' id='word_1_669' title='bbox 1324 2059 1481 2094; x_wconf 83' lang='grc' dir='ltr'>Πνεύματός</span> <span class='ocrx_word' id='word_1_670' title='bbox 1501 2067 1551 2093; x_wconf 80' lang='grc' dir='ltr'><strong>μου</strong></span> <span class='ocrx_word' id='word_1_671' title='bbox 1565 2059 1611 2085; x_wconf 75' lang='grc' dir='ltr'><strong>ἐπὶ</strong></span> <span class='ocrx_word' id='word_1_672' title='bbox 1634 2060 1723 2088; x_wconf 77' lang='grc' dir='ltr'>πᾶσαν</span> <span class='ocrx_word' id='word_1_673' title='bbox 1742 2059 1841 2094; x_wconf 80' lang='grc' dir='ltr'>σάρκα,</span> <span class='ocrx_word' id='word_1_674' title='bbox 1866 2059 1911 2085; x_wconf 71' lang='grc' dir='ltr'><strong>καὶ</strong></span> 
     </span>
    </p>
   </div>
   <div class='ocr_carea' id='block_1_88' title="bbox 1123 2104 1912 2141">
    <p class='ocr_par' dir='ltr' id='par_1_88' title="bbox 1123 2104 1912 2141">
     <span class='ocr_line' id='line_1_88' title="bbox 1123 2104 1912 2141; baseline -0.003 -9"><span class='ocrx_word' id='word_1_675' title='bbox 1123 2105 1357 2141; x_wconf 75' lang='grc' dir='ltr'>προφητεύσουσιν</span> <span class='ocrx_word' id='word_1_676' title='bbox 1379 2106 1407 2131; x_wconf 85' lang='grc' dir='ltr'>ἐν</span> <span class='ocrx_word' id='word_1_677' title='bbox 1436 2104 1624 2140; x_wconf 83' lang='grc' dir='ltr'>Ἰερουσαλήμ.</span> <span class='ocrx_word' id='word_1_678' title='bbox 1643 2115 1652 2130; x_wconf 75' lang='grc' dir='ltr'>ι</span> <span class='ocrx_word' id='word_1_679' title='bbox 1669 2105 1727 2141; x_wconf 74' lang='grc' dir='ltr'>Τὴν</span> <span class='ocrx_word' id='word_1_680' title='bbox 1751 2105 1912 2140; x_wconf 78' lang='grc' dir='ltr'>ἐπουράνιον</span> 
     </span>
    </p>
   </div>
   <div class='ocr_carea' id='block_1_89' title="bbox 1124 2151 1910 2188">
    <p class='ocr_par' dir='ltr' id='par_1_89' title="bbox 1124 2151 1910 2188">
     <span class='ocr_line' id='line_1_89' title="bbox 1124 2151 1910 2188; baseline -0.001 -10"><span class='ocrx_word' id='word_1_681' title='bbox 1124 2152 1250 2188; x_wconf 82' lang='grc' dir='ltr'>σημαίνει</span> <span class='ocrx_word' id='word_1_682' title='bbox 1269 2152 1456 2188; x_wconf 81' lang='grc' dir='ltr'>Ἰερουσαλὴμ,</span> <span class='ocrx_word' id='word_1_683' title='bbox 1469 2151 1534 2178; x_wconf 75' lang='grc' dir='ltr'>ἔνθα</span> <span class='ocrx_word' id='word_1_684' title='bbox 1546 2152 1735 2187; x_wconf 80' lang='grc' dir='ltr'>συστήσεταιή</span> <span class='ocrx_word' id='word_1_685' title='bbox 1756 2151 1802 2177; x_wconf 81' lang='grc' dir='ltr'>τοῦ</span> <span class='ocrx_word' id='word_1_686' title='bbox 1820 2151 1910 2186; x_wconf 75' lang='grc' dir='ltr'><strong>Σωτῆ-</strong></span> 
     </span>
    </p>
   </div>
   <div class='ocr_carea' id='block_1_90' title="bbox 1124 2197 1404 2234">
    <p class='ocr_par' dir='ltr' id='par_1_90' title="bbox 1124 2197 1404 2234">
     <span class='ocr_line' id='line_1_90' title="bbox 1124 2197 1404 2234; baseline 0 -10"><span class='ocrx_word' id='word_1_687' title='bbox 1124 2206 1169 2234; x_wconf 89' lang='grc' dir='ltr'>ρος</span> <span class='ocrx_word' id='word_1_688' title='bbox 1180 2198 1195 2233; x_wconf 86' lang='grc' dir='ltr'><strong>ή</strong></span> <span class='ocrx_word' id='word_1_689' title='bbox 1200 2198 1256 2233; x_wconf 86' lang='grc' dir='ltr'><strong>μῶν</strong></span> <span class='ocrx_word' id='word_1_690' title='bbox 1271 2197 1404 2233; x_wconf 84' lang='grc' dir='ltr'>βασιλεία.</span> 
     </span>
    </p>
   </div>
   <div class='ocr_carea' id='block_1_91' title="bbox 323 2242 1075 2278">
    <p class='ocr_par' dir='ltr' id='par_1_91' title="bbox 323 2242 1073 2272">
     <span class='ocr_line' id='line_1_91' title="bbox 323 2242 1073 2272; baseline 0.003 -2"><span class='ocrx_word' id='word_1_691' title='bbox 323 2244 406 2271; x_wconf 70' lang='lat' dir='ltr'><strong>Vens.</strong></span> <span class='ocrx_word' id='word_1_692' title='bbox 424 2243 470 2271; x_wconf 65' lang='lat' dir='ltr'><strong>2L</strong></span> <span class='ocrx_word' id='word_1_693' title='bbox 491 2252 501 2268; x_wconf 76' lang='grc' dir='ltr'>ι</span> <span class='ocrx_word' id='word_1_694' title='bbox 525 2242 558 2270; x_wconf 88' lang='grc' dir='ltr'>Ει</span> <span class='ocrx_word' id='word_1_695' title='bbox 573 2243 687 2270; x_wconf 77' lang='lat' dir='ltr'><strong>exibunt</strong></span> <span class='ocrx_word' id='word_1_696' title='bbox 702 2248 729 2271; x_wconf 89' lang='lat' dir='ltr'><strong>et</strong></span> <span class='ocrx_word' id='word_1_697' title='bbox 747 2243 874 2271; x_wconf 80' lang='lat' dir='ltr'><strong>videbunt</strong></span> <span class='ocrx_word' id='word_1_698' title='bbox 892 2244 1010 2271; x_wconf 91' lang='lat' dir='ltr'><strong>membra</strong></span> <span class='ocrx_word' id='word_1_699' title='bbox 1025 2245 1073 2272; x_wconf 79' lang='lat' dir='ltr'><strong>lto-</strong></span> 
     </span>
    </p>
   </div>
   <div class='ocr_carea' id='block_1_92' title="bbox 1126 2242 1909 2278">
    <p class='ocr_par' dir='ltr' id='par_1_92' title="bbox 1159 2243 1909 2278">
     <span class='ocr_line' id='line_1_92' title="bbox 1159 2243 1909 2278; baseline 0 -8"><span class='ocrx_word' id='word_1_700' title='bbox 1159 2254 1168 2270; x_wconf 78' lang='lat'><strong>(</strong></span> <span class='ocrx_word' id='word_1_701' title='bbox 1196 2245 1251 2271; x_wconf 79' lang='grc' dir='ltr'>Καὶ</span> <span class='ocrx_word' id='word_1_702' title='bbox 1277 2244 1460 2277; x_wconf 80' lang='grc' dir='ltr'>ἐξελεύσονται</span> <span class='ocrx_word' id='word_1_703' title='bbox 1492 2245 1539 2272; x_wconf 72' lang='grc' dir='ltr'><strong>καὶ</strong></span> <span class='ocrx_word' id='word_1_704' title='bbox 1565 2245 1674 2278; x_wconf 71' lang='grc' dir='ltr'>ὄψονται</span> <span class='ocrx_word' id='word_1_705' title='bbox 1699 2244 1735 2271; x_wconf 72' lang='grc' dir='ltr'>τὰ</span> <span class='ocrx_word' id='word_1_706' title='bbox 1754 2243 1828 2270; x_wconf 81' lang='grc' dir='ltr'>κῶλα</span> <span class='ocrx_word' id='word_1_707' title='bbox 1855 2243 1909 2270; x_wconf 80' lang='grc' dir='ltr'>τῶν</span> 
     </span>
    </p>
   </div>
   <div class='ocr_carea' id='block_1_93' title="bbox 287 2289 1068 2325">
    <p class='ocr_par' dir='ltr' id='par_1_93' title="bbox 287 2289 1068 2325">
     <span class='ocr_line' id='line_1_93' title="bbox 287 2289 1068 2325; baseline 0.001 -8"><span class='ocrx_word' id='word_1_708' title='bbox 287 2291 400 2324; x_wconf 84' lang='lat' dir='ltr'><strong>minum,</strong></span> <span class='ocrx_word' id='word_1_709' title='bbox 418 2291 463 2325; x_wconf 87' lang='lat' dir='ltr'><strong>qui</strong></span> <span class='ocrx_word' id='word_1_710' title='bbox 481 2290 652 2324; x_wconf 77' lang='lat' dir='ltr'><strong>pnevaricati</strong></span> <span class='ocrx_word' id='word_1_711' title='bbox 674 2296 737 2317; x_wconf 87' lang='lat' dir='ltr'><strong>sunt</strong></span> <span class='ocrx_word' id='word_1_712' title='bbox 759 2290 786 2317; x_wconf 88' lang='lat' dir='ltr'><strong>in</strong></span> <span class='ocrx_word' id='word_1_713' title='bbox 803 2297 856 2317; x_wconf 88' lang='lat' dir='ltr'><strong>me.</strong></span> <span class='ocrx_word' id='word_1_714' title='bbox 871 2289 977 2318; x_wconf 74' lang='lat' dir='ltr'><strong>Verulis</strong></span> <span class='ocrx_word' id='word_1_715' title='bbox 995 2291 1068 2318; x_wconf 86' lang='lat' dir='ltr'><strong>enim</strong></span> 
     </span>
    </p>
   </div>
   <div class='ocr_carea' id='block_1_94' title="bbox 286 2335 1070 2371">
    <p class='ocr_par' dir='ltr' id='par_1_94' title="bbox 286 2335 1070 2371">
     <span class='ocr_line' id='line_1_94' title="bbox 286 2335 1070 2371; baseline -0.001 -7"><span class='ocrx_word' id='word_1_716' title='bbox 286 2344 379 2364; x_wconf 82' lang='lat' dir='ltr'><strong>eorum</strong></span> <span class='ocrx_word' id='word_1_717' title='bbox 393 2343 446 2363; x_wconf 89' lang='lat' dir='ltr'><strong>non</strong></span> <span class='ocrx_word' id='word_1_718' title='bbox 463 2336 603 2369; x_wconf 88' lang='lat' dir='ltr'><strong>morietur,</strong></span> <span class='ocrx_word' id='word_1_719' title='bbox 617 2340 644 2363; x_wconf 81' lang='lat' dir='ltr'><strong>et</strong></span> <span class='ocrx_word' id='word_1_720' title='bbox 658 2335 728 2371; x_wconf 79' lang='lat' dir='ltr'><strong>ignis</strong></span> <span class='ocrx_word' id='word_1_721' title='bbox 741 2343 833 2363; x_wconf 86' lang='lat' dir='ltr'><strong>eorum</strong></span> <span class='ocrx_word' id='word_1_722' title='bbox 847 2343 900 2362; x_wconf 94' lang='lat' dir='ltr'><strong>non</strong></span> <span class='ocrx_word' id='word_1_723' title='bbox 914 2337 1070 2371; x_wconf 79' lang='lat' dir='ltr'><strong>exstingue-</strong></span> 
     </span>
    </p>
   </div>
   <div class='ocr_carea' id='block_1_95' title="bbox 286 2382 1064 2416">
    <p class='ocr_par' dir='ltr' id='par_1_95' title="bbox 286 2382 1064 2416">
     <span class='ocr_line' id='line_1_95' title="bbox 286 2382 1064 2416; baseline -0.001 -6"><span class='ocrx_word' id='word_1_724' title='bbox 286 2387 342 2415; x_wconf 88' lang='lat' dir='ltr'><strong>tur,</strong></span> <span class='ocrx_word' id='word_1_725' title='bbox 361 2387 388 2410; x_wconf 91' lang='lat' dir='ltr'><strong>et</strong></span> <span class='ocrx_word' id='word_1_726' title='bbox 405 2387 485 2410; x_wconf 85' lang='lat' dir='ltr'><strong>erunt</strong></span> <span class='ocrx_word' id='word_1_727' title='bbox 500 2382 525 2409; x_wconf 95' lang='lat' dir='ltr'><strong>in</strong></span> <span class='ocrx_word' id='word_1_728' title='bbox 538 2386 712 2416; x_wconf 83' lang='lat' dir='ltr'><strong>conspectum</strong></span> <span class='ocrx_word' id='word_1_729' title='bbox 731 2382 803 2408; x_wconf 91' lang='lat' dir='ltr'><strong>omni</strong></span> <span class='ocrx_word' id='word_1_730' title='bbox 819 2382 905 2409; x_wconf 84' lang='lat' dir='ltr'><strong>carni.</strong></span> <span class='ocrx_word' id='word_1_731' title='bbox 922 2393 932 2408; x_wconf 76' lang='grc' dir='ltr'><strong><em>ο</em></strong></span> <span class='ocrx_word' id='word_1_732' title='bbox 948 2382 1064 2415; x_wconf 80' lang='lat' dir='ltr'><strong>Quinum</strong></span> 
     </span>
    </p>
   </div>
   <div class='ocr_carea' id='block_1_96' title="bbox 285 2427 1068 2462">
    <p class='ocr_par' dir='ltr' id='par_1_96' title="bbox 285 2427 1068 2462">
     <span class='ocr_line' id='line_1_96' title="bbox 285 2427 1068 2462; baseline 0 -7"><span class='ocrx_word' id='word_1_733' title='bbox 285 2428 314 2455; x_wconf 80' lang='lat' dir='ltr'><strong>bi</strong></span> <span class='ocrx_word' id='word_1_734' title='bbox 329 2432 419 2455; x_wconf 83' lang='lat' dir='ltr'><strong>essent</strong></span> <span class='ocrx_word' id='word_1_735' title='bbox 432 2427 510 2454; x_wconf 85' lang='lat' dir='ltr'><strong>initio</strong></span> <span class='ocrx_word' id='word_1_736' title='bbox 525 2427 674 2462; x_wconf 74' lang='lat' dir='ltr'><strong>pr0phetia:</strong></span> <span class='ocrx_word' id='word_1_737' title='bbox 685 2427 753 2454; x_wconf 78' lang='lat' dir='ltr'><strong>dixit</strong></span> <span class='ocrx_word' id='word_1_738' title='bbox 770 2427 812 2453; x_wconf 85' lang='lat' dir='ltr'><strong>his</strong></span> <span class='ocrx_word' id='word_1_739' title='bbox 827 2427 934 2455; x_wconf 80' lang='lat' dir='ltr'><strong>verbis:</strong></span> <span class='ocrx_word' id='word_1_740' title='bbox 955 2437 964 2453; x_wconf 83' lang='grc' dir='ltr'><strong>ι</strong></span> <span class='ocrx_word' id='word_1_741' title='bbox 986 2427 1068 2455; x_wconf 79' lang='lat' dir='ltr'><strong>Filios</strong></span> 
     </span>
    </p>
   </div>
   <div class='ocr_carea' id='block_1_97' title="bbox 285 2474 1066 2510">
    <p class='ocr_par' dir='ltr' id='par_1_97' title="bbox 285 2474 1066 2510">
     <span class='ocr_line' id='line_1_97' title="bbox 285 2474 1066 2510; baseline -0.004 -7"><span class='ocrx_word' id='word_1_742' title='bbox 285 2476 383 2510; x_wconf 72' lang='lat' dir='ltr'><strong>genui,</strong></span> <span class='ocrx_word' id='word_1_743' title='bbox 406 2479 433 2502; x_wconf 86' lang='lat' dir='ltr'><strong>et</strong></span> <span class='ocrx_word' id='word_1_744' title='bbox 456 2474 595 2502; x_wconf 85' lang='lat' dir='ltr'><strong>exaltavi:</strong></span> <span class='ocrx_word' id='word_1_745' title='bbox 614 2474 664 2506; x_wconf 83' lang='lat' dir='ltr'><strong>ipsi</strong></span> <span class='ocrx_word' id='word_1_746' title='bbox 688 2479 778 2501; x_wconf 86' lang='lat' dir='ltr'><strong>autem</strong></span> <span class='ocrx_word' id='word_1_747' title='bbox 800 2479 961 2509; x_wconf 85' lang='lat' dir='ltr'><strong>spreverunt</strong></span> <span class='ocrx_word' id='word_1_748' title='bbox 984 2482 1036 2501; x_wconf 88' lang='lat' dir='ltr'><strong>me.</strong></span> <span class='ocrx_word' id='word_1_749' title='bbox 1055 2484 1066 2500; x_wconf 73' lang='grc' dir='ltr'>ι</span> 
     </span>
    </p>
   </div>
   <div class='ocr_carea' id='block_1_98' title="bbox 285 2518 1064 2554">
    <p class='ocr_par' dir='ltr' id='par_1_98' title="bbox 285 2518 1064 2554">
     <span class='ocr_line' id='line_1_98' title="bbox 285 2518 1064 2554; baseline -0.001 -7"><span class='ocrx_word' id='word_1_750' title='bbox 285 2521 333 2547; x_wconf 82' lang='lat' dir='ltr'><strong>llis</strong></span> <span class='ocrx_word' id='word_1_751' title='bbox 346 2527 411 2554; x_wconf 77' lang='lat' dir='ltr'><strong>ergo</strong></span> <span class='ocrx_word' id='word_1_752' title='bbox 429 2520 583 2547; x_wconf 84' lang='lat' dir='ltr'><strong>subindicat</strong></span> <span class='ocrx_word' id='word_1_753' title='bbox 600 2519 660 2546; x_wconf 84' lang='lat' dir='ltr'><strong>illos</strong></span> <span class='ocrx_word' id='word_1_754' title='bbox 679 2526 712 2546; x_wconf 76' lang='lat' dir='ltr'><strong>ex</strong></span> <span class='ocrx_word' id='word_1_755' title='bbox 725 2518 835 2552; x_wconf 70' lang='lat' dir='ltr'><strong>Judacis,</strong></span> <span class='ocrx_word' id='word_1_756' title='bbox 851 2519 896 2554; x_wconf 91' lang='lat' dir='ltr'><strong>qui</strong></span> <span class='ocrx_word' id='word_1_757' title='bbox 915 2519 1064 2547; x_wconf 85' lang='lat' dir='ltr'><strong>salutarem</strong></span> 
     </span>
    </p>
   </div>
   <div class='ocr_carea' id='block_1_99' title="bbox 284 2565 1067 2601">
    <p class='ocr_par' dir='ltr' id='par_1_99' title="bbox 284 2565 1067 2601">
     <span class='ocr_line' id='line_1_99' title="bbox 284 2565 1067 2601; baseline 0 -9"><span class='ocrx_word' id='word_1_758' title='bbox 284 2566 399 2601; x_wconf 75' lang='lat' dir='ltr'><strong>gratiam</strong></span> <span class='ocrx_word' id='word_1_759' title='bbox 420 2565 609 2600; x_wconf 86' lang='lat' dir='ltr'><strong>repudiarunt.</strong></span> <span class='ocrx_word' id='word_1_760' title='bbox 629 2565 706 2592; x_wconf 87' lang='lat' dir='ltr'><strong>llunc</strong></span> <span class='ocrx_word' id='word_1_761' title='bbox 732 2565 876 2599; x_wconf 87' lang='lat' dir='ltr'><strong>impiorum</strong></span> <span class='ocrx_word' id='word_1_762' title='bbox 901 2572 963 2593; x_wconf 84' lang='lat' dir='ltr'><strong>esse</strong></span> <span class='ocrx_word' id='word_1_763' title='bbox 988 2566 1067 2592; x_wconf 83' lang='lat' dir='ltr'><strong>linem</strong></span> 
     </span>
    </p>
   </div>
   <div class='ocr_carea' id='block_1_100' title="bbox 283 2611 1069 2647">
    <p class='ocr_par' dir='ltr' id='par_1_100' title="bbox 283 2611 1069 2647">
     <span class='ocr_line' id='line_1_100' title="bbox 283 2611 1069 2647; baseline 0 -9"><span class='ocrx_word' id='word_1_764' title='bbox 283 2611 377 2638; x_wconf 83' lang='lat' dir='ltr'><strong>delinit</strong></span> <span class='ocrx_word' id='word_1_765' title='bbox 393 2611 517 2639; x_wconf 80' lang='lat' dir='ltr'><strong>Salvator</strong></span> <span class='ocrx_word' id='word_1_766' title='bbox 534 2616 627 2638; x_wconf 84' lang='lat' dir='ltr'><strong>noster</strong></span> <span class='ocrx_word' id='word_1_767' title='bbox 650 2611 675 2638; x_wconf 91' lang='lat' dir='ltr'><strong>in</strong></span> <span class='ocrx_word' id='word_1_768' title='bbox 698 2611 860 2647; x_wconf 80' lang='lat' dir='ltr'><strong>Evangeliis,</strong></span> <span class='ocrx_word' id='word_1_769' title='bbox 876 2619 924 2639; x_wconf 88' lang='lat' dir='ltr'><strong>eos</strong></span> <span class='ocrx_word' id='word_1_770' title='bbox 943 2612 987 2647; x_wconf 90' lang='lat' dir='ltr'><strong>qui</strong></span> <span class='ocrx_word' id='word_1_771' title='bbox 1003 2619 1017 2638; x_wconf 91' lang='lat' dir='ltr'><strong>a</strong></span> <span class='ocrx_word' id='word_1_772' title='bbox 1033 2611 1069 2639; x_wconf 88' lang='lat' dir='ltr'><strong>si-</strong></span> 
     </span>
    </p>
   </div>
   <div class='ocr_carea' id='block_1_101' title="bbox 284 2657 1066 2692">
    <p class='ocr_par' dir='ltr' id='par_1_101' title="bbox 284 2657 1066 2692">
     <span class='ocr_line' id='line_1_101' title="bbox 284 2657 1066 2692; baseline 0 -8"><span class='ocrx_word' id='word_1_773' title='bbox 284 2657 376 2685; x_wconf 86' lang='lat' dir='ltr'><strong>nistris</strong></span> <span class='ocrx_word' id='word_1_774' title='bbox 391 2658 449 2692; x_wconf 82' lang='lat' dir='ltr'><strong>ejus</strong></span> <span class='ocrx_word' id='word_1_775' title='bbox 474 2658 587 2686; x_wconf 87' lang='lat' dir='ltr'><strong>stabunt</strong></span> <span class='ocrx_word' id='word_1_776' title='bbox 610 2658 650 2684; x_wconf 89' lang='lat' dir='ltr'><strong>sic</strong></span> <span class='ocrx_word' id='word_1_777' title='bbox 673 2657 833 2692; x_wconf 86' lang='lat' dir='ltr'><strong>alloquens:</strong></span> <span class='ocrx_word' id='word_1_778' title='bbox 850 2667 859 2683; x_wconf 79' lang='grc' dir='ltr'>ι</span> <span class='ocrx_word' id='word_1_779' title='bbox 882 2657 1018 2685; x_wconf 84' lang='lat' dir='ltr'><strong>Discedite</strong></span> <span class='ocrx_word' id='word_1_780' title='bbox 1039 2658 1066 2684; x_wconf 91' lang='lat' dir='ltr'><strong>iu</strong></span> 
     </span>
    </p>
   </div>
   <div class='ocr_carea' id='block_1_102' title="bbox 283 2703 1083 2744">
    <p class='ocr_par' dir='ltr' id='par_1_102' title="bbox 283 2703 1083 2744">
     <span class='ocr_line' id='line_1_102' title="bbox 283 2703 1083 2744; baseline 0 -15"><span class='ocrx_word' id='word_1_781' title='bbox 283 2703 372 2737; x_wconf 73' lang='lat' dir='ltr'><strong>ignem</strong></span> <span class='ocrx_word' id='word_1_782' title='bbox 384 2709 527 2737; x_wconf 66' lang='lat' dir='ltr'><strong>aeternum,</strong></span> <span class='ocrx_word' id='word_1_783' title='bbox 537 2709 660 2740; x_wconf 83' lang='lat' dir='ltr'><strong>paratum</strong></span> <span class='ocrx_word' id='word_1_784' title='bbox 672 2704 780 2731; x_wconf 86' lang='lat' dir='ltr'><strong>diabolo</strong></span> <span class='ocrx_word' id='word_1_785' title='bbox 789 2704 924 2738; x_wconf 79' lang='lat' dir='ltr'><strong>etangelis</strong></span> <span class='ocrx_word' id='word_1_786' title='bbox 936 2703 1035 2738; x_wconf 72' lang='lat' dir='ltr'><strong>ejus“.</strong></span> <span class='ocrx_word' id='word_1_787' title='bbox 1053 2713 1063 2729; x_wconf 69' lang='grc' dir='ltr'><strong>ι</strong></span> <span class='ocrx_word' id='word_1_788' title='bbox 1079 2741 1083 2744; x_wconf 24' lang='grc'><em>’</em></span> 
     </span>
    </p>
   </div>
   <div class='ocr_carea' id='block_1_103' title="bbox 283 2748 1065 2786">
    <p class='ocr_par' dir='ltr' id='par_1_103' title="bbox 283 2748 1065 2786">
     <span class='ocr_line' id='line_1_103' title="bbox 283 2748 1065 2786; baseline 0.005 -13"><span class='ocrx_word' id='word_1_789' title='bbox 283 2748 515 2781; x_wconf 67' lang='lat' dir='ltr'><strong>Quemadmodum</strong></span> <span class='ocrx_word' id='word_1_790' title='bbox 530 2750 614 2785; x_wconf 76' lang='lat' dir='ltr'><strong>igitur</strong></span> <span class='ocrx_word' id='word_1_791' title='bbox 629 2750 666 2777; x_wconf 91' lang='lat' dir='ltr'><strong>ibi</strong></span> <span class='ocrx_word' id='word_1_792' title='bbox 683 2754 801 2777; x_wconf 56' lang='lat' dir='ltr'><strong>aeternus</strong></span> <span class='ocrx_word' id='word_1_793' title='bbox 817 2750 916 2776; x_wconf 86' lang='lat' dir='ltr'><strong>dicitur</strong></span> <span class='ocrx_word' id='word_1_794' title='bbox 931 2749 1009 2786; x_wconf 71' lang='lat' dir='ltr'><strong>ignis,</strong></span> <span class='ocrx_word' id='word_1_795' title='bbox 1026 2750 1065 2777; x_wconf 86' lang='lat' dir='ltr'><strong>sic</strong></span> 
     </span>
    </p>
   </div>
   <div class='ocr_carea' id='block_1_104' title="bbox 283 2794 1066 2832">
    <p class='ocr_par' dir='ltr' id='par_1_104' title="bbox 283 2794 1066 2832">
     <span class='ocr_line' id='line_1_104' title="bbox 283 2794 1066 2832; baseline 0.003 -11"><span class='ocrx_word' id='word_1_796' title='bbox 283 2798 309 2821; x_wconf 85' lang='lat' dir='ltr'><strong>et</strong></span> <span class='ocrx_word' id='word_1_797' title='bbox 323 2794 373 2822; x_wconf 87' lang='lat' dir='ltr'><strong>hoc</strong></span> <span class='ocrx_word' id='word_1_798' title='bbox 387 2794 446 2821; x_wconf 89' lang='lat' dir='ltr'><strong>loco</strong></span> <span class='ocrx_word' id='word_1_799' title='bbox 464 2804 474 2820; x_wconf 75' lang='grc' dir='ltr'><strong>ι</strong></span> <span class='ocrx_word' id='word_1_800' title='bbox 486 2795 715 2832; x_wconf 76' lang='lat' dir='ltr'><strong>inexstinguibilis</strong></span> <span class='ocrx_word' id='word_1_801' title='bbox 728 2796 836 2829; x_wconf 86' lang='lat' dir='ltr'><strong>dicitur,</strong></span> <span class='ocrx_word' id='word_1_802' title='bbox 851 2803 904 2823; x_wconf 85' lang='lat' dir='ltr'><strong>una</strong></span> <span class='ocrx_word' id='word_1_803' title='bbox 919 2795 1066 2830; x_wconf 78' lang='lat' dir='ltr'><strong>eademque</strong></span> 
     </span>
    </p>
   </div>
   <div class='ocr_carea' id='block_1_105' title="bbox 271 2882 578 2916">
    <p class='ocr_par' dir='ltr' id='par_1_105' title="bbox 271 2882 578 2916">
     <span class='ocr_line' id='line_1_105' title="bbox 271 2882 578 2916; baseline 0 -5"><span class='ocrx_word' id='word_1_804' title='bbox 271 2897 272 2901; x_wconf 58' lang='grc' dir='ltr'><strong>η</strong></span> <span class='ocrx_word' id='word_1_805' title='bbox 315 2882 442 2911; x_wconf 71' lang='lat' dir='ltr'><strong>&quot;Matth.</strong></span> <span class='ocrx_word' id='word_1_806' title='bbox 457 2890 521 2916; x_wconf 72' lang='lat' dir='ltr'><strong>xxv,</strong></span> <span class='ocrx_word' id='word_1_807' title='bbox 534 2884 578 2912; x_wconf 64' lang='grc' dir='ltr'><strong>ΑΙ.</strong></span> 
     </span>
    </p>
   </div>
   <div class='ocr_carea' id='block_1_106' title="bbox 1123 2289 1909 2327">
    <p class='ocr_par' dir='ltr' id='par_1_106' title="bbox 1123 2289 1909 2327">
     <span class='ocr_line' id='line_1_106' title="bbox 1123 2289 1909 2327; baseline -0.001 -10"><span class='ocrx_word' id='word_1_808' title='bbox 1123 2290 1274 2326; x_wconf 82' lang='grc' dir='ltr'><strong>ἀνθρώπων</strong></span> <span class='ocrx_word' id='word_1_809' title='bbox 1299 2290 1353 2317; x_wconf 86' lang='grc' dir='ltr'>τῶν</span> <span class='ocrx_word' id='word_1_810' title='bbox 1384 2292 1615 2327; x_wconf 77' lang='grc' dir='ltr'>παραϐεϐηκότων</span> <span class='ocrx_word' id='word_1_811' title='bbox 1642 2292 1670 2317; x_wconf 87' lang='grc' dir='ltr'>ἐν</span> <span class='ocrx_word' id='word_1_812' title='bbox 1707 2289 1778 2325; x_wconf 82' lang='grc' dir='ltr'>ἐμοί.</span> <span class='ocrx_word' id='word_1_813' title='bbox 1800 2290 1829 2316; x_wconf 86' lang='lat'>&#39;0</span> <span class='ocrx_word' id='word_1_814' title='bbox 1856 2290 1909 2325; x_wconf 80' lang='grc' dir='ltr'><strong>γὰρ</strong></span> 
     </span>
    </p>
   </div>
   <div class='ocr_carea' id='block_1_107' title="bbox 1124 2335 1908 2373">
    <p class='ocr_par' dir='ltr' id='par_1_107' title="bbox 1124 2335 1908 2373">
     <span class='ocr_line' id='line_1_107' title="bbox 1124 2335 1908 2373; baseline -0.001 -11"><span class='ocrx_word' id='word_1_815' title='bbox 1124 2336 1230 2372; x_wconf 79' lang='grc' dir='ltr'>σκώληξ</span> <span class='ocrx_word' id='word_1_816' title='bbox 1245 2336 1333 2363; x_wconf 82' lang='grc' dir='ltr'>αὐτῶν</span> <span class='ocrx_word' id='word_1_817' title='bbox 1348 2337 1378 2363; x_wconf 81' lang='grc' dir='ltr'>οὐ</span> <span class='ocrx_word' id='word_1_818' title='bbox 1392 2337 1555 2373; x_wconf 82' lang='grc' dir='ltr'>τελευτήσει,</span> <span class='ocrx_word' id='word_1_819' title='bbox 1570 2337 1615 2363; x_wconf 73' lang='grc' dir='ltr'>καὶ</span> <span class='ocrx_word' id='word_1_820' title='bbox 1638 2337 1668 2362; x_wconf 82' lang='grc' dir='ltr'>τὺ</span> <span class='ocrx_word' id='word_1_821' title='bbox 1693 2336 1747 2372; x_wconf 80' lang='grc' dir='ltr'>πῦρ</span> <span class='ocrx_word' id='word_1_822' title='bbox 1768 2335 1857 2362; x_wconf 77' lang='grc' dir='ltr'>αὐτῶν</span> <span class='ocrx_word' id='word_1_823' title='bbox 1878 2335 1908 2361; x_wconf 83' lang='grc' dir='ltr'>οὺ</span> 
     </span>
    </p>
   </div>
   <div class='ocr_carea' id='block_1_108' title="bbox 1124 2381 1905 2418">
    <p class='ocr_par' dir='ltr' id='par_1_108' title="bbox 1124 2381 1905 2418">
     <span class='ocr_line' id='line_1_108' title="bbox 1124 2381 1905 2418; baseline -0.003 -11"><span class='ocrx_word' id='word_1_824' title='bbox 1124 2381 1311 2417; x_wconf 79' lang='grc' dir='ltr'>σϐεσθήσεται,</span> <span class='ocrx_word' id='word_1_825' title='bbox 1327 2383 1374 2409; x_wconf 79' lang='grc' dir='ltr'>καὶ</span> <span class='ocrx_word' id='word_1_826' title='bbox 1399 2382 1505 2408; x_wconf 75' lang='grc' dir='ltr'>ἔσονται</span> <span class='ocrx_word' id='word_1_827' title='bbox 1527 2383 1566 2414; x_wconf 79' lang='grc' dir='ltr'><strong>είς</strong></span> <span class='ocrx_word' id='word_1_828' title='bbox 1587 2383 1681 2418; x_wconf 83' lang='grc' dir='ltr'>ὅρασιν</span> <span class='ocrx_word' id='word_1_829' title='bbox 1695 2381 1769 2417; x_wconf 78' lang='grc' dir='ltr'>πάσῃ</span> <span class='ocrx_word' id='word_1_830' title='bbox 1783 2381 1874 2416; x_wconf 79' lang='grc' dir='ltr'>σαρκί.</span> <span class='ocrx_word' id='word_1_831' title='bbox 1896 2389 1905 2404; x_wconf 85' lang='grc' dir='ltr'><strong>ι</strong></span> 
     </span>
    </p>
   </div>
   <div class='ocr_carea' id='block_1_109' title="bbox 1122 2423 1908 2462">
    <p class='ocr_par' dir='ltr' id='par_1_109' title="bbox 1122 2423 1908 2462">
     <span class='ocr_line' id='line_1_109' title="bbox 1122 2423 1908 2462; baseline -0.001 -11"><span class='ocrx_word' id='word_1_832' title='bbox 1122 2425 1200 2457; x_wconf 84' lang='grc' dir='ltr'>Τίνες</span> <span class='ocrx_word' id='word_1_833' title='bbox 1210 2425 1238 2451; x_wconf 72' lang='grc' dir='ltr'><strong>δὲ</strong></span> <span class='ocrx_word' id='word_1_834' title='bbox 1251 2423 1320 2461; x_wconf 79' lang='grc' dir='ltr'>ἦσαν</span> <span class='ocrx_word' id='word_1_835' title='bbox 1337 2423 1419 2458; x_wconf 74' lang='grc' dir='ltr'>οὗτοι,</span> <span class='ocrx_word' id='word_1_836' title='bbox 1433 2427 1461 2452; x_wconf 90' lang='grc' dir='ltr'>ἐν</span> <span class='ocrx_word' id='word_1_837' title='bbox 1473 2427 1544 2462; x_wconf 81' lang='grc' dir='ltr'>ἀρχῇ</span> <span class='ocrx_word' id='word_1_838' title='bbox 1561 2425 1612 2461; x_wconf 77' lang='grc' dir='ltr'><strong>τῆς</strong></span> <span class='ocrx_word' id='word_1_839' title='bbox 1629 2425 1796 2461; x_wconf 73' lang='grc' dir='ltr'>προφητείας</span> <span class='ocrx_word' id='word_1_840' title='bbox 1816 2425 1908 2460; x_wconf 72' lang='grc' dir='ltr'>ἐδήλου</span> 
     </span>
    </p>
   </div>
   <div class='ocr_carea' id='block_1_110' title="bbox 1120 2472 1909 2509">
    <p class='ocr_par' dir='ltr' id='par_1_110' title="bbox 1120 2472 1909 2509">
     <span class='ocr_line' id='line_1_110' title="bbox 1120 2472 1909 2509; baseline -0.001 -10"><span class='ocrx_word' id='word_1_841' title='bbox 1120 2472 1207 2507; x_wconf 82' lang='grc' dir='ltr'>λέγων</span> <span class='ocrx_word' id='word_1_842' title='bbox 1219 2482 1225 2488; x_wconf 85' lang='grc'><strong>-</strong></span> <span class='ocrx_word' id='word_1_843' title='bbox 1243 2483 1252 2499; x_wconf 77' lang='grc' dir='ltr'><strong>ι</strong></span> <span class='ocrx_word' id='word_1_844' title='bbox 1270 2473 1350 2505; x_wconf 76' lang='grc' dir='ltr'>Υἱοὺς</span> <span class='ocrx_word' id='word_1_845' title='bbox 1370 2474 1511 2509; x_wconf 80' lang='grc' dir='ltr'>ἐγέννησα,</span> <span class='ocrx_word' id='word_1_846' title='bbox 1533 2474 1579 2500; x_wconf 70' lang='grc' dir='ltr'>καὶ</span> <span class='ocrx_word' id='word_1_847' title='bbox 1600 2473 1711 2508; x_wconf 73' lang='grc' dir='ltr'>ὕψωσα·</span> <span class='ocrx_word' id='word_1_848' title='bbox 1734 2473 1811 2499; x_wconf 76' lang='grc' dir='ltr'>αὐτοὶ</span> <span class='ocrx_word' id='word_1_849' title='bbox 1827 2472 1854 2498; x_wconf 78' lang='grc' dir='ltr'><strong>δέ</strong></span> <span class='ocrx_word' id='word_1_850' title='bbox 1875 2479 1909 2507; x_wconf 77' lang='grc' dir='ltr'><strong>με</strong></span> 
     </span>
    </p>
   </div>
   <div class='ocr_carea' id='block_1_111' title="bbox 1118 2511 1909 2554">
    <p class='ocr_par' dir='ltr' id='par_1_111' title="bbox 1118 2511 1909 2554">
     <span class='ocr_line' id='line_1_111' title="bbox 1118 2511 1909 2554; baseline -0.003 -8"><span class='ocrx_word' id='word_1_851' title='bbox 1118 2519 1263 2554; x_wconf 79' lang='grc' dir='ltr'>ἠθέτησαν.</span> <span class='ocrx_word' id='word_1_852' title='bbox 1282 2511 1291 2544; x_wconf 58' lang='grc' dir='ltr'><strong><em>ἰ</em></strong></span> <span class='ocrx_word' id='word_1_853' title='bbox 1313 2519 1435 2554; x_wconf 82' lang='grc' dir='ltr'>ᾘνίξατο</span> <span class='ocrx_word' id='word_1_854' title='bbox 1449 2520 1537 2546; x_wconf 83' lang='grc' dir='ltr'>τοίνυν</span> <span class='ocrx_word' id='word_1_855' title='bbox 1557 2520 1620 2551; x_wconf 79' lang='grc' dir='ltr'>τοὺς</span> <span class='ocrx_word' id='word_1_856' title='bbox 1645 2520 1678 2545; x_wconf 73' lang='grc' dir='ltr'><strong>ἐκ</strong></span> <span class='ocrx_word' id='word_1_857' title='bbox 1706 2518 1753 2544; x_wconf 82' lang='grc' dir='ltr'>τοῦ</span> <span class='ocrx_word' id='word_1_858' title='bbox 1773 2518 1909 2545; x_wconf 81' lang='grc' dir='ltr'>Ἰουδαίων</span> 
     </span>
    </p>
   </div>
   <div class='ocr_carea' id='block_1_112' title="bbox 1119 2564 1909 2602">
    <p class='ocr_par' dir='ltr' id='par_1_112' title="bbox 1119 2564 1909 2602">
     <span class='ocr_line' id='line_1_112' title="bbox 1119 2564 1909 2602; baseline -0.003 -10"><span class='ocrx_word' id='word_1_859' title='bbox 1119 2565 1211 2597; x_wconf 79' lang='grc' dir='ltr'>ἔθνους</span> <span class='ocrx_word' id='word_1_860' title='bbox 1227 2566 1274 2601; x_wconf 83' lang='grc' dir='ltr'>τὴν</span> <span class='ocrx_word' id='word_1_861' title='bbox 1285 2567 1417 2602; x_wconf 85' lang='grc' dir='ltr'>σωτήριον</span> <span class='ocrx_word' id='word_1_862' title='bbox 1430 2566 1614 2601; x_wconf 84' lang='grc' dir='ltr'>ἁθετήσαντας</span> <span class='ocrx_word' id='word_1_863' title='bbox 1627 2566 1716 2601; x_wconf 85' lang='grc' dir='ltr'>χάριν.</span> <span class='ocrx_word' id='word_1_864' title='bbox 1737 2565 1768 2591; x_wconf 81' lang='lat'><strong>&#39;0</strong></span> <span class='ocrx_word' id='word_1_865' title='bbox 1785 2565 1816 2600; x_wconf 84' lang='grc' dir='ltr'><strong>δὴ</strong></span> <span class='ocrx_word' id='word_1_866' title='bbox 1833 2564 1909 2597; x_wconf 80' lang='grc' dir='ltr'>τέλος</span> 
     </span>
    </p>
   </div>
   <div class='ocr_carea' id='block_1_113' title="bbox 1119 2610 1908 2647">
    <p class='ocr_par' dir='ltr' id='par_1_113' title="bbox 1119 2610 1908 2647">
     <span class='ocr_line' id='line_1_113' title="bbox 1119 2610 1908 2647; baseline 0.001 -11"><span class='ocrx_word' id='word_1_867' title='bbox 1119 2610 1173 2637; x_wconf 83' lang='grc' dir='ltr'>τῶν</span> <span class='ocrx_word' id='word_1_868' title='bbox 1186 2611 1292 2638; x_wconf 76' lang='grc' dir='ltr'>ἀσεϐῶν</span> <span class='ocrx_word' id='word_1_869' title='bbox 1307 2612 1426 2647; x_wconf 78' lang='grc' dir='ltr'>ὁρίζεται</span> <span class='ocrx_word' id='word_1_870' title='bbox 1442 2612 1489 2639; x_wconf 73' lang='grc' dir='ltr'><strong>καὶ</strong></span> <span class='ocrx_word' id='word_1_871' title='bbox 1503 2612 1516 2637; x_wconf 86' lang='grc' dir='ltr'>ὁ</span> <span class='ocrx_word' id='word_1_872' title='bbox 1532 2612 1626 2647; x_wconf 48' lang='grc' dir='ltr'>θυτὴρ</span> <span class='ocrx_word' id='word_1_873' title='bbox 1640 2611 1717 2647; x_wconf 85' lang='grc' dir='ltr'>ήμῶν</span> <span class='ocrx_word' id='word_1_874' title='bbox 1738 2612 1766 2638; x_wconf 85' lang='grc' dir='ltr'>ἐν</span> <span class='ocrx_word' id='word_1_875' title='bbox 1783 2610 1908 2645; x_wconf 57' lang='lat' dir='ltr'><strong>Euan;—</strong></span> 
     </span>
    </p>
   </div>
   <div class='ocr_carea' id='block_1_114' title="bbox 1119 2657 1906 2693">
    <p class='ocr_par' dir='ltr' id='par_1_114' title="bbox 1119 2657 1906 2693">
     <span class='ocr_line' id='line_1_114' title="bbox 1119 2657 1906 2693; baseline 0 -10"><span class='ocrx_word' id='word_1_876' title='bbox 1119 2657 1186 2690; x_wconf 90' lang='grc' dir='ltr'>λίοις</span> <span class='ocrx_word' id='word_1_877' title='bbox 1198 2657 1281 2684; x_wconf 82' lang='grc' dir='ltr'>εἰπὼν</span> <span class='ocrx_word' id='word_1_878' title='bbox 1293 2659 1350 2689; x_wconf 85' lang='grc' dir='ltr'>τοῖς</span> <span class='ocrx_word' id='word_1_879' title='bbox 1363 2659 1402 2689; x_wconf 77' lang='grc' dir='ltr'><strong>εἰς</strong></span> <span class='ocrx_word' id='word_1_880' title='bbox 1416 2658 1450 2684; x_wconf 80' lang='grc' dir='ltr'>τὰ</span> <span class='ocrx_word' id='word_1_881' title='bbox 1464 2657 1596 2693; x_wconf 80' lang='grc' dir='ltr'>ἀριστερὰ</span> <span class='ocrx_word' id='word_1_882' title='bbox 1609 2657 1690 2684; x_wconf 76' lang='grc' dir='ltr'>αὑτοῦ</span> <span class='ocrx_word' id='word_1_883' title='bbox 1711 2658 1887 2693; x_wconf 81' lang='grc' dir='ltr'>στησομένοις</span> <span class='ocrx_word' id='word_1_884' title='bbox 1898 2664 1906 2672; x_wconf 88' lang='lat'><strong>&#39;</strong></span> 
     </span>
    </p>
   </div>
   <div class='ocr_carea' id='block_1_115' title="bbox 1123 2703 1907 2740">
    <p class='ocr_par' dir='ltr' id='par_1_115' title="bbox 1123 2703 1907 2740">
     <span class='ocr_line' id='line_1_115' title="bbox 1123 2703 1907 2740; baseline 0 -12"><span class='ocrx_word' id='word_1_885' title='bbox 1123 2712 1132 2728; x_wconf 79' lang='grc' dir='ltr'><strong>ι</strong></span> <span class='ocrx_word' id='word_1_886' title='bbox 1150 2703 1301 2739; x_wconf 82' lang='grc' dir='ltr'>Πορεύεσθε</span> <span class='ocrx_word' id='word_1_887' title='bbox 1314 2705 1352 2735; x_wconf 86' lang='grc' dir='ltr'>εἰς</span> <span class='ocrx_word' id='word_1_888' title='bbox 1369 2703 1399 2730; x_wconf 87' lang='grc' dir='ltr'>τὺ</span> <span class='ocrx_word' id='word_1_889' title='bbox 1417 2703 1473 2740; x_wconf 80' lang='grc' dir='ltr'><strong>πῦρ</strong></span> <span class='ocrx_word' id='word_1_890' title='bbox 1486 2704 1516 2730; x_wconf 65' lang='grc' dir='ltr'>τὸ</span> <span class='ocrx_word' id='word_1_891' title='bbox 1527 2703 1645 2734; x_wconf 72' lang='grc' dir='ltr'>αἰώνιον,</span> <span class='ocrx_word' id='word_1_892' title='bbox 1663 2703 1692 2730; x_wconf 76' lang='grc' dir='ltr'>τὸ</span> <span class='ocrx_word' id='word_1_893' title='bbox 1706 2703 1907 2738; x_wconf 77' lang='grc' dir='ltr'>ἡτοιμασμένον</span> 
     </span>
    </p>
   </div>
   <div class='ocr_carea' id='block_1_116' title="bbox 1119 2747 1908 2784">
    <p class='ocr_par' dir='ltr' id='par_1_116' title="bbox 1119 2747 1908 2784">
     <span class='ocr_line' id='line_1_116' title="bbox 1119 2747 1908 2784; baseline 0.001 -10"><span class='ocrx_word' id='word_1_894' title='bbox 1119 2748 1157 2784; x_wconf 80' lang='grc' dir='ltr'>τῷ</span> <span class='ocrx_word' id='word_1_895' title='bbox 1169 2749 1284 2784; x_wconf 76' lang='grc' dir='ltr'>διαϐόλῳ</span> <span class='ocrx_word' id='word_1_896' title='bbox 1308 2750 1355 2775; x_wconf 80' lang='grc' dir='ltr'><strong>καὶ</strong></span> <span class='ocrx_word' id='word_1_897' title='bbox 1373 2751 1429 2781; x_wconf 82' lang='grc' dir='ltr'>τοῖς</span> <span class='ocrx_word' id='word_1_898' title='bbox 1452 2750 1577 2784; x_wconf 76' lang='grc' dir='ltr'>ἀγγέλοις</span> <span class='ocrx_word' id='word_1_899' title='bbox 1597 2749 1688 2776; x_wconf 79' lang='grc' dir='ltr'>αὑτοῦ.</span> <span class='ocrx_word' id='word_1_900' title='bbox 1711 2759 1720 2775; x_wconf 73' lang='grc' dir='ltr'><strong>ι</strong></span> <span class='ocrx_word' id='word_1_901' title='bbox 1738 2750 1844 2784; x_wconf 80' lang='grc' dir='ltr'>Ὥσπερ</span> <span class='ocrx_word' id='word_1_902' title='bbox 1860 2747 1908 2775; x_wconf 79' lang='grc' dir='ltr'><strong>οὖν</strong></span> 
     </span>
    </p>
   </div>
   <div class='ocr_carea' id='block_1_117' title="bbox 1118 2794 1906 2832">
    <p class='ocr_par' dir='ltr' id='par_1_117' title="bbox 1118 2794 1906 2832">
     <span class='ocr_line' id='line_1_117' title="bbox 1118 2794 1906 2832; baseline 0.001 -11"><span class='ocrx_word' id='word_1_903' title='bbox 1118 2795 1176 2822; x_wconf 78' lang='grc' dir='ltr'>ἐκεῖ</span> <span class='ocrx_word' id='word_1_904' title='bbox 1191 2795 1299 2823; x_wconf 79' lang='grc' dir='ltr'>αἰώνιον</span> <span class='ocrx_word' id='word_1_905' title='bbox 1313 2795 1421 2832; x_wconf 75' lang='grc' dir='ltr'>εἴρηται</span> <span class='ocrx_word' id='word_1_906' title='bbox 1439 2796 1504 2832; x_wconf 72' lang='grc' dir='ltr'>πῦρ,</span> <span class='ocrx_word' id='word_1_907' title='bbox 1528 2796 1597 2824; x_wconf 75' lang='grc' dir='ltr'>οὕτω</span> <span class='ocrx_word' id='word_1_908' title='bbox 1621 2796 1667 2822; x_wconf 76' lang='grc' dir='ltr'>καὶ</span> <span class='ocrx_word' id='word_1_909' title='bbox 1693 2794 1809 2822; x_wconf 67' lang='grc' dir='ltr'>ἐνταῦθα</span> <span class='ocrx_word' id='word_1_910' title='bbox 1826 2794 1906 2822; x_wconf 68' lang='grc' dir='ltr'>ἄασε-</span> 
     </span>
    </p>
   </div>
  </div>
