2061 3215
170 187 222 214 ἥδ

744 191 957 220 FRAGMENTA
977 193 1009 220 ΙΝ
1028 194 1213 222 DANIELEM.

1743 203 1800 230 526.

170 254 232 273 στον
245 246 309 282 μιᾶς
329 247 376 273 καὶ
396 247 446 283 τῆς
467 247 551 283 αὐτῆς
572 248 666 280 οὐσίας
696 248 726 282 ἐξ
752 251 890 286 ἑκατέρων
905 251 958 278 τῶν

1010 255 1160 283 substantia
1173 263 1206 282 ex
1221 260 1334 291 utraque
1349 256 1499 291 Scriptura.
1520 267 1529 284 ι
1544 258 1577 287 Et
1595 265 1675 286 erunt
1689 260 1716 287 in
1729 269 1795 287 con-

168 293 286 328 Γραφῶν
297 293 519 329 περιισταμένης.
537 304 546 320 ι
557 294 612 321 Καὶ
621 294 726 322 ἔσονται
737 297 777 328 εἰς
784 297 878 333 ὅρασιν
885 298 959 334 πάσῃ

169 339 260 374 σαρκί.
280 347 289 364 ι
306 339 374 374 Ποία
400 339 429 366 δὲ
453 340 535 375 σαρκὶ
551 339 567 375 ἢ
584 340 693 372 πάντως
708 350 758 368 που
774 343 806 377 τῇ
824 342 959 378 κολασθη-

169 384 281 420 σομένῃ,
299 384 349 419 τῆς
368 385 397 410 δὲ
420 385 581 420 ἐπουρανίου
597 385 661 418 Θέας
677 387 937 425 καταξιωθησομένῃ
950 397 958 421 ;

168 430 236 465 Περὶ
249 428 283 466 ἧς
307 430 434 466 ἀνωτέρω
451 431 575 465 ἐλέγετο·
597 441 606 457 ί
625 432 703 465 Ἥξει
723 434 797 460 πᾶσα
815 434 882 470 σὰρξ
911 434 957 461 τοῦ

167 477 354 512 προσκυνῆσαι
368 477 484 504 ἐνώπιόν
499 486 564 512 μου·
580 487 589 503 ι
607 475 641 514 ἧς
659 479 706 505 καὶ
723 480 803 515 ἡμεῖς
815 479 958 516 ἀξιωθείη-

168 531 219 557 μεν
231 523 324 558 εὐχαίς
335 523 382 550 καὶ
389 523 547 559 πρεσϐείαις
559 524 667 551 πάντων
679 525 734 551 τῶν
748 525 844 559 ἁγίων.
859 526 955 562 Ἀμήν.

1010 306 1130 336 spectum
1145 302 1219 330 omni
1233 303 1320 330 carui.
1339 313 1348 330 ι
1365 303 1413 331 Cui
1436 304 1522 336 carni.
1548 305 1600 332 nisi
1622 314 1734 340 prorsus
1748 307 1792 337 ei.

1010 355 1069 382 qua:
1084 349 1219 384 supplicio
1233 349 1390 380 addicenda,
1405 357 1436 377 ac
1447 351 1554 378 ctelesti
1566 351 1795 386 contemplatione

1010 393 1133 420 donanda
1149 397 1201 425 est,
1220 393 1253 420 de
1273 401 1325 428 qua
1340 396 1464 429 superius
1489 395 1649 424 dicebatur:
1672 405 1682 421 ι
1696 395 1794 424 Veniet

1009 435 1098 463 omnis
1108 443 1171 463 caro
1183 437 1216 464 ad
1231 437 1398 465 adorandum
1412 439 1438 466 in
1449 445 1594 475 conspectu
1609 441 1687 468 meo?
1710 450 1720 466 ι
1738 441 1796 474 ραι

1011 481 1075 508 item
1100 489 1149 510 nos
1163 483 1237 517 digni
1256 483 1405 511 habeamur
1423 485 1550 519 precibus
1572 491 1600 513 et
1618 487 1794 514 intercessio-

1010 528 1089 556 nibus
1106 529 1226 556 omnium
1247 535 1413 558 sanctorum.
1430 532 1530 560 Amen.

171 634 1788 650 Μ

558 716 923 763 FRAGMENTA
961 719 1023 763 IN
1063 719 1397 765 DANIELEM.

664 828 739 864 (MAI,
755 828 920 856 Bibliotheca
939 836 1004 855 noua
1021 827 1142 860 Patrum,
1158 828 1202 861 IV,
1217 829 1268 856 5M
1282 829 1291 864 )

196 988 232 1024 β’.
244 987 375 1015 Εὑσεδίου
390 988 558 1024 Καισαρείας
580 988 661 1025 ῥητοῦ
679 989 871 1024 προκειμένου,
890 990 950 1015 Φω-

1035 989 1064 1017 2.
1081 990 1146 1017 ΒΑΝ.
1169 997 1211 1020 nt.
1241 989 1285 1015 49.
1311 988 1418 1015 Eusebii
1449 988 1624 1016 Cesariensis
1650 989 1722 1017 dicto
1746 990 1790 1017 illo

159 1034 202 1070 νὴ
210 1035 320 1069 Κυρίου
328 1035 540 1068 διακόπτοντος
547 1036 645 1069 φλόγα
656 1036 750 1068 πυρός
757 1034 822 1070 (42).
832 1035 950 1070 Διεκόπη

160 1082 214 1117 μὲν
228 1083 256 1108 ὲν
268 1083 300 1118 τῇ
316 1081 453 1108 Βαϐυλῶνι
468 1083 484 1116 ἠ
503 1081 567 1116 φλὸξ
584 1080 630 1107 τοῦ
645 1079 730 1117 πυρὸς
741 1081 900 1108 διακοπεῖσα
913 1081 951 1116 τῷ

159 1127 352 1162 προστάγματι
376 1127 424 1153 τοῦ
448 1126 535 1153 Θεοῧ’
564 1125 672 1159 ἐδέξατο
693 1127 722 1153 ὲν
748 1127 815 1161 αὐτῇ
839 1126 950 1162 ἡδίστην

156 1173 298 1210 ἀναπνοὴν
312 1174 358 1200 καὶ
374 1173 524 1208 ἀναψυχὴν,
542 1172 636 1209 ὥσπερ
661 1173 690 1199 ὲν
707 1173 770 1207 σκιᾷ
788 1180 841 1198 τινι
856 1171 947 1206 φυτῶν

159 1220 191 1247 ἒν
209 1221 331 1256 είρηνικῇ
358 1219 524 1246 καταστάσει
551 1218 725 1254 παρεχομένη
750 1219 806 1249 τοῖς
834 1217 947 1244 παισίν-

158 1266 270 1302 ἐγένετο
284 1266 348 1301 γὰρ,
367 1266 444 1301 φησὶ,
463 1265 529 1292 ὡσεὶ
547 1264 655 1300 πνεῦμα
671 1264 765 1301 δρόσου
782 1263 948 1300 διασυρίζον.

174 1324 178 1341 :
187 1311 221 1347 γ’.
231 1312 307 1339 Ὠσεὶ
317 1311 381 1344 Υἱὸς
388 1310 556 1345 ἀνθρώπου.
566 1310 696 1337 Εὑσεὸίου
705 1310 872 1345 Καισαρείας
881 1309 948 1345 (45).

158 1357 257 1392 Σαφῶς
277 1356 397 1391 ήγοῦμαι
414 1355 559 1392 δηλοῦσθαι
581 1355 629 1390 τὴν
650 1354 763 1381 καθόλου
784 1353 885 1389 κρίσιν,
904 1354 948 1379 ὅτε

157 1404 260 1435 πάντες
271 1404 295 1430 οἱ
307 1393 337 1435 ἐξ
349 1402 446 1434 αίῶνος
461 1401 598 1438 ἄνθρωποι
614 1400 836 1436 παραστήσονται
849 1398 888 1434 τῷ
904 1398 949 1434 βή-

161 1459 226 1485 ματι
243 1449 288 1476 τοῦ
302 1448 420 1484 Χριστοῦ
431 1457 439 1463 ·
458 1448 526 1483 μετὰ
543 1448 570 1474 δὲ
586 1446 636 1482 τὴν
649 1446 703 1473 τῶν
717 1445 947 1481 τετελευτηκότων

159 1495 321 1527 ἀναϐίωσιν,
348 1494 395 1521 καὶ
414 1494 482 1530 μετὰ
506 1494 555 1529 τὴν
577 1493 648 1520 κατὰ
670 1492 778 1520 πάντων
801 1492 909 1527 κρίσιν,
933 1492 948 1518 ὁ

160 1541 314 1578 ὲωραμένος
322 1540 464 1576 τῷΔανιὴλ
478 1540 542 1571 Υἱὸς
552 1538 696 1575 ἀνθρώπου
713 1538 890 1573 ἐπιστήσεται
901 1538 947 1564 ἐπὶ

156 1586 287 1622 νεφελῶν,
304 1587 353 1622 τὴν
369 1585 440 1613 κατὰ
453 1585 562 1612 πάντων
574 1584 628 1611 τῶν
639 1584 712 1611 λαῶν
727 1584 773 1611 καί
793 1583 884 1618 φυλῶν
895 1582 947 1609 ὑπὸ

154 1633 204 1660 -τοῦ
222 1633 328 1669 Πατρὸς
344 1632 478 1666 ἐξουσίαν,
503 1632 551 1668 τὴν
566 1632 611 1658 καὶ
629 1630 766 1666 βασιλείαν
787 1630 884 1666 ἀγήρω
900 1629 947 1655 καὶ

155 1678 334 1714 ἀτελεύτητον
347 1677 587 1713 παραληψόμενος·
603 1677 641 1708 ὡς
658 1677 705 1703 καὶ
724 1676 806 1708 αὐτὸς
821 1677 835 1702 ὁ
849 1675 944 1711 ﬁat-+39
958 1669 978 1697 C

156 1725 235 1759 ἡμῶν
251 1725 314 1760 περὶ
332 1723 427 1750 ἑαυτοῦ
448 1723 566 1750 διδάσκει
583 1723 687 1757 λέγων’
707 1724 775 1749 Ὅτε
789 1721 822 1748 δὲ
835 1721 908 1755 ἔλθῃ
927 1722 943 1747 d

157 1769 222 1802 ΥΙὸς
237 1770 290 1796 τοῦ
300 1769 456 1803 ἀνθρώπου
466 1769 501 1796 ἐν
513 1768 551 1803 τῇ
563 1769 638 1802 δόξῃ
654 1768 758 1801 αὐτοῦ,
773 1768 821 1795 καὶ
832 1767 944 1800 πάντες

156 1816 186 1842 al
202 1814 321 1849 ἄγγελοι
343 1815 405 1849 μετ’
426 1814 530 1846 αὑτοῦ,
547 1815 614 1841 τότε
628 1815 744 1842 καθίσει
766 1814 815 1840 ἐπὶ
834 1814 942 1848 θρόνου

156 1858 252 1893 δόξης
271 1859 372 1890 αὐτοῦ,
391 1859 439 1886 καὶ
453 1859 680 1893 συναχθήσεται
698 1860 867 1893 ἔμπροσθεν
888 1859 942 1885 αὺ-

157 1903 212 1930 τοῦ
223 1903 322 1930 πάντα
335 1903 370 1930 τὰ
381 1903 463 1936 ἔθνη,
473 1904 519 1930 καὶ
534 1904 568 1930 τὰ
582 1903 655 1940 ἑξῆς·
665 1904 771 1939 συνᾴδει
781 1904 848 1938 γοῦν
857 1904 944 1932 ταῦτα

157 1950 219 1980 ταῖς
235 1949 264 1975 ὲν
283 1949 377 1984 χερσὶν
404 1950 567 1984 μαρτυρίαις
581 1949 630 1984 τῆς
653 1949 698 1976 τοῦ
713 1949 813 1984 Δανιὴλ
834 1957 943 1985 προφη-

156 1995 242 2027 τείας,
257 1995 318 2022 καΘ’
334 1995 367 2030 ἥν
380 1995 503 2022 λέλεκται
513 2004 519 2010 ·
538 1995 593 2022 Καὶ
608 1995 673 2022 ίδοὺ
688 1995 763 2029 μετὰ
784 1995 843 2022 τῶν
856 2004 943 2030 νεφε-

156 2041 219 2068 λῶν
240 2041 294 2072 τοῦ
310 2040 439 2076 οὐρανοῦ
458 2041 498 2073 ὼς
519 2040 585 2074 Υἱὸς
606 2041 763 2075 ἀνθρώπου
781 2041 943 2076 ἐρχόμενος

157 2084 197 2121 ἦν
206 2097 212 2103 ·
226 2087 283 2120 καὶ,
303 2088 375 2120 Ἕως
387 2086 440 2114 τοῦ
454 2086 587 2114 Παλαιοῦ
600 2086 660 2113 τῶν
671 2086 789 2121 ἡμερῶν
799 2087 941 2121 ἔφθασεν·

157 2133 207 2171 καί
220 2133 410 2168 προσηνέχθη
423 2133 511 2166 αὐτῷ,
524 2134 573 2160 καὶ
584 2133 673 2166 ἐδόθη
685 2132 765 2165 αὐτῷ
775 2133 794 2167 ἠ
805 2132 883 2167 ἁρχὴ
895 2132 944 2159 καί

157 2180 177 2214 ἡ
191 2179 258 2214 τιμὴ
272 2179 321 2206 καί
331 2180 350 2214 ἡ
359 2180 512 2212 βασιλεία,
525 2180 572 2207 καὶ
588 2180 622 2207 τὰ
640 2180 713 2215 ἑξῆς.

192 2226 222 2252 δ’.
230 2225 314 2258 Αὐτῷ
324 2226 410 2260 ἐδόθη
419 2226 437 2259 ἡ
446 2226 534 2260 ἀρχή.
546 2226 686 2253 Εὐσεϐίου.
697 2226 734 2252 Οὐ
748 2225 827 2260 μόνον
838 2225 886 2260 τὴν
896 2224 943 2251 τοῦ

159 2272 224 2298 Υἱοῦ
242 2271 383 2307 ἀνθρώπου
399 2272 534 2308 βασιλείαν
544 2274 558 2300 δ
573 2273 715 2308 προφήτης
731 2271 865 2303 Θεσπίζει,
877 2270 944 2298 ἀλλά

158 2317 206 2344 καὶ
222 2317 342 2349 πλείονα,
356 2318 418 2352 περὶ
429 2315 466 2344 ὧν
481 2326 558 2354 φησι.

1003 1034 1164 1069 proposito:
1201 1033 1257 1060 Vox
1291 1033 1397 1060 Domini
1440 1035 1619 1061 intercidentis
1652 1035 1788 1069 ﬂammam

1001 1079 1070 1114 ignis
1083 1079 1117 1106 ³⁸.
1136 1079 1266 1106 lntercisa
1279 1084 1321 1106 est
1339 1078 1475 1114 Babylone
1488 1079 1596 1108 ﬂamma
1613 1080 1693 1115 ignis,
1707 1081 1790 1108 inter-

1001 1126 1057 1152 cisa
1080 1125 1182 1153 scilicet
1199 1125 1244 1152 Dei
1257 1125 1345 1160 jussu.
1361 1124 1387 1152 in
1405 1125 1632 1160 jucundissimam
1651 1134 1728 1154 versa
1744 1132 1788 1154 est

1002 1172 1214 1204 recreationem;
1233 1179 1265 1199 ac
1285 1171 1367 1200 veluti
1386 1172 1411 1199 in
1429 1173 1522 1199 umbra
1541 1173 1667 1201 arborum
1682 1174 1787 1208 quieta~

1001 1227 1052 1252 que
1068 1219 1184 1246 statione
1204 1218 1413 1246 adolescentulis
1430 1219 1551 1247 exhibuit
1566 1219 1785 1249 oblectationem.

1000 1265 1081 1292 Facta
1093 1269 1136 1292 est
1152 1265 1224 1292 enim
1242 1272 1290 1292 ceu
1306 1265 1418 1292 roscidae
1431 1272 1504 1292 aune
1518 1266 1624 1294 sibilus.

1034 1311 1061 1338 5.
1083 1311 1148 1339 ΒΑΝ.
1168 1319 1222 1343 vti,
1244 1311 1287 1338 15.
1314 1311 1397 1344 Quasi
1419 1310 1506 1338 Filius
1531 1312 1654 1340 hominis.
1677 1313 1786 1341 Eusebii

998 1356 1181 1384 Ciesaricnsis.
1196 1357 1337 1384 Manifesta
1355 1357 1472 1384 nuntiari
1494 1358 1614 1385 arbitror
1630 1359 1783 1387 universale

994 1402 1138 1436 judicium,
1154 1411 1213 1429 eum
1228 1410 1322 1430 omnes
1334 1403 1368 1430 ab
1383 1404 1448 1431 orbe
1460 1404 1570 1431 condito
1588 1403 1710 1432 homines
1722 1411 1785 1432 ante

997 1449 1096 1477 Christi
1119 1449 1235 1476 tribunal
1252 1449 1390 1476 sistentur.
1410 1449 1495 1477 Porro
1515 1455 1605 1478 autem
1625 1455 1687 1486 post.
1711 1459 1784 1478 mor-

998 1499 1104 1527 tuorum
1129 1494 1364 1527 resurrectionem,
1382 1495 1537 1530 dictamque
1560 1495 1586 1522 in
1606 1503 1701 1524 omnes
1723 1505 1783 1524 sen-

998 1540 1119 1572 tentiam,
1135 1539 1187 1573 ille,
1208 1540 1253 1574 qui
1272 1541 1346 1568 visus
1363 1541 1465 1568 Danicli
1485 1542 1547 1574 fuit,
1567 1541 1652 1569 Filius
1669 1543 1789 1570 hominis

997 1585 1023 1612 in
1048 1585 1164 1613 nubibus
1191 1585 1295 1619 aderit,
1322 1590 1350 1613 ut
1376 1586 1574 1614 indeﬁcieutem
1601 1593 1785 1624 aeternamque

997 1631 1118 1658 omnium
1134 1632 1293 1667 populorum
1320 1631 1493 1667 tribuumquc
1514 1638 1674 1669 potestatem
1693 1643 1726 1661 ac
1739 1643 1783 1661 re-

995 1685 1077 1711 gnum
1092 1685 1106 1703 a
1127 1677 1207 1705 Patre
1226 1678 1351 1713 accipiat.
1377 1678 1453 1706 Sicut
1475 1679 1533 1713 ipse
1551 1680 1679 1710 Sen-ator
1699 1681 1733 1708 de
1755 1688 1784 1707 se

995 1728 1086 1750 noster
1101 1723 1163 1750 ait:
1188 1723 1255 1750 Cum
1278 1729 1366 1751 autem
1382 1726 1479 1753 venerit
1505 1725 1593 1753 Filius
1618 1727 1729 1754 hominis
1754 1727 1781 1753 in

994 1769 1132 1803 majestate
1146 1778 1204 1802 sua,
1217 1775 1241 1796 et
1256 1778 1344 1797 omnes
1365 1772 1451 1806 angeli
1469 1780 1528 1799 cum
1544 1781 1584 1804 eo.
1607 1778 1668 1800 tunc
1685 1773 1784 1800 sedebit

993 1815 1020 1841 in
1043 1815 1136 1842 throno
1153 1815 1244 1850 gloria:
1266 1825 1332 1849 sure,
1350 1821 1375 1843 et
1395 1819 1625 1853 congregabantur
1640 1828 1729 1847 coram
1753 1830 1783 1848 eo

993 1867 1081 1887 omnes
1099 1865 1187 1895 gentes
1200 1861 1239 1894 ³⁷,
1256 1866 1283 1889 et
1309 1862 1422 1896 reliqua.
1448 1862 1510 1891 litec
1531 1864 1613 1899 igitur
1631 1871 1784 1893 consonam

995 1906 1167 1939 testimoniis,
1188 1914 1248 1941 qum
1270 1915 1342 1935 nunc
1367 1908 1498 1936 habemus
1520 1909 1546 1936 in
1572 1911 1706 1945 manibus,
1727 1911 1780 1939 Da-

994 1952 1072 1980 nielis
1088 1952 1237 1987 prophetat.
1251 1953 1321 1987 apud
1335 1961 1415 1988 quem
1434 1954 1533 1982 dicitur
1546 1964 1553 1982 :
1571 1955 1605 1982 Et
1617 1965 1675 1983 erce
1688 1958 1782 1986 aderat

993 1997 1080 2025 Filius
1098 1999 1211 2025 [taminia
1226 1999 1252 2025 in
1265 1999 1377 2027 nubibus
1397 2000 1454 2027 cali
1465 2000 1501 2029 ³⁸.
1521 2000 1586 2028 Item
1602 2011 1608 2029 :
1627 2001 1715 2030 Donec
1726 2004 1782 2030 An-

993 2044 1080 2079 tiquus
1104 2045 1206 2072 dierum
1233 2046 1317 2078 venit;
1341 2046 1509 2082 oblatumque
1528 2055 1558 2073 ac
1579 2048 1672 2075 datum
1695 2053 1735 2075 εει
1757 2050 1782 2075 ei

993 2091 1128 2125 imperium
1142 2096 1165 2118 et
1180 2093 1264 2118 honor
1277 2097 1301 2119 et
1316 2101 1431 2126 regnum,
1444 2097 1471 2120 et
1486 2093 1597 2129 reliqua.

1029 2223 1056 2251 4.
1078 2223 1143 2250 ΒΑΝ.
1158 2231 1207 2255 vn,
1223 2224 1265 2251 Η.
1284 2224 1394 2251 Tradita
1406 2229 1445 2252 est
1459 2226 1642 2260 ipsipotestas.
1658 2227 1778 2254 Eusebii.

995 2268 1070 2296 Haud
1089 2270 1175 2297 solum
1198 2269 1258 2297 Filii
1280 2270 1398 2297 hominis
1421 2279 1533 2306 regnum
1558 2273 1686 2306 propheta
1710 2273 1780 2299 vati-

993 2315 1110 2348 cinatur,
1126 2322 1219 2342 verum
1232 2321 1260 2342 et
1276 2315 1344 2343 alias
1363 2323 1406 2343 res
1418 2317 1451 2343 de
1466 2317 1565 2350 quibus
1581 2318 1660 2344 verba
1677 2317 1753 2344 facit.

194 2366 225 2391 ε’.
240 2364 295 2391 Καί
310 2347 537 2398 παραλήψονται
548 2363 606 2398 τὴν
618 2363 790 2396 βασιλείαν.
810 2363 941 2390 Εὑσεὸίου

1030 2360 1056 2387 5.
1078 2361 1143 2387 DAN.
1164 2368 1216 2394 vn,
1239 2360 1281 2388 18.
1299 2360 1334 2387 Et
1359 2347 1645 2396 regnummuscipient.
1673 2362 1779 2391 Eusebii

158 2410 335 2445 Καισαρείας.
353 2409 599 2445 Συμὸασιλεύοντες
622 2409 721 2444 δηλαδὴ
738 2409 786 2436 καὶ
804 2409 880 2435 αὐτοὶ
905 2409 943 2444 τῷ

157 2455 226 2490 Θεῷ.
253 2456 331 2487 Τίνες
349 2455 371 2482 δ’
387 2456 421 2482 ἂν
435 2454 489 2482 εἷεν
510 2453 593 2487 οὗτοι,
616 2456 632 2491 ἢ
653 2456 677 2482 οὶ
702 2455 869 2491 κληρονόμοι
894 2456 941 2482 τοῦ
965 2467 968 2469 ·

156 2501 236 2533 Θεοῦ,
249 2502 463 2537 συγκληρονόμοι
472 2502 500 2528 δὲ
511 2501 629 2537 Χριστοῦ
639 2510 647 2534 ;
657 2499 697 2533 οἷς
712 2502 759 2528 καὶ
766 2501 941 2537 ἐπήγγελται,

155 2549 205 2584 τὴν
223 2548 359 2582 βασιλείαν
375 2548 428 2574 τῶν
443 2547 590 2583 οὐρανῶν..
604 2547 740 2583 βασιλείαν
760 2549 943 2584 ἐπιστησομέ-

155 2603 204 2629 νην
217 2595 267 2629 τὴν
285 2593 353 2629 μετὰ
374 2593 508 2629 τέσσαρας
526 2592 673 2628 βασιλείας,
694 2593 743 2625 τὰς
761 2593 799 2629 τῷ
813 2594 940 2630 προφήτῃ

155 2640 329 2677 ἑωραμένοις,
349 2639 412 2674 περὶ
430 2636 467 2665 ὧν
479 2639 517 2670 ὡς
530 2640 559 2666 ὲν
581 2639 709 2675 βραχέσιν
725 2639 825 2675 ἀρτίως
841 2639 941 2674 διειλή-

154 2692 254 2720 φαμεν.
268 2683 406 2710 Ἐντεῦθεν
423 2681 498 2718 οἶμαι
516 2683 562 2710 τὸν
578 2684 726 2712 ἀπόστολον
740 2683 845 2710 Παῦλον
854 2684 940 2719 ὁρμᾶ-

189 2754 212 2770 ³⁶
232 2753 303 2782 Psal.
324 2762 421 2786 xxvtn,
445 2755 472 2781 7.
511 2755 533 2771 δ’
554 2754 736 2788 Maltthxv,
758 2755 804 2787 3|,
820 2755 867 2782 '52.

192 2814 246 2852 (42)
259 2815 328 2851 Quin
346 2815 390 2842 hic
412 2814 488 2847 locus
508 2822 541 2842 ex
563 2814 888 2852 Eusobiigcommentario
913 2814 938 2841 in

155 2849 285 2884 psalmum
301 2858 384 2877 xxvnt
401 2855 537 2881 sumatur.
560 2850 604 2876 vix
628 2850 804 2877 dubitandum
831 2849 938 2876 videre-

155 2890 212 2917 tur;
227 2890 345 2912 attamen
371 2885 394 2911 is
408 2893 495 2920 neque
519 2886 545 2912 in
559 2884 735 2920 Conleriidad
757 2884 879 2920 Psalmos
894 2892 938 2910 ca-

157 2926 219 2949 tena
234 2921 358 2954 I‘atrum,
379 2918 464 2956 neque
480 2921 506 2948 in
523 2921 632 2956 vulgato
645 2928 660 2948 a
681 2918 810 2948 Maurinis
830 2919 937 2948 Eusebii

994 2406 1178 2434 Caesariensis.
1200 2406 1301 2441 Nempe
1319 2407 1368 2441 ipsi
1392 2414 1498 2442 quoque
1522 2415 1582 2434 cum
1606 2407 1661 2434 Deo
1685 2415 1780 2443 regna-

994 2453 1070 2480 bunt.
1090 2453 1205 2487 Quinam
1219 2460 1286 2480 vero
1306 2457 1370 2480 sunt
1386 2453 1423 2484 lii,
1446 2453 1496 2480 nisi
1514 2453 1634 2481 haeredes
1657 2453 1716 2486 Dei,
1734 2461 1779 2481 co-

995 2499 1115 2526 hmretles
1136 2504 1225 2527 autem
1243 2498 1360 2526 Christi?
1381 2499 1479 2534 quibus
1496 2499 1559 2526 item
1580 2499 1709 2526 cielorum
1732 2507 1776 2526 re-

995 2553 1076 2580 gnum
1110 2545 1273 2580 promissum
1300 2552 1315 2572 a
1342 2544 1451 2572 Christo
1477 2549 1535 2578 est,
1562 2545 1633 2579 quod
1663 2552 1776 2579 regnum

994 2598 1090 2625 nempe
1108 2596 1253 2626 consurget
1270 2596 1329 2627 post
1349 2591 1393 2618 illa
1409 2596 1525 2625 quatuor
1539 2599 1587 2626 per
1609 2591 1696 2618 visunt
1716 2598 1778 2625 pro—

994 2637 1083 2672 pheta:
1105 2637 1211 2670 oblata;
1235 2639 1267 2665 de
1283 2637 1381 2672 quibus
1404 2637 1521 2665 breviter
1546 2637 1624 2664 modo
1646 2636 1778 2666 disserui-

994 2691 1064 2712 mus.
1079 2684 1147 2712 Hinc
1163 2684 1255 2719 divum
1276 2684 1425 2718 apostolum
1442 2683 1553 2711 Paulum
1572 2682 1675 2718 cepisse
1694 2690 1778 2710 occa-

992 2815 1025 2843 ad
1041 2814 1164 2842 Psalmos
1179 2816 1374 2842 commentario
1390 2818 1512 2849 apparet.

1027 2850 1084 2885 (45)
1102 2851 1129 2876 In
1154 2851 1222 2877 hanc
1235 2847 1554 2877 Danielicam'i-isionem
1582 2847 1643 2876 Filii
1659 2848 1777 2885 hominis

990 2880 1188 2947 εοίϊιιίρηὲιηυι·
1200 2886 1269 2914 idem
1286 2885 1426 2919 Eusebius,
1440 2885 1488 2913 sed
1508 2884 1568 2913 aliis
1585 2885 1684 2917 verbis.
1703 2880 1774 2911 Hist.

988 2928 1031 2948 εστ
1045 2939 1064 2948 ..
1081 2928 1099 2948 ι.
1133 2940 1140 2948 .
1655 2938 1660 2942 γ
