2061 3215
754 172 986 202 εοΜΜΕΝτΑιιι

1004 192 1008 199 λ
1026 171 1060 200 ΙΝ
1081 171 1208 200 LUCAM.
1742 173 1794 202 5‘50

170 175 225 204 529

174 234 316 262 Palatinus
334 232 406 264 ναι..
422 241 438 260 a
451 233 526 260 nobis
542 232 682 260 denotatus
696 232 784 260 littera
800 232 833 266 Β,
847 233 892 268 qui
908 233 1009 271 pariter
1024 236 1146 259 catenam
1159 231 1235 258 habet
1247 230 1282 258 ad
1298 229 1408 264 Lucam,
1424 231 1456 258 ab
1470 229 1519 258 illa
1533 230 1634 259 Nicette
1649 232 1794 260 diuersam.

172 282 276 309 Tertius
292 286 330 309 est
349 281 461 309 Macarii
475 280 680 316 Chrysocepltali
695 281 777 308 codex
792 279 816 307 Ε
836 279 896 309 Vat.
914 282 977 308 item
994 280 1123 313 ineditus,
1137 281 1224 307 varios
1243 279 1300 314 ejus
1322 280 1350 307 in
1365 279 1464 307 Lucam
1487 283 1618 307 tractatus
1644 280 1793 312 continens,

170 337 204 356 ea:
223 328 360 360 Patribus,
389 336 455 364 quos
479 329 548 356 inter
576 332 614 356 est
628 329 707 356 etiam
734 327 877 362 Eusebius,
893 329 929 356 ad
950 328 1066 356 litteram
1097 328 1301 362 nominatimque
1323 328 1530 355 consarcinatos.
1554 327 1672 360 Quartus
1686 328 1795 363 denique

171 377 256 404 code:
270 376 463 404 Ottobonianus
483 376 544 404 Val.
562 385 635 410 atque
650 381 773 404 catenam
787 377 822 404 ad
839 376 938 404 Lucam
956 376 1104 409 continens,
1121 383 1197 410 quem
1209 375 1327 402 codicem
1341 380 1501 410 postremum
1523 383 1583 402 cum
1599 375 1794 410 inspiceremus,

168 429 266 460 prater
285 423 341 451 alia
355 432 416 451 cum
432 425 568 457 pra’dictis
585 424 718 452 codicibus
732 424 916 460 congruentia,
930 432 997 451 neua
1012 423 1098 451 adhuc
1125 422 1235 450 Eusebii
1259 423 1411 459 fragmenta
1427 423 1500 451 nacti
1521 431 1622 450 sumus.
1642 422 1720 450 Hunc
1737 423 1793 450 dis-

170 473 314 508 tinguimus
330 476 392 500 nota
408 471 439 499 L.
451 472 516 499 Iam
528 481 588 500 vero
604 477 705 500 catena:
721 471 832 499 Patrum
848 472 876 499 in
892 470 1004 505 Lucam,
1017 476 1115 506 printer
1137 476 1256 498 nostram
1271 470 1393 499 Grecam
1407 479 1488 505 quam
1501 471 1630 505 diximus,
1656 470 1718 498 duc
1737 469 1791 497 La-

170 521 228 547 tino
244 524 347 547 tantum
371 527 491 547 sermone
510 521 587 547 editio
609 519 758 552 exstabant,
786 518 839 546 divi
864 518 992 546 nimirum
1018 517 1124 545 Thomas
1141 516 1296 552 Aquinatis,
1313 522 1337 544 et
1347 515 1513 544 Balthacaris
1528 516 1665 550 Corderii;
1682 525 1794 552 quorum

168 569 244 603 prior
258 569 357 601 rarius,
380 568 465 596 altera
486 568 618 603 copiosius
640 567 783 594 Eusebium
806 566 875 594 inter
889 570 998 594 caueros
1014 565 1108 593 Patres
1124 565 1252 604 recitante
1274 563 1458 592 Verumtamen
1479 562 1590 592 Graecus
1604 563 1794 604 adituc‘textus

168 601 242 644 totus
259 616 379 649 latebat;
395 621 424 644 et,
435 601 522 644 multa
533 616 640 649 insuper
655 624 686 643 ne
700 614 794 642 Latine
808 614 912 650 quidem
928 613 1034 649 cognita
1047 617 1134 640 erant.
1149 611 1234 640 Porro
1243 601 1279 639 lin
1296 609 1390 639 erca
1415 616 1518 643 catena.
1542 618 1622 647 quam
1647 601 1795 644 nuperrime

168 665 209 703 air
230 664 264 691 cl.
283 663 312 692 J.
331 665 364 691 Α.
380 663 521 691 Cramerus
542 663 644 691 Oxonii
658 663 752 697 edidit,
772 670 903 698 quamque
923 669 969 697 ego
988 661 1030 689 his
1048 660 1139 689 diebus
1151 667 1185 691 ea:
1196 659 1293 695 Anglia
1309 658 1411 694 accepi,
1432 658 1534 686 nullum
1553 665 1660 690 prorsus
1684 655 1794 685 Eusebii

166 710 273 737 verbum
288 710 422 739 recitatur.

330 769 1774 790 _____________—_——

510 855 913 922 ΕΥΣΕΒΙΟΥ
951 851 1449 921 ΚΑΙΣΑΡΕΙΑΣ

463 979 548 1023 ΕΙΣ
584 979 659 1022 ΤΟ
695 973 847 1020 ΚΑΤΑ
881 973 1112 1020 ΛΟΥΚΑΝ
1149 973 1512 1018 ΕΥΑΓΓΕΛΙΟΝ.

567 1157 844 1248 EUSEBII
884 1151 1370 1214 CZESARIENSIS

378 1277 803 1325 COMMENTARII
842 1275 905 1321 IN
943 1274 1113 1320 LUCIE
1149 1269 1543 1320 EVANGELIUM

562 1372 733 1408 QUANTUM
754 1371 934 1401 SUPEREST
952 1370 986 1399 IN
1004 1367 1182 1398 CODICIBUS
1204 1365 1395 1396 VATICANIS.

169 1531 220 1558 Ἑν
241 1529 305 1564 ταῖς
333 1528 456 1564 ἡμέραις
484 1527 610 1564 Ἡρῴδου
640 1527 694 1555 τοῦ
722 1526 875 1560 ,βασιλέως
903 1525 955 1561 τῆς
970 1528 991 1556 Α

485 1563 636 1598 Ἰουδαίας.

205 1601 238 1627 Ἦ
253 1599 306 1635 γὰρ
330 1598 377 1626 τοῦ
400 1598 484 1625 Ἰούδα
505 1598 575 1634 φυλὴ
594 1598 698 1625 ἄνωθεν
724 1597 759 1634 ἦν
779 1597 890 1634 ἀρχικὴ,
905 1597 953 1624 καὶ

163 1647 256 1682 ἡγεῖτο
270 1646 377 1673 πάντων
399 1645 451 1677 ἕως
466 1642 536 1680 ἦσαν
559 1644 712 1681 αὐτόνομοι,
729 1645 800 1672 κατὰ
817 1646 866 1681 τὴν
890 1653 953 1681 προ-

163 1692 287 1728 φητείαν.
312 1690 403 1719 ἾῙσαν
430 1690 460 1718 δὲ
488 1690 569 1726 μέχρι
589 1690 644 1717 τῶν
671 1690 826 1725 Αὐγούστου
848 1691 951 1727 χρόνων

162 1739 300 1775 ἐλεύθεροι
313 1738 359 1765 καὶ
369 1737 522 1773 αὐτόνομοι,
539 1736 600 1764 καθ’
616 1737 656 1770 ὃν,
675 1737 793 1773 Χριστοῦ
811 1738 950 1772 φανέντος,

161 1786 194 1813 τδ
206 1786 281 1817 ἔθνος
294 1785 365 1812 ειπαν
375 1784 550 1811 δεδούλωται·
566 1785 611 1811 ὅτε
624 1784 670 1811 καὶ
686 1784 793 1820 πρῶτος
804 1784 952 1819 ἀλλόφυλος

162 1831 254 1860 αὐτῶν
267 1831 389 1867 Ἡρώδης
403 1832 536 1867 ἡγήσατο,
548 1832 595 1859 καὶ
612 1831 737 1867 βασιλεὺς
761 1831 924 1866 Αὔγουστος,
936 1832 951 1858 ὁ

164 1878 213 1906 καὶ
225 1877 275 1913 τὴν
286 1877 372 1913 ἀρχὴν
384 1878 539 1913 ἐγχειρίσας
555 1877 629 1914 αὐτῷ
645 1878 716 1913 μετὰ
722 1878 772 1914 τῆς
788 1878 949 1913 συγκλήτου,

161 1924 213 1960 τῆς
225 1923 385 1958 οἰκουμένης
403 1921 459 1958 εἶχε
473 1924 508 1950 τὰ
530 1924 668 1960 σκῆπτρα.
685 1922 739 1951 Ἦν
751 1924 779 1951 δὲ
798 1926 812 1951 ὁ
831 1924 951 1960 Ἡρώδης

161 1969 192 2002 ἐξ
223 1968 399 2004 Ἀντιπάτρου
428 1968 557 2003 γεγονὼς,
582 1968 613 1995 τὸ
637 1969 715 2003 γένος
741 1969 949 2002 ’Δσκαλωνίτου,

163 2014 500 2051 ἱεροδούλουἈπόλλωνος,
514 2015 561 2041 καὶ
575 2016 717 2051 Κυπρινης
731 2015 787 2050 (44)
802 2015 832 2048 ἐξ
851 2016 950 2052 Ἀρρά-

162 2061 217 2088 6ων
230 2061 342 2097 μητρός.
361 2056 446 2092 Οὗτος
468 2061 533 2096 γὰρ,
545 2061 592 2088 τὸν
609 2062 641 2088 ὲκ
653 2061 779 2097 διαδοχῆς
791 2061 845 2088 τῶν
856 2063 950 2098 ἀρχιε-

163 2107 231 2144 ρέων
242 2107 355 2133 ὕστατον
371 2107 683 2144 ἡγησάμενονΎρκανὺν
693 2107 804 2139 ἀνελὼν,
819 2108 950 2135 Ἰουδαίων

162 2155 354 2191 ἀναγορεύεται
381 2153 516 2189 βασιλεύς.
543 2153 644 2180 Τούτου
670 2153 716 2178 καὶ
737 2151 784 2179 νῦν
807 2153 821 2179 ὁ
844 2153 950 2184 Λουκᾶς

1129 1525 1153 1542 ⁸⁵
1175 1524 1208 1552 tn
1228 1524 1319 1551 diebus
1342 1522 1456 1551 Herodis
1470 1521 1574 1550 Iudaee
1589 1521 1666 1557 regis.

1041 1606 1151 1634 Scilicet
1167 1606 1243 1634 Judte
1256 1605 1344 1632 tribus
1357 1603 1422 1632 olim
1448 1603 1665 1638 principabatur,
1688 1603 1792 1638 totique

1006 1652 1077 1688 genti
1098 1651 1263 1687 imperabat,
1286 1651 1372 1678 donec
1400 1648 1484 1677 Judaei
1513 1648 1554 1677 sui
1577 1648 1648 1684 juris
1671 1647 1791 1680 fuerunt,

1005 1699 1154 1726 secundum
1170 1696 1340 1732 prophetiam
1351 1695 1385 1722 δι.
1400 1695 1520 1723 Fuerant
1534 1695 1642 1730 quidem
1666 1695 1694 1723 hi
1713 1695 1791 1723 liberi

1004 1744 1176 1780 propriisque
1200 1742 1306 1779 legibus
1317 1746 1426 1770 utentes
1444 1748 1530 1776 usque
1546 1740 1579 1768 ad
1594 1740 1709 1776 Augusti
1725 1745 1791 1767 aeta-

1005 1796 1071 1823 tem,
1097 1798 1151 1825 quo
1186 1795 1318 1825 tempore,
1342 1792 1493 1824 apparente
1512 1787 1635 1820 Christo,
1663 1786 1790 1814 universa

1004 1845 1071 1873 gens
1084 1837 1111 1864 in
1126 1836 1264 1864 servitium
1282 1835 1392 1863 redacta
1404 1834 1461 1870 jam
1475 1838 1544 1866 erat,
1557 1838 1585 1860 et
1602 1833 1707 1868 primus
1721 1832 1791 1860 alie-

1005 1883 1101 1918 nigena
1137 1881 1329 1909 dominabatur
1359 1880 1481 1909 Herodes
1506 1889 1515 1913 ;
1546 1880 1695 1914 imperator
1726 1886 1792 1906 vero

1004 1931 1154 1963 Augustus,
1170 1928 1214 1962 qui
1229 1933 1256 1955 et
1271 1928 1309 1955 illi
1327 1935 1361 1954 ex
1382 1931 1494 1956 senatus
1516 1925 1641 1953 consulto
1654 1924 1791 1959 principa-

1005 1979 1061 2001 tum
1089 1974 1231 2004 detulerat,
1260 1973 1380 2000 universi
1401 1972 1477 2000 orbis
1504 1976 1642 2006 sceptrum
1668 1971 1790 1998 tenebat.

1004 2020 1070 2047 Erat
1084 2024 1174 2046 autem
1193 2019 1312 2046 Herodes
1330 2018 1468 2053 Antipatri
1491 2015 1687 2045 Ascalonensis
1708 2015 1792 2047 illius,

1004 2066 1138 2101 Apollinis
1152 2065 1305 2093 ministerio
1319 2064 1430 2096 addicti,
1446 2068 1535 2091 matre
1554 2063 1673 2099 Cyprina
1688 2061 1790 2089 Arabe.

1005 2112 1054 2140 llic
1069 2112 1152 2144 enim.
1168 2110 1348 2139 sacerdotalis
1365 2110 1550 2137 Successionis
1564 2114 1703 2144 postremo
1717 2108 1793 2144 prin-

1004 2158 1064 2192 cipe
1087 2157 1212 2192 llyrcano
1235 2155 1335 2187 occiso,
1360 2153 1516 2181 Iudaeorum
1545 2153 1719 2180 renuntiatus
1745 2159 1793 2178 rex

164 2201 310 2236 μέμνηται,
324 2200 368 2226 ἵνα
386 2199 470 2235 δείξῃ,
481 2200 521 2226 ὅτι
541 2198 649 2234 ἀληθῶς
674 2195 756 2233 ἦλθεν
782 2199 796 2224 ό
822 2198 949 2234 Χριστὸς,
967 2210 986 2238 Β

1004 2204 1062 2231 fuit.
1083 2203 1167 2238 Hujus
1189 2210 1261 2230 nunc
1286 2201 1410 2228 meminit
1440 2200 1539 2232 Lucas,
1566 2203 1596 2226 ut
1621 2199 1793 2226 demonstret

162 2245 325 2272 ἐκλιπόντων
337 2245 391 2272 τῶν
411 2245 487 2281 παρὰ
505 2247 561 2277 τοῖς
581 2243 718 2276 Ἰουδαίοις
732 2244 869 2280 ἀρχόντων
883 2244 953 2272 κατὰ

161 2289 211 2326 τὴν
228 2291 404 2325 προφητείαν.

160 2336 217 2364 Καὶ
242 2334 306 2363 εἷπε
330 2336 480 2371 Ζαχαρίας
502 2335 578 2369 πρὸς
597 2334 652 2371 τὸν
672 2335 811 2371 ἄγγελον·
825 2335 907 2362 Κατὰ
922 2335 951 2362 τι

420 2370 572 2405 γνώσομαι
585 2370 692 2402 toi-eo;

196 2416 274 2445 Ποῖον
286 2417 398 2452 σημεῖον
411 2415 543 2447 δεικνύεις
562 2425 617 2451 μοι,
627 2417 704 2452 φησὶ,
722 2416 766 2444 ἵνα
779 2416 882 2443 πεισοῶ
894 2417 948 2448 τοῖς

161 2461 214 2489 ὑπὸ
242 2462 289 2489 σοῦ
317 2462 555 2499 προφητευθεῖσιν.
588 2462 626 2494 ὡς
655 2463 781 2498 μέλλουσι
807 2462 949 2498 γίνεσθαις

161 2507 256 2542 Σχεδὸν
270 2508 324 2544 γὰρ
342 2508 417 2544 παρὰ
430 2508 510 2542 φύσιν
527 2508 585 2535 ἐστί
600 2508 630 2535 τὸ
641 2508 734 2544 λεχθέν
744 2517 751 2524 θ
770 2510 794 2535 οἱ
810 2508 863 2545 γὰρ
885 2517 951 2545 προ-

160 2552 308 2587 δεὸηκότες
320 2553 351 2579 οὐ
363 2554 558 2587 γονοποιοῠσιν.
567 2554 641 2582 Ἔδει
652 2555 679 2582 δὲ
689 2555 726 2590 μὴ
739 2555 805 2591 πρὸς
820 2556 851 2582 τὸ
861 2555 949 2591 γῆρας

160 2598 266 2634 ἀφορᾷν
281 2599 311 2626 τὺ
334 2598 430 2626 ἑαυτοῦ
453 2600 500 2627 καὶ
514 2601 655 2634 γυναικὸς,
673 2601 741 2628 ἀλλὰ
754 2602 823 2638 πρὸς
840 2602 889 2637 τὴν
903 2601 950 2628 δύ-

160 2652 242 2680 ναμιν
253 2644 300 2671 τοῦ
323 2644 559 2681 ἐπαγγελλομένου
585 2646 664 2674 Θεοῦ.
689 2647 769 2674 Ἀλλὰ
785 2648 820 2675 τὰ
846 2647 953 2682 μεγάλα

161 2687 310 2723 δυσέφικτα
324 2691 381 2721 τοῖς
405 2689 569 2725 ἀνθρώποις,
594 2692 643 2718 καὶ
669 2691 849 2727 συγγινώσκει
869 2693 950 2725 Θεός·

160 2735 276 2771 καὶγὰρ
299 2736 353 2763 οὐδ’
367 2737 449 2769 αὐτὸς
466 2737 591 2773 Ἀϐραὰμ
615 2739 654 2771 ὡς
676 2739 759 2775 ὲχρῆν
783 2739 951 2775 ἐπίστευσεν,

158 2780 229 2809 ἀλλὰ
240 2782 276 2809 τὰ
286 2782 381 2819 πρῶτα
390 2784 436 2810 καὶ
447 2784 560 2818 ἐγέλασε
574 2786 622 2812 καὶ
632 2783 717 2812 εἶπεν·
727 2795 736 2812 ι
746 2785 777 2812 El
790 2785 829 2821 τῷ
841 2786 954 2815 ἑκατον-

195 2842 220 2860 ι⁸
233 2842 299 2870 Luc.
318 2851 340 2876 ι,
354 2843 382 2872 5.
420 2843 442 2860 "
456 2843 524 2872 Gen.
539 2853 612 2880 ηις,
628 2845 669 2874 l0.
709 2845 730 2863 "
742 2846 807 2875 Luc.
828 2855 847 2884 t,
878 2848 920 2878 18.

200 2887 257 2923 (44)
274 2888 340 2918 Cod.
357 2889 388 2924 Ε,
400 2890 549 2926 Κυπριδος.

1007 2257 1069 2277 vere
1099 2249 1205 2276 venisse
1235 2248 1394 2280 Christum,
1432 2245 1604 2274 cessantibus
1636 2244 1793 2271 Judteoruut

1005 2295 1124 2330 propriis
1137 2295 1319 2330 principibus,
1337 2298 1417 2328 prout
1433 2292 1593 2328 praedictum
1609 2290 1708 2318 fuerat.

1041 2341 1065 2357 "
1078 2340 1112 2368 Et
1131 2341 1200 2368 dixit
1217 2341 1311 2375 angelo
1329 2339 1487 2371 Zacharias.
1502 2337 1572 2365 unde
1585 2337 1634 2364 hoc
1651 2335 1754 2363 sciam!

1042 2421 1183 2455 Quodnam
1198 2420 1265 2448 mihi
1284 2420 1391 2455 signum
1405 2418 1538 2450 ostendis,
1555 2424 1609 2452 quo
1624 2416 1710 2443 fretus
1730 2422 1791 2443 cre-

1002 2468 1064 2495 dam
1090 2467 1223 2494 vaticinia
1250 2470 1309 2498 tuoI
1341 2470 1468 2500 tanquam
1495 2463 1550 2491 ﬂde
1572 2470 1625 2490 non
1652 2461 1792 2489 caritura?

1003 2512 1070 2540 Nam
1085 2513 1158 2548 quod
1175 2513 1217 2540 ais
1231 2532 1239 2545 ,
1258 2516 1357 2547 praeter
1372 2516 1496 2539 naturam
1522 2509 1714 2545 propemodum
1732 2513 1790 2541 est;

1003 2566 1084 2587 senes
1096 2559 1168 2587 enim
1187 2559 1395 2594 haudquaquam
1419 2561 1578 2593 procreant.
1602 2556 1685 2591 Atqui
1708 2562 1791 2590 opor-

1006 2605 1078 2633 tebat
1093 2605 1254 2633 Zachariam
1273 2606 1343 2632 haud
1360 2605 1394 2632 de
1410 2612 1460 2632 suo
1474 2608 1502 2632 et
1518 2603 1612 2632 uxoris
1637 2602 1723 2636 senio,
1742 2601 1790 2630 sed

1002 2652 1037 2680 de
1051 2652 1236 2687 promittentis
1261 2651 1308 2679 Dei
1329 2652 1450 2685 potentia
1474 2651 1604 2687 cogitare.
1628 2650 1789 2685 Quanquam

1003 2706 1047 2726 res
1065 2707 1177 2734 magnas
1191 2706 1262 2734 egre
1276 2698 1325 2726 sibi
1335 2699 1461 2726 homines
1476 2697 1657 2733 persuadent:
1676 2696 1791 2730 ideoque

1004 2744 1077 2772 Deus
1090 2745 1258 2780 indulgentia
1274 2744 1369 2773 utitur.
1386 2744 1455 2772 Nam
1478 2751 1513 2773 ne
1536 2743 1708 2772 Abrahamus
1728 2743 1791 2778 qui-

1003 2791 1066 2820 dem
1085 2795 1167 2826 prout
1187 2799 1256 2827 opus
1269 2796 1328 2820 erat
1343 2791 1471 2828 credidit,
1496 2793 1545 2820 sed
1567 2792 1653 2820 initio.
1667 2791 1730 2821 risit
1746 2791 1791 2820 di-
