2061 3215
295 186 347 220 551'

293 257 359 278 acus
372 257 379 276 :
401 257 410 274 ι
426 247 493 275 Num
503 245 661 274 centenario
669 246 725 272 viro
736 245 807 272 ﬁlius
816 249 941 272 nascetur
950 243 990 270 ενι
1000 253 1011 269 ›
1019 242 1085 270 Τιιιη

294 304 360 324 vero
387 300 415 322 et
444 295 513 322 Sara
541 297 652 328 propter
678 292 763 319 risum
792 291 956 325 reprehensa
980 289 1078 316 fuit“.

296 344 375 372 lludo
393 347 483 370 autem
497 340 588 367 verbis
602 338 730 372 obiurgat
743 338 823 369 Deus,
838 337 917 363 modo
932 335 999 370 ipsis
1014 341 1080 368 ope—

296 390 372 417 tibus
406 389 507 424 arguit.
547 386 651 413 Idcirco
683 384 844 412 Zachariam
876 390 983 418 quoque
1010 381 1081 407 facto

296 437 357 472 ipso
379 435 526 470 increpuit,
548 433 611 460 dum
631 432 742 459 surdum
767 435 927 464 mutumque
943 427 1082 455 reddidit:

295 483 359 517 quia
377 482 504 509 nimirum
520 479 687 514 oportuisset
707 485 768 505 eum
794 475 933 511 prioribus
950 472 1083 506 exemplis

293 529 349 564 iam
371 532 459 556 semet
485 526 648 557 crudivisse,
673 529 701 552 et
719 531 787 558 quas
803 522 875 558 passi
894 521 1001 547 fuerant
1026 526 1084 546 ma-

295 575 370 611 jores
385 573 436 607 i‘sui
456 572 670 608 objurgationes,
699 578 747 598 eas
771 569 805 596 ad
829 567 1002 602 disciplinam
1022 573 1084 600 pru-

299 622 385 658 priam
402 620 581 648 convertisse.

543 665 566 680 ”
579 664 635 699 Ego
648 671 705 690 sum
719 660 837 689 Gabriel.

331 714 401 747 Quid
417 720 482 748 ergo
497 711 609 746 angelus
621 710 646 738 ei
670 706 833 743 respondet?
859 704 970 740 Angela,
984 702 1083 738 inquit,

297 759 408 792 diffidis.
422 759 469 793 qui
488 758 543 785 Deo
556 756 649 784 astat?
666 755 771 790 ipsique
786 752 902 780 mittenti
918 759 970 778 non
985 751 1084 781 credis.

299 807 345 834 sed
360 806 399 833 rei
420 812 555 833 summam
575 803 758 830 difﬁcultatem
774 799 901 836 spectas?
915 798 957 826 0b
971 798 1022 826 hoc
1035 797 1086 832 igi-

302 859 346 880 tttr
367 851 538 880 iucredulum
569 850 680 877 verbum
709 856 776 876 voce
803 846 975 882 spoliaberis,
997 845 1085 880 quoad

300 908 345 928 res
362 900 420 933 ipsa
437 898 579 925 evenerit:
597 903 693 930 nempe
711 900 742 922 ut
758 900 831 921 tuam
846 900 943 921 noscas
959 890 1084 919 incredu-

298 947 403 973 litatem
422 945 522 980 Deique
534 943 614 971 simul
632 942 792 977 potentiam.

298 1024 321 1040 “
333 1024 411 1051 Dabit
426 1023 465 1049 illi
481 1022 609 1049 Dominus
622 1021 691 1047 Deus
701 1020 788 1047 sedem
800 1018 909 1045 Davidis
923 1017 1006 1051 patris
1017 1016 1084 1051 ejus.

334 1102 474 1128 Thronum
498 1099 565 1127 dicit
580 1098 674 1126 Davidi
698 1097 862 1127 nuntiatum,
888 1102 975 1130 neque
995 1099 1085 1121 tamen

298 1149 400 1175 datum.
414 1146 498 1174 Semel
522 1146 589 1173 enim
599 1165 606 1178 ,
623 1144 767 1178 ait,juraui
779 1144 805 1170 in
820 1148 910 1170 sancto
922 1142 1020 1173 ιντο..ςί
1035 1141 1087 1167 Da-

298 1194 354 1221 uidi
380 1193 495 1220 mentiar
515 1199 525 1218 :
552 1199 638 1218 semen
657 1191 714 1225 ejus
741 1193 828 1216 manet
846 1190 873 1215 in
888 1192 1041 1214 aeternum:
1061 1190 1085 1212 et

299 1241 408 1267 thronus
425 1239 481 1274 ejus
498 1239 565 1265 sicut
581 1237 620 1264 sol
635 1237 661 1263 in
678 1239 818 1274 conspectu
838 1242 906 1261 meo.
922 1234 954 1260 Et
969 1240 1063 1260 rursus
1078 1242 1085 1258 :

298 1287 394 1313 Juravi
412 1285 507 1312 Dimidi
523 1292 595 1312 seri-0
620 1291 686 1314 meo,
700 1281 785 1317 Usque
799 1282 827 1308 in
842 1287 968 1308 azternum
983 1287 1086 1314 purpu-

300 1334 364 1360 rabo
387 1340 475 1360 semen
492 1336 577 1362 tuum.
593 1335 616 1357 et
633 1329 770 1363 mdiﬁcabo
799 1328 828 1354 in
847 1328 1041 1363 generationem
1061 1330 1086 1352 et

301 1380 496 1413 generationem
516 1378 642 1404 thronum
657 1380 733 1402 tuum
744 1375 777 1402 ⁸⁷.
792 1375 880 1409 Atque
893 1374 951 1401 haec
965 1372 1035 1400 haud
1054 1372 1088 1399 de

300 1433 399 1453 carnea
423 1426 508 1459 stirpe
531 1423 608 1456 dicit,
630 1429 719 1457 neque
740 1421 774 1449 de
797 1420 896 1448 visibili
913 1420 1023 1453 throno,
1041 1419 1087 1446 sed

302 1473 336 1500 de
353 1472 399 1500 illo
413 1478 493 1506 quem
512 1469 625 1505 angelus
640 1474 775 1496 memorat
790 1475 852 1495 cum
865 1467 948 1494 Maria
963 1466 1086 1501 loquens,

303 1518 350 1553 qui
365 1517 432 1544 nihil
450 1515 597 1551 temporale
613 1515 706 1548 habet,
723 1515 770 1550 qui
788 1514 857 1542 lucis
875 1514 962 1541 instar
979 1513 1005 1540 in
1022 1513 1088 1547 orbe

302 1565 430 1591 universo
444 1562 566 1598 splendet
580 1582 588 1595 ,
605 1562 705 1596 quique
726 1561 833 1588 animas
853 1559 1014 1595 spiritaliter
1026 1558 1088 1586 illu-

648 189 783 217 EUSEBII
802 187 1039 216 CESARIENSIS
1057 185 1133 214 OPP.
1153 185 1243 212 PARS
1262 184 1309 213 Ill-
1326 199 1360 205 —
1379 182 1584 211 EXEGETltZA.

1865 182 1911 209 55!

1100 245 1124 273 Α
1138 242 1227 268 ταέτει
1250 243 1394 276 γενήσεται
1416 240 1471 271 υἱός
1485 248 1492 272 ;
1517 249 1526 264 ι
1543 238 1590 265 καὶ
1607 239 1624 274 ἡ
1640 238 1771 274 Σάρῤαδὲ
1785 236 1911 272 γελάσασα

1133 286 1261 322 ἐμέμφθη
1286 286 1359 313 τότε.
1386 286 1455 312 Ποτὲ
1481 283 1609 320 μὲν.γὰρ
1636 284 1707 318 λόγῳ
1725 283 1796 318 μόνῳ
1817 283 1831 309 ὁ
1853 282 1912 314 Θεὸς

1135 332 1283 367 μέμφεται,
1299 330 1364 359 ποτὲ
1389 331 1417 357 δὲ
1438 330 1483 356 καὶ
1508 329 1580 364 ἔργῳ
1606 328 1727 363 ἐπιτιμᾷ.
1751 326 1850 353 Τούτου
1872 325 1913 353 οὖν

1133 378 1212 414 χάριν
1231 378 1277 405 καὶ
1289 377 1326 412 τῷ
1344 376 1467 412 Ζαχαρᾱι.
1481 376 1513 402 δι’
1529 375 1610 410 ἔργου
1633 375 1793 409 ἐπετίμησε,
1811 373 1857 400 καὶ
1878 374 1914 404 εἰς

1133 424 1279 459 κωφότητα
1297 423 1343 450 καὶ
1365 422 1486 457 ἀφωνίαν
1509 421 1590 448 αὑτὸν
1613 420 1790 456 περιέστησεν
1803 428 1810 434 ·
1837 418 1914 453 ἐχρῆν

1133 470 1187 506 γὰρ
1219 470 1298 497 αὑτὸν
1322 469 1366 496 διὰ
1395 468 1448 495 τῶν
1483 467 1624 504 προτέρων
1658 465 1841 496 παιδεύεσθαι.
1872 465 1914 490 καὶ

1132 516 1182 552 τὴν
1203 517 1271 552 πρδς
1298 517 1361 547 τοὺς
1392 515 1513 551 πατέρας
1543 513 1646 550 μέμψιν
1678 511 1819 539 παίδευσιν
1852 510 1914 537 ἰδίαν

1135 562 1309 598 ποιήσασθαι.
1658 552 1663 556 ”

1385 652 1458 687 Ἐγώ
1473 653 1530 684 εἶμι
1545 650 1685 685 Γαϐριὴλ.

1170 697 1202 724 Τί
1215 694 1261 723 οὖν
1276 704 1341 731 φησι
1353 696 1420 731 πρὸς
1439 696 1519 722 αὐτὸν
1532 696 1546 721 ὁ
1567 694 1699 729 ἄγγελος;
1720 694 1851 728 Ἀγγέλῳ,
1870 701 1917 728 φη-

1136 743 1189 773 σὶν,
1206 742 1339 772 ἀπιστεῖς,
1359 741 1388 773 ὃς
1401 741 1556 776 παρέστηκε
1570 739 1648 775 Θεῷς
1666 739 1712 766 καὶ
1731 739 1762 765 οὐ
1787 738 1916 769 πιστεύεις

1134 788 1174 824 τῷ
1190 787 1390 819 ἀποστείλαντι,
1405 787 1472 814 ἀλλὰ
1483 787 1551 822 πρὸς
1560 785 1609 822 τὴν
1620 785 1666 812 τοῦ
1682 785 1844 821 πράγματος
1861 785 1918 811 ἀδυ-

1135 836 1236 871 ναμίαν
1267 834 1392 870 βλέπεις
1415 833 1519 860 Οὐκοῦν
1546 833 1590 859 διὰ
1611 832 1659 868 τὴν
1681 832 1795 859 ἄπιστον
1823 831 1918 866 ταύτην

1138 881 1229 918 φωνὴν
1251 880 1424 917 ἀφαιρεθήσῃ
1449 880 1499 915 τῆς
1514 879 1607 914 φωνῆς
1623 879 1675 911 ἓως
1693 878 1739 906 τοῦ
1762 878 1918 914 πράγματος

1101 924 1123 951 Β
1138 927 1337 963 πληρωθέντος,
1352 926 1432 961 γνοὺς
1448 926 1495 952 καὶ
1517 925 1546 952 τὸ
1561 925 1606 952 σὺν
1621 925 1733 952 ἄπιστον
1757 924 1805 950 καὶ
1827 923 1856 949 τὸ
1875 921 1917 949 τοῦ

1137 973 1204 999 Θεοῦ
1219 972 1341 999 δυνατόν.

1138 1019 1230 1046 Δώσει
1243 1017 1323 1051 αὐτῷ
1337 1017 1444 1052 Κύριος
1458 1017 1475 1043 ὁ
1487 1016 1559 1048 Θεὸς
1574 1016 1680 1052 θρόνον
1692 1014 1784 1042 Δαυτδ
1799 1014 1851 1041 τοῦ
1869 1022 1919 1040 :za-

1435 1052 1504 1086 τρὸς
1522 1050 1624 1078 αὑτοῦ.

1172 1100 1272 1136 Θρόνον
1287 1099 1360 1133 λέγει
1377 1098 1422 1124 τὸν
1445 1094 1646 1131 ἑπαγγελθέντα
1659 1095 1699 1130 τῷ
1712 1093 1804 1126 Δαυῒδ,
1822 1095 1852 1120 οὺ
1871 1093 1918 1128 μὴν

1137 1147 1184 1174 καὶ
1200 1146 1326 1173 δοθέντα·
1339 1143 1433 1176 ’Άπαξ
1445 1143 1510 1178 γὰρ,
1525 1142 1602 1178 φησὶ,
1619 1141 1721 1176 ὤμοσα
1734 1140 1769 1167 ἐν
1792 1139 1831 1172 τῷ
1854 1140 1921 1174 ἁγίῳ

1134 1202 1205 1229 μου,
1220 1194 1246 1219 εἱ
1258 1191 1296 1224 τῷ
1306 1189 1396 1218 Δαυῒε
1408 1190 1574 1224 ψεύσομαι·
1597 1187 1629 1214 τὸ
1646 1185 1763 1220 σπέρμα
1775 1185 1866 1212 αὑτοῦ
1881 1185 1919 1216 εις

1137 1239 1191 1266 τὸν
1205 1237 1297 1265 αἰῶνα
1309 1236 1403 1271 μένει,
1419 1235 1469 1262 καὶ
1491 1236 1508 1261 ὁ
1524 1234 1630 1268 θρόνος
1650 1232 1741 1259 αὐτοῦ
1757 1232 1798 1263 ὡς
1811 1233 1827 1258 ὁ
1841 1231 1920 1264 ἣλιος

1137 1285 1275 1311 ἐναντίον
1288 1291 1347 1318 μου
1358 1290 1364 1297 ·
1380 1282 1427 1308 καὶ
1443 1281 1525 1307 πάλιν
1533 1287 1541 1295 ·
1553 1280 1667 1314 Ὠμοσιι
1675 1277 1766 1305 Δαυῒδ
1777 1277 1818 1310 τῷ
1828 1276 1920 1307 δούλῳ

1135 1339 1195 1364 μου
1206 1338 1212 1344 ·
1230 1329 1303 1361 Ἕως
1318 1327 1370 1354 τοῦ
1384 1326 1491 1359 αἰῶνος
1504 1323 1651 1359 ἑτοιμάσω
1672 1323 1705 1350 τὸ
1726 1322 1845 1357 σπέρμα
1856 1329 1918 1352 σου,

1137 1375 1186 1402 καὶ
1202 1373 1388 1409 οἰκοδομήσω
1401 1373 1444 1405 εις
1455 1370 1563 1407 γενεὰν
1576 1370 1623 1397 καὶ
1636 1369 1742 1404 γενεὰν
1754 1368 1810 1395 τὸν
1821 1368 1921 1402 θρόνον

1137 1429 1206 1448 σου.
1221 1421 1311 1447 Ταῦτα
1321 1420 1350 1446 δὲ
1365 1419 1395 1446 οὺ
1419 1418 1484 1454 περὶ
1507 1415 1638 1452 σαρκικοῦ
1668 1415 1823 1450 σπέρματός
1850 1421 1919 1448 φησι,

1138 1468 1197 1495 οὐδὲ
1211 1468 1275 1504 περὶ
1293 1465 1422 1502 αἰσθητοῦ
1435 1465 1541 1500 θρόνου,
1558 1463 1624 1491 ἀλλὰ
1639 1462 1702 1498 περὶ
1716 1457 1747 1488 οὗ
1766 1470 1834 1497 φησι
1852 1460 1894 1486 καὶ
1908 1460 1921 1485 ὁ

1138 1514 1252 1549 ἄγγελος
1274 1513 1342 1549 πρὸς
1370 1513 1419 1547 τὴν
1443 1511 1592 1547 Παρθένον,
1607 1509 1653 1535 τὸν
1675 1508 1757 1544 μηδὲν
1788 1507 1920 1541 ἐπίκαιρον

1138 1560 1243 1596 ἔχοντα,
1261 1559 1306 1585 τὸν
1321 1558 1381 1585 καθ’
1397 1558 1461 1593 ὅλης
1487 1557 1535 1591 τῆς
1561 1555 1724 1590 οἰκουμένης
1750 1553 1840 1588 φωτὸς
1851 1552 1920 1586 δίκην

302 1615 374 1638 strat
396 1610 489 1637 divino
514 1609 682 1644 magisterio.
702 1607 789 1635 Porro
806 1606 900 1635 Jacobi
925 1608 1034 1633 domum
1057 1611 1088 1631 ne

1140 1606 1326 1641 ὲκλάμποντα,
1355 1604 1402 1631 καὶ
1427 1603 1517 1639 ψυχὰς
1541 1601 1640 1637 νοερῶς
1665 1599 1868 1633 καταυγάξοντα
1883 1597 1921 1624 διὰ

303 1657 436 1692 intelligas
458 1655 599 1683 Judaicum
622 1654 810 1682 tantummodo
828 1653 965 1689 populutn,
983 1652 1029 1679 sed
1042 1658 1088 1679 eos

303 1711 399 1732 manes
413 1704 457 1738 qui
473 1702 629 1730 Servatoris
646 1701 791 1729 vocatione
810 1708 843 1728 ex
862 1699 998 1727 universis
1021 1705 1088 1734 gen-

304 1752 377 1778 tibus
393 1750 492 1777 divinte
506 1748 661 1783 adoptionis
676 1748 854 1783 prrerogativa
870 1747 1017 1774 donantur.
1029 1745 1090 1772 Jam

304 1797 351 1824 Dei
366 1795 480 1831 populus
494 1795 572 1822 modo
586 1794 672 1822 Jacob
687 1794 787 1821 dicitur
799 1793 881 1821 modo
898 1792 980 1820 Israel
993 1802 1000 1820 :
1018 1793 1089 1819 ident

302 1844 404 1877 quippe
419 1843 461 1869 vir
473 1841 525 1869 fuit
546 1841 628 1868 Israel
645 1845 674 1868 et
694 1839 789 1868 Jacob.
811 1840 844 1867 Et
856 1845 952 1867 natura
969 1839 1089 1873 quidem,

303 1887 388 1915 Iacob
411 1893 470 1914 erat
487 1886 593 1921 priscus
613 1885 659 1912 ille
685 1884 809 1920 populus,
831 1884 894 1919 quia
915 1884 1043 1911 nimirum
1058 1891 1090 1910 ex

302 1933 398 1961 Jacobi
416 1932 548 1967 sanguine
560 1931 697 1967 originem
718 1930 858 1963 ducebat;
883 1929 1028 1964 adoptione
1044 1937 1093 1956 au-

305 1984 369 2010 tem,
385 1978 471 2005 Iacob
489 1983 532 2005 est
556 1985 643 2004 novus
664 1976 778 2014 populus
800 1981 911 2011 propter
926 1975 1033 2002 virtutis
1046 1982 1091 2003 co-

305 2024 479 2060 gnationem:
495 2022 628 2050 successit
644 2022 717 2049 enim
732 2022 819 2049 veteri
835 2028 930 2048 novus.
950 2021 1044 2055 Itaque
1063 2021 1091 2048 in

307 2074 445 2102 posterum
459 2075 542 2102 super
558 2068 609 2095 hoc
623 2067 722 2101 popqu
736 2067 922 2094 dominabitur
939 2066 985 2094 ille
999 2073 1047 2093 rex
1064 2066 1091 2093 in

306 2112 419 2144 sarcula,
435 2112 461 2140 id
486 2117 527 2139 est
556 2117 697 2146 perpetuo.
721 2112 773 2145 Qui
795 2112 904 2146 quidem
923 2112 1038 2146 populus
1058 2119 1090 2138 ex

305 2159 436 2194 operibus
464 2158 692 2193 sermonibusque
723 2158 862 2186 Christum
891 2162 1032 2193 agnoscet,
1066 2163 1094 2184 et

307 2204 370 2231 huic
387 2208 486 2239 sponte
507 2211 610 2231 morem
630 2209 717 2238 geret.
742 2203 869 2230 Proiecto
897 2203 1021 2230 Christus
1045 2211 1093 2230 rex

305 2251 357 2278 l'uit
379 2255 515 2285 quatenus
541 2251 632 2282 Deus;
648 2251 685 2276 ait
702 2249 774 2276 enim
787 2258 794 2275 :
809 2248 925 2283 Regnum
943 2257 1028 2276 meum
1041 2257 1092 2276 non

304 2301 344 2324 est
357 2297 389 2323 de
403 2297 454 2323 Itoc
468 2297 567 2322 mundo
581 2295 614 2322 “.
632 2295 688 2322 luto
705 2302 752 2322 rex
769 2302 876 2329 quoque
890 2294 940 2321 fuit
960 2300 1093 2329 quatenus

307 2344 389 2370 homo
403 2353 409 2369 :
425 2350 480 2377 prte
491 2349 521 2369 se
539 2341 612 2369 enim
628 2341 689 2368 tulit
706 2340 807 2375 regalia
824 2348 916 2375 opera,
935 2348 1033 2375 nempe
1054 2341 1094 2368 le-

306 2388 477 2422 gislatiOnem
498 2395 566 2422 erga
595 2386 719 2413 homines
736 2385 788 2413 sibi
810 2386 945 2418 subditos,
960 2387 1096 2421 guberna-

308 2436 407 2461 tionem
422 2434 578 2461 earumdem
590 2437 617 2460 et
632 2440 725 2460 curam
736 2452 744 2464 ,
762 2433 889 2467 necisque
906 2440 955 2467 pro
969 2433 1003 2459 iis
1016 2432 1096 2459 obitu:

306 2480 454 2512 incritum;
472 2481 516 2515 qui
537 2480 648 2515 reapse‘
661 2480 734 2514 regis
760 2479 935 2507 characteres
966 2479 1095 2513 prtecipui

306 2531 379 2554 sunt.

431 2574 454 2589 "
469 2572 585 2608 Spiritus
597 2577 703 2600 sanctus
719 2573 881 2606 superveniet
893 2572 921 2598 in
937 2577 971 2598 te.

344 2620 415 2647 Deus
427 2626 480 2651 est.
494 2620 591 2654 inquit,
611 2619 656 2653 qui
683 2624 826 2654 operatur,
843 2625 876 2645 ne
891 2618 1013 2653 ambigas
1028 2626 1035 2650 ;
1052 2618 1096 2646 ille

309 2665 425 2697 scilicet.
444 2667 489 2702 qui
505 2667 586 2693 etiam
602 2665 717 2693 senilem
741 2669 949 2698 emortuatnque
971 2669 1096 2691 naturam

309 2713 476 2743 corroborat.
491 2712 546 2739 imo
559 2713 581 2740 si
593 2712 657 2739 velit
673 2712 794 2739 innovat.

393 2757 416 2774 '°
431 2758 502 2785 Dixit
517 2758 622 2785 Maria:
636 2757 705 2784 Ecce
722 2757 819 2784 ancilla
833 2757 949 2791 Domini,
963 2762 1016 2785 etc.

311 2816 314 2819 ‹
347 2803 452 2831 Ancilla
473 2805 579 2832 Domitii
596 2812 656 2831 sum
669 2813 675 2836 ;
694 2803 783 2831 tabula
796 2804 910 2838 pictoria
925 2811 1002 2836 sum;
1017 2803 1096 2838 quid-

347 2871 369 2885 “
383 2871 450 2898 Gen.
464 2879 529 2899 xrtt.
543 2871 586 2899 l7.
624 2870 647 2886 “
664 2871 731 2898 Gen.
748 2877 825 2900 xvttt.
844 2868 886 2895 l0.
923 2869 946 2886 "
979 2870 1041 2898 Luc.
1068 2878 1086 2903 Ι,

1137 2875 1149 2899 ’.
1189 2871 1211 2887 ⁸³
1224 2870 1290 2898 ibid.
1305 2869 1350 2896 3‘2.
1388 2868 1409 2884 ⁸⁷
1428 2867 1498 2896 Psal.
1522 2873 1635 2899 Lxxxrt,
1652 2865 1686 2894 56
1706 2870 1764 2897 seq.

326 2913 402 2939 xu“,
417 2907 459 2934 56.
500 2907 520 2922 ⁵³
532 2906 598 2934 Luc.
619 2914 638 2940 ι,
654 2906 698 2934 ὃὸ.
737 2906 759 2921 ⁵⁸
787 2904 851 2932 Ibid.
865 2905 909 2931 58.

1138 1652 1189 1687 τῆς
1200 1651 1290 1678 ἐνθέου
1304 1650 1487 1681 διδασκαλίας.
1501 1647 1581 1676 υἱκον
1594 1646 1737 1678 δὲ’]ακὼδ,
1754 1645 1793 1681 μὴ
1804 1645 1848 1671 τὸν
1864 1644 1923 1670 ἰου-

1139 1697 1220 1724 δαιων
1231 1696 1295 1723 λαὸν
1306 1694 1400 1730 νόμιζε
1430 1694 1520 1730 μόνον,
1546 1692 1614 1720 ἀλλὰ
1630 1691 1732 1722 πάντας
1749 1691 1812 1722 τοὺς
1828 1688 1870 1716 διὰ
1878 1687 1922 1723 τῆς

1140 1743 1262 1778 κλήσεως
1274 1741 1320 1768 τοῦ
1332 1741 1459 1776 Σωτῆρος
1477 1739 1508 1772 ἐξ
1523 1737 1713 1766 ἁπάντωντῶν
1727 1736 1814 1763 ἐθνῶν
1828 1736 1866 1766 εἰς
1879 1733 1922 1768 τὴν

1140 1791 1194 1818 τῶν
1218 1790 1304 1824 ἁγίων
1329 1787 1465 1815 υἱοθεσίαν
1489 1785 1720 1822 είσποιουμένους.
1744 1784 1773 1810 't)
1797 1783 1858 1814 λαὸς
1880 1779 1921 1807 τοῦ

1141 1836 1208 1863 Θεοῦ
1223 1835 1288 1863 ποτὲ
1305 1835 1354 1871 μὲν
1378 1833 1474 1862 Ἰακὼϐ
1489 1833 1621 1864 καλεῖται,
1638 1831 1703 1858 ποτὲ
1721 1830 1749 1857 δὲ
1767 1827 1885 1865 Ἰσραήλ·
1909 1826 1922 1851 ό

1143 1883 1225 1915 αὐτὸς
1234 1882 1288 1918 γὰρ
1306 1880 1340 1917 ἦν
1366 1881 1413 1908 καὶ
1435 1879 1543 1916 Ἰσραὴλ
1567 1879 1615 1906 καὶ
1643 1876 1757 1904 Ἰακώϐ·
1781 1876 1829 1903 καὶ
1851 1874 1922 1909 φύσει

1144 1930 1193 1965 μὲν
1211 1928 1309 1955 Ἰακὼῦ
1324 1925 1358 1963 ἦν
1372 1928 1386 1954 ὁ
1407 1926 1520 1958 παλαιὸς
1531 1925 1606 1956 λαὸς,
1630 1924 1668 1956 ὡς
1690 1923 1721 1955 ἐξ
1743 1921 1840 1949 Ἰακὼϐ
1860 1919 1923 1947 κατὰ

1142 1977 1190 2012 τὴν
1198 1975 1226 2009 ἐξ
1240 1976 1354 2010 αἵματος
1371 1973 1530 2008 συγγένειαν
1541 1980 1548 1987 ·
1562 1971 1634 1998 θέσει
1645 1970 1684 2002 δὲ,
1699 1969 1779 2000 ὁνέος
1792 1968 1853 1999 λαὸς
1860 1965 1923 1994 κατὰ

1141 2023 1192 2058 τὴν
1212 2021 1242 2054 ἐξ
1257 2020 1357 2056 ἀρετῆς
1373 2019 1549 2054 συγγένειαν
1578 2015 1741 2052 ἀντεισήχθη
1763 2014 1819 2050 γὰρ
1836 2014 1850 2040 ὁ
1871 2012 1924 2043 νέος

1142 2068 1189 2095 τοῦ
1206 2066 1332 2095 παλαιοῦ.
1346 2066 1445 2093 Λοιπὸν
1461 2062 1507 2091 οὖν
1526 2064 1572 2090 ἐπὶ
1591 2062 1685 2089 τοῦτον
1704 2061 1750 2087 τὸν
1761 2059 1826 2086 λαὺν
1855 2057 1922 2093 βασι-

1143 2114 1233 2140 λεύσει
1244 2114 1283 2145 εἰς
1292 2113 1338 2139 τὸν
1350 2112 1445 2143 αίῶνα,
1460 2111 1543 2145 ῆγουν
1555 2108 1608 2140 ἀεὶ,
1623 2108 1655 2135 ἐκ
1669 2116 1698 2133 τε
1710 2106 1764 2133 τῶν
1782 2105 1868 2140 ἔργων
1880 2101 1922 2129 καὶ

1144 2160 1197 2187 τῶν
1208 2159 1294 2194 λόγων
1307 2158 1452 2193 ἐπιγνόντα
1467 2157 1557 2187 αὑτὸν,
1577 2155 1625 2181 καὶ
1649 2153 1781 2184 ἑκουσίως
1803 2152 1924 2178 ὑποτετα-

1145 2205 1246 2240 γμένον
1259 2202 1348 2238 αὐτῷ’
1363 2203 1377 2228 ὁ
1391 2202 1445 2238 γὰρ
1461 2200 1576 2236 Χριστὸς
1587 2198 1621 2235 ἦν
1640 2198 1687 2235 μὲν
1697 2197 1822 2233 βασιλεὺς
1834 2195 1877 2222 καὶ
1891 2193 1923 2224 ὼς

1144 2250 1224 2282 Θεός’
1250 2249 1432 2281 Ἡβασιλεία
1449 2247 1514 2282 γὰρ,
1529 2245 1621 2282 φησὶ),
1634 2245 1652 2279 ἡ
1662 2244 1719 2279 ἐμὴ
1735 2243 1792 2269 οὐκ
1803 2242 1883 2269 ἐστιν
1894 2239 1924 2265 ἐκ

1144 2297 1198 2324 τοῦ
1208 2297 1324 2331 κόσμου
1332 2296 1439 2322 τούτου
1453 2303 1460 2309 ο
1472 2292 1506 2329 ἦν
1525 2293 1553 2319 δὲ
1576 2291 1623 2318 καὶ
1642 2291 1680 2322 ὠς
1699 2289 1857 2325 ἄνθρωπος·
1875 2283 1924 2319 εἶχε

1145 2343 1198 2379 γὰρ
1214 2330 1281 2378 ἔργα
1300 2341 1429 2377 βασιλέως
1444 2340 1475 2366 τὸ
1487 2338 1641 2374 νομοθετεῖν
1662 2337 1718 2367 τοῖς
1737 2334 1866 2370 ὑπηκόοις
1885 2330 1924 2357 αὐ-

1146 2390 1203 2423 τοῦ,
1214 2389 1243 2416 τὸ
1263 2388 1414 2424 ῥυθμίζειν,
1429 2387 1460 2413 τὺ
1473 2385 1625 2421 περιέπειν,
1645 2383 1674 2409 τὸ
1683 2380 1923 2417 ὑπεραποθνήσκειν

1147 2436 1253 2464 αὐτῶν·
1272 2435 1291 2463 ἃ
1304 2435 1422 2471 μάλιστα
1433 2430 1666 2468 χαρακτηρίζουσι
1688 2429 1733 2455 τὸν
1755 2426 1842 2463 ἀληθῆ
1858 2424 1924 2460 βασι-

1146 2483 1206 2510 λέα.

1109 2271 1131 2300 ι)

1261 2573 1381 2608 Πνεῦμα
1396 2573 1481 2607 ἅγιον
1496 2570 1692 2597 ἐπελεύσεται
1704 2566 1753 2594 ἐπὶ
1770 2565 1816 2592 σέ.

1185 2621 1261 2653 Θεὸς,
1275 2605 1367 2655 φησὶν,
1378 2619 1392 2645 ὀ
1407 2605 1536 2653 ἐνεργῶν,
1549 2616 1587 2652 μὴ
1607 2613 1758 2650 ἀμφίϐαλλε
1768 2620 1774 2625 ·
1792 2612 1806 2637 ὁ
1825 2608 1870 2636 καὶ
1882 2605 1926 2655 ﬁt!

1151 2668 1231 2703 φύσιν
1251 2667 1437 2702 γεγηρακυῖαν
1453 2665 1500 2691 καὶ
1520 2662 1684 2690 ἀσθενοῦσαν
1697 2656 1870 2694 ἐπιῤῥωννὺςι
1885 2650 1926 2679 καὶ

1150 2712 1231 2748 φύσιν
1245 2711 1422 2747 καινοτομῶν,
1433 2710 1478 2736 ὅτε
1497 2708 1629 2744 βούλεται.

1196 2757 1270 2786 Εἶτίε
1286 2757 1402 2792 Μαριάμ
1412 2765 1419 2772 ”
1437 2756 1510 2783 Ἰδοὺ
1529 2755 1547 2788 ή
1559 2755 1654 2787 δούλη
1675 2751 1797 2785 Κυρίου,
1812 2757 1838 2776 κ.
1849 2755 1873 2772 τ.
1887 2753 1908 2770 Λ-

1185 2805 1270 2839 Δούλη
1293 2787 1350 2838 εἰμὶ
1369 2787 1485 2838 ἰξυρίου·
1520 2787 1602 2832 πίναξ
1627 2798 1685 2834 εἰμὶ
1709 2795 1893 2833 γραφόμενος·
1912 2787 1924 2814 δ

1805 2859 1827 2876 ⁵⁸
1840 2858 1913 2886 Joan.
