2061 3215
196 158 249 187 533

775 159 1023 187 COMMENTAMA
1045 160 1078 188 IN
1097 159 1227 188 LUCAM.

1765 160 1820 189 εει

198 219 322 254 βούλεται
341 220 356 246 ὁ
374 219 507 254 γραφεὺς,
529 218 674 255 γραφέτων
694 219 805 246 ποιείτω
826 219 841 245 ὃ
860 218 946 246 ἐθέλει
970 219 982 244 ὁ

1037 219 1100 254 quid
1113 219 1170 246 vult
1185 219 1272 254 pictor
1285 219 1310 246 ir.
1330 226 1362 246 ea
1376 219 1502 254 depingat
1515 228 1522 246 :
1539 219 1612 255 quod
1624 219 1682 247 vult
1694 221 1815 248 omnium

196 264 244 291 τοῦ
258 264 358 296 παντὸς
372 264 482 300 Κύριος.

320 342 321 345 η
366 309 430 343 Φῶς
447 311 492 343 εις
503 309 698 344 ἀποκάλυψιν
716 309 818 336 ἐθνῶν.

233 355 303 391 Ὅρα
326 355 384 387 πῶς
399 356 448 391 ἠδη
472 356 546 390 λέγει
568 356 614 382 καὶ
638 356 687 391 τὴν
707 356 857 391 μέλλουσαν
873 356 983 383 ἔσεσθαι

196 400 249 428 τῶν
273 401 356 427 ἐθνῶν
377 401 528 437 σωτηρίαν·
557 401 605 438 τὴν
626 401 680 438 γὰρ
706 402 800 428 τούτου
823 403 982 438 παρουσίαν,

196 448 272 482 φησὶ,
290 447 323 474 τὰ
338 447 400 482 ἔθνη
415 448 560 484 προσδοκᾷ.

198 493 318 528 Πνεῦμα
340 494 449 527 Κιιρίου
468 494 520 520 ἐπ’
548 494 610 528 ἐμὲ,
635 492 671 522 οὗ
695 494 799 521 ἕνεκεν
813 494 915 529 ἐχρισέ
934 503 982 529 με.

237 570 267 597 '0
283 571 331 606 μὲν
346 571 450 608 Σωτὴρ,
463 572 515 598 τῶν
527 572 708 608 μακαρισμῶν
722 572 920 608 ἀπαρχόμενος,
929 575 984 606 τοῖς

195 619 314 652 πτωχοῖς
326 617 372 643 τὸν
385 617 508 653 οὐράνιον
524 618 715 654 εὐηγγελίζετο
739 618 852 646 πλοῦτον
872 620 918 646 καὶ
935 619 984 656 τὴν

195 663 249 689 τῶν
275 663 394 699 οὐρανῶν
423 663 577 698 βασιλείαν·
603 664 713 697 Ἡσαΐας
749 665 777 691 δὲ
800 666 814 692 ὁ
843 666 985 701 προφήτης

195 709 298 736 τούτων
312 709 454 744 προλαϐὼν
465 710 678 746 ἐμνημόνευσεν,
699 711 728 743 ἐξ
740 711 822 738 αὑτοῦ
838 712 984 747 προσώπου

196 755 243 782 τοῦ
260 755 387 791 Σωτῆρος
399 755 429 782 τὸ
449 755 545 791 μέλλον
564 752 614 782 ὦδε
643 755 846 792 προθεσπίζων-
863 758 985 792 Πνεῦμα

195 800 306 834 Kvpt'ov
323 800 368 826 ἐπ’
387 800 448 834 ἐμὲ,
463 798 500 827 οὗ
522 801 637 828 εἵνεκεν
647 801 751 836 ἔχρισέ
765 811 813 837 με,
831 804 985 838 εὐαγγελί-

195 847 308 873 σασθαι
327 845 454 879 πτωχοῖς
477 845 650 873 ἀπέσταλκέ
672 855 723 882 με.
753 848 898 884 Ἀντικρυς
919 848 983 883 γοῦν

1035 273 1125 292 rerum
1141 265 1273 293 Dominus
1289 265 1379 293 faciat.

1155 311 1176 330 δ’
1196 310 1303 344 ,ικηιεη
1319 312 1353 338 ad
1370 311 1553 338 reuelationem
1569 311 1695 346 gentium.

1069 356 1157 383 Cerne
1171 357 1307 390 quomodo
1316 355 1372 391 jam
1386 356 1452 384 dicit
1471 356 1591 383 futuram
1605 356 1725 391 gentium
1744 355 1819 384 salu-

1035 407 1099 430 tem.
1115 401 1236 436 Namque
1252 401 1334 437 hujus
1357 402 1458 437 (pueri)
1480 402 1626 430 adventum
1653 407 1747 437 gentes
1772 410 1820 429 cx-

1034 453 1168 483 spectant.

1104 495 1128 512 "
1145 493 1262 529 Spiritus
1275 494 1383 522 Domini
1396 503 1473 556 super
1489 503 1546 529 me;
1563 499 1667 529 propter
1679 495 1749 530 quod

1357 538 1420 556 unx:
1446 538 1497 556 me.

1357 538 1433 556 llnIll
1446 538 1497 557 me.

1071 576 1202 603 Servatur
1220 575 1404 603 beatitudines
1417 575 1570 603 edisserere
1589 575 1730 609 incipiens,
1751 583 1818 610 pau-

1035 622 1143 657 peribus
1159 629 1290 657 supernas
1306 621 1414 648 nuntiat
1438 621 1549 649 divitias
1571 621 1755 656 cmlorumque
1778 629 1818 649 re-

1035 676 1127 703 gnum.
1144 667 1176 695 Et
1189 667 1297 702 quidem
1314 666 1398 694 lsaias
1414 667 1545 702 propheta
1570 667 1629 695 hinc
1646 669 1672 694 in
1696 673 1818 696 anteces-

1035 721 1094 740 sum
1111 718 1386 747 commemoraverat,
1401 714 1465 741 dum
1480 714 1506 741 in
1524 713 1680 750 Servatoris
1701 720 1819 749 persona

1036 768 1095 795 qum
1111 764 1241 788 eventura
1257 764 1335 788 erant
1350 760 1425 787 hisce
1436 760 1525 787 verbis
1539 760 1667 794 praedixit
1680 769 1686 787 :
1704 759 1821 795 Spiritus

1037 806 1144 834 Domini
1161 814 1239 840 super
1250 814 1307 838 me;
1325 810 1463 840 propterea
1479 806 1553 832 unxit
1568 814 1620 836 me.
1634 806 1668 832 ad
1688 806 1820 841 evangeli-

1036 852 1150 879 zandum
1175 852 1333 887 pauperibus
1357 852 1428 878 misit
1453 859 1493 879 me
1512 851 1545 878 ".
1575 850 1721 887 Perspicue
1735 852 1820 887 igitur

196 892 316 927 ἑσήμανε
332 892 450 926 πτωχοῖς
469 892 667 928 εὐαγγελισμὸν
690 894 815 928 ἀγαθῶνο
832 894 872 921 διὸ
884 894 941 930 ἅμα
953 904 982 921 τε

1034 898 1236 932 signiﬁcaverat
1252 897 1415 932 pauperibus
1434 897 1573 924 felicitatis
1595 897 1752 925 adventum.
1767 897 1819 924 At-

196 938 330 972 ὲπέφανεν
346 937 498 973 ἀνθρώποις
513 939 527 965 ό
549 937 588 974 τῷ
611 939 680 974 ἁγίῳ
696 940 834 975 Πνεύματι
860 940 931 968 κατὰ
954 942 984 968 τὸ

195 984 365 1021 ἀνθρώπινον
379 985 556 1021 κεχρισμένος
565 994 571 1000 “
586 987 632 1012 καὶ
644 987 768 1014 ἐντεῦθεν
781 988 919 1024 ἀπήρχετο
935 989 984 1024 τῆς

194 1031 376 1064 διδασκαλίας,
395 1031 531 1066 βασιλείαν
544 1031 573 1058 οὺ
579 1032 669 1067 ράνιον
681 1032 714 1058 δι’
724 1033 805 1060 αὐτὸν
829 1035 983 1070 πτωχεύου-

196 1086 239 1105 σιν
251 1077 502 1112 εὐαγγελιζόμενος.

197 1123 231 1159 pt
245 1121 338 1159 ἦλθον
358 1123 486 1151 ἀκοῦσαι
510 1125 615 1156 αὐτοῦ,
633 1124 682 1151 καὶ
706 1125 823 1159 ἰαθῆναι
844 1125 903 1152 ἀπὸ
926 1125 985 1153 τῶν

477 1159 577 1186 νόσων
593 1159 701 1187 αὐτῶν.

231 1205 303 1240 Ὅρα
322 1205 387 1239 γοῦν
402 1205 448 1231 ἐπὶ
464 1205 520 1232 τοῦ·
536 1206 680 1242 παρόντος,
695 1206 797 1233 ἄνωθεν
814 1206 984 1243 ἀρξαμένους

194 1259 244 1283 τας
259 1250 307 1277 τοῦ
320 1252 444 1287 Σωτῆρος
454 1251 568 1279 διελθεῖν
585 1252 686 1287 φωνὰς,
699 1253 746 1279 καὶ
757 1254 821 1288 παρ’
833 1253 914 1280 αὑτοῦ
935 1253 984 1285 τὰς

194 1296 368 1329 διδασκαλίας
383 1297 478 1334 ὥσπερ
492 1298 568 1330 τινὰς
583 1299 691 1334 νόμους,
706 1299 738 1325 δι’
751 1296 788 1326 ὧν
804 1299 837 1326 ἄν
849 1309 891 1332 τις
908 1300 985 1335 τύχοι

194 1343 244 1377 τῆς
258 1343 383 1379 οὐρανίου
400 1343 545 1377 Βασιλείας,
560 1345 760 1380 παραδέξασθαι
770 1354 777 1360 ·
794 1345 890 1381 καὶμὴ
904 1346 984 1382 μέχρι

194 1389 242 1416 τοῦ
258 1389 352 1424 μαθεῖν
379 1390 484 1426 στῆναι,
498 1391 565 1418 ἀλλά
578 1392 625 1418 καὶ
642 1391 675 1418 δι’
692 1392 780 1428 ἔργων
800 1393 932 1428 χωρῆσαι,
946 1393 983 1423 ὡς

195 1435 229 1461 ἂν
248 1436 283 1471 μὴ
300 1436 440 1463 ἐκπέσοιεν
450 1437 504 1463 τῶν
513 1437 728 1473 ὲπαγγελμάτων
739 1446 745 1452 “
759 1438 799 1464 ὅτι
813 1439 863 1464 οὐκ
874 1438 902 1464 ὲν
913 1437 984 1473 λόγῳ

194 1483 211 1516 ἡ
231 1481 352 1516 βασιλεία
364 1483 411 1509 τοῦ
426 1482 504 1516 Θεοῦ,
521 1484 616 1510 ἀλλ’ὲν
630 1484 754 1519 δυνάμει.
875 1475 877 1479 ’

195 1527 338 1562 Μακάριοι
353 1530 380 1556 al
393 1529 521 1592 πτωχιιέὶὶ
532 1530 575 1556 ὅτι
595 1531 726 1591 fugent-pa
746 1530 832 1557 ἐστὶν
855 1529 874 1564 ὴ
891 1531 982 1562 ,βασι-

494 1574 508 1591 ε
521 1574 540 1591 α
555 1573 609 1591 του
648 1574 711 1592 sou.

494 1573 540 1591 εια
555 1573 609 1591 του
626 1573 711 1592 σεου.

234 1610 307 1645 Πλὴν
321 1611 371 1645 τῆς
384 1610 437 1637 τῶν
451 1611 574 1647 οὐρανῶν
589 1611 727 1646 βασιλείας
747 1610 776 1638 ὲν
791 1611 897 1642 πολλοῖς
914 1611 984 1646 ἀγα-

196 1655 250 1682 θῶν
264 1657 404 1692 τάγμασιν
420 1657 527 1683 ὲπινοου
532 1657 625 1692 μένης,
638 1656 708 1683 κατὰ
717 1656 758 1688 τὸ,
771 1656 885 1683 "olla!
895 1656 985 1691 μοναὶ

192 1703 274 1736 παρὰ
284 1697 323 1736 τῷ
335 1703 436 1737 Πατρί,
449 1704 480 1730 τὸ
490 1703 606 1740 πρῶτον,
621 1703 659 1735 ὡς
673 1702 706 1729 ἂν
720 1703 791 1729 εἴποι
802 1712 852 1735 τις,
866 1702 981 1738 ἀξίωμα,

194 1749 241 1775 καὶ
250 1749 264 1774 ὁ
276 1749 384 1784 πρῶτος
395 1749 523 1777 ἀνιόντων
538 1749 586 1785 βαθ
592 1749 640 1785 μὸς
647 1750 662 1776 ὁ
671 1749 726 1776 τῶν
734 1749 778 1775 διὰ
786 1749 852 1776 Θεὸν
862 1758 983 1785 πτωχευ-

193 1793 278 1821 ὄντων
293 1795 430 1830 τυγχάνει.
452 1793 514 1822 Εἶεν
533 1796 554 1822 δ’
571 1796 604 1822 ἂν
619 1792 691 1822 οὗτοι
707 1797 732 1822 oi
749 1796 857 1823 πάντων
872 1796 926 1822 τῶν
937 1795 983 1823 τοῦ

195 1841 328 1875 παρόντος
342 1841 399 1875 βίου
413 1841 510 1876 τιμίων
525 1841 806 1878 κατολιγωρήσαντες,
823 1842 846 1868 οἱ
862 1841 984 1877 πτωχεύ-

195 1893 271 1917 οντες
289 1887 322 1921 τῇ
346 1888 571 1923 μετριοφροσύνῃ,
587 1888 671 1914 οἱκαὶ
684 1889 724 1919 εἰς
735 1887 819 1923 ἄκρον
839 1887 988 1919 ἐλάσαντες.

195 1932 389 1968 ὰκτημοσύνης
404 1933 448 1959 διὰ
462 1933 510 1968 τὴν
521 1933 592 1960 κατὰ
602 1933 667 1960 Θεὸν
679 1933 849 1968 φιλοσοφίαν,
864 1932 911 1959 τοῦ
933 1941 984 1959 σω-

193 1977 288 2013 τηρίου
309 1979 485 2014 μακαρισμοῦ
506 1979 655 2012 τεύξονται.
674 1979 817 2011 Τοιούτους
838 1979 866 2005 δὲ
886 1979 983 2010 αὐτοὺς

192 2024 256 2055 τοὺς
270 2024 395 2059 πρώτους
406 2025 479 2060 αύτῷ
498 2025 701 2061 μαθητεύοντας
725 2022 923 2062 ἀπειργάσατο·
943 2025 984 2051 διὸ

194 2069 242 2095 καὶ
256 2069 296 2101 είς
306 2070 394 2097 αὐτῶν
412 2071 556 2106 πρόσωπον
567 2071 637 2098 κατὰ
647 2071 759 2107 θάτερον
767 2071 823 2107 (65)
832 2071 885 2097 τῶν
902 2070 985 2104 εὐαγο

193 2114 326 2146 γελιστῶν
350 2115 500 2150 ἡρμόττετο
513 2116 599 2150 λέγων
613 2125 620 2131 ·
649 2115 796 2150 Μακάριοι
814 2117 842 2142 οι
861 2116 982 2150 πτωχοὶ,

193 2160 238 2187 ὅτι
258 2161 384 2195 ὑμετέρα
400 2162 484 2188 ἐστίν
499 2162 518 2195 ἡ
531 2162 676 2195 ,βασιλεία
689 2162 742 2190 τοῦ
760 2163 834 2189 Θεοῦ
844 2171 850 2177 ·
877 2162 907 2188 τὸ
929 2162 983 2198 γὰρ

194 2205 319 2240 ὑμετέρα
333 2207 475 2238 δεικτικῶς
490 2208 557 2243 πρὸς
572 2208 709 2244 παρόντας
721 2208 839 2241 ἐλέγετο.
867 2208 914 2239 Εἰς
934 2208 983 2234 αὺ-

1034 951 1086 979 que
1100 943 1201 971 idcirco
1219 944 1291 971 inter
1303 943 1426 970 homines
1443 943 1524 971 simul
1544 943 1566 970 is
1589 943 1724 978 apparuit,
1742 943 1819 977 cujus

1035 998 1048 1017 a
1069 995 1163 1018 sancto
1198 990 1301 1024 Spiritu
1325 995 1406 1017 uncta
1432 989 1519 1017 fuerat
1543 989 1709 1016 humanitas.
1731 989 1819 1021 Atque

1036 1036 1101 1063 hinc
1112 1036 1177 1063 fecit
1189 1035 1338 1070 magisterii
1364 1035 1482 1068 initium,
1503 1035 1633 1063 caelorum
1657 1035 1760 1062 scilicet
1776 1042 1820 1061 re-

1034 1089 1116 1116 gnum
1133 1088 1180 1116 per
1194 1088 1223 1108 se
1241 1081 1298 1116 ipse
1310 1080 1477 1116 pauperibus
1493 1080 1632 1107 nuntians.

1034 1115 1059 1141 5‘
1080 1115 1140 1158 Qui,
1154 1115 1279 1155 venerant
1307 1115 1335 1152 ut
1362 1125 1483 1152 audirent
1500 1133 1570 1157 eum,
1587 1130 1611 1153 et
1630 1115 1819 1153 sanarentura

1303 1161 1470 1195 languoribus
1484 1161 1548 1186 aliis.

1071 1205 1168 1241 Specta
1183 1214 1255 1234 nunc
1268 1206 1362 1241 igitur,
1375 1205 1502 1240 primitus
1517 1205 1679 1241 incipientes
1692 1207 1820 1234 Servato-

1035 1253 1072 1280 ris
1090 1253 1171 1280 verba
1185 1252 1338 1280 auscultare
1348 1272 1354 1283 ,
1371 1256 1453 1287 atque
1466 1252 1500 1278 ab
1514 1259 1546 1279 eo
1564 1253 1713 1286 doctrinas,
1728 1253 1819 1288 legum

1035 1297 1132 1330 instar,
1149 1297 1248 1332 quibus
1263 1296 1374 1329 caeleste
1389 1304 1500 1331 regnum
1529 1304 1711 1332 assequantur
1731 1299 1819 1326 homi-

1035 1350 1094 1376 nes,
1111 1342 1248 1377 excipere.
1261 1341 1353 1378 Neque
1364 1349 1411 1369 eos
1435 1342 1565 1370 discendo
1590 1350 1650 1371 esse
1664 1348 1817 1379 contentos,

1035 1387 1081 1414 sed
1097 1387 1132 1414 ad
1146 1395 1228 1422 opera
1244 1388 1327 1415 etiam
1343 1387 1504 1422 procedere,
1526 1396 1560 1415 ne
1584 1389 1725 1423 promissis
1750 1397 1820 1424 prae-

1035 1433 1095 1461 miis
1113 1434 1240 1462 excidant
1262 1444 1269 1462 :
1298 1435 1362 1470 quia
1379 1442 1432 1463 non
1453 1433 1479 1462 in
1503 1442 1628 1463 sermone
1643 1443 1756 1471 regnum
1771 1436 1819 1464 Dei

1033 1484 1085 1511 est.
1106 1481 1152 1508 sed
1172 1481 1198 1508 in
1215 1481 1326 1509 virtute.

1035 1526 1057 1542 ’⁵
1070 1526 1145 1554 Beati
1155 1535 1294 1562 pauperes,
1310 1529 1435 1563 quoniam
1451 1534 1564 1557 vestrum
1577 1534 1615 1558 est
1631 1537 1738 1565 regnum
1760 1529 1816 1557 Dei.

1069 1602 1156 1636 Quum
1170 1603 1300 1631 caelorum
1314 1612 1426 1639 regnum
1444 1605 1469 1632 in
1484 1606 1575 1633 multis
1592 1607 1727 1634 bonorum
1743 1606 1819 1634 ordi—

1038 1649 1119 1676 nibus
1134 1650 1300 1677 considerari
1320 1651 1414 1684 possit,
1436 1652 1514 1686 juxta
1535 1652 1610 1685 illud,
1635 1653 1725 1680 multa:
1742 1661 1818 1680 man-

1034 1694 1117 1721 sianes
1131 1700 1192 1721 sunt
1205 1696 1275 1729 apud
1292 1694 1399 1723 Patrem
1410 1696 1444 1729 ",
1455 1698 1552 1733 prima,
1570 1703 1598 1725 ut
1612 1698 1650 1725 ita
1664 1698 1762 1731 dicam,
1779 1699 1819 1725 di-

1035 1740 1133 1775 gnitas,
1150 1744 1177 1767 et
1190 1741 1293 1775 primus
1309 1743 1512 1770 ascendentium
1531 1744 1640 1778 gradus,
1656 1744 1700 1771 ille
1714 1749 1755 1771 est
1770 1745 1819 1771 bo-

1035 1785 1137 1812 minum
1164 1791 1351 1821 paupertatem
1383 1792 1494 1822 propter
1521 1789 1607 1816 Deum
1642 1789 1817 1817 sectantium.

1035 1831 1104 1859 S'unt
1119 1837 1210 1868 autem
1223 1833 1251 1861 hi
1269 1833 1314 1867 qui
1336 1834 1427 1860 omnia
1443 1833 1503 1861 vita:
1518 1834 1596 1868 hujus
1607 1835 1748 1862 commoda
1771 1841 1819 1862 ne-

1033 1878 1147 1913 gligunt,
1163 1879 1209 1913 qui
1228 1879 1360 1907 modestia
1381 1887 1430 1906 sua
1449 1887 1581 1914 pauperes
1597 1885 1672 1912 sunt,
1690 1880 1736 1915 qui
1748 1888 1819 1908 sum-

1035 1930 1105 1949 mam
1123 1930 1212 1950 rerum
1228 1923 1348 1950 omnium
1365 1929 1514 1959 egestatem
1533 1924 1703 1959 philosophia
1715 1932 1765 1952 sua
1775 1932 1818 1953 se-

1034 1968 1151 1994 cundum
1176 1968 1262 1995 Deum
1282 1968 1452 2004 proﬁtentes,
1478 1969 1701 1997 beatitudinema
1717 1969 1819 1998 Serva-

1036 2019 1093 2042 tore
1117 2015 1283 2050 propositam
1308 2021 1520 2050 consequentur.
1537 2016 1618 2044 Tales
1635 2017 1736 2052 primos
1753 2025 1818 2046 suos

1034 2062 1121 2089 voluit
1133 2069 1195 2090 esse
1211 2062 1372 2098 discipulos.
1389 2062 1479 2096 Quare
1501 2068 1528 2091 et
1547 2070 1641 2090 eorum
1663 2071 1818 2099 personam,

1034 2108 1183 2134 secundum
1199 2107 1313 2135 alterum
1331 2108 1540 2143 evangelistam,
1551 2116 1645 2136 coram
1655 2109 1741 2137 veluti
1755 2109 1820 2137 allo-

1034 2158 1113 2180 cutus
1128 2157 1180 2186 est,
1195 2153 1288 2181 dicens
1305 2163 1313 2181 :
1326 2153 1401 2180 Beati
1415 2162 1552 2189 pauperes,
1571 2156 1633 2190 quia
1653 2161 1767 2183 vestrum
1781 2161 1819 2182 est

1035 2209 1141 2235 regnum
1164 2200 1224 2228 Dei.
1252 2200 1320 2228 Nam
1337 2201 1497 2228 vocabulum
1521 2207 1633 2228 vestrum
1648 2202 1818 2229 demonstra-

193 2253 256 2284 τοὺς
271 2253 299 2279 δὲ
313 2254 360 2279 καὶ
376 2254 438 2285 τοὺς
461 2254 616 2289 ὀφθαλμοὺς
628 2254 726 2289 ἐπῆρε,
744 2254 791 2280 καὶ
809 2253 861 2290 πρὸ
877 2253 922 2280 τοῦ
938 2254 982 2280 λό-

1035 2247 1088 2274 tive
1115 2247 1149 2274 ad
1170 2252 1318 2282 praesentes
1344 2247 1479 2282 dirigitur.
1505 2248 1547 2275 Ad
1571 2247 1631 2275 illos
1652 2252 1742 2274 autem
1756 2251 1820 2274 ante

194 2307 244 2332 γου
266 2299 304 2333 τῷ
328 2299 412 2335 ἱλαρῷ
430 2299 565 2335 βλέμματι
582 2300 648 2336 πρὸς
664 2300 713 2335 τὴν
736 2300 867 2336 ἀκρόασιν
885 2300 982 2331 αὐτοὺς

194 2344 383 2380 ἐφελκόμενος·
399 2347 422 2371 οἱ
445 2346 473 2372 δὲ
489 2346 636 2382 προθύμως
651 2348 722 2381 σφᾶς
734 2347 832 2377 αὐτοὺς
847 2346 983 2381 ὑπηκόους

193 2391 251 2422 τοῖς
271 2391 426 2426 λεγομένοις
452 2394 591 2427 παρεῖχον.
613 2392 725 2427 Πρῶτος
744 2393 793 2427 μὲν
816 2390 862 2419 οὖν
880 2390 983 2426 saepe;

192 2436 247 2462 τῶν
273 2437 414 2473 σωτηρίων
438 2438 620 2474 μακαρισμῶν
646 2434 724 2469 οὗτος
745 2436 788 2473 ἦν,
813 2438 827 2464 ὁ
850 2437 983 2473 συμϐασι-

192 2482 280 2509 λεύειν
295 2483 368 2518 αὐτῷ
379 2483 513 2517 παριστὰς
536 2485 599 2515 τοὺς
618 2483 667 2520 τὴν
685 2484 718 2510 δι’
736 2484 816 2511 αὑτὸν
835 2483 981 2518 πτωχείαν,

192 2528 241 2554 καὶ
256 2529 302 2554 τὸν
317 2529 409 2563 ἄκρως
424 2529 492 2564 ἀκτή
498 2538 566 2564 μονα
584 2530 727 2564 φιλόσοφόν
748 2538 778 2556 τε
801 2530 849 2557 καὶ
872 2529 980 2565 Θεοφιλῆ

194 2575 251 2610 βίον
266 2575 503 2610 ἀναδεδεγμένους,
518 2576 603 2611 ήγουν
616 2578 678 2608 τοὺς
697 2576 918 2612 ταπεινόφρονας,

225 2664 352 2700 Δεύτεροι
368 2661 414 2691 οὖν
428 2665 475 2691 καὶ¹
491 2665 576 2700 τρίτοι
595 2665 693 2701 ἑφεξῆς
707 2665 900 2699 καταλέγονται
914 2666 979 2700 παρ’

1033 2293 1128 2326 verba,
1139 2293 1233 2321 oculos
1252 2301 1361 2329 quoque
1373 2301 1437 2321 suos
1461 2293 1615 2325 intendens,
1632 2292 1711 2320 hilari
1727 2300 1820 2327 respe-

1033 2344 1077 2366 ctu
1093 2340 1166 2375 ipsos
1179 2341 1212 2367 ad
1225 2341 1391 2368 audiendum
1404 2347 1578 2374 permovens,
1595 2340 1639 2374 qui
1661 2339 1778 2366 libenter
1790 2346 1820 2366 se

1035 2386 1174 2414 auditores
1188 2387 1376 2421 praebuerunt.
1392 2385 1500 2413 Primus
1516 2386 1607 2420 itaque
1622 2385 1818 2413 beatitudinum

1034 2438 1051 2457 a
1070 2431 1218 2459 Servatore
1232 2432 1432 2466 propositarum
1447 2431 1547 2466 gradus
1561 2431 1604 2458 hic
1617 2435 1685 2462 erat,
1700 2431 1746 2465 qui
1759 2439 1832 2467 con-_

1035 2477 1237 2512 reguatorcsei
1256 2477 1375 2504 faciebat
1397 2476 1458 2503 illos
1473 2476 1517 2510 qui
1535 2481 1645 2511 propter
1659 2476 1744 2510 ipsum
1756 2471 1833 2509 σεε-ί

1035 2530 1095 2550 nam
1112 2530 1224 2558 prorsus
1250 2529 1278 2550 et
1303 2523 1519 2558 philosophicam
1536 2523 1742 2557 religiosamque
1757 2523 1820 2549 vita:

1034 2570 1166 2596 rationem
1190 2569 1307 2604 amplexi
1333 2569 1460 2603 fuissent,
1481 2570 1507 2597 id
1534 2574 1577 2598 est
1599 2570 1693 2597 humili
1729 2574 1820 2597 mente

1032 2615 1173 2650 praeditos.

1068 2660 1192 2688 Secunda
1210 2668 1272 2688 mox
1286 2666 1315 2689 et
1325 2662 1402 2689 tertia
1426 2666 1584 2691 recensetur
1598 2669 1614 2690 a
1630 2661 1738 2691 Christo
1753 2661 1818 2689 bea-

228 2721 248 2736 "
265 2729 325 2756 cap.
337 2729 367 2754 ll,
385 2721 429 2748 52.
467 2720 489 2737 ¹¹
499 2729 558 2756 cap.
574 2730 611 2753 ιν,
629 2722 672 2749 18.
711 2722 734 2738 ⁵³
749 2721 800 2748 lsa.
817 2729 871 2752 th,
891 2721 915 2747 Ι.
950 2721 974 2736 ⁵³

1034 2729 1047 2747 ι.
1059 2720 1146 2752 v1.18.
1184 2718 1207 2735 ³⁵
1220 2727 1279 2755 cap.
1293 2727 1332 2753 νι,
1349 2719 1394 2747 20.
1433 2720 1546 2747 "Joan.
1567 2727 1623 2752 xxv,
1644 2720 1669 2748 2.

227 2767 283 2802 (45)
299 2767 374 2794 Alter
388 2767 434 2795 hic
458 2768 637 2802 evangelista.
651 2768 739 2795 Lucas
760 2768 818 2802 ipse
832 2771 884 2798 est,
900 2767 969 2802 apud

191 2800 271 2836 quem
283 2803 382 2830 dicitur
396 2800 656 2838 ὑμετέραξινεεινυηι
676 2800 792 2837 regnum.
809 2802 835 2828 in
853 2800 970 2829 secunda

192 2844 326 2871 persona;
358 2845 419 2865 cum
448 2837 519 2872 apud
546 2838 700 2864 lilattlueum
726 2846 753 2871 v,
775 2838 803 2868 5,
824 2837 928 2864 dicatur
943 2838 970 2864 in

193 2873 271 2900 tertia
295 2872 394 2905 αὐτῶν,
412 2871 528 2910 ipsorum
549 2881 666 2908 regnum.
692 2872 872 2906 Quamobrem
888 2871 976 2909 ‘Eusc-

1024 2767 1085 2793 bius
1101 2767 1208 2793 videtur
1223 2766 1265 2793 hic
1283 2767 1461 2794 commentari
1483 2766 1573 2801 potius
1593 2766 1626 2793 ad
1642 2765 1817 2801 Mattbagum;

1024 2809 1177 2836 quanquam
1195 2801 1304 2828 Nicetas
1328 2806 1430 2829 catena:
1450 2800 1596 2828 in'Lucam
1621 2807 1715 2829 auctor
1735 2800 1821 2829 Euse-

1025 2837 1097 2865 bium
1111 2837 1143 2865 atl
1164 2842 1355 2872 argumentum
1370 2845 1449 2865 suum
1467 2837 1615 2865 transtulit.
