2061 3215
257 150 310 179 555

592 147 724 177 EUSEBII
744 147 979 176 CESARIENSIS
999 147 1074 176 OPP.
1094 148 1183 177 PARS
1202 148 1246 177 ΙΙΙ.
1266 164 1301 169 ——
1320 147 1525 177 EXEGETICA.

1818 134 1867 175 336

257 207 353 239 tittulo,
376 210 403 233 et
421 210 527 240 quarta,
552 199 664 241 aliaeque
689 205 826 241 deinceps.
856 204 950 232 Licere
967 204 1039 232 enim

1093 204 1166 240 αὐτῷ
1178 204 1355 240 μακαρισμοὶ,
1364 205 1411 231 καὶ
1420 203 1544 239 τέταρτοι
1557 196 1606 230 καῖ
1616 201 1714 238 ἐφεξῆς
1729 201 1796 237 (66).
1812 202 1870 236 Ἐξ-

257 253 371 280 docebat
381 251 529 279 secundum
544 251 653 286 aliquod
671 259 703 280 ex
720 252 855 286 pmdictis
878 252 940 279 vitae
959 259 1040 284 gent--

258 299 331 324 ribus
347 297 479 331 promissa
504 296 572 323 bona
597 298 740 330 cortsequi;
768 298 802 323 ita
831 302 860 324 ut
884 302 995 330 possent
1012 297 1038 324 in

258 342 303 369 Dei
320 349 413 377 regno,
427 342 449 369 si
463 342 550 368 minus
564 349 624 368 cum
647 341 755 368 Christo
771 350 884 377 regnare
908 350 984 376 teque
1007 350 1040 369 ac

257 395 387 422 pauperes
401 388 508 421 spiritu,
526 392 553 413 at
571 393 643 414 certe
658 388 789 419 recreari,
811 395 843 415 eo
857 389 929 422 quod
943 389 1038 416 morti-

258 434 313 459 fera
327 440 374 460 sua
390 438 496 467 peccata
513 431 680 465 deﬂeverint,
698 440 730 460 ac
748 434 911 468 paenitentiae
929 439 955 461 et
973 442 1039 462 con-

258 478 367 506 fessioni
392 484 526 512 castmque
541 479 603 506 vitte
625 485 711 507 semet
736 480 901 508 addixerint;
915 481 963 508 Vel
979 489 1040 516 pro-

258 524 338 551 missa
354 530 424 552 terra
437 526 528 559 potiri,
551 531 578 553 ιιι
597 526 763 554 habitatores
777 526 904 560 civesque
918 534 1040 561 supernae

258 569 305 597 Dei
319 570 434 597 civitatis
455 570 522 604 fieri,
540 571 601 605 quia
618 571 695 598 miles
715 579 745 598 se
768 572 953 607 patientesque
969 579 1039 607 prte-

257 612 373 639 buerint.
391 612 437 641 Vel
449 614 510 648 quia
524 614 686 641 esuriverint
702 614 727 642 in
751 616 875 650 przesenti
895 617 948 643 vita
961 616 1040 650 justi—

258 658 321 685 tiam
336 663 417 694 atque
429 659 574 692 sitiverint,
591 667 675 695 eaque
689 660 782 688 satiari
799 661 824 688 in
836 661 926 689 futuro
942 662 1041 690 smculo

257 704 428 738 optaverim;
455 705 491 732 ita
509 705 667 733 defaecatam
689 713 720 733 ac
736 706 939 734 substantialem
954 709 1039 735 virtu-

258 754 312 776 tem
326 750 476 783 obtineant,
491 755 517 778 et
528 751 727 786 hypostaticam
745 753 831 787 ipsam
845 754 891 780 Dei
907 754 1039 788 justitiam

258 796 409 830 aspiciant,
431 798 570 832 ipsamque
592 799 639 826 Dei
661 799 837 834 sapientiam,
856 805 983 827 :eternam
1001 801 1041 827 vi-

258 847 325 876 tam,
346 847 373 870 et
386 843 535 870 animarum
565 844 665 872 lumen.
690 845 755 879 Qua:
783 846 874 873 omnia
893 847 1039 873 secundum

258 889 436 916 inhzerentem
454 889 581 916 virtutem
598 890 623 916 in
644 891 780 926 unigenito
807 892 853 918 Dei
877 891 966 919 Verbo
982 901 1042 920 esse
1057 875 1078 902 Β

259 934 453 968 intelliguntur.
483 934 560 967 Quod
591 934 612 961 si
639 935 737 970 alioqui
780 936 901 963 nonnulli
934 937 1041 970 benigni

258 980 358 1007 fuerint
369 985 396 1008 et
406 981 623 1015 eleemosynarii,
638 982 906 1017 misericordiamque
925 991 956 1011 ac
977 984 1042 1011 libe-

258 1026 393 1054 ralitatem
419 1034 482 1061 erga
507 1027 643 1061 proximos
671 1027 927 1061 demonstraverint,
957 1031 1040 1056 bene—

257 1073 379 1100 ficiorum
396 1080 505 1100 suorum
530 1073 616 1100 vicetn
640 1074 825 1107 experientur,
855 1074 1041 1101 misericordia

257 1119 454 1154 clementiaque
467 1119 512 1146 Dei
530 1118 654 1146 fruendo.
679 1118 753 1146 Alius
775 1124 817 1147 est
840 1121 980 1147 beatorum
1000 1128 1042 1147 se-

257 1163 375 1190 cundum
386 1162 592 1197 promissionem
606 1162 683 1194 ordo,
697 1163 740 1197 qui
754 1163 845 1195 corde,
865 1164 890 1190 id
901 1168 942 1190 est
954 1168 1043 1190 mente

257 1208 318 1243 puri
348 1213 431 1240 sunt;
458 1208 576 1243 itemque
602 1208 671 1235 alius
701 1208 888 1243 pacificorum.
921 1208 1041 1242 Quonim

258 1254 365 1288 priores
380 1254 487 1288 quidem
504 1254 631 1289 puritatis
644 1261 700 1280 sua'
711 1254 863 1280 mercedem
881 1254 1041 1288 percipient,

258 1299 306 1325 Dei
325 1299 467 1330 visionem,
487 1298 548 1332 quia
562 1298 682 1332 purgatis
696 1306 757 1325 eum
772 1298 868 1325 animae
883 1298 969 1325 oculis
980 1302 1042 1325 sunt

257 1345 358 1378 visuri;
372 1344 454 1372 alteri
464 1351 527 1371 vero
539 1344 585 1371 lilii
596 1344 641 1371 Dei
657 1344 731 1377 fient,
745 1349 888 1379 propterea
904 1345 975 1378 quod
995 1352 1043 1379 par

259 1398 327 1426 opus
343 1390 468 1422 fecerint,
486 1395 566 1425 atque
583 1390 629 1417 Dei
647 1390 742 1422 Filius,
760 1391 806 1425 qui
831 1391 922 1417 omnia
952 1399 1000 1425 per
1014 1398 1042 1417 se

258 1437 345 1470 ipsum
363 1436 515 1471 pacificavit
533 1435 588 1463 sive
606 1443 664 1470 quae
684 1435 710 1463 in
725 1435 800 1463 cmlis
819 1441 891 1468 sunt,
913 1436 969 1463 sive
984 1442 1043 1470 qua:

259 1480 286 1508 ili
307 1486 391 1508 terra.
409 1480 599 1508 Verumtamen
625 1481 653 1508 bi
674 1489 766 1509 omnes
786 1488 834 1516 pro
856 1489 964 1509 suorum
979 1489 1044 1516 ope-

259 1536 319 1554 rum
352 1528 509 1555 diversitate
535 1527 648 1554 diversis
681 1527 708 1554 in
745 1528 878 1562 promisso
912 1527 1042 1554 caelorum

260 1580 343 1607 regno
366 1573 505 1607 potientur
530 1573 689 1600 honoribus.
720 1572 787 1600 Nam
815 1573 962 1608 regnabunt
981 1581 1043 1601 cum

259 1619 306 1645 Dei
319 1618 388 1646 Filio
397 1618 475 1653 primi
496 1618 543 1653 qui
558 1619 688 1645 nominati
704 1624 767 1646 sunt
788 1626 920 1653 pauperes
935 1618 1042 1653 spiritu.

258 1664 325 1692 Post
341 1664 400 1692 illos
412 1669 501 1691 autem
525 1664 646 1697 secundi,
668 1663 752 1691 fortes
773 1664 820 1691 Dei
851 1669 996 1699 martyres,
1010 1664 1044 1690 de

260 1710 358 1744 quibus
378 1715 469 1745 postea
487 1709 571 1737 dicit:
598 1709 671 1736 Beati
695 1711 740 1745 qui
766 1710 970 1744 persecutionem
995 1718 1044 1743 pu-

261 1755 363 1780 tiuntur
384 1757 489 1787 propter
506 1753 651 1787 justitiam.
664 1753 710 1780 His
736 1754 808 1781 enim
828 1753 917 1781 verbis
937 1761 984 1780 eos
999 1754 1044 1788 qui

260 1806 308 1833 pro
322 1806 406 1833 regno
420 1798 583 1825 decertaturi
607 1803 695 1830 erant,
712 1802 840 1833 tanquam
867 1797 972 1826 nobiles
998 1797 1044 1825 Dei

261 1844 361 1871 milites
383 1844 489 1871 dicebat
500 1844 613 1877 beatos;
638 1843 792 1871 necessario
818 1843 860 1870 his
875 1850 992 1878 quoque,
1017 1849 1046 1869 ut

259 1889 474 1917 bcatificatorum
489 1894 569 1916 antea
589 1896 736 1924 pauperum
752 1888 893 1921 fratribus,
912 1888 1045 1916 mercedis

260 1933 321 1962 loco
335 1934 464 1962 cwlorum
477 1942 586 1969 regnum
601 1935 771 1969 promittens.
784 1934 867 1961 Multo
885 1939 974 1962 autem
983 1943 1044 1962 curn

259 1978 355 2007 ordine
380 1983 408 2005 et
432 1983 614 2007 consentauee
651 1979 693 2005 his
720 1980 906 2007 communicat
933 1987 1045 2013 regnum

261 2030 339 2050 suum
357 2027 416 2057 post
434 2031 566 2058 pauperes
591 2024 697 2058 spiritu.
713 2023 825 2059 Oportet
839 2025 911 2052 enim
930 2025 1045 2059 primum

260 2068 354 2095 vivere
369 2068 425 2095 Deo
441 2073 532 2104 gratos
547 2072 604 2095 toto
616 2068 676 2095 vitae
698 2073 829 2104 tempore,
847 2077 992 2104 pauperem
1013 2078 1045 2098 ac

264 2117 480 2154 pbilosophicum
498 2124 600 2145 morem
620 2121 741 2145 tenentes
758 2127 765 2144 :
779 2118 877 2146 deinde
890 2119 928 2146 sic
940 2119 972 2146 ad
984 2126 1046 2154 gra-

264 2169 321 2191 tum
335 2163 391 2190 Deo
406 2163 486 2190 linem
502 2162 771 2199 pertingere.‘ltaque
791 2164 894 2199 priores
916 2164 951 2191 illi
974 2172 1047 2192 sum—

1090 250 1158 275 εἶναι
1170 248 1225 284 γὰρ
1234 249 1356 275 ἐδίδασκε
1368 248 1428 275 καθ’
1440 248 1488 275 ἕνα
1498 247 1559 274 τινὰ
1574 247 1673 281 τρόπον
1687 247 1742 274 τῶν
1752 256 1870 275 κατωνο-

1091 295 1235 330 μασμένων
1251 294 1316 329 βίων
1330 294 1528 328 καταξιωθῆναι
1540 293 1593 320 τῶν
1602 292 1813 329 ἐπηγγελμένων
1827 302 1870 327 φι-

1089 341 1255 377 λοτιμεῖσθαι
1263 350 1270 356 ·
1282 341 1345 367 ὥστ’
1356 339 1423 368 εἶναι
1438 340 1558 372 δυνατὸν,
1572 341 1600 367 ἐν
1612 341 1645 375 τῇ
1657 340 1703 366 τοῦ
1716 339 1784 366 Θεοῦ
1796 339 1871 374 βασι-

1089 387 1148 423 λεία
1173 386 1342 422 γενομένους,
1363 387 1388 412 εί
1406 387 1453 413 καὶ
1476 386 1513 421 μὴ
1532 385 1743 421 συμϐασιλεῦσαι
1763 385 1875 420 Χριστῷ

1089 433 1159 460 κατὰ
1184 433 1245 467 τοὺς
1266 433 1388 467 πτωχοὺς
1404 432 1442 468 τῷ
1457 432 1601 467 πνεύματι,
1623 431 1690 458 ἀλλὰ
1703 431 1768 466 γοῦν
1785 439 1872 466 παρα-

1090 478 1220 513 κληθῆναι
1241 478 1283 512 ἐφ’
1307 475 1347 508 οἷς
1373 477 1408 504 τὰ
1433 477 1499 511 πρὸς
1526 476 1639 503 θάνατον
1667 476 1872 511 amp-mam“

1090 523 1252 558 ἐπένθησαν,
1269 523 1396 558 μετανοίᾳ
1422 523 1466 549 καὶ
1481 521 1670 557 ἐξομολογήσει
1685 521 1741 557 (47)
1761 521 1808 547 καὶ
1823 520 1872 556 βίῳ

1092 570 1208 606 σώφρονι
1223 571 1332 601 ἑαυτοὺς
1341 569 1532 601 ἐπιδεδωκότες
1542 577 1549 584 '
1570 568 1586 604 ῆ
1602 568 1651 603 τῆς
1667 567 1873 603 ἐπηγγελμένης

1091 617 1142 652 γῆς
1163 618 1264 651 τυχεῖν,
1285 615 1428 651 οἰκήτοράς
1444 624 1473 641 τε
1500 614 1545 641 καὶ
1566 614 1677 646 πολίτας
1693 614 1743 648 τῆς
1755 613 1811 641 ἄνω
1826 613 1872 640 τοῦ

1091 663 1157 689 Θεοῦ
1173 663 1275 694 πόλεως
1289 662 1423 696 γενέσθαι,
1440 661 1543 696 πράους
1559 661 1605 687 καὶ
1617 660 1793 693 ἀνεξικάκως
1804 660 1874 686 ἀπο-

1090 708 1257 743 δειχθέντας·
1282 708 1298 743 ἥ
1317 708 1494 742 πεινήσαντας
1519 707 1547 732 ὲν
1565 705 1603 740 τῷ
1621 705 1733 740 παρόντι
1752 705 1811 740 βίῳ,
1828 705 1875 731 καὶ

1090 755 1255 790 διψήσαντας
1273 755 1322 789 τῆς
1336 753 1506 788 δικαιοσύνης
1518 753 1608 787 τυχεῖν
1625 751 1721 786 αὐτῆς,
1734 751 1782 778 καὶ
1796 759 1877 786 κορε-

1092 802 1186 837 σθῆναι
1211 802 1280 827 κατὰ
1300 800 1345 827 τὸν
1370 800 1570 835 ἐπηγγελμένον
1590 798 1686 829 αἰῶνα,
1707 796 1775 823 ἐπὰν
1790 796 1875 832 αὐτῆς

1092 849 1213 884 καθαρᾶς
1236 848 1285 883 τῆς
1307 847 1450 878 οὐσιώδους
1469 846 1570 882 ἀρετῆς
1590 843 1777 876 ἀπολαύωσιν,
1791 843 1877 878 αὐτὴν

1092 894 1273 929 ὑποστατικὴν
1290 893 1406 927 ὁρῶντες
1421 893 1470 928 τὴν
1487 891 1534 918 τοῦ
1553 890 1620 917 Θεοῦ
1634 889 1815 924 δικαιοσύνην,
1827 889 1877 916 καὶ

1092 940 1176 975 αὐτὴν
1189 940 1238 975 τὴν
1255 939 1349 973 σοφίαν
1369 937 1415 964 τοῦ
1436 936 1514 969 Θεοῦ,
1535 936 1582 963 καὶ
1595 936 1643 971 τὴν
1662 935 1734 970 ζωὴν
1747 935 1796 969 τὴν
1811 933 1879 961 αἰώ-

1091 994 1156 1017 νιον,
1172 986 1218 1011 καὶ
1228 985 1257 1011 τὸ
1270 983 1362 1019 ψυχῶν
1378 982 1539 1018 φωτιστικόν
1549 990 1556 997 ο
1581 981 1599 1008 ἃ
1614 981 1646 1017 δὴ
1662 981 1749 1008 πάντα
1762 980 1878 1007 ἐπινοεῖ-

1091 1040 1134 1057 ται
1155 1030 1224 1057 κατὰ
1244 1030 1293 1061 τὰς
1317 1028 1522 1064 ἐνυπαρχούσας
1537 1027 1664 1062 δυνάμεις
1685 1025 1724 1061 τῷ
1741 1027 1879 1061 μονογενεί

1091 1076 1138 1102 τοῦ
1157 1076 1223 1103 Θεοῦ
1238 1076 1326 1110 Λόγῳ.
1344 1075 1375 1101 Εἰ
1391 1074 1419 1100 δὲ
1438 1073 1524 1104 ἄλλως
1542 1072 1614 1103 τινὲς
1632 1071 1815 1107 φιλάνθρωποι
1831 1071 1878 1097 καὶ

1092 1123 1236 1158 ἐλεήμονες
1260 1122 1403 1155 γεγόνασι,
1430 1120 1460 1147 τὸ
1484 1119 1625 1154 συμπαθὲς
1651 1119 1698 1145 καὶ
1722 1116 1878 1144 κοινωνικὸν

1092 1169 1160 1204 πρὸς
1171 1169 1234 1200 τοὺς
1245 1167 1328 1198 πέλας
1340 1166 1566 1201 ἐπιδεικνύμενοι,
1578 1164 1674 1191 ταύτὸν
1689 1163 1827 1190 πείσονται
1836 1159 1877 1194 οἷς

1092 1215 1218 1250 ἔδρασαν,
1233 1213 1292 1239 κατ’
1310 1212 1383 1238 ἔλεον
1400 1211 1467 1237 Θεοῦ
1482 1211 1529 1238 καὶ¹
1543 1209 1744 1245 φιλανθρωπίαν
1758 1207 1867 1243 ἐλεηθέν

1093 1269 1148 1291 τες.
1164 1259 1245 1285 Ἀλλο
1259 1259 1287 1285 δὲ
1304 1258 1395 1293 τάγμα
1412 1258 1509 1291 γένοιτ’
1525 1256 1557 1283 ἂν
1573 1256 1626 1283 τῶν
1642 1254 1712 1282 κατὰ
1727 1254 1776 1289 τὴν
1792 1254 1877 1287 ἐπαγ-

1093 1304 1185 1338 γελίαν
1208 1304 1361 1339 μακαρίων,
1382 1303 1412 1329 τὸ
1425 1302 1479 1329 τῶν
1491 1303 1540 1337 τὴν
1555 1302 1668 1337 καρδίαν
1685 1300 1807 1327 τουτέστι
1828 1299 1878 1334 τὴν

1092 1350 1209 1375 διάνοιαν
1227 1347 1438 1383 κεκαθαρμὲνων
1447 1356 1454 1363 ο
1471 1347 1519 1373 καὶ
1532 1347 1594 1374 ἄλλο
1608 1346 1688 1373 πάλιν
1701 1345 1755 1372 τῶν
1772 1345 1875 1381 εἰρηνοο

1093 1395 1177 1421 ποιῶν
1190 1403 1197 1410 ·
1215 1391 1252 1421 ὧν
1263 1395 1287 1420 οἱ
1301 1394 1349 1429 μὲν
1364 1394 1489 1430 πρότεροι
1503 1393 1585 1428 γέρας
1596 1392 1724 1428 λήψονται
1735 1392 1785 1427 τῆς
1797 1390 1879 1417 καθα-

1096 1442 1214 1477 ρότητος,
1231 1440 1280 1476 τὴν
1294 1440 1340 1467 τοῦ
1357 1440 1423 1466 Θεοῦ
1433 1440 1506 1472 θέαν,
1522 1439 1569 1466 ἆτε
1582 1439 1610 1465 δὲ
1624 1438 1772 1474 ὀφθαλμοῖς
1790 1436 1877 1471 ψυχῆς

1095 1485 1309 1521 κεκαθαρμένοις
1334 1485 1412 1511 αὑτὸν
1434 1485 1574 1520 ἁψόμενον
1596 1484 1621 1510 οἱ
1636 1484 1664 1510 δὲ
1690 1483 1809 1518 δεύτεροι
1826 1480 1879 1507 υἱοὶ

1057 1543 1078 1571 c
1096 1531 1163 1557 Θεοῦ
1179 1531 1347 1567 γενήσονται,
1362 1530 1399 1561 ὡς
1411 1530 1443 1557 ἂν
1458 1529 1536 1564 ἔργον
1547 1529 1638 1564 ὅμοιον
1651 1526 1877 1563 κατωρθωκότες·

1095 1575 1149 1604 οἷον
1163 1577 1209 1603 καὶ
1227 1577 1241 1603 ὁ
1259 1576 1304 1603 τοῦ
1316 1576 1381 1603 Θεοῦ
1397 1576 1459 1607 Υἱὸς
1472 1574 1679 1611 εἰρηνοποιήσας
1696 1573 1731 1600 τὰ
1741 1573 1830 1599 πάντα
1844 1570 1878 1598 δι’

1095 1622 1203 1656 ἑαυτοῦ,
1215 1622 1250 1648 τά
1269 1631 1298 1648 τε
1324 1622 1353 1648 ἐν
1374 1621 1479 1657 οὐρανῷ
1496 1621 1541 1648 καὶ
1554 1620 1589 1647 τὰ
1605 1619 1652 1646 ἐπὶ
1669 1619 1719 1654 τῆς
1728 1618 1789 1653 γῆς.
1812 1616 1880 1643 Ἀλλ’

1095 1663 1167 1693 οὗτοι
1181 1668 1228 1703 μὲν
1245 1668 1291 1693 ἐπὶ
1308 1667 1445 1702 διαφόροις
1464 1666 1656 1702 κατορθώμασι
1673 1665 1807 1700 διαφόρων
1821 1662 1881 1690 τεύ-

1098 1710 1185 1742 ξονται
1197 1710 1283 1745 τιμῶν
1298 1711 1326 1737 ἐν
1336 1712 1368 1746 τῇ
1384 1710 1591 1746 κατηγγελμένῃ
1608 1710 1662 1737 τῶν
1674 1709 1795 1744 οὐρανῶν
1810 1708 1883 1743 βασι-

1096 1757 1166 1792 λείᾳ..
1185 1757 1218 1783 Οἵ
1231 1765 1262 1791 γε
1279 1756 1330 1792 μὴν
1345 1756 1418 1792 αὑτῴ
1435 1756 1694 1792 συμῦασιλεύσοντες
1708 1755 1746 1790 τῷ
1764 1755 1821 1790 Υἱῴ
1835 1754 1881 1781 τοῦ

1096 1802 1163 1829 Θεοῦ
1182 1802 1284 1838 πρῶτοι
1311 1802 1359 1837 μὲν
1384 1799 1453 1836 ἦσαν
1481 1803 1504 1828 οἰ
1529 1801 1692 1836 δηλωθέντες
1714 1800 1817 1835 πτωχοὶ
1842 1799 1881 1834 τῷ

1097 1848 1247 1883 πνεύματι·
1270 1847 1390 1883 δεύτεροι
1409 1848 1436 1874 δὲ
1454 1847 1510 1882 μετ’
1525 1847 1644 1878 ἐκείνους
1661 1846 1686 1872 οἱ
1700 1846 1817 1880 γενναῖοι
1835 1843 1882 1872 τοῦ

1096 1894 1163 1922 Θεοῦ
1180 1895 1326 1930 μάρτυρες,
1342 1894 1406 1928 περὶ
1422 1890 1459 1920 ὧν
1480 1893 1543 1928 ἑξῆς
1557 1892 1679 1919 ἐδίδασκε
1697 1891 1783 1925 λέγων
1793 1899 1800 1906 ·
1814 1891 1883 1917 Μα-

1098 1941 1192 1975 κάριοι
1211 1942 1237 1967 oi
1255 1939 1444 1975 δεδιωγμένοι
1469 1939 1573 1966 ἕνεκεν·
1598 1938 1809 1970 δικαιοσύνης·
1838 1935 1882 1962 διὰ

1097 1985 1198 2012 τούτων
1227 1985 1280 2020 γὰρ
1303 1985 1365 2017 τοὺς
1382 1985 1528 2020 μέλλοντας
1560 1981 1810 2018 ὑπεραγωνίςεσθαι
1832 1980 1883 2015 τῆς

1099 2031 1235 2066 βασιλείας
1248 2031 1285 2062 ὡς
1300 2031 1418 2065 εὐγενεῖς
1432 2030 1500 2057 Θεοῦ
1520 2029 1686 2066 στρατιώτας
1700 2026 1882 2063 ἐμακάριζεν

1097 2077 1253 2111 ἀναγκαίως
1272 2077 1318 2102 καὶ
1338 2077 1429 2107 αὺτοῖς
1444 2076 1482 2107 ὡς
1498 2075 1621 2109 ἀδελφοῖς
1633 2074 1685 2101 τῶν
1702 2079 1883 2108 προμεμακαο

1099 2120 1233 2159 ρισμένων
1246 2122 1361 2158 πτωχῶν
1374 2122 1488 2158 βραϐεῖα
1502 2121 1554 2148 τῶν
1568 2120 1691 2148 ἐπάθλων
1707 2119 1755 2154 τὴν
1769 2118 1822 2144 τῶν
1837 2117 1883 2143 οὐ-

1099 2160 1187 2202 ρανῶν
1205 2166 1341 2202 βασιλείαν
1353 2166 1573 2201 ὑπισχνούμενος.
1592 2164 1671 2196 Τάξει
1697 2164 1726 2189 δὲ
1741 2162 1822 2198 πολλῇ
1837 2161 1884 2188 καὶ

261 2217 333 2239 mam
354 2209 415 2237 vita:
436 2214 620 2245 paupertatem
637 2215 785 2242 sectantes,
806 2214 862 2237 toto
885 2210 974 2237 aztatis
994 2218 1043 2238 suar

1101 2212 1245 2248 ἀκολουθίᾳ
1254 2212 1359 2244 τούτοις
1377 2212 1511 2247 μετεδίδου
1522 2213 1570 2247 τῆς
1584 2211 1666 2238 αὐτοῦ
1683 2209 1820 2245 βασιλείας
1833 2217 1881 2244 με-

262 2261 385 2291 tempore
397 2264 447 2291 pro
463 2257 570 2284 virtutis
595 2257 713 2291 przemiis
729 2256 914 2284 decertarunt.
929 2256 1046 2284 Secundi

261 2311 336 2335 vero,
361 2308 471 2338 propter
498 2302 679 2329 testimonium
711 2303 744 2329 de
770 2303 890 2336 Christo,
916 2303 1045 2338 exagitati

262 2349 381 2381 fuerunt,
394 2349 553 2384 oppugnati,
574 2348 637 2375 odio
660 2348 756 2379 habiti,
773 2348 848 2375 falsis
868 2349 1046 2376 accusationi-

262 2397 311 2423 bus
323 2395 490 2422 calumniose
504 2394 627 2429 appetiti,
650 2393 750 2421 nullam
771 2394 853 2420 aliam
874 2394 908 2420 ob
935 2402 1044 2421 causam

246 2435 341 2475 quam
359 2440 393 2468 ob
409 2440 508 2467 Christi
526 2439 736 2470 confessionem.
760 2440 811 2467 Sed
835 2440 907 2467 enim
924 2441 1045 2467 esurient-

262 2493 302 2515 tes
313 2487 420 2521 quidem
439 2492 465 2514 et
477 2487 581 2519 flentes,
598 2492 625 2514 et
645 2486 745 2516 Christi
769 2494 850 2513 causa
874 2487 1046 2514 contumeliis

261 2533 374 2561 allectos
393 2534 462 2568 apud
481 2533 578 2560 Lucam
601 2540 708 2568 quoque
723 2532 872 2560 videbimus
885 2532 952 2568 (i8);
968 2533 1046 2560 mites

298 2649 354 2685 (ιθ)
367 2649 423 2677 Hoc
435 2656 543 2685 quoque
555 2649 626 2685 apud
647 2648 814 2682 Matthmum,
829 2649 874 2683 qui
891 2653 954 2677 octo
970 2648 1047 2684 ponit

262 2683 451 2719 beatitudines,
468 2683 530 2714 cum
553 2684 649 2714 Lucas
662 2689 779 2719 quatuor
805 2689 907 2711 tantum
935 2683 1048 2712 scribat.

261 2718 291 2747 lu
309 2718 434 2755 naulum
449 2720 544 2755 itaque
555 2720 658 2747 versari
672 2718 783 2747 ’videtur
798 2719 940 2755 Eusebius.

262 2754 355 2816 sio(:7)
368 2752 559 2782 Animadverte
580 2755 770 2791 pteuiteutiam
793 2762 846 2782 non
863 2754 922 2782 sine
937 2752 1046 2782 confes‘

323 2797 348 2816 e.

323 2797 348 2816 e.

1099 2258 1134 2284 τὰ
1149 2258 1210 2289 τοὺς
1229 2259 1351 2293 πτωχοὺς
1362 2257 1401 2293 τῷ
1415 2258 1562 2293 πνεύματι’
1586 2257 1679 2293 βιῶναι
1697 2256 1751 2291 γὰρ
1765 2255 1805 2281 δεῖ
1820 2254 1885 2290 πρό-

1098 2312 1176 2339 τερον
1189 2303 1317 2337 θεοφιλῶς
1329 2303 1375 2330 τὸν
1391 2294 1477 2330 πάντα
1494 2304 1587 2340 χρόνον
1604 2304 1653 2337 τῆς
1666 2302 1739 2337 ζωῆς
1756 2302 1784 2327 ὲν
1800 2300 1886 2335 ἀκτή-

1100 2359 1160 2385 μονι
1176 2350 1222 2376 καὶ
1236 2350 1371 2385 φιλοσόφῳ
1389 2351 1481 2386 τρόπῳ
1497 2349 1709 2380 διατελέσαντιις,
1735 2345 1784 2374 εἷθ’
1799 2346 1886 2377 οὕτως

1099 2395 1145 2421 ἐπὶ
1163 2395 1193 2421 τὸ
1212 2395 1333 2430 θεοφιλὲς
1349 2395 1425 2427 τέλος
1437 2395 1532 2422 ἐλθεῖν.
1548 2395 1579 2421 Οἱ
1595 2394 1643 2430 μὲν
1657 2391 1703 2420 οὖν
1719 2392 1820 2428 πρῶτοι
1836 2391 1884 2427 τὴν

1099 2441 1186 2477 ἄκραν
1207 2441 1347 2475 ἀκτήμονα
1373 2441 1538 2476 μετήρχοντο
1556 2439 1667 2474 ἀγωγὴν
1686 2438 1733 2465 τοῦ
1758 2438 1826 2473 βίον,
1840 2437 1885 2464 διὰ

1099 2487 1189 2522 πάσης
1207 2486 1297 2513 αὐτῶν
1324 2487 1375 2521 τῆς
1393 2487 1464 2522 ζωῆς
1488 2488 1543 2518 τοῖς
1558 2486 1607 2521 τῆς
1621 2485 1721 2521 ἀρετῆς
1737 2483 1826 2515 ἄθλοις
1842 2483 1885 2510 ἐν-

1099 2533 1291 2568 αγωνιςὸμενοι
1302 2542 1308 2548 ·
1324 2533 1348 2559 οἱ
1358 2533 1386 2559 δὲ
1399 2533 1518 2569 δεύτεροι
1530 2532 1579 2567 τῆς
1590 2532 1629 2563 εἰς
1641 2531 1721 2558 αὑτὸν
1733 2529 1885 2566 μαρτυρίας

1101 2647 1176 2678 celas
1188 2649 1297 2678 Eusebii
1312 2650 1363 2678 has
1377 2649 1567 2678 meditationes
1579 2650 1671 2677 traxit.
1695 2647 1752 2676 Nisi
1770 2647 1887 2675 fortasse

1098 2684 1234 2721 Eusebius
1256 2684 1407 2721 generatim
1426 2686 1459 2712 ad
1481 2683 1887 2721 tetraevangelium,_quasiper

1099 2718 1283 2753 harmoniam,
1304 2725 1505 2749 commentatus
1533 2720 1592 2747 fuit.
1618 2721 1672 2746 Aut
1690 2718 1741 2745 nisi
1770 2718 1887 2750 denique

1097 2760 1243 2783 sumuntur
1261 2755 1319 2783 hac
1333 2759 1361 2783 et
1375 2754 1425 2782 alia
1443 2762 1476 2783 ex
1501 2754 1675 2786 'l'heophania
1693 2753 1811 2781 fortasse
1832 2754 1887 2787 pte-

1094 2791 1189 2824 niore;
1212 2791 1339 2826 in_eujus
1358 2794 1433 2826 certe
1453 2795 1550 2825 quarto
1577 2789 1647 2817 libro
1673 2788 1811 2826 ﬂuidae:
1833 2788 1886 2814 hoc

299 2823 356 2859 (48)
374 2823 453 2852 Vides
468 2832 562 2861 rursus
580 2824 724 2861 Eusebium
738 2825 764 2861 in
786 2824 1043 2861 Matthmumpoljus
1090 2826 1169 2856 modo
1179 2822 1212 2854 ex
1227 2824 1280 2854 alio
1293 2822 1537 2861 'evangeiista'facit
1547 2828 1671 2859 excerpta
1688 2822 1831 2852 Eusebius.

263 2858 440 2888 commentari
454 2866 534 2895 quant
553 2860 578 2887 in
595 2859 705 2896 Lucam,
731 2859 763 2887 ad
778 2867 856 2896 quem
881 2858 969 2888 tamen
995 2858 1041 2888 Ni-
