2061 3215
183 179 236 207 537

753 176 1000 206 COWENTABIA
1022 175 1055 203 IN
1075 175 1204 205 LUCAM.

1749 171 1806 200 538

181 237 275 264 ῑνεκεν
285 237 430 273 ἠλαύνοντο
444 237 638 273 πολεμούμενοι
654 239 701 266 καὶ
712 238 879 274 μισούμενοι,
889 246 966 264 συκο-

1020 242 1120 270 autem,
1137 241 1166 264 et
1184 235 1382 268 misericordes,
1398 239 1425 262 et
1437 234 1518 262 corde
1531 241 1622 269 puros,
1639 237 1665 261 et
1675 232 1802 268 paciﬁcos

181 282 360 318 φαντούμενοί
379 293 408 310 τε
425 283 534 318 ψευδέσι
554 284 688 316 διαϐολαῖς
700 285 734 311 δι’
747 284 822 311 οὐδὲν
838 285 930 320 ἓτερον
946 283 962 318 ἢ

1016 281 1158 310 Mattbzeus
1170 281 1247 308 nobis
1257 280 1289 308 ad
1301 279 1524 307 considerandum
1541 278 1703 314 suppeditat.

180 330 231 358 διὰ
240 331 289 367 τὴν
302 333 341 362 είς
354 332 468 368 Χριστὸν
484 332 638 367 ὁμολογίαν.
662 333 741 360 Ἀλλὰ
762 333 816 369 γὰρ
827 333 890 364 τοὺς
904 331 954 367 μὲν
979 330 1129 362 πεινῶντας
1157 329 1204 357 καὶ
1230 328 1372 359 κλαίοντας
1391 327 1438 354 ml.
1453 327 1498 354 διὰ
1512 325 1628 363 Χριστὸν
1641 325 1801 361 ὀνειδιζομέ-

181 388 246 411 νους
266 380 312 406 καὶ
328 379 404 414 παρὰ.
417 379 456 415 τῷ
470 381 562 415 Δουκᾷ
580 380 717 416 ὀψόμεθα·
741 381 804 413 τοὺς
819 381 847 407 δὲ
868 380 966 416 πραεῖς
988 379 1035 405 καὶ
1057 379 1122 410 τοὺς
1152 377 1300 413 ἐλεήμονας
1313 376 1434 407 καὶτοὺς
1444 374 1581 411 καθαροὺς
1595 375 1629 410 τῇ
1641 373 1739 410 καρδίᾳ
1754 374 1802 401 καὶ

181 425 246 457 τοὺς
261 426 445 461 εἰρηνοποιοὺς
459 426 473 451 ό
489 426 628 459 Ματθαίος
645 428 712 463 ἡμῖν
727 429 767 460 εἰς
778 427 900 459 ἐξέτασιν
915 425 1104 462 παρατίθεται.

217 472 273 499 Καὶ
297 471 374 499 ταῦτ’
393 472 485 508 ἔλεγεν
503 473 622 505 ὁπλίζων
640 475 687 501 καὶ
699 474 889 511 περιφράττων
904 474 967 505 τοὺς

184 518 309 553 μαθητὰς
330 518 370 549 εἰς
392 518 438 545 τὸν
462 518 532 546 κατὰ
558 519 613 546 τῶν
641 521 768 548 ἐναντίων
787 521 913 557 πόλεμον,
938 521 967 548 ὃν

182 562 293 596 ἔμελλον
305 563 524 590 ὲπαναντλείσθαι
531 564 710 600 κηρύττοντες
719 567 800 593 παντὶ
813 566 851 602 τῷ
861 566 966 602 κόσμῳ.

182 609 230 635 καὶ
247 609 443 644 μαρτυρόμενοι
456 610 505 646 τὴν
517 610 576 642 ἐνὸς
592 610 638 638 τοῦ
651 611 698 638 ἐπὶ
710 612 819 639 πάντων
832 611 899 638 Geo-5
921 611 968 646 βα-

184 654 295 682 σιλείαν.
311 655 464 687 Μέλλοντας
481 655 535 692 γὰρ
552 657 649 689 αὐτοὺς
669 657 712 684 διὰ
726 657 757 684 τὸ
769 657 827 684 νέον
838 658 967 693 κήρυγμα

182 700 252 735 πρὸς
262 700 388 728 ἁπάντων
403 700 562 729 ἐλαύνεσθαι
574 702 620 729 καὶ
633 703 817 738 πολεμεῖσθαι,
831 711 968 739 προησφα-

181 744 271 777 λίζετο
287 746 334 773 καὶ
351 746 522 782 προέφραττε
536 748 715 784 μακαρισμῶν
727 757 755 775 τε
770 748 846 784 ἠξίου
856 758 862 764 ”
879 750 919 776 ὅτι
934 750 966 786 δὴ

181 790 300 827 ἀληπτον
323 791 380 827 βίον
402 792 624 829 προσαλλόμενοι,
646 794 683 827 ὡς
706 795 774 830 μηδέ
792 796 847 826 τοῖς
861 795 966 831 ἐχθροῖς

181 837 331 873 προφάσεις
344 838 402 864 κατ’
416 838 505 864 αὐτῶν
521 838 690 875 θηρωμένοις
705 839 832 875 ἀφορμὰς
842 840 966 876 διαὸολῆς

183 883 325 919 παρέχειν·
339 883 414 918 ὅμως
435 883 480 910 διὰ
496 884 579 920 μόνην
598 885 648 920 τὴν
664 886 704 917 είς
716 885 795 912 αὑτὸν
811 886 965 921 ὁμολογίαν,

183 929 293 955 καὶτῶν
304 929 387 955 αὑτοῦ
402 930 638 966 παραγγελμάτων
649 931 751 964 ἕνεκεν,
764 931 906 958 διώκεσθαι
920 933 967 959 καὶ

183 976 356 1012 πολεμεῖσθαι
373 977 503 1012 μέλλοιεν,
514 977 734 1013 δυσφημούμενοι
744 979 790 1006 καὶ
803 979 893 1011 πάσας
905 980 968 1006 ὐπο-

183 1021 310 1057 μένοντες
324 1022 456 1058 λοιδορίας
471 1023 518 1049 καὶ
534 1023 626 1058 ὕϐρεις
642 1024 688 1051 καὶ
700 1024 875 1060 ὀνειδισμοὺς,
893 1025 922 1051 ού
933 1025 966 1052 δι’

181 1065 284 1096 οἰκείας
304 1065 501 1102 πλημμελείας,
522 1066 565 1093 διὰ
578 1067 606 1093 δὲ
620 1067 665 1094 τὺν
678 1068 803 1104 ἐνάρετον
823 1069 870 1095 καὶ
883 1069 966 1105 ἄκρον

1051 471 1111 499 Jam
1127 479 1191 500 vero
1208 471 1265 499 haec
1276 471 1365 498 aiebat
1382 477 1492 497 armans
1510 473 1591 504 atque
1613 469 1802 496 communiens

1016 518 1049 546 ad
1065 518 1164 546 bellum
1180 525 1240 546 cum
1257 517 1380 545 hostibus
1396 515 1553 551 discipulos,
1571 515 1642 550 quod
1659 519 1738 542 erant
1759 519 1802 542 to-

1016 564 1127 592 leraturi
1146 564 1208 592 dum
1227 563 1277 591 toti
1291 562 1390 590 mundo
1405 569 1487 589 unum
1506 561 1670 589 universalis
1688 560 1735 588 Dei
1757 568 1802 588 re-

1016 618 1097 646 gnum
1113 610 1302 646 prardicarent.
1317 607 1419 643 Nempe
1430 615 1485 640 eos,
1506 607 1552 642 qui
1569 607 1604 635 ob
1618 615 1716 634 novam
1729 615 1800 642 prae-

1017 657 1178 685 dicationem
1203 656 1237 684 ab
1259 655 1386 683 omnibus
1401 653 1557 689 exagitandi
1581 658 1661 681 erant
1677 658 1705 680 et
1719 660 1802 688 oppu-

1016 702 1125 738 gnandi,
1150 707 1212 729 ante
1234 700 1372 728 muniebat
1384 704 1465 735 atque
1484 699 1620 732 armabat,
1638 703 1666 726 et
1683 699 1800 726 beatitu-

1016 748 1078 776 dine
1095 748 1190 783 dignos
1206 746 1363 774 deﬁniebat.
1388 745 1456 779 Quia
1473 745 1604 773 nimirum
1625 745 1801 781 irrepreheu~

1016 794 1119 822 sibilem
1135 794 1203 821 adeo
1215 794 1307 826 ,vitam
1325 800 1381 827 prte
1396 799 1425 820 se
1441 792 1573 824 terentes,
1587 795 1618 819 ut
1637 798 1671 818 ne
1684 790 1802 819 inimicis

1016 841 1122 876 quidem
1144 847 1238 868 ansam
1261 839 1464 874 quaerentibus,
1491 838 1634 866 calumniae
1660 837 1800 865 materiam

1016 888 1181 923 praeberent;
1196 886 1383 919 nihilominus,
1397 889 1509 920 propter
1524 884 1609 912 solam
1620 884 1722 912 Christi
1736 891 1802 911 con-

1017 933 1158 962 fessionem
1173 933 1285 969 ejusque
1302 931 1492 960 mandatorum
1513 938 1606 963 causa,
1634 930 1802 966 persecutio.

1016 988 1079 1007 num
1091 979 1188 1007 bellum
1203 978 1357 1014 perpessuri
1370 982 1459 1010 erant,
1473 976 1623 1010 maledicti,
1635 981 1717 1011 atque
1727 975 1801 1004 omni

1017 1033 1115 1060 genere
1140 1024 1335 1057 conviciorum,
1362 1023 1535 1059 iniuriarum,
1562 1022 1804 1050 contumeliarum-

1017 1079 1069 1106 que
1079 1071 1178 1105 obruti,
1193 1071 1265 1098 haud
1275 1071 1310 1098 ob
1323 1076 1400 1098 suum
1417 1069 1520 1097 crimen
1534 1068 1652 1103 aliquod.
1675 1068 1721 1095 sed
1738 1074 1802 1102 pro-

182 1111 211 1136 ὲν
225 1111 380 1148 δικαιοσύνῃ
403 1111 459 1147 βίον
479 1112 567 1140 αὐτῶν
578 1121 585 1128 ·
607 1112 621 1139 ὃ
640 1113 672 1149 δὴ
689 1114 734 1141 καὶ
752 1115 817 1141 αὐτὸ
832 1115 901 1142 κατὰ
921 1115 966 1151 τὴν

1020 1122 1077 1152 pter
1093 1125 1168 1145 suam
1185 1121 1287 1144 exacta:
1298 1115 1409 1144 virtutis
1431 1123 1463 1142 ac
1476 1114 1589 1150 iustitia:
1604 1114 1700 1141 vitam.
1724 1113 1801 1147 Quod

180 1156 258 1184 θείαν
278 1157 446 1193 προμήθειαν
465 1158 609 1193 εἰρημένον
631 1159 722 1191 τέλους
741 1160 885 1195 ἐτύγχανεν
901 1160 967 1196 ἀλη-

183 1202 246 1234 θοῦς
262 1203 290 1230 ἐν
305 1203 344 1238 τῷ
361 1204 428 1239 μετὰ
442 1204 529 1231 ταῦτα
539 1205 637 1240 χρόνῳ.
656 1205 729 1241 Πλὴν
739 1206 806 1233 ἀλλὰ
821 1207 966 1243 θεραπεύει

181 1248 212 1275 τδ
222 1249 342 1285 λυπηρὸν
361 1250 408 1277 τοῦ
425 1250 516 1285 λόγου,
533 1251 670 1286 ἰσοτίμους
692 1252 790 1285 αὐτοὺς
811 1253 966 1287 ἀποφαίνων

181 1297 237 1326 τοῖς
255 1295 337 1322 πάλαι
357 1296 404 1323 τοῦ
420 1297 486 1323 Θεοῦ
501 1298 664 1333 προφήταις.
682 1298 727 1325 Διδ
739 1299 785 1326 καὶ
801 1299 906 1335 χαίρειν
920 1300 967 1327 καὶ

183 1341 312 1377 ἀγαλλιᾷν
319 1342 348 1368 ἐν
356 1343 422 1369 πᾶσι
433 1344 487 1375 τοῖς
495 1344 600 1370 ἐπιοῦσι
616 1345 740 1380 παρῄνει,
750 1345 788 1377 ὡς
800 1345 833 1371 ἂν
845 1346 877 1372 τὰ
886 1347 965 1381 ὅμοια

183 1389 239 1420 τοῖς
257 1389 410 1424 προφήταις
429 1390 614 1425 πεισομένους,
628 1391 675 1417 καὶ
691 1391 790 1427 δηλαδὴ
802 1393 902 1428 ὁμοίως
918 1393 966 1420 αὖ-

181 1434 237 1464 τοῖς
249 1433 297 1468 τῆς
313 1433 387 1469 παρὰ
397 1433 435 1469 τῷ
449 1434 507 1470 Θεῷ
518 1435 600 1471 τιμῆς
610 1435 854 1471 ἀξιωθησομένους.
873 1437 966 1464 Ἔνθεν

182 1479 294 1511 εἰκότως
312 1479 417 1512 Παῦλος
438 1480 543 1513 τούτοις
567 1481 723 1517 ἐπιθαρῤὦν
748 1482 856 1517 ἔλεγεν·
874 1483 966 1517 Εἴπερ

183 1525 411 1560 στψπιὶσχομεν,
426 1527 476 1553 ἵνα
488 1526 537 1553 καὶ
549 1527 818 1563 συνδοξασθῶμεν·
833 1529 890 1561 καὶ,
906 1531 966 1556 Οὺθι

182 1570 252 1603 ἀξια
260 1571 295 1598 τὰ
304 1571 464 1606 παθήματα
477 1571 529 1598 τοῦ
545 1572 602 1599 νῦν
616 1573 719 1607 καιροῦ
734 1574 808 1608 πρὸς
824 1575 880 1608 τὴν
888 1575 966 1610 μέ]-

180 1616 299 1642 λουσαν
315 1615 410 1648 δόξαν
422 1616 647 1651 ὲκκαλυφθῆγαι
657 1619 700 1651 εἰς
711 1618 800 1653 ἡμᾶς.
812 1620 866 1645 Καὶ
879 1621 910 1647 οὐ
923 1621 966 1647 λό-

181 1668 240 1695 γοις
255 1661 305 1696 μέν
324 1661 409 1688 ταῦτα
426 1661 528 1696 ἔλεγεν,
546 1661 636 1697 ἔργοις
654 1663 681 1689 δέ
699 1664 844 1700 ἀφυστέρει
857 1665 909 1692 τῶν
923 1665 966 1692 λε-

180 1705 328 1742 λεγμένων,
343 1706 410 1734 ἀλλὰ
428 1707 475 1734 καὶ
492 1707 587 1740 αὑταῖς
601 1709 716 1744 πράξεσι
731 1710 793 1741 τοὺς
804 1710 872 1746 ὑπὲρ
889 1711 965 1738 εὐσε-

167 1752 256 1784 .6είας
272 1753 367 1785 ἄθλους
390 1753 566 1786 ἐνεδείκνυτο,
589 1754 635 1787 οὓς
649 1755 696 1782 καὶ
713 1756 905 1792 κατηριθμεῖτο
924 1758 966 1784 λέ-

180 1806 238 1833 γων
248 1806 254 1813 ·
270 1798 319 1825 Διὸ
330 1798 443 1826 εὐδοκῶ
455 1799 490 1826 ἐν
501 1800 680 1834 ἀσθενείαις,
700 1801 735 1827 ὲν
748 1790 861 1835 ὕδρεάι,
874 1803 920 1829 καὶ
933 1803 966 1831 τὰ
980 1790 1000 1818 C

182 1843 255 1879 ἐξῆς.
272 1844 326 1870 Καὶ
342 1844 428 1872 ταῦτα
441 1845 490 1881 μὲν
501 1846 541 1873 ἐτι
556 1846 589 1874 τὰ
604 1846 658 1873 τῶν
671 1847 758 1874 ἄθλων
774 1848 919 1884 προοίμια·
937 1850 967 1876 τὸ

180 1889 211 1916 δὲ
234 1889 416 1925 συμπέρασμα
435 1891 482 1918 τοῦ
504 1893 604 1924 παντὸς
629 1893 734 1927 ἀγῶνος
758 1893 831 1929 αὺτῷ
851 1895 896 1921 ἐπὶ
918 1897 967 1931 τῆς

186 1934 330 1969 Ῥωμαίων
342 1935 489 1963 ἐτελειοῦτο
504 1937 615 1970 πόλεως,
627 1938 691 1966 ἔνθα
709 1940 850 1975 μαρτυρίῳ
861 1940 909 1975 τὴν
922 1949 968 1966 κε-

179 1981 268 2017 φαλὴν
284 1980 428 2018 ἀπετμήθη
444 1982 510 2018 (ιθ).
525 1983 553 2009 '0
566 1984 667 2020 Πέτρος
679 1986 707 2012 δὲ
719 1987 863 2022 ἁρπαγμὸν
871 1987 915 2014 τὸν
924 1989 967 2015 διὰ

181 2028 299 2064 σταυροῦ
316 2027 429 2056 θάνατον
440 2030 555 2057 ἐποιεῖτο
567 2031 611 2058 διὰ
623 2032 673 2064 τὰς
685 2033 833 2069 σωτηρίους
842 2034 950 2066 ἐλπίδας
958 2044 964 2050 ·

187 2074 313 2106 Ἰάκωὸὀς
329 2083 358 2100 τε
370 2075 472 2109 ὁμοίως
487 2075 558 2111 ξίφει
571 2076 620 2113 τὴν
635 2078 755 2114 κεφαλὴν
774 2079 802 2105 ἐν
821 2079 965 2115 Ἰεροσολύυ

182 2128 242 2155 μοις
256 2119 435 2156 ἀποτέμνεται
445 2129 452 2136 ·
470 2121 516 2147 καὶ
531 2122 656 2158 Ἰωάννης
667 2124 748 2159 νῆσον
759 2125 843 2151 οἰκεῖν
857 2125 966 2161 Πάτμον

181 2167 366 2202 κατεκρίνετο·
391 2167 436 2193 καὶ
454 2167 531 2200 ἄλλος
548 2168 634 2201 ἄλλως
647 2169 677 2196 τὸ
692 2169 810 2206 καθαρὸν
822 2172 867 2198 καὶ
880 2172 966 2199 ἄπλα-

181 2221 243 2240 στον
257 2214 306 2249 τῆς
316 2213 368 2240 τῶν
381 2213 463 2241 αὑτοῦ
477 2214 562 2249 λόγων
577 2216 701 2252 ὑπακοῆς
711 2217 900 2253 ἐνδειξάμενοι,
911 2219 967 2246 διὰ-

181 2267 263 2294 φορον
271 2258 419 2294 ὑπέμειναν
432 2259 478 2286 τοῦ
492 2259 549 2295 βίου
564 2260 700 2297 τελευτήν.
713 2263 768 2288 Καὶ
781 2262 857 2290 ταῦτ’
870 2264 900 2290 οὐ
915 2273 967 2291 πα-

181 2305 219 2342 ρὰ
228 2304 338 2341 γνώμην
351 2305 479 2341 ἔπασχον,
493 2307 582 2342 πάσης
596 2307 624 2334 δὲ
643 2308 737 2344 ἡδονῆς
753 2309 819 2344 ἡδίω
831 2310 966 2345 τιθέμενοι

179 2350 231 2386 τὴν
239 2350 293 2378 τῶν
305 2352 444 2387 σωτηρίων
455 2353 625 2388 ἐπαγγελιῶν
642 2353 735 2381 ἐλπίδα
745 2364 751 2370 ·
766 2355 827 2381 ἐπεὶ
839 2355 904 2390 γοῦν
922 2365 967 2383 πο-

178 2405 210 2424 τε
223 2396 398 2429 συλλαϐόντες
408 2398 505 2430 αὐτοὺς
518 2399 542 2425 οἱ
555 2399 601 2425 τοῦ
624 2399 754 2427 Ἰουδαίων
767 2400 859 2433 ἔθνους
871 2401 965 2437 ἄρχον-

1016 1169 1081 1190 sane
1095 1163 1242 1190 secundum
1249 1158 1366 1190 divinam
1376 1160 1572 1196 prwscientiam
1583 1160 1696 1192 dictum,
1705 1167 1800 1186 verum

1016 1209 1117 1237 exitum
1127 1213 1234 1236 nactum
1242 1213 1283 1236 est
1292 1212 1422 1243 sequente
1436 1211 1566 1242 tempore.
1576 1205 1629 1234 Sed
1639 1210 1728 1233 tamen
1744 1211 1802 1232 ser-

1017 1254 1105 1281 monis
1121 1253 1257 1281 tristitiam
1273 1257 1415 1288 temperat,
1430 1252 1492 1279 dum
1508 1258 1589 1286 pares
1604 1250 1664 1278 illos
1679 1249 1800 1284 antiquis

1019 1299 1063 1327 Dei
1077 1299 1216 1334 prophetis
1232 1297 1359 1326 allirmat.
1380 1297 1441 1325 Ideo
1453 1302 1482 1325 et
1497 1296 1614 1332 gaudere
1627 1299 1653 1323 et
1664 1294 1802 1323 exsultare

1018 1344 1044 1371 in
1059 1343 1134 1372 omni
1148 1352 1177 1371 re
1191 1343 1282 1370 futura
1296 1343 1430 1374 hortatur,
1451 1350 1501 1370 ceu
1515 1342 1560 1377 qui
1572 1334 1646 1376 paria
1662 1340 1806 1377 prophetis

1017 1390 1071 1417 sint
1082 1389 1232 1423 experturi,
1252 1389 1278 1416 id
1298 1393 1339 1416 est
1356 1395 1432 1423 mque
1445 1396 1476 1415 ac
1494 1387 1531 1415 illi
1548 1395 1563 1414 a
1581 1388 1635 1415 Deo
1653 1386 1802 1414 honoribus

1017 1435 1143 1471 augendi.
1172 1435 1250 1463 Unde
1277 1435 1374 1463 merito
1396 1434 1495 1462 Paulus
1524 1434 1565 1462 his
1600 1433 1682 1462 dictis
1715 1433 1803 1461 fretus

1017 1482 1120 1509 aiebat:
1135 1481 1275 1516 Siquidem
1285 1481 1470 1516 compatlmur,
1486 1484 1513 1507 ut
1525 1484 1550 1507 et
1562 1479 1799 1515 congloriﬁcemur.

1019 1527 1053 1554 Et
1066 1537 1072 1554 :
1091 1526 1153 1554 Non
1168 1532 1227 1554 sunt
1243 1527 1379 1562 condigna:
1389 1528 1522 1562 passiones
1538 1526 1616 1561 hujus
1628 1525 1751 1559 temporis
1764 1524 1800 1552 ad

1017 1573 1134 1608 futuram
1148 1573 1260 1609 gloriam
1274 1581 1333 1609 quia
1355 1573 1511 1600 revelabitur
1525 1573 1553 1600 in
1568 1572 1641 1600 nobis
1653 1572 1687 1600 '".
1704 1571 1803 1607 Neque

1017 1625 1082 1645 vero
1099 1618 1154 1645 haec
1168 1619 1252 1646 verbo
1270 1618 1370 1650 aiebat,
1386 1625 1468 1653 opere
1480 1622 1570 1645 autem
1589 1625 1604 1644 a
1625 1617 1704 1645 dictis
1715 1617 1802 1645 dista-

1017 1664 1072 1697 bat,
1089 1664 1136 1692 sed
1151 1663 1219 1699 ipsis
1234 1664 1340 1692 actibus
1359 1664 1465 1692 labores
1484 1671 1534 1700 pro
1556 1663 1687 1699 religione
1701 1670 1801 1698 expro-

1017 1709 1118 1742 mebat,
1133 1716 1201 1743 quos
1214 1709 1294 1736 etiam
1316 1709 1494 1737 enumerabat
1519 1709 1611 1736 dicens
1626 1717 1632 1735 :
1645 1707 1710 1735 Ideo
1736 1707 1801 1734 mihi

1016 1753 1105 1787 placeo
1132 1755 1160 1782 in
1175 1754 1383 1789 inﬁrmitatibus,
1406 1755 1434 1781 in
1459 1754 1622 1782 contumeliis
1636 1754 1682 1786 ll",
1695 1757 1722 1780 et
1738 1752 1801 1780 reli-

1017 1808 1079 1835 qua.
1093 1799 1127 1827 Et
1137 1799 1194 1827 haec
1207 1801 1315 1835 quidem
1328 1804 1406 1828 erant
1418 1799 1541 1828 laborum
1561 1799 1651 1827 initia.
1672 1799 1724 1827 Sed
1739 1799 1801 1826 uni-

1018 1845 1087 1872 versi
1124 1845 1218 1880 agonis
1242 1845 1441 1872 consummatio
1464 1845 1491 1872 in
1521 1845 1643 1872 Romana
1667 1843 1735 1871 urbe
1761 1843 1800 1871 illi

1016 1890 1138 1926 contigit,
1160 1890 1204 1919 ubi
1217 1890 1243 1918 ei
1263 1891 1376 1926 martyri
1390 1895 1472 1926 caput
1490 1894 1534 1918 est
1555 1893 1734 1925 amputatum.
1750 1889 1802 1917 Pe-

1017 1942 1074 1965 trus
1089 1942 1178 1964 autem
1203 1944 1315 1972 regnum
1342 1937 1431 1971 rapuit
1447 1944 1494 1971 per
1506 1937 1595 1964 crucis
1620 1943 1713 1964 necem
1739 1944 1800 1964 cum

1017 1991 1064 2018 spe
1075 1983 1198 2011 salutari.
1225 1983 1342 2011 Iacobus
1368 1983 1471 2018 pariter
1496 1983 1586 2017 gladio
1607 1981 1801 2018 Hierosolymis

1016 2031 1105 2064 capite
1122 2031 1241 2057 minutus
1252 2029 1318 2063 luit;
1330 2034 1356 2058 et
1366 2030 1483 2058 Joannes
1497 2029 1531 2056 ad
1548 2029 1641 2058 insulae
1657 2029 1742 2057 Patmi
1760 2029 1802 2057 in-

1016 2076 1132 2104 colatum
1149 2077 1293 2103 damnatus
1309 2085 1316 2103 :
1333 2076 1433 2111 aliique
1443 2075 1523 2104 aliter
1537 2076 1600 2103 dum
1612 2083 1707 2110 puram
1719 2080 1803 2110 atque

1017 2123 1149 2150 sinceram
1181 2123 1310 2150 doctrinae
1329 2122 1432 2150 Christi
1456 2122 1636 2150 obedientiam
1660 2122 1801 2156 exhibent,

1017 2168 1101 2195 variis
1131 2168 1217 2195 modis
1238 2168 1387 2196 violentum
1414 2169 1476 2195 vitae
1502 2168 1605 2196 exitum
1634 2168 1706 2196 nacti
1726 2175 1800 2196 Sunt.

1017 2214 1104 2249 Atque
1121 2215 1177 2242 hac
1190 2214 1260 2242 haud
1275 2215 1351 2242 inviti
1368 2219 1432 2242 sunt
1448 2215 1531 2250 passi,
1552 2215 1599 2243 sed
1613 2214 1731 2249 qualibet
1752 2221 1802 2241 vo-

1016 2261 1116 2295 luptale
1130 2261 1277 2288 dulciorem
1294 2261 1488 2289 dominicarum
1498 2261 1706 2295 promissionum
1724 2267 1800 2294 spem

1017 2308 1178 2336 habuerunt.
1195 2307 1262 2335 Cum
1278 2315 1324 2335 eos
1339 2308 1420 2342 igitur
1433 2307 1552 2334 Iudaica:
1563 2306 1650 2342 gentis
1667 2305 1801 2340 principes

1016 2355 1159 2382 verberum
1186 2355 1356 2388 castigationi
1387 2354 1560 2386 addixerunt,
1588 2357 1618 2379 ut
1643 2351 1755 2380 historia
1766 2351 1801 2378 de

1017 2401 1069 2428 illis
1081 2405 1184 2432 narrat,
1198 2401 1251 2427 ίιιιιὶ
1262 2402 1350 2436 utique
1368 2401 1400 2427 de
1411 2400 1521 2427 concilio
1539 2402 1713 2430 excesserunt,
1730 2396 1799 2432 quod

179 2450 225 2482 τες
253 2442 391 2477 μαστίγων
418 2443 520 2475 αἰκίαις
547 2444 692 2477 ὑπέϐαλον,
714 2446 778 2481 ὡςή
794 2447 858 2482 περὶ
876 2447 963 2474 αὐτῶν

1017 2448 1090 2482 digni
1106 2447 1190 2474 habiti
1202 2452 1284 2474 essent
1301 2455 1347 2480 pro
1371 2447 1474 2473 nomine
1496 2445 1592 2473 Christi
1616 2443 1800 2472 contumeliam

181 2487 285 2523 ἱστορία
309 2490 451 2524 μαρτυρεῖ,
468 2489 506 2521 ὡς
518 2489 571 2524 ἄρα
587 2491 742 2526 προῄεσαν
757 2492 790 2519 ἐκ
812 2493 864 2520 τοῦ
883 2502 965 2521 συν-

1017 2494 1071 2528 pati
1083 2494 1140 2520 ⁵⁷⁵⁸.
1155 2493 1236 2527 quue
1249 2497 1363 2527 egerunt
1380 2497 1515 2526 praecepto
1529 2491 1588 2525 ejus
1605 2491 1799 2525 obsequentes,

177 2532 278 2567 εδρίου
303 2535 468 2568 χαίροντες,
497 2534 542 2561 ὅτι
562 2536 790 2571 κατηξιώθησαν
813 2538 887 2573 ὑπὲρ
911 2540 963 2567 τοῦ

230 2582 253 2599 ⁵⁷
267 2582 346 2610 Rom.
362 2590 420 2614 vm,
437 2583 481 2616 t7,
497 2583 539 2610 18.
585 2585 620 2600 ⁸⁷·
635 2584 655 2611 ll
673 2585 736 2612 Cor.
757 2593 805 2619 xu,
828 2586 873 2614 l0.

214 2626 269 2667 μθ)
285 2627 477 2667 Apostolorum
489 2629 564 2667 Petri
584 2638 615 2658 ac
632 2630 706 2658 Pauli
719 2632 858 2666 :mortibus
881 2638 908 2661 et
923 2642 964 2662 se-

179 2662 283 2703 puleris
298 2661 391 2703 ίξοιηεξ
411 2664 582 2703 exstantibus
607 2661 722 2703 insigne
735 2667 889 2703 mirumque
917 2661 963 2697 dat

178 2697 504 2739 testimoniumrliusebius
514 2698 540 2725 in
551 2697 725 2734 Theophania:
735 2701 802 2739 libro
812 2697 852 2733 tv,‘
862 2711 923 2739 cap.
936 2705 963 2739 7,

179 2730 221 2757 his
234 2731 323 2758 verbis
337 2741 344 2759 :
358 2731 564 2770 Promissionam
578 2730 652 2762 suam
672 2744 701 2762 re
724 2730 887 2770 conﬁrmauit
897 2730 964 2765 ’δελ

177 2771 261 2807 valor,
276 2774 370 2807 nempe
392 2768 461 2807 hun‘c
478 2769 566 2807 ipsum
578 2770 728 2807 _Sin_wnem,
750 2768 900 2806 cognomine
913 2773 963 2800 Ce-

176 2801 265 2841 phs‘m,
291 2802 416 2841 oppidulo
432 2802 551 2841 Galliam
564 2801 791 2841 Agapharnaumo'
802 2807 943 2835 oriundum
953 2829 960 2840 .

177 2835 274 2875 multa:
291 2835 424 2876 hominum
439 2839 543 2877 animus
560 2835 770 2877 illuminalurum
786 2841 832 2868 Dei
850 2835 960 2877 notitia}

176 2873 314 2913 ipsumque.
329 2873 429 2913 pariter
444 2873 471 2912 in
486 2873 604 2913 uniuerso
618 2875 678 2900 orbe
690 2876 824 2910 cognitum
838 2877 872 2903 iri
881 2873 960 2913 usque

178 2906 212 2931 ad
233 2904 383 2934 Occidentis
411 2908 537 2943 regiones.
559 2908 626 2944 Ejus
644 2914 711 2937 certe
722 2904 860 2940 'memoria
880 2904 959 2944 urnae

1019 2540 1064 2576 qui
1079 2539 1163 2566 Iaztari
1173 2539 1302 2566 docuerat
1313 2539 1335 2566 si
1349 2538 1455 2572 quando
1469 2541 1579 2572 propter
1596 2544 1657 2565 eum
1674 2541 1800 2572 pateren-

921 2588 1032 2617 "“Act.
1050 2596 1077 2620 v,
1089 2587 1133 2614 41.

1013 2635 1047 2661 ad
1063 2634 1215 2660 hodiernum
1238 2638 1336 2667 tempus
1361 2632 1431 2666 apud
1461 2630 1732 2667 Romanosrcelebrior
1748 2634 1798 2662 est,

1013 2678 1091 2705 quant
1104 2669 1151 2695 illa
1174 2670 1281 2695 heroum
1299 2673 1411 2705 veterum
1427 2675 1436 2694 :
1450 2668 1519 2705 adeo
1538 2672 1569 2705 ut
1587 2666 1681 2705 dign-us
1698 2673 1800 2705 quoque

994 2701 1179 2732 existimatus
1205 2705 1285 2737 fuerit
1303 2704 1423 2736 sepulcro
1447 2702 1543 2736 insigni
1564 2705 1624 2728 ante
1644 2701 1800 2737 ipsumillu-

1013 2748 1071 2766 rum
1083 2739 1172 2765 urbem
1190 2735 1291 2772 (nempe
1309 2735 1382 2764 trans
1405 2737 1519 2764 Tiberim
1541 2737 1568 2772 in
1591 2735 1800 2772 regioneﬂl’ati-

1014 2773 1090 2809 cuna)
1104 2776 1137 2801 ad
1155 2773 1223 2808 quod
1235 2773 1390 2809 impulerunt
1410 2780 1442 2799 ea:
1455 2771 1525 2809 omni
1548 2771 1797 2809 ﬂomanaditione,

1014 2805 1139 2843 tanquam
1151 2805 1185 2843 ad
1196 2805 1298 2842 asylum
1312 2807 1484 2843 templumque
1506 2806 1565 2836 Dei.
1580 2806 1693 2843 accurrit
1707 2805 1800 2832 mulli-

1016 2841 1090 2870 tudo.
1103 2858 1139 2863 ——
1147 2841 1212 2869 Pari
1225 2841 1301 2869 modo
1317 2842 1396 2869 Pauli
1412 2850 1482 2868 mors
1493 2842 1647 2876 martyrica,
1657 2841 1799 2876 datumque

1015 2880 1038 2905 ei
1052 2879 1208 2912 sepulcrum,
1222 2885 1377 2912 magnopere
1393 2885 1472 2912 usque
1487 2877 1522 2904 ad
1540 2878 1608 2904 hunc
1624 2876 1692 2904 diem
1706 2876 1734 2903 in
1744 2876 1800 2903 lto-

1016 2923 1095 2941 manu
1108 2913 1168 2940 urbe
1181 2913 1353 2939 honorantur.
