2061 3215
277 194 330 230 8ιὲ

614 193 749 223 EUSEBII
767 190 1005 221 CESABIENSIS
1023 189 1100 218 OPP.
1119 188 1211 216 PARS
1229 187 1273 216 lll.
1289 203 1323 209 -—
1341 186 1548 215 EXEGETICA.

1846 185 1904 213 ων

278 264 336 287 tum
353 252 552 293 (destruendo)
565 251 637 278 fecit.
653 250 741 285 Atque
759 250 816 277 haec
833 250 973 277 hactenus.
986 247 1049 274 Num

1113 245 1209 272 ἑαυτοῦ
1220 243 1377 275 δυσσεϐείας
1392 243 1539 278 πάρεργον·
1552 242 1706 277 ἐποιήσατο.
1734 241 1791 268 Καὶ
1812 239 1896 269 ταῦτα

277 304 411 337 reliquum
432 306 582 327 sermonem
598 303 804 333 persequamur.

334 347 357 364 “
371 345 524 374 Convocatis
542 351 626 370 autem
643 341 778 369 duodecim
792 338 927 373 discipulis
941 339 1007 369 suis,

385 382 455 409 dedit
470 381 523 406 illis
542 380 665 406 uirtutem
681 382 704 404 el
724 380 887 411 potestatem,
902 379 955 401 etc.

317 432 369 459 Per
384 430 442 457 hzec
459 426 582 461 supernis
596 423 700 450 viribus
724 420 873 455 discipulos
889 428 953 448 suos
971 419 1062 447 Domi-

278 485 329 506 nus
344 475 479 505 armabat,
495 476 525 499 ut
545 469 677 497 diabolica
692 468 716 494 in
733 467 827 501 primis
842 466 949 500 agntina
970 470 997 493 et
1013 466 1061 492 ho-

280 524 384 552 minum
411 519 584 549 inimicitias,
610 520 637 542 et
661 513 833 541 adversaria:
853 512 926 539 acies
948 519 1058 546 supera-

279 574 358 600 rent;
381 566 479 594 deinde
496 572 511 591 a
533 562 637 590 morbis
661 565 689 588 et
706 559 871 586 omnimodis
886 557 1059 591 passionibus

276 615 429 642 laborantes
458 614 603 641 sanarent;
637 608 734 635 indicia
765 606 891 633 videlicet
918 604 1055 639 prredicati

276 661 352 697 regni
374 658 479 687 cunctis
494 656 650 685 hominibus
667 654 801 689 praebens.
817 652 965 687 Oportebat
987 651 1058 677 enim

273 715 321 736 eos
342 707 389 742 qui
412 706 622 738 inexspectatam
649 701 799 727 doctrinam
822 699 991 729 nuntiabant,
1014 705 1059 731 pe-

273 753 443 789 regrinorum
472 754 657 782 novorumque
683 746 815 773 bonorum
840 746 917 780 signa
943 743 1057 771 alumnis

273 787 330 827 suis
350 798 491 826 exhibere.
509 795 580 822 Vere
595 793 676 828 igitur
695 787 774 819 e'rant
792 791 867 826 regni
885 791 929 817 Dei
947 791 1058 817 demon-

272 845 431 876 strationes,
446 842 606 878 prodigiosae
621 841 745 870 virtutes,
762 843 790 866 et
811 837 955 868 miracula,
977 841 1057 870 atque

273 891 427 918 animarum
441 893 468 916 et
481 894 624 920 corporum
640 886 794 913 curationes
807 891 822 911 a
835 883 980 911 Servatore
994 890 1056 916 per-

1114 292 1163 327 μὲν
1177 291 1272 326 ταύτῃ.
1292 290 1353 317 Ἐπὶ
1365 290 1394 316 δὲ
1408 289 1438 315 τὸ
1450 289 1513 324 ἑξῆς
1527 288 1575 315 τοῦ
1586 288 1666 323 λόγου
1677 288 1828 324 προΐωμεν.

1112 337 1379 376 Στίτκαῖεσάμενρς
1386 335 1429 376 ⁵ὁξὲ
1439 335 1510 368 τοὺς
1520 334 1634 376 δώᾷεξιέι
1645 334 1781 376 “adnuite;
1791 333 1896 376 αὑποῦ,

1140 369 1251 399 ἔδωκεν
1264 369 1365 403 αὐτοῖς
1381 371 1510 405 δύναμιν
1527 370 1576 397 καὶ
1589 369 1743 402 ἐξουσίαν.
1760 378 1787 396 κ.
1803 378 1828 396 τ.
1842 369 1871 396 λ.

1106 419 1108 422 ’
1144 419 1193 446 Διὰ
1208 418 1295 446 ταῦτα
1312 417 1413 449 ἐνθέοις
1428 416 1558 451 δυνάμεσι
1574 415 1636 447 τοὺς
1662 414 1758 441 ἑαυτοῦ
1775 413 1897 450 μαθητὰς

1110 467 1124 492 ὁ
1140 465 1241 501 Κύριος
1265 463 1392 495 ὥπλιζεν,
1409 463 1446 494 ὡς
1468 463 1503 489 ἂν
1529 463 1558 489 ἐν
1572 461 1690 497 πρώτοις
1703 461 1738 488 τὰ
1753 460 1894 496 δαιμονικά

1111 511 1190 547 στίφη
1204 511 1250 537 καὶ
1263 510 1312 542 τὰς
1327 509 1426 544 ὲχθρὰς
1438 509 1491 535 τῶν
1503 507 1653 544 ἀνθρώπων
1674 507 1720 534 καὶ
1749 507 1900 542 πολεμικὰς

1111 557 1275 593 παρατάξεις
1289 556 1444 591 καθαιροῖεν
1456 564 1463 570 ·
1481 555 1577 581 ἔπειτα
1591 554 1675 581 νόσων
1692 553 1738 580 καὶ
1764 553 1898 579 παντοίων

1109 604 1202 630 παθῶν
1220 602 1395 639 θεραπεύοιεν
1410 602 1473 633 τοὺς
1503 600 1773 636 καταπονουμένους·
1796 598 1903 634 γνωρίι

1110 658 1198 685 σματα
1214 649 1246 684 δὴ
1262 649 1311 683 τῆς
1321 648 1523 684 κηρυττομένης
1540 646 1677 682 βασιλείας
1692 646 1818 682 παρέχων
1829 646 1894 681 ὸρᾷν

1109 695 1209 721 ἅπασιν
1224 694 1386 729 ἀνθρώποις.
1406 694 1503 729 Ἐχρῆν
1521 693 1584 729 γὰρ,
1599 693 1748 729 παράδοξον
1766 693 1895 728 κήρυγμα

1108 741 1340 775 καταγγέλλοντας
1355 761 1363 773 ,
1380 740 1473 775 [ξένων
1497 740 1544 767 καὶ
1567 739 1634 766 νέων
1657 739 1766 774 ἀγαθῶν
1791 737 1894 775 ἐναργῆ

1109 789 1209 822 σημεῖα
1233 787 1362 822 παρέχειν
1386 787 1441 818 τοῖς
1457 786 1694 821 μαθητευομένοις.
1710 783 1801 813 Ἦσαν
1813 786 1835 812 δ’
1848 783 1894 812 οὖν

1107 824 1214 868 ἀληθῶς
1225 832 1291 859 Θεοῦ
1313 832 1449 868 βασιλείας
1462 832 1596 868 δείγματα
1612 833 1640 858 αἱ
1657 832 1799 868 τεράστιαι
1816 832 1894 859 δυνά-

1109 888 1178 914 μεις,
1195 880 1229 906 τά
1240 889 1269 906 τε
1284 880 1408 914 θαύματα
1422 879 1468 905 καὶ
1491 879 1619 915 σωτήριοι
1634 878 1727 914 ψυχῶν
1739 879 1786 905 καὶ
1800 878 1893 913 σωμά-

273 941 350 964 actae.
375 934 442 961 Nam
457 933 571 968 quilibet
595 939 683 958 sermo
704 929 831 965 operibus
854 923 964 962 cassus,
987 936 1049 955 nun-

1106 935 1159 952 των
1178 926 1335 961 θεραπεῖαι-
1351 926 1392 952 ὅτι
1406 926 1477 957 ἅπας
1495 925 1589 959 λόγος,
1613 925 1701 960 ἔργων
1721 925 1833 961 ἕρημος,
1846 925 1893 951 οὖ-

271 989 351 1016 qnam
383 980 482 1016 poterit
509 979 613 1005 ﬁrmam
649 977 851 1012 persuasionem
870 975 1054 1010 audientibus

271 1028 418 1055 insinuare.
445 1025 589 1060 Propterea
609 1025 724 1058 patratis
746 1023 872 1058 operibus
896 1022 974 1049 ﬁdem
1000 1021 1055 1048 evi-

269 1074 377 1100 dentem
395 1070 579 1107 prmdicationi
603 1070 796 1097 conciliabant.
823 1068 852 1096 Si
877 1075 942 1101 ergo
965 1066 1054 1093 verbis

269 1118 457 1146 tantummodo
470 1125 501 1145 ac
513 1117 624 1144 vocibus
639 1121 740 1143 temere
757 1114 864 1142 emissis
879 1114 924 1140 Dei
941 1119 1052 1147 regnum

268 1165 374 1192 cunctis
396 1164 586 1194 intimassent,
606 1166 634 1189 et
660 1162 808 1196 patriorum
834 1161 945 1187 deorum
971 1158 1054 1185 aboli-

268 1212 390 1242 tionem,
417 1210 478 1245 quis
509 1209 549 1236 eis
578 1213 694 1235 mentem
732 1206 912 1234 advertisset?
945 1206 1052 1232 cuinam

268 1258 353 1284 Deum
368 1262 430 1283 esse
443 1254 642 1289 persuasissent
664 1252 818 1279 nuntiatum
836 1260 850 1279 a
869 1259 898 1278 se
911 1251 1014 1282 Jesum,
1030 1251 1052 1276 si

268 1303 370 1330 nullam
387 1309 436 1329 suo
453 1300 607 1328 testimonio
635 1300 715 1327 (idem
741 1299 891 1326 fecissent?
911 1298 972 1325 Ideo
995 1305 1052 1324 scr-

267 1355 374 1376 monem
392 1354 498 1374 omnem
515 1346 614 1373 divinis
627 1353 819 1380 praeoccupans
837 1346 965 1370 Servator
984 1345 1053 1370 acti—

267 1396 329 1426 bus,
350 1394 438 1429 primo
467 1392 574 1427 quidem
603 1399 637 1419 ex
660 1392 752 1426 inepto
774 1391 836 1418 vita:
855 1398 973 1424 genere,
994 1390 1051 1417 elo-

265 1440 438 1474 quentiaeque
455 1443 482 1466 et
501 1437 621 1465 mortalis
646 1437 785 1472 sapientiae
819 1442 943 1470 expertes
969 1436 1051 1462 disci-

265 1485 342 1519 pulos
362 1491 425 1512 suos
448 1484 481 1511 ad
496 1483 577 1510 totius
602 1483 695 1510 mundi
719 1483 914 1510 currectionem
940 1482 1050 1517 delegit.

267 1530 368 1557 Deinde
392 1530 543 1564 piscatores
568 1529 720 1556 animarum
750 1527 929 1555 humanarum
959 1536 988 1556 se
1005 1536 1051 1555 cos

264 1576 424 1603 clIecturum
447 1583 629 1610 przemonens,
647 1580 741 1601 auctor
765 1575 820 1608 ipse
847 1574 884 1601 rei
905 1575 1049 1609 proposita:

264 1621 392 1654 exstitit;
415 1622 485 1648 unde
499 1629 546 1648 eos
568 1620 730 1647 mirabilium
754 1620 935 1654 prodigiorum
953 1628 1047 1654 opera-

266 1674 338 1695 tores
356 1667 481 1699 reddidit,
498 1667 548 1693 hos
572 1666 624 1693 illis
642 1666 736 1692 hamos
752 1667 894 1693 animabus
916 1666 1048 1693 salutares

263 1713 458 1748 suppeditans,
486 1717 515 1738 ut
536 1712 568 1739 iis
590 1717 732 1746 captarent
758 1717 839 1746 atque
856 1720 888 1738 ex
916 1712 1048 1746 profundo

264 1760 392 1794 nequitiae
415 1759 513 1794 abysso
538 1758 651 1785 mortale
667 1765 750 1792 genus
768 1758 954 1790 extraherent,
972 1759 1048 1785 malis

264 1806 362 1840 fugatis
383 1805 542 1841 spiritibus,
561 1806 683 1832 morbum
708 1805 856 1839 quemlibet
879 1805 1048 1840 languorem-

263 1859 315 1886 que
341 1856 469 1879 sanantes
501 1856 567 1878 nutu
589 1851 666 1885 ejus;
690 1852 807 1879 nondum
835 1851 906 1878 enim
932 1851 1048 1886 Spiritus

262 1900 339 1924 datus
361 1898 449 1925 fuerat
464 1898 497 1925 ⁸⁷.

262 1944 284 1960 ⁸⁸
298 1943 372 1970 Nihil
387 1944 501 1971 tuleritis
515 1944 541 1971 in
556 1945 610 1978 via,
631 1952 712 1979 neque
723 1944 841 1976 baculus,
857 1952 936 1979 mque
946 1952 1046 1978 peram.

295 2021 450 2050 Secundum
463 2022 619 2051 Matthtenm
636 2024 746 2058 quidem
761 2023 795 2057 ⁸³,
812 2023 871 2051 auri
891 2028 919 2051 et
942 2023 1047 2058 argenti

260 2068 377 2102 aerisque
403 2076 530 2103 possessu
552 2070 586 2097 iis
610 2069 770 2102 interdixit,
798 2069 881 2097 futuri
906 2071 1046 2105 prascius.

259 2113 502 2142 Animadvertebat
514 2114 586 2141 enim
604 2116 663 2143 fore
678 2116 767 2151 utqui
786 2116 889 2144 morbis
907 2117 942 2143 ab
956 2117 996 2144 eis
1015 2116 1048 2143 li-

260 2160 433 2195 berarentur,
447 2164 474 2188 et
494 2160 691 2190 insanabilibus
703 2162 781 2190 malis
795 2162 928 2190 immunes
940 2162 1046 2196 ﬁerent,

259 2210 357 2233 cuncta
388 2213 437 2234 sua
460 2207 622 2241 patrimonia
645 2208 678 2235 iis
702 2209 798 2237 cedere
821 2208 932 2237 vellent.
957 2209 1047 2243 Quare

1106 972 1164 997 ποτ’
1173 972 1205 998 ἂν
1220 971 1315 1006 ἰσχύσῃ
1326 973 1427 1007 πεῖσμα
1437 971 1542 1006 βέϐαιον
1559 971 1705 1006 ἐμποιῆσαι
1718 973 1774 1003 τοῖς
1787 972 1894 1006 ἀκροω-

1106 1018 1204 1052 μένοις.
1223 1018 1268 1044 Διὺ
1284 1020 1343 1050 ταῖς
1371 1018 1403 1044 δι’
1422 1018 1510 1053 ἔργων
1531 1017 1752 1052 ὲπιτελουμέναις
1777 1018 1893 1053 πράξεσι

1105 1065 1194 1091 πίστιν
1209 1065 1311 1100 ἐναργῆ
1329 1065 1457 1100 παρεῖχον
1471 1063 1510 1099 τῷ
1532 1063 1701 1099 κηρύγματι.
1718 1064 1749 1090 Εἰ
1768 1064 1832 1099 γοῦν
1845 1064 1894 1099 ψι-

1103 1110 1159 1142 λοῖς
1172 1110 1314 1145 ῥηματίοις
1327 1111 1373 1137 καὶ
1391 1111 1493 1145 φωναῖς
1505 1110 1566 1145 είκῆ
1583 1110 1803 1146 προφερομέναις
1824 1110 1894 1137 Θεοῦ

1105 1156 1240 1190 βασιλείαν
1262 1157 1301 1187 εἰς
1324 1157 1428 1188 πάντας
1445 1156 1541 1188 ἐϐόων,
1556 1156 1704 1183 κατάλυσὶν
1719 1165 1749 1182 τε
1766 1157 1820 1183 τῶν
1840 1166 1895 1184 πα-

1102 1202 1186 1237 τριῶν
1203 1202 1281 1234 θεῶν,
1299 1203 1341 1234 τίς
1355 1202 1387 1229 ἂν
1401 1202 1491 1234 αὐτοῖς
1512 1202 1633 1237 παρέσχε
1648 1202 1694 1229 τὸν
1706 1202 1785 1235 νοῦν;
1798 1203 1856 1230 τίνα
1869 1202 1893 1229 δ’

1102 1248 1134 1274 ἂν
1151 1248 1262 1275 ἔπεισαν
1284 1248 1349 1275 Θεὸν
1366 1247 1435 1275 εἶναι
1455 1248 1501 1275 τὸν
1528 1249 1630 1283 Ἰησοῦν
1653 1249 1890 1283 καταγγέλλοντες,

1104 1295 1236 1330 μηδεμίαν
1261 1296 1290 1321 δὲ
1316 1295 1407 1322 πίστιν
1420 1296 1453 1331 τῇ
1472 1295 1609 1331 μαρτυρίᾳ
1626 1295 1824 1331 προσάγοντες;
1845 1296 1891 1323 At?)

1102 1343 1189 1369 πάντα
1204 1342 1283 1375 λόγον
1300 1341 1404 1373 Θεῖκαίς
1431 1340 1631 1376 προλαμϐάνων
1653 1340 1785 1376 πράξεσιν
1799 1342 1813 1367 ὁ
1834 1342 1891 1368 Σω-

1101 1388 1162 1422 τὴρ,
1178 1387 1275 1422 πρῶτα
1297 1387 1346 1422 μὲν
1369 1386 1595 1421 ἁνεπιτηδεὺτους
1611 1387 1655 1413 τὸν
1681 1387 1790 1422 τρόπον,
1805 1387 1891 1422 λόγων

1100 1442 1130 1459 τε
1146 1434 1192 1459 καὶ
1203 1433 1296 1468 σοφίας
1311 1433 1411 1468 θνητῆς
1433 1433 1562 1468 ἀπείρους
1577 1433 1640 1464 τοὺς
1656 1432 1739 1459 αὑτοῦ
1767 1433 1891 1469 μαθητὰς

1101 1480 1146 1506 ἐπὶ
1161 1479 1327 1515 κατορθώσει
1339 1480 1390 1514 τῆς
1410 1479 1473 1514 ὅλης
1492 1479 1654 1514 οἰκουμένης
1670 1479 1888 1515 προεχειρίζετο·

1100 1527 1216 1553 κᾶπειτα
1227 1526 1352 1557 άλιευτάς
1366 1526 1458 1561 ψυχῶν
1477 1525 1656 1560 ἀνθρωπίνων
1670 1526 1795 1561 ποιήσειν
1820 1534 1889 1561 προ-

1100 1572 1187 1606 φήτας
1204 1572 1310 1603 αὐτοὺς,
1327 1572 1441 1607 ποιητὴς
1461 1571 1540 1602 αὐτὸς
1563 1571 1667 1605 ἐγίνετο
1689 1572 1739 1607 τῆς
1770 1573 1888 1607 ἐπαγγε-

1099 1616 1178 1647 λίας·
1208 1617 1268 1643 ὅθεν
1290 1617 1448 1652 παραδόξων
1474 1616 1619 1652 θαυμάτων
1647 1618 1766 1652 ἐργάτας
1791 1618 1891 1650 αὐτοὺς

1099 1662 1289 1696 ἀπειργάζετο,
1308 1663 1443 1698 ἄγκιστρα
1453 1663 1539 1689 ταῦτα
1555 1663 1648 1699 ψυχῶν
1663 1665 1783 1700 σωτήρια
1801 1674 1890 1701 παρα-

1098 1708 1183 1740 διδοὺς
1197 1708 1294 1739 αὐτοῖς,
1310 1708 1347 1739 ὡς
1358 1709 1390 1734 ἃν
1406 1709 1440 1735 δι’
1458 1709 1547 1735 αὐτῶν
1561 1711 1736 1745 σαγηνεύοιεν
1751 1711 1797 1738 καὶ
1813 1711 1890 1739 ἀνέλ-

1099 1763 1171 1780 κοιεν
1194 1754 1226 1780 ἐκ
1246 1754 1293 1780 τοῦ
1318 1755 1366 1789 τῆς
1399 1755 1495 1787 κακίας
1514 1755 1593 1790 βυθοῦ
1618 1757 1649 1782 τὺ
1678 1756 1774 1792 θνητὸν
1798 1758 1886 1792 γένος,

1099 1800 1240 1835 πνεύματα
1255 1801 1360 1836 πονηρὰ
1371 1801 1574 1835 φυγαδεύοντες,
1591 1802 1637 1829 καὶ
1651 1804 1740 1830 πᾶσαν
1751 1803 1827 1830 νόσον
1840 1803 1889 1831 καὶ

1100 1847 1234 1882 μαλακίαν
1254 1847 1361 1882 ἰώμενοι
1373 1848 1419 1874 ἐπὶ
1430 1848 1479 1883 τῆς
1494 1849 1627 1884 ἐπιταγῆς
1639 1849 1688 1884 τῆς
1701 1850 1798 1876 αὐτοῦ’
1812 1849 1889 1877 οὔπω

1098 1893 1152 1928 γὰρ
1165 1891 1198 1928 ἦν
1218 1893 1329 1929 Πνεῦμα
1343 1894 1494 1929 δεδομένον.

1098 1939 1199 1973 Μηδὲν
1212 1940 1308 1974 αἴρετε
1324 1942 1366 1973 εἰς
1382 1940 1438 1975 τὴν
1463 1942 1548 1985 ρδὸν,
1561 1941 1638 1976 μήτε
1658 1942 1799 1976 ῥάϐδους,
1811 1942 1890 1977 μήτε

1431 1985 1541 2010 πηραν.

1130 2021 1210 2048 Κατὰ
1226 2022 1275 2057 μὲν
1289 2019 1336 2049 οὖν
1357 2022 1404 2049 τὸν
1428 2023 1569 2050 Ματθαῖον
1582 2023 1685 2060 χρυσοῦ
1698 2023 1746 2051 καὶ
1765 2023 1891 2060 ἀργύρου

1097 2068 1145 2095 καὶ
1160 2067 1261 2104 χαλκοῦ
1277 2069 1326 2105 τὴν
1337 2069 1433 2104 κτῆσιν
1450 2069 1541 2101 αὐτοῖς
1554 2070 1719 2106 ἀπηγόρευε,
1737 2069 1887 2106 προγνώσει

1097 2115 1143 2142 τοῦ
1158 2115 1301 2151 μέλλοντος
1311 2123 1319 2131 ·
1341 2114 1464 2151 συνεώρα
1486 2115 1540 2152 γὰρ
1549 2135 1556 2148 ,
1569 2116 1608 2148 ὡς
1621 2116 1675 2152 ἄρα
1689 2116 1714 2142 οἱ
1731 2116 1780 2148 τὰς
1793 2117 1890 2148 νόσους

1097 2162 1143 2188 ὑπ’
1159 2161 1248 2188 αὐτῶν
1262 2161 1531 2197 θεραπευθησόμενοι
1544 2163 1591 2189 καὶ
1606 2163 1661 2190 τῶν
1674 2163 1790 2190 ἀνιάτων
1801 2162 1889 2190 ἁπαλ-

1096 2208 1277 2243 λαγησόμενοι
1298 2207 1402 2240 παθῶν,
1416 2207 1575 2244 ἐθελήσουσι
1596 2209 1644 2235 καὶ
1671 2208 1779 2235 πάντων
1797 2208 1889 2240 αὐτοῖς

259 2252 285 2280 id
308 2259 499 2287 praeccupans
521 2254 697 2289 praecipiebat
720 2263 753 2282 ne
769 2255 884 2290 gratiam
910 2264 1047 2289 caupona-

1101 2255 1151 2282 τῶν
1167 2254 1344 2291 ὑπαρχόντων
1358 2255 1490 2290 ἐκχωρεῖν
1499 2262 1507 2270 ο
1521 2254 1561 2281 διδ
1585 2254 1672 2281 ταῦτα
1686 2253 1829 2291 προλαϐὼν
1848 2254 1890 2281 δι-

258 2303 364 2332 rentur,
385 2306 474 2334 neque
495 2300 565 2327 dona
587 2300 633 2329 Dei
650 2301 756 2329 venalia
781 2302 923 2330 haberent.
943 2301 1043 2330 Verum

257 2346 406 2374 secundum
419 2345 538 2381 reliquos
544 2347 726 2382 evangelistas
735 2348 878 2384 ipsumque
888 2348 1044 2377 Mattlneum

256 2400 310 2420 non
328 2392 420 2420 sinens
431 2400 479 2421 eos
486 2393 602 2429 virgam,
618 2402 707 2430 neque
722 2403 824 2430 peram.
840 2403 929 2431 neque
938 2396 1045 2424 calcea-

257 2442 359 2470 menta,
377 2446 464 2473 neque
480 2439 551 2467 duas
566 2439 673 2468 tunicas
684 2459 693 2473 ,
708 2441 755 2468 sed
770 2448 858 2475 neque
881 2448 977 2475 panem
997 2449 1045 2476 pe-

255 2484 419 2519 cuniamque
435 2490 559 2520 portare,
572 2494 634 2514 cuin
651 2493 763 2523 peregre
777 2492 869 2515 essent
885 2487 1042 2522 profecturi,

256 2528 320 2557 hinc
337 2530 463 2564 capiebat
480 2531 697 2563 experimentum
721 2532 827 2560 illorum
852 2532 913 2561 ﬁdei
936 2538 964 2561 et
985 2533 1044 2560 ala-

256 2575 374 2608 critatis,
389 2576 411 2603 si
428 2576 537 2611 quidem
552 2576 622 2611 jussi
645 2578 846 2613 pauperrimam
862 2579 945 2606 vitam
962 2579 1043 2613 dege-

257 2628 298 2655 re,
313 2630 401 2657 neque
422 2623 507 2657 ipsius
521 2624 672 2659 quotidiani
687 2624 807 2652 alimenti
826 2632 920 2652 curam
935 2631 1040 2659 gerere,

257 2676 346 2704 neque
365 2671 514 2698 secundam
541 2672 659 2708 tunicam
686 2671 807 2705 habere,
831 2679 920 2706 neque
944 2671 1041 2698 calceis

256 2715 308 2747 uti,
325 2720 489 2746 cumtamen
503 2718 659 2746 universum
677 2718 771 2746 orbem
791 2725 938 2754 peragrare
961 2716 1041 2745 debe-

257 2764 328 2793 rent,
355 2762 530 2791 nihilominus
550 2762 626 2798 jussa
643 2764 715 2792 haud
729 2764 922 2792 detrectarent.
941 2761 994 2790 Sed
1014 2766 1042 2790 et

259 2807 329 2839 amni
351 2808 472 2843 pecunia
498 2816 603 2843 amore,
630 2810 829 2844 mundanisque
855 2809 929 2837 curis
946 2814 1041 2837 carere

1097 2301 1245 2334 εστέλλετο,
1259 2300 1297 2336 μὴ
1309 2301 1474 2336 καπηλεύειν
1484 2301 1534 2336 τὴν
1547 2301 1628 2337 χάριν
1644 2301 1711 2337 μηδὲ
1722 2300 1889 2336 πιπράσκειν

1095 2347 1131 2375 τὰ
1141 2348 1173 2374 ὲκ
1193 2347 1260 2374 Θεοῦ
1288 2346 1429 2383 παραινῶν
1455 2346 1545 2383 δῶρα·
1568 2346 1640 2374 κατά
1653 2346 1682 2374 δὲ
1697 2347 1760 2378 τοὺς
1778 2346 1888 2378 λοιποὺς

1096 2395 1143 2421 καὶ
1154 2394 1200 2421 τὸν
1217 2394 1299 2421 αὑτὸν
1313 2394 1452 2421 Ματθαϊον
1466 2393 1503 2429 μὴ
1523 2393 1678 2429 ὲπιτρέπων
1701 2393 1791 2424 αὐτοῖς
1818 2392 1894 2428 μήτε·

1094 2441 1205 2478 ῥάϐδον,
1217 2441 1285 2477 μήτε
1302 2441 1402 2476 πήραν,
1420 2441 1490 2476 μήτε
1507 2439 1679 2475 ὑποδήματα,
1695 2440 1763 2475 μήτε
1777 2438 1823 2465 δύο
1843 2447 1887 2473 χι-

1095 2487 1193 2520 τῶνας,
1210 2486 1280 2513 ἀλλά
1298 2487 1360 2523 μήτ’
1374 2487 1467 2522 ἄρτον,
1488 2486 1557 2522 μήτε
1570 2486 1702 2523 ἀργύριον
1724 2484 1885 2519 ἐπάγεσθαι,

1097 2534 1245 2569 μέλλοντας
1264 2533 1307 2560 ἐπ’
1324 2533 1478 2568 ἀλλοδαπῆς
1508 2533 1675 2564 στέλλεσθαι,
1697 2530 1811 2567 δοκιμὴν
1835 2530 1890 2566 τῆς

1093 2580 1181 2607 αὐτῶν
1196 2579 1315 2612 πίστεώς
1327 2589 1357 2607 τε
1369 2580 1416 2607 καὶ
1428 2579 1582 2617 προθυμίας
1597 2579 1759 2614 ἐλάμϐανεν,
1769 2578 1803 2609 εἰ,
1813 2585 1887 2613 παρα

1092 2626 1270 2662 αγγελθέντες
1294 2627 1341 2654 τὸν
1365 2627 1456 2663 ἄκρως
1472 2627 1614 2662 ἀκτήμονα
1628 2625 1686 2661 βίον
1699 2623 1830 2660 μετιέναι,
1847 2623 1889 2656 ὡς

1095 2672 1163 2708 μηδὲ
1178 2672 1229 2708 τῆς
1244 2673 1383 2709 ἐφημέρου
1400 2672 1504 2709 τροφῆς
1521 2673 1650 2709 πρόνοιαν
1669 2670 1814 2702 ποιεῖσθαι,
1834 2677 1886 2705 μη-

1095 2718 1123 2745 δὲ
1134 2718 1261 2754 δεύτερον
1274 2718 1425 2753 ἐπάγεσθαι
1437 2718 1549 2754 χιτῶνα,
1564 2717 1633 2755 μηδὲ
1645 2716 1799 2752 ὑποδήμασι
1818 2714 1887 2750 χρῆ-

1096 2764 1169 2798 σθαι,
1188 2765 1332 2801 μέλλοντες
1344 2766 1394 2803 τὴν
1409 2766 1555 2802 σύμπασαν
1573 2764 1775 2800 ὲκπερινοστείν
1794 2762 1886 2794 οἰκου-

1094 2810 1191 2847 μένην,
1205 2812 1243 2848 μὴ
1257 2811 1382 2848 φεῠγοιεν
1398 2812 1432 2840 τὰ
1443 2813 1675 2850 παραγγέλματα·
1687 2809 1754 2845 ἀλλὰ
1768 2808 1815 2836 καὶ
1823 2808 1886 2843 ἀφι-

294 2907 318 2927 ⁶⁴
331 2917 391 2947 cap.
405 2917 443 2943 ix,
459 2910 483 2937 i-
512 2910 542 2948 f’
557 2910 634 2940 Joan.
651 2919 699 2946 vn,
712 2911 756 2940 59.
796 2912 817 2928 “
834 2919 893 2948 cap.
911 2920 949 2946 Ix,
965 2913 991 2941 5.
1033 2913 1054 2931 "
1068 2912 1160 2941 Matth.
1185 2921 1213 2946 ι,
1227 2912 1255 2947 9,
