2061 3215
186 164 240 202 ω

768 168 1019 198 ΩΟΠΜΕΝΤᾹΒῙΔ
1037 169 1071 198 IN
1089 169 1216 198 ιυεωι.

1746 167 1798 197 ων

186 230 373 266 λοχρημάτους
385 226 543 263 ἀφρόντιδάς
553 234 583 253 τε
596 226 642 252 τοῦ
654 225 710 261 βίον
729 226 783 253 δεῖν
795 227 891 259 αὐτοὺς
904 225 971 254 εἶναι

1027 234 1070 254 eos
1088 226 1181 254 voluit.
1200 226 1285 254 Porro
1307 228 1396 252 autem
1414 224 1636 257 contestabatur.
1664 225 1720 253 haec
1746 226 1800 254 illis

188 275 356 311 βουλόμενος.
373 273 465 300 Ταῦτα
479 271 688 308 διεμαρτύρατο,
703 272 740 304 ώς
748 272 781 299 ἂν
794 272 849 300 τῶν
860 274 892 299 ἐκ
903 273 970 300 Θεοῦ

185 321 309 357 δομάτων
321 319 406 355 ταύτῃ
419 328 456 355 πη
472 319 563 350 αὐτοῖς
574 317 771 353 δοθησομένων,
789 319 812 345 εί
828 319 875 346 καὶ
895 320 971 346 αὐτοὶ

186 367 252 402 παρ’
269 366 372 392 ἑαυτῶν
387 365 432 391 τὸν
447 364 613 400 κατάλληλον
640 364 696 399 βίον
724 365 834 398 ἐπάξιον
852 366 902 401 τῆς
918 366 971 393 τῶν

187 412 267 439 θείων
281 412 465 447 χαρισμάτων
475 411 598 446 κτήσεως
621 411 855 446 παρασκευάζοιεν
869 421 876 428 ·
887 422 971 448 προσ-

186 459 264 495 ήκειν
294 458 348 494 γάρ
364 457 480 493 ἀμοιὸήν
493 465 552 484 τινα
566 456 729 493 ποιήσασθαι
742 458 789 484 καὶ
812 458 973 486 ἀντικαταλ-

186 504 329 537 λάξασθαι,
341 502 550 538 ὑποδεχομένους
568 503 616 539 μὲν
634 503 709 538 παρά
719 503 766 530 τοῦ
779 503 846 530 Θεοῦ
860 504 909 535 τὰς
922 513 974 531 σω-

187 551 298 586 τηρίους
309 550 356 577 καὶ
366 549 543 585 εὐεργετικάς
554 548 704 583 ἀνθρώπων
718 548 855 584 δυνάμεις,
875 550 973 577 ἀντιδι-

188 596 278 628 δόντες
294 596 322 622 δέ
337 595 411 630 αὐτῷ
424 595 546 630 ὑπακοὴν
560 594 613 621 τῶν
624 594 707 621 αὑτοῦ
723 596 971 631 παραγγελμάτων.

190 642 344 678 προθυμίαν
358 650 388 668 τε
400 641 446 668 καὶ¹
462 640 620 676 προαίρεσιν
642 635 785 675 ἐλευθέραν
797 640 847 676 τῆς
862 641 930 676 πρὸς
940 642 974 668 τά

191 686 304 722 βιωτικά
330 685 510 721 συμπαθείας.
534 685 614 712 Ἀλλὰ
637 686 684 712 καὶ
714 685 828 712 πλοῦτον
851 686 974 721 οὐράνιον

187 734 249 764 ταῖς
261 732 350 760 αὐτῶν
368 732 467 767 ψυχαῖς
486 731 707 766 ὑποδεχομένους,
725 731 775 766 τῆς
791 740 825 758 τε
843 732 890 759 τοῦ
907 732 974 759 Θεοῦ

191 779 329 814 βασιλείας
342 778 498 815 ἀῤῥαϐῶσιν
522 777 762 813 ὲφοδιαζομένους,
774 777 827 804 τῶν
853 778 900 805 ἐπὶ
923 778 975 814 γῆς

185 826 368 861 καταφρονεῖν
377 826 473 860 χρῆναι
489 824 543 851 δεῖν
553 822 620 858 ᾤετο
628 833 636 839 ·
651 824 698 850 καλ¹
708 824 776 859 μήτε
785 824 896 859 χρυσὸν,
908 825 975 860 μήτε

186 871 329 906 χρήματα,
347 871 414 905 μήτε
428 878 454 896 τι
468 869 522 896 τῶν
542 871 608 905 παρ’
625 869 778 905 ἀνθρώποις
802 869 899 905 τιμίων
925 871 975 897 ἐπ-

1021 280 1036 300 a
1058 272 1112 301 Deo
1134 273 1225 311 datum
1243 271 1274 298 iri
1290 271 1369 303 dona,
1384 270 1408 298 si
1423 270 1542 298 vicissim
1560 271 1610 305 ipsi
1626 270 1732 306 dignam
1758 273 1799 299 di-

1021 318 1091 346 vinis
1102 316 1311 345 charismatibus
1325 316 1406 343 vitam
1421 321 1511 343 essent
1526 315 1654 350 ingressi.
1668 315 1800 351 Oportere

1021 362 1092 389 enim
1110 365 1229 388 mutuam
1243 361 1387 396 quamdam
1401 368 1461 388 esse
1475 360 1690 393 retributionem,
1705 369 1801 396 nempe

1022 415 1036 434 a
1056 407 1111 434 Deo
1127 407 1249 440 accipere
1263 406 1409 434 salutarem
1426 411 1508 442 atque
1518 407 1668 434 beneﬁcam
1684 407 1801 435 homini-

1021 452 1072 479 bus
1098 456 1280 486 potestatem.
1309 451 1483 486 vicissimque
1519 452 1591 487 ipsos
1618 452 1800 481 obedientiam

1024 496 1158 523 mandatis
1172 495 1231 530 ejus
1244 496 1385 528 exhibere,
1402 496 1640 531 promptitudinem
1656 503 1684 525 et
1700 504 1802 532 propo—

1023 541 1104 569 situm
1120 542 1193 568 omni
1217 541 1309 569 mundi
1333 541 1429 568 aﬂectu
1450 542 1575 570 liberum.
1590 542 1643 575 Sed
1666 547 1694 570 et
1719 544 1802 571 cmle-

1022 588 1109 615 stibus
1133 588 1230 623 opihus
1258 588 1348 615 animo
1373 588 1505 621 imbutos,
1531 593 1560 617 et
1589 590 1664 623 regni
1689 590 1737 617 Dei
1757 597 1802 617 ar-

1023 634 1081 662 rhis
1103 635 1262 667 instructos,
1278 638 1404 668 oportere
1416 638 1524 662 terrena
1543 634 1684 670 despicere
1697 635 1802 670 judica-

1024 682 1089 709 bat:
1115 689 1202 717 neque
1228 689 1334 713 aurum,
1363 689 1450 716 neque
1479 682 1589 710 divitias
1617 689 1705 716 neque
1729 682 1802 710 aliud

1024 727 1132 762 quidvis
1147 727 1216 762 apud
1232 727 1356 754 homines
1378 726 1528 761 pretiosum
1550 727 1626 763 pensi
1647 729 1801 756 habendum

1024 779 1079 807 prae
1091 772 1191 799 collato
1208 772 1272 806 ipsis
1283 772 1414 799 cmlorum
1432 772 1569 800 thesauro.
1587 773 1640 800 Sed
1655 779 1682 801 et
1703 775 1803 802 milites

1026 818 1134 845 eosdem
1152 818 1227 853 regni
1248 818 1295 844 Dei
1309 818 1499 851 conscribens,
1519 818 1659 852 expeditos
1680 826 1739 846 esse
1755 827 1803 846 cu-

1027 864 1104 892 rabat
1131 864 1165 892 ad
1191 864 1411 892 committendum
1435 871 1496 891 cum
1521 865 1645 892 hostibus
1666 865 1802 900 proelium.

186 917 264 950 ἀξιον
280 917 406 952 ἡγεῖσθαι
428 915 475 942 τοῦ
491 915 709 951 παραηεθέντος
721 916 825 949 καύτοῖς
850 916 974 952 οὐρανίου

1027 909 1172 944 Propterea
1184 908 1243 936 sine
1253 909 1416 943 patrimonio
1423 916 1484 936 esse
1491 909 1597 938 volebat
1609 910 1708 938 milites
1721 918 1783 938 suos
1793 921 1800 938 :

188 963 313 990 πλούτου.
338 962 416 989 Ἀλλά
431 963 478 988 καὶ
489 961 656 997 στρατιώτας
673 962 771 993 αὐτοὺς
782 962 832 997 τῆς
844 962 890 989 τοῦ
904 963 971 990 Θεοῦ

186 1009 326 1045 βασιλείας
339 1008 488 1039 ἀποτελῶν,
501 1007 635 1039 εὐζώνους
649 1007 853 1043 παρεσκεύαζεν
866 1009 912 1035 ἐπὶ
927 1009 972 1036 τὸν

1024 954 1121 982 etenim
1140 954 1222 981 Nemo
1241 954 1358 981 militum
1378 953 1493 988 implicat
1513 962 1540 982 se
1566 956 1657 982 mundi
1675 956 1802 991 negotiis,

1025 1004 1053 1027 ut
1068 1000 1103 1032 ei,
1120 1008 1135 1027 α
1149 1007 1199 1035 quo
1216 1000 1377 1034 conscriptus
1390 1000 1454 1035 fuit,
1470 1000 1571 1036 placeat
1585 1001 1620 1030 ⁷⁸.

191 1056 261 1091 πρὸς
283 1057 346 1087 τοὺς
371 1055 573 1090 ἀντικειμένους
589 1055 716 1090 πόλεμον.
742 1054 791 1081 Διά
821 1054 906 1081 ταῦτα
939 1056 1092 1092 ἀκτήμονας
1115 1054 1182 1084 εἶναι
1209 1056 1324 1093 παρῄνει
1344 1058 1407 1089 τοὺς
1430 1058 1512 1085 αὐτοῦ
1531 1058 1716 1094 στρατιώτας·
1744 1060 1804 1087 ἐπεὶ

191 1101 304 1137 Μηδεὶς
315 1101 552 1136 στρατευόμενος
567 1099 745 1142 suadeam:
755 1100 821 1133 ταῖς
835 1101 887 1127 τοῦ
893 1102 965 1133 ,ϐίον
978 1103 1197 1137 πραγματείαις,
1212 1103 1261 1130 ἵνα
1271 1102 1310 1135 τῷ
1325 1103 1599 1138 στρατολογήσαντι
1607 1103 1714 1139 ἀρέσῃ.

228 1147 282 1175 Καὶ
294 1149 337 1181 εἰς
349 1146 390 1180 ἢν
404 1147 442 1174 ἂν
450 1147 549 1174 οὶκίαν
565 1137 735 1180 ἐισέξλθητε,
748 1146 811 1173 ἐκεῖ
825 1146 940 1181 μένετε.

233 1194 262 1221 '0
279 1194 370 1229 μέντοι
385 1192 495 1228 Κύριος,
511 1192 604 1227 ἐπειδὴ
625 1192 773 1227 χρημάτων
804 1193 852 1219 καὶ
876 1193 974 1229 χρυσοῦ

188 1239 237 1267 καὶ
252 1239 372 1275 ἀργύρου
389 1238 436 1265 καὶ
450 1238 562 1274 χιτῶνος
577 1238 713 1274 δευτέρου,
730 1238 821 1275 πάσης
834 1248 865 1266 τε
887 1240 976 1277 ὑπάρ-

189 1286 257 1320 ξεως
275 1286 324 1321 τὴν
342 1285 436 1320 κτῆσιν
453 1286 508 1316 τοῖς
529 1284 662 1320 μαθηταῖς
688 1285 885 1321 ἀπηγόρευσεν,
912 1286 977 1321 ἐξῆς

188 1331 343 1364 ἀκολούθως
356 1331 427 1358 κατὰ
439 1330 486 1358 τὸν
500 1330 646 1364 Ματθαῖον,
662 1331 736 1363 ὅπως
744 1331 779 1358 τὰ
791 1331 859 1367 πρὸς
874 1332 976 1368 τροφὴν

190 1380 281 1411 αὐτοῖς
299 1378 501 1414 πορισθήσεται,
513 1377 669 1411 ἀναγκαίως
682 1377 804 1412 διεσάφει
815 1385 822 1392 ο
833 1377 873 1403 διὸ
891 1377 976 1412 ἐπῆγε

188 1425 276 1459 λέγων
287 1433 294 1440 ·
312 1424 409 1456 Ἄξιος
429 1425 445 1450 ὁ
465 1423 590 1457 ὲρττὶτης
604 1421 658 1457 τῆς
673 1422 785 1457 τροφῆς
804 1422 908 1449 αὑτοῦ.
921 1423 977 1450 Καὶ

188 1471 261 1498 τοῦτ’
275 1471 351 1505 ἔλεγε
369 1470 471 1506 τροφῆς
499 1469 582 1505 μόνης
596 1469 751 1505 ἐπιτρέπων
773 1470 909 1496 κοινωνεῖν
921 1469 977 1500 τοῖς

191 1517 327 1544 ἐθέλουσιν
347 1517 437 1547 αὐτοῖς
464 1515 645 1551 μεταδιδόναι·
673 1515 800 1542 τοσοῦτον
829 1516 852 1542 δ’
875 1515 977 1550 ἀποφέ-

191 1563 286 1600 ρεσθαι
316 1561 471 1597 συνεχώρει,
486 1561 547 1588 ὅσον
571 1560 706 1596 αὔταρκες
731 1558 765 1596 ἦν
792 1560 879 1596 ἀνδρὶ,
907 1560 978 1596 πρὸς

192 1610 329 1646 ἐφήμερον
340 1608 470 1644 ἐργασίαν
481 1606 575 1634 ἐαυτὸν
594 1606 775 1642 μεμισθωκότι
785 1627 792 1639 ,
808 1607 911 1642 τροφῆς
932 1615 979 1642 με-

193 1656 329 1682 ταλαδεῖν.
348 1654 425 1681 οὕτω
442 1653 507 1688 γοῦν
523 1654 571 1680 καὶ
588 1654 645 1684 τοῖς
657 1653 685 1679 δε
701 1652 800 1686 ἐξεῖναι
814 1653 844 1679 οὺ
866 1652 978 1688 μισθοὺς

194 1701 248 1727 τῶν
259 1699 422 1737 εὐεργεσιῶν
437 1698 658 1735 εἰσπράττεσθαι,
673 1699 789 1733 Δωρεὰν
800 1699 866 1734 γὰρ,
885 1700 977 1734 φησιν,

194 1747 325 1778 ἐλάϐετε,
343 1746 455 1780 δωρεὰν
468 1745 550 1772 δότε·
567 1745 627 1772 ἀντὶ
643 1745 671 1772 δὲ
684 1745 735 1780 τῆς
761 1745 825 1780 περὶ
845 1744 875 1771 τὸ
894 1744 980 1780 κήρυ-

1025 1149 1048 1165 “
1058 1149 1091 1176 Et
1105 1150 1133 1176 in
1146 1157 1325 1184 quamcunque
1337 1150 1444 1176 domum
1458 1149 1626 1183 intraveritis,
1641 1150 1678 1177 ibi
1690 1155 1804 1177 ntanete.

1061 1196 1190 1224 Dominus
1203 1195 1310 1231 quidem
1322 1201 1463 1231 postquam
1477 1196 1630 1232 divitiarum
1647 1201 1675 1224 et
1686 1197 1744 1224 auri
1760 1202 1804 1224 at-

1026 1248 1080 1277 que
1095 1246 1212 1276 argenti,
1226 1241 1396 1275 duplicisque
1413 1241 1520 1274 tunicae,
1541 1246 1569 1269 et
1585 1241 1728 1276 cujuslibet
1741 1243 1805 1270 sub-

1026 1288 1132 1316 stantiae
1148 1287 1346 1322 possessionem
1370 1287 1508 1323 discipulis
1529 1292 1670 1320 vetuerat;
1696 1288 1805 1320 deinde,

1027 1338 1057 1361 ut
1071 1334 1194 1368 sequitur
1215 1332 1286 1368 apud
1300 1332 1453 1360 Matthzeum
1466 1333 1501 1366 τ’,
1521 1335 1656 1368 quomodo
1677 1333 1805 1361 alimenta

1028 1379 1147 1407 habituri
1167 1378 1232 1410 sint,
1247 1377 1401 1405 necessario
1415 1377 1618 1405 demonstravit.
1637 1378 1699 1406 Ideo
1714 1378 1805 1405 dicere

1027 1425 1166 1461 perrexit:
1195 1424 1293 1459 Dignus
1304 1427 1341 1450 est
1355 1424 1490 1459 operarius
1508 1423 1632 1451 alimenta
1652 1431 1708 1451 suo.
1723 1422 1806 1458 quue

1028 1472 1128 1503 aiebat,
1145 1470 1239 1498 volens
1256 1470 1413 1498 alimoniam
1434 1471 1622 1498 tantummodo
1643 1470 1807 1505 participare

1028 1517 1061 1544 ab
1077 1516 1110 1544 iis
1123 1515 1167 1551 qui
1183 1516 1272 1543 daturi
1286 1519 1383 1543 erant:
1404 1520 1561 1549 tantumque
1572 1521 1678 1542 sumere
1694 1514 1807 1549 permit-

1029 1561 1121 1592 tebat,
1140 1564 1270 1594 quantum
1285 1559 1446 1587 nutrimenli
1466 1559 1568 1586 homini
1583 1559 1617 1586 ob
1632 1559 1721 1586 diurni
1738 1566 1807 1594 ope-

1029 1607 1068 1634 ris
1084 1606 1236 1634 mercedem
1255 1606 1321 1634 satis
1334 1610 1375 1633 est
1388 1606 1523 1641 accipere.
1540 1605 1586 1634 Sic
1597 1613 1662 1641 ergo
1683 1606 1726 1634 his
1738 1614 1807 1642 quo-

1029 1658 1081 1686 que
1109 1650 1192 1679 licere
1216 1650 1288 1678 haud
1317 1658 1384 1678 sane
1409 1651 1532 1679 beneﬁcii
1561 1651 1806 1679 remunerationem

1029 1697 1148 1733 exigere,
1162 1697 1250 1725 Gratis
1263 1697 1332 1724 enim
1344 1696 1489 1730 accepistis.
1509 1696 1607 1731 inquit,
1628 1697 1709 1732 gratis
1720 1697 1807 1730 'dale;

1031 1744 1078 1772 sed
1097 1750 1146 1778 pro
1167 1743 1288 1777 impensa
1303 1742 1503 1777 praedicationis
1518 1749 1610 1776 opera,
1628 1749 1731 1777 proque
1745 1749 1806 1776 cor-

194 1802 252 1829 γμα
267 1793 364 1828 σχολῆς
376 1801 405 1819 τε
414 1792 460 1818 καὶ
471 1792 610 1828 ἐργασίας,
624 1791 683 1818 ἀντί
699 1800 729 1818 τε
747 1791 800 1818 τῶν
816 1790 904 1818 πόνων
931 1790 977 1817 τοῦ

1030 1789 1168 1825 poralibus
1182 1788 1332 1822 laboribus,
1346 1795 1413 1822 quos
1423 1788 1457 1815 ab
1468 1787 1501 1815 iis
1515 1787 1646 1815 exantlari
1658 1788 1684 1815 in
1702 1792 1806 1815 tantam

153 1856 156 1859 ~
197 1839 332 1875 σώματος,
349 1837 395 1870 οὓς
409 1837 543 1873 τοσαύτην
560 1837 750 1873 στελλομένους
776 1837 889 1873 πορείαν
905 1836 978 1868 είκὸς

195 1883 230 1921 ἦν
254 1883 398 1919 ὑπομένειν
422 1883 528 1915 αὐτοὺς,
545 1883 628 1919 μόνης
641 1883 743 1919 τροφῆς
755 1884 804 1918 τῆς
827 1882 978 1917 ἀναγκαίας

195 1932 294 1967 χρῆναι
313 1928 525 1965 μεταλαμϐάνειν
538 1937 544 1944 ·
560 1929 607 1955 καὶ
620 1929 719 1965 ταύτης
738 1928 774 1964 μὴ
789 1930 844 1960 τοῖς
867 1929 978 1964 τυχοῦσι

195 1978 343 2007 κοινωνεῖν,
358 1975 424 2011 μηδέ
435 1974 509 2010 παρά
521 1975 573 2001 τῶν
585 1974 714 2010 παρέχειν
726 1974 868 2001 ἐθελόντων
879 1974 980 2001 ἀϐασα-

194 2024 294 2054 νίστως
317 2021 476 2057 λαμϐάνειν,
500 2020 596 2056 μόνους
623 2020 652 2047 δέ
677 2020 737 2052 τοὺς
753 2019 843 2051 ἀξίους
852 2021 885 2056 τῇ
900 2020 980 2055 λήψει

194 2070 278 2105 τιμᾷν
288 2078 294 2084 ·
308 2065 348 2100 οἷς
363 2067 409 2094 καὶ
432 2066 562 2102 μεγίστην
578 2066 695 2101 ἀμοιϐὴν
713 2066 762 2101 τῆς
785 2065 887 2101 τροφῆς
912 2074 980 2101 προ-

195 2115 382 2151 λαμϐάνοντας
393 2112 560 2145 ἀντιδιδόναι,
572 2112 684 2148 είρήνην
696 2112 787 2143 αὐτοῖς
802 2112 848 2138 καὶ
863 2112 912 2144 τὰς
933 2110 979 2138 τοῦ

194 2160 260 2188 Θεοῦ
277 2160 422 2194 διαλλαγὰς
436 2158 703 2194 εὐαγγελιζομένους.
717 2157 810 2185 Ταῦτα
825 2158 847 2184 δ’
866 2157 979 2185 ἀκολού-

195 2207 249 2239 θως
262 2208 318 2238 τοῖς
330 2206 378 2242 τῆς
394 2205 476 2232 αὑτοῦ
491 2204 629 2240 βασιλείας
645 2203 824 2240 στρατιώταις
846 2203 978 2240 παρῄνει·

194 2250 471 2288 προμαρτυρούμενος
488 2250 524 2286 μὴ
539 2250 689 2286 χρημάτων
706 2249 840 2285 ἐφίεσθαι,
857 2250 924 2285 μηδὲ
940 2258 981 2277 τι-

194 2307 240 2330 νος
263 2298 293 2325 τὸ
317 2297 446 2334 παράπαν
470 2297 609 2332 κτήματος
634 2296 732 2332 μικροῦ
751 2295 768 2331 ἢ
796 2295 926 2331 μεγάλου,
940 2296 980 2327 είς

194 2344 279 2380 ἄκρον
294 2344 316 2370 δ’
337 2343 458 2371 ἐλαύνειν
482 2342 687 2378 ἀκτημοσύνηςν
706 2342 757 2377 τῆς
782 2350 812 2368 τε
843 2341 980 2378 ἐφημέρου

194 2390 297 2427 τροφῆς
311 2390 347 2426 μὴ
359 2391 414 2422 τοῖς
428 2390 521 2419 πᾶσιν,
533 2389 550 2425 ἢ
564 2389 620 2420 τοῖς
631 2388 717 2421 ἀξίοις
731 2387 821 2423 μόνοις
833 2388 978 2415 κοινωνεῖν·

195 2438 243 2464 καὶ
263 2437 330 2473 μηδὲ
349 2436 424 2471 παρά
436 2435 537 2462 τούτων
551 2435 651 2470 προῖκα
666 2433 798 2461 ποιεῖσθαι
825 2433 874 2468 τὴν
899 2432 980 2468 μετά-
995 2454 1017 2482 D

194 2482 291 2519 λῆψιν,
316 2481 543 2518 προδανείσαντας
569 2481 598 2507 δέ
625 2480 672 2507 καὶ
694 2480 979 2516 προενεργετήσαντας

194 2530 254 2560 ταῖς
266 2528 330 2563 παρ’
342 2527 445 2554 ἑαυτῶν
462 2526 606 2561 εὐλογίαις.
622 2542 656 2547 ——
668 2524 842 2561 Περιφράξας
854 2526 915 2556 τοὺς
931 2533 980 2560 μα·

195 2574 279 2610 θητὰς
291 2575 305 2600 ὁ
320 2572 421 2609 Κύριος
438 2572 538 2605 ἐνθέοις
553 2572 682 2608 δυνάμεσι
693 2571 740 2598 καὶ
755 2572 811 2603 τοῖς
824 2571 978 2605 φιλοσόφοις

194 2621 397 2658 παραινέσεσιν,
415 2619 546 2652 εὐζώνους
562 2619 660 2651 αὐτοὺς
676 2616 719 2646 οἷα
745 2618 812 2645 Θεοῦ
841 2617 979 2653 βασιλείας

196 2668 364 2703 στρατιώτας
384 2666 609 2702 ἀπεργασάμενος
631 2664 778 2701 ἐξέπεμψε,
806 2664 980 2695 διδασκάλους

193 2713 241 2741 καὶ
254 2714 361 2749 ίατροὺς
372 2714 428 2744 τοῖς
446 2711 592 2743 Ἰουδαίοις,
608 2710 710 2746 μυρίων
725 2710 815 2741 αὐτοῖς
833 2708 976 2743 ἐσομένους

194 2759 305 2794 ἀγαθῶν
323 2759 466 2796 προξένους
480 2759 527 2785 καὶ
541 2758 673 2792 κήρυκας.
690 2757 720 2783 Οί
745 2756 773 2782 δέ
793 2755 863 2782 κατὰ
892 2753 978 2780 ταῦτα

194 2805 312 2838 ἐποίουν,
328 2805 375 2832 καὶ
391 2803 528 2840 πανταχοῦ
546 2802 701 2839 περιῄεσαν,
715 2801 751 2833 ὡς
766 2801 814 2837 μὲν
826 2799 979 2828 διδάσκαλοι

233 2896 256 2913 ⁷⁸
270 2895 291 2925 ll
303 2896 374 2925 Tim.
389 2903 418 2932 ιι,
433 2895 477 2925 ιο.
512 2895 534 2913 ⁷⁸
546 2901 608 2931 cap.
629 2900 668 2928 Ix,
680 2892 708 2921 4.
742 2891 764 2909 ⁷·
777 2891 872 2921 Matth.
884 2899 911 2926 ι,
927 2889 968 2919 ιο.

1029 1835 1226 1871 expeditionem
1244 1833 1334 1862 missis
1347 1840 1414 1867 opus
1431 1837 1500 1866 erat,
1515 1832 1586 1860 aliud
1601 1833 1667 1860 nihil
1681 1838 1807 1868 oportere

1030 1887 1110 1915 quam
1125 1879 1304 1907 necessariam
1320 1878 1474 1905 alimoniam
1488 1878 1625 1912 accipere:
1643 1882 1724 1913 atque
1736 1878 1807 1906 hanc

1031 1927 1118 1962 ipsam
1144 1933 1198 1953 non
1221 1925 1255 1952 ab
1277 1925 1402 1953 omnibus
1425 1923 1609 1951 indiﬂ‘erenter
1631 1930 1740 1951 sumere
1760 1924 1806 1959 qui

1030 1973 1094 2000 dare
1115 1972 1225 2004 vellent,
1239 1971 1286 1999 sed
1302 1978 1349 1998 eos
1366 1969 1551 1997 tantummodo
1565 1970 1615 1997 hac
1631 1969 1751 1997 muneris
1766 1977 1809 1997 ac-

1029 2018 1155 2053 ceptione
1183 2018 1319 2045 honorare
1342 2016 1389 2051 qui
1410 2016 1482 2050 digni
1506 2019 1608 2048 essent,
1628 2020 1657 2043 et
1682 2015 1728 2050 qui
1749 2023 1810 2043 ma-

1030 2065 1131 2091 ximam
1150 2063 1206 2098 jam
1222 2062 1333 2098 {pridem
1349 2062 1404 2090 dati
1423 2061 1476 2089 cibi
1500 2061 1744 2089 remunerationem
1762 2069 1809 2089 ac-

1030 2109 1167 2144 cepissent
1189 2108 1224 2135 ab
1244 2108 1278 2135 iis
1301 2107 1347 2142 qui
1367 2113 1460 2142 pacem
1474 2111 1502 2134 et
1525 2114 1586 2134 cum
1609 2107 1664 2134 Deo
1686 2107 1809 2135 reconci-

1029 2155 1168 2183 liationem
1182 2153 1380 2189 evangelizant.
1394 2152 1457 2180 Haec
1484 2157 1665 2181 consentanea
1680 2152 1754 2188 regni
1767 2152 1811 2181 sui

1031 2201 1165 2229 militibus
1194 2201 1339 2233 monebat;
1360 2203 1473 2227 testatus
1492 2203 1590 2231 antea,
1607 2206 1661 2226 non
1683 2204 1810 2233 oportere

1030 2246 1126 2281 opibus
1140 2246 1255 2278 inhiare,
1278 2251 1327 2272 nec
1341 2243 1484 2278 cuiuslibet
1498 2244 1609 2272 omnino
1625 2243 1683 2272 sive
1704 2250 1810 2279 magna:

1032 2292 1090 2320 sive
1105 2292 1194 2319 tenuis
1213 2291 1253 2318 rei
1272 2290 1434 2326 possessioni
1448 2298 1456 2323 ;
1473 2290 1519 2317 sed
1535 2293 1717 2324 paupertatem
1732 2296 1810 2316 sum-

1032 2346 1103 2366 mam
1118 2339 1226 2366 sectari.
1240 2337 1311 2371 Quin
1329 2337 1407 2369 adeo.
1420 2340 1450 2363 ut
1471 2336 1586 2363 diximus
1597 2354 1605 2367 ,
1626 2342 1659 2362 ne
1676 2335 1810 2369 quotidia-

1033 2392 1096 2413 num
1111 2384 1219 2419 quidem
1241 2384 1341 2411 victum
1356 2383 1390 2410 ab
1403 2381 1527 2410 omnibus
1546 2380 1742 2413 indiﬂ'ereuter,
1762 2380 1810 2408 sed

1032 2437 1047 2457 a
1068 2430 1156 2465 dignis
1177 2434 1280 2456 tantum
1306 2428 1491 2464 participare;
1511 2433 1605 2462 neque
1624 2424 1697 2454 hunc
1721 2426 1809 2461 ipsum

1031 2476 1164 2512 gratuito.
1179 2475 1227 2503 sed
1242 2482 1325 2510 opera
1342 2475 1369 2502 in
1382 2478 1552 2501 an:ecessum
1567 2471 1697 2507 praestita,
1715 2476 1744 2499 et
1763 2471 1810 2498 im-

1031 2522 1139 2557 pertitis
1157 2521 1214 2549 suis
1227 2529 1290 2556 erga
1311 2520 1372 2548 illos
1387 2518 1629 2547 benedictionibus.
1641 2531 1676 2538 —
1691 2516 1737 2544 Sic
1761 2517 1811 2543 ita-

1032 2577 1085 2604 que
1099 2576 1215 2604 superna
1239 2568 1359 2603 potentia
1374 2572 1401 2595 et
1426 2565 1591 2601 sapientibus
1614 2563 1810 2591 adhortationi-

1032 2616 1083 2643 bus
1102 2615 1283 2643 commonitos
1304 2613 1459 2649 discipulos.
1482 2611 1673 2646 expeditosque
1691 2608 1747 2643 jam
1763 2608 1810 2636 Dei

1033 2660 1108 2696 regni
1129 2659 1227 2687 milites
1241 2658 1414 2690 constitutos,
1441 2656 1514 2684 misit
1541 2662 1588 2682 eos
1612 2654 1755 2687 magistros
1778 2660 1811 2679 ac

1030 2707 1149 2734 medicos
1169 2705 1204 2733 ad
1224 2705 1341 2736 Judaeos,
1360 2708 1389 2731 ut
1410 2703 1453 2730 his
1475 2699 1710 2729 innumerabilium
1725 2699 1811 2726 bono-

1032 2760 1090 2780 rum
1109 2751 1195 2779 nuntii
1221 2754 1311 2778 essent
1325 2754 1406 2784 atque
1421 2748 1538 2775 datores.
1563 2745 1594 2773 Ili
1612 2752 1675 2772 vero
1695 2744 1731 2772 ila
1748 2751 1811 2779 ege-

1031 2803 1112 2832 runt,
1135 2803 1163 2827 ct
1186 2803 1388 2832 quaquerersus
1414 2794 1597 2822 discurrentes
1614 2799 1663 2821 ceu
1689 2789 1811 2826 magistri
