2061 3215
287 190 340 219 547

620 184 753 212 EUSEBII
773 181 1011 211 (LESARIENSIS
1027 181 1103 210 OPP.
1123 182 1214 210 PARS
1234 181 1276 210 Ill.
1294 187 1330 201 ‘—
1348 179 1554 209 EXEGETICA.

1856 171 1907 208 5&8

287 244 520 280 evangelitabant.
537 249 587 269 ceu
611 241 707 268 medici
727 239 869 270 sanabant,
884 243 912 265 et
932 245 1064 266 sermones

1121 238 1366 273 εὐαγγελιζόμενοι.
1378 237 1415 268 ὡς
1427 237 1456 263 δὲ
1472 237 1558 272 ἰατροὶ
1569 235 1778 271 θεραπεύοντες.
1788 235 1835 262 καὶ
1848 239 1908 268 τοὺς

288 298 352 319 suos
373 289 500 325 operibus
517 287 705 321 miraeulisque
720 285 928 313 conﬁrmabant.

358 357 380 373 ⁷³
397 356 503 383 Audiuit
522 360 607 381 autem
631 353 746 380 Herodes
766 353 896 380 latrare/iu
911 353 999 380 omnia

542 397 600 424 quae
610 388 707 423 fiebant
727 388 759 414 ab
773 396 813 416 eo.

326 459 381 487 Sub
399 457 553 486 Servatoris
570 456 712 484 adventum
734 455 789 490 jam
803 455 964 483 dissolutum
982 455 1071 484 fuerat

284 503 388 532 'Judazls
411 503 511 530 avitum
536 509 658 536 regnum,
679 500 840 527 dissolutum
855 500 938 527 etiam
960 501 1070 536 proprio

287 550 347 583 jure
367 549 474 575 vivendi
501 547 682 582 privilegium,
704 550 731 572 et
752 545 875 578 libertas,
895 552 927 573 ac
949 546 1071 581 regulare

289 594 479 622 sacerdotium.
504 592 537 619 Et
560 591 673 627 legitimi
697 591 806 625 quidem
840 590 975 625 principes
1005 590 1069 618 nulli

284 645 376 672 erant.
400 640 446 666 sed
465 638 588 666 Herodes
602 638 714 672 ejusque
739 637 814 664 liberi
837 637 970 671 Agrippas
989 641 1071 671 atque

288 685 447 717 Archelaus,
459 692 557 720 genere
571 683 703 713 extranei.
717 690 731 709 κ
745 682 874 710 Romanis
887 682 1032 717 imperium
1042 683 1069 709 in

286 731 395 760 Iudaeos
410 735 592 766 acceperant;
613 736 727 764 quorum
750 729 824 763 regio
847 729 873 755 in
896 728 1069 756 tetrarchiam

288 778 376 806 fuerat
397 778 501 810 divisa,
525 781 634 810 totaque
654 782 721 810 gens
742 774 874 802 Romanis
889 779 948 802 erat
971 774 1070 809 stipen-

289 824 385 854 diaria.
401 822 582 857 quaestoribus
598 827 708 848 censum
725 827 774 854 per
791 820 895 855 singula
908 820 997 854 capita
1014 824 1067 846 sta-

290 873 346 895 tuto
364 873 486 902 tempore
502 866 672 901 exigentibus
689 866 798 893 militari
811 873 904 892 manu.
922 864 1068 900 Propterea

1123 285 1217 320 λόγους
1229 284 1272 310 διὰ
1284 283 1338 310 τῶν
1354 283 1441 319 ἔργων
1455 282 1503 309 καὶ
1520 282 1573 308 τῶν
1589 281 1711 317 σημείων
1724 281 1906 316 πιστούμενοι.

1124 351 1250 378 Ἠκουσε
1265 349 1299 376 δὲ
1309 348 1437 392 Ἡρώδης
1452 350 1467 375 ὁ
1481 348 1643 389 ςετρςὶρχης
1655 349 1691 374 τὰ
1704 348 1846 382 γιγόμενα
1859 347 1907 374 ὑπ’

1405 392 1497 410 αυτου
1514 392 1622 410 narra.

1160 453 1221 479 Ἐπὶ
1243 452 1294 486 τῆς
1321 451 1472 486 παρουσίας
1497 450 1544 476 τοῦ
1570 450 1713 485 Σωτῆρος,
1738 448 1831 475 λέλυτο
1859 448 1905 484 μὲν

1127 498 1261 529 Ἰουδαίοις
1273 497 1324 534 ἢδη
1335 496 1427 523 λοιπὸν
1440 496 1475 522 τὰ
1483 496 1532 531 τῆς
1545 496 1578 522 ἐκ
1593 495 1733 530 προγόνων
1750 495 1888 529 βασιλείας
1897 502 1905 510 ·

1121 544 1214 571 λέλυτο
1239 543 1268 570 δὲ
1294 543 1328 570 τὰ
1353 543 1403 576 τῆς
1417 541 1579 577 αὐτονομίας
1593 542 1639 568 καὶ
1651 540 1815 576 ἐλευθερίας,
1831 541 1864 568 τά
1876 549 1905 567 τε

1119 589 1169 623 τῆς
1182 587 1311 623 ἐνθέσμου
1326 586 1483 623 ἱερωσύνης.
1497 586 1552 613 Καὶ
1561 587 1584 612 οἰ
1604 586 1651 621 μὲν
1665 585 1735 612 κατά
1747 585 1844 620 νόμους
1857 586 1905 621 ἄρ-

1120 642 1211 669 χοντες
1223 633 1313 660 οὐκέτι
1328 630 1396 668 ἦσαν
1409 632 1498 663 αὐτοῖς
1508 640 1516 648 ·
1541 631 1663 666 Ἡρώδης
1679 631 1707 657 δὲ
1726 631 1773 657 καὶ
1799 631 1824 657 οἱ
1844 631 1904 656 τού-

1119 690 1166 708 του
1182 681 1274 713 παῖδες
1296 681 1447 716 Ἀγριππας
1459 680 1505 706 καὶ
1525 679 1681 715 Ἀρχέλαος,
1695 679 1726 705 τὸ
1737 678 1816 713 γένος
1827 677 1905 704 ἀλλό-

1120 727 1206 762 φυλοι,
1219 727 1294 763 παρὰ
1313 727 1455 762 Ῥωμαίων
1470 727 1520 762 τὴν
1539 726 1599 753 κατ’
1623 725 1712 752 αὐτῶν
1733 723 1803 760 ἦσαν
1821 723 1905 759 ἀρχὴν

1120 772 1368 809 ἔγκεχειρισμένοι·
1385 772 1495 808 διῄρητό
1507 780 1536 798 τε
1551 772 1591 802 εἰς
1610 770 1772 806 τετραρχίαν
1790 771 1807 805 ἡ
1828 768 1905 804 χώρα

1119 819 1220 847 αὐτῶν·
1235 820 1266 846 τό
1283 828 1313 846 τε
1335 820 1389 846 πᾶν
1404 819 1480 850 ἔθνος
1497 818 1632 854 ὑπόφορον
1647 816 1820 853 καθειστήκει
1838 817 1904 845 Ῥω-

1122 867 1221 901 μαίοις,
1236 866 1282 892 τὸν
1299 865 1397 900 κῆνσον
1414 865 1485 892 κατὰ
1508 863 1627 900 κεφαλὴν
1653 864 1807 899 ἐπιτρόπων
1835 863 1905 890 κατὰ

289 921 349 941 cum
370 913 415 940 Dei
443 920 552 947 regnum
576 911 678 939 Iudaeis
703 912 790 946 primo
814 911 961 946 pmdicare
985 910 1064 945 jussit

1117 912 1229 947 καιροὺς
1244 911 1482 946 εῖσπραττομένων
1498 911 1547 937 σὺν
1561 911 1632 946 χειρὶ
1643 911 1836 946 στρατιωτικῇ.
1847 909 1903 941 Διὸ,

287 959 432 994 discipulos
450 966 523 991 suos,
539 963 672 992 pereuntes
698 965 755 984 ove:
777 958 872 984 domus
893 956 1001 984 [ametis
1020 956 1064 984 Ju-

1120 957 1170 991 τῆς
1183 956 1229 982 τοῦ
1244 955 1311 982 Θεοῦ
1324 955 1458 990 βασιλείας
1478 955 1507 981 τὸ
1525 956 1656 991 κήρυγμα
1675 954 1793 990 πρώτοις
1814 955 1905 985 αὐτοῖς

289 1005 361 1032 dzeos
374 1004 513 1039 appellavit
529 1004 562 1029 ⁷⁸.

1121 1003 1297 1037 ἐπαγγέλλειν
1309 1002 1323 1028 ό
1340 1002 1435 1038 Σωτὴρ
1451 1003 1506 1034 τοῖς
1522 1001 1604 1028 αὑτοῦ
1620 1001 1755 1037 μαθηταῖς
1782 1010 1904 1036 παρακε-

287 1053 459 1088 λευσάμενος,
479 1052 661 1079 ’ἀπολωλότα
679 1051 812 1085 πρόϐατα
837 1049 922 1077 οἴκου
944 1050 1067 1084 Ἰσραὴλ
1084 1051 1183 1082 αὐτοὺς
1200 1051 1336 1086 ὠνόμασε.
1372 1074 1374 1076 τ

286 1121 309 1138 ⁷⁸
323 1121 393 1148 Nam
409 1121 454 1156 qui
478 1119 722 1156 nie'erubucrittel
740 1127 809 1156 mea:
830 1125 978 1151 sermones,
998 1118 1068 1145 hunc

490 1154 576 1181 Filius
594 1154 706 1180 hominis
727 1154 868 1181 erubescet.

321 1212 369 1240 His
386 1211 533 1246 peroratis,
552 1209 622 1244 quod
651 1215 748 1243 nempe
770 1207 916 1243 discipulos
931 1211 1069 1243 oporteret

287 1259 434 1286 imitatores
446 1256 531 1290 ipsius
550 1255 619 1286 ﬁeri,
632 1262 719 1289 neque
733 1259 845 1281 mortem
864 1253 1004 1288 defugere,
1022 1261 1069 1281 ne-

286 1311 339 1339 que
361 1303 458 1329 animae
479 1301 592 1336 propria:
604 1302 719 1335 vitaeque
734 1306 846 1334 parcere
866 1305 976 1334 propter
991 1307 1067 1334 spem

287 1349 313 1376 in
325 1349 432 1376 Christo
448 1347 765 1378 collocatam,commode
780 1346 932 1378 continual,
944 1347 1068 1373 secunda:

287 1401 342 1422 suae
357 1393 453 1420 divinm
467 1392 595 1427 mysteria
613 1393 722 1420 tradens
739 1391 973 1419 manifestation‘rs.
987 1391 1068 1419 Valde

286 1446 376 1466 autem
398 1439 493 1466 idonee
509 1446 541 1466 ac
565 1438 719 1466 necessario
743 1438 800 1465 hac
826 1438 915 1465 aiebat
941 1438 1005 1469 illis,
1021 1438 1066 1472 qui

286 1486 422 1512 cruciatus
439 1485 497 1519 ejus
519 1492 600 1512 causa
623 1483 737 1512 subituri
760 1488 854 1515 erant,
874 1489 901 1511 et
927 1491 1014 1517 usque
1033 1483 1066 1510 ad

287 1536 398 1558 mortem
423 1530 603 1561 decertaturi,
625 1530 734 1564 praemia
757 1530 861 1557 scilicet
882 1530 950 1557 tanti
972 1530 1066 1564 agouis

287 1576 374 1604 lutum
388 1584 548 1612 proponens.
564 1577 636 1611 Opus
655 1577 728 1604 enim
749 1581 819 1608 erat,
833 1581 861 1603 ut
876 1576 922 1611 qui
941 1583 1002 1603 eum
1022 1583 1065 1603 se-

285 1628 443 1659 querentur,
463 1622 573 1658 ejusque
586 1623 700 1658 vestigia
718 1626 916 1657 premerent,et
932 1623 1065 1656 propriam

285 1669 399 1704 quisque
423 1675 531 1696 crucem
559 1671 710 1699 sumerent,
730 1671 810 1701 prout
833 1667 892 1702 ejus
914 1667 1066 1701 exemplum

284 1716 414 1747 docebat;
434 1719 559 1741 accurate
574 1721 681 1749 quoque
706 1717 850 1741 noscerent
876 1715 999 1748 quisnam
1022 1713 1067 1740 de-

286 1768 358 1788 mum
375 1760 398 1787 is
416 1764 487 1787 esset
501 1759 579 1794 cujus
596 1766 675 1787 causa
692 1763 731 1786 tot
753 1763 881 1792 tantaque
897 1763 987 1785 essent
1004 1766 1065 1791 pas-

284 1807 352 1833 suri.
366 1805 535 1840 Tempestive
558 1809 647 1831 autem
669 1804 767 1831 Filium
792 1804 910 1831 hominis
932 1803 984 1830 hoc
1007 1803 1066 1830 loco

283 1851 400 1886 appellat
420 1851 536 1886 eumqui
548 1855 670 1882 venerat.
687 1855 716 1877 ut
731 1849 848 1877 Danielis
864 1849 1020 1876 vaticinium
1038 1850 1064 1875 in

284 1903 399 1925 mentem
424 1903 578 1930 revocaret,
599 1896 669 1931 quod
691 1901 733 1924 est
751 1896 902 1930 huiusmodi
922 1903 928 1921 :
949 1894 983 1922 Et
1009 1903 1065 1922 ecce

283 1941 368 1969 Filius
381 1942 492 1968 hominis
503 1941 652 1968 adveniebal
664 1941 692 1968 in
703 1941 824 1973 nubibus,
837 1946 860 1967 et
876 1948 955 1975 usque
966 1940 999 1966 ad
1010 1940 1065 1966 An-

282 1988 384 2021 quuum
400 1987 500 2013 dierum
513 1987 636 2019 pervenit.
649 1985 683 2012 Et
694 1986 742 2020 ipsi
755 1986 847 2012 datum
867 1990 905 2012 est
926 1986 1064 2020 imperium

282 2036 307 2058 et
318 2033 410 2064 honor,
421 2037 444 2058 et
461 2031 611 2066 regnum".
635 2031 689 2057 Sed
707 2038 770 2058 cum
789 2030 884 2057 Petrus
904 2030 989 2064 ipsum
1003 2037 1064 2057 esse

283 2077 419 2104 Christum
435 2077 575 2104 confessus
599 2081 655 2110 est,
671 2081 699 2104 et
716 2076 762 2103 Dei
781 2077 835 2103 vivi
857 2076 954 2103 Filium
965 2097 973 2108 ,
984 2084 1017 2103 ex
1032 2083 1063 2104 en

285 2127 405 2157 temporc
418 2123 499 2157 cmpit
519 2123 571 2149 illis
583 2123 747 2157 signiﬁcare,
766 2122 850 2149 multa
865 2129 894 2149 se
911 2122 966 2157 pati
983 2129 1063 2156 opor-

284 2173 340 2195 tere
350 2172 376 2194 et
387 2167 483 2205 occidi.
500 2166 567 2194 Cum
584 2172 673 2194 autem
689 2167 760 2194 idem
774 2167 869 2194 mortis
879 2171 1062 2201 contemptum

282 2214 436 2247 imperaret,
448 2217 475 2240 et
490 2220 519 2239 se
546 2212 629 2239 multa
645 2212 699 2247 pati
723 2212 834 2244 debere,
852 2217 914 2240 Iunc
932 2220 998 2239 sane
1016 2220 1063 2247 op-

281 2265 397 2294 portuue
407 2259 441 2286 de
456 2259 574 2286 secundo
590 2263 617 2286 et
640 2257 756 2293 glorioso
775 2258 892 2285 adventu
913 2265 962 2285 suo
979 2259 1060 2285 verba

281 2306 391 2337 lecit,ut
402 2311 566 2340 cognoscere
580 2308 699 2339 pnssent,
710 2304 769 2338 quis
784 2304 890 2331 demum
903 2303 926 2332 is
940 2308 1013 2332 esset
1024 2310 1062 2332 tot

281 2356 410 2386 tantaque
423 2359 437 2378 a
452 2350 551 2378 Iudaeis
570 2358 711 2385 passurus,
730 2350 824 2385 quisve
839 2350 891 2377 illis
906 2349 1061 2378 certaminis

281 2405 330 2432 pro
345 2405 378 2424 eo
391 2397 540 2424 sustinendi
553 2395 658 2423 fructus
671 2395 848 2424 foret.—llis
863 2395 897 2423 ad
917 2396 1061 2431 discipulos

279 2443 370 2475 dictis,
388 2450 537 2478 magnoque
558 2447 584 2469 et
598 2449 697 2469 arcano
717 2442 844 2479 mysterio
867 2442 991 2469 secunda:
1006 2449 1061 2469 sua;

280 2489 504 2518 manifestationis
518 2489 582 2524 ipsis
593 2489 738 2524 patefacto,
758 2497 791 2516 ne
808 2489 930 2516 oratione
944 2493 1061 2516 tanturn-

280 2537 359 2563 modo
376 2535 494 2569 solisque
514 2535 603 2562 verbis
625 2535 761 2562 videretur
776 2535 947 2568 persuadere,
964 2541 1058 2561 neces-

280 2583 352 2608 sario
365 2582 398 2608 ad
417 2589 497 2615 opera
509 2581 590 2612 venit,
600 2581 664 2614 ipsis
676 2588 768 2608 eorum
784 2580 868 2608 oculis
882 2580 964 2607 divini
986 2581 1059 2615 regni

279 2628 319 2653 sui
345 2627 476 2662 objiciens‘
493 2627 645 2661 imaginem.
671 2627 840 2662 Quapropter
865 2635 925 2654 cum
950 2627 1061 2653 dixisset

281 2671 339 2699 fore
362 2677 389 2698 ut
414 2672 472 2706 ipse
489 2672 560 2699 illum
583 2672 765 2704 erubesceret,
786 2671 831 2706 qui
849 2679 878 2698 se
898 2672 1059 2704 erubuisset,

280 2723 334 2752 quo
349 2721 468 2751 tempore
479 2725 539 2744 cum
554 2716 641 2744 Patris
655 2717 696 2744 sui
714 2717 798 2752 gloria
813 2717 948 2750 adveniet,
963 2717 1059 2743 deinde

1080 1615 1101 1644 ο

1077 2279 1099 2307 D

1123 1121 1176 1153 Ὃς
1194 1121 1248 1155 γὰρ
1264 1120 1452 1155 ἐπαισχυνθῇ
1468 1128 1506 1155 με
1516 1119 1576 1155 ,καὶ
1590 1119 1659 1152 τοὺς
1671 1119 1761 1154 ἐμοὺς
1781 1120 1903 1155 λόγους,

1136 1164 1169 1182 το
1175 1154 1245 1182 em
1258 1158 1275 1182 ὀ
1289 1154 1418 1189 nactos
1428 1154 1585 1189 ἀνθρώπου
1599 1154 1883 1190 ἐπαισχυνθήσεται.

1151 1211 1318 1246 Διαλαλήσας
1333 1211 1367 1238 τὰ
1380 1212 1510 1247 εῖρημένα
1536 1212 1599 1248 περὶ
1615 1210 1661 1238 τοῦ
1676 1211 1730 1238 δεῖν
1748 1211 1794 1238 καὶ
1806 1212 1903 1244 αὐτοὺς

1123 1259 1241 1294 μιμητὰς
1257 1258 1338 1285 αὐτοῦ
1355 1258 1490 1293 γενέσθαι,
1510 1259 1556 1285 καὶ
1571 1259 1607 1293 μὴ
1622 1257 1731 1292 φεύγειν
1752 1258 1797 1284 τὸν
1825 1258 1905 1284 θάνα-

1119 1313 1174 1335 τον,
1188 1304 1305 1338 ἀφειδεῖν
1318 1304 1346 1331 δὲ
1362 1305 1408 1330 καὶ
1425 1305 1475 1339 τῆς
1490 1303 1593 1330 ἑαυτῶν
1605 1304 1692 1339 ψυχῆς
1705 1312 1734 1330 τε
1760 1304 1806 1330 καὶ
1832 1303 1904 1338 ζωῆς

1119 1349 1211 1376 ’ἐνεκεν
1226 1350 1274 1385 τῆς
1289 1350 1328 1382 εις
1344 1350 1424 1376 αὐτὴν
1439 1349 1554 1381 ἐλπίδος,
1573 1350 1749 1376 ὲπισυνάπτει
1770 1349 1903 1385 εὐκαίρως

1119 1396 1153 1422 τὰ
1168 1396 1231 1432 περὶ
1244 1397 1293 1431 τῆς
1305 1396 1434 1432 δευτέρας
1453 1396 1535 1423 αὐτοῦ
1554 1397 1712 1431 θεοφανείας
1722 1396 1776 1431 (55)
1791 1396 1904 1432 παραδι-

1119 1443 1180 1474 δοὺς
1203 1444 1291 1475 αὐτοῖς
1321 1444 1465 1478 μυστήρια.
1493 1443 1600 1479 Σφόδρα
1623 1443 1650 1469 δὲ
1679 1443 1832 1474 ἀκολούθως
1856 1443 1902 1469 καὶ

1119 1489 1274 1523 ἀναγκαίως
1294 1488 1378 1515 ταῦτα
1391 1488 1466 1524 ἔλεγε
1482 1490 1537 1520 τοῖς
1560 1488 1701 1524 μέλλουσιν
1730 1489 1799 1524 ὑπὲρ
1821 1488 1901 1514 αὐτοῦ

1117 1534 1160 1561 διὰ
1191 1534 1313 1569 βασάνων
1338 1537 1454 1570 χωρεῖν,
1476 1535 1523 1561 καὶ
1552 1535 1631 1570 μέχρι
1659 1534 1772 1562 θανάτου
1805 1535 1902 1568 ἀγωνί-

1117 1579 1221 1612 ζεσθαι,
1236 1580 1278 1612 τίς
1302 1580 1378 1607 ἔσται
1401 1581 1415 1607 ό
1439 1580 1544 1616 καρπὸς
1559 1579 1606 1606 τοῦ
1636 1580 1763 1607 τοσούτου
1798 1580 1901 1614 ἀγῶνος

1118 1625 1250 1661 παριστὰς
1260 1626 1360 1657 αὐτοῖς.
1379 1626 1452 1652 Ἐδει
1471 1625 1524 1661 γὰρ
1546 1625 1609 1657 τοὺς
1627 1625 1771 1661 μέλλοντας
1787 1626 1900 1652 ἕπεσθαι

1117 1670 1191 1705 αὐτῷ
1205 1671 1250 1697 καὶ
1266 1671 1352 1697 ὀπίσω
1364 1670 1446 1697 αὑτοῦ
1460 1670 1587 1701 ἀπιέναι,
1601 1670 1647 1696 τόν
1658 1679 1688 1696 τε
1708 1670 1772 1696 ῐδιον
1786 1670 1901 1706 σταυρὺν

1117 1716 1314 1751 ἀναλαμϐάνειν
1329 1716 1399 1743 κατὰ
1409 1717 1457 1752 τὴν
1477 1715 1558 1743 αὐτοῦ
1574 1716 1698 1751 μίμησιν,
1711 1715 1812 1750 γνῶναι
1824 1717 1901 1751 ἀκρι·

1117 1761 1171 1793 ϐὡς
1181 1763 1206 1788 τί
1222 1762 1285 1788 ποτέ
1298 1762 1371 1788 ἐστιν
1384 1760 1460 1794 οὗτος
1475 1761 1546 1798 ὑπὲρ
1561 1759 1592 1788 οὗ
1603 1762 1635 1788 τὰ
1649 1761 1767 1788 τοσαῦτα
1789 1761 1899 1797 μέλλου-

1117 1816 1142 1834 σι
1154 1808 1276 1843 πάσχειν.
1293 1808 1434 1844 Εὑκαίρως
1446 1808 1474 1835 δὲ
1488 1808 1552 1835 Υἱὸν
1580 1808 1724 1843 ἀνθρώπου
1750 1809 1778 1834 ἐν
1796 1808 1900 1839 τούτοις

1114 1854 1159 1880 τὸν
1173 1854 1317 1889 ἐρχόμενον
1337 1854 1487 1889 ὠνόμασεν,
1516 1854 1555 1885 εἰς
1581 1853 1733 1888 ὑπόμνησιν
1758 1854 1807 1889 τῆς
1825 1853 1899 1888 παρᾶ

1114 1899 1161 1926 τοῦ
1178 1900 1275 1935 Δανιὴλ
1290 1900 1465 1936 προφητείας,
1480 1900 1541 1935 ἥτις
1556 1898 1631 1933 ἔλεγε
1643 1907 1650 1914 ⁸
1669 1900 1725 1926 Καὶ
1743 1899 1806 1926 ἰδοὺ
1836 1900 1899 1932 Υἱὸς

1115 1945 1270 1980 ἀνθρώπου
1291 1946 1451 1980 ἐρχόμενος
1477 1943 1516 1980 ἦν
1532 1945 1582 1971 ἐπὶ
1608 1943 1666 1971 τῶν
1680 1944 1829 1979 νεφελῶν·
1849 1944 1899 1970 καὶ

1113 1993 1168 2025 ἕως
1193 1992 1245 2019 τοῦ
1259 1992 1390 2019 Παλαιοῦ
1405 1991 1463 2018 τῶν
1480 1991 1596 2026 ἡμερῶν
1608 1991 1731 2026 ἔφθασε.
1748 1991 1803 2018 Καὶ
1819 1989 1899 2022 αὐτῷ

1113 2038 1200 2073 ἐδόθη
1219 2040 1237 2073 ἡ
1259 2038 1336 2072 ἀρχὴ
1353 2038 1402 2064 καὶ
1420 2038 1438 2072 ἠ
1455 2037 1522 2072 τιμὴ
1542 2037 1589 2064 καὶ
1607 2037 1625 2071 ἠ
1653 2036 1806 2069 βασιλεία.
1829 2034 1898 2061 Ἀλλ’

1114 2085 1158 2112 ὅτε
1173 2085 1222 2120 μὲν
1237 2086 1251 2112 ό
1278 2085 1379 2120 Πέτρος
1407 2084 1521 2119 Χριστὸν
1545 2084 1625 2111 αὐτὴν
1645 2082 1713 2110 εἶναι
1728 2083 1897 2118 ὡμολόγησε,

1113 2130 1160 2157 καὶ
1179 2130 1243 2157 Υἱὸν
1265 2129 1311 2156 τοῦ
1336 2129 1403 2156 Θεοῦ
1426 2128 1472 2156 τοῦ
1500 2129 1609 2162 ζῶντος,
1637 2129 1690 2156 ἀπὸ
1715 2129 1775 2155 τότε
1798 2128 1898 2163 ἤρξατο

1112 2175 1248 2203 δεικνύναι
1261 2176 1366 2208 αὐτοῖς,
1384 2177 1425 2202 ὅτι
1441 2175 1480 2202 δεῖ
1503 2175 1583 2202 αὑτὸν
1613 2175 1697 2202 πολλὰ
1725 2174 1820 2201 παθεῖν
1850 2175 1897 2201 καὶ

1112 2220 1327 2256 ἀποκτανθῆναι·
1345 2221 1388 2247 ὅτε
1409 2220 1437 2247 δὲ
1453 2220 1534 2252 αὐτὸς
1563 2219 1802 2255 καταφρονητικῶς
1826 2218 1897 2254 ἔχειν

1112 2266 1159 2293 τοῦ
1175 2266 1289 2293 θανάτου
1304 2266 1510 2302 παρεκελεύετο,
1527 2265 1627 2297 ἐδίδαξε
1646 2266 1685 2297 δὲ,
1700 2266 1739 2292 ὅτι
1752 2265 1792 2291 δεῖ
1815 2265 1896 2291 αὑτὸν

1114 2312 1198 2338 πολλά
1214 2312 1318 2345 παθεῖν,
1332 2312 1392 2338 τότε
1406 2312 1475 2339 κατὰ
1486 2312 1579 2347 καιρὸν
1590 2312 1653 2343 τοὺς
1665 2311 1728 2346 περ).
1742 2311 1789 2346 τῆς
1804 2310 1896 2337 δευτέ-

1114 2367 1162 2394 ρας
1176 2358 1256 2385 αῡτοῦ
1273 2359 1319 2385 καὶ
1342 2358 1446 2391 ἐνδόξου
1461 2358 1610 2394 παρουσίας
1629 2358 1721 2391 λόγους
1735 2357 1897 2393 παρεδίδου⁹

1112 2404 1149 2436 ὡς
1161 2404 1193 2431 ἂν
1209 2405 1306 2431 εἰδέναι
1323 2404 1419 2440 ἔχοιεν,
1436 2405 1478 2436 τίς
1493 2412 1557 2430 ποτε
1575 2402 1610 2439 ἦν
1622 2404 1636 2429 ὁ
1654 2404 1757 2439 μέλλων
1778 2403 1897 2430 τοσαῦτα

1114 2451 1227 2486 πάσχειν
1242 2451 1294 2477 ὑπὸ
1317 2451 1459 2483 Ἰουδαίων,
1469 2451 1515 2477 καὶ
1530 2450 1572 2481 τις
1590 2450 1666 2476 ἔσται
1682 2450 1773 2481 αὐτοῖς
1787 2451 1802 2476 ὁ
1827 2458 1896 2484 καρ-

1113 2496 1162 2528 πὸς
1177 2496 1223 2523 τοῦ
1241 2496 1309 2532 ὑπὲρ
1323 2496 1405 2523 αὑτοῦ
1419 2495 1534 2530 ἀγῶνος.
1549 2511 1584 2516 -—
1601 2496 1655 2522 Καὶ
1677 2496 1708 2531 δὴ
1728 2494 1816 2522 ταῦτα
1841 2497 1898 2526 τοῖς

1114 2542 1246 2577 μαθηταῖς
1262 2541 1420 2577 διαλεχθεὶς,
1434 2542 1480 2568 καὶ
1495 2541 1525 2567 τὺ
1544 2541 1613 2576 μέγα
1626 2541 1673 2567 καὶ
1689 2541 1818 2567 λανθάνον
1846 2549 1898 2575 μυ-

1113 2588 1221 2624 στήριον
1237 2587 1286 2623 τῆς
1299 2587 1426 2623 δευτέρας
1442 2587 1525 2613 αὐτοῦ
1541 2586 1699 2621 θεοφανείας
1717 2585 1831 2618 ἐξειπὼν
1847 2587 1897 2612 at»

1112 2633 1177 2665 τοῖς,
1194 2633 1236 2658 ἵνα
1255 2633 1291 2668 μὴ
1304 2632 1392 2667 λόγοις
1408 2632 1488 2668 μόνον
1504 2632 1550 2659 καὶ
1575 2632 1666 2666 ψιλαῖς
1691 2633 1807 2667 φράσεσι
1830 2632 1895 2666 δοκῇ

1112 2676 1456 2711 ὲμπιστεύειν,ἀναγκαὶως
1469 2677 1515 2703 ἐπὶ
1534 2676 1567 2703 τὰ
1582 2676 1651 2712 ἔργα
1668 2677 1776 2712 ἐχώρει,
1804 2677 1895 2707 αὐτοῖς

1111 2720 1258 2756 ὀφθαλμοῖς
1272 2722 1377 2754 δεικνὺς
1394 2720 1484 2754 αὐτοῖς
1499 2722 1549 2758 τὴν
1563 2723 1654 2750 εἰκόνα
1669 2723 1717 2758 τῆς
1730 2722 1824 2757 θεῖκῆς
1847 2721 1896 2749 αὐ-

315 2793 340 2809 ¹¹³
353 2801 412 2829 cap.
429 2802 467 2827 ix,
483 2795 509 2824 7.
547 2796 570 2812 ⁷⁵
585 2795 678 2823 Matth.
693 2804 721 2829 ιι,
743 2795 770 2824 6.
808 2796 830 2812 ⁷⁵
845 2803 904 2831 cap.
921 2804 959 2829 ix,
973 2796 1019 2824 26.
1056 2798 1064 2814 '

1116 2800 1225 2833 lan.vn,
1243 2800 1285 2827 15.

314 2849 372 2891 (55)
393 2851 696 2891 εθειιιηΙιι-Τιιεορῑιιιιιῖο
712 2854 737 2881 in
749 2855 839 2882 mundi
862 2855 924 2891 llne.
940 2855 1000 2883 Ideo
1013 2856 1056 2883 illa

282 2887 373 2922 prior,
389 2895 441 2922 qua
466 2895 504 2915 se:
516 2887 630 2917 Verbum
654 2889 680 2918 in
705 2897 788 2919 carne
810 2890 1001 2927 manifestavit,
1019 2893 1056 2920 di-

1110 2858 1320 2898 citurinlerdum
1335 2859 1510 2898 incndicibus
1525 2861 1634 2896 nostris,
1644 2859 1822 2890 distinctionis
1830 2867 1893 2897 gra-

1111 2894 1157 2926 tia,
1170 2894 1323 2929 evangelica
1340 2895 1527 2931 Tbcophania.
