2061 3215
623 182 759 211 EUSEBII
777 183 1016 212 CESARIENSIS
1033 184 1110 213 OPI’.
1130 184 1221 212 PARS
1240 184 1285 212 Ill.
1305 199 1338 204 —
1358 183 1566 214 EXEGE’I‘ICA.

1860 191 1914 219 55!

269 241 360 286 ,μείς
373 241 485 270 nomine
504 242 592 277 dignis
617 244 784 278 assignabat.
807 244 901 280 Itaque
922 246 984 273 data
1000 246 1070 280 prius

1126 254 1174 281 νης
1192 246 1275 281 δνομα
1292 247 1348 278 τοῖς
1364 246 1450 280 ἀξίοις
1470 247 1621 283 προὺξένει.
1644 249 1752 286 ταύτην
1773 251 1916 286 τοιγαροῦν

267 282 336 319 lbac
352 296 420 324 pace
432 289 537 317 illorum
553 291 707 324 animabus,
726 292 772 326 qui
788 300 818 320 se
834 293 953 328 hospitio
966 301 1076 329 recepe-

284 335 350 368 rint,
362 340 426 363 tunc
441 338 548 364 demum
562 337 688 365 alimenta
700 339 733 366 ab
750 339 784 366 iis
798 339 921 374 accipere
937 340 1075 368 suadebat.

284 381 467 416 Quamobrem
482 384 637 411 necessario
647 385 850 419 praemonebat,
864 393 898 413 ne
909 386 935 413 in
950 387 1024 413 omni
1037 386 1076 413 in-

285 427 442 456 diﬂ‘ercnter
459 429 540 456 domo
568 429 786 465 hospitarentur,
804 439 871 459 neve
889 440 1076 468 quemcunque

285 474 422 503 hominem
437 475 545 511 dignum
560 476 716 511 judicarent
732 478 810 513 cujus
832 479 951 513 hospitio
966 483 1076 507 uteren-

285 526 345 555 tur;
359 523 406 550 sed
424 523 601 557 exquirerent
620 531 684 551 num
701 524 762 558 quis
780 524 806 551 in
824 524 931 551 civitate
943 529 1016 552 esset
1034 526 1074 553 vel

284 567 312 595 in
327 576 404 603 agro,
422 568 501 596 bonis
524 569 630 597 actibus
655 575 806 605 sanctaque
823 571 878 597 vita
904 571 1074 606 conspicuus,

285 614 330 649 qui
346 615 434 649 regios
449 615 550 643 milites
565 621 658 650 posset
669 616 777 644 virtutis
799 616 886 644 xeniis
897 617 1032 651 excipere.
1046 618 1074 644 Si

284 660 392 695 quando
409 666 499 688 autem
515 661 670 696 hujusmodi
684 661 791 696 {aliquis
804 662 997 697 [inveniretur,
1013 669 1075 692 tunc

284 704 363 739 hujus
382 710 483 733 tectum
500 707 660 740 subeuntes,
674 707 780 734 militiae
800 715 856 734 sua:
879 716 956 736 arma
971 709 997 736 in
1018 709 1074 744 pri-

283 751 336 778 mis
361 756 546 786 exponerent;
563 757 627 778 sunt
641 756 730 779 autem
755 752 813 779 haec
834 753 907 788 pacis
926 754 1046 789 symbola
1066 762 1072 780 :

283 795 399 830 ideoque
418 801 445 823 et
468 796 601 830 hospitem
617 800 645 824 et
660 797 815 824 universam
831 798 940 826 domum
957 799 1014 833 ejus
1028 807 1075 833 pa-

283 842 361 869 ciﬁca
372 841 535 869 salutatione
550 842 754 875 impertirentur
772 852 780 871 :
795 844 892 871 deinde
909 844 962 871 illic
983 853 1074 872 mane-

284 892 355 920 rent,
380 895 468 922 neque
479 888 668 921 abscederent,
694 889 737 916 vel
762 890 795 917 de
819 890 900 917 domo
923 891 948 918 in
966 892 1072 918 domum

283 933 366 961 irent.
384 932 429 961 Sic
445 935 516 962 enim
533 935 662 969 exquisiti
683 936 817 963 examinis
838 937 966 964 indicium
985 938 1075 965 dedis-

282 985 364 1008 sent:
382 988 445 1008 nam
458 983 635 1009 temerarium
647 986 674 1009 et
687 982 873 1016 subitaneum,
891 991 945 1011 non
960 989 1001 1012 est
1017 990 1073 1012 sta-

281 1026 336 1054 bile
348 1034 437 1061 neque
451 1029 601 1055 constantis
615 1028 710 1056 moris.
732 1029 794 1056 Ideo
810 1029 945 1063 monebat,
964 1038 997 1057 ne
1018 1031 1074 1058 vel-

282 1071 338 1100 lent
347 1077 427 1100 antea
440 1074 652 1106 commorari,et
668 1074 766 1102 deinde
793 1075 917 1102 notitiam
934 1077 1075 1110 exquirere

281 1124 336 1152 quo
351 1116 423 1145 facto
436 1118 470 1145 ad
492 1118 573 1145 alium
591 1119 738 1146 transirent
755 1127 816 1146 cum
833 1121 948 1154 hospitis
962 1122 1072 1155 injuria.

282 1164 348 1192 Item
375 1166 398 1193 si
420 1170 449 1193 et
478 1166 523 1193 hic
548 1167 682 1199 posterior
713 1167 840 1202 indignus
860 1165 976 1202 hospitio
997 1176 1070 1196 com-

281 1210 418 1245 periretur
426 1218 521 1238 rursus
532 1211 606 1239 illinc
616 1212 698 1238 etiam
707 1212 885 1244 discederent,
895 1213 1072 1240 voluntariam

283 1256 454 1284 inimicitiam
478 1258 686 1290 contrahentes,
714 1263 856 1293 postquam
885 1267 978 1293 pacem
998 1268 1072 1286 suam

283 1302 317 1329 ad
328 1302 455 1338 indignos
472 1303 660 1337 projecissent.
676 1304 729 1331 Sed
744 1304 815 1331 enim
829 1310 934 1339 oportet
947 1306 1021 1340 prius
1035 1306 1074 1332 di-

279 1349 397 1383 ligenter
412 1349 560 1384 inquirere,
577 1355 667 1377 utrum
690 1350 786 1384 aliquis
802 1350 897 1386 dignus
914 1351 965 1384 sit;
978 1352 1073 1379 deinde

281 1394 316 1421 ad
330 1402 392 1421 eum
420 1396 582 1423 accedentes
597 1416 604 1428 ,
622 1396 698 1431 pacis
722 1396 823 1423 bonum
848 1397 1048 1425 communicare
1064 1406 1072 1431 ;

281 1448 397 1476 eamque
423 1442 532 1469 abunde
547 1450 600 1469 non
624 1443 648 1469 ei
673 1444 859 1470 tantummodo
878 1443 922 1477 qui
941 1444 1071 1478 optitnutn

282 1485 466 1513 testimonium
484 1486 574 1518 habet,
594 1487 641 1514 sed
669 1487 717 1513 toti
741 1495 849 1522 quoque
876 1493 985 1523 propter
1011 1496 1072 1516 eum

281 1531 384 1559 domui.
396 1530 473 1564 Quod
491 1532 512 1558 si
527 1532 609 1566 digno
622 1532 712 1566 aliquo
731 1533 883 1568 excipiente
901 1534 975 1569 regni
1001 1534 1071 1561 mili-

283 1582 356 1610 tem,
369 1576 441 1605 forte
455 1579 588 1611 evenerit,
601 1579 671 1613 quod
693 1587 764 1614 smpe
782 1580 807 1606 in
824 1580 939 1615 religiosi
956 1580 1071 1608 hominis

281 1624 362 1651 domo
376 1623 433 1651 ﬁeri
447 1624 660 1659 solet,parentes
674 1629 719 1652 aut
734 1625 832 1652 fratres
845 1630 892 1652 aut
907 1626 975 1653 alios
988 1633 1069 1660 gene-

281 1677 312 1698 re
323 1670 488 1705 propinquos
503 1671 639 1698 adversari
657 1679 689 1698 ac
710 1671 807 1698 bellum
823 1672 898 1699 ciere
921 1680 973 1699 non
989 1672 1069 1699 modo

279 1721 375 1744 contra
392 1717 529 1752 repulsum
541 1717 682 1749 advenam,
695 1725 789 1744 verum
811 1719 892 1745 etiam
912 1724 1006 1745 contra
1021 1719 1069 1746 ho-

281 1762 363 1796 spitio
377 1761 569 1795 bonorantem,
583 1763 739 1790 necessario
760 1763 855 1790 borum
871 1771 977 1798 quoque
992 1772 1068 1791 men-

281 1808 382 1836 tionem
393 1806 523 1836 Servator
536 1817 588 1835 non
601 1808 727 1844 neglexit,
737 1809 783 1835 sed
797 1809 932 1843 praedictis
946 1810 1066 1837 addidit:

280 1854 352 1889 quod
365 1854 388 1881 si
401 1853 482 1889 digna
497 1854 592 1882 domus
609 1855 700 1886 fuerit,
717 1854 806 1881 veniat
818 1862 869 1888 pax
884 1860 972 1882 vestra
989 1863 1069 1890 super

281 1899 373 1932 illam;
391 1901 413 1928 si
430 1900 519 1928 minus
530 1899 611 1935 digna
627 1899 717 1932 fuerit,
735 1908 786 1935 pax
803 1905 891 1927 vestra
905 1901 938 1928 ad
960 1908 1006 1928 vos
1025 1909 1067 1928 re-

280 1949 412 1973 vertatur.
429 1945 484 1972 Vos
508 1945 616 1980 quidem
633 1954 684 1973 non
710 1953 771 1972 eum
794 1945 881 1973 solum
906 1946 951 1981 qui
967 1946 1067 1974 bonum

282 1990 466 2019 testimonium
479 1990 612 2023 habuerit,
630 1992 731 2026 quique
745 1996 835 2019 vestro
845 1999 955 2019 accessu
972 1992 1068 2027 dignus

284 2035 375 2069 fuerit,
390 2036 464 2071 pacis
483 2036 716 2065 benedictionibus
731 2038 916 2072 impertimini,
926 2039 973 2065 sed
985 2043 1011 2065 et
1019 2039 1068 2065 toti

282 2082 372 2109 domui
385 2082 453 2117 ejus,
471 2082 497 2109 id
518 2087 559 2110 est
575 2082 752 2110 familiaribus
777 2088 857 2117 atque
873 2085 1004 2119 cognatis,
1019 2092 1067 2119 pa-

281 2127 388 2154 ciﬂcam
409 2127 522 2155 salutem
543 2129 634 2161 dicite,
657 2134 830 2163 vestrumque
847 2129 962 2156 oﬂicium
981 2131 1067 2157 abun-

281 2174 377 2201 danter
389 2177 471 2208 atque
486 2174 593 2208 copiose
605 2174 638 2201 ad
654 2180 788 2209 parentes,
804 2174 912 2207 fratres,
923 2181 1067 2210 cognatos-

279 2225 343 2253 que,
357 2223 385 2246 et
401 2223 484 2246 totam
505 2219 617 2254 hospitis
633 2220 740 2248 domum
758 2220 896 2248 clfundite.
912 2221 941 2248 Si
957 2228 1020 2256 ergo
1040 2227 1067 2248 et

1127 293 1355 329 προδανείσαντας
1374 294 1423 329 τὴν
1438 295 1551 331 εἰρήνην
1563 296 1623 327 ταῖς
1640 296 1694 323 τῶν
1712 296 1916 333 ὑποδεξαμένων

1126 340 1224 371 αὐτοὺς
1239 339 1349 374 ψυχαῖς,
1369 340 1419 375 τῆς
1442 342 1508 376 παρ’
1522 341 1612 368 αὐτῶν
1624 343 1727 378 τροφῆς
1744 343 1917 380 μεταλαμϐά-

1126 393 1197 411 νειν·
1224 385 1264 411 διὸ
1284 386 1441 419 ἀναγκαίως
1462 387 1681 422 προδιεστέλλετο
1706 388 1743 424 μὴ
1766 389 1807 420 εἰς
1829 389 1916 416 πάντα

1126 431 1310 467 παραῦάλλειν
1330 428 1414 465 οἰκον,
1433 432 1499 468 μηδὲ
1521 432 1610 460 πάντα
1625 433 1708 469 ἄνδρα
1720 434 1770 469 τῆς
1783 434 1916 470 ὑποδοχῆς

1126 477 1216 504 αὑτῶν
1232 478 1308 511 ἄξιον
1326 475 1394 504 εἶναι
1408 478 1510 513 κρίνειν
1520 487 1527 493 ·
1551 480 1708 515 προερωτᾷν
1722 479 1750 505 δὲ
1774 479 1802 506 εἴ
1816 489 1859 512 τις
1873 480 1914 516 εἴη

1125 523 1178 550 τῶν
1211 523 1281 550 κατὰ
1306 524 1356 559 τὴν
1384 524 1461 551 πόλιν
1480 525 1496 560 ἦ
1522 524 1570 560 τὴν
1584 524 1674 560 χώραν
1687 525 1802 559 ἀγαθαῖς
1817 526 1915 563 πράξε-

1126 579 1153 596 σι
1174 570 1220 596 καὶ
1233 570 1283 606 βίῳ
1304 570 1395 606 σεμνῷ
1412 571 1668 606 μεμαρτυρημένος,
1684 571 1720 603 ὡς
1735 572 1798 604 τοὺς
1813 572 1914 607 βασιλι-

1125 617 1190 649 κοὺς
1212 617 1379 653 στρατιώτας
1400 617 1530 644 δύνασθαι
1547 616 1643 649 ξενίοις
1666 618 1768 653 ἀρετῆς
1787 618 1914 651 ὑποδέξατ

1126 663 1198 690 σθαι.
1228 663 1353 691 Ἐπειδὰν
1373 663 1402 690 δέ
1427 673 1469 695 τις
1489 663 1612 700 εὑρεθείη
1633 664 1761 697 τοιοῦτος,
1785 665 1916 698 εἰσιόντας

1126 710 1177 736 ὑπὸ
1193 711 1242 744 τὴν
1256 709 1351 736 τούτου
1362 709 1471 745 στέγην,
1486 710 1716 745 προαποτίθεσθαι
1727 710 1856 738 τάοίκεῖα
1867 711 1916 747 τῆς

1126 757 1271 792 στρατείας
1283 756 1353 783 ὅπλα
1366 764 1372 771 ·
1391 756 1475 782 ταῦτα
1486 756 1509 782 δ’
1525 754 1559 792 ἧν
1573 756 1608 783 τὰ
1627 757 1676 792 τῆς
1689 757 1801 794 εἰρήνης
1817 758 1917 794 σύμδοο

1124 801 1173 827 λα·
1190 802 1229 828 διὸ
1243 802 1290 828 καὶ
1303 801 1384 828 αὑτὸν
1400 801 1444 827 τὸν
1459 801 1600 837 ὑποδοχέα,
1617 803 1664 829 καὶ
1678 802 1767 829 πάντα
1781 802 1828 829 τὸν
1843 801 1916 830 οἷκον

1125 847 1206 873 αὑτοῦ
1232 847 1376 883 εἰρηνικῶν
1399 843 1552 883 ἀσπασμῶν
1571 848 1738 883 ίκαταξιοῦν·
1764 846 1813 875 εἶτ’
1834 848 1915 876 αὑτοῦ

1127 893 1225 928 μένειν,
1248 894 1293 920 καὶ
1317 893 1354 929 μὴ
1379 893 1567 928 μεθίστασθαι,
1596 894 1657 930 μηδ’
1672 895 1763 926 οῐκους
1789 895 1818 927 ἐξ
1834 895 1916 922 οἴκων

1125 939 1257 974 ἀμείϐειν.
1280 939 1365 966 Τοῦτο
1382 940 1437 975 γὰρ
1459 938 1528 966 εἶναι
1551 941 1662 976 σημεῖον
1686 940 1916 976 ἀπηκριϐωμένης

1125 985 1288 1019 ἐξετάσεως·
1307 986 1338 1013 τὸ
1351 986 1404 1022 γὰρ
1425 986 1537 1022 εὐχερὲς
1554 987 1601 1013 καὶ
1614 986 1742 1023 ἄκριτον,
1757 989 1787 1015 οὑ
1803 988 1916 1024 στερρὸν

1124 1031 1184 1057 οὑδὲ
1195 1031 1303 1066 βεῆαίου
1315 1032 1426 1068 τρόπου.
1441 1032 1486 1058 Διὺ
1499 1032 1614 1068 παρῄνει
1629 1032 1666 1068 μὴ
1678 1033 1785 1069 πρῶτον
1800 1033 1918 1069 καταμέ-

1124 1078 1301 1111 νειν,·έπε,ιτα
1315 1079 1420 1114 ἐρωτᾷν
1434 1079 1482 1105 καὶ
1495 1079 1685 1112 πυνθάνεσθαι,
1698 1078 1747 1107 εἰτ’
1759 1080 1917 1116 ἐνυϐρίσαν-

1124 1131 1174 1154 τας
1188 1122 1226 1158 τῷ
1243 1122 1309 1158 ξένῳ
1326 1123 1499 1158 μεταϐαίνειν
1518 1125 1560 1159 ἐφ’
1585 1124 1689 1160 ἕτερον.
1704 1124 1764 1152 Κᾶν
1781 1121 1858 1157 οὗτος
1871 1126 1918 1153 ἀν-

1126 1168 1200 1201 άξιος
1215 1168 1264 1203 τῆς
1279 1168 1414 1203 ὑποδοχῆς
1432 1169 1540 1205 εὑρεθῇ,
1551 1161 1632 1196 πάλιν
1642 1169 1748 1197 ἐνθένδε
1757 1171 1917 1206 μετανίστα-

1125 1214 1196 1246 σθαι,
1215 1213 1312 1248 ἔχθραν
1334 1214 1457 1241 ἑκούσιον
1476 1213 1694 1250 ὲπισ’πωμένους,
1720 1216 1789 1251 μετὰ
1807 1217 1915 1244 καὶτοῦ

1123 1259 1171 1295 τὴν
1185 1259 1273 1286 αὑτῶν
1288 1260 1400 1295 εἰρήνην
1419 1261 1460 1291 εἰς
1478 1260 1603 1294 ἀναξίους
1621 1261 1738 1297 ῥίπτειν.
1760 1262 1916 1299 Ἀλλ’ἀκρι-

1125 1305 1179 1337 δῶς
1191 1306 1322 1341 πρότερον
1336 1304 1381 1332 τὸν
1404 1305 1478 1338 ἄξιον
1501 1306 1737 1342 πολυπραγμονεῖν
1746 1316 1752 1322 ·
1772 1307 1857 1335 ἔπειθ’
1870 1308 1916 1335 οὖ-

1123 1359 1161 1377 τω
1179 1351 1372 1387 παρελθόντας,
1394 1352 1448 1379 τῶν
1467 1353 1518 1387 τῆς
1542 1353 1654 1389 είρήνης
1677 1353 1788 1388 ἀγαθῶν
1813 1354 1915 1389 μεταδιο

1123 1397 1206 1430 δόναι,
1224 1398 1272 1424 καὶ
1289 1399 1419 1434 παρέχειν
1435 1398 1558 1433 ἀφθόνως
1571 1398 1610 1434 τῷ
1627 1400 1865 1435 μεμαρτυρημένῳ
1884 1400 1914 1426 οὐ

1125 1443 1214 1478 μόνον,
1227 1444 1294 1470 ἀλλά
1307 1445 1354 1471 καὶ
1366 1444 1447 1471 παντὶ
1458 1443 1497 1479 τῷ
1510 1445 1576 1479 οἴκῳ
1592 1444 1626 1471 δι’
1640 1445 1731 1472 αὐτόν.
1748 1446 1780 1472 Εἰ
1795 1446 1830 1478 δ’,
1840 1446 1915 1481 εὑρε-

1123 1488 1213 1520 θέντος
1234 1489 1309 1521 ἁξέου
1331 1490 1402 1521 τινὸς
1419 1490 1465 1516 καὶ
1489 1490 1688 1528 ὑποδεξαμένου
1706 1491 1752 1517 τὸν
1769 1492 1826 1528 τῆς¹
1838 1491 1915 1527 βασι-

1122 1534 1196 1566 λείας
1207 1535 1385 1572 στρατιώτην,
1405 1526 1525 1572 συμὸαίη
1540 1537 1604 1563 ποτὲ
1620 1534 1663 1563 οἶα
1678 1526 1806 1570 πολλάκις
1868 1538 1915 1565 ἀνα

1085 1590 1106 1618 c
1122 1580 1183 1616 δρὸς
1199 1580 1264 1617 οἴκῳ
1285 1582 1428 1614 θεοσεόοὖς
1449 1582 1528 1609 εἴωθε
1547 1582 1680 1617 γίνεσθαι,
1697 1582 1794 1617 γονέας
1807 1583 1825 1619 ἢ
1839 1583 1914 1610 ἀδελ-

1121 1627 1187 1661 φοὺς
1207 1627 1223 1663 ἢ
1241 1628 1351 1664 ἑτέρους
1370 1628 1410 1664 τῷ
1423 1629 1497 1663 γένει
1516 1630 1702 1665 προσήκοντας
1728 1629 1913 1657 ἐναντιοῦσθαι

1120 1673 1166 1699 καὶ
1181 1673 1317 1708 πολεμεῖν,
1333 1675 1363 1700 οὑ
1384 1675 1463 1710 μόνον
1483 1676 1528 1702 τὸν
1550 1675 1740 1711 ὲπεξωσμένον
1761 1675 1828 1711 (56),
1846 1675 1914 1703 ἀλλὰ

1120 1718 1165 1745 καὶ
1176 1718 1207 1745 τὸ
1216 1720 1249 1754 τῇ
1261 1719 1377 1755 ὑποδοχῇ
1395 1721 1570 1756 τετιμηκότα,
1584 1722 1740 1756 ἀναγκαίως
1751 1722 1799 1748 καὶ
1812 1721 1913 1748 τούτων

1119 1765 1133 1790 ὁ
1147 1765 1242 1801 Σωτὴρ
1256 1765 1286 1791 οὑ
1308 1766 1431 1802 παρῆλθε
1446 1767 1496 1803 τὴν
1517 1768 1637 1803 μνήμην,
1652 1768 1709 1794 ἀλλ’
1725 1768 1848 1802 ἐπιλέγει
1858 1769 1913 1799 τοῖς

1119 1811 1367 1846 προτεταγμένοις·
1389 1812 1440 1838 κᾶν
1463 1813 1512 1848 μὲν
1568 1815 1584 1849 ὴ
1604 1814 1676 1840 οἰκία
1689 1814 1762 1847 ἀξία,
1781 1814 1911 1849 ἐλθέτωή

1119 1858 1213 1894 εἰρήνη
1230 1858 1307 1893 ὑμῶν
1322 1859 1365 1886 ἐπ’
1381 1860 1481 1895 αὑτήν·
1497 1860 1544 1887 ἐὰν
1558 1861 1587 1887 δὲ
1607 1861 1644 1897 μὴ
1693 1860 1768 1895 ἀξία,
1782 1862 1801 1897 ἡ
1817 1861 1912 1896 εἰρήνη

1120 1904 1196 1938 ὑμῶν
1210 1905 1251 1939 ἐφ’
1264 1905 1337 1939 ὑμᾶς
1353 1906 1555 1942 ἐπιστρεψάτω.
1575 1907 1670 1942 Ὑμεῖς
1686 1907 1735 1942 μὲν
1747 1907 1812 1943 γὰρ,
1831 1907 1908 1942 φησί,

1118 1950 1165 1976 τοῦ
1185 1952 1432 1987 μεμαρτυρημένου
1449 1953 1539 1988 χάριν,
1558 1953 1604 1979 τοῦ
1622 1953 1669 1979 καὶ
1691 1952 1741 1988 τῆς
1758 1952 1912 1984 ὲπιὸἀσεως

1119 1997 1168 2031 τῆς
1185 1997 1318 2033 ὑμετέρας
1331 1998 1419 2030 ἀξίου,
1434 1999 1470 2034 μὴ
1487 1999 1567 2034 μόνον
1577 1999 1658 2025 αὑτὸν
1672 2000 1731 2031 ταῖς
1739 1999 1790 2034 τῆς
1803 1998 1912 2034 εἰρήνης

1119 2041 1264 2075 εὐλογίαις,
1284 2043 1352 2070 ἀλλὰ
1364 2045 1411 2070 καὶ
1424 2044 1511 2071 πάντα
1523 2044 1569 2071 τὸν
1583 2041 1666 2077 οἷκον,
1679 2044 1780 2080 δηλαδὴ
1791 2044 1854 2075 τοὺς
1865 2043 1912 2070 αὖ·

1118 2088 1164 2114 τοῦ
1180 2088 1297 2120 οἰκείους
1313 2089 1360 2115 καὶ
1374 2091 1522 2124 συγγενεῖς,
1539 2090 1650 2125 εἰρήνης
1666 2090 1820 2124 ἀσπασμοῖς
1833 2089 1912 2123 εὐαγ-

1118 2133 1267 2167 γελίζεσθε,
1283 2135 1330 2161 καὶ
1350 2135 1384 2161 τὰ
1398 2136 1462 2170 παρ’
1477 2135 1554 2170 ὑμῶν
1574 2135 1698 2170 ἀφθόνως
1713 2134 1761 2162 καὶ
1778 2134 1911 2166 πλουσίως

1118 2180 1262 2207 ἁπλούσθω
1273 2181 1313 2212 είς
1327 2181 1422 2214 γονέας
1434 2181 1480 2208 καὶ
1490 2181 1621 2216 ἀδελφοὺς
1633 2181 1681 2207 καί,
1695 2182 1837 2215 συγγενεῖς
1844 2179 1911 2207 πάν-

1118 2235 1151 2253 τα
1165 2235 1194 2253 τε
1211 2227 1257 2253 τὸν
1273 2225 1346 2254 οἶκον
1359 2227 1405 2253 τοῦ
1421 2228 1645 2263 ὑποδεδεγμένου.
1667 2228 1698 2254 Εἰ
1713 2228 1762 2263 μὲν
1775 2225 1822 2254 οὖν
1832 2227 1910 2263 εὑρε-

279 2263 308 2292 hi
321 2269 411 2292 vestra
421 2263 609 2292 benedictione
619 2265 692 2300 digni
707 2266 838 2300 comperti
854 2265 964 2298 fuerint,
978 2267 1065 2294 veniat

1121 2271 1186 2297 θεῖεν
1198 2272 1243 2297 καὶ
1256 2269 1328 2298 οὗτοι
1340 2271 1390 2307 τῆς
1404 2272 1537 2308 ὑμετέρας
1548 2273 1673 2307 εὐλογίας
1687 2272 1766 2305 ἄξιοι,
1779 2272 1881 2298 ἐλθέτω
1892 2272 1908 2307 ή

279 2316 331 2344 pax
347 2313 437 2337 vestra
451 2317 531 2345 super
542 2317 646 2344 onmes,
659 2317 709 2338 ceu
723 2310 791 2338 filios
803 2311 888 2346 pacis.
906 2311 954 2338 Sin
969 2317 1064 2342 contra

279 2357 371 2384 hostes
383 2363 530 2388 osorcsque
544 2361 639 2384 vestrae
654 2357 728 2391 pacis
742 2357 792 2384 visi
809 2357 919 2390 fuerint,
937 2365 968 2384 ac
980 2358 1064 2384 nulla-

280 2406 357 2429 tenus
368 2409 399 2429 ea
413 2402 497 2437 digiti,
516 2402 648 2436 tollentes,
666 2402 764 2438 inquit,
773 2404 842 2430 bona
854 2408 944 2431 vestra
954 2404 986 2430 ab
996 2404 1065 2430 indi-

278 2448 337 2483 guis
353 2448 480 2480 recedite,
499 2456 604 2484 paxque
616 2454 707 2477 vestra
721 2449 755 2476 ad
769 2456 817 2477 vos
832 2454 984 2477 revertatur
996 2470 1003 2482 ,
1019 2457 1065 2477 ve-

243 2524 252 2533 ,
277 2499 333 2521 stra
345 2494 449 2522 scilicet
466 2494 651 2523 benedictione
666 2496 699 2524 ad
722 2504 771 2525 vos
786 2496 916 2524 redeunte
931 2496 991 2531 quia
1005 2504 1065 2531 par-

278 2544 319 2568 tes
335 2545 441 2568 vestras
452 2541 623 2576 implevistis.

315 2631 337 2648 ⁸³
351 2631 385 2659 Et
403 2633 431 2659 in
453 2634 787 2674 quamcrtnque'ciuitatem
811 2634 989 2668 iutrauerilir,
1006 2640 1030 2662 et

516 2674 674 2703 susceperint
698 2677 754 2701 υοι,
770 2674 822 2696 ΘΙοι

312 2712 361 2739 llis
377 2713 467 2741 verbis
489 2721 584 2742 rursus
606 2714 681 2749 ipsos
702 2714 779 2750 jubet
797 2715 946 2750 pmdicare
961 2715 1007 2742 Dei
1022 2722 1066 2743 re-

277 2764 369 2793 gnum,
385 2755 467 2793 idqu'e
486 2758 542 2793 jam
557 2760 737 2796 propinquutn
753 2760 880 2788 nuntiare
893 2770 900 2788 :
913 2768 1000 2795 neque
1018 2767 1066 2787 va-

277 2809 340 2830 nam
350 2811 437 2838 neque
448 2805 506 2833 sine
517 2806 747 2835 demonstratione
756 2806 908 2836 orationem
922 2806 1064 2841 habentes,

312 2858 405 2894 “cap.
422 2868 449 2893 ι,
464 2862 492 2890 8.

283 2908 288 2911 ’
316 2906 382 2945 (δϐχ
390 2906 463 2942 Cod._
474 2906 655 2945 ῐπιξωμινον.

1117 2318 1211 2353 εἰρήνη
1226 2318 1303 2353 ὑμῶν
1320 2319 1366 2345 ἐπὶ
1389 2319 1492 2351 πάντας
1504 2319 1541 2351 ὼς
1555 2319 1684 2350 ὲπὶυίοὺς
1698 2319 1826 2355 εἰρήνης·
1849 2319 1873 2344 εἰ
1886 2317 1908 2344 δ’

1118 2363 1209 2400 ἐχθροὶ
1226 2364 1273 2390 καὶ
1297 2364 1421 2399 πολέμιοι
1438 2366 1488 2400 τῆς
1508 2365 1644 2400 ὑμετέρας
1662 2365 1768 2399 ὀφθεῖεν
1787 2365 1908 2400 εἰρήνης.

1118 2409 1164 2435 καὶ
1177 2409 1301 2445 οὐδαμῶς
1316 2409 1401 2444 αὐτῆς
1419 2409 1498 2442 ἄξιοι,
1517 2411 1644 2446 ἄραντες,
1659 2410 1736 2446 φησὶ,
1746 2409 1906 2445 τὰῦμέτερα

1117 2454 1217 2488 ἀγαθὰ,
1234 2454 1288 2481 τῶν
1308 2455 1423 2488 ἀναξίων
1436 2456 1613 2491 ὑποχωρεῖτε,
1629 2456 1675 2482 καὶ
1689 2457 1705 2490 ή
1723 2456 1817 2491 εἰρήνη
1832 2454 1908 2490 ὑμῶν

1117 2501 1158 2534 ἐφ’
1176 2501 1248 2536 ὑμᾶς
1261 2501 1460 2536 ἐπιστρεψάτω,
1475 2502 1524 2537 τῆς
1540 2501 1569 2533 ἐξ
1584 2501 1660 2536 ὑμῶν
1679 2501 1801 2535 εὐλογίας
1818 2501 1860 2535 ἐφ’
1877 2501 1907 2527 ὑ-

1118 2548 1171 2581 μᾶς
1184 2548 1263 2574 πάλιν
1284 2548 1507 2584 μεταϐαινούσης,
1528 2549 1569 2575 ὅτι
1585 2549 1616 2585 δὴ
1632 2548 1665 2575 τὰ
1682 2549 1747 2584 παρ’
1763 2547 1840 2584 ὑμῶν
1860 2556 1909 2574 πε-

1117 2593 1168 2629 πλη
1175 2594 1290 2629 ρώκατε.

1115 2640 1169 2666 Καὶ
1183 2641 1226 2672 εἰς
1240 2640 1279 2674 ἢν
1291 2641 1316 2667 δ’
1333 2641 1370 2669 ἂν
1391 2643 1483 2686 πολιν
1497 2641 1675 2702 εἱσέρχίτσθε
1697 2640 1745 2667 καί
1762 2639 1907 2674 δέχωνται

1406 2685 1495 2702 uuar.
1512 2686 1540 2702 κ.
1553 2685 1579 2702 τ.
1615 2696 1622 2702 .

1406 2685 1495 2712 υμας,
1512 2686 1540 2704 κ.
1553 2685 1579 2703 τ.
1597 2685 1622 2704 Α.

1157 2721 1201 2748 Ἐν
1210 2721 1316 2755 τούτοις
1326 2732 1358 2758 γε
1372 2723 1453 2750 πάλιν
1468 2722 1614 2760 κηρύττειν
1625 2721 1672 2749 τοῦ
1685 2721 1752 2748 Θεοῦ
1766 2721 1816 2757 τὴν
1830 2720 1906 2756 βασι-

1112 2764 1197 2799 λείαν,
1212 2769 1259 2795 καὶ
1272 2769 1415 2804 ήγγικέναι
1427 2769 1515 2804 λέγειν
1528 2768 1612 2805 αὐτὴν
1626 2767 1840 2804 παρεκελεύετν
1855 2767 1904 2794 οὑκ

1113 2810 1197 2847 ἀργὸν
1213 2813 1266 2840 οὐδ’
1280 2814 1474 2842 ἀναπόδεικτον
1494 2814 1672 2850 ποιουμένους
1692 2813 1737 2841 τὸν
1758 2812 1847 2847 λόγον,
1870 2811 1904 2839 τὰ
