2061 3215
169 189 224 219 553

752 192 1002 220 COMMENTARIA
1018 191 1050 219 ΙΝ
1068 191 1199 219 LUCAM.

1747 192 1799 218 πει

167 251 346 287 γνωρίσματα
362 251 390 278 δὲ
410 251 577 286 παρέχοντας
590 251 636 278 τοῦ
652 252 838 287 κηρύγματος,
858 252 901 279 διὰ
915 253 961 279 τοῦ

1018 252 1061 279 sed
1087 251 1468 286 praedicationis"argumenta
1485 250 1653 281 exhibentes.
1674 251 1798 278 curandis

168 296 330 332 θεραπεύειν
343 296 404 328 τοὺς
415 298 479 331 παρ’
490 297 580 328 αὐτοῖς
591 297 724 330 ἀσθενεῖς,
737 297 783 324 καὶ
794 298 868 324 οὐδὲν
879 299 961 325 πλέον

173 342 217 377 τῆς
240 341 378 377 ἐφημέρου
401 344 503 379 τροφῆς
524 343 728 378 ἀποφέρεσθαι·
753 344 768 370 ὃ
786 343 818 379 δὴ
842 345 961 380 παρίστη

169 388 269 422 λέγων·
292 387 409 415 Ἐσθίετε
429 389 463 415 τὰ
487 389 692 424 παρατιθέμενα
713 390 787 423 ὑμῖν,
814 390 860 416 καὶ
882 390 961 425 θερα-

169 433 266 460 πεύετε
288 435 351 466 τοῗις
369 436 398 462 ἐν
414 435 505 467 αὐτοῖς
526 435 658 467 ἀσθενεῖς.
682 435 790 471 Ἐπειδὴ
808 436 830 462 δ’
850 436 961 463 ἀντέπι-

169 488 246 510 πτεν,
268 480 293 506 εί
315 478 361 507 οὖν
376 481 412 516 μὴ
433 481 556 516 εὑρεθείη
576 489 617 512 τις
640 480 713 513 ἄξιος
735 480 783 516 τῆς
798 480 963 516 δηλωθείσης

170 525 314 561 ὑποδοχῆς,
336 526 362 552 τί
381 526 433 562 χρὴ
454 527 583 562 πράττειν
607 526 723 558 αὐτούςς
742 526 894 558 ἀκολούθως
916 529 963 554 καὶ

172 572 238 607 περὶ
249 571 350 598 τούτων
363 572 513 599 ἐπάκουσον
532 570 575 598 οἷα
590 572 710 598 διδάσκει
722 571 807 606 λέγων
819 572 881 608 ἑξῆς
891 581 898 587 ·
911 574 963 606 Είς

170 616 211 649 ἦν
235 616 261 643 6⁸
278 616 316 644 ἂν
343 618 433 644 πόλιν·
457 617 646 652 εἰσέρχησθε,
678 617 727 644 καὶ
754 617 797 652 μὴ
820 617 963 652 δέχωνται

170 663 258 697 ὑμᾶς,
277 673 303 690 κ.
318 672 343 690 τ.
356 664 381 690 λ.

171 710 261 737 Ὅταν
282 711 298 736 ὀ
317 710 439 744 ίσκιψὲς
460 710 705 744 καθωπλισμένος
734 710 879 745 φυλάσσῃ
907 709 964 744 τὴν

384 745 492 772 ἑαυτοῦ
502 746 612 779 αὐλὴν,
629 755 655 772 κ.
669 755 694 772 τ.
709 746 733 773 λ.

213 791 333 828 ’ἰσχυρὸν
350 791 398 826 μὲν
411 791 455 818 τὸν
471 792 671 827 κατισχύσαντα
687 791 734 818 τοῦ
748 793 843 826 γένους
853 791 906 818 τῶν
917 792 964 818 ἁν-

172 835 287 873 θρώπων
301 836 421 864 διάϐολον
432 837 505 871 λέγει
514 846 520 852 ·
534 837 619 873 αὐλὴν
628 838 657 864 δὲ
673 837 754 865 αὐτοῦ
771 838 815 864 τὸν
827 837 964 872 περίγειον

171 882 226 908 τῶν
241 882 346 917 θνητῶν
360 883 441 910 τόπον
456 884 512 919 (ΞΠ)
522 892 528 898 “
544 883 698 920 ὑπάρχοντα
714 883 742 910 δὲ
755 884 833 910 πάντ’
845 885 933 910 ἐκεῖνα
946 883 964 910 ἃ

1012 298 1057 332 qui
1070 297 1140 332 apud
1153 297 1213 324 illos
1227 296 1317 324 forent
1333 296 1460 328 infirmis,
1472 303 1558 331 neque
1569 301 1709 331 propterea
1723 297 1800 331 quid-

1012 352 1092 379 quam
1109 343 1177 370 ultra
1200 344 1354 377 quotidiana
1374 343 1502 370 alimenta
1519 343 1694 378 accipientes.
1715 342 1800 376 Quam

1012 398 1068 417 rem
1083 390 1119 416 ita
1141 390 1225 416 edixit
1242 398 1250 417 :
1270 388 1431 416 Manducate
1444 396 1503 423 qua:
1523 394 1693 424 apponuntur
1714 390 1800 416 vobis.

1012 441 1038 462 et
1052 442 1145 463 curate
1169 436 1307 467 inﬁrmos,
1324 436 1369 470 qui
1387 437 1459 470 apud
1477 443 1524 462 eos
1551 441 1624 463 sunt.
1649 436 1716 469 Quia
1739 444 1803 462 vero

1013 481 1076 509 illud
1093 482 1229 513 obstabat,
1245 488 1342 515 nempe
1353 481 1375 507 si
1389 488 1453 513 ergo
1470 488 1550 508 nemo
1569 481 1666 516 dignus
1681 488 1729 508 vos
1755 482 1803 508 lto-

1013 527 1094 561 spitio
1115 527 1261 561 recipiendi
1281 527 1372 558 fuerit,
1389 527 1453 561 quid
1478 527 1550 554 factu
1571 535 1638 562 opus
1652 527 1802 554 erit?con-

1013 578 1159 607 Sequenlcr
1181 572 1242 599 audi
1269 573 1333 606 quid
1359 573 1409 599 hac
1432 580 1516 606 super
1535 580 1564 599 rc
1584 573 1610 599 in
1629 572 1804 607 sequentibus

1014 619 1101 646 dicat:
1115 619 1143 646 Si
1158 627 1236 653 quam
1254 627 1313 645 vero
1324 619 1351 645 in
1364 619 1452 645 urbem
1465 619 1636 651 intraverilis,
1649 619 1804 653 minimeque

1014 674 1058 692 ινοι
1071 666 1228 699 exteperinl,
1242 671 1294 692 etc.

1032 712 1055 728 ³⁵
1065 711 1130 739 Cum
1144 712 1220 746 [ortis
1241 716 1361 738 urinam:
1381 711 1494 737 custodit
1511 712 1608 738 atrium
1628 720 1716 744 suum,
1729 717 1784 739 etc.

1049 789 1158 816 Fortem
1170 786 1281 823 quidem
1296 789 1360 816 dicit
1376 789 1510 817 diabolum
1524 809 1531 821 ,
1547 790 1592 825 qui
1617 791 1746 817 adversus
1759 790 1806 817 ho-

1014 837 1116 864 minum
1137 843 1220 870 genus
1241 835 1428 870 prmvaluerat.
1448 836 1552 863 Atrium
1579 836 1698 869 ejusdem
1714 838 1805 871 appel-

1016 883 1051 910 lat
1076 887 1211 909 terrenum
1229 890 1243 908 ιι
1264 881 1422 909 mortalibus
1440 881 1589 908 habitatum
1601 882 1805 916 spatiutnzpos—

171 929 203 964 δὴ
225 929 360 962 ἐπιδείξας
383 929 420 965 τῷ
445 930 550 965 Σωτῆρὶ
578 938 644 956 ποτε
667 929 778 964 ἔλεγεν·
805 929 898 956 Ταῦτά
919 937 967 956 σοι

1019 928 1154 956 sessiones
1167 935 1230 955 vero
1244 928 1303 962 ejus
1324 927 1367 954 illa
1394 928 1484 954 omnia
1505 935 1566 962 qua:
1587 928 1650 955 ohm
1668 928 1804 956 Servatori

172 974 271 1001 πάντα
285 974 380 1007 δώσω,
395 975 449 1002 ἐὰν
461 974 563 1002 πεσὼν
575 975 795 1010 προσκυνήσῃς
804 984 865 1010 μοι,
880 975 924 1001 ὅτε
935 976 964 1001 ἐν

172 1019 211 1055 τῷ
235 1020 329 1056 ὑψηλῷ
344 1020 401 1057 ὄρει
425 1020 524 1054 ἔδειξεν
540 1021 615 1057 αὐτῷ
637 1021 687 1053 τὰς
705 1021 843 1056 βασιλείας
857 1021 903 1047 τοῦ
917 1021 964 1047 κό-

176 1075 245 1102 σμου
261 1067 308 1093 καὶ
328 1066 376 1102 τὴν
397 1066 474 1098 δόξαν
491 1067 584 1094 αὐτοῦ.
607 1067 688 1094 Ἀλλὰ
713 1066 796 1093 πάλαι
811 1066 860 1101 μὲν
878 1065 965 1093 ταῦτα

175 1112 257 1140 αὑτοῦ
272 1112 307 1139 τὰ
321 1112 476 1148 ὑπάρχοντα
491 1114 519 1139 ὲν
529 1113 625 1149 εἰρήνῃ
637 1110 681 1148 ἦν,
692 1112 804 1148 μηδενὸς
816 1111 898 1138 αὑτοῦ
914 1112 966 1146 ἁφ-

177 1159 338 1194 αιρουμένου
350 1167 357 1173 '
378 1159 422 1185 ὅτε
445 1166 476 1192 γε
499 1158 551 1194 μὴν
565 1159 579 1184 ὁ
595 1159 767 1194 ἰσχυρότερος
791 1157 872 1184 αὐτοῦ
886 1157 965 1184 ἐπελ-

176 1204 231 1231 θὼν
245 1204 448 1236 καταπαλαίσας
464 1212 494 1230 τε
513 1204 593 1230 αὑτὸν
605 1203 713 1238 δεσμοῖς
733 1202 887 1238 περιέϐαλε,
905 1202 965 1228 τότε

177 1251 223 1276 καὶ
236 1251 284 1285 τὴν
301 1249 450 1293 πανοπλίσδν
472 1249 554 1275 αὑτοῦ
569 1248 704 1283 ἀφείλετο,
725 1246 796 1284 ἐφ”ᾔ
816 1247 964 1278 ἐπεποίθει,

177 1296 270 1324 καὶτὰ
293 1296 380 1322 σκῦλα
394 1292 475 1322 αὐτοῦ
493 1294 617 1330 ἁρπάσας
629 1294 748 1320 διέδωκε.
767 1292 921 1319 Πανοπλίαν
938 1292 965 1319 δὲ

175 1343 258 1370 αὐτοῦ
274 1343 323 1378 τὴν
347 1342 400 1368 τῶν
424 1342 557 1377 δαιμόνων
578 1340 706 1372 πολύθεον
722 1339 826 1375 πλάνην
845 1339 964 1374 ᾐνίξατο.

177 1389 266 1415 Ὅπλα
280 1389 334 1424 γὰρ
353 1387 475 1414 διαὸόλου
492 1388 516 1413 oi
539 1385 675 1421 πανταχοῦ
694 1385 744 1421 γῆς
759 1385 895 1421 ἱδρυμένοι
910 1384 967 1411 δαί-

178 1443 257 1471 μονες
280 1433 474 1469 συνεργοῦντες
493 1432 575 1459 αὺτοῦ
597 1433 630 1468 τῇ
653 1431 724 1458 κατὰ
744 1431 797 1458 τῶν
817 1430 966 1466 ἀνθρώπων

176 1480 328 1516 τυραννίδι·
352 1478 437 1506 σκῦλα
457 1478 485 1505 δὲ
501 1476 572 1513 ἦσαν
594 1477 676 1504 αὐτοῦ
697 1477 724 1503 αί
741 1477 795 1503 τῶν
816 1475 967 1512 ἀνθρώπων

175 1526 261 1562 ψυχαὶ.
294 1525 347 1552 ὑπὸ
376 1526 426 1560 τῆς
443 1524 600 1559 διαϐολικῆς
630 1522 779 1554 πανοπλίας
801 1523 967 1558 αἰχμάλωτοι

176 1572 343 1608 ἁπηγμέναι.
353 1570 433 1597 Ἀλλὰ
455 1570 500 1597 τὸν
516 1571 565 1606 μὲν
581 1570 666 1596 δεινὸν
687 1570 789 1596 ἐκεῖνον
808 1569 937 1605 τύραννον
953 1568 968 1595 ὁ

1018 974 1163 1001 ostendens
1176 974 1266 1001 aiebat
1280 982 1285 999 :
1302 973 1367 1000 Ilwc
1382 974 1470 1000 omnia
1484 973 1531 1000 tibi
1543 974 1621 1005 dabo,
1632 973 1655 1001 si
1668 974 1805 1009 precidem

1018 1020 1169 1047 adoraueris
1181 1028 1220 1046 me
1227 1020 1262 1052 ⁸⁸,
1276 1026 1372 1054 nempe
1385 1026 1447 1046 cum
1466 1019 1492 1046 in
1507 1019 1614 1046 excelso
1629 1024 1720 1046 monte
1738 1027 1807 1046 cnn<

1018 1070 1060 1092 cta
1076 1065 1113 1093 illi
1136 1065 1228 1092 mundi
1246 1073 1328 1100 regna
1353 1064 1519 1100 gloriamque
1537 1065 1655 1100 ejusdem
1678 1065 1802 1092 ostende-

1018 1112 1074 1139 bat.
1094 1110 1146 1138 Sed
1165 1111 1228 1138 olim
1245 1111 1354 1145 quidem
1371 1111 1412 1137 ine
1428 1110 1614 1143 possessiones
1628 1111 1685 1145 ejus
1702 1111 1728 1137 in
1743 1118 1807 1145 pace

1018 1161 1106 1189 erant,
1125 1157 1264 1184 auferente
1280 1157 1396 1184 nemine.
1413 1156 1466 1184 Sed
1484 1164 1544 1183 eum
1562 1156 1658 1184 fortior
1669 1164 1700 1184 eo
1713 1164 1807 1190 super~

1019 1202 1140 1235 veniens.
1159 1211 1275 1238 eumque
1296 1211 1454 1238 oppugnans
1468 1203 1581 1231 vinculis
1601 1202 1730 1237 alligavit,
1745 1208 1807 1229 tunc

1019 1253 1046 1276 et
1055 1249 1174 1284 ejusdem
1187 1254 1351 1276 armaturam
1363 1249 1474 1277 abstulit
1484 1249 1524 1277 cui
1536 1248 1697 1280 confidebat,
1706 1254 1733 1275 et
1747 1257 1808 1284 spo-

1019 1295 1054 1322 lia
1071 1295 1175 1330 direpta
1189 1295 1339 1322 distribuit.
1357 1295 1441 1323 Porro
1453 1302 1597 1323 armaturae
1621 1295 1808 1325 ιισπτῒιτεηιίτπη

1019 1341 1098 1368 bolici
1113 1340 1284 1375 polytheismi
1303 1348 1425 1368 errorem
1444 1342 1541 1368 innuit.
1563 1342 1645 1369 Arma
1663 1343 1735 1369 enim
1751 1343 1808 1369 dia-

1018 1387 1073 1414 boli
1090 1391 1153 1414 sunt
1170 1386 1305 1414 daemones
1321 1387 1419 1421 ubique
1439 1392 1572 1415 terrarum
1594 1389 1745 1419 constituti,
1761 1397 1808 1415 au-

1020 1433 1130 1460 xiiiares
1153 1432 1211 1467 ejus
1233 1433 1365 1461 adversus
1390 1433 1514 1461 homines
1540 1435 1700 1469 tyrannidis.
1719 1435 1807 1469 Spolia

1020 1479 1128 1514 quidem
1148 1483 1228 1506 erant
1247 1480 1380 1513 ejusdem,
1395 1480 1532 1507 hominum
1558 1481 1654 1507 animm
1668 1480 1809 1508 diabolicis

1022 1525 1105 1552 armis
1116 1525 1142 1553 in
1162 1525 1345 1561 captivitatem
1358 1526 1479 1553 abducta:
1491 1535 1497 1558 ;
1509 1526 1556 1554 sed
1569 1527 1641 1554 enim
1656 1527 1729 1554 illum
1743 1535 1810 1562 quo-

1022 1578 1074 1605 que
1099 1571 1254 1598 horribilem
1281 1575 1425 1607 tyrannum
1451 1572 1577 1599 Christus
1599 1573 1713 1600 vinculis
1739 1573 1809 1599 irre-

176 1617 293 1654 Χριστὸς
308 1617 416 1652 δεσμοῖς
430 1615 596 1652 περιϐαλὼν,
610 1615 698 1642 πᾶσαν
715 1614 797 1642 αὐτοῦ
811 1614 967 1641 διεσκέδασε

1021 1618 1101 1649 tiens,
1114 1617 1267 1644 universam
1286 1619 1344 1651 ejus
1359 1621 1525 1644 armaturam
1542 1618 1693 1653 dissipavit.
1711 1618 1810 1645 (ίίιξιιιο-

175 1666 224 1701 τὴν
249 1664 408 1696 πανοπλίαν,
425 1664 488 1694 τοὺς
510 1662 638 1697 δαίμονας
656 1661 755 1697 δηλαδὴ
772 1662 818 1688 καὶ
834 1662 867 1688 τὰ
887 1662 968 1688 πνεύο

178 1720 250 1748 ματα
265 1712 299 1738 τὰ
317 1710 468 1746 ἀκάθαρτα.
485 1709 534 1741 τὰς
549 1709 677 1744 δυνάμεις
691 1717 720 1734 τε
737 1707 786 1739 τὰς
811 1708 967 1742 ἀντικειμέ-

177 1765 243 1789 νας·
266 1757 301 1784 τὰ
316 1756 344 1783 δὲ
367 1756 452 1782 σκῦλα
469 1754 562 1785 αὑτοῦ,
579 1754 613 1781 τὰ
632 1753 716 1780 πάλαι
735 1753 922 1789 δεδουλωμένα
934 1753 967 1788 τῇ

176 1801 313 1838 τυραννίδι
335 1800 428 1832 αὐτοῦ,
455 1800 518 1835 ἔθνη
541 1799 610 1834 φημὶ
632 1799 720 1826 πάντα
742 1799 969 1834 μεταστησάμενα

177 1847 228 1883 τῆς
251 1847 367 1878 παλαιᾶς
388 1846 518 1878 δουλείας,
537 1845 694 1872 διαδέδωκεν
718 1844 827 1875 οἰκείοις
854 1843 969 1879 ἡγεμόσι

179 1894 228 1920 καὶ
243 1894 355 1929 ἄρχουσι
369 1894 424 1924 τοῖς
443 1892 487 1918 ὑπ’
501 1892 581 1918 αὑτὸν
596 1889 773 1926 στρατιώταις
786 1890 836 1925 τῆς
853 1889 907 1916 τῶν
924 1890 969 1916 οὺ-

180 1939 270 1976 ρανῶν
286 1938 433 1975 βασιλείας.
446 1938 604 1969 ἀποστόλοις
622 1937 721 1973 δηλαδὴ
738 1937 785 1963 καὶ¹
798 1937 854 1968 τοῖς
867 1936 970 1962 τούτων

178 1985 319 2021 διαδόχοις.
335 1985 401 2021 Περὶ
414 1981 451 2010 ὧν
463 1983 568 2011 σκύλων
580 1983 744 2019 θαυμαστῶς
757 1984 971 2019 προανεφωνεῖτο

180 2033 208 2060 ἐν
233 2031 387 2069 προψητείᾳ
409 2030 566 2066 φασκούσῃ·
588 2030 615 2055 Ὀ
639 2029 788 2062 ,βασιλεὺς
802 2028 862 2056 τῶν
879 2028 970 2056 δυνά-

177 2086 258 2113 μεων
283 2077 336 2104 τοῦ
367 2075 545 2112 Ἀγαπητοῦ,
571 2075 608 2110 τῇ
634 2075 787 2110 ὡραιότητι
815 2075 869 2102 τοῦ
887 2075 971 2102 οικου

180 2123 331 2150 διελέσθαι
350 2122 461 2149 σκῦλα.
493 2121 636 2156 Τεκμήρια
656 2120 684 2146 δὲ
699 2120 786 2147 ταῦτα
802 2119 904 2154 ἐναργῆ
923 2119 972 2154 τῆς

179 2169 228 2196 τοῦ
261 2168 328 2196 Θεοῦ
354 2167 492 2203 βασιλείας
515 2166 699 2202 καθαιρούσης
728 2165 774 2193 καὶ
792 2164 972 2200 ταπεινούσης

181 2215 270 2242 πᾶσαν
287 2214 373 2250 ἀρχὴν
392 2214 440 2241 καὶ
462 2212 585 2246 ἐξουσίαν
603 2212 651 2239 καὶ
670 2211 794 2247 δύναμιν,
810 2210 857 2237 καὶ⁵
883 2211 972 2237 πᾶσαν

182 2260 231 2297 τὴν
247 2260 376 2287 πολύθεον
394 2259 442 2286 καὶ
460 2258 618 2294 δαιμονικὴν
634 2257 790 2293 τυραννίδα,
813 2256 867 2282 τῶν
887 2256 909 2282 δ’
927 2255 972 2282 ἐπὶ

1019 1670 1067 1690 nes
1093 1663 1217 1690 videlicet
1245 1668 1272 1690 et
1295 1663 1414 1698 impuros
1438 1664 1566 1698 spiritus,
1589 1670 1616 1691 et
1641 1665 1810 1692 adversarius

1019 1713 1176 1743 potestates.
1189 1709 1278 1744 Spolia
1291 1717 1357 1737 vero
1371 1710 1447 1743 cjus',
1463 1715 1557 1744 gentes
1584 1710 1692 1744 inquam
1718 1715 1810 1745 tyran-

1020 1755 1082 1782 uide
1092 1755 1175 1790 ipsius
1188 1757 1322 1790 quondam
1338 1763 1492 1790 oppressas,
1508 1760 1598 1783 vetere
1615 1757 1743 1783 servitute
1751 1763 1810 1782 om—

1020 1809 1069 1828 nes
1079 1807 1198 1836 ereptas,
1208 1802 1320 1830 ducibus
1332 1803 1388 1829 suis
1404 1801 1656 1834 tradidit,videlicet
1673 1806 1737 1828 nutu
1753 1802 1810 1836 ejus

1020 1855 1070 1883 pro
1081 1849 1212 1874 malorum
1232 1855 1315 1882 regno
1329 1848 1516 1879 militantibus,
1539 1848 1564 1874 id
1580 1853 1621 1874 est
1637 1847 1768 1882 apostolis
1782 1851 1811 1874 et

1020 1893 1117 1920 borum
1135 1894 1347 1921 successoribus.
1364 1895 1400 1921 De
1423 1894 1521 1928 quibus
1540 1893 1634 1928 spoliis
1655 1893 1722 1920 mire
1746 1901 1811 1928 pro-

1021 1940 1165 1966 elamatum
1186 1940 1275 1966 fuerat
1297 1940 1323 1966 iu
1338 1940 1478 1975 prophetia
1503 1940 1609 1967 dicente
1631 1939 1709 1966 :Rea:
1729 1940 1810 1966 t-irltt-

1023 1989 1078 2012 tum
1094 1985 1201 2017 Dilecti.
1224 1986 1317 2020 speciei
1334 1986 1426 2012 domus
1448 1986 1562 2012 dividere
1580 1986 1662 2020 spolia
1673 1985 1707 2012 ".
1729 1986 1810 2020 Signa

1021 2039 1086 2058 vero
1106 2032 1162 2058 haec
1177 2036 1240 2057 sunt
1254 2029 1395 2057 manifesta
1417 2030 1500 2057 divini
1526 2031 1599 2065 regni
1617 2032 1812 2065 prosternentis

1023 2083 1054 2103 ac
1069 2077 1231 2103 destruentis
1251 2075 1398 2110 quemlibet
1422 2075 1620 2110 principatum,
1649 2080 1811 2110 potestatem

1024 2129 1055 2148 ac
1070 2122 1135 2152 vim.
1151 2127 1178 2148 et
1197 2121 1356 2149 diabolicam
1373 2128 1480 2147 omnem
1502 2121 1673 2156 polytbeismi
1691 2123 1813 2157 tyranni-

1023 2167 1180 2201 detnzquod
1196 2175 1308 2201 regnum
1325 2167 1381 2201 jam
1399 2167 1426 2193 in
1440 2168 1506 2194 orbe
1521 2167 1593 2194 inter
1606 2167 1729 2195 homines
1746 2175 1813 2201 prae-

1023 2212 1113 2240 valere
1128 2213 1284 2247 incipiebat.
1298 2213 1401 2240 Idcirco
1416 2213 1453 2240 ait
1464 2213 1594 2240 Servator
1607 2221 1613 2238 :
1633 2213 1709 2245 Quod
1722 2213 1745 2238 si
1766 2221 1812 2246 ego

1024 2257 1050 2284 in
1065 2257 1165 2292 Spiritu
1180 2259 1228 2285 Dei
1240 2258 1318 2293 ejttio
1342 2258 1483 2291 dwmonia,
1498 2259 1585 2293 utique
1600 2258 1711 2292 peruenit
1727 2258 1752 2284 in
1767 2265 1812 2284 vos

182 2307 234 2342 γῆς
248 2306 396 2342 ἀνθρώπων
409 2306 566 2340 ἐπικρατεῖν
580 2304 743 2339 ἀρχομένης.
766 2303 810 2329 Διό
825 2310 892 2337 φησι
922 2302 975 2328 Σω-
990 2299 1012 2327 D
1027 2311 1132 2337 regnum
1148 2303 1196 2331 Dei
1213 2304 1246 2331 ⁸⁷.

182 2355 251 2391 τήρ·
266 2355 301 2382 El
314 2353 339 2380 δ’
351 2353 408 2388 ἐγὼ
427 2353 461 2380 ἐν
478 2353 626 2387 Πνεύματι
651 2351 725 2378 Θεοῦ
752 2349 889 2376 ἐκϐάλλω
918 2348 954 2375 τὰ
979 2349 1125 2384 δαιμόνια,
1154 2351 1210 2384 ἄρα
1231 2351 1364 2386 ἔφθασεν
1382 2351 1428 2386 ἐφ’
1450 2349 1526 2385 ὑμᾶς
1549 2350 1569 2383 ἡ
1591 2349 1735 2381 ,ϐασιλεία
1759 2347 1813 2374 τοῦ

183 2401 268 2429 Θεοῦ.

183 2449 276 2474 Ὅταν
290 2447 324 2473 δὲ
337 2446 548 2507 προσφέρωσιζ
559 2444 637 2508 Epig
658 2444 706 2470 ἐπὶ
721 2443 775 2477 τὰς
783 2443 970 2478 συναγωγὰς,

219 2528 298 2555 υῦτω
312 2527 378 2562 δῆτα
404 2528 574 2563 φρονήματος
590 2526 689 2557 αὐτοὺς
708 2525 825 2561 ἐπλήρου
842 2524 890 2552 καὶ
905 2523 970 2558 θάρ-

184 2582 247 2606 σους
260 2574 304 2601 διὰ
314 2573 360 2600 τοῦ
379 2573 499 2608 μεθέξειν
508 2573 605 2603 αὐτοὺς
621 2572 693 2599 θείου
711 2571 867 2605 Πνεύματος
887 2570 973 2604 ἐπαγ-

182 2620 342 2655 γέλλεσθαιο
357 2619 391 2646 δι’
412 2619 491 2645 αὑτοῦ
510 2618 562 2653 γὰρ
584 2618 630 2644 καὶ
651 2616 833 2652 δυναμοῦσθαι
849 2615 922 2647 εἰκὸς
937 2613 971 2651 ἦν

183 2665 291 2697 αὐτούς.
307 2665 361 2691 Καὶ
376 2663 435 2695 πῶς
451 2663 504 2699 γὰρ
516 2663 566 2690 οὑκ
579 2662 688 2697 ἔμελλον
701 2661 912 2697 παραστήματος
925 2660 972 2686 καὶ

184 2711 302 2748 θάρσους
317 2711 363 2737 καὶ
380 2709 533 2746 προθυμίας
554 2707 763 2744 ἐμπίμπλασθαι
777 2706 899 2742 ἀγαθῆςς
915 2706 972 2737 πῶς

182 2757 211 2784 δὲ
232 2758 270 2794 μὴ
282 2757 437 2793 θαρσαλέως
454 2757 553 2792 χωρεῖν
570 2755 612 2790 ἐφ’
624 2753 775 2791 ἡγεμονικὰ
786 2753 833 2779 καὶ
848 2752 973 2788 βασιλικὰ

220 2816 244 2832 ³⁸
259 2816 325 2844 CAP.
339 2824 374 2847 xi.
390 2816 436 2843 2L
472 2815 495 2832 "
512 2814 608 2842 Matth.
630 2822 667 2845 tv,
679 2815 705 2842 9.
741 2812 765 2830 "
775 2810 845 2840 Psal.
863 2817 946 2842 vau,
964 2815 967 2835 έ

1043 2809 1064 2825 ⁸⁷
1083 2808 1175 2836 Matth.
1190 2815 1238 2841 xu,
1252 2807 1297 2836 28.

1079 2442 1102 2457 ⁸⁵
1115 2442 1181 2469 Cum
1192 2447 1280 2468 autem
1295 2442 1418 2468 inducent
1432 2447 1476 2468 uas
1495 2440 1522 2466 in
1538 2445 1694 2473 synagogas,
1705 2443 1757 2464 etc.

1061 2521 1108 2549 Sic
1121 2528 1186 2557 ergo
1210 2521 1271 2549 illos
1290 2521 1361 2548 bono
1380 2521 1472 2547 animo
1495 2527 1554 2546 esse
1576 2518 1689 2552 jubebat
1712 2521 1740 2543 et
1756 2514 1811 2541 ala-

1025 2568 1124 2595 critate
1139 2567 1270 2602 replebat,
1283 2566 1347 2593 dum
1362 2566 1443 2592 divini
1462 2565 1607 2599 participes
1621 2563 1739 2598 Spiritus
1751 2568 1813 2587 esse

1025 2613 1185 2642 affirmabat.
1198 2613 1295 2646 Quidni
1319 2613 1390 2639 enim
1404 2611 1500 2638 fiducia
1523 2618 1581 2641 eos,
1595 2606 1766 2638 confidentia,
1784 2611 1813 2633 et

1025 2659 1164 2687 alacritate
1176 2659 1269 2693 plenos
1280 2666 1340 2686 esse
1350 2656 1509 2692 oportebat?
1525 2655 1622 2689 Quidni
1635 2653 1763 2680 audacter
1777 2653 1811 2678 ad

1009 2705 1144 2740 'judieum
1163 2712 1310 2740 regumque
1337 2703 1480 2731 tribunalia
1507 2703 1556 2735 ire,
1582 2708 1642 2728 cum
1660 2698 1810 2734 praemonitt

1026 2752 1141 2780 fuissent
1156 2759 1208 2779 non
1224 2751 1322 2778 debere
1339 2758 1385 2778 eos
1406 2750 1536 2777 meditato
1558 2747 1646 2774 studio
1660 2745 1729 2780 apud
1754 2752 1812 2771 Ina-

1343 2805 1443 2834 "CAP.
1469 2812 1520 2838 xu,
1542 2804 1585 2831 il.

221 2888 276 2924 (57)
297 2887 334 2914 De
353 2886 414 2912 forti
431 2889 544 2917 armato,
560 2883 586 2910 id
599 2887 640 2909 est
666 2881 782 2915 diabolo,
801 2880 846 2916 qui
864 2888 878 2907 ιι
895 2878 1004 2906 Christo
1032 2876 1082 2905 fuit
1110 2875 1268 2910 debellatus,
1297 2875 1414 2903 breviter
1435 2874 1534 2902 dicitur
1555 2874 1636 2901 etiam
1665 2873 1690 2900 in
1726 2871 1810 2899 Ther

185 2920 292 2960 putant.
306 2922 352 2949 lib.
364 2929 405 2953 ul,
419 2920 463 2947 57.

329 2967 463 2998 I’nnOL.
487 2965 546 2996 Gn.
571 2962 685 2994 XXIV.

1633 2951 1670 2982 18
