2061 3215
159 161 212 190 565

737 154 990 185 COMMENTARIA
1007 153 1040 181 IN
1061 152 1188 180 LUiZAM.

1719 143 1771 171 566

157 219 206 254 τῆς
219 217 333 254 τροφῆς,
350 217 564 254 τρεςμακαρίους
579 217 685 252 ἀληθῶς
700 215 868 250 ἀποφαίνων,
896 215 943 241 οὐκ

997 213 1148 241 conlirmat.
1176 211 1241 238 llinc
1265 210 1345 236 etiam
1372 207 1492 235 eruditus
1517 205 1595 233 divus
1615 202 1770 238 Apostolus,

157 264 203 291 ὲπί
217 273 242 291 τι
260 264 351 300 μέρος,
364 264 419 291 ἀλλ’
437 264 482 290 ἐπὶ
496 263 602 290 πάντων
619 263 672 289 τῶν
698 263 875 298 ὑπαρχόντων
890 269 941 287 κα-

156 311 302 346 ταστήσειν
319 310 365 337 τὸν
386 309 603 346 μακαριζόμενον
627 309 695 344 μετὰ
716 308 874 344 προσθήκης
894 306 941 333 τοῦ

156 356 229 392 ἀμὴν
258 355 435 382 ἐπιστώσατο.
452 355 547 382 Ἔνθεν
575 355 621 381 καὶ
644 356 658 381 ὁ
687 355 757 391 ἱερὸς
779 353 941 384 ’Δπόστολος

155 401 339 436 ὠφελημένος,
360 403 422 433 τοὺς
438 401 507 428 κατὰ
523 401 588 428 Θεὸν
600 401 717 433 τελείους
734 401 940 434 κληρονόμους

157 448 232 475 Θεοῦ
245 448 294 475 καὶ
310 448 571 483 γυπνιλτιρονόμους
584 446 711 481 Χριστοῦ
720 446 820 477 ἐκάλει,
830 446 876 472 καὶ
884 445 942 471 ἐλε-

994 258 1127 294 perfectos
1141 256 1288 284 secundum
1310 255 1404 285 Deum,
1419 252 1534 279 hmredu
1551 250 1609 282 Dai,
1625 248 1772 283 Christique

992 304 1153 335 coheredes,
1180 302 1294 329 vocabat
1306 302 1334 334 ',
1357 299 1501 332 aiebatque
1521 305 1529 325 :
1546 296 1605 324 Sive
1624 296 1695 326 rita,
1718 294 1772 321 sive

993 358 1078 382 mors,
1101 350 1154 376 sive
1179 346 1335 382 pra-sentin.
1358 345 1409 372 sive
1435 344 1542 378 (utura,
1565 341 1656 368 omnia
1681 342 1772 366 nostra

993 403 1054 423 esse
1071 395 1091 422 ³.
1120 394 1191 428 Opes
1216 398 1304 420 autem
1328 391 1400 418 illius
1423 386 1594 424 intelligenda
1611 389 1674 413 sunt
1699 383 1771 418 regni

991 441 1072 473 bona,
1087 446 1147 475 quae
1161 438 1255 466 oculus
1271 445 1323 464 non
1340 436 1416 463 vidit.

156 503 213 528 γεν·
228 495 296 521 Εἴτε
315 493 380 528 ζωὴ,
397 493 456 520 εἴτε·
478 494 613 526 θάνατος,
635 492 687 519 εῖτ*
703 491 860 523 ἐνεστῶτα,
885 490 944 517 εἴτε
967 487 1128 523 μέλλοντα,
1165 484 1254 511 πάντα
1276 482 1354 518 ἡμῶν
1387 479 1466 507 εἶναι.
1489 480 1658 515 ’Υπάρχοντα
1679 477 1701 503 δ’
1726 475 1772 502 αὺ-

156 541 204 567 τοῦ
220 547 254 567 τιι
273 542 301 567 ὲν
328 541 361 576 τῇ
384 540 507 575 βασιλεία
528 540 636 574 νοητέον
660 538 758 573 ἀγαθὰ,
774 538 790 565 ει
803 537 939 573 ὀφθαλμὸς
953 535 1001 561 οὐκ
1016 532 1094 560 εἶδεν.

252 589 318 614 Ἐὰν
334 588 359 614 δ’
373 588 442 622 εἴπῃ
455 590 470 615 ό
484 587 592 620 δοῦλος
605 587 728 619 ἐκεῖνος,
747 596 774 613 κ.
786 595 810 613 τ.
829 587 853 612 λ.

199 634 230 660 ’0
246 634 293 669 μὲν
309 634 402 665 πιστὸς
417 634 464 660 καὶ
481 634 611 669 φρόνιμος
623 633 751 659 τοιούτων
763 631 899 664 τεύξεται·
927 631 941 656 ὁ

157 681 181 708 δ’
203 681 322 712 ἐναντίος
339 680 424 715 τούτῳ
437 679 522 714 ὀργῆς
538 679 670 705 Δεσπότου
688 678 889 714 πειραθήσεται,
904 677 941 703 δι-

158 725 318 761 κοτομηθεὶς
334 726 380 752 καὶ
391 725 608 760 ἀποτεμνόμενος
622 724 667 750 τοῦ
682 723 806 758 σώματος
813 723 866 749 τῶν
878 723 941 756 ἀγα-

159 771 213 799 Εῶν
229 771 338 803 δούλων,
357 771 456 806 κλῆρόν
480 780 508 797 τε
531 771 577 797 καὶ
597 771 693 806 μερίδα
711 770 854 806 λαμὸἀνων
872 768 940 804 μετὰ

158 815 214 841 τῶν
230 814 383 850 ὑποκριτῶν
400 815 415 850 ἣ
431 815 484 840 τῶν
501 815 636 841 ἁπίστωψ
654 811 690 840 ὧν
718 815 748 841 τὸ
771 814 845 845 τέλος
859 814 941 840 κλαυ-

159 859 227 895 θμὸς
243 859 289 886 καὶ
303 859 422 894 βρυγμὸς
433 858 485 884 τῶν
501 859 622 885 ὀδόντων.
635 859 703 885 ’Ὀσα
719 860 773 894 γὰρ
785 854 840 890 τοῖς
852 858 940 884 ὀδοῦσι

159 904 299 940 κατήσθιε,
316 906 361 931 καὶ
374 905 422 931 ὅσα
439 905 636 940 μεθυσκόμενος
663 905 840 940 ὲπλημμέλει,
857 904 942 931 ταῦτα

159 951 359 978 ἀποκλαύσεται
371 959 377 966 ·
393 951 471 985 δίκην
485 951 533 985 τὴν
550 951 738 986 προσήκουσαν
751 950 839 982 διδοὺς
853 950 902 985 τῆς
912 958 941 976 τε

160 997 230 1024 κατὰ
240 997 292 1024 τῶν
308 997 457 1023 συνδούλων
470 996 649 1032 παρανομίας,
662 997 707 1023 καὶ
722 996 771 1030 τῆς
794 996 942 1023 ἀκολάστου

159 1045 274 1079 τρυφῆς,
286 1043 510 1079 καταφρονήσεως
527 1051 555 1069 τε
570 1043 618 1079 τῆς
640 1044 680 1074 είς
700 1043 744 1069 τὸν
754 1043 900 1078 Δεσπότην,
914 1043 943 1069 ὃν

159 1088 291 1123 ὡμολόγει
310 1088 357 1123 μὲν
382 1088 418 1123 μὴ
432 1089 549 1121 ἀγνοεῖν,
569 1088 615 1114 καὶ
639 1088 696 1123 ᾔδει
717 1088 754 1119 ὡς
775 1088 827 1124 ἄρα
843 1088 943 1124 Κύριον

160 1134 227 1169 ἔχει,
241 1133 435 1160 ἀναὸἀλλεσθαι
449 1134 476 1159 δὲ
493 1134 572 1159 αὑτὸν
590 1134 639 1169 τὴν
659 1134 748 1169 κρίσιν
768 1135 807 1165 είς
823 1134 944 1169 μακροὺς

956 889 977 915 Β

160 1181 272 1216 χρόνους
282 1181 489 1216 ὑπολαμϐάνων,
505 1181 598 1209 ἑαυτὸν
612 1182 713 1216 ἠπάτα.

164 1227 223 1253 Τίνι
250 1226 381 1261 ὁμοιώσω
403 1226 460 1259 τὴν
480 1226 644 1258 ,ϐασιλείαν
668 1226 720 1251 τοῦ
744 1226 835 1257 Θεοῦ;
859 1226 944 1260 ὁμοία

404 1261 469 1287 ἐστὶ
483 1260 567 1295 ζύμῃ,
584 1270 610 1287 κ.
628 1270 653 1287 τ.
667 1260 691 1287 λ.

195 1306 289 1342 Ζύμην
300 1306 349 1342 τὴν
362 1306 415 1333 ἀπὸ
430 1305 477 1332 τοῦ
492 1306 591 1341 σπόρου
609 1306 876 1341 τελεσιουργηθείσαν
888 1306 945 1331 ’δύ-

161 1361 242 1387 ναμιν
257 1353 270 1379 ὁ
283 1353 378 1387 Σωτὴρ
389 1352 525 1386 ὀνομάζει,
543 1353 573 1378 τὸ
588 1351 699 1386 Πνεῦμα
714 1352 742 1378 τὸ
760 1352 835 1385 ἅγιον
852 1351 945 1377 τοῦτον

162 1398 332 1433 αίνιξᾶμενος
347 1398 391 1424 τὸν
405 1398 515 1433 τρόπον.
538 1399 567 1424 '0
577 1398 641 1432 γοῦν
658 1398 708 1432 τῆς
730 1398 854 1432 οὐρανίου
870 1397 945 1432 βασι-

161 1445 235 1476 λείας
248 1445 340 1478 Λόγος,
359 1443 427 1479 μετὰ
452 1445 501 1478 τὴν
524 1444 634 1480 πρώτην
661 1445 689 1470 ὲν
706 1444 828 1479 οὐρανοῖς
843 1443 945 1479 σπορὰν

162 1490 299 1524 αὐξηθεὶς,
327 1491 373 1516 καὶ
404 1491 509 1525 καρπὸν
536 1490 652 1522 ἀποδοὺς
677 1490 780 1524 ἐντελῆ,
797 1490 843 1515 τοῦ
868 1490 944 1524 ἁγίου

163 1534 318 1570 Πνεύματος
345 1535 393 1569 τὴν
413 1534 589 1570 ὲπιχορηγίαν
611 1537 666 1566 τοῖς
694 1535 738 1562 διὰ.
759 1535 813 1561 τῶν
830 1534 944 1570 πρώτων

162 1582 344 1616 ὡφελημὲνοις
371 1581 494 1617 παρέχει,
518 1571 605 1616 ζύμης
619 1581 695 1616 δίκην
716 1581 829 1616 φύραμα
845 1580 945 1616 ζυμού-

163 1636 222 1662 σης.
239 1627 308 1662 Γυνὴ
324 1627 352 1653 δὲ
370 1627 482 1661 ταύτην,
499 1628 514 1662 ἠ
531 1627 611 1661 σοφία
623 1627 668 1653 τοῦ
684 1627 760 1658 Θεοῦ,
776 1628 816 1658 είς
831 1627 943 1662 ἀλεύρου

163 1673 231 1700 σάτα
258 1673 319 1708 τρία
341 1673 499 1708 ἐγκρύπτει.
528 1673 590 1704 Τοῖς
604 1672 668 1707 γοῦν
692 1672 883 1708 πορισαμένοις
913 1673 944 1699 ἐκ

163 1718 261 1753 πολλῆς
285 1718 442 1752 ἐπιμελείας
468 1717 516 1744 καὶ
537 1718 587 1752 τῆς
611 1717 658 1743 τοῦ
686 1718 785 1753 σπόρου
808 1716 945 1752 γεωργίας

162 1763 276 1799 ἀλεύρου
292 1764 360 1790 σάτα
383 1763 457 1798 τρία,
481 1763 602 1798 δόγματα
629 1763 687 1789 θεῖα
707 1764 754 1789 καὶ
773 1764 871 1797 γνῶσιν
896 1763 944 1798 τὴν

164 1810 229 1844 περὶ
246 1809 352 1844 Harpe;
366 1809 412 1835 καὶ
427 1808 491 1835 Υἱοῦ
504 1809 551 1835 καὶ
566 1809 642 1843 ἁγίου
662 1809 828 1844 Πνεύματος,
856 1809 872 1844 ἡ
896 1809 943 1834 τοῦ

164 1854 231 1880 Θεοῦ
256 1855 336 1888 σοφία
355 1854 385 1880 τὸ
405 1854 479 1888 ἅγιον
508 1854 620 1890 Πνεῦμα
643 1856 768 1889 χορηγεῖ·
797 1855 852 1889 ἡδ’
877 1853 944 1889 αὑτὴ

165 1900 225 1927 καθ’
250 1900 345 1935 ἑτέραν
360 1900 477 1927 διάνοιαν
492 1900 580 1927 πάντα
599 1901 643 1927 τὸν
661 1900 708 1926 τοῦ
724 1900 789 1926 Θεοῦ
804 1900 944 1935 ἄνθρωπον

959 1564 978 1592 C

164 1948 196 1973 ὲκ
208 1947 329 1982 σώματος
343 1947 389 1973 καὶ
401 1946 488 1982 ψυχῆς
498 1947 545 1973 καὶ
561 1946 713 1981 πνεύματος
729 1947 891 1979 συνεστῶτα,
910 1948 943 1982 τῇ

164 1994 292 2028 ὲπιχορηγ
299 1993 326 2028 ίᾳ
335 1993 384 2027 τῆς
393 1992 467 2023 θείας
475 1993 646 2028 ἑμπνεύσεως
655 1992 744 2027 ζυμοῖ,
757 1993 945 2028 ὲγκρύπτουσα

163 2039 212 2073 τὴν
225 2039 254 2070 ἐξ
267 2038 352 2073 αὐτῆς
371 2038 504 2072 ὠφέλειαν
519 2039 557 2070 είς
572 2038 684 2073 ἀλεύρου
702 2038 768 2064 σάτα
783 2038 844 2073 τρία
857 2038 891 2064 τὰ
904 2047 946 2064 νε-

163 2084 291 2120 νοημένα,
305 2084 356 2116 ἕως
373 2080 403 2110 οὗ
418 2083 528 2119 ζυμωθῇ
541 2084 609 2110 ὅλον.
623 2083 699 2110 Οὕτω
717 2084 780 2118 γοῦν
796 2085 828 2119 τῇ
846 2085 943 2119 μετοχῇ

163 2130 212 2164 τῆς
225 2129 350 2164 οὐρανίου
362 2128 450 2164 ζύμης
462 2129 583 2164 ποιηθεὶς
600 2130 646 2155 καὶ
662 2129 807 2164 ζυμωθεὶς,
823 2130 945 2165 οὐράνιος

164 2175 211 2202 καὶ
225 2175 409 2210 πνευματικὸς
423 2175 585 2210 χρηματίσει
598 2174 749 2210 ἄνθρωπος,
764 2175 811 2201 καὶ
826 2175 884 2201 νέον
897 2174 945 2208 φύ-

166 2229 249 2256 ραμα,
262 2221 299 2252 ὡς
312 2221 345 2247 ἂν
360 2222 461 2256 μικρᾶς
481 2221 604 2256 κράσεως
623 2221 780 2256 γενομένης,
793 2220 846 2247 τῶν
863 2220 944 2255 τριῶν

164 2265 284 2300 ἀλεύρων
304 2266 514 2301 ἀποδεδομένων,
538 2266 584 2292 καὶ
606 2266 655 2301 τῆς
671 2267 699 2292 ὲν
717 2267 809 2297 αὐτοῖς
830 2266 945 2300 ἐμπνεύ-

165 2320 241 2342 σεως.
261 2312 314 2338 Καὶ
325 2312 356 2348 δὴ
369 2313 428 2344 νέος
445 2313 525 2348 ἄρτος
539 2313 585 2339 καὶ
600 2312 781 2347 πνευματικὸς
796 2312 945 2346 γενόμενοι,

164 2357 234 2383 κατὰ
251 2357 295 2383 τὸν
311 2358 477 2390 Ἀπόστολον,
500 2358 529 2389 ὃς
553 2366 645 2393 φησιν,
664 2357 717 2391 Εἷς
737 2358 825 2391 ἄρτος
844 2358 893 2384 καὶ
913 2357 947 2384 ἓν

164 2401 249 2435 σῶμά
261 2402 354 2435 ἐσμεν
367 2404 394 2428 οἱ
409 2403 526 2434 πολλοὶ,
540 2403 630 2429 εἰκόνα
647 2403 693 2429 καὶ
705 2403 831 2437 ὁμοίωσιν
849 2402 947 2437 ἀναλη-

163 2447 268 2482 ψόμεθα
280 2446 326 2473 τοῦ
341 2446 470 2478 ζωοποιοῦ
482 2449 535 2475 τῶν
549 2449 617 2475 ὅλων
639 2449 732 2483 ἄρτου,
747 2448 776 2479 ὃς
794 2449 826 2474 ἐκ
841 2448 888 2474 τοῦ
903 2448 947 2474 οὺ-

164 2492 246 2529 ρανοῦ
262 2492 456 2528 καταϐέϐηκεν,
470 2494 556 2529 ἑαυτῷ
578 2494 781 2530 παραπλησίους
811 2494 858 2520 καὶ
873 2494 946 2528 ἡμᾶς

164 2536 402 2572 ἀπεργασάμενος.
421 2535 457 2563 Εὖ
477 2537 506 2564 δὲ
524 2538 633 2571 γυναικὶ
650 2539 812 2574 ἀφωμοίωσε
833 2538 882 2572 τὴν
904 2547 947 2564 σο-

165 2582 226 2616 φίαν
241 2582 287 2608 τοῦ
305 2581 371 2608 Θεοῦ
389 2583 418 2608 ἐν
437 2583 560 2615 τούτοις·
579 2584 696 2619 Χριστὸς
722 2584 750 2610 δέ
772 2585 845 2610 ἐστιν
859 2584 876 2619 ἡ
899 2583 946 2610 τοῦ

163 2626 230 2653 Θεοῦ
246 2626 359 2661 δύναμις
381 2627 428 2653 καὶ
446 2626 513 2653 Θεοῦ
535 2627 614 2661 σοφία
634 2626 806 2662 καταλλήλως
830 2625 867 2661 τῷ
896 2626 947 2661 τῆς

164 2672 252 2707 ζύμης
264 2671 453 2707 ὑποδείγματι.
469 2672 573 2707 ’Ὠσπερ
587 2672 641 2708 γὰρ
663 2673 708 2698 ἐπὶ
721 2673 770 2706 τῆς
790 2671 946 2707 παραδολῆς

163 2718 211 2745 τοῦ
232 2718 332 2754 σπόρου
352 2718 488 2753 γεωργίου
510 2718 654 2752 πρόσωπον
677 2718 725 2745 καὶ
745 2718 868 2751 σπορὲως
897 2718 947 2744 εἰσ-

163 2763 239 2799 ῆγεν,
254 2763 303 2789 οὑκ
312 2763 344 2791 ἂν
354 2763 471 2797 εὐλόγως
484 2764 512 2798 ὲν
525 2763 638 2795 ἐκείνοις
651 2762 882 2798 μνημονευθείσης
899 2770 947 2796 γυ-

218 2853 227 2868 ²
246 2850 322 2880 Rom.
345 2859 399 2884 nu,
412 2852 454 2879 t7.
493 2852 503 2868 ³
521 2852 530 2879 l
547 2852 608 2880 Cor.
622 2860 661 2886 tu,
676 2851 720 2879 22.
757 2851 767 2867 ⁵
788 2851 850 2879 ΟΜ·-
866 2858 912 2884 xu,
925 2851 968 2878 t5.

1154 579 1230 612 Quod
1244 577 1266 603 si
1284 576 1379 602 dixerit
1397 581 1483 601 servus
1505 572 1560 605 ille,
1573 577 1625 599 etc.

1025 626 1123 654 Fidelis
1141 624 1248 659 quidem
1270 626 1296 649 et
1315 620 1431 656 prudens
1455 619 1511 646 haec
1534 618 1601 645 bona
1623 624 1770 652 conseque-

991 678 1054 700 tnr:
1076 672 1138 699 huic
1160 668 1298 697 dissimilis
1320 667 1388 694 iram
1406 665 1511 692 Domini
1536 663 1706 698 experietur;
1728 663 1768 689 di-

990 718 1096 744 videtur
1117 715 1230 747 scilicet,
1256 721 1285 740 ac
1303 711 1474 746 separabitur
1489 717 1503 735 a
1522 709 1652 736 bonorum
1678 714 1771 735 servo-

994 771 1052 790 rum
1066 768 1188 797 corpore,
1202 764 1365 795 sortemque
1384 764 1459 784 suam
1482 761 1508 783 et
1523 760 1624 790 partem
1641 761 1702 781 cum
1721 753 1772 787 by-

993 808 1103 843 pocritis
1121 807 1178 835 sive
1199 804 1350 833 inlidelibus
1371 802 1492 836 recipiet,
1514 808 1627 836 quorum
1654 799 1715 826 ﬁnis
1730 799 1771 825 lu-

993 859 1051 881 ctus
1073 857 1100 880 et
1122 852 1220 880 stridor
1241 850 1369 878 dentiant.
1400 848 1465 875 Nam
1494 851 1622 882 quantum
1650 844 1773 872 dentibus

992 899 1129 928 devoravit
1150 903 1177 926 et
1190 897 1320 925 ebrietate
1343 894 1475 930 peccarit.
1501 892 1666 921 tantumdem
1685 891 1774 926 plora-

991 944 1046 977 bit;
1061 943 1147 978 justas
1169 943 1236 970 dans
1265 948 1357 976 poenas
1389 939 1539 974 iniquitatis
1567 945 1621 966 sua:
1643 937 1773 965 adversus

991 996 1150 1020 conservos.
1181 986 1440 1021 intemperantisque
1476 985 1606 1015 luxuriae.
1631 989 1658 1011 et
1683 983 1769 1018 spreti

993 1034 1108 1065 Domini,
1127 1040 1207 1068 quem
1229 1032 1278 1059 sibi
1304 1038 1357 1058 non
1373 1029 1545 1066 incognitum
1569 1028 1715 1056 fatebatur.
1735 1028 1768 1055 Et

992 1087 1057 1106 sane
1086 1078 1167 1114 probe
1191 1081 1303 1106 noverat
1327 1083 1356 1103 sc
1382 1075 1494 1103 Domino
1516 1082 1568 1101 non
1592 1081 1702 1106 carere,
1724 1076 1770 1101 sed

992 1125 1054 1152 dum
1067 1123 1196 1158 judicium
1213 1123 1246 1149 ab
1261 1129 1294 1149 eo
1309 1120 1460 1148 diutissime
1477 1119 1588 1146 dilatum
1604 1118 1636 1145 iri
1653 1119 1772 1146 arbitra-

994 1175 1048 1202 tur,
1063 1174 1149 1197 semet
1166 1169 1222 1204 ipse
1240 1167 1344 1195 fefellit.

993 1217 1003 1232 ⁵
1018 1216 1066 1243 Cui
1080 1214 1165 1242 simile
1178 1214 1311 1242 (estimabo
1330 1220 1436 1246 regnum
1456 1211 1521 1237 Dei?
1541 1209 1634 1237 Simile
1657 1215 1693 1237 est
1719 1210 1773 1240 fer-

1302 1253 1400 1279 mento,
1414 1251 1466 1274 etc.

1028 1295 1163 1323 Fermenti
1191 1293 1300 1322 nomine
1337 1293 1452 1328 appellat
1481 1292 1608 1319 Servator
1636 1290 1772 1318 eﬁicacem

995 1342 1105 1370 seminis
1134 1341 1204 1374 vim,
1231 1344 1354 1367 sanctum
1382 1339 1510 1373 Spiritum
1539 1338 1575 1365 ita
1608 1337 1773 1373 significans.

995 1389 1076 1424 Igitur
1090 1387 1208 1414 ccelestis
1224 1386 1298 1420 regni
1315 1385 1429 1412 Verbum
1445 1389 1504 1419 post
1526 1384 1639 1418 primam
1658 1384 1684 1411 in
1698 1383 1778 1411 caelis

995 1436 1127 1461 sationem
1152 1438 1271 1462 auctum.
1293 1431 1460 1465 fructumque
1481 1430 1626 1465 perfectum
1650 1430 1776 1463 reddens,

996 1481 1082 1507 sancti
1100 1479 1216 1514 Spiritus
1232 1477 1460 1505 ministrationem
1479 1476 1511 1503 iis
1533 1476 1578 1510 qui
1594 1483 1608 1502 a
1626 1476 1776 1510 primisin-

996 1527 1169 1554 stitntoribus
1197 1525 1292 1552 imbuti
1318 1523 1426 1550 fuerunt
1450 1523 1566 1557 prmbet,
1592 1521 1715 1549 fermenti
1735 1521 1776 1548 in-

996 1580 1053 1601 star
1081 1580 1196 1600 massam
1235 1571 1432 1598 fermentanlis.
1463 1569 1558 1596 Mulier
1594 1573 1701 1600 autent,
1729 1567 1775 1595 Dei

996 1627 1090 1654 nempe
1106 1618 1249 1654 sapientia,
1271 1618 1297 1644 in
1322 1616 1418 1643 farina:
1435 1616 1500 1643 satis
1523 1615 1612 1641 tribus
1625 1613 1774 1641 abscondit.

995 1666 1048 1693 illis
1072 1667 1161 1700 itaque
1175 1665 1220 1699 qui
1237 1664 1320 1691 multa
1338 1670 1403 1690 cura
1426 1667 1454 1689 et
1469 1660 1581 1688 seminis
1596 1659 1700 1688 cultura
1717 1663 1775 1686 sata

995 1711 1089 1739 farina:
1103 1713 1152 1738 tria
1166 1710 1325 1741 obtulerint,
1338 1709 1428 1736 divina
1442 1714 1537 1742 ttempe
1548 1707 1668 1740 dogmata
1677 1705 1774 1736 Patris,

996 1757 1054 1784 Filii
1070 1757 1210 1791 sanctique
1224 1755 1340 1790 Spiritus
1355 1754 1491 1786 notitiam,
1506 1752 1638 1788 sapientia
1656 1751 1700 1778 Dei
1718 1749 1777 1786 Spi-

995 1804 1076 1831 ritum
1096 1808 1219 1831 sanctmu
1244 1801 1397 1836 suppeditat
1416 1809 1423 1827 :
1445 1801 1603 1833 eademque,
1627 1797 1775 1826 secundum

995 1849 1075 1876 alium
1099 1857 1222 1880 sensum,
1245 1847 1390 1883 quemlibet
1415 1846 1466 1874 Dei.
1480 1846 1633 1877 hominem,
1651 1851 1774 1878 corpore,

995 1896 1084 1922 anima
1103 1895 1252 1930 spirituque
1279 1897 1466 1923 constantem,
1488 1891 1576 1919 divina
1602 1889 1776 1924 inspiratione

995 1943 1147 1973 fermentat,
1169 1940 1335 1968 abscondens
1356 1938 1498 1965 utilitatem
1519 1944 1595 1964 suam
1620 1936 1645 1963 in
1671 1934 1775 1962 intelle-

996 1989 1131 2017 ctualibus
1150 1988 1243 2014 farina;
1259 1986 1325 2014 satis
1343 1984 1435 2012 tribus.
1452 1984 1537 2010 donec
1557 1987 1641 2009 totum
1658 1980 1776 2008 fermen-

996 2040 1076 2062 tetnr.
1103 2033 1148 2061 Sic
1173 2040 1237 2067 ergo
1261 2031 1379 2059 caelestis
1406 2029 1529 2056 fermenti
1555 2027 1776 2062 participatione,

995 2077 1113 2105 caelestis
1136 2078 1180 2104 fiet
1201 2075 1383 2111 spiritalisque
1407 2074 1505 2105 homo,
1523 2080 1645 2106 novaque
1669 2079 1755 2098 massa
1769 2092 1776 2104 ,

996 2131 1076 2158 parva
1093 2123 1172 2150 veluti
1195 2122 1265 2149 facta
1280 2121 1349 2148 crasi
1372 2128 1404 2147 ex
1424 2120 1519 2147 farinis
1540 2119 1636 2149 tribus.
1652 2123 1679 2145 et
1697 2118 1777 2145 insita

997 2170 1047 2197 illis
1066 2169 1251 2203 inspiratione.
1273 2167 1365 2194 Novus
1384 2166 1511 2193 nimirum
1538 2173 1586 2193 nos
1611 2164 1673 2192 facti
1698 2164 1777 2198 spiri-

997 2215 1057 2242 talis
1071 2216 1156 2249 panis,
1170 2215 1245 2249 juxta
1259 2212 1413 2248 Apostalum
1429 2212 1560 2239 dicentem
1574 2211 1594 2242 ⁸,
1611 2209 1683 2237 Unus
1700 2211 1775 2243 panis

999 2269 1128 2294 unumque
1142 2267 1236 2290 corpus
1257 2266 1344 2284 sumus
1360 2257 1447 2288 multi,
1468 2256 1609 2290 imaginem
1625 2253 1778 2281 similitudi-

999 2313 1113 2340 nemque
1129 2304 1320 2331 contrahemus
1337 2302 1498 2329 vivificantis
1519 2301 1608 2327 omnia
1624 2299 1710 2334 panis,
1732 2299 1779 2333 qui

997 2353 1030 2379 (le
1043 2351 1111 2379 caelo
1126 2350 1273 2380 descendit,
1290 2355 1392 2383 nosque
1404 2347 1453 2375 sibi
1470 2346 1571 2373 similes
1583 2345 1681 2373 eﬂ'erit.
1696 2344 1780 2372 Recte

996 2405 1060 2425 vero
1085 2396 1188 2423 mulieri
1210 2394 1378 2429 comparavit
1395 2393 1445 2420 hoc
1462 2393 1520 2419 loco
1539 2390 1698 2425 sapientiam
1716 2390 1778 2421 Del;

996 2448 1037 2470 est
1049 2443 1120 2469 enim
1135 2441 1259 2469 Christus
1275 2444 1330 2466 tum
1346 2439 1392 2466 Dei
1408 2439 1504 2469 virtus,
1530 2441 1584 2463 tum
1607 2435 1653 2463 Dei
1671 2435 1780 2469 sapien-

996 2489 1044 2520 tia,
1058 2487 1182 2515 fermenti
1203 2485 1326 2520 exemplo
1345 2489 1562 2519 repratsentatns.
1579 2481 1645 2508 Nam
1660 2481 1730 2507 sicut
1754 2480 1779 2505 iu

996 2532 1107 2561 seminis
1132 2531 1275 2566 parabola,
1299 2530 1423 2565 agricolae
1450 2534 1591 2563 personam
1626 2525 1779 2559 satorisque

996 2579 1112 2611 induxit,
1127 2585 1216 2613 neque
1231 2578 1303 2605 enim
1318 2576 1371 2603 illic
1386 2575 1527 2602 commode
1543 2572 1663 2600 mulieris
1679 2571 1780 2598 mentio

997 2625 1067 2652 facta
1084 2624 1197 2654 fuisset.
1218 2623 1254 2650 ita
1271 2623 1321 2649 hoc
1340 2621 1398 2648 loco
1417 2620 1461 2648 ubi
1485 2620 1517 2646 dc
1539 2619 1670 2645 fermento
1692 2623 1783 2643 sermo.

997 2677 1038 2698 est
1053 2671 1080 2697 in
1098 2671 1194 2696 farina:
1210 2673 1267 2695 sala
1285 2667 1335 2694 tria
1349 2666 1480 2700 conjecto,
1499 2664 1638 2699 aptissime
1650 2662 1778 2697 parabole

999 2717 1024 2744 in
1051 2716 1162 2743 muliere
1181 2715 1295 2749 panifica
1317 2721 1377 2741 eum
1396 2713 1447 2749 qui,
1463 2711 1517 2738 illic
1535 2711 1677 2738 dietusest
1694 2715 1778 2736 semi-

999 2766 1077 2789 nator
1091 2759 1302 2796 reprtesentavit.

1008 2850 1018 2867 '
1038 2851 1099 2878 Car.
1115 2848 1230 2881 x1u,'20.
1271 2847 1309 2885 ξι
1325 2846 1387 2875 Cor.
1404 2854 1429 2881 ι,
1448 2846 1489 2872 17;
