2061 3215
204 174 256 202 573

203 227 281 277 δίαξεν
293 242 376 272 εἰπών
386 254 392 260 ·
412 244 485 280 Ἐγώ
499 246 557 280 ειμι
569 247 586 273 ὁ
599 246 687 281 ἄρτος
696 247 749 282 τῆς
767 247 839 281 ζωῆς
848 256 854 262 ·
872 248 918 274 τοῦ
930 249 983 283 γὰρ

203 293 232 318 ὲν
251 292 321 328 ἀρχῇ
343 292 411 328 πρὸς
429 292 493 319 Θεὸν
515 292 582 319 Θεοῦ
604 294 689 328 Λόγου
714 295 862 330 μεταλήψει
879 296 952 322 πᾶσα
965 297 982 331 ἡ

201 337 257 364 τῶν
269 338 354 371 ἁγίων
365 337 458 374 λογικὴ
473 338 551 372 φύσις
568 338 746 371 ζωοποιεῖται.
762 340 795 366 Ἀ
811 340 842 376 δὴ
857 340 928 367 δοκεῖ
939 350 983 376 μοι

202 383 235 409 ἐκ
257 383 396 418 προτέρων
420 384 588 419 μαθημάτων
616 385 827 421 πεπαιδευμένος
841 387 855 413 ὁ
870 395 984 414 συνανα-

203 429 327 463 κείμενος
347 429 386 464 τῷ
408 430 494 465 Ἰησοῦ
506 431 660 466 εἰρηκέναι·
675 432 825 465 Μακάριος
836 431 919 465 ὅστις
932 431 984 467 φά-

201 483 286 509 γηται
305 476 394 510 ἄρτον
405 477 439 503 ἐν
457 466 647 512 τῇβασιλείᾳ
663 478 715 505 τοῦ
735 478 826 506 Θεοῦί
847 479 913 505 Οὐδὲ
929 466 982 515 γὰρ

200 520 254 547 τῶν
267 519 400 556 τυχόντων
412 531 454 554 τις
466 521 499 558 ἦν
514 524 533 549 ὁ’
540 523 641 558 ταύτην
660 524 737 559 ἀφεὶς
748 524 797 560 τὴν
813 525 912 559 φωνὴν,
925 523 982 550 ἀλλ’

200 564 238 597 ὡς
250 564 325 601 οἶμαι
343 567 395 593 τῶν
412 568 514 603 σφόδρα
528 569 651 604 μεγάλων
672 570 718 596 καὶ
735 570 810 605 παρὰ
823 569 862 605 τῷ
877 570 981 606 Σωτῆρι

199 612 281 647 τιμῆς
294 612 459 648 ἠξιωμένων.
477 614 521 640 Διὸ
535 615 583 641 καὶ
606 614 822 642 συνανακλίνεται
836 615 919 651 αὐτῷ,
934 616 982 642 καὶ

198 659 255 688 τοῖς
274 658 354 684 αὐτοῦ
364 650 454 692 λόγοις
469 660 584 692 συνετῶς
600 662 751 696 προσεῖχεν,
763 660 800 693 ὡς
817 662 862 688 καὶ
874 661 922 696 τὴν
935 661 982 696 βα-

199 703 301 730 σιλείαν
313 704 366 730 τῶν
372 703 492 739 οὐρανῶν
505 706 541 740 μὴ
557 706 670 740 ἀγνοεῖν,
684 704 824 742 γνωρίζειν
836 707 863 733 δὲ
880 706 980 734 καὶτὸν

198 748 279 783 ἀρτόν
303 748 352 784 τῆς
375 750 447 784 ζωῆς
466 751 511 777 τὸν
531 751 674 786 θρεπτικὸν
696 752 749 779 τῶν
773 753 822 787 τῆς
845 753 981 788 βασιλείας

198 794 297 827 ἀξίων·
311 797 444 832 τοσαύτην
462 805 490 823 τε
515 797 590 831 ἄγειν
613 799 782 833 παρρησίαν,
810 799 847 830 ὡς
870 799 915 825 ἐπὶ
933 799 979 825 τοῦ

197 837 321 875 Σωτῆρος
333 841 467 867 ἀνακινεῖν
478 842 608 877 δόγματα,
622 843 669 869 καὶ
685 843 718 869 δι’
735 843 814 869 αὑτὸν
828 844 876 877 τὴν
892 845 979 870 πᾶσαν

197 886 334 921 εἰρηκέναι
360 887 514 923 παραϐολὴν
543 889 656 924 Σωτῆρα
677 889 854 919 διδάσκοντα,
879 890 921 921 τίς
945 889 978 916 ἂν

196 931 299 965 γένοιτο
315 929 392 964 οὗτος
408 933 421 960 6
439 933 544 969 ἀληθῶς
564 934 705 969 μακάριος,
720 934 749 967 ὃς
764 935 883 971 φάγηται
897 936 977 971 ἄρτον

196 976 225 1004 ὲν
241 979 273 1013 τῇ
292 978 413 1014 βασιλείᾳ
428 979 474 1006 τοῦ
487 980 564 1007 Θεοῦ,

232 1023 348 1056 Πολλοὺς
365 1025 412 1060 μὲν
423 1024 468 1052 οὖν
485 1026 633 1061 κεκλῆσθαι
646 1026 720 1060 λέγει
733 1027 775 1054 διὰ
792 1027 840 1062 τῆς
857 1027 978 1063 παραϐο-

194 1067 243 1105 λῆς
268 1070 314 1097 ἐπὶ
327 1071 357 1097 τὸ
372 1066 444 1105 μέγα
457 1072 573 1103 δεῖπνον,
592 1073 638 1098 καὶ
657 1073 701 1099 τὸν
717 1074 746 1100 ἐν
760 1073 846 1108 τούτῳ
861 1073 976 1109 δεδωρη-

195 1117 276 1152 μὲνον
288 1117 378 1152 ἄρτον,
395 1117 431 1153 μὴ
450 1118 502 1153 μὴν
519 1119 580 1150 τοὺς
595 1119 697 1150 πάντας
715 1120 763 1154 τῆς
783 1120 892 1155 χάριτος
917 1120 976 1146 ἐπι-

192 1162 352 1197 τυγχάνειν·
370 1164 578 1198 ἀποστερεῖσθαι
597 1164 650 1199 γὰρ
670 1164 755 1199 αὐτῆς
771 1165 824 1190 τῶν
840 1164 975 1200 κεκλημέ-

193 1215 245 1233 νων
261 1208 323 1240 sub;
340 1209 403 1245 περὶ
419 1209 511 1245 ἕτερον
535 1210 752 1245 ὴσχολημένους’
771 1211 906 1246 περισπᾷν
921 1211 975 1245 γὰρ

192 1255 238 1280 καὶ
254 1254 383 1288 ἀφέλκειν
404 1255 453 1290 τῆς
475 1256 596 1291 κλήσεως
617 1257 665 1287 τὰς
679 1256 725 1282 τοῦ
749 1256 806 1291 βίου
834 1256 975 1291 φροντίδας

191 1300 327 1327 διδάσκειν
353 1302 453 1333 ταύτας
478 1302 499 1328 δ’
527 1300 595 1328 εἶναι
617 1302 807 1338 διαφόρους-ἦ
833 1302 887 1338 γὰρ
912 1304 974 1338 περὶ

191 1347 318 1382 χρήματα
339 1346 387 1373 καὶ
402 1347 502 1382 ἀγροὺς
525 1347 717 1382 ἀσχολούμενοι
741 1347 827 1374 ταῦτα
843 1349 891 1383 τῆς
907 1348 973 1383 κλή-

192 1400 259 1423 σεως
274 1393 513 1428 προτετιμήκασιν,
529 1392 566 1424 ὡς
585 1394 804 1429 παραιτήσασθαι
825 1394 868 1420 διὰ
889 1394 972 1420 ταῦτα

189 1437 240 1472 τὴν
253 1437 357 1472 κλῆσιν,
376 1438 392 1473 ἦ
411 1439 475 1473 περὶ
488 1439 537 1469 τὰς
549 1438 595 1464 τοῦ
613 1438 670 1473 βίου
687 1438 877 1474 πραγματείας
891 1448 974 1465 κατα-

189 1483 352 1518 τριϐόμενοι,
367 1484 382 1518 ἢ
401 1483 491 1519 δεσμῷ
502 1484 591 1519 γάμου
610 1485 656 1510 καὶ
667 1484 769 1511 παίδων
784 1484 972 1520 ἐμπεπλεγμέ-

190 1535 240 1556 νοι.
257 1528 274 1563 ἦ
285 1537 354 1554 τισιν
370 1527 458 1560 ἄλλοις
470 1529 600 1560 τοιούτοις
614 1529 812 1563 φροντίσμασιν
827 1529 972 1564 ὲνησχολη-

779 168 1027 203 COMMENTARIA
1047 173 1079 202 lN
1091 174 1217 203 LUCAM.

1760 172 1812 201 574

1000 239 1020 266 Α
1035 247 1136 280 dicens,
1154 248 1207 282 Ego
1225 255 1281 274 sunt
1300 247 1447 280 paniuullw
1463 246 1494 272 “.
1517 245 1582 273 Nam
1599 253 1645 280 per
1669 246 1714 273 Dei
1732 246 1811 273 Verbi

1035 294 1061 320 in
1078 293 1210 328 principio
1224 293 1294 327 apud
1308 294 1390 320 Deum
1405 293 1559 320 cxsislentis
1573 293 1811 327 participationem

1033 339 1157 366 universa
1183 345 1339 366 sanctorum
1363 339 1500 366 rationalis
1525 344 1620 365 natura
1644 337 1808 365 viviﬁcatur.

1032 386 1121 418 Atque
1153 384 1209 411 lucc
1237 391 1302 411 sane
1333 384 1438 411 videtur
1465 384 1529 410 mihi
1561 391 1576 411 a
1595 384 1811 418 praecedentibus

1033 429 1164 456 doctrinis
1176 429 1288 455 edoctus
1310 428 1389 456 homo
1410 429 1463 461 ille,
1483 429 1527 463 qui
1545 437 1605 455 cuiu
1620 427 1682 456 Jcsu
1695 429 1812 456 discum-

1032 473 1123 506 bebat,
1143 474 1242 501 dixisse
1258 483 1264 500 :
1281 473 1379 500 Beatus
1387 474 1431 508 qui
1453 482 1544 507 panem
1560 475 1674 500 romule!
1692 475 1719 500 in
1734 482 1811 509 regno

1032 519 1098 546 Dei!
1129 519 1219 553 Neque
1245 520 1316 546 enim
1345 519 1486 553 gregarius
1513 519 1600 553 quivis
1629 519 1697 546 hanc
1721 519 1812 546 emisit

1033 571 1138 596 vocem,
1153 565 1198 592 sed
1211 570 1239 591 ut
1254 564 1370 591 arbitror
1383 564 1538 598 principalis
1560 565 1657 598 aliquis
1679 564 1749 591 inter
1763 571 1811 592 eos

1033 609 1077 643 qui
1098 616 1112 635 ιι
1131 609 1274 636 Servatore
1302 609 1424 635 honorati
1449 608 1566 635 I'nerant.
1592 608 1681 641 Quare
1704 613 1809 636 etcum

1033 655 1076 682 illo
1089 655 1271 686 recumbebat,
1284 659 1310 680 et
1321 654 1379 688 ejus
1390 654 1558 680 sertuonibus
1567 654 1712 688 prudenter
1723 654 1811 680 admo-

1032 700 1093 726 dum
1112 705 1226 726 mentem
1255 699 1427 730 intendebat.
1442 703 1470 725 ut
1484 699 1538 731 jam
1561 706 1610 726 nec
1634 707 1742 733 regnum
1763 699 1808 726 Dei

1032 746 1176 779 ignoraret,
1204 745 1258 772 imo
1278 750 1305 772 et
1328 745 1401 771 illum
1428 751 1518 771 nosset
1547 746 1606 772 vita:
1631 752 1738 779 panem,
1764 744 1808 779 qui

1032 799 1113 825 regno
1129 792 1223 825 dignos
1237 791 1339 817 nutrit:
1355 796 1482 826 tantaque
1499 791 1595 817 ﬁducia
1606 795 1675 821 erat,
1691 796 1718 817 ut
1738 790 1809 824 apud

1030 834 1116 869 ipsum
1131 835 1302 862 Servaloretn
1327 835 1506 869 dogmaticam
1532 835 1705 869 qna’stionem
1735 843 1810 862 cotu—

1031 881 1143 908 moverit
1160 890 1166 907 ε
1183 890 1266 916 quare
1277 887 1304 908 et
1315 882 1373 916 cjus
1392 882 1475 916 gratia
1495 887 1577 908 tutam
1592 882 1719 908 Servatur
1733 881 1810 908 insti-

1030 927 1081 953 tuit
1105 927 1271 961 parabolam,
1301 927 1412 959 docens,
1437 928 1559 962 quisnam
1588 933 1659 955 esset
1684 927 1727 955 hic
1746 935 1809 955 vere

1028 973 1132 1006 beatus,
1148 973 1192 1007 qui
1206 981 1301 1007 panem
1316 975 1440 1000 comedet
1457 974 1483 1001 in
1504 982 1587 1008 regno
1601 975 1657 1001 Dei.

1062 1017 1160 1045 Multos
1177 1026 1242 1053 ergo
1256 1019 1282 1046 in
1303 1019 1430 1054 parabola
1445 1020 1482 1047 ait
1499 1020 1531 1046 ad
1551 1029 1674 1055 magunum
1701 1028 1806 1048 caenam

1025 1069 1147 1096 vocatos,
1161 1069 1241 1098 atque
1258 1065 1289 1091 ad
1307 1073 1402 1100 panem
1423 1065 1447 1092 in
1466 1066 1516 1093 hac
1533 1067 1683 1101 appositum
1699 1075 1705 1098 ;
1725 1071 1806 1094 (ταξιο-

1027 1110 1101 1143 roqui
1114 1110 1182 1136 haud
1196 1118 1290 1137 omnes
1305 1111 1389 1145 gratia
1411 1112 1527 1145 politos;
1542 1113 1591 1139 liac
1606 1112 1676 1139 enim
1689 1112 1808 1139 caruisse

1026 1159 1134 1181 vocatos
1163 1155 1232 1186 illos,
1249 1155 1293 1189 qui
1323 1155 1383 1183 aliis
1421 1157 1535 1191 negotiis
1558 1157 1666 1184 distenti
1688 1157 1806 1190 fuerunt,

1026 1200 1178 1228 multifariis
1189 1201 1308 1235 scilicet;
1326 1210 1386 1229 nam
1403 1203 1444 1230 vel
1470 1203 1580 1238 pecunia
1605 1204 1733 1239 agrisque
1758 1212 1806 1232 oc-

1025 1247 1123 1282 cupati,
1139 1248 1272 1275 vocatimii
1289 1256 1353 1282 opes
1370 1249 1557 1281 praetulerunt,
1575 1250 1629 1276 imo
1643 1250 1710 1277 adeo
1724 1257 1806 1277 voca-

1027 1293 1125 1322 tioncm
1151 1301 1206 1328 prta
1231 1294 1272 1321 liis
1294 1296 1432 1328 deprecati
1453 1301 1531 1328 sunt;
1560 1296 1601 1323 vel
1617 1297 1676 1323 vitm
1691 1298 1806 1332 negotiis

1025 1339 1120 1372 pressi,
1136 1339 1175 1365 vel
1196 1340 1352 1374 nuptiarum
1380 1341 1516 1376 prolisque
1537 1341 1649 1369 vinculis
1673 1343 1804 1377 impediti,

1024 1384 1064 1411 vel
1079 1384 1138 1411 aliis
1153 1384 1268 1419 denique
1284 1386 1308 1412 id
1324 1394 1409 1421 genus
1436 1387 1509 1414 curis
1534 1388 1642 1415 irrctiti.
1665 1389 1751 1422 Atque
1777 1389 1804 1416 in

1024 1428 1074 1456 lios
1089 1429 1139 1456 Inla
1157 1430 1291 1457 sententia
1309 1431 1381 1458 liiscc
1392 1432 1481 1459 verbis
1495 1438 1556 1459 est:
1574 1433 1638 1461 Dico
1649 1435 1736 1466 vobis.
1756 1442 1804 1462 ne-

1024 1476 1120 1502 miuem
1136 1476 1240 1502 illorum
1260 1477 1392 1509 virorum,
1413 1478 1471 1512 qui,
1492 1486 1552 1505 cum
1568 1480 1655 1506 vocati
1677 1479 1804 1513 fuissent,

1024 1521 1083 1547 vita:
1096 1522 1285 1555 occupationes
1300 1529 1506 1556 excusaverunt,
1521 1531 1624 1552 cceuam
1651 1533 1736 1553 mcam
1756 1534 1805 1562 gu-

994 909 1014 936 Β

191 1573 276 1608 μένοι.
301 1574 379 1600 Ἀλλὰ
397 1575 460 1610 περὶ
476 1574 523 1609 μὲν
535 1574 637 1600 τούτων
649 1575 784 1609 ἀπόφασις
800 1575 970 1610 ἐξενήνεκται

1022 1571 1164 1594 staturum.
1184 1567 1267 1595 Porro
1283 1568 1349 1596 alios
1369 1577 1398 1596 ea
1413 1569 1540 1598 fruituros
1557 1573 1595 1598 ait
1619 1572 1698 1599 rebus
1711 1573 1805 1606 hujus-

188 1617 318 1653 λέγουσα’
336 1620 413 1653 Λέγω
440 1621 516 1655 ὑμῖν,
537 1621 576 1647 ὅτι
601 1620 685 1652 οὐδεὶς
710 1621 762 1646 τῶν
782 1621 884 1656 ἀνδρῶν
903 1622 971 1648 ὲκεί-

189 1673 241 1690 νων
261 1665 314 1692 τῶν
335 1666 527 1702 κεκλημένων,
548 1667 594 1693 καὶ
613 1667 656 1693 διὰ
677 1668 725 1698 τὰς
746 1667 872 1702 βιωτικὰς
893 1669 972 1703 ἀσχο-

186 1708 247 1742 λίας
273 1713 520 1747 παραιτησαμένων
547 1713 674 1748 γεύσεταί
705 1722 754 1749 μου
781 1714 827 1740 τοῦ
847 1715 969 1741 δείπνων

187 1756 297 1791 ἐτέρους
316 1757 344 1783 δὲ
362 1758 418 1784 ἀντ’
433 1758 521 1786 αὐτῶν
543 1759 742 1786 ἀπολαύσεσοαι
767 1760 813 1786 τοῦ
837 1761 970 1795 μακαρίου

186 1801 294 1827 δείπνου
310 1803 457 1836 φησὶ,τους
472 1803 508 1839 μὴ
523 1804 651 1836 τοιούτοις
667 1806 721 1831 τισὶ
733 1805 969 1840 προσδεδεμένους,

188 1847 312 1882 πτωχούς
322 1857 397 1879 τινας
417 1850 462 1875 καὶ
476 1850 642 1885 ἀναπήρους.
658 1851 778 1877 Τοιοῦτοι
790 1852 818 1877 δὲ
832 1849 901 1887 ἦσαν
918 1853 969 1879 πά-

187 1893 230 1919 λαι
252 1894 502 1929 εἰδω).ολατροῦντες
522 1897 545 1922 οἱ
562 1896 590 1929 ei
608 1897 691 1923 ἐονῶν
706 1897 758 1923 ὑπὸ
774 1898 907 1933 δαιμόνων
923 1907 970 1925 πο-

185 1939 276 1973 νηρῶν
294 1939 341 1971 τὰς
364 1939 451 1974 ψυχὰς
470 1940 668 1976 λελωϐημένοι·
692 1942 737 1974 οὒς
766 1943 916 1975 ἀκολούθως
935 1946 968 1980 τῇ

185 1986 336 2021 ἐπαγγελίᾳ
358 1985 571 2022 προσδεξάμενος
597 1989 610 2014 ὁ
636 1988 782 2024 ἑστιάτωρ,
807 1991 895 2016 πᾶσαν
919 1990 968 2024 τὴν

185 2033 261 2058 νόσον
276 2032 328 2058 τῶν
345 2032 437 2068 ψυχῶν
451 2033 548 2065 αὐτῶν,
566 2034 612 2060 καὶ
628 2034 761 2069 μαλακίαν
781 2037 871 2063 πᾶσαν
893 2037 968 2063 ἰασά-

186 2085 274 2112 μενος,
299 2078 393 2104 ἕπειτα
418 2079 468 2114 τῆς
488 2079 590 2111 οἰκείας
615 2081 706 2111 αὐτοῖς
730 2081 878 2116 μεταδώσει
902 2090 967 2117 τρα-

185 2122 268 2158 πέζης
280 2132 286 2139 ·
304 2123 367 2150 ὥστ’
385 2125 472 2150 εἰπεῖν
494 2124 608 2156 αὐτούς’
638 2126 817 2160 Ἡτοίμασας
839 2126 966 2152 ἐνώπιόν

181 2177 239 2202 μου
255 2169 399 2203 τράπεζαν
410 2170 444 2202 ἐξ
461 2170 600 2204 ἐναντίας
613 2171 672 2197 τῶν
685 2172 847 2199 θλιϐόντων
854 2181 906 2206 με’
916 2173 965 2198 καὶ

182 2214 263 2250 ἄρτον
277 2216 367 2248 αὺτοῖς
384 2217 493 2252 παρέξει
511 2217 557 2244 καὶ
575 2217 686 2252 λογικὴν
707 2218 824 2253 τροφήν
841 2218 963 2244 ἐντεῦθεν

182 2260 232 2295 ἥδη
250 2262 360 2296 στερεᾶς
383 2261 508 2297 βρώσεως
533 2263 688 2298 μεταδιδοὺς
712 2264 812 2295 αὐτοῖς,
835 2265 882 2290 καὶ
899 2264 963 2299 οἴνῳ

182 2304 210 2330 δὲ
224 2305 318 2336 αὐτοὺς
335 2306 463 2341 εὐφρανεῖ
473 2307 572 2342 λογικῷ
583 2317 589 2322 ·
606 2308 669 2334 ὥστ’
685 2308 717 2335 ἂν
732 2309 817 2334 είπεῖν
831 2317 838 2324 ·
860 2308 913 2335 Καὶ
931 2309 963 2335 τὸ

181 2349 322 2384 ποτήριόν
331 2359 388 2378 σου
393 2354 544 2386 μεθύσκον
551 2362 589 2388 με
602 2354 672 2380 ὡσεὶ
686 2353 859 2388 κράτιστον]
873 2353 963 2394 Ταῦτα

180 2396 208 2422 δὲ
225 2396 311 2422 πάντα
334 2398 460 2432 παρέχει,
486 2400 549 2430 τοὺς
569 2400 729 2436 ἀρραϐῶνας
754 2400 808 2426 τῶν
832 2400 963 2436 οὐρανίων

180 2441 289 2475 ἀγαθῶν
302 2442 344 2468 διὰ
361 2442 413 2469 τῶν
429 2444 498 2471 κατὰ
516 2445 560 2471 τὸν
582 2446 701 2481 παρόντα
718 2445 773 2480 βίον
786 2447 961 2481 χαρισμάτων

178 2488 270 2518 αὐτοῖς
290 2487 466 2523 δωρούμενος.
492 2491 608 2517 Δυνατδν
626 2491 654 2517 δὲ
667 2491 714 2518 καὶ
731 2491 791 2518 καθ’
805 2491 899 2528 ἑτέραν
917 2492 961 2518 ἐκ·

177 2533 258 2567 δοχὴν
275 2535 371 2565 εἶπεῖνν
388 2535 427 2559 ὅτι
443 2536 466 2561 οἱ
484 2535 585 2570 πρῶτοι
602 2535 651 2571 τῆς
667 2537 788 2570 κλήσεως
802 2537 958 2572 ἠξιωμένοι,

177 2574 249 2604 οὗτοι
270 2576 293 2603 δ’
310 2575 379 2611 ἦσαν
399 2578 423 2603 οἱ
443 2578 474 2604 ἐκ
497 2578 547 2613 τῆς
569 2581 729 2616 περιτομῆς,
757 2581 890 2615 προφάσει
911 2581 959 2615 τῆς

177 2623 242 2659 περὶ
258 2623 288 2649 τὸ
309 2625 431 2658 κρεῖττον
445 2625 572 2660 ἀσχολίας
593 2626 641 2662 τὴν
657 2627 752 2662 κλῆσιν
773 2626 903 2662 ὕϐρισαν·
922 2628 959 2660 ὡς

175 2668 230 2704 γὰρ
252 2668 358 2703 ἔχοντες
374 2669 475 2704 ἀγροὺς
493 2670 528 2696 τὰ
551 2672 613 2707 παρ’
629 2672 719 2703 αὐτοῖς
742 2670 956 2707 ἀναγνώσματα,

175 2714 222 2741 καὶ
238 2714 276 2746 ὡς
296 2715 358 2750 βόας
382 2716 519 2752 ἀροτῆρας
541 2718 702 2752 κεκτημένοι
724 2719 786 2749 τοὺς
806 2719 955 2754 προφήτας,

174 2760 222 2786 καὶ
239 2760 276 2792 ὠς
296 2761 329 2788 ἂν
347 2761 427 2796 σοφία
443 2763 495 2788 τινὶ
512 2759 556 2789 οἷα
571 2764 679 2796 γυναικὶ
697 2762 881 2798 συμϐιοΰντες,
903 2763 950 2798 τὴν

210 2857 230 2872 ··
247 2856 324 2886 toan.
342 2858 434 2892 1·1,55,
474 2860 494 2876 ιτ
511 2859 578 2887 l‘sal.
593 2866 659 2894 χχιι,
675 2860 719 2888 ε.-
741 2861 762 2877 ιε
775 2848 837 2889 ibid.

1025 1613 1095 1639 modi
1117 1614 1226 1641 minime
1240 1615 1382 1647 obnoxios,
1399 1624 1495 1651 nempe
1521 1618 1656 1645 tenuiores
1672 1619 1802 1653 quosdam

1023 1665 1049 1686 et
1065 1660 1191 1687 merubris
1214 1661 1332 1688 mutilos.
1359 1662 1445 1689 Erant
1473 1667 1560 1690 autem
1580 1664 1605 1691 lii
1633 1664 1716 1692 dediti
1739 1665 1802 1692 olim

1023 1705 1100 1732 idolis
1122 1706 1232 1738 ethnici.
1257 1715 1370 1742 quorum
1406 1709 1510 1736 animas
1536 1709 1643 1736 scelesti
1669 1710 1804 1739 daemones

1022 1759 1100 1778 tuane
1126 1752 1321 1781 nmlctaverant
1345 1763 1350 1780 :
1371 1762 1437 1789 quos
1453 1756 1568 1783 convivii
1585 1762 1680 1783 auctor
1694 1765 1743 1792 pro
1754 1765 1802 1785 sua

1021 1797 1222 1825 denuntiatione
1254 1805 1401 1833 exceptos,
1435 1802 1507 1828 omni
1538 1803 1620 1830 animi
1648 1805 1742 1831 morbo
1770 1811 1802 1831 ac

1020 1842 1149 1878 languore
1162 1845 1306 1878 expedivit.
1324 1846 1422 1884 Deinde
1435 1854 1499 1874 vero
1515 1855 1614 1876 mensze
1629 1856 1735 1884 quoqtte
1750 1851 1799 1877 ad-

1020 1889 1131 1922 hibebit,
1148 1889 1190 1916 ita
1216 1894 1245 1917 ut
1267 1891 1304 1918 illi
1329 1892 1432 1919 dicturi
1446 1893 1516 1920 sinl:
1536 1893 1643 1921 Parasli
1657 1904 1744 1922 caram
1760 1904 1801 1923 me

1019 1942 1134 1961 mensam
1163 1938 1286 1962 adversus
1302 1945 1344 1964 eos
1359 1939 1403 1971 qui
1420 1938 1545 1965 tribulam
1561 1948 1600 1967 me
1620 1940 1651 1967 ³⁷.
1672 1940 1739 1968 Tum
1753 1949 1800 1977 pa-

1020 1987 1080 2006 nem
1106 1980 1158 2007 illis
1183 1986 1262 2016 atque
1285 1982 1440 2009 alimoniam
1469 1983 1616 2018 spiritalem
1649 1986 1799 2020 praebebit:

1018 2031 1099 2060 atque
1115 2026 1176 2052 hinc
1201 2027 1287 2054 solido
1306 2027 1362 2061 jam
1379 2028 1440 2055 cibo
1455 2029 1589 2063 impertiet
1605 2038 1661 2064 eos,
1679 2037 1707 2059 et
1720 2033 1800 2061 intel-

1017 2070 1119 2098 lectuali
1140 2071 1304 2100 exhilarabit
1330 2074 1403 2100 viuo.
1425 2075 1514 2107 Quare
1543 2077 1650 2105 dicent:
1676 2078 1710 2105 Et
1726 2079 1800 2107 calix

1018 2123 1077 2145 tutu
1102 2120 1231 2146 inebriam
1250 2127 1328 2154 quam
1356 2121 1500 2153 prwclaruc
1515 2123 1606 2150 eu”!
1632 2125 1720 2160 Atque
1742 2126 1799 2154 haec

1017 2165 1106 2191 omnia
1123 2164 1192 2192 Deus
1207 2166 1371 2199 suppeditat.
1386 2166 1447 2193 dum
1464 2168 1528 2202 ipsis
1544 2169 1694 2197 cwlestiuin
1713 2171 1798 2198 bono-

1018 2218 1075 2236 rum
1089 2210 1184 2237 arrlias
1198 2210 1224 2237 in
1241 2211 1318 2244 hujus
1326 2213 1387 2239 viue
1401 2214 1557 2240 muneribus
1568 2214 1706 2250 elargilur.
1723 2215 1798 2244 Licet

981 2257 1121 2290 unoqne
1147 2257 1293 2283 secundum
1321 2257 1400 2284 aliam
1423 2258 1670 2292 interpretationem
1694 2261 1796 2294 dicere,

1018 2302 1118 2335 primos
1144 2302 1282 2330 vocatione
1307 2303 1448 2339 dignanter
1472 2306 1584 2333 donatus
1604 2306 1686 2333 fuisse
1704 2307 1750 2341 qui
1763 2309 1796 2335 de

1017 2347 1219 2375 circumcisione
1232 2353 1329 2381 erant;
1345 2356 1436 2376 verum
1455 2350 1480 2377 lii
1497 2350 1560 2378 dum
1580 2351 1736 2379 melioribus
1750 2361 1796 2380 oc-

1016 2397 1126 2425 cupatos
1139 2400 1166 2418 se
1181 2393 1316 2426 dictitant,
1336 2395 1502 2422 vocationem
1520 2396 1681 2424 contumelia
1698 2397 1793 2425 aﬂ'ece—

1015 2442 1095 2465 runt:
1113 2438 1294 2473 babentesque
1309 2441 1391 2467 veluti
1402 2449 1482 2475 agros
1495 2443 1565 2476 apud
1581 2450 1610 2470 se
1626 2443 1791 2478 Scripturas,

1014 2489 1135 2512 aratores
1161 2485 1242 2513 boves
1267 2487 1421 2521 prophetas,
1436 2488 1631 2534 [sapientiaque
1657 2490 1793 2522 convictu,

1014 2530 1104 2557 uxoris
1123 2530 1219 2565 instar,
1242 2537 1357 2564 utentes,
1378 2530 1559 2568 evangelicam
1578 2534 1691 2569 gratiam
1712 2535 1789 2564 ﬂocci

1013 2576 1144 2604 fecerunt.
1162 2578 1213 2611 Qui
1230 2586 1294 2606 vero
1310 2584 1371 2613 post
1386 2579 1445 2606 illos
1459 2587 1493 2607 ex
1512 2580 1672 2615 alienigenis
1684 2582 1791 2617 populis

1012 2625 1099 2652 vocati
1117 2626 1234 2659 fuerunt,
1251 2632 1340 2654 mente
1356 2632 1433 2654 antea
1452 2628 1525 2655 surdi
1549 2629 1677 2663 caecique,
1690 2630 1787 2657 alacri-

1012 2675 1053 2698 ter
1084 2672 1269 2700 obaudieruut.
1301 2673 1391 2706 Quare
1414 2679 1442 2702 et
1472 2674 1663 2703 beatitudinem
1688 2675 1792 2704 conse-\

1009 2723 1135 2752 tinentur.

975 2763 1152 2799 εὐαγγελικὴν
1170 2765 1343 2800 ἐξηυτέλισαν
1364 2767 1458 2803 χάριν·
1483 2767 1507 2794 οι
1529 2767 1556 2795 δὲ
1583 2768 1641 2803 μετ’
1669 2768 1789 2801 ἐκείνους
