2061 3215
265 177 317 205 579

609 173 744 202 EUSEBII
763 169 999 201 CASSARIENSIS
1018 168 1093 197 OPP.
1114 167 1204 196 PARS
1223 167 1266 196 Ill.
1287 184 1321 188 —
1340 166 1544 195 EXEGETICA.

1827 165 1880 194 580

267 246 327 265 rum
342 237 448 264 Illorum
462 235 507 271 qui
521 234 608 263 vocali
625 234 709 264 fuere.
727 237 754 259 et
769 233 804 259 ob
815 240 846 259 su
853 239 883 259 as
896 230 1044 258 mundanas

1099 230 1113 264 ἡ
1142 229 1250 264 φήσασα
1275 228 1332 254 δτι·
1357 227 1450 259 Οὐδεὶς
1476 226 1530 253 τῶν
1558 225 1661 262 ἀνδρῶν
1690 226 1799 253 ἐκείνων
1825 226 1880 253 τῶν

265 283 457 318 occupationes
485 287 652 312 recusavere,
679 286 784 306 cwnam
813 285 899 304 meam
924 281 1046 311 gustatu-

265 338 347 358 rum:
365 330 433 356 alios
448 334 549 359 autem,
570 328 665 354 hortun
687 325 754 356 loco,
780 325 841 351 vitae
868 323 985 358 negotiis
999 323 1046 349 mi-

265 377 337 404 nime
349 376 504 410 implicitos,
517 374 612 408 dignos
629 371 752 398 habitum
769 370 800 396 iri
812 369 850 396 ait
861 371 937 396 beata
953 376 1044 400 ccena,

264 428 360 455 nempe
375 427 505 455 pauperes
521 417 650 452 quosdam
666 421 692 442 et
709 423 794 442 ca-cos
811 420 837 441 et
858 414 975 445 mutilos,
999 414 1044 447 qui

264 466 398 493 vocationi
425 473 476 491 non
503 463 659 490 restiterunt
679 469 686 492 ;
709 461 772 495 quia
797 467 883 494 neque
906 460 1043 491 emebant,

265 519 352 548 neque
374 511 538 540 vendebant,
563 515 651 540 neque
675 507 775 540 nuptiis
798 513 908 540 operam
932 505 1043 536 dabant,

265 564 351 592 neque
380 557 433 583 aiio
457 555 577 590 quolibet
608 553 717 588 negotio
741 552 973 582 distrahebantur,
998 551 1044 577 sed

264 607 389 637 prompte
413 601 590 635 expediteque
626 598 742 634 gratiam
766 597 943 624 admiserunt.
973 595 1045 629 Quos

264 648 404 679 invitator,
421 646 508 680 pritno
524 644 631 679 quidem
648 642 798 669 incolumes
813 641 905 673 faciet,
917 641 979 676 quia
1006 641 1045 667 fa-

262 694 313 721 cile
328 700 434 721 omnem
447 692 656 724 tnorhutnatque
670 690 824 724 languorem
840 693 927 715 sanat.
946 687 1046 714 Deinde

261 746 315 767 etc.
337 740 402 773 Quae
424 739 515 766 omnia
541 737 591 764 sibi
618 735 816 763 interdixerunt
832 737 988 761 recusantes
1008 732 1044 758 illi

262 786 382 813 Iudaicae
401 792 542 820 synagogm
565 783 699 818 principes
723 791 731 814 ;
753 788 867 815 quorum
892 780 951 806 loco
972 779 1046 812 plebs

264 833 399 867 merigera
414 832 474 864 fuit,
489 839 548 865 quae
561 831 588 856 in
609 829 706 863 plateis
719 828 804 859 urbis,
817 833 912 859 nempe
929 825 954 851 in
967 824 1046 860 legali

265 879 370 914 palilia,
386 878 502 904 vivebat.
522 891 555 896 -—
567 876 691 902 Fortasse
717 879 806 900 autent
820 872 863 899 his
877 870 1044 902 hominibus,

264 925 387 953 ethnicos
406 924 535 951 denotare
549 922 665 953 volabat,
677 921 722 955 qui
743 920 775 945 atl
790 919 848 954 ejus
863 916 1044 952 magisterium

263 979 341 999 erant
356 969 504 998 accessuri.
522 968 552 995 lli
571 974 649 995 antea
666 966 815 994 iuololatrae
828 971 916 996 erant,
931 970 1045 998 quorum

263 1017 368 1044 animas
380 1016 441 1043 mali
450 1015 585 1042 daemones
597 1014 760 1039 viuavcrant
770 1020 777 1043 ;
786 1018 853 1046 quos
864 1013 1047 1036 consentanee

264 1063 414 1091 invitationi
424 1069 478 1088 sum
486 1060 635 1094 suscipiens
643 1058 811 1088 com'ivator,
820 1055 1046 1091 primumquitlem

269 1116 349 1137 sanos
358 1107 558 1141 incolumesque
567 1105 806 1135 eﬂiciet,cwlorunt
813 1101 904 1129 oculos
912 1107 1047 1132 reserans,

261 1153 347 1182 omini
365 1154 459 1180 morbo
478 1151 604 1186 omnique
622 1150 742 1185 languori
761 1149 909 1175 animarum
929 1147 1046 1180 ipsorum

264 1201 387 1232 medens;
403 1198 602 1226 deindeiisdem
619 1195 767 1230 spiritalem
782 1201 886 1221 cumam
900 1191 1046 1219 exhibebit.

264 1245 346 1273 Primi
363 1246 453 1279 itaque
475 1243 562 1270 vocati
582 1247 645 1269 sunt
669 1239 835 1271 circumcisi,
853 1239 897 1274 qui
919 1239 1048 1265 adversus

264 1292 378 1327 gratiam
399 1289 586 1318 contumeliosi
607 1288 726 1314 fuerunt.
751 1286 866 1313 Secundi
891 1285 1048 1319 alienigena:

263 1336 378 1368 ethnici,
392 1336 436 1370 qui
461 1340 539 1362 antea
555 1341 624 1361 (παι
645 1338 734 1360 mente
755 1336 843 1363 erant,
859 1336 886 1358 et
910 1330 1008 1361 mutili,
1022 1333 1049 1355 et

263 1384 362 1415 claudi,
378 1391 410 1411 ac
429 1383 506 1413 muti,
520 1382 564 1418 qui
579 1382 659 1408 etiam
679 1380 805 1407 alacriter
816 1379 1046 1413 obtemperarunt.

262 1430 323 1458 Jam
345 1429 373 1456 in
395 1429 490 1464 plateis
511 1432 661 1457 versantes,
679 1426 695 1452 ii
709 1425 835 1452 credendi
860 1427 922 1451 sunt
937 1423 981 1457 qui
996 1422 1047 1449 lata

263 1475 424 1512 perditionis
440 1475 481 1501 via
501 1474 637 1504 incedunt,
657 1476 684 1498 et
701 1471 760 1498 sine
777 1470 902 1497 doctrina
919 1468 1049 1503 dogmati-

265 1524 349 1551 busve
361 1523 465 1548 vivunt.
483 1519 550 1546 Τιιιιι
566 1519 680 1545 latentes
695 1518 720 1544 in
738 1517 852 1551 angulis,
870 1516 886 1542 ii
907 1516 952 1550 qui
976 1514 1049 1541 inali-

1095 275 1283 310 κεκλημένων,
1304 274 1351 301 καὶ
1369 273 1411 300 διὰ
1431 274 1479 305 τὰς
1505 273 1632 308 Bito-cmi;
1658 272 1784 308 ἀσχολίας
1809 281 1880 308 παρ-

1095 321 1297 356 αιτησαμένων,
1328 320 1536 354 γεύσεταίιμοι)
1561 319 1607 349 τοῦ
1631 319 1754 346 δείπνου·
1771 318 1880 354 ἑτέρους

1095 367 1116 392 δ’
1138 367 1197 393 ἀντὶ
1219 366 1320 392 τούτων
1338 367 1401 398 τοὺς
1421 365 1457 400 μὴ
1473 364 1742 401 περιπεπλεγμένους
1759 365 1818 397 ταῖς
1832 364 1879 390 τοῦ

1097 412 1152 447 βίου
1173 412 1367 448 πραγματίαις,
1384 411 1631 446 καταξιωθήσεσθαί
1646 419 1711 446 φησι
1727 410 1773 437 τοῦ
1789 419 1878 445 μακαε

1097 459 1155 495 ρίου
1168 459 1286 489 δείπνου,
1304 458 1426 493 πτωχούς
1446 466 1520 489 τινας
1532 458 1579 484 καὶ
1590 457 1706 491 τυφλοὺς
1717 456 1765 482 καὶ
1777 457 1879 491 ἀνα-πή.

1098 513 1170 540 ρους,
1193 506 1254 538 τοὺς
1272 505 1402 540 μηδαμῶς
1422 503 1677 540 παραιτησαμένους
1701 503 1750 538 τῆν
1772 501 1876 537 κλῆσιν,

1095 551 1138 578 διὰ
1149 552 1178 577 τὺ
1192 553 1261 586 μήτε
1274 551 1429 586 ἀγοράζειν.
1449 551 1514 586 μήτε
1526 550 1700 585 πιπράσκειν,
1717 549 1784 584 μήτε
1798 548 1879 583 γάμῳ

1097 597 1245 632 σχολάζειν,
1263 597 1325 632 μήθ’
1340 597 1384 630 ὑφ’
1404 597 1504 631 ἑτέρων
1524 595 1605 621 τινῶν
1624 594 1752 621 τοιούτων
1771 593 1878 629 περιέλ-

1095 643 1199 676 κεσθαι,
1217 643 1362 678 προθύμως
1377 642 1404 669 δὲ
1423 643 1468 668 καὶ
1489 641 1603 676 ἑτοίμοις
1619 640 1813 676 καταδέχεσθαι
1829 640 1878 675 τὴν

1096 689 1183 724 χάριν·
1199 688 1245 719 οὓς
1262 688 1275 714 ὸ
1293 687 1408 718 καλέσας
1422 686 1528 721 πρῶτον
1542 686 1591 721 μὲν
1604 686 1688 720 ὑγιεῖς
1702 686 1877 720 καταστήσει,

1095 733 1150 766 οἷός
1166 743 1196 760 τε
1210 734 1247 760 ὢν
1264 734 1360 770 ῥᾳδίως
1377 734 1466 759 πᾶσιν
1483 733 1558 759 νόσον
1574 733 1620 758 καὶ
1636 733 1724 758 πᾶσαν
1744 731 1879 766 μαλακίαν

1096 781 1266 816 θεραπεύειν·
1285 780 1388 811 ἔπειτα,
1408 785 1460 806 etc.
1480 778 1519 813 (ut
1533 778 1583 805 col.
1595 778 1669 809 575).
1686 774 1734 803 Ὧν
1753 777 1880 803 ἁπάντων

1096 827 1244 862 ἐστέρησαν
1260 826 1370 856 ἑαυτοὺς
1385 826 1408 850 οἱ
1424 823 1665 860 παραιτησάμενοι,
1678 823 1726 858 τῆς
1748 822 1879 849 Ἰουδαίων

1098 871 1256 906 συναγωγῆς
1271 872 1295 897 οἱ
1312 871 1448 905 ἄρχοντες-
1469 870 1526 904 μεθ’
1544 870 1590 901 οὓς
1608 870 1623 904 ἡ
1639 869 1742 904 πληθὺς
1759 870 1879 904 ὑπήκου-

1098 927 1153 949 σεν,
1173 919 1210 949 ὼς
1234 917 1373 948 πλατείαις
1391 916 1493 947 πόλεως
1511 917 1543 950 τῇ
1562 915 1631 942 κατὰ
1655 915 1735 950 νόμον
1759 914 1880 949 πολιτεία

1098 963 1181 996 ζῶσα.
1196 980 1229 983 -
1241 963 1316 997 Τάχα
1328 962 1355 989 δὲ
1366 962 1410 988 διὰ
1424 961 1524 987 τούτων
1538 961 1599 992 τοὺς
1611 960 1639 992 ἐξ
1653 960 1736 986 ἐθνῶν
1748 961 1879 995 ᾐνίττετο,

1097 1010 1135 1046 τῷ
1165 1009 1246 1036 αὑτοῦ
1275 1009 1345 1044 λόγῳ
1372 1008 1509 1043 προσιέναι
1536 1007 1689 1041 μέλλοντας.
1717 1006 1836 1033 Τοιοῦτοι
1852 1007 1880 1033 δὲ

1098 1057 1220 1092 ὑπῆρχον
1234 1057 1258 1082 οί
1269 1056 1332 1090 πρὶν
1347 1054 1536 1089 εἰδωλολάτραι
1548 1052 1599 1078 ὑπὸ
1611 1052 1743 1090 δαιμόνων
1757 1053 1881 1088 πονηρῶν

1098 1102 1146 1134 τὰς
1161 1101 1248 1137 ψυχὰς
1269 1100 1460 1135 λελωϐημένον
1485 1099 1532 1129 οὓς
1548 1097 1701 1128 ἀκολούθως
1713 1099 1745 1132 τῇ
1761 1098 1880 1132 ἐπαγγε-

1097 1149 1142 1184 λία
1158 1147 1354 1183 ὑποδεξάμενος
1368 1147 1381 1172 ὁ
1398 1145 1540 1179 ἑστιάτωρ,
1558 1143 1654 1178 πρῶτα
1671 1143 1719 1178 μὲν
1736 1143 1821 1175 σώους
1835 1145 1881 1170 καὶ

1099 1196 1183 1228 ὑγιεῖς
1205 1194 1432 1227 ἀποκαταστήσει,
1454 1192 1561 1223 ἀνοίξας
1585 1189 1692 1223 τυφλῶν
1714 1189 1879 1225 ὀφθαλμοὺς,

1099 1240 1188 1267 πᾶσάν
1199 1249 1228 1266 τε
1241 1240 1317 1265 νόσον
1328 1240 1373 1266 καὶ
1384 1239 1474 1264 πᾶσαν
1484 1239 1618 1274 μαλακίαν
1627 1238 1680 1267 τῶν
1689 1237 1781 1272 ψυχῶν
1792 1236 1881 1263 αὐτῶν

1101 1286 1253 1321 ἰασάμενος
1269 1285 1362 1311 ἔπειτα
1378 1284 1408 1309 τὸ
1423 1284 1606 1317 πνευματικὸν
1622 1284 1712 1314 αύτοῖς
1728 1281 1881 1317 παραθήσει

1098 1332 1216 1359 δεῖπνον,
1230 1331 1336 1368 Πρῶτοι
1356 1330 1404 1365 μὲν
1421 1328 1466 1357 οὖν
1480 1329 1632 1365 ἐκλήθησαν
1642 1330 1664 1356 οι
1680 1330 1711 1355 ὲκ
1721 1327 1880 1365 περιτομῆς,

1098 1379 1122 1405 οἳ
1140 1378 1186 1405 καὶ
1202 1378 1250 1413 τὴν
1268 1378 1346 1413 χάριν
1361 1376 1538 1412 καθύϐρισαν·
1559 1375 1679 1411 δεύτεροι
1692 1375 1719 1402 δὲ
1737 1375 1794 1409 μετ’
1811 1373 1882 1400 ὲκείο

1099 1434 1159 1457 νους
1173 1426 1196 1451 οἱ
1208 1426 1238 1452 ἐκ
1249 1424 1302 1450 τῶν
1315 1423 1469 1457 ἁλλολςύλων
1482 1423 1575 1451 ἐθνῶν.
1589 1424 1612 1449 οἱ
1627 1422 1691 1458 πρὶν
1704 1421 1753 1452 τὰς
1764 1419 1883 1450 διανοίας

1098 1472 1191 1505 τυιρλοὶ
1212 1471 1258 1497 καὶ
1281 1471 1414 1505 ἀνάπηροι
1436 1471 1483 1496 καὶ
1501 1469 1581 1505 χωλοὶ
1599 1468 1645 1496 καὶ
1669 1468 1765 1502 κωφοὶ,
1789 1467 1813 1493 οἳ
1834 1466 1882 1493 καὶ

1101 1518 1245 1554 προθύμως
1269 1518 1435 1552 ὑπήκουσαν·
1464 1514 1516 1542 εἷεν
1536 1516 1557 1543 δ’
1576 1516 1607 1542 ἂν
1630 1516 1658 1541 ὲν
1674 1514 1812 1545 πλατείαις
1832 1513 1882 1547 μὲν

265 1571 328 1596 tiam
345 1568 464 1603 quolibet
478 1570 606 1602 prmtextu
622 1565 718 1592 velant.
739 1563 956 1597 lieliquidemmn
969 1560 1047 1587 tertio

1099 1564 1121 1589 οἱ
1140 1563 1188 1598 τὴν
1202 1562 1355 1598 εὐρύχωρον
1368 1562 1417 1596 τῆς
1433 1561 1567 1592 ἀπωλείας
1583 1561 1641 1587 ὁδὸν
1658 1560 1820 1596 βαδίζοντες,
1834 1559 1882 1586 καὶ

264 1615 323 1643 loco
343 1615 376 1642 de
396 1614 447 1641 viis
466 1613 634 1647 saepibusque
657 1610 761 1640 vocati,
785 1610 881 1636 animae
905 1608 930 1634 in
956 1607 1048 1634 Inferis

263 1663 389 1689 detenta).
422 1660 504 1687 Multa
538 1659 610 1686 enitn
641 1660 703 1684 sunt
725 1656 829 1683 illarum
871 1654 966 1680 itinera
989 1660 1069 1688 qua).-

265 1709 328 1736 hinc
359 1707 459 1734 abeunt
486 1705 583 1740 quibus
609 1708 669 1738 post
706 1701 827 1736 corporis
855 1700 1048 1736 depositionem

265 1753 421 1788 pra-dicavit
445 1751 584 1778 Servator.
599 1749 751 1777 Clementer
775 1755 838 1775 vero
853 1747 885 1774 iis
900 1747 982 1773 etiam
1002 1753 1050 1773 ne-

264 1798 419 1825 cessitatem
433 1796 558 1830 imponit,
571 1795 616 1830 qui
632 1793 749 1820 nondum
772 1799 819 1820 sua
840 1791 976 1818 voluntate
997 1798 1051 1817 mo-

264 1848 373 1871 ventur.
388 1842 464 1870 Talis
481 1847 521 1869 est
533 1849 609 1869 omna
625 1848 685 1875 quae
703 1840 746 1867 hic
760 1838 880 1865 invitatis
893 1843 984 1872 parata
997 1842 1048 1863 est.

265 1889 345 1917 Tales
359 1889 439 1917 etiam
461 1888 560 1919 vocati,
575 1894 690 1921 quorum
715 1885 759 1912 alii
775 1890 960 1914 contumaces,
977 1884 1050 1910 ideo-

265 1944 317 1971 que
330 1936 432 1971 jejuni;
448 1935 492 1962 alii
509 1934 645 1969 morigeri,
662 1933 776 1966 ideoque
799 1931 920 1957 admissi.
934 1930 972 1956 Tu
987 1938 1050 1957 vero

266 1982 330 2010 mihi
344 1983 405 2009 hinc
419 1986 535 2008 mentem
551 1979 676 2010 transfer,
686 1985 740 2006 etc.
756 1978 830 2005 Beati
845 1986 908 2012 ergo
919 1977 962 2011 qui
980 1985 1051 2003 nunc

267 2028 390 2056 esuriunt
415 2032 441 2053 et
457 2027 551 2053 sitiunt
571 2026 714 2059 justitiam,
730 2025 791 2058 quia
808 2029 870 2050 tunc
888 2024 1050 2050 saturabun-

268 2079 322 2105 tur,
337 2080 414 2100 caena
431 2071 503 2106 regia
527 2071 677 2105 epulantes,
691 2075 717 2096 et
735 2070 797 2096 vita:
821 2077 915 2103 panem
940 2069 1050 2103 partici-

267 2124 372 2151 pantcs.
398 2118 513 2152 novique
536 2117 628 2143 calicis
663 2108 792 2142 laetitiam.
816 2115 935 2148 Quarum
961 2123 1050 2141 rerum

268 2165 387 2202 symbolo
414 2168 476 2190 ante
505 2163 657 2197 passionem
679 2169 810 2196 peragens
825 2160 972 2187 Servatur:
990 2159 1051 2187 Non

268 2211 364 2242 bibant,
379 2210 475 2244 linquit,
493 2208 587 2234 amodo
603 2215 636 2234 ea:
649 2207 697 2233 ltoc
709 2207 837 2241 genimine
856 2207 916 2232 vitis
930 2214 1010 2241 usque
1024 2207 1051 2232 in

267 2258 336 2284 diem
351 2257 439 2287 illum,
454 2263 506 2290 quo
520 2254 586 2281 illud
604 2253 734 2280 uobiscum
749 2260 841 2279 novum
867 2253 951 2279 bibant
967 2254 994 2279 in
1011 2260 1049 2279 re-

267 2312 318 2339 gno
333 2301 422 2330 Patris
440 2301 488 2328 mei
502 2301 536 2327 “.
549 2300 630 2328 Plena
645 2304 686 2327 est
700 2301 829 2326 bonarum
844 2307 933 2326 rerum
947 2307 1049 2331 mensa,

269 2358 321 2385 qua
337 2353 482 2377 vescentur
501 2348 517 2375 ii
536 2348 696 2382 quibuscum
716 2345 804 2372 [tr-dus
825 2346 968 2381 disposuit,
992 2353 1051 2380 pro-

269 2400 360 2430 pterea
378 2395 448 2430 quod
464 2402 554 2422 secum
578 2394 604 2421 in
630 2391 824 2421 tentationibus
842 2391 1050 2426 permanserint,

270 2445 299 2468 ut
320 2441 482 2476 manducent
502 2448 534 2467 ac
554 2439 648 2467 bibant
668 2438 694 2465 in
712 2446 805 2465 mensa
829 2438 897 2472 ejus,
914 2445 982 2472 pane
996 2445 1052 2465 coi-

269 2488 328 2516 lesti
355 2487 504 2514 animarum
521 2489 676 2512 sanctarum
699 2485 831 2510 nulritore
849 2484 926 2518 pasti,
947 2484 1052 2510 vinum-

269 2533 417 2570 quelnovi
453 2532 596 2567 genimiuis
629 2538 701 2558 verae
735 2530 797 2557 vitis
832 2530 1050 2565 participantes,

271 2589 351 2615 qualn
367 2579 425 2614 ipse
437 2579 558 2605 omnium
578 2577 647 2604 Deus
666 2585 697 2603 ac
713 2582 789 2611 pater
802 2577 936 2610 excoleris,
952 2585 1050 2604 novum

269 2635 301 2653 ex
317 2627 372 2660 ipsa
388 2625 504 2651 fructum
523 2624 613 2658 ilignis
631 2623 793 2658 propinahit.

1101 1609 1220 1643 βιοῦντες
1233 1609 1295 1635 ἄνευ
1312 1608 1421 1642 διδαχῆς
1435 1607 1481 1633 καὶ
1498 1606 1654 1642 δογμάτων·
1677 1606 1705 1631 ἐν
1727 1605 1755 1632 δὲ
1772 1604 1881 1639 ῥύμαις,

1099 1656 1123 1683 οἱ
1149 1654 1335 1685 συστέλλοντες
1354 1653 1401 1688 τὴν
1426 1653 1524 1680 κακίαν
1544 1653 1588 1688 οἵᾳ
1608 1652 1707 1687 δήποτε
1733 1650 1880 1687 προφάσει-

1100 1702 1124 1727 οἱ
1137 1701 1163 1727 δὲ
1178 1701 1275 1730 λοιποὶ,
1298 1701 1322 1726 οἱ
1342 1700 1370 1732 ἐξ
1386 1700 1506 1734 ἐσχάτων
1524 1699 1577 1727 ἀπο
1597 1698 1650 1724 τῶν
1669 1698 1735 1724 ὁδῶν
1750 1697 1796 1725 καὶ
1811 1705 1882 1733 φρα-

1100 1747 1178 1782 γμῶν
1199 1746 1358 1782 καλούμενοι
1380 1746 1477 1781 τρίτοι,
1494 1746 1522 1773 αἱ
1546 1745 1573 1770 ἐν
1590 1745 1652 1780 ᾅδου
1671 1744 1765 1780 ψυχαίι
1789 1742 1884 1771 πολλαὶ

1100 1793 1154 1829 γαρ
1174 1794 1227 1820 ὁδοὶ
1250 1794 1303 1819 τῶν
1321 1792 1481 1824 ἐξελθόντων
1502 1792 1547 1818 τὸν
1565 1792 1621 1827 βίον
1637 1791 1740 1819 τοῦτον·
1758 1788 1800 1822 αἷς
1817 1791 1884 1825 ἐκή-

1102 1840 1164 1874 ρυξε
1181 1839 1249 1874 μετὰ
1265 1839 1313 1874 τὴν
1329 1838 1457 1866 ἀπόθεσιν
1471 1838 1518 1865 τοῦ
1538 1837 1661 1872 σώματος
1677 1838 1691 1864 ὀ
1712 1837 1821 1872 Σωτήρ·
1841 1844 1885 1870 φι-

1101 1886 1268 1921 λανθρώπως
1286 1885 1306 1912 δ¹
1329 1885 1450 1920 ἀνάγκην
1467 1885 1599 1919 προσάγει
1614 1885 1670 1915 τοῖς
1686 1883 1776 1911 οὐκέτι
1790 1881 1880 1916 αὐτεξ-

1102 1933 1212 1964 ουσίοις.
1230 1932 1353 1959 Τοιοῦτον
1371 1933 1419 1966 μὲν
1434 1931 1465 1966 δὴ
1489 1931 1517 1957 τὸ
1536 1931 1652 1961 δεῖπνον,
1674 1931 1742 1965 ὅπερ
1769 1927 1885 1956 ἐνταῦθα.

1101 1981 1156 2010 τοῖς
1170 1979 1325 2013 δαιτυμόσιν
1341 1979 1512 2013 ήτοίμασται”
1527 1978 1573 2005 καὶ
1589 1977 1702 2004 τοιοῦτοί
1715 1985 1786 2007 τινες
1795 1976 1820 2002 οἱ
1835 1984 1886 2003 κα-

1101 2025 1234 2059 λούμενοι,
1247 2025 1270 2050 οἱ
1285 2025 1333 2059 μὲν
1348 2024 1479 2055 ἀπειθεῖς,
1495 2025 1541 2049 καὶ
1555 2024 1599 2050 δια
1614 2023 1692 2049 τοῦτο
1705 2022 1886 2057 ἁπομένοντες

1102 2070 1227 2104 ἄγευστοι
1240 2079 1245 2085 ’
1265 2072 1288 2096 οἱ
1307 2070 1334 2096 δὲ
1352 2070 1498 2101 εὐπειθεῖς,
1515 2070 1561 2096 καὶ
1576 2069 1619 2096 διὰ
1633 2069 1712 2096 τοῦτο
1727 2069 1885 2105 προλαμᾶι-

1101 2117 1217 2152 νόμενοι.
1235 2117 1270 2143 Σὺ
1289 2117 1317 2142 δέ
1335 2125 1379 2151 μοι
1395 2115 1517 2143 ἐντεῦθεν
1533 2115 1636 2150 μετάϐα
1657 2117 1690 2151 τῇ
1703 2115 1816 2150 διανοίᾳ,
1831 2119 1883 2141 etc.

1103 2162 1201 2196 (utcol.
1211 2161 1284 2197 572).
1295 2162 1431 2196 Μακάριοι
1447 2161 1511 2195 γοῦν
1529 2162 1552 2187 οἱ
1567 2161 1613 2188 νῦν
1629 2161 1773 2193 πεινῶντες
1786 2160 1833 2188 καὶ
1845 2160 1885 2186 δι-

1102 2207 1205 2241 ψῶντες
1215 2208 1263 2242 τὴν
1274 2207 1453 2242 δικαιοσύνην,
1463 2209 1503 2235 ὅτι
1515 2209 1574 2235 τότε
1588 2207 1826 2244 χορτασθήσονται,
1838 2205 1885 2232 τοῦ

1102 2253 1209 2279 δείπνου
1223 2253 1268 2279 τοῦ
1286 2253 1423 2287 βασιλικοῦ
1440 2253 1636 2288 ἐμφορούμενοι
1654 2253 1700 2279 καὶ
1715 2252 1887 2288 μεταλαμὸἀη

1102 2308 1192 2331 νοντες
1207 2299 1252 2327 τοῦ
1273 2300 1355 2335 ἄρτου
1371 2299 1420 2334 τῆς
1435 2300 1516 2335 ζωῆς,
1533 2300 1578 2326 καὶ
1591 2299 1640 2333 τῆς
1659 2298 1828 2334 εὐφροσύνης
1839 2298 1886 2326 τοῦ

1102 2345 1195 2374 καινοῦ
1213 2346 1351 2381 ποτηρίου.
1369 2343 1418 2373 Ὧν
1432 2345 1466 2372 τὰ
1484 2345 1605 2380 σύμϐολα
1622 2344 1753 2372 ἐπιτελῶν
1769 2344 1822 2380 πρὸ
1839 2343 1885 2370 τοῦ

1102 2392 1202 2424 πάθους
1218 2394 1232 2419 ὁ
1251 2393 1354 2428 Σωτὴρ,
1379 2393 1420 2419 Οὐ
1443 2391 1486 2427 μὴ
1513 2393 1579 2422 πίω.
1604 2392 1666 2427 εφη,
1690 2391 1742 2418 ἀπ’
1765 2390 1828 2425 ἄρτι
1852 2390 1887 2416 ὲκ

1100 2439 1209 2466 τούτου
1220 2438 1272 2464 τοῦ
1283 2438 1530 2473 γεννήματοςτῆς
1541 2438 1675 2473 ἀμπέλου
1685 2437 1739 2470 ἓως
1749 2436 1803 2470 τῆς
1816 2435 1887 2470 ἡμέ-

1097 2495 1155 2520 ρας
1173 2486 1301 2519 ἐκείνης,
1319 2485 1393 2511 ὅταν
1416 2485 1488 2512 αὺτό
1505 2485 1580 2511 πίνω
1599 2484 1661 2519 μεθ’
1680 2484 1763 2518 ὑμῶν
1781 2483 1887 2510 καινὸν

1101 2534 1136 2560 ἐν
1148 2533 1185 2566 τῇ
1202 2533 1344 2565 βασιλείᾳ
1356 2532 1409 2558 τοῦ
1428 2531 1541 2565 Πατρός
1557 2530 1639 2564 ἐμοῦ·
1657 2530 1764 2566 πλήρης
1777 2528 1887 2563 ἀγαθῶν

1103 2579 1234 2614 τράπεζα,
1252 2578 1284 2614 ἧς
1300 2578 1499 2614 μεταλήψονται
1513 2574 1552 2607 οἷς
1565 2576 1613 2611 τὴν
1629 2576 1763 2611 διαθήκην
1776 2575 1886 2612 διέθετο.

1104 2625 1147 2652 διὰ
1160 2625 1190 2651 τὸ
1211 2624 1392 2659 μεμενηκέναι
1411 2624 1468 2658 μετ’
1486 2621 1568 2649 αὐτοῦ
1585 2623 1613 2648 ἐν
1630 2623 1684 2653 τοῖς
1711 2622 1886 2658 πειρασμοῖς,

270 2673 303 2700 ἶν’
319 2673 428 2699 ὲσθίωσι
444 2672 491 2698 καὶ
515 2671 627 2698 πίνωσιν
650 2670 697 2696 ἐπὶ
716 2670 766 2704 τῆς
788 2669 925 2705 τραπέζης
950 2671 1041 2703 αὐτοῦ,
1071 2672 1145 2708 ἄρτῳ
1169 2671 1218 2706 μὲν
1238 2671 1355 2705 οὐρανίῳ
1369 2669 1462 2704 ψυχῶν
1478 2670 1562 2704 ἁγίων
1592 2668 1729 2703 θρεπτικῷ
1752 2670 1890 2703 τραφησό-

273 2729 358 2756 μενοι.
378 2719 450 2745 οἴνου
467 2718 495 2744 δὲ
516 2717 563 2744 τοῦ
587 2716 680 2743 καινοῦ
694 2716 862 2751 γεννήματος
878 2716 925 2751 τῆς
939 2716 1066 2752 ἀληθινῆς
1082 2716 1205 2754 ἀμπέλου
1228 2715 1452 2752 μεταληψόμενοι,
1473 2715 1505 2750 ἣν
1523 2714 1602 2745 αὐτὸς
1615 2715 1629 2740 ὁ
1645 2713 1699 2740 τῶν
1728 2713 1796 2740 ὃλων
1822 2711 1889 2743 Θεδς

271 2768 317 2794 καὶ
330 2766 424 2801 Πατὴρ
436 2764 565 2801 γεωργῶν
580 2765 609 2790 τὸ
622 2763 713 2790 καινὸν
722 2763 750 2796 ἐξ
764 2764 849 2797 αὐτῆς
859 2763 980 2799 γέννημα
992 2766 1048 2797 τοῖς
1059 2765 1119 2791 τότε
1133 2754 1216 2797 ἀξίοις
1230 2764 1350 2800 παρέξει.

340 2814 361 2829 ¹¹
376 2812 452 2845 Quod
466 2812 489 2838 si
507 2812 569 2837 inte
584 2811 727 2844 peccat-erit
742 2810 824 2844 frater
841 2815 912 2836 tutu.

306 2859 356 2886 llic
369 2858 427 2886 vult
441 2865 498 2891 eos,
517 2858 562 2892 qui
588 2857 694 2891 injuriis
718 2855 833 2882 lacessiti
854 2856 971 2890 fuerunt,
987 2864 1050 2892 erga

307 2908 331 2925 ’°
350 2906 445 2934 Matth.
460 2913 536 2939 nrt,
556 2904 600 2932 ‘29.
650 2905 671 2920 ¹¹
687 2904 752 2931 an.
771 2911 836 2937 χιιι,
850 2904 876 2932 5.

1192 2810 1262 2837 Ἐὰν
1278 2810 1309 2836 δὲ
1327 2809 1440 2844 ἁμάρτῃ
1456 2810 1499 2841 εἰς
1512 2808 1550 2835 σὲ
1566 2809 1582 2835 ὀ
1596 2807 1726 2842 ἀδελφός
1741 2815 1808 2834 σου.

1147 2856 1277 2883 Ἐνταῦοα
1299 2856 1361 2887 τοὺς
1375 2856 1403 2882 έν
1427 2856 1551 2892 προκοπῇ
1569 2853 1732 2888 γενομένους
1748 2861 1890 2891 συγχωρη-
