2061 3215
152 194 202 226 885

749 197 1002 228 ΟΟΜΜΕΝΤΑΒΙΑ
1018 199 1052 226 ΙΝ
1071 199 1196 228 LUCAM.

1715 203 1767 234 586

151 255 199 291 τῆς
213 252 558 291 συντελείαςοῦπρότερόν
571 253 679 283 ἔσεσθαι
691 255 737 283 τὸν
749 254 938 293 κατακλυσμὸν

991 262 1077 286 vetur.
1092 257 1195 290 Quibus
1208 257 1289 286 etiam
1303 261 1441 289 commode
1462 263 1567 291 dicetur
1581 264 1769 299 propheticum

151 301 200 337 τῆς
222 299 360 332 ἀπωλείας
375 300 429 329 τῶν
445 301 550 329 ἀσεϐῶν
567 310 659 338 φησιν,
676 303 693 338 ἢ
716 303 879 338 συναχθῆναι
896 304 948 335 είς-

151 348 200 383 τὴν
220 348 381 384 ἐπουράνιον
406 348 453 375 τοῦ
477 348 544 375 Θεοῦ
562 348 688 382 κιϐωτὸν,
709 349 755 376 καὶ
772 349 936 385 διασωθῆναι

149 395 212 426 τοὺς
223 394 283 421 τότε
296 393 526 431 εὑρεθησομένους
536 396 583 422 τοῦ
596 395 664 422 Θεοῦ
681 396 849 432 ἀνθρώπους,
866 397 936 424 κατά

150 439 181 467 τὸ
194 441 369 476 παράδειγμα
382 441 413 468 τὸ
427 442 474 468 ἐπὶ
497 442 543 468 τοῦ
560 442 622 469 Νῶε
633 449 639 457 ·
656 440 700 475 οἷς»
711 443 756 469 καὶ
776 443 936 479 λεχθήσεται

151 486 221 514 κατά
240 485 336 523 καιρὸν
361 487 391 514 τὸ
416 487 707 527 προφητικὸνὲκεϊνο·
730 486 842 522 Βάδιζε,
860 490 946 523 λαός

147 541 216 568 μου,
231 531 352 560 εισελθε
369 534 413 565 εὶς
424 533 457 560 τὸ
468 534 587 569 ταμεῖόν
599 536 669 567 σου,
686 535 733 561 καὶ
744 535 779 561 τὰ
794 534 866 570 ἑξῆς,
879 535 945 568 ἓως“

150 575 187 606 οὗ
209 578 351 613 παρέλθοι
372 574 393 613 ἦ
414 578 487 614 ὀργὴ
511 581 636 614 Kvplov‘
654 580 748 616 ὥσπερ
767 580 814 607 καὶ
828 580 874 607 ἐπὶ
888 580 943 608 τοῦ,

149 623 210 650 Δὼτ
222 624 359 660 ἐποίησεν,
376 626 419 652 ἵνα
441 626 477 661 μὴ
497 626 521 652 οἱ
543 626 640 664 δίκαιοι
664 626 864 653 συναπόλωνται
879 627 944 657 τοῖςΔ

149 670 289 697 ἀσεϐέσιν·
306 671 392 703 οὕτως
408 672 455 698 καὶ
479 673 524 698 ἐπὶ
539 673 588 707 τῆς
610 672 764 704 συντελείας
779 672 824 699 τοῦ
838 672 936 705 αἰῶνος

150 716 179 742 οὐ
195 716 326 752 πρότερον
342 717 410 753 αὕτη
428 717 513 750 ἔσται,
528 718 545 753 ἢ
567 717 673 750 πάντας
697 719 759 750 τοὺς
773 717 819 744 ἐπὶ
833 718 884 754 γῆς
898 718 937 744 δι-

150 762 242 794 καίους
262 764 309 790 καὶ
329 763 465 796 θεοσεϐεῖς
480 764 659 800 ἀφορισθῆναι
679 764 732 791 τῶν
750 763 866 796 ἀσεϐῶν,
889 763 936 791 καὶ

149 810 313 846 συναχθῆναι
332 812 372 843 είς
395 811 444 847 τὴν
469 813 627 848 ἐπουράνιον
643 812 690 839 τοῦ
717 813 784 839 Θεοῦ
816 812 950 840 κιϐωτόνρ

989 303 1053 331 illud
1069 312 1076 329 ε
1094 303 1178 335 Vade,
1198 305 1292 339 popule
1302 314 1384 338 meus,
1399 308 1469 335 intra
1478 308 1504 335 in
1517 310 1668 337 cubiculum
1685 315 1770 345 tuum,

989 355 1016 378 et
1041 349 1158 385 reliqua;
1185 351 1266 378 donec
1284 356 1399 380 transeat
1427 354 1573 390 indignatio
1600 355 1764 384 Domini“:

988 404 1038 425 ceu
1064 397 1131 424 Loto
1158 398 1266 430 accidit.
1282 406 1316 427 ne
1342 400 1405 427 boui
1432 409 1492 428 cum
1521 402 1650 437 improbis
1677 408 1765 431 morte

989 443 1158 471 irretiantur.
1178 443 1216 472 lta
1237 445 1330 473 saeculi
1351 448 1549 475 consummatio
1562 456 1614 476 non
1631 454 1694 477 ante
1708 457 1772 477 eve-

989 490 1054 522 niet,
1070 497 1150 525 quam
1163 490 1227 526 justi
1242 495 1375 527 quotquot
1387 492 1414 519 in
1429 493 1495 520 orbe
1509 498 1590 520 erunt
1604 501 1635 522 ac
1651 494 1773 530 religiosi

990 535 1022 562 ab
1033 535 1162 570 improbis
1177 537 1379 570 discernantur,
1394 542 1475 572 atque
1490 538 1517 565 iu
1529 540 1633 567 coalein
1646 538 1691 568 Dei
1707 548 1772 568 arca

989 582 1194 610 concludantur.
1205 582 1282 611 Tunc
1294 583 1366 610 enim
1380 585 1488 612 nemine
1497 585 1552 620 jam
1565 586 1636 614 inter
1648 586 1773 616 homines

987 626 1060 662 justo
1085 629 1242 663 superstite,
1270 629 1317 657 sed
1348 629 1506 666 irreligiOsis
1534 632 1659 660 omnibus
1689 638 1770 668 atque

990 674 1112 702 scelestis
1133 675 1184 702 sub
1201 675 1362 703 Antichristi
1385 677 1483 704 vexillo
1502 669 1775 714 degentibus,'atque-

990 720 1126 754 apostasia
1147 724 1203 747 toto
1222 720 1288 748 orbe
1312 720 1420 755 diﬂ‘usa,
1434 722 1474 749 ira
1491 723 1599 750 demum
1618 723 1664 752 Dei
1678 723 1773 758 plenos

989 765 1137 794 sceleribus
1153 766 1276 794 homines
1289 766 1407 795 invadet.
1434 780 1436 782 τ

985 810 1055 841 οὕτω
1079 813 1133 849 γὰρ
1163 814 1260 850 μηκέτι
1289 815 1403 851 μηδενὸς
1428 816 1532 844 δικαίου
1564 818 1593 845 ὲν
1622 817 1775 854 ἀνθρώποις

149 856 351 893 εὑρισκομένου,
368 859 477 886 πάντων
491 859 519 885 δὲ
532 858 619 886 ἀθέων
631 859 736 885 ἀσεϐῶν
752 859 805 886 τῶν
816 857 867 886 ὑπὸ
881 859 928 886 τοῦ
954 860 1134 896 Ἀντιχρίστου
1148 862 1306 902 γεγονᾴτων,
1320 862 1370 897 τῆς
1391 871 1420 889 τε
1433 863 1601 897 ἁποστασίας
1620 865 1680 892 καθ’
1711 865 1775 902 ὅλης

149 903 199 939 τῆς
213 904 374 940 οἰκουμένης
396 905 581 942 κρατησάσης,
604 907 621 941 ἡ
640 905 686 932 τοῦ
702 905 769 932 Θεοῦ
781 906 850 942 ὀργὴ
866 906 939 939 ’τοὺς
952 906 1059 939 ἀσεϐεῖς
1080 907 1280 942 μετελεύσεται.

206 950 259 977 Ἐν
277 946 377 986 ἐκείνῃ
395 951 547 989 τῇῇήμρρᾳ
562 952 595 989 ὃς
612 950 750 989 ἃν-ἕσται
764 952 813 979 ἐπὶ
828 950 881 980 τοῦ

409 983 550 1021 δώματά,
568 983 594 1014 κ’.
613 996 638 1013 τ.
655 987 679 1013 λ.

184 1032 318 1068 Σημαίνει,
331 1033 360 1059 δὲ
382 1032 426 1060 διὰ
441 1033 542 1061 τούτων
564 1033 609 1060 τὸν
630 1033 700 1060 κατὰ
725 1033 780 1060 τῶν
802 1033 935 1060 Θεοσεϐῶν

149 1079 394 1115 ὲπενεχθησὸμενον
403 1079 522 1115 διωγμὸν
532 1080 584 1106 ὑπὸ
595 1079 642 1106 τοῦ
654 1078 711 1106 υἱοῦ
722 1080 773 1115 τῆς
788 1079 933 1112 ἀπωλείας.

153 1125 275 1162 Ἦμέραν
286 1126 315 1165 ﬁt
329 1125 435 1161 ἐκείνην
450 1125 577 1161 ὀνομάζει
592 1125 637 1153 τὸν
653 1126 746 1162 χρόνον
764 1126 809 1152 τὸν
824 1125 875 1162 πρὸ
887 1126 937 1161 τῆς

150 1166 314 1204 συντελείας,
331 1173 360 1199 ὲν
375 1168 397 1206 ᾧ
410 1180 506 1208 φησιν·
528 1172 560 1198 ’0
573 1172 691 1207 φεύγων
706 1172 749 1207 μὴ
765 1171 937 1206 ἐπιστρεφέ-

150 1227 197 1251 rw,
222 1217 300 1254 μηδὲ
320 1217 452 1253 μιμητὴς
473 1218 600 1252 γινέσθω
621 1217 678 1252 τῆς
699 1218 841 1252 γυναικὸς
861 1218 935 1251 Λὼτ,

150 1265 209 1300 ἥτις
224 1263 294 1300 μετὰ
309 1263 339 1290 τὺ
354 1265 449 1299 φυγεῖν
464 1264 510 1291 καὶ
523 1263 575 1296 ἔξω
586 1264 712 1298 γενέσθαι
725 1265 774 1300 τῆς
785 1264 936 1300 Σοδομιτῶν

150 1309 251 1346 χώρας.
268 1311 418 1346 στραφεῖσα
434 1311 474 1342 είς
486 1309 519 1336 τὰ
537 1309 634 1342 ὀπίσω,
651 1309 839 1346 ἀπενεκρώθη,
853 1310 935 1346 στήλη

152 1356 214 1388 ἁλὸς
237 1356 381 1392 γενομένη.
413 1356 542 1391 Ἀφειδεῖν
568 1356 622 1392 γὰρ
646 1356 707 1382 τότε
733 1357 866 1392 προσήκει
888 1356 936 1392 οὐχ

151 1403 326 1439 ὑπαρχόντων
342 1402 431 1438 μόνον,
442 1402 510 1429 ἀλλά
521 1403 566 1429 καὶ
581 1403 631 1438 τῆς
648 1402 751 1429 ἑαυτῶν
766 1403 837 1438 ζωῆς
851 1411 879 1429 τε
890 1403 937 1430 καὶ

149 1449 237 1485 ψυχῆς
257 1449 319 1480 τοὺς
340 1448 369 1475 ὲν
389 1448 463 1484 μέσῳ
480 1449 529 1484 τῆς
549 1448 715 1480 ἀποστασίας
730 1447 937 1483 καταληφθησο-

151 1494 260 1530 μένους,
278 1494 389 1529 μήποτε,
405 1493 580 1530 βουληθέντες
602 1495 652 1529 τῆς
672 1494 776 1521 ἑαυτῶν
796 1494 937 1530 περιποιή-

151 1540 251 1570 σασθαι
266 1540 430 1576 προσκαίρου
446 1540 528 1575 ζωῆς,
546 1540 593 1566 σὺν
607 1539 693 1576 ταύτῃ
708 1539 754 1566 καὶ¹
768 1539 817 1575 τὴν
830 1538 937 1566 αἰώνιον

150 1585 224 1621 ζωὴν
258 1585 427 1618 ἀπολέσειαν,
461 1585 493 1620 τῇ
519 1584 672 1620 ἀποστασία
701 1584 814 1615 ἑαυτοὺς
847 1591 938 1619 παρα-

150 1631 250 1664 δόντες.

153 1677 247 1711 Ταύτῃ
256 1676 294 1711 τῇ
301 1677 387 1704 νυκτὶ
397 1676 518 1703 ἔσονται
525 1675 579 1702 δύο
589 1675 637 1702 ἐπὶ
646 1675 754 1709 κλίνης
758 1674 838 1710 μιᾶς,
845 1684 863 1701 κ
879 1683 904 1701 τ.
911 1674 936 1701 λ.

184 1722 291 1757 Σφόδρα
303 1722 332 1749 δὲ
347 1721 510 1757 θαυμαστῶς
527 1721 574 1747 τὸν
594 1721 644 1756 τῆς
662 1720 828 1751 ἀποστασίας
843 1719 939 1756 καιρὸν

152 1768 198 1795 καὶ
211 1768 260 1804 τὴν
284 1768 413 1803 στέρησιν
433 1767 480 1793 τοῦ
502 1766 595 1803 νοεροῦ
616 1766 723 1802 λογικοῦ
745 1765 834 1802 φωτὸς
853 1766 939 1792 νύκτα

152 1817 289 1852 ὠνόμασε·
306 1816 403 1847 νυκτὸς
416 1815 470 1851 γὰρ
484 1815 531 1842 καὶ
545 1814 655 1846 σκότους
673 1814 771 1850 χείρων
784 1814 801 1849 ἡ
813 1813 873 1839 τότε
886 1812 939 1839 τῶν

153 1862 302 1899 ἀνθρώπων
317 1861 394 1888 ἔσται
408 1861 573 1892 κατάστασις
593 1859 637 1886 διὰ
651 1860 700 1895 τὴν
716 1859 938 1895 ἐπικρατήσασαν

151 1908 239 1936 αὐτῶν
257 1907 348 1935 ἀνοιάν
361 1915 392 1933 τε
403 1907 450 1933 καὶ
472 1905 584 1941 πλάνην.
599 1905 643 1931 Διό
661 1912 736 1940 φησι·
753 1903 834 1938 Λέγω
850 1903 937 1938 ὑμῖν·

152 1954 208 1981 Δύο
222 1954 344 1980 ἔσονται
359 1951 408 1979 ἐπὶ
422 1951 530 1984 κλίνης
542 1950 589 1977 καὶ
605 1949 658 1976 δύο
671 1949 719 1976 ἐπὶ
730 1948 878 1984 μυλῶνος,
896 1945 939 1981 εἲς

152 1998 454 2034 παραλαμϐανόμενος
469 1997 510 2028 ὡς
525 1994 680 2030 ἀλλότριος
700 1993 755 2028 τῆς
772 1993 873 2028 δρΐῆςν
888 1993 938 2020 καὶ

151 2044 377 2080 εἷς’ἀφιέμενος,
394 2043 471 2070 ὥστε
492 2041 530 2076 τῇ
552 2041 626 2076 ὀργῇ
644 2040 939 2075 παραδοθησόμενος,

152 2094 169 2120 ὁ
188 2092 374 2126 θησαυρίσας
387 2088 482 2122 ἑαυτῷ
496 2088 590 2124 ὀργὴν
608 2088 642 2114 ἐν
660 2087 754 2122 ἡμέρα
774 2086 878 2122 ὀργῆς·
905 2086 939 2112 δι’

152 2134 188 2165 ὧν
204 2138 350 2173 παρίστησι
363 2136 409 2163 τδν
424 2134 563 2171 χωρισμὸν
574 2133 628 2160 τῶν
641 2133 726 2167 ἁγίων
750 2133 796 2159 καὶ
808 2130 939 2166 θεοφιλῶν

152 2183 245 2219 ψυχῶν
261 2183 306 2209 τὸν
321 2182 374 2209 ἀπὸ
385 2181 438 2208 τῶν
451 2180 568 2208 ἀσεϐῶν.
584 2179 642 2206 Ἵνα
659 2178 713 2214 γὰρ
729 2178 766 2214 μὴ
778 2176 940 2212 ἀδιακρίτως

151 2229 300 2257 ιπελθοῦσα
325 2229 342 2264 ὴ
369 2227 438 2264 ὀργὴ
457 2228 503 2254 καὶ
523 2226 578 2253 τῶν
602 2225 713 2252 δικαίων
736 2223 938 2260 παραλήψεται,

151 2275 294 2311 προλαϐὼν
312 2275 327 2300 ὸ
346 2274 411 2306 Θεὸς
428 2273 521 2309 ὥσπερ
541 2272 587 2298 τὸν
609 2270 671 2298 Λὼτ
692 2270 863 2306 προεξήγαγε
889 2268 939 2303 τῆς

152 2309 278 2356 Σοδόμων
296 2319 494 2356 καταστροφῆς.
522 2318 574 2345 Τὸν
597 2317 678 2344 αὐτὸν
696 2316 796 2352 τρόπον
814 2315 861 2342 καὶ
886 2314 938 2350 πρὸ
954 2309 976 2336 D

151 2368 202 2404 τῆς
216 2365 377 2397 συντελείας,
393 2366 457 2402 πρὶν
471 2364 593 2392 ἐπελθεῖν
607 2363 655 2399 τὴν
673 2361 743 2389 κατά
757 2361 810 2388 τῶν
831 2360 936 2388 ἀσεϐῶν

152 2413 248 2450 ὀργὴν,
258 2413 302 2440 ἶνα
314 2412 351 2448 μὴ
362 2412 408 2438 σὺν
421 2411 459 2447 τῷ
470 2412 564 2447 κόσμῳ
575 2409 777 2446 κατακριθῶσιν
790 2408 814 2434 οἱ
826 2408 935 2439 δίκαιοι,

153 2457 292 2496 χωρισμὸς
305 2458 378 2484 ἔσται
392 2457 444 2484 τῶν
456 2457 586 2492 θεοφιλῶν
598 2456 700 2492 ψυχῶν,
715 2454 837 2490 ἀγγέλων
852 2453 936 2486 αὑτὰς

153 2504 418 2542 διαχωριζόντωνμαὶ
426 2502 666 2539 παραληψομένων·
677 2501 747 2527 ὥστε
759 2502 787 2527 ὲν
797 2501 845 2536 μιᾷ.
856 2508 938 2536 στρω-

156 2553 207 2588 μνῇ
220 2551 292 2578 δυοῐν
313 2549 516 2584 κατακειμένων
533 2549 580 2575 ἕνα
604 2547 652 2584 μὲν
667 2546 711 2574 τὸν
728 2546 773 2573 τοῦ
783 2545 850 2573 Θεοῦ
863 2546 936 2578 ἄξιον

154 2596 423 2633 παραλαμϐάνεσθαι,
442 2595 487 2621 τὸν
499 2595 527 2621 δὲ
545 2594 638 2629 ἕτερον
662 2592 883 2624 καταλείπεσθαι,
897 2592 935 2623 ὼς

155 2644 227 2677 ἀξιον
247 2644 296 2679 τῆς
313 2643 372 2669 τότε
390 2641 612 2676 καταληψομὲνης
634 2641 696 2672 τοὺς
711 2639 818 2670 ἀσεϐεῖς
839 2637 934 2674 ὀργῆς.

155 2691 208 2717 Καὶ
219 2689 327 2716 ἐπὶτῶν
340 2688 384 2723 ὑφ’
397 2687 437 2715 ἐν).
450 2686 548 2723 μυλῶνι
562 2685 727 2721 ἀληθουσῶν,
742 2685 757 2711 ὁ
768 2685 848 2716 αὐτὸς
858 2685 936 2718 λόγος

155 2735 240 2763 ἔσται.
265 2734 429 2770 ’Δληθούσας
452 2733 481 2760 δὲ
503 2732 625 2767 ὠνόμασε
647 2731 696 2764 τὰς
717 2731 762 2758 τὸν
779 2731 874 2766 εὐτελῆ
890 2731 936 2756 καὶ

1053 953 1074 968 ²¹
1090 952 1244 990 Quicunque
1259 953 1306 981 illa
1319 954 1364 981 die
1377 955 1457 990 fuerit
1469 957 1496 983 in
1510 962 1588 991 tecto,
1598 963 1651 987 etc.

1024 1029 1081 1057 Hoc
1093 1027 1167 1058 dic'to
1181 1031 1319 1067 signiﬁcat
1336 1035 1552 1069 persecutionem
1578 1043 1658 1071 quam
1681 1038 1777 1065 adver-

991 1083 1037 1102 sus
1054 1076 1139 1104 bonos
1157 1078 1307 1105 concitabit
1330 1080 1490 1114 perditionis
1517 1082 1598 1110 illius.
1626 1082 1682 1110 Diei
1708 1091 1774 1112 vero

989 1121 1061 1149 illius
1073 1122 1183 1150 nomine
1201 1124 1320 1165 appellat
1342 1127 1458 1161 tempus,
1480 1128 1551 1162 quod
1565 1130 1774 1166 consummatio-

989 1175 1051 1194 nem
1076 1168 1200 1203 proxime
1217 1171 1368 1204 praecedet;
1385 1179 1439 1206 quo
1464 1177 1596 1206 tempore,
1622 1174 1670 1203 ait.
1692 1182 1771 1202 nemo

991 1214 1129 1249 respiciat,
1144 1223 1232 1250 neque
1246 1216 1307 1244 Loti
1322 1225 1434 1245 uxorem
1450 1218 1582 1251 imitetur,
1594 1227 1654 1254 qua:
1670 1220 1696 1247 in
1709 1220 1772 1255 fuga

990 1266 1131 1296 postquam
1155 1261 1356 1291 Sodomitarum
1383 1264 1450 1292 lines
1468 1271 1631 1299 excesserat,
1651 1273 1712 1293 cum
1731 1275 1774 1301 re-

990 1307 1095 1342 spicere
1123 1308 1262 1341 voluisset,
1279 1310 1305 1336 in
1327 1315 1441 1338 mortem
1465 1311 1571 1345 incidit,
1599 1316 1688 1339 statua
1708 1313 1774 1341 salis

990 1353 1096 1381 effecta.
1123 1354 1253 1390 Prodigos
1270 1356 1343 1383 enim
1362 1361 1426 1384 tunc
1440 1364 1500 1390 esse
1520 1362 1628 1393 oportet
1654 1366 1708 1385 non
1734 1360 1774 1388 rei

990 1398 1133 1428 familiaris
1151 1402 1349 1435 tantummodo,
1364 1410 1457 1430 verum
1474 1403 1554 1431 etiam
1571 1405 1632 1432 vitae
1643 1412 1698 1432 suae
1715 1405 1775 1432 ani-

991 1453 1094 1480 ma:que
1111 1445 1178 1482 (67),
1198 1454 1244 1474 eos
1259 1447 1305 1481 qui
1333 1447 1359 1474 in
1386 1449 1529 1485 apostasia:
1548 1454 1654 1477 aetatem
1680 1451 1774 1477 incur-

991 1499 1068 1526 rent;
1082 1500 1116 1520 ue
1132 1493 1195 1520 dum
1220 1493 1340 1520 animam
1357 1501 1433 1521 suam
1457 1502 1620 1524 conservare
1636 1501 1774 1531 tempora-

991 1538 1064 1574 lique
1079 1539 1139 1566 vita‘.
1155 1547 1267 1575 parcere
1290 1540 1408 1572 student.
1422 1542 1491 1569 hanc
1506 1542 1588 1569 simul
1603 1547 1630 1569 et
1643 1548 1772 1570 aeternam

991 1584 1075 1612 vitam
1091 1585 1225 1618 amittant,
1242 1585 1304 1613 dum
1326 1593 1356 1614 se
1375 1587 1518 1622 apostasia:
1546 1588 1633 1616 victos
1656 1589 1772 1624 permit-

953 1637 974 1665 ο
992 1634 1060 1657 tuut.

1071 1676 1092 1693 "
1107 1676 1158 1704 Illa
1174 1683 1247 1705 nocte
1260 1678 1311 1705 duo
1323 1683 1397 1705 erunt
1415 1679 1443 1706 in
1459 1679 1525 1707 lecto
1536 1689 1598 1712 uno.
1618 1685 1672 1709 etc:

1024 1721 1136 1750 IIrilice
1150 1723 1292 1751 admodum
1308 1726 1450 1759 apostasia:
1469 1731 1573 1762 tempus
1587 1734 1618 1754 ac
1635 1728 1775 1758 rationalis

989 1767 1131 1796 orbitatem
1154 1765 1264 1797 lbminis
1284 1776 1391 1799 noctem
1418 1772 1571 1807 appellavit.
1593 1773 1677 1801 Nocte
1699 1775 1774 1803 enim

990 1815 1164 1850 tenebrisque
1176 1815 1311 1844 deteriora
1327 1823 1407 1845 erunt
1421 1823 1484 1845 tunc
1504 1818 1644 1846 hominum
1664 1819 1773 1859 ingenia

989 1866 1098 1896 propter
1110 1861 1221 1889 otiosam
1236 1863 1269 1890 iis
1282 1863 1427 1891 amentiam
1450 1869 1529 1899 atque
1539 1872 1669 1895 errorem.
1678 1866 1774 1900 'Quare

989 1906 1026 1933 ait
1042 1915 1049 1933 :
1069 1906 1136 1935 Dico
1154 1908 1228 1935 vobis
1244 1916 1250 1933 :
1271 1909 1328 1936 Duo
1340 1914 1420 1936 erunt
1435 1910 1461 1936 in
1478 1910 1557 1942 lecto.
1572 1916 1599 1938 et
1616 1911 1668 1939 duo
1686 1912 1712 1940 in
1730 1912 1774 1947 pi-

990 1950 1094 1985 strino;
1110 1960 1178 1979 unus
1198 1954 1387 1986 assumendus.
1402 1955 1464 1990 quia
1488 1955 1535 1983 ira:
1552 1956 1715 1991 immerens;
1730 1957 1772 1985 al-

991 2001 1032 2023 ter
1048 1996 1250 2032 relinquendus,
1266 2003 1359 2034 utpote
1378 1991 1470 2028 ultrici
1489 2000 1538 2028 iraa
1560 2002 1712 2035 obnoxius,
1729 2003 1776 2039 qui

990 2043 1041 2070 sibi
1056 2043 1179 2072 videlicet
1189 2045 1258 2072 iram
1273 2046 1467 2074 thesaurizavit
1479 2047 1505 2075 in
1521 2048 1592 2076 diem
1604 2048 1661 2076 irae.
1673 2048 1774 2083 Quatu-

990 2089 1083 2116 obrem
1102 2090 1174 2118 sistit
1192 2096 1349 2119 sanctarum
1369 2092 1478 2128 Deoque
1503 2093 1649 2122 chararum
1669 2096 1775 2123 anima-

989 2141 1049 2162 rum
1072 2135 1106 2163 ab
1128 2136 1258 2172 improbis
1282 2138 1459 2167 divisionem}
1480 2140 1587 2168 Etenim
1616 2149 1651 2169 ne
1674 2147 1777 2170 temere

990 2182 1183 2217 superveniens
1201 2183 1267 2211 ultio
1279 2184 1367 2220 justos
1385 2193 1493 2221 quoque
1507 2187 1632 2215 homines
1653 2189 1774 2223 (ξονι-ἱρο-

991 2231 1043 2261 ret,
1056 2228 1130 2255 dedit
1147 2234 1253 2258 mature
1265 2238 1373 2266 operam
1389 2231 1460 2259 Deus
1475 2237 1504 2260 ut
1525 2231 1621 2261 Lotum
1641 2231 1774 2261 Sodomo-

991 2279 1050 2298 rum
1062 2273 1145 2300 exitio
1159 2274 1331 2304 subduceret.
1363 2275 1493 2304 Similiter
1518 2278 1688 2313 impendente
1705 2285 1774 2306 con-

991 2320 1190 2352 summatione,
1205 2322 1361 2357 priusquam
1390 2324 1488 2359 impios
1510 2324 1576 2352 ultio
1600 2320 1725 2358 invadat,
1740 2333 1775 2353 ne

991 2373 1051 2393 cum
1068 2367 1168 2394 mundo
1182 2367 1248 2402 justi
1264 2369 1595 2403 damnentur,discrimen
1609 2370 1654 2397 ﬁet
1668 2370 1772 2398 anima-

991 2418 1049 2438 rum
1068 2411 1121 2438 Deo
1132 2412 1287 2445 cltararum,
1308 2415 1411 2450 angelis
1425 2422 1471 2442 eas
1493 2415 1675 2443 dividentibus
1687 2421 1769 2450 atque

989 2458 1188 2486 assumentibus
1203 2467 1210 2486 :
1231 2459 1267 2487 ita
1282 2465 1312 2487 ut
1328 2469 1343 2488 e
1358 2461 1461 2489 duobus
1482 2462 1508 2487 in
1529 2463 1623 2489 eodem
1640 2461 1709 2490 lecto
1727 2463 1772 2497 ja-

990 2505 1123 2539 centibus,
1137 2503 1206 2534 unus
1220 2507 1315 2542 dignus
1332 2513 1494 2543 assumatur,
1512 2509 1582 2536 alter
1596 2509 1769 2544 derelinqua-

992 2556 1155 2586 tur,utpote
1179 2553 1288 2581 ultionis
1312 2562 1371 2589 quae
1395 2561 1457 2582 tunc
1480 2556 1513 2583 de
1538 2555 1627 2590 impiis
1651 2559 1773 2583 sumetur

990 2604 1107 2625 merens.
1124 2597 1252 2634 Idemque
1265 2600 1368 2627 accidet
1381 2601 1484 2629 duabus
1498 2608 1606 2636 quoque
1618 2601 1643 2628 in
1655 2601 1771 2636 pistrino

989 2644 1223 2673 comtnolentibus.
1241 2646 1370 2673 Moleutes
1392 2652 1480 2674 autent
1500 2647 1567 2674 dicit
1592 2647 1724 2680 feminas,
1743 2653 1773 2675 ut

989 2690 1120 2725 signiticet
1133 2691 1203 2725 vilis,
1214 2692 1393 2727 pauperrimte
1404 2698 1485 2727 atque
1499 2693 1598 2721 intima;
1608 2694 1772 2722 conditiOuis

989 2731 1122 2770 homines.
1134 2734 1260 2763 Jaceutes
1273 2740 1363 2763 autem
1378 2736 1404 2763 in
1418 2736 1495 2764 lectis
1512 2737 1590 2770 dicit,
1606 2745 1657 2773 pro
1672 2738 1772 2766 libera-

193 2827 215 2844 ³⁸
231 2827 282 2854 lsa.
297 2834 371 2859 un,
383 2826 430 2854 ‘20.
468 2826 489 2840 ³¹
507 2825 572 2852 Luc.
588 2831 655 2857 xvu,
674 2824 719 2851 51.
759 2823 780 2838 ³¹
803 2822 869 2851 Luc.
882 2830 948 2857 xvn,
959 2825 1003 2852 54.

192 2896 316 2935 (67)_Qu_o
332 2902 411 2935 sensu
437 2896 533 2935 anima:
559 2903 667 2935 quoque
688 2895 891 2931 suaeprodigus
916 2896 1014 2932 aliquis
1044 2905 1104 2927 esse
1124 2899 1220 2934 possit,
1239 2899 1347 2935 ,videsis
1367 2899 1436 2934 apud
1452 2898 1598 2926 Eusebium
1622 2899 1647 2926 in
1672 2899 1772 2927 nostris

160 2928 329 2967 ΤΙιὶορΙιᾶηίιτ
342 2930 510 2966 fragmentis,
526 2928 577 2959 coll
597 2930 659 2958 67L

312 2979 447 3011 ΡΑτιιοι..
471 2979 530 3010 Gtt.
553 2978 666 3010 XXIV.

1576 2976 1614 3006 19
