2061 3215
280 196 338 229 ’53⁸1

617 195 748 223 EUSEBII
767 194 999 223 CIESARIENSIS
1017 196 1092 224 OPP.
1113 196 1201 224 PARS
1220 196 1264 224 Ill.
1276 196 1318 217 ⁷-
1337 196 1544 226 EXEGETlCA.

1844 200 1897 228 588

286 256 320 287 lis
346 261 373 284 et
395 256 472 284 lauta
495 255 556 284 vitae
585 256 755 283 mortalibus.
785 254 859 283 Hanc
880 256 964 291 ipsam
992 256 1066 283 locu-

1117 257 1242 293 πενιχρὸν
1255 257 1300 284 καί
1313 257 1426 293 ἔσχατον
1441 258 1469 284 ὲν
1481 257 1633 294 ἀνθρώποις
1644 258 1816 291 διαντλούσας
1830 261 1896 295 βίον·

287 302 387 329 tionem
402 302 483 328 habet
500 301 598 335 Moysis
613 300 763 335 Scriptura,
778 300 824 327 ubi
838 301 937 328 dicitur
952 309 1065 335 perven-

286 353 346 374 tura
370 347 488 373 vindicta
510 354 525 372 a
548 346 698 373 Pharaonis
719 346 899 382 primogenita
923 354 1009 381 usque
1031 347 1064 373 ad

285 392 430 420 mo‘lentem
446 391 650 426 pinsenlemque
667 391 694 418 in
711 391 837 426 pistrino.
858 392 975 420 Extremi
992 393 1063 420 enim

285 438 409 466 humana:
424 437 586 464 conditionis
602 437 719 470 termini,
733 438 877 471 opulentus
889 438 1025 471 videlicet,
1038 443 1065 466 et

285 483 395 511 humilis
409 488 488 517 atque
501 481 635 516 abiectus,
653 482 695 510 his
709 484 799 511 verbis
821 485 1000 520 attinguntnr.
1019 485 1065 512 Sic

285 538 356 557 nunc
382 535 487 564 quoque
515 529 581 555 duos
601 528 628 555 in
651 528 721 557 lecto
747 537 801 557 uno
814 531 973 559 memoravit
991 530 1065 558 Scri-

284 581 362 611 ptura
373 595 381 608 ,
396 579 424 602 ut
440 574 560 602 liberalis
575 575 636 602 vitae
648 575 770 602 homines
787 576 912 604 innueret
926 585 933 609 ;
951 585 1064 611 quorum

284 628 360 648 unus‘
376 625 546 652 assumetnr,
570 620 686 654 qui,Dei
711 621 845 649 electione
865 622 980 657 dignus;
997 622 1065 650 alter

284 666 460 701 relinquetur,
473 667 518 701 qui
535 673 622 701 poenae
638 670 680 694 est
693 666 790 694 aﬂinis.
813 667 946 695 Similiter
963 668 1064 695 molen—

284 715 325 737 tes
339 710 398 737 duas
423 710 612 744 intelliguntur
626 718 685 745 quae
699 711 770 738 inter
786 712 910 740 homines
921 713 1064 740 obscuram

283 761 310 782 et
338 763 482 790 pauperem
509 756 590 783 vitam
618 757 722 789 agitant
746 765 752 783 :
773 765 887 792 quarum
913 759 977 786 item
1005 766 1065 794 quae.

281 800 354 836 iusta
367 805 419 835 est,
433 800 595 835 asisumetur,
610 802 695 829 altera
710 802 885 837 relinquetur.

1114 301 1160 327 ἐπὶ
1179 301 1271 336 κλίνης
1283 302 1311 327 δὲ
1319 302 1381 333 τοὺς
1395 302 1440 328 τὸν
1460 302 1599 337 ἐλεύθερον
1612 304 1659 329 καὶ
1671 304 1763 331 ἄνετον
1773 304 1828 339 βίον
1840 314 1900 340 μετ-

1115 347 1284 382 ερχομὲνους.
1300 347 1383 373 Τοῦτο
1393 347 1420 373 δὲ
1433 350 1600 383 παραστήσει
1612 350 1628 383 ή
1638 349 1775 381 Μωῦσέως
1805 351 1899 387 γραφὴ

1115 392 1143 418 ἐν
1192 401 1272 428 φησιν
1287 393 1301 418 6
1314 392 1392 426 λόγος
1410 393 1484 428 ἥξειν
1504 394 1552 429 τὴν
1565 393 1648 429 ὀργὴν
1662 394 1715 421 ἀπὸ
1728 397 1899 430 πρωτοτόκου

1115 439 1223 474 Φαραὼ,
1249 440 1296 466 καὶ
1311 439 1363 471 ἕως
1380 440 1427 474 τῆς
1451 440 1603 475 ἀληθούσης
1627 441 1674 467 καὶ
1697 442 1849 477 πεσσούσης
1869 444 1900 470 ὲν

1114 485 1153 520 τῷ
1171 485 1279 520 μυλῶνι.
1298 485 1338 510 Th
1353 484 1406 520 γὰρ
1419 485 1490 520 ἄκρα
1504 486 1557 511 τῶν
1573 486 1632 512 κατ’
1648 486 1808 522 ἀνθρώπους
1821 487 1899 522 βίων,

1115 530 1161 557 τοῦ
1182 539 1211 556 τε
1234 530 1338 563 ἐνδόξου
1361 531 1406 558 τοῦ
1427 531 1632 567 ἀπερριμμένου
1651 533 1697 558 καὶ
1716 533 1840 567 ἐσχάτου,
1855 534 1901 561 διὰ.

1115 577 1216 603 τούτων
1238 578 1251 602 6
1266 577 1344 611 λόγος
1357 578 1543 613 παρέστησεν·
1561 577 1646 609 οὕτως
1661 576 1706 604 οὖν
1721 579 1767 604 καὶ
1784 579 1900 606 ἐνταῦθα.

1115 622 1161 649 δύο
1182 622 1228 649 ἐπὶ
1250 622 1342 658 κλίνης
1363 623 1427 658 μιᾶς
1449 623 1589 658 εἰσήγαγε,
1609 623 1672 655 τοὺς
1691 624 1740 659 τὴν
1756 623 1900 660 ἐλευθέραν

1116 667 1188 704 ζωὴν
1205 668 1345 704 μετιόντας
1362 668 1547 703 αἰνιξάμενος⁸
1566 669 1580 694 6
1595 666 1634 700 εἷς
1647 669 1900 705 παραληφθήσεται,

1115 715 1130 740 6
1143 714 1215 747 ἄξιος
1227 714 1277 749 τῆς
1290 713 1343 740 ἀπὸ
1355 714 1402 740 τοῦ
1424 714 1490 740 Θεοῦ
1505 714 1633 749 ἐκλογῆς
1648 715 1662 740 6
1673 714 1700 741 δὲ
1719 715 1812 751 ἔτερος
1833 716 1903 750 ἀφε-

1116 760 1235 794 θήσεται,
1250 759 1369 794 δηλονότι
1388 760 1402 786 6
1419 761 1466 795 τῆς
1481 759 1563 795 ὀργῆς
1575 760 1673 792 οἰκεῖος
1683 769 1689 775 ·
1705 760 1834 794 ὡσαύτως
1853 761 1901 788 δύο

1115 805 1262 840 ἀλήθουσαι
1280 803 1333 831 εἷεν
1350 804 1382 831 ἂν
1403 806 1431 831 αἱ
1453 806 1483 831 ἐν
1498 805 1649 840 ἀνθρώποις
1669 805 1714 832 τὸν
1735 806 1829 842 ἄτιμον
1851 807 1902 834 καὶ

1116 850 1241 886 πενιχρὸν
1256 851 1310 886 βίον
1325 850 1464 885 μετιοῦσαι
1473 859 1479 865 ·
1494 847 1531 878 ὧν
1542 851 1622 877 πάλιν
1635 852 1651 887 ή
1665 851 1795 887 κρείττων
1808 861 1900 888 παρα-

1115 896 1292 931 ληφθήσεται,
1307 897 1323 931 ἡ
1337 896 1364 922 δὲ
1378 896 1458 931 ἑτέρα
1470 896 1646 932 ἀφεθήσεται.

283 934 306 952 ³³
319 935 416 976 Qicunt
432 935 473 962 ei:
484 934 609 976 Ubinam,
624 934 818 976 Dominefﬂui
833 936 986 976 respondit;
997 936 1046 964 Ubi

1115 926 1262 975 Λέγοίισιν
1274 926 1367 972 αὐτῷ·
1387 926 1458 972 Ποῦ,
1476 926 1580 975 Ki‘p/é;
1600 942 1631 967 '0
1647 942 1681 968 δὲ
1692 940 1777 969 εἶπεν
1787 942 1899 976 αὐτοῖς’

329 970 408 1005 fuerit
425 978 532 1005 corpus,
552 970 616 996 illuc
627 970 852 1005 congregabantur
867 977 891 998 et
903 972 1010 1006 aquilw.

318 1015 522 1044 Sciscitantibus
545 1015 681 1050 discipulis
701 1024 709 1042 :
729 1014 850 1048 Ubinam,
867 1015 998 1044 Domine?
1016 1025 1064 1045 vo-

282 1063 454 1097 lentibusque
465 1069 628 1097 cognoscere
641 1081 648 1094 ,
668 1062 776 1089 ubinam
795 1062 863 1090 alter
886 1069 919 1089 ex
939 1063 990 1090 illis
1007 1071 1059 1091 non

284 1108 431 1142 assumptis
449 1107 632 1142 relinquetur:
651 1106 722 1140 Ubi,
736 1107 838 1142 inquit,
856 1107 937 1142 fuerit
958 1117 1062 1143 corpus,

283 1153 325 1180 vel
345 1153 471 1185 cadaver,
488 1157 517 1179 ut
534 1153 571 1179 ait
585 1152 742 1186 Mallhaeus,
754 1152 817 1180 illnc
836 1155 1066 1188 congregabantur

283 1205 308 1227 et
323 1199 418 1235 aquila
430 1199 453 1214 ³⁸
469 1206 478 1226 .'
501 1206 535 1226 ex
553 1199 648 1226 avibus
673 1199 766 1226 nescio
782 1198 880 1234 quibus
901 1200 1064 1228 cadaverum

284 1245 428 1273 voracibus
451 1244 587 1280 principes
603 1244 688 1280 ,hujus
713 1244 804 1272 saeculi
828 1244 908 1272 ducta
926 1252 1065 1281 compara-

285 1293 358 1319 tione
373 1291 547 1327 signitlcans,
562 1291 608 1325 qui
623 1294 732 1318 sanctos
748 1291 795 1318 Dei
819 1295 882 1319 tunc
897 1299 1065 1327 persequen-

284 1344 350 1366 tur:
370 1340 467 1373 quibus
492 1346 546 1365 uno
575 1339 603 1365 in
632 1338 692 1365 loco
717 1339 829 1372 coactis,
854 1339 949 1366 eodem
965 1340 1065 1374 pariter

285 1384 460 1419 compelletur
473 1383 518 1411 ille
532 1384 577 1418 qui
593 1383 719 1418 indignus
732 1383 837 1411 delectu
849 1388 900 1411 est.
913 1384 962 1411 Est
975 1389 1064 1412 autem

282 1431 430 1467 iacentium
456 1431 482 1458 in
507 1430 594 1462 lecto,
619 1430 706 1463 alter;
727 1430 771 1457 vel
789 1430 944 1457 molentium
957 1451 966 1464 ,
987 1439 1037 1458 una
1056 1440 1062 1458 :

284 1477 329 1512 qui
358 1477 439 1503 etiam
463 1476 602 1502 tradentur
627 1474 799 1509 congregatis
824 1474 967 1502 adversum
993 1474 1065 1509 ipsos

280 1515 392 1558 laquilis.
404 1521 516 1557 Aquilus
528 1527 603 1554 vero,
621 1520 868 1556 Hierosolymorum
891 1528 999 1556 quoque
1015 1521 1065 1548 ob-

283 1575 406 1596 sessores
418 1566 590 1602 pmpheticus
611 1573 701 1593 sermo
724 1565 886 1601 appellavit;
906 1566 988 1593 veluti
1003 1574 1063 1594 cum

283 1613 578 1640 Nabuchodonosorum
610 1610 676 1638 dicit
702 1611 829 1644 grandem
858 1616 882 1638 et
909 1618 1064 1646 magnarum

284 1659 388 1686 alarum
399 1657 514 1691 aquilam
525 1657 559 1684 ³⁵.
582 1656 638 1684 Nisi
666 1656 735 1684 forte
759 1656 812 1683 alio
839 1664 918 1684 sensu
945 1657 1066 1684 vindices

278 1698 450 1738 'ultricesqne
475 1706 636 1737 potestates,
654 1709 714 1736 quas
741 1702 838 1736 impios
864 1701 999 1735 invadent,
1024 1701 1066 1729 his

277 1750 373 1786 verbis
385 1749 546 1776 denotantur
561 1756 568 1775 :
585 1747 682 1781 quibus
701 1754 733 1773 ne
750 1746 821 1774 forte
842 1747 994 1780 tradantur,
1009 1755 1066 1775 mo-

277 1790 330 1831 :net
343 1793 439 1821 deinde
453 1792 580 1820 Servator
596 1797 625 1818 ut
639 1791 767 1827 precibus
782 1799 892 1827 operam
906 1792 1011 1820 demus.

328 1886 351 1902 ³“
364 1886 451 1913 Judex
465 1884 571 1920 quidam
587 1887 659 1916 erat,
675 1882 720 1918 qui
735 1882 817 1909 Deum
831 1890 882 1909 non
903 1883 1018 1910 timebat.

319 1932 400 1959 Addit
415 1931 496 1959 etiam
512 1929 665 1965 parabolam
681 1928 815 1963 dejudice
834 1929 993 1964 iniquitatis,
1012 1937 1066 1966 quo

277 1964 427 2006 ’coulirmet
441 1964 572 2004 orandum
597 1983 704 2010 semper
730 1976 856 2010 nullaque
877 1977 983 2011 ignavia
1007 1964 1066 2005 ces-

278 2023 409 2051 sandum.
426 2021 502 2056 Quod
524 2026 612 2048 autem
632 2022 671 2048 ait
685 2021 706 2037 ⁸⁷
722 2030 728 2048 :
743 2021 810 2048 Num
833 2021 916 2049 Filius
940 2022 1064 2056 hominis,

283 2076 346 2098 cum
373 2068 488 2100 venerit,
521 2067 599 2095 ﬁdem
622 2068 649 2094 in
674 2068 742 2095 orbe
766 2067 909 2094 inveniet?
932 2068 1065 2095 defectum

285 2114 349 2142 ﬁdei
369 2114 489 2141 futurum
506 2113 634 2145 ostendit,
649 2113 684 2140 ita
703 2118 732 2140 ut
747 2120 826 2140 nemo
839 2113 924 2140 ﬁdelis
939 2113 1064 2147 supersit,

285 2164 333 2186 aut
358 2158 403 2185 vix
427 2165 504 2185 rarus
529 2158 637 2193 aliquis,
666 2158 739 2186 circa
765 2159 890 2185 secundae
907 2158 964 2192 ejus
980 2159 1067 2185 mani-

284 2203 437 2233 festationis
459 2208 577 2231 mtatem.
600 2203 627 2230 ld
654 2211 735 2238 porro
763 2204 907 2239 apostatici
937 2204 1065 2239 temporis

283 2258 410 2286 magnum
425 2249 529 2284 signum
543 2249 613 2282 erit,
626 2257 687 2276 cum
703 2256 765 2276 raro
779 2252 905 2275 occurret
921 2248 966 2283 qui
986 2248 1065 2276 ﬁdem

284 2298 422 2325 retineat:
437 2295 493 2323 imo
506 2302 570 2322 vero
586 2302 620 2322 ne
635 2301 704 2322 unus
727 2294 837 2328 quidem
863 2293 980 2321 fortasse
1002 2293 1065 2326 erit,

284 2346 427 2377 propterea
450 2341 521 2375 quod
547 2340 592 2366 alii
611 2339 741 2374 assumpti
765 2338 885 2371 fuerint,
903 2338 948 2365 alii
965 2339 1063 2371 relicti,

285 2388 381 2423 aquilis
397 2395 493 2422 nempe
509 2386 643 2413 tradendi.
661 2385 707 2412 Sic
720 2393 785 2420 ergo
809 2384 894 2412 deleta
921 2385 994 2412 inter
1018 2384 1066 2413 ho-

285 2435 372 2462 mines
389 2434 452 2466 ﬁde,
467 2433 524 2468 ipse
541 2432 729 2467 superveniet,
757 2437 865 2459 sanctos
879 2439 943 2459 suos
969 2431 1014 2467 qui
1032 2432 1065 2459 ab

284 2479 376 2515 impiis
387 2479 442 2507 leto
456 2478 538 2506 dediti
554 2478 662 2510 fuerint,
675 2478 869 2505 vindicaturus.
883 2477 961 2506 Brevi
977 2482 1066 2505 autem

284 2526 415 2554 ultionem
428 2525 557 2561 patrabit,
572 2529 714 2560 propterea
727 2524 797 2560 quod
814 2524 840 2552 hi
863 2525 908 2552 diu
932 2529 1067 2559 noctuque

285 2573 319 2600 ad
334 2579 395 2599 eum
409 2571 537 2599 clamant.
551 2570 584 2598 Et
597 2571 705 2606 quidem
725 2576 754 2598 ut
768 2571 801 2598 ad
818 2579 848 2598 se
867 2571 1002 2603 clament,
1016 2572 1064 2599 do-

284 2618 342 2645 cuit
355 2624 402 2645 eos
415 2624 464 2652 per
479 2617 636 2652 parabolam
652 2616 685 2643 de
696 2615 787 2651 judice
802 2616 961 2651 iniquitatis.

284 2706 308 2723 ³⁸
315 2706 400 2734 Homo
407 2708 512 2742 quidam
523 2706 617 2734 nobilis
628 2707 692 2733 abiit
713 2707 740 2733 in
752 2706 882 2741 regionem
896 2706 1065 2740 longinquam

433 2743 548 2776 accipere
563 2743 611 2769 sibi
632 2750 750 2777 regnum,
771 2747 794 2769 ιι
809 2742 912 2768 reverti.

319 2787 359 2816 En
372 2795 429 2823 ηοω
445 2788 470 2815 in
486 2789 537 2816 hac
553 2787 679 2823 parabola
695 2787 859 2815 edocemur:
877 2786 996 2814 futurum
1013 2786 1066 2814 sci-

320 2907 344 2924 ⁸³
353 2907 416 2935 L-uc.
431 2914 495 2940 xvn,
505 2906 549 2933 57.
587 2906 609 2922 ³⁵
630 2906 723 2934 Matth.
736 2914 810 2940 xxiv,
823 2906 868 2934 '28.
906 2907 927 2922 "
940 2905 1036 2933 Ezcclt.
1053 2913 1131 2938 xrnt,
1142 2905 1170 2932 ’5.

1133 976 1228 1002 Ὅπου
1239 976 1271 1002 τὸ
1283 976 1444 1010 (Idymen?
1454 976 1698 1010 συναχθήσονται
1706 978 1754 1004 καὶ
1765 980 1791 1004 οΙ
1799 978 1880 1004 ἀετοί
1883 999 1890 1005 .

1154 1021 1362 1057 Ἐρωτησάντων
1385 1022 1438 1048 τῶν
1463 1021 1606 1056 μαθητῶν
1622 1023 1728 1056 Κύριε,
1755 1023 1829 1055 ποῦ;
1853 1024 1902 1050 καὶ

1115 1067 1295 1102 βουληθέντων
1320 1067 1413 1102 μαθεῖν
1436 1067 1488 1093 ποῦ
1503 1068 1758 1104 καταλειφθήσεται
1774 1070 1787 1095 6
1807 1070 1902 1104 ἕτερος

1114 1111 1166 1138 τῶν
1182 1112 1243 1147 (μὴ)
1263 1111 1507 1147 παραληφθέντων·
1534 1112 1640 1144 Ὅπου,
1656 1114 1733 1148 φησί,
1752 1113 1786 1140 τὸ
1804 1113 1900 1148 σῶμα,

1114 1158 1130 1193 ἢ
1149 1157 1181 1184 τὸ
1203 1157 1306 1192 πτῶμα
1330 1158 1400 1184 κατὰ
1416 1158 1563 1191 Ματθαῖον,
1575 1159 1639 1185 ἐκεῖ
1654 1158 1903 1193 συναχθήσονται

1115 1204 1163 1230 καὶ
1178 1205 1205 1230 οἱ
1220 1204 1300 1230 ἀετοί
1307 1212 1313 1218 ·
1326 1204 1419 1240 ὥσπερ
1429 1205 1540 1236 οἰωνούς
1551 1213 1626 1236 τινας
1637 1204 1826 1241 νεκροὸόρους,
1836 1205 1901 1236 τοὺς

1114 1250 1245 1286 ἄρχοντας
1262 1250 1309 1276 τοῦ
1326 1250 1422 1282 αἰῶνος
1436 1250 1532 1278 τούτου
1552 1250 1734 1286 αἰνιξάμενος,
1755 1252 1817 1283 τοὺς
1839 1251 1900 1277 τότε

1113 1295 1255 1327 διώκοντας
1272 1296 1334 1327 τοὺς
1347 1297 1440 1330 ἁγίους
1452 1296 1497 1323 τοῦ
1505 1297 1571 1323 Θεοῦ
1582 1306 1588 1312 ·
1599 1295 1637 1324 ὧν
1649 1298 1696 1324 ἐπὶ
1710 1297 1740 1324 τὸ
1754 1297 1819 1324 αὐτὸ
1835 1306 1899 1324 συν-

1114 1341 1268 1376 αχθέντων,
1305 1343 1363 1368 ἐκεῖ
1389 1342 1434 1368 καί
1463 1344 1526 1378 παρ’
1552 1343 1642 1374 αὐτοῖς
1666 1342 1860 1378 συναχθήσεται
1885 1344 1901 1370 ό

1114 1386 1221 1418 ἀνάξιος
1237 1387 1285 1422 τῆς
1298 1387 1489 1422 παραλήψεως.
1507 1385 1561 1414 Ἦν
1576 1388 1599 1414 δ’
1614 1386 1691 1420 οὗτος
1711 1388 1764 1414 τῶν
1782 1386 1827 1415 ἐπὶ
1844 1388 1899 1415 xii-

1114 1441 1162 1467 νης
1175 1432 1355 1459 καθευδόντων
1372 1433 1385 1458 ὁ
1399 1433 1504 1468 ἔτερος·
1560 1433 1613 1460 τῶν
1627 1434 1784 1469 ἀληθουσῶν
1796 1436 1813 1471 ἠ
1829 1434 1881 1470 μία
1890 1442 1900 1450 θ

1114 1478 1138 1504 οἳ
1153 1479 1199 1505 καὶ
1214 1478 1446 1514 παραδοθήσονται
1459 1479 1515 1510 τοῖς
1527 1479 1730 1514 ὲπισυναχθεῖσι
1740 1481 1800 1506 κατ’
1810 1477 1901 1506 αὗτῶν

1115 1524 1212 1555 ἀετοῖς.
1235 1524 1342 1555 Ἀετοὺς
1356 1524 1384 1550 δὲ
1397 1524 1444 1550 καὶ
1456 1525 1518 1555 τοὺς
1534 1524 1583 1560 τῆς
1603 1525 1779 1561 Ἰερουσαλὴμ
1793 1526 1900 1562 πολιορο

1115 1569 1200 1605 κητὰς
1213 1571 1227 1596 6
1240 1570 1406 1605 προφητικὸς
1418 1571 1497 1603 λόγος
1509 1571 1647 1606 ὠνόμασεν
1655 1580 1661 1586 ”
1674 1572 1711 1603 ὼς
1720 1572 1764 1598 ὅτε
1776 1573 1839 1607 περί
1852 1571 1901 1598 τοῦ

1115 1616 1347 1651 Ναϐουχοδονόσορ
1375 1616 1457 1650 λέγει·
1482 1617 1512 1643 '0
1532 1617 1618 1649 ἀετὸς
1640 1619 1656 1644 ὀ
1671 1617 1763 1652 μέγας
1780 1619 1796 1644 ὁ
1808 1627 1900 1653 μετα-

1115 1659 1312 1694 λοπτέρυγος·
1324 1660 1367 1695 μή
1391 1662 1449 1687 ποτ’
1464 1659 1509 1688 οὖν
1531 1661 1591 1688 καθ’
1613 1662 1711 1696 ἑτέραν
1734 1662 1854 1689 διάνοιαν
1870 1663 1902 1690 αἱ

1115 1704 1297 1739 τιμωρητικαὶ
1315 1704 1362 1730 καὶ
1377 1705 1534 1732 κολαστικαὶ
1549 1705 1687 1741 δυνάμεις,
1703 1707 1731 1733 αἱ
1754 1708 1815 1739 τοὺς
1836 1708 1900 1734 ἀσε-

1116 1748 1172 1779 ϐεῖς
1199 1748 1434 1784 μετελευσόμεναι,
1458 1750 1501 1776 διὰ
1526 1750 1579 1776 τῶν
1607 1751 1722 1778 ἐνταῦθα
1747 1751 1902 1787 λεγομένων

1115 1794 1201 1821 ἀετῶν
1218 1794 1389 1830 ἐδηλώοησαν
1399 1804 1405 1810 ·
1422 1793 1464 1828 αἷς
1481 1797 1524 1822 ἵνα
1536 1797 1574 1832 μὴ
1591 1797 1797 1833 παραδοθῶμεν,
1812 1798 1875 1834 ἑξῆς
1887 1799 1902 1825 6

1115 1841 1210 1876 Σωτὴρ
1225 1842 1350 1876 παραινεῖ
1361 1841 1453 1876 εὐχαῖς
1470 1842 1624 1877 σχολάζειν.

1185 1887 1290 1921 Κριτής
1307 1896 1351 1920 τις
1367 1885 1405 1922 ἦν
1421 1888 1473 1914 τὸν
1488 1889 1561 1915 Θεὸν
1574 1889 1618 1923 μὴ
1633 1890 1828 1924 φοϐούμενος.

1157 1933 1347 1960 Ἑπισυνὰπτει
1367 1933 1431 1967 γοῦν
1454 1934 1501 1960 καὶ
1525 1934 1680 1970 παραϐολὴν
1697 1935 1746 1970 τὴν
1769 1935 1833 1970 περὶ
1853 1935 1900 1961 τοῦ

1115 1978 1208 2015 κριτοῦ
1218 1980 1267 2015 τῆς
1275 1979 1390 2013 ἀδικίας,
1401 1980 1467 2015 πρὸς
1477 1981 1507 2006 τὸ
1515 1980 1569 2007 δεῖν
1580 1981 1693 2007 πάντοτε
1704 1980 1901 2016 προσεύχεσθαι

1115 2025 1161 2051 καὶ
1176 2025 1213 2060 μὴ
1237 2026 1374 2051 ἐκκακεῖν.
1398 2025 1433 2051 Τὸ
1457 2025 1485 2052 δὲ
1502 2027 1598 2053 εἰπεῖν·
1613 2024 1685 2062 Ἀρα
1704 2025 1788 2054 ἐλθὼν
1804 2025 1818 2051 ὁ
1837 2025 1902 2056 Υἱὸς

1115 2070 1161 2096 τοῦ
1175 2070 1317 2106 ἀνθρώπου
1332 2071 1441 2106 εὑρήσει
1455 2071 1503 2107 τὴν
1516 2072 1607 2098 πίστιν
1618 2071 1665 2098 ἐπὶ
1675 2070 1723 2107 τῆς
1735 2072 1803 2108 γῆς;
1816 2071 1902 2097 ἔκλει-

1115 2116 1160 2151 ψιν
1173 2116 1247 2152 δηλοῖ
1263 2117 1310 2151 τῆς
1327 2116 1453 2148 πίστεως,
1466 2116 1503 2148 ὠς
1517 2117 1619 2152 μηδένα
1639 2117 1733 2144 πιστὸν
1758 2116 1902 2153 εὑρεθήσε-

1117 2161 1187 2193 σθαι,
1201 2162 1217 2197 ἣ
1234 2162 1324 2188 εῖ·που
1342 2162 1397 2197 ἄρα
1410 2162 1522 2189 σπάνιόν
1536 2171 1595 2189 τινα
1609 2162 1678 2190 κατὰ
1690 2163 1735 2189 τὸν
1748 2163 1797 2198 τῆς
1809 2162 1902 2189 δευτε-

1118 2215 1165 2243 ρας
1182 2207 1263 2234 αὑτοῦ
1281 2207 1438 2242 θεοφανείας
1454 2208 1652 2244 χρόνον.”οπερ
1670 2209 1738 2244 μέγα
1755 2208 1902 2244 τεκμήριον

1116 2253 1242 2288 τυγχάνει
1263 2253 1310 2280 τοῦ
1331 2253 1426 2289 καιροῦ
1441 2253 1491 2288 τῆς
1511 2254 1687 2286 ἀποστασίας,
1713 2255 1741 2280 ὲν
1755 2251 1777 2288 ᾧ
1792 2253 1903 2285 σπάνιος

1117 2298 1192 2324 ἔσται
1204 2299 1218 2324 6
1230 2298 1442 2334 εὐρεθησόμενος
1455 2298 1562 2330 πιστός·
1573 2299 1644 2334 τάχα
1656 2299 1683 2325 δὲ
1694 2299 1754 2325 οὐδὲ
1766 2296 1806 2330 εἷς
1816 2298 1902 2330 ἔσται,

1116 2344 1160 2371 διὰ
1173 2344 1203 2370 τὸ
1228 2345 1290 2376 τοὺς
1314 2345 1364 2379 μὲν
1388 2344 1661 2380 παραληφθήσεσθαι,
1678 2345 1741 2377 τοὺς
1763 2344 1791 2371 δὲ
1817 2353 1902 2372 κατα-

1117 2389 1309 2426 λειφθήσεσθαι
1320 2391 1376 2421 τοῖς
1389 2390 1477 2422 ἀετοῖς
1490 2390 1775 2426 παραδοθησομένους·
1792 2389 1863 2418 οὕτω
1874 2398 1903 2416 τε

1118 2435 1147 2468 ἐξ
1164 2435 1313 2471 ἀνθρώπων
1334 2435 1514 2472 ἐκλειπούσης
1534 2436 1584 2470 τῆς
1604 2436 1732 2468 πίστεως,
1748 2436 1830 2468 αὐτὸς
1850 2436 1905 2462 λοι-

1118 2482 1167 2508 πον
1177 2482 1352 2516 ἐπιστήσεται
1364 2481 1413 2516 τὴν
1424 2481 1561 2516 ἐκδίκησιν
1570 2482 1747 2517 ποιησόμενος
1757 2481 1811 2508 τῶν
1820 2482 1904 2516 ἁγίων

1119 2526 1200 2552 αὐτοῦ
1214 2526 1267 2553 τῶν
1289 2527 1340 2553 ὑπὸ
1360 2527 1414 2553 τῶν
1429 2526 1535 2553 ἀσεϐῶν
1555 2528 1742 2563 ἀνῃρημένων.
1766 2528 1810 2554 Ἐν
1827 2528 1903 2563 τάχει

1119 2571 1147 2597 δὲ
1171 2571 1278 2606 ποιήσει
1300 2571 1348 2606 τὴν
1372 2572 1519 2607 ἐκδίκησιν,
1534 2571 1578 2598 διὰ
1596 2572 1627 2598 τὸ
1648 2572 1711 2607 βοᾷν
1733 2572 1801 2608 πρὸς
1821 2571 1904 2599 αὐτὸν

1119 2616 1214 2647 νυκτὸς
1230 2616 1277 2642 καὶ
1294 2617 1398 2652 ἡμέρας
1410 2626 1416 2632 ·
1436 2617 1499 2653 βοᾷν
1520 2617 1548 2644 δὲ
1561 2618 1628 2653 πρὸς
1647 2617 1729 2644 αὑτὸν
1745 2617 1847 2650 ἐδίδαξε
1860 2617 1903 2644 διὰ

1119 2663 1167 2698 τῆς
1183 2664 1339 2699 παραϐολῆς
1355 2664 1401 2690 τοῦ
1417 2664 1510 2699 κριτοῦ
1524 2665 1574 2700 τῆς
1595 2664 1709 2696 ἀδικίας.

1121 2709 1285 2743 Ἄνθρωπός
1299 2719 1344 2743 τις
1359 2710 1485 2745 εὐγενὴς
1500 2710 1644 2744 ἐπορεύθη
1665 2711 1709 2743 εἱς
1729 2709 1830 2745 χώραν
1845 2718 1902 2744 μα-

1137 2744 1212 2778 κρὰν
1224 2745 1327 2772 λαϐεῖν
1335 2744 1429 2777 ἑαυτῴ
1437 2746 1609 2778 βασιλείαν,
1624 2745 1673 2772 καὶ
1687 2745 1885 2779 ὑποστρέψαι.

1155 2790 1277 2816 Τοσαῦτα
1303 2791 1346 2817 διὰ
1372 2791 1421 2825 τῆς
1449 2791 1603 2826 παραϐολῆς
1629 2790 1830 2826 διδασκόμεθα,
1853 2790 1901 2826 τὴν

1221 2904 1243 2919 ³⁸
1260 2904 1325 2932 Luc.
1341 2913 1416 2937 xvm,
1427 2905 1454 2934 2.
1494 2905 1515 2920 ³⁷
1528 2905 1590 2931 ibid.
1606 2905 1630 2932 8.
1671 2905 1693 2920 ³⁸
1703 2904 1767 2931 Luc.
1781 2911 1834 2932 xix.
1851 2901 1897 2930 12.
