2061 3215
150 202 202 233 589

738 196 987 227 COMMENTARIA
1005 195 1037 224 IN
1054 195 1183 224 LUCAM.

153 259 298 294 μέλλουσαν
309 257 391 285 αὐτοῦ
402 257 450 285 καὶ
462 257 573 293 μηδέπω
585 256 723 293 παροῦσαν
731 256 868 292 βασιλειαν
873 254 938 291 (68),

992 254 1055 282 licet
1067 254 1169 282 Christi
1194 253 1368 290 nondumque
1390 261 1511 290 praesens
1536 262 1659 292 regnum,
1683 264 1770 292 quan-

153 306 202 333 κᾶν
215 304 346 339 αἰσθητὴν
357 304 459 339 ταύτην
469 304 541 334 τινὲς
554 303 743 338 ἐφαντάζοντο,
762 302 809 337 τὴν
823 302 875 329 ἀπὸ
886 302 937 336 γῆς

151 352 189 382 εἰς
199 350 312 386 οὐρανὸν
325 350 488 385 μετάστασίν
500 358 529 375 τε
540 350 586 376 καὶ
593 348 736 384 ἀνάληψιν,
749 348 796 383 τὴν
810 347 939 383 δευτέραν

151 398 197 424 καὶ
217 396 319 428 ἔνδοξον
343 395 424 422 αὑτοῦ
441 396 610 430 θεοφάνειαν,
624 394 673 430 τὴν
686 393 811 430 κριτικὴν
828 394 875 419 καὶ
892 392 938 419 τοῦ

151 443 210 471 κατ’
225 441 304 473 ἀξίαν
320 441 427 476 ἑκάστῳ
446 441 639 476 διανεμητικὴν
663 440 796 472 ἐξουσίαν,
819 438 867 474 τὴν
885 438 939 464 τῶν

152 488 257 516 οικε¹ων
269 486 351 513 αὑτοῦ
365 487 410 513 καὶ
424 487 526 512 πιστῶν
541 485 743 522 θεραπευόντων
754 484 938 519 εὐδοκίμησιν,

151 535 198 571 τὴν
219 533 274 559 τῶν
295 533 331 568 μὴ
348 532 476 558 τοιούτων
492 532 672 566 κατάγνωσιν,
688 531 736 566 τὴν
751 529 805 556 τῶν
824 529 939 556 πολιτῶν

150 579 198 607 τοῦ
214 579 344 614 βασιλέως
361 578 420 604 κατ’
438 576 519 603 αὐτοῦ
542 577 684 612 συσκευὴν,
708 577 757 611 τὴν
780 575 939 610 μετελευσο-

153 625 236 660 μένην
249 624 347 655 αὐτοὺς
361 623 478 656 ἐπαξίως
491 620 527 649 ὦν
542 622 656 658 ἔδρασαν
675 622 752 656 δίκην
765 630 771 636 '
788 620 873 647 ταῦτα
885 620 938 655 γὰρ

152 670 219 706 ὁμοῦ
241 670 329 696 πάντα
346 668 389 695 διὰ
409 669 463 695 τῶν
479 667 639 694 ὲκτεθειιτῶν
659 666 754 701 φωνῶν
767 666 869 701 ἐδήλου.
884 666 939 691 Καὶ

155 713 259 748 πρῶτον
276 712 326 747 μὲν
342 712 483 747 ἄνθρωπον
500 712 579 743 αὐτὸς
593 711 686 738 ἑαυτὸν
701 711 822 746 ὠνόμαζε
835 710 878 736 διὰ
890 710 939 745 τὴν

154 759 222 786 κατὰ
238 759 325 795 σάρκα
337 758 472 793 γέννησιν,
487 758 536 792 τὴν
549 757 620 784 κατὰ
641 757 780 792 ἄνθρωπον
797 756 869 792 αὺτῷ
894 765 940 782 συ·-

154 806 273 832 στᾶσαν·
299 804 392 830 ἔπειτα
416 804 523 837 εὐγενῆ,
538 803 593 829 ἀλλ’
618 802 694 829 οὔπω
711 802 820 837 βασιλέα
846 802 939 828 ἑαυτὸν

155 850 252 882 ἐκάλει,
272 850 316 877 διὰ
341 850 371 876 τὸ
395 849 506 885 μηδέπω
520 850 552 884 τῇ
570 848 693 883 βασιλικῇ
715 848 778 883 ἀξια
801 848 870 874 κατὰ
889 848 938 883 τὴν

154 895 261 931 πρώτην
281 894 438 929 θεοφάνειαν
457 893 616 928 κεχρῆσθαι.
634 893 690 926 Τῆς
704 892 726 918 δ’
741 893 879 926 εὐγενείας
891 892 939 917 αὐ-

154 941 198 968 τοῦ
213 941 347 976 μάρτυρες
361 940 385 966 οἱ
398 939 445 966 τοῦ
459 939 552 972 γένους
566 939 612 964 καὶ
624 938 673 973 τῆς
685 939 717 964 ὲκ
732 938 869 973 προγόνων
881 938 938 964 δια-

154 986 230 1021 δοχῆς
242 986 290 1021 τὴν
307 985 426 1021 ἱστορίαν
438 986 529 1020 γραφῇ
543 983 776 1019 παραδεδωκότες
795 981 831 1010 ὧν
853 985 867 1010 ὁ
889 983 937 1019 μὲν

153 1040 203 1063 τις,
216 1032 266 1066 τὴν
279 1031 349 1057 κατὰ
370 1030 527 1065 ἀνθρώπους
545 1029 681 1063 εὐγένειαν
697 1029 778 1055 αὑτοῦ
792 1029 936 1063 παριστὰς,

153 1077 227 1103 ἔνθεν
237 1077 268 1112 δή
281 1077 361 1102 ποθεν
375 1075 562 1110 εὐηγγελίζετο
570 1075 665 1109 λέγων’
677 1076 783 1107 Βίϐλος
794 1075 938 1109 γενέσεως

159 1121 259 1155 Ἰησοῦ
282 1120 408 1154 Χριστοῦ
425 1119 491 1146 υἱοῦ
514 1119 610 1151 Δαὸὶδ,
643 1118 708 1145 υΙοῦ
738 1118 868 1152 Ἀϐραάμ
889 1116 937 1144 εἶθ’

155 1168 217 1202 ἑξῆς
234 1167 338 1198 τούτοις
368 1166 416 1201 τὴν
435 1165 607 1200 γενεαλογίαν
627 1165 659 1191 δι’
677 1165 814 1200 ἐπιδήμων
836 1164 938 1199 ἀνδρῶν

154 1213 199 1241 καὶ
214 1212 259 1239 διὰ
281 1211 419 1247 βασιλικοῦ
440 1211 534 1245 γένους
556 1210 598 1236 ἐπ’
615 1210 694 1236 αὐτὸν
713 1211 838 1243 κατάγων
862 1210 937 1244 ἵστη-

155 1267 209 1286 σιν·
224 1259 238 1285 ὸ
250 1258 279 1283 δὲ
301 1257 350 1292 τὴν
366 1256 496 1283 ἀνωτάτω
517 1256 563 1282 καὶ
585 1255 637 1290 πρὸ
657 1254 763 1280 πάντων
782 1254 886 1280 αἰώνων
907 1256 939 1280 ἐκ

155 1304 220 1331 Θεοῦ
242 1303 366 1337 γέννησιν
386 1302 467 1328 αὑτοῦ
480 1301 622 1332 διδάσκων,
639 1301 689 1336 τὴν
709 1300 814 1335 ἀληθῶς
829 1300 938 1335 πρώτην

154 1347 199 1373 καὶ
215 1347 297 1382 μόνην
313 1346 451 1379 εὐγένειαν
467 1345 607 1380 παρεδίδου
626 1345 725 1378 λέγων·
748 1345 796 1371 Ἰἰν
809 1344 885 1378 ἀρχῇ
900 1345 939 1378 ἦν

155 1394 171 1419 d
187 1393 290 1427 Λόγος,
301 1392 349 1418 καὶ
363 1392 482 1425 όΛόγος
494 1389 532 1425 ἦν
549 1390 623 1424 πρὸς
639 1390 692 1416 τὸν
707 1390 789 1422 Θεὸν,
804 1391 852 1416 καὶ
868 1390 939 1423 Θεὸς

154 1437 192 1473 ἦν
208 1440 225 1465 ὁ
241 1438 344 1472 Λόγος.
357 1436 458 1463 Πάντα
474 1436 510 1462 δι’
528 1436 618 1462 αὑτοῦ
636 1436 761 1470 ἐγένετο.

196 1483 340 1518 Ἀλλὰηγὰρ
350 1479 426 1513 οὗτος
440 1483 454 1508 ὁ
469 1482 521 1518 πρὸ
536 1482 641 1508 πάντων
653 1481 757 1508 αἰώνων
768 1482 832 1514 Θεὸς
843 1483 936 1517 Λόγος,

156 1530 299 1565 γενόμενος
311 1529 451 1565 ἄνθρωπος
468 1528 588 1563 εὐγενὴς,
608 1528 653 1554 καὶ
669 1528 713 1554 τὸν
729 1528 775 1553 σὺν
787 1528 938 1563 ἀνθρώποις

155 1575 296 1609 διεξελθὼν
325 1575 378 1610 βίον
403 1575 448 1601 τὸν
476 1574 659 1609 ἐμφερόμενον
682 1575 742 1605 ταῖς
768 1575 831 1609 περὶ
856 1574 937 1601 αὑτοῦ
953 1593 972 1621 c

155 1623 343 1658 εὐαγγελικαῖς
359 1622 488 1658 γραφαῖς,
520 1620 587 1656 μετὰ
613 1621 661 1655 τὴν
684 1620 758 1656 παρὰ
784 1620 936 1656 ἀνθρώποις

155 1670 278 1705 αὐτάρκη
303 1668 452 1704 διατριϐὴν,
473 1666 589 1694 ἐπανιὼν
611 1667 677 1702 πρὸς
695 1667 739 1693 τὸν
763 1667 859 1693 ἑαυτοῦ
880 1668 935 1694 llat-

154 1715 230 1750 τέρα,
247 1713 381 1749 ἐπορεύθη
396 1715 434 1744 εἰς
450 1714 541 1749 χώραν
563 1712 669 1748 μακρὰν
686 1713 776 1740 λαϐεῖν
788 1714 875 1748 ἑαυτῷ
891 1715 937 1748 βα-

156 1761 254 1787 σιλείαν
271 1761 316 1787 καὶ
333 1759 510 1795 ὑποστρέψαι.
528 1758 625 1794 Χώραν
644 1759 670 1785 δὲ
691 1760 797 1794 μακρὰν
814 1760 861 1795 τὴν
883 1760 936 1787 ἀπὸ

155 1806 206 1840 γῆς
219 1807 259 1837 εἰς
273 1806 385 1841 οὐρανὸν
396 1806 487 1832 ἄνοδον
503 1805 594 1839 ἐδήλου
604 1805 671 1839 (69)·
681 1805 771 1832 λαϐεῖν
786 1815 814 1832 τε
829 1807 877 1841 τὴν
889 1807 936 1841 βα-

158 1853 256 1878 σιλείαν
273 1852 356 1886 αὐτὴν
370 1852 476 1887 ἐκείνην
493 1852 584 1885 φησὶν,
601 1851 634 1886 ἣν
647 1853 661 1877 ὀ
680 1853 819 1887 προφήτης
838 1853 935 1887 Δανιὴλ

155 1899 274 1933 ᾐνίττετο
292 1898 393 1932 λέγων’
412 1898 466 1925 Καὶ
492 1897 555 1923 ἰδοὺ
574 1897 639 1930 Υἱὸς
657 1898 810 1931 ἀνθρώπου
824 1899 872 1924 ἐπὶ
890 1907 936 1924 νε-

156 1944 256 1979 φελῶν
274 1945 434 1979 ἐρχόμενος
456 1942 511 1979 ἦν·
534 1943 582 1969 καὶ
604 1943 683 1975 αὐτῷ
705 1944 792 1977 ἐδόθη
814 1944 833 1977 ὴ
857 1945 934 1979 ἀρχὴ

156 1990 204 2017 καὶ
217 1990 237 2023 ὴ
253 1990 331 2025 τιμὴ,
349 1990 396 2016 καὶ
420 1990 438 2023 ἡ
456 1990 609 2021 βασιλεία.
630 1987 665 2015 Εὖ
686 1990 714 2015 δὲ
733 1990 779 2016 καὶ¹
793 1991 822 2016 τὸ
833 1992 935 2017 λαϐεῖν

156 2036 261 2072 εἴρηται
273 2045 279 2051 ·
292 2036 399 2067 πάντως
414 2036 467 2071 γὰρ
481 2035 527 2062 τοῦ
544 2035 649 2070 Πατρὺς
663 2035 776 2068 διδόντος
789 2036 933 2071 ἐλάμϐανε,

156 2081 225 2109 κατὰ
236 2082 265 2108 τό
280 2090 286 2096 ·
301 2082 424 2116 Αἴτησαι
446 2082 511 2116 παρ’
527 2082 609 2115 ἐμοῦ,
627 2082 675 2108 καὶ
696 2081 779 2108 δώσω
799 2091 847 2109 σοι
863 2084 933 2117 ἔθνη

155 2128 211 2162 τὴν
222 2129 420 2162 κληρονομίαν
432 2136 500 2154 σου·
514 2127 531 2154 ἃ
546 2127 578 2163 δὴ
594 2128 704 2154 δοθέντα
716 2128 788 2163 αὐτῷ
803 2130 877 2164 παρὰ
888 2130 934 2155 τοῦ

156 2174 272 2200 Παλαιοῦ
286 2175 338 2201 τῶν
355 2175 463 2210 ἡμερῶν
479 2174 682 2209 ὑποδεξάμενος,
701 2173 777 2206 αὖθις
795 2175 933 2210 ἐπανήξει.

155 2220 199 2246 Διό
220 2229 285 2255 φησι
302 2220 392 2246 λαϐεῖν
412 2221 500 2255 ἐαυτῷ
523 2220 659 2255 βασιλείαν
682 2221 728 2247 καὶ
750 2221 932 2256 ὑποστρέψαι·

153 2267 200 2293 καὶ
213 2268 285 2298 ὅπως
297 2267 323 2293 δὲ
337 2268 477 2302 ποιήσεται
489 2266 538 2302 τὴν
550 2267 687 2298 ἐπάνοδον,
701 2268 715 2292 ὸ
729 2267 797 2298 θεῖος
807 2268 934 2293 Ἀπόστο-
952 2271 975 2300 ι)

154 2313 200 2344 λος
220 2312 344 2347 διασαφεῖ
359 2313 457 2347 λέγων·
486 2313 545 2339 Ὅτι
566 2313 656 2346 αὐτὸς
674 2315 690 2339 ό
709 2313 815 2346 Κύριος
833 2314 867 2339 ἐν
888 2322 935 2339 κε-

154 2359 310 2392 λεύσματι,
321 2359 355 2385 ἐν
366 2359 449 2393 φωνῇ
465 2359 662 2393 ἀρχαγγέλου,
679 2359 727 2386 καὶ
743 2359 777 2385 ἐν
791 2359 933 2394 σάλπιγγι

156 2405 231 2431 Θεοῦ
243 2404 437 2437 καταϐήσεται
462 2406 520 2431 ἀπὸ
540 2406 679 2439 οὐρανοῦ.
703 2405 734 2431 Ἦ
749 2405 776 2432 δὲ
796 2405 934 2440 ἀποδημία

155 2452 202 2478 καὶ
221 2451 270 2486 τὴν
293 2451 476 2486 μακροθυμίαν
501 2451 582 2486 δηλοῖ.
609 2451 681 2477 Ἔδει
703 2451 731 2477 δὲ
754 2451 833 2477 αὐτὸν
853 2451 935 2484 ἀναγ-

155 2498 240 2529 καίως
270 2497 310 2528 είς
338 2497 386 2532 τὴν
414 2497 577 2532 δηλωθεῐσαν
604 2497 710 2532 μακρὰν
737 2496 827 2532 χώραν
861 2498 934 2523 στεί-

154 2543 261 2576 λασθαι,
278 2544 358 2570 κάκεῖ
370 2543 463 2579 χρόνον
475 2543 610 2578 διατρίψαι
626 2543 729 2569 πολλῶν
744 2543 838 2569 ἕνεκα·
855 2543 892 2574 ὼς
903 2543 935 2569 ἂν

155 2590 184 2616 ὲν
195 2590 233 2625 τῷ
249 2590 349 2625 μεταξὺ
362 2591 385 2616 οἱ
397 2589 478 2616 αὐτοῦ
491 2588 652 2625 θεράποντες
671 2589 717 2625 τῆς
739 2589 841 2616 ἑαυτῶν
854 2590 935 2625 ἐργα-

156 2636 214 2668 σίας
225 2636 257 2672 τὴ
263 2646 273 2662 ν
283 2636 397 2671 δοκιμὴν
413 2635 490 2662 δοῖεν.

189 2752 212 2768 ³⁹
221 2738 316 2780 Matth.
336 2759 356 2786 t,
370 2753 395 2780 Ι.
432 2752 455 2767 ⁸⁸
468 2751 546 2779 Joan.
560 2759 578 2784 ι,
594 2751 618 2777 Ι.

189 2859 252 2899 (68).
268 2859 418 2899 sequentia
439 2857 601 2899 conferenda
630 2861 693 2899 sunt
721 2864 793 2899 curn
816 2857 923 2899 Eusebii

157 2891 327 2933 [accpit-niti:
349 2894 419 2933 apud
439 2901 491 2933 nos
511 2893 664 2933 fragmento
675 2899 739 2933 uti.
763 2891 796 2919 Et
816 2893 922 2933 quidem

155 2929 296 2958 Eusebium
310 2927 406 2963 qua‘in
422 2929 481 2956 aliis
494 2928 622 2963 operibus
637 2927 759 2962 dixerat,
775 2927 923 2956 contulisse

657 2751 678 2767 ⁵¹
691 2750 759 2778 Dan.
772 2758 820 2784 vn,
832 2751 877 2778 l3.
914 2751 935 2767 “
947 2752 1018 2780 Psal.
1031 2760 1061 2785 ιι,
1073 2753 1099 2780 8.

990 308 1070 334 quam
1098 299 1124 326 id
1148 300 1273 328 sensibile
1299 300 1418 328 nonnulli
1445 305 1547 329 temere
1569 302 1770 337 opinabantur;

991 346 1194 374 translationem
1208 354 1223 374 e
1237 351 1308 374 terra
1322 346 1348 373 in
1363 347 1478 380 cmlum,
1494 347 1522 375 id
1541 353 1583 375 est
1607 350 1771 384 assumptio-

990 400 1070 425 nem;
1094 393 1240 420 secundam
1260 394 1318 429 ejus
1340 394 1486 429 gloriosam
1508 394 1770 430 manifestationem;

987 436 1158 470 judiciariam
1173 441 1200 464 et
1215 445 1293 465 suum
1307 439 1403 474 cuique
1415 438 1459 472 jus
1474 439 1630 467 reddentem
1650 446 1771 476 potesta—

990 485 1043 508 tem
1055 490 1062 514 ;
1078 481 1249 510 familiarium
1263 491 1372 511 suorum
1382 484 1552 519 ﬁdeliumque
1567 493 1705 514 servorum
1716 487 1773 514 col-

990 526 1191 561 laudationem;
1209 536 1302 556 eorum
1316 530 1361 564 qui
1389 538 1469 558 secus
1495 538 1524 558 se
1549 533 1682 567 gesserint
1705 540 1769 561 con-

991 572 1207 606 demnationem;
1226 574 1324 601 civium
1346 575 1372 602 in
1388 582 1478 610 regem
1499 584 1577 603 suum
1590 578 1771 612 conspiratio-

990 625 1051 644 nem
1067 622 1094 645 et
1109 618 1271 652 condignam
1284 619 1362 647 iactis
1376 628 1483 655 pcenam
1504 631 1510 648 :
1527 621 1584 649 haec
1600 624 1672 650 enim
1690 624 1770 651 simul

989 664 1078 690 omnia
1094 665 1230 698 praedictis
1244 666 1334 693 verbis
1349 667 1528 701 signiﬁcabat.
1550 669 1582 696 Et
1603 669 1692 703 primo
1711 670 1772 705 qui-

990 707 1050 735 dem
1066 709 1199 737 hominem
1215 717 1244 737 se
1259 711 1424 745 appellavit,
1439 717 1547 746 propter
1566 714 1702 742 carnalem
1720 723 1770 742 na-

991 752 1122 780 tivitatem
1135 773 1142 786 ,
1156 761 1215 788 quae
1229 754 1279 788 ipsi
1297 759 1326 782 ut
1343 756 1445 783 homini
1466 758 1586 792 contigit.
1603 758 1703 786 Deinde
1720 767 1771 787 no-

989 798 1070 825 bilem
1095 805 1124 826 se
1152 799 1240 832 dixit,
1266 808 1317 827 non
1345 809 1446 835 regem,
1470 803 1531 836 quia
1554 803 1626 838 regia
1650 804 1769 831 nondum

989 842 1119 877 dignitate
1151 843 1177 870 in
1205 844 1291 878 prima
1316 852 1364 872 sua
1394 847 1610 875 manifestatione
1634 848 1770 876 utebatur.

989 887 1144 917 Nobilitatis
1160 895 1248 917 autem
1265 891 1322 925 ejus
1339 896 1421 919 testes
1442 893 1470 924 ii,
1486 894 1531 928 qui
1548 901 1630 929 genus
1648 894 1720 922 illius
1738 902 1771 922 ac

989 934 1087 960 seriem
1103 936 1304 970 progenitorum
1316 937 1425 971 scriptis
1440 939 1579 966 historicis
1595 941 1770 968 commcnda-

988 984 1098 1012 verunt;
1121 987 1188 1014 quos
1206 981 1275 1008 inter
1287 982 1396 1015 quidam
1415 983 1477 1010 dum
1507 985 1651 1012 humanam
1667 985 1769 1014 Christi

988 1025 1159 1053 nobilitatem
1185 1027 1311 1059 exhibet,
1335 1029 1374 1056 sic
1395 1030 1567 1064 Evangelium
1594 1039 1674 1060 orsus
1704 1038 1769 1061 est:

989 1070 1066 1097 Liber
1090 1073 1264 1106 generationis
1291 1074 1354 1101 Jesu
1378 1075 1475 1102 Christi
1494 1077 1543 1110 [iiii
1569 1077 1695 1111 Doridis,
1718 1079 1770 1113 ﬁlii

988 1115 1130 1142 Abralmmi
1153 1118 1185 1143 ³⁵.
1214 1117 1314 1145 Deinde
1329 1121 1483 1155 genealogia
1499 1130 1547 1156 per
1561 1123 1704 1157 populares
1718 1125 1770 1151 ho-

989 1161 1077 1187 mines
1102 1169 1240 1195 genusque
1266 1164 1367 1197 regium
1396 1172 1480 1199 usque
1507 1166 1538 1193 ad
1564 1167 1701 1195 Christum
1724 1170 1770 1196 de-

989 1206 1067 1232 ducta
1079 1226 1086 1239 ,
1109 1206 1135 1232 in
1154 1207 1203 1233 hoc
1220 1213 1356 1241 postremo
1378 1211 1510 1238 consistit.
1524 1212 1601 1240 Alius
1614 1218 1705 1241 autem
1722 1222 1769 1242 su-

989 1259 1100 1286 pernam
1114 1252 1171 1287 ejus
1182 1258 1243 1280 ante
1257 1255 1346 1282 omnia
1364 1256 1462 1283 smcula
1477 1265 1508 1284 ex
1530 1259 1581 1285 Deo
1602 1259 1769 1287 nativitatem

990 1298 1098 1330 docens,
1114 1298 1279 1326 nobilitatem
1301 1301 1369 1334 ejus,
1392 1310 1451 1335 qua:
1471 1310 1534 1330 vere
1550 1304 1636 1337 prima
1657 1306 1770 1340 solaque

989 1347 1040 1373 est,
1062 1343 1172 1370 tradidit
1188 1345 1301 1371 dicens:
1323 1345 1354 1372 In
1367 1346 1495 1380 principio
1516 1353 1571 1374 erat
1595 1347 1723 1381 Verbum,
1744 1355 1770 1376 et

994 1385 1104 1413 Verbum
1127 1392 1184 1413 erat
1208 1390 1276 1421 apud
1297 1389 1394 1422 Deum,
1417 1395 1442 1418 et
1472 1392 1542 1419 Deus
1564 1401 1621 1420 erat
1644 1393 1767 1421 Verbum.

991 1430 1085 1458 Omnia
1098 1439 1142 1467 per
1154 1433 1238 1466 ipsum
1252 1434 1324 1467 facta
1340 1442 1398 1462 sunt
1412 1436 1445 1462 ⁸ο.

1023 1477 1107 1505 Porro
1131 1478 1175 1505 hic
1204 1484 1266 1506 ante
1294 1481 1383 1507 omnia
1411 1483 1508 1510 saecula
1541 1484 1611 1512 Deus
1639 1486 1768 1521 Verbum,

992 1523 1078 1551 factus
1092 1525 1171 1552 homo
1187 1525 1293 1558 nobilis,
1311 1534 1494 1563 peragensque
1514 1530 1583 1558 inter
1599 1532 1722 1560 homines
1736 1533 1768 1560 il-

990 1569 1033 1596 lud
1048 1571 1108 1597 vitm
1123 1579 1216 1604 genus,
1233 1574 1303 1607 quod
1321 1574 1347 1600 iu
1363 1575 1517 1610 evangelica
1534 1577 1634 1612 scripta
1651 1579 1768 1607 relatum

990 1620 1041 1645 est.
1058 1621 1197 1650 postquam
1215 1618 1281 1645 satis
1296 1626 1357 1645 cum
1385 1621 1543 1648 mortalibus
1563 1628 1686 1651 versatus
1706 1624 1767 1657 fuit,

989 1661 1021 1687 ad
1035 1661 1141 1688 Patrem
1157 1671 1233 1690 suum
1251 1665 1366 1697 rediens,
1382 1667 1516 1700 profectus
1533 1673 1573 1695 est
1589 1669 1614 1695 in
1630 1670 1767 1704 regionem

991 1707 1174 1742 longinquam.
1193 1715 1221 1736 ut
1253 1718 1335 1745 regno
1360 1720 1409 1740 suo
1435 1720 1546 1749 accepto
1574 1720 1767 1743 reverteretur.

988 1752 1047 1779 Jsm
1063 1755 1200 1788 regionem
1218 1757 1390 1791 longinquam
1414 1759 1478 1786 dicit
1497 1767 1545 1794 pro
1570 1761 1655 1788 reditu
1672 1761 1698 1788 in
1713 1769 1770 1789 etn-

990 1798 1042 1825 lmn
1061 1808 1067 1825 :
1087 1808 1196 1835 regnum
1216 1809 1279 1828 vero
1295 1808 1432 1837 acceptum
1449 1805 1513 1832 illud
1530 1806 1619 1840 ipsum
1634 1807 1681 1838 ait,
1696 1807 1770 1841 quod

989 1846 1119 1879 propheta
1142 1846 1235 1875 Daniel
1262 1848 1390 1876 innuebat
1414 1851 1505 1878 dicens
1528 1859 1536 1878 :
1558 1852 1590 1878 Et
1611 1860 1674 1880 ecce
1684 1852 1769 1881 Filius

989 1890 1106 1920 hominis
1120 1893 1145 1919 in
1164 1894 1278 1921 nubibus
1293 1896 1470 1929 adventabat;
1492 1896 1596 1932 ipsique
1614 1898 1704 1924 datum
1726 1903 1770 1926 est

989 1937 1132 1971 imperium
1165 1945 1191 1966 et
1217 1940 1303 1967 honor
1324 1946 1351 1968 et
1380 1950 1489 1977 regnum
1516 1943 1548 1970 “.
1581 1943 1663 1971 Ret-te
1686 1945 1769 1973 ctiam

989 1983 1088 2010 dictum
1103 1990 1143 2011 est
1158 1985 1293 2019 occipere;
1306 1993 1416 2020 prorsus
1434 1988 1505 2014 enim
1519 1996 1534 2015 a
1553 1988 1633 2016 Patre
1649 1989 1675 2016 id
1688 1991 1770 2018 dante

989 2031 1102 2064 acet-pit,
1118 2032 1263 2058 secundum
1284 2031 1348 2059 illud
1361 2033 1404 2061 l":
1422 2032 1532 2061 Postulo
1552 2040 1569 2061 ιι
1589 2043 1639 2067 me,
1657 2041 1680 2062 et
1699 2037 1769 2063 dabo

989 2076 1036 2102 tibi
1049 2082 1134 2110 gentes
1144 2077 1320 2104 ltwredilatem
1333 2085 1403 2106 tuam
1415 2087 1424 2106 :
1436 2087 1516 2114 quam
1532 2081 1612 2108 simul
1624 2088 1656 2108 ac
1667 2082 1701 2108 ab
1710 2082 1768 2108 An-

988 2122 1064 2156 tiquo
1077 2123 1181 2150 dierum
1197 2125 1348 2158 acceperit,
1364 2126 1455 2152 statim
1480 2132 1640 2154 revertetur.
1664 2127 1770 2155 Idcirco

989 2169 1039 2201 ait,
1055 2170 1086 2196 ad
1104 2171 1289 2206 accipiendum
1307 2172 1357 2199 sibi
1382 2181 1493 2208 regnum
1517 2179 1544 2201 et
1568 2175 1768 2202 revertendum.

988 2213 1107 2247 Quanam
1125 2221 1214 2243 autent
1235 2217 1340 2244 ratione
1351 2218 1466 2246 reditum
1479 2218 1604 2246 Christus
1618 2219 1712 2252 faciet,
1728 2220 1769 2246 di-

989 2266 1037 2288 Vus
1049 2262 1190 2296 Apostolus
1201 2263 1370 2291 tlemonstrat
1384 2265 1425 2291 his
1438 2265 1527 2291 verbis
1544 2274 1549 2291 :
1567 2264 1698 2297 Quoniam
1712 2265 1768 2297 ipse

988 2306 1115 2334 Dominus
1136 2309 1163 2334 in
1182 2309 1274 2343 jussu,
1298 2310 1324 2336 in
1345 2319 1405 2338 voce
1430 2312 1597 2346 art/«angeli,
1619 2317 1642 2338 ει
1661 2312 1769 2338 intuba

991 2354 1037 2381 Dei
1056 2355 1190 2382 descendet
1202 2358 1234 2383 de
1252 2356 1315 2383 caelo
1331 2357 1364 2385 ⁸³.
1378 2358 1437 2385 Jam
1448 2357 1491 2385 ille
1504 2359 1592 2386 abitus
1608 2358 1767 2394 patientiam

986 2408 1092 2435 quoque
1114 2403 1287 2436 exspectandi
1303 2403 1448 2438 signiﬁcat.
1467 2404 1499 2431 Et
1518 2404 1624 2439 quidem
1641 2411 1768 2432 necessa-

987 2446 1056 2472 rium
1083 2451 1141 2473 erat
1170 2452 1197 2473 ut
1223 2448 1279 2482 ipse
1306 2448 1358 2475 iter
1387 2449 1412 2475 in
1433 2449 1605 2483 longinquam
1629 2449 1766 2484 regionem

987 2491 1150 2526 susciperet,
1167 2492 1258 2527 ibique
1277 2494 1321 2520 diu
1337 2499 1477 2526 maneret,
1491 2495 1575 2529 "quum
1595 2495 1656 2522 aliis
1676 2495 1768 2523 multis

986 2536 1018 2562 de
1034 2537 1132 2569 causis,
1149 2542 1203 2564 tum
1222 2543 1251 2565 ut
1267 2539 1374 2566 interim
1390 2539 1459 2566 servi
1480 2540 1538 2574 eius
1556 2540 1692 2567 industria:
1711 2547 1767 2567 suae

987 2583 1178 2611 documentum
1190 2584 1309 2612 ederent.

1146 2752 1169 2768 ι³
1179 2751 1188 2778 Ι
1201 2751 1297 2780 Thess.
1324 2751 1421 2787 "~15.

981 2866 1037 2885 non
1050 2858 1133 2893 semel
1145 2858 1171 2885 in
1187 2857 1394 2893 τΙιεοιιΙιππὶηιιι.
1407 2858 1448 2886 vel
1463 2858 1522 2885 vice
1535 2865 1610 2886 versa
1620 2879 1628 2891 ,
1645 2858 1766 2886 animado

977 2895 1057 2920 venit
1070 2894 1106 2921 el.
1120 2892 1190 2920 Lens
1201 2893 1227 2920 in
1237 2893 1476 2928 Ina'Thsaphauia
1489 2893 1600 2928 Anglic:
1617 2895 1746 2921 editione.

1011 2928 1066 2964 (69)
1086 2928 1126 2956 Cf.
1139 2928 1208 2962 apud
1223 2936 1272 2957 nos
1284 2927 1488 2964 Thsopluuium,
1506 2927 1556 2957 col.
1572 2928 1634 2961 687,
1654 2929 1701 2957 lin.
1717 2927 1763 2965 4⁷8,
