2061 3215
280 189 333 222 39!

341 250 365 267 “
389 248 492 276 Vocati:
504 252 590 274 autem
607 248 694 274 decem
706 247 785 274 servis
795 246 860 279 suis,
880 246 952 273 dedit
963 247 999 274 eis

582 284 667 309 decem
681 290 764 308 mnus.

320 332 370 359 Per
387 332 436 359 hos
455 331 547 365 itaque
569 329 615 363 qui
634 335 709 355 mnas
728 332 908 362 acceperunt,
921 328 1066 364 discipulos

280 385 346 406 suos
363 375 513 407 denotavit,
531 374 629 409 quibus
641 373 762 408 singulas
782 380 859 400 mnas
876 374 986 401 tradens
998 394 1005 406 ,
1019 381 1067 409 pa-

281 431 392 459 rentque
419 427 446 450 et
458 421 574 450 similem
598 419 861 447 administrationem
884 421 1066 454 committens,

280 468 412 504 negotiari
432 465 581 500 eusjussit,
594 465 679 504 donec
695 465 752 500 ipse
773 465 807 493 de
825 465 969 502 longinqua
986 473 1066 501 pere-

281 515 433 551 grinatione
458 512 567 540 rediret.
581 510 733 546 Negotiatio
743 515 833 539 autem
849 511 918 538 nulla
933 511 986 539 alia
996 517 1064 545 erat,

281 562 332 589 nisi
349 560 424 596 regni
440 559 500 594 ejus
511 557 668 592 praedicatio
688 557 721 584 ad
735 564 830 585 omnes
846 556 969 585 homines
991 565 1005 584 a
1025 558 1066 585 di-

278 606 389 642 scipulis
401 605 457 632 suis
470 603 632 638 peragenda.
647 602 733 630 Porro
746 610 827 629 unum
843 602 907 637 quid
923 603 974 630 ltoc
994 608 1064 635 erat.

279 652 341 686 quia
357 658 438 678 unum
455 650 576 677 omnium
590 649 775 686 magisterium
786 669 793 681 ,
810 656 863 675 una
885 649 951 677 ﬁdes
963 670 970 681 ,
984 658 1065 677 unum

277 683 409 734 baptisma
422 717 429 728 ,
446 704 499 723 una
515 695 637 723 doctrina
659 695 692 722 δ’.
717 683 861 729 Propterea
880 703 931 722 una
956 696 1064 731 quidem

277 752 352 777 mna,
363 737 440 770 varia
455 747 545 769 tamen
570 749 652 776 opera
673 741 781 774 evasit,
805 742 952 776 negotiatio
973 742 1064 777 splen-

275 792 349 822 dida,
369 796 397 818 et
413 789 472 824 ejus
490 789 527 816 rei
547 788 651 816 fructus
664 788 752 815 dives.
765 788 853 822 Atque
867 789 965 815 borum
981 796 1064 816 causa

277 837 452 871 longinquam
469 834 714 870 peregrinationem
737 833 835 860 nobilis
855 833 899 861 ille
915 834 956 860 vir
975 841 1065 861 susce-

276 885 325 919 pit.
352 883 428 910 Unde
454 882 555 909 dictum
575 887 616 908 est
637 880 663 908 ei
677 887 692 907 a
717 879 798 908 Patre
815 889 820 906 :
845 879 911 908 Sede
932 889 948 907 α
964 880 1064 907 deItrt's

619 186 753 214 EESEBII
773 184 1010 214 CAESARIENSIS
1029 186 1104 214 OPP.
1124 183 1216 214 PARS
1234 187 1278 215 Ill.
1294 203 1327 208 —-
1346 182 1553 216 EXEGETICA.

1084 249 1108 278 Δ
1121 249 1259 280 Καλέσας
1273 247 1306 274 δὲ
1318 247 1390 274 δέκα
1406 247 1535 279 δούλους
1550 247 1668 279 ἑαυτοῦ,
1681 247 1792 274 ἔδωκεν
1803 247 1905 281 αὐτοῖς

1851 190 1905 218 59%

1425 283 1497 309 δέκα
1518 282 1607 317 μνᾶς.

1161 329 1307 364 Ἐσήμαινε
1323 329 1411 356 τοίνυν
1423 328 1467 355 διὰ
1481 329 1535 355 τῶν
1554 328 1690 355 λαϐόντων
1702 328 1751 360 τὰς
1766 329 1833 364 μνᾶς
1842 329 1905 361 τοὺς

1120 372 1217 402 ἑαυτοῦ
1237 375 1368 412 μαθητὰς.
1382 374 1422 407 οἷς
1436 375 1486 402 ἀνὰ
1509 375 1572 411 μίαν
1589 376 1656 410 μνᾶν
1679 375 1826 411 παραδοὺς.
1843 375 1905 410 ἴσην

1119 431 1148 448 τε
1160 422 1306 457 καὶόμοίαν
1320 423 1401 449 πᾶσιν
1415 422 1568 458 ὲγλειρίσας
1583 422 1632 458 τὴν
1645 420 1815 457 οἰκονομίαν,
1833 430 1903 457 πρα-

1119 469 1323 504 γματεύσασθαι
1332 467 1558 505 παρεκελεύσατο,
1577 468 1628 500 ἓως
1651 467 1706 503 (70)
1722 467 1754 494 ἂν
1772 467 1904 502 ἐπανέλθῃ

1119 515 1169 551 τῆς
1184 515 1291 551 μακρᾶς
1304 515 1466 550 ἀποδημίας.
1487 515 1518 541 Ἡ
1536 515 1563 541 δὲ
1576 514 1750 550 πραγματεία
1769 514 1818 540 οὐκ
1836 513 1903 549 ἄλλη

1119 571 1160 594 τις
1170 560 1203 598 ἦν
1215 561 1281 589 ἀλλά
1292 563 1322 589 τὸ
1339 563 1468 598 κήρυγμα
1479 561 1509 588 τὸ
1522 562 1585 596 περὶ
1598 561 1648 597 τῆς
1664 560 1746 587 αὑτοῦ
1769 560 1903 595 βασιλείας

1119 609 1160 640 είς
1173 609 1276 640 πάντας
1293 608 1453 644 ἀνθρώπους
1469 608 1520 635 ant
1542 608 1596 634 τῶν
1613 607 1702 634 αὐτῶν
1717 606 1799 633 αὑτοῦ
1816 607 1905 643 μαθη-

1119 655 1173 681 τῶν
1186 655 1414 691 κατηγγελμένων.
1434 655 1502 682 Ἀλλ’
1516 654 1545 681 ἓν
1558 654 1605 690 μὲν
1621 652 1654 690 ἦν
1671 652 1760 687 τοῦτο,
1778 654 1837 680 ἐπεὶ
1857 655 1904 681 καὶ

1120 702 1169 737 μία
1181 701 1233 729 τῶν
1250 702 1357 729 πάντων
1369 701 1536 733 διδασκαλία,
1553 701 1599 727 καὶ
1619 700 1666 736 μία
1692 700 1792 732 πίστις,
1813 700 1859 726 καὶ
1874 700 1903 727 ἓν

1120 748 1259 784 βάπτισμα
1275 749 1321 775 καὶ
1331 750 1344 775 ὁ
1357 749 1436 781 αὐτὸς
1452 749 1529 783 λόγος
1541 748 1612 783 (71)·
1630 747 1670 773 διὸ
1684 747 1730 774 καὶ
1743 747 1791 782 μία
1807 748 1823 782 ἡ
1838 747 1902 782 μνᾶ,

1117 795 1245 830 διάφορος
1258 795 1286 821 δὲ
1299 795 1390 826 αὐτοῖς
1399 796 1416 830 ἡ
1426 795 1542 831 ἐργασία
1555 794 1674 829 ἐγένετο,
1683 794 1729 820 καὶ
1743 795 1760 829 ἡ
1776 802 1904 830 πραγμα-

1117 841 1176 867 τεία
1187 841 1309 876 λαμπρὰ,
1330 841 1344 867 ὃ
1363 841 1386 866 τ’
1401 841 1447 867 ἐπὶ
1470 841 1557 878 ταύτῃ
1579 841 1662 876 πόρος
1684 839 1819 872 πλούσιος.
1847 840 1903 867 Καὶ

1117 885 1204 912 ταῦτα
1215 886 1264 921 μὲν
1279 883 1313 921 ἦν
1330 882 1366 912 ὧν
1385 886 1466 912 ἓνεκα
1478 885 1526 921 τὴν
1538 885 1644 921 μικρὰν
1666 885 1775 920 πορείαν
1793 885 1807 910 ὁ
1823 885 1901 918 εὖγε-

276 931 351 959 meis.
370 929 450 955 donec
471 935 566 960 ponam
582 927 700 953 inimicos
727 930 786 952 tuo:
804 925 946 953 scabellum
967 926 1058 960 pedum

1111 932 1161 968 νὴς
1177 933 1316 960 ἐστέλλετο
1337 933 1490 968 ἄνθρωπος.
1513 932 1593 958 Ὅθεν
1618 931 1726 966 ἐλέγετο
1750 931 1824 966 αὑτῷ
1850 931 1903 958 ὑπὸ

274 982 380 1004 tuorum
388 975 420 1002 ⁸⁸.
435 974 549 1007 Quinam
562 980 626 999 vero
642 973 697 1000 sint
708 972 734 1000 hi
750 972 862 1005 inimici,
878 973 900 1000 si
917 973 978 1007 quis
990 973 1062 1000 scire

274 1024 347 1051 avet.
365 1017 501 1054 parabolae
514 1022 659 1045 contextus
682 1017 805 1049 docebit,
822 1018 865 1044 ubi
888 1018 962 1045 cives
983 1018 1061 1045 indu-

273 1071 372 1094 cuntur
388 1064 460 1100 regis
471 1071 581 1096 osores,
600 1064 711 1098 ejusque
735 1063 878 1098 imperium
903 1063 1059 1092 detrectan-

272 1119 326 1144 tes,
342 1111 489 1140 etcﬂronti
515 1110 629 1138 audacia
653 1109 804 1145 ellrenique
832 1118 881 1138 ore
912 1111 1058 1139 dicentes:

270 1159 403 1187 Nolumus
424 1157 496 1186 hunc
511 1163 624 1191 regnare
640 1163 721 1190 super
747 1163 806 1183 nos.
837 1155 889 1184 Sed
905 1157 930 1184 hi
943 1178 951 1189 ,
976 1163 1062 1192 quan-

271 1214 351 1241 quam
368 1206 453 1237 cives,
475 1211 565 1239 regem
592 1203 730 1235 abnuunt;
750 1203 808 1237 ipse
833 1209 924 1231 autem
947 1212 962 1231 a
979 1204 1061 1232 Patre

270 1252 348 1280 audit
366 1263 372 1280 :
387 1251 458 1278 Sede
483 1257 498 1276 a
515 1249 618 1276 dextris
626 1249 704 1279 meis,
725 1249 811 1277 donec
837 1249 883 1276 tibi
905 1250 997 1277 hostes
1016 1257 1061 1284 pe.

270 1297 350 1326 dibus
369 1300 574 1331 supponantur;
591 1296 710 1330 itemque
728 1303 736 1322 :
759 1295 900 1323 Domitian
921 1297 949 1323 in
972 1297 1058 1323 medio

270 1335 438 1370 ίιῐῗηιὶεονιιηι
456 1346 562 1369 tuorum
574 1342 608 1368 ‘7.

1114 977 1161 1003 τοῦ
1186 977 1290 1013 Πατρός
1308 986 1314 992 '
1330 977 1427 1004 Κάθου
1452 978 1485 1004 ἐκ
1509 976 1614 1009 δεξιῶν
1632 985 1702 1011 μου,
1726 976 1782 1008 ἕως
1807 975 1845 1002 ἂν
1862 975 1903 1002 θῶ

1113 1024 1185 1056 τοὺς
1208 1024 1333 1058 ἐχθρούς
1355 1032 1413 1050 σου
1435 1023 1601 1050 ὑποπόδιον
1623 1023 1683 1050 τῶν
1704 1022 1804 1049 ποδῶν
1831 1028 1900 1048 σου.

1113 1071 1208 1103 Ποίους
1219 1072 1258 1103 δὲ,
1271 1072 1297 1098 εἶ’
1312 1081 1353 1104 τις
1372 1072 1482 1098 πύθοιτο
1501 1071 1596 1106 μαθεῖν
1618 1071 1727 1104 ἐθέλων,
1745 1069 1870 1106 ἐχθροὺς,
1886 1069 1902 1095 ὸ

1113 1116 1157 1144 διὰ
1174 1117 1223 1153 τῆς
1250 1118 1407 1153 παραϐολῆς
1427 1117 1525 1150 διδάξει
1542 1117 1636 1151 λόγος,
1661 1115 1828 1151 συμπολίτας
1846 1116 1902 1142 εισ-

1114 1163 1189 1197 άγων
1201 1164 1247 1190 τοῦ
1266 1163 1396 1198 βασιλέως
1413 1163 1555 1199 μισοῦντας
1564 1163 1644 1190 αὑτὸν
1658 1163 1703 1189 καὶ
1718 1160 1903 1198 παραιτουμέ-

1113 1216 1175 1241 νους
1191 1209 1272 1236 αὐτοῦ
1289 1210 1337 1245 τὴν
1356 1210 1452 1245 ἀρχὴν,
1465 1210 1554 1244 γυμνῇ
1566 1218 1595 1236 τε
1610 1209 1642 1244 τῇ
1660 1207 1763 1243 κεφαλῇ
1774 1207 1902 1242 λέγοντας

1112 1256 1159 1282 καὶ
1169 1256 1289 1292 ἀχαλίνῳ
1301 1257 1415 1292 στόματι
1425 1265 1431 1271 ·
1445 1256 1481 1282 Οὐ
1500 1255 1612 1291 θέλομεν
1634 1246 1728 1282 τοῦτον
1749 1253 1901 1290 βασιλεύειν

1111 1301 1155 1336 ἐφ’
1174 1303 1257 1337 ἡμᾶς.
1288 1303 1357 1329 Ἀλλ’
1372 1303 1396 1329 οἱ
1417 1302 1476 1338 μὲν,
1500 1301 1600 1336 καίπερ
1619 1300 1695 1332 ὄντες
1717 1299 1834 1332 πολῖται,
1855 1299 1901 1325 τὸν

1111 1344 1223 1379 βασιλέα
1239 1346 1377 1381 ἠρνοῦντο,
1394 1346 1408 1372 ὁ
1424 1346 1452 1372 δὲ
1469 1345 1520 1372 ὑπὸ
1535 1345 1582 1372 τοῦ
1600 1345 1705 1380 Πατρὸς
1726 1344 1829 1371 ἀκούειο
1843 1344 1901 1371 Κά-

271 1388 318 1415 θου
335 1389 368 1415 ὲκ
386 1386 481 1419 δεξιῶν
503 1395 564 1421 μου,
582 1386 634 1418 ἕως
658 1387 690 1413 ἂν
712 1387 764 1413 ὑπὸ
789 1387 871 1419 πόδας
899 1388 1013 1415 τεθῶσιν
1036 1388 1061 1415 οἱ
1079 1389 1172 1425 ἐχθροί
1199 1399 1255 1418 σου·
1274 1393 1331 1418 καί·
1346 1391 1546 1426 Κατακυρίευε
1564 1391 1599 1418 ὲν
1613 1391 1697 1426 μέσῳ
1715 1389 1774 1417 τῶν
1785 1388 1901 1424 ἐχθρῶν

269 1444 339 1464 σου.

305 1484 366 1512 Jam
382 1484 446 1519 quia
463 1490 575 1519 regnum
593 1482 651 1518 ejus
670 1484 825 1511 abnuerunt
848 1484 950 1512 inimici
971 1485 1056 1520 ipsius

270 1531 355 1563 cives,
372 1530 470 1557 merito
486 1530 528 1557 eis
540 1529 650 1556 aiebat:
668 1530 813 1563 Auferetur
826 1539 842 1557 a
858 1531 928 1558 vobis
950 1539 1057 1566 regnum

270 1578 330 1608 Dei,
347 1582 372 1604 et
386 1578 493 1604 dabitur
510 1577 579 1612 genti
601 1577 710 1612 facienti
736 1578 836 1606 fructus
855 1579 913 1613 ejus
923 1579 955 1607 ⁸⁸,
977 1580 1057 1613 Quaa-
1071 1595 1092 1624 ο

269 1631 332 1651 nam
348 1630 413 1651 vero
424 1628 497 1651 esset
517 1631 582 1659 gens
597 1631 680 1659 regno
703 1625 782 1659 digna
795 1644 803 1658 ,
826 1625 988 1659 signiﬁcavit
1012 1627 1057 1660 qui

270 1669 341 1698 dixit
361 1677 368 1696 :
388 1669 498 1697 Postulo
517 1678 533 1697 a
545 1679 585 1697 me
596 1691 603 1702 ,
623 1676 646 1697 et
663 1670 730 1697 dubo
745 1671 792 1697 tibi
808 1675 895 1706 gentes
915 1672 1058 1700 Itazredita-

268 1721 320 1742 tem
331 1720 414 1743 tuam.
432 1716 639 1744 Demonstrabat
652 1721 753 1748 autem,
764 1718 838 1744 cives
851 1717 976 1746 inimicos
987 1718 1057 1752 ejus,

268 1763 341 1789 haud
355 1761 423 1790 alios
433 1769 493 1790 esse
514 1769 596 1797 quam
613 1763 767 1791 Iudaeorum
785 1768 905 1798 gentem,
917 1764 961 1798 qui
976 1764 1058 1798 primi

268 1814 284 1833 ο
301 1807 453 1835 Servatoris
464 1809 550 1843 gratia
572 1809 702 1843 praeventi
721 1809 860 1836 contraria
881 1809 904 1836 ei
925 1809 1057 1837 retribue-

268 1857 344 1880 runt.
364 1853 426 1881 Ideo
444 1854 477 1881 de
491 1854 558 1889 ipsis
579 1854 738 1889 prophetice
767 1854 881 1881 aiebat:
902 1853 968 1881 Mala
990 1854 1056 1881 mibi

267 1899 456 1928 retribuerunt
472 1907 479 1926 :
497 1908 547 1936 pro
563 1908 596 1928 eo
610 1905 638 1927 ut
653 1907 695 1928 me
707 1900 863 1936 diligerent,
879 1900 1058 1928 detrahebant

269 1946 352 1978 mihi,
371 1950 399 1973 et
426 1948 511 1982 gratis
537 1951 770 1982 oppugnaverunt,
795 1946 941 1981 dolosaque
966 1945 1056 1981 lingua

267 1996 363 2019 contra
377 2000 420 2019 me
433 1997 495 2019 sunt
508 1992 587 2020 locuti
600 2013 607 2024 ,
621 1998 649 2020 et
664 1992 836 2020 sermonibus
859 1992 914 2019 odii
937 1992 1056 2020 circum‘

268 2038 399 2065 dederunt
413 2046 455 2065 me
466 2038 507 2071 ";
537 2046 634 2073 nempe
657 2038 821 2073 blasphemis
847 2045 917 2073 quos
943 2038 970 2065 in
993 2045 1055 2066 eum

265 2083 379 2118 iaculari
401 2083 489 2111 solent
502 2085 682 2117 sermonibus,
698 2085 878 2119 itnprecantes
892 2084 928 2116 ei,
944 2084 1056 2119 ipsoque

267 2136 350 2164 opere
360 2130 554 2164 propemodum
566 2129 686 2157 dicentes
700 2138 708 2156 :
723 2130 852 2157 Nolumus
862 2131 933 2158 hunc
943 2137 1056 2165 regnare

268 2182 424 2210 supernos.
440 2174 585 2209 Propterea
600 2183 652 2203 non
668 2183 751 2210 regno
775 2180 879 2203 tantum
901 2175 1056 2211 spoliabun-

267 2227 330 2255 tur,
348 2229 441 2249 verum
457 2222 540 2249 etiam
562 2222 680 2249 debitam
708 2222 840 2257 impietati
866 2229 922 2249 sua
946 2229 1056 2256 poenam

1152 1486 1229 1513 Ἐπεὶ
1241 1486 1268 1513 δὲ
1287 1486 1393 1522 ἔξαρνοι
1412 1486 1463 1522 τῆς
1478 1486 1615 1522 βασιλείας
1633 1485 1715 1512 αὐτοῦ
1735 1485 1857 1519 ἐγένοντο
1873 1485 1898 1510 οἱ

1110 1532 1203 1569 ἐχθροὶ
1219 1533 1301 1560 αὐτοῦ
1319 1533 1436 1564 πολῖται,
1454 1533 1565 1564 είκότως
1579 1532 1646 1568 πρὸς
1658 1532 1755 1563 αὐτοὺς
1768 1531 1896 1565 ἔφασκεν·

1117 1579 1284 1614 Ἇρθήσεται
1304 1579 1354 1614 ἀφ’
1369 1579 1454 1614 ὑμῶν
1474 1578 1493 1613 ὴ
1513 1579 1658 1611 ,βασιλεία
1673 1578 1725 1605 τοῦ
1744 1577 1829 1609 Θεοῦ,
1847 1576 1898 1604 καὶ

1109 1625 1269 1659 δοθήσεται
1291 1626 1370 1654 ἔθνει
1392 1626 1528 1653 ποιοῦντι
1550 1625 1620 1658 τοὺς
1642 1625 1775 1660 καρποὺς
1791 1624 1897 1659 αὐτῆς.

1108 1673 1188 1699 Ποῖον
1199 1672 1228 1698 δὲ
1242 1670 1276 1708 ἦν
1292 1672 1321 1699 τὸ
1337 1672 1412 1704 ἔθνος
1427 1672 1457 1698 τὸ
1473 1672 1524 1707 τῆς
1547 1671 1684 1708 βασιλείας
1702 1671 1786 1705 ἀξιον,
1804 1671 1898 1708 ἐδήλου

1107 1719 1122 1746 ὁ
1136 1719 1235 1747 εἰπών·
1253 1719 1381 1754 Αἴτησαι
1397 1719 1465 1753 παρ’
1481 1719 1567 1753 ἐμοῦ,-
1585 1719 1634 1746 καὶ
1654 1718 1741 1745 δώσω
1754 1726 1805 1745 σοι
1822 1718 1897 1752 ἔθνη

1107 1763 1165 1799 τὴν
1179 1765 1380 1799 κληρονομίαν
1391 1770 1460 1791 σου.
1486 1764 1594 1800 Ἐδήλου
1609 1765 1637 1792 δὲ
1655 1764 1766 1794 πολίτας
1784 1762 1897 1798 ἐχθροὺς

1108 1809 1189 1836 αὺτοῦ
1200 1809 1249 1844 οὐχ
1259 1809 1368 1845 ἑτέρους
1379 1809 1426 1836 τοῦ
1446 1809 1577 1836 Ἰουδαίων
1597 1809 1698 1840 ἔθνους,
1716 1809 1740 1835 οἳ
1757 1807 1797 1844 δὴ,
1816 1806 1895 1843 πρῶ-

1106 1863 1147 1881 τοι
1164 1855 1213 1889 τῆς
1227 1854 1275 1881 τοῦ
1294 1855 1418 1890 Σωτῆρος
1438 1855 1548 1891 χάριτος
1563 1854 1718 1890 ἠξιωμένοι,
1739 1855 1795 1885 τοῖς
1818 1855 1895 1880 ὲνανο

1107 1898 1173 1932 ciet;
1189 1900 1270 1928 αὑτὸν
1292 1900 1438 1936 ἠμύναντο.
1462 1900 1508 1927 Διὸ
1527 1901 1590 1937 περὶ¹
1612 1900 1701 1927 αὐτῶν
1722 1899 1898 1935 προφητικῶς

1107 1947 1212 1981 ἔλεγεν·
1235 1945 1483 1974 Ἄνταπεδίὸοσάν
1491 1956 1542 1982 μοι
1556 1946 1681 1981 πονηρά·
1694 1946 1761 1973 ἀντὶ
1776 1945 1897 1980 ἀγαπᾷν

1103 2003 1153 2029 με,
1170 1993 1365 2021 ἐνδιέὅαλλόν
1376 2002 1424 2028 με,
1440 1993 1489 2021 καὶ
1502 1992 1697 2028 ἐπολέμησαν
1708 1992 1829 2026 δωρεὰν,
1843 1991 1894 2018 καὶ

1105 2040 1263 2074 ἐλάλησαν
1282 2040 1346 2066 κατ’
1371 2039 1444 2075 ἐμοῦ
1469 2039 1592 2074 γλώσσῃ
1613 2038 1710 2072 δολίῃ,
1732 2038 1894 2072 καὶλότοις

1103 2087 1216 2121 μίσους
1239 2086 1427 2113 ἐκύκλωσαν·
1453 2085 1485 2112 δι’
1505 2081 1542 2112 ὧν
1565 2084 1763 2121 προὸάλλεσθαι
1781 2083 1893 2110 εἰώθασι

1107 2131 1167 2157 κατ’
1182 2130 1265 2158 αὐτοῦ
1287 2131 1454 2167 βλασφήμων
1468 2130 1566 2165 λόγων,
1585 2128 1776 2165 κατευχόμενοί
1792 2137 1821 2155 τε
1842 2128 1892 2155 αὑ-

1106 2175 1164 2208 τοῦ,
1179 2176 1227 2202 καὶ
1244 2175 1322 2211 μόνον
1338 2176 1388 2202 οὐκ
1403 2176 1494 2207 αὐτοῖς
1512 2175 1637 2209 λέγοντες
1660 2176 1715 2206 τοῖς
1732 2173 1821 2208 ἔργοις
1831 2181 1839 2188 '
1854 2172 1893 2200 Οὐ

1107 2221 1220 2258 θέλομεν
1232 2221 1326 2249 τοῦτον
1341 2220 1498 2257 βασιλεῦσαι
1511 2221 1552 2256 ἐφ’
1563 2221 1646 2256 ἡμᾶς.
1661 2220 1706 2246 Διὸ
1716 2219 1748 2255 δὴ
1764 2219 1793 2246 οὐ
1811 2219 1894 2254 μόνον

267 2268 397 2296 referent.
423 2267 504 2296 Cives
533 2275 598 2295 vero
623 2267 682 2294 illos
710 2267 737 2294 in
771 2266 898 2302 parabola
925 2267 1053 2302 appellat,

1109 2267 1156 2303 τῆς
1167 2268 1304 2303 βασιλείας
1317 2267 1537 2304 στερηθήσονται,
1552 2267 1619 2294 ἀλλά
1640 2264 1686 2294 καὶ
1704 2266 1840 2293 πείσονται
1858 2265 1893 2293 τὰ

267 2315 366 2350 quippe
380 2322 413 2343 ex
425 2314 520 2342 eadem
535 2313 699 2349 cognatione
717 2313 848 2341 oriundus
860 2332 868 2345 ,
881 2313 1008 2348 quoniam
1027 2318 1055 2340 et

266 2362 325 2397 ipse
337 2369 370 2389 ex
384 2361 479 2389 iisdem
498 2360 718 2396 progenitoribus
730 2367 815 2395 genus
826 2359 942 2387 ducebat
959 2367 1054 2387 secun-

265 2409 329 2437 dum
343 2409 434 2436 carnis
447 2408 629 2440 nativitatem,
641 2413 669 2436 et
678 2408 740 2443 quia
753 2415 829 2442 teque
841 2406 891 2434 sub
903 2406 960 2442 lege
971 2406 1052 2434 vitam

265 2455 392 2491 degebat.
414 2455 502 2489 Atque
526 2455 582 2481 haec
603 2454 682 2489 primi
706 2453 764 2488 ejus
786 2454 917 2481 adventus
946 2453 1052 2488 propria

265 2503 349 2529 suntJ
369 2499 434 2534 Qua:
454 2508 515 2528 cum
535 2500 664 2528 ServatOr
689 2500 725 2527 ita
754 2499 911 2532 docuisset,
928 2499 1052 2534 deinceps

263 2547 382 2575 reditum
406 2554 484 2574 suum
504 2547 651 2582 gloriosum
673 2551 754 2581 atqtte
770 2545 885 2581 regalem
910 2545 990 2577 sistit,
1013 2549 1053 2572 te-

264 2599 341 2621 stans
365 2592 423 2620 lore
449 2597 479 2620 ut
502 2593 535 2620 de
560 2592 686 2620 omnibus
711 2597 775 2619 tunc
794 2591 896 2625 justum
921 2591 1051 2626 judicium

264 2643 401 2667 exerceat.
418 2639 485 2666 Nam
503 2639 536 2667 iis
548 2639 593 2674 qui
610 2639 679 2666 bene
690 2645 721 2665 ac
734 2638 849 2666 tideliter
868 2645 958 2664 mnam
982 2637 1050 2664 mut-

265 2685 464 2720 tiplicaverint,
484 2693 634 2721 congruum
658 2685 796 2721 prmmium
823 2684 981 2715 conferens.
999 2684 1048 2711 do-

264 2732 363 2759 minari
378 2739 470 2759 secum
484 2736 511 2761 ct
524 2739 692 2767 conregnare
704 2731 834 2759 concedet
855 2740 862 2758 :
886 2731 910 2758 ei
927 2737 990 2758 vero
1002 2729 1047 2764 qui

262 2784 313 2812 per
326 2778 478 2806 socordiam
498 2783 580 2813 atque
599 2777 735 2812 ignaviam
753 2776 916 2804 dominicum
938 2775 1047 2802 manda-

296 2858 322 2874 “
335 2857 401 2886 Luc.
416 2865 472 2890 xIx,
486 2858 529 2885 l5.
567 2859 590 2875 ⁵⁸
603 2859 700 2894 Epiros.
715 2866 752 2892 Iv,
764 2859 790 2886 5.

298 2919 354 2955 (70)
366 2919 432 2948 Cod.
452 2919 517 2947 ἐστ’.

1103 2315 1230 2352 ἐπίχειρα
1245 2315 1295 2350 τῆς
1308 2314 1398 2341 αὐτῶν
1415 2313 1582 2345 δυσσεϐείας.
1606 2313 1722 2345 Πολίτας
1741 2312 1770 2339 δὲ
1794 2312 1892 2344 αὐτοὺς

1102 2360 1146 2387 διὰ
1162 2361 1212 2396 τῆς
1230 2359 1388 2397 παραδολῆς
1407 2359 1559 2395 ὠνόμαζεν,
1577 2359 1623 2385 ἆτε
1640 2359 1671 2394 δὴ
1691 2359 1723 2385 ἐκ
1738 2358 1789 2394 τῆς
1806 2357 1892 2393 αὐτῆς

1102 2405 1279 2442 ὁρμωμένους
1290 2405 1364 2441 αὑτῷ
1379 2404 1548 2439 συγγενείας·
1563 2405 1624 2430 ἐπεὶ
1639 2404 1685 2430 καὶ
1699 2403 1779 2435 αὐτὸς
1793 2404 1825 2430 ἐκ
1837 2403 1892 2430 τῶν

1102 2452 1191 2479 αὐτῶν
1203 2451 1315 2488 ὡρμᾶτο
1329 2451 1508 2487 προπατόρων
1523 2451 1593 2478 κατά
1602 2451 1651 2486 τὴν
1664 2450 1794 2486 ἐνσαρκον
1807 2449 1890 2476 αὑτοῦ

1101 2498 1218 2532 γένεσιν,
1234 2498 1279 2524 καὶ
1294 2497 1407 2532 ἐπείπερ
1423 2497 1472 2532 τῆς
1486 2497 1601 2532 νομίμου
1616 2496 1714 2532 ὁμοίως
1726 2497 1816 2528 αὑτοτς
1827 2504 1891 2531 μετ-

1100 2544 1143 2580 ῄει
1162 2544 1306 2575 πολιτείας.
1331 2543 1422 2570 Ταῦτα
1446 2543 1494 2578 μὲν
1515 2541 1560 2570 οὖν
1583 2542 1774 2578 παραστατικὰ
1796 2542 1829 2569 ἂν
1846 2542 1889 2578 εῖη

1100 2591 1150 2625 τῆς
1167 2589 1277 2624 πρώτης
1291 2588 1373 2616 αὑτοῦ
1386 2588 1513 2623 ἀφίξεως.
1534 2589 1609 2615 Ἐπεὶ
1622 2588 1650 2614 δὲ
1663 2587 1749 2614 ταῦτα
1764 2588 1779 2613 ὁ
1791 2587 1888 2623 Σωτὴρ

1103 2635 1196 2662 τοῦτον
1213 2635 1314 2668 ἐδίδαξε
1330 2634 1375 2661 τὸν
1387 2634 1496 2670 τρόπον,
1517 2633 1670 2665 ἀκολούθως
1692 2632 1741 2668 τὴν
1759 2632 1889 2659 ἐπάνοδον

1104 2681 1186 2709 αὐτοῦ
1195 2682 1245 2718 τὴν
1258 2681 1362 2714 ἔνδοξον
1377 2681 1424 2708 καὶ
1439 2681 1580 2717 βασιλικὴν
1603 2680 1731 2716 παρίστη,
1750 2679 1888 2715 μαρτυρό-

1104 2738 1182 2765 μενος
1201 2729 1296 2755 ὁποίαν
1319 2728 1378 2755 τότε
1399 2728 1538 2762 ποιήσεται
1559 2727 1608 2763 τὴν
1630 2727 1700 2754 κατὰ
1720 2725 1829 2753 πάντων
1848 2726 1888 2752 δι-

1101 2774 1288 2810 καιοκρισίαν·
1305 2775 1360 2805 τοῖς
1378 2774 1426 2809 μὲν
1443 2773 1496 2809 γὰρ
1512 2772 1541 2800 εὖ
1563 2774 1610 2800 καὶ
1631 2772 1732 2805 πιστῶς
1751 2773 1800 2809 τὴν
1819 2772 1890 2808 μνᾶν
1926 2773 1928 2775 ’

829 2858 851 2874 ⁸⁸
863 2857 934 2886 Psal.
946 2866 1000 2890 cut,
1016 2859 1038 2885 I.

1116 2859 1180 2889 ibid.
1193 2858 1221 2886 Ξ.
1260 2859 1282 2875 ⁸⁸
1296 2858 1388 2888 Matth.
1400 2867 1456 2893 ut,
1469 2859 1515 2886 45.
1552 2859 1573 2875 ⁸³
1585 2858 1655 2886 Psal.
1665 2864 1743 2891 cvm,
1753 2856 1781 2884 3.

1139 2918 1193 2954 (7|)
1205 2917 1243 2946 ita
1257 2918 1317 2946 cod.
