2061 3215
155 206 208 236 593

740 209 988 238 COMMENTARIA
1008 211 1042 238 IN
1061 201 1192 240 LUCAMJ

1721 215 1775 244 591

153 267 385 296 πολυπλασιάσασι
401 268 449 303 τὴν
473 268 629 304 πρέπουσαν
651 268 792 300 ἀποδιδοὺς
812 268 936 304 ἀμοιϐὴν,

993 273 1047 296 ttnn
1063 269 1222 305 neglexerit,
1244 275 1272 297 et
1287 270 1366 298 otiari
1389 270 1535 305 l'eriarique
1551 271 1712 306 praetulerit,
1725 280 1774 299 ne-

153 314 294 349 συνάρχειν
317 313 455 349 αὐτῷκαὶ
480 314 687 349 συμϐασιλεύειν
713 315 870 351 ἐπιτρέψεν
897 314 937 349 τῷ

150 361 179 388 δὲ
192 361 251 388 κατ’
265 361 341 387 ὄκνον
356 361 402 387 καὶ
418 360 551 396 ρᾳθυμίαν
563 360 710 395 ὴμεληκότι
723 361 773 396 τῆς
784 361 828 387 τοῦ
839 361 938 388 Δεσπό-

990 323 1043 349 que
1061 316 1216 351 negotiandi
1233 316 1352 344 laborem
1375 316 1495 351 perferre
1507 317 1632 349 voluerit,
1645 319 1773 346 acerbam

992 367 1100 395 pcenam
1113 362 1240 395 imponet.
1507 360 1509 362 ’

151 414 198 433 του
219 405 456 442 παρακελεύσεως,
477 405 575 441 ἀργίαν
613 415 642 432 τε
680 407 726 432 καὶ
767 406 863 442 σχολὴν
895 407 1063 442 ἠγαπηκότι,
1091 408 1158 444 μηδὲ
1184 409 1338 445 βουληθέντι
1366 409 1411 436 τὸν
1439 410 1518 436 πόνον
1545 411 1690 445 ὑπομεῖναι
1722 407 1774 445 τῆς

152 453 352 489 πραγματείας,
368 453 468 488 πικρὰν
481 454 629 488 ἐπαρτήσει
643 454 729 489 δίκην.
783 489 788 492 _

204 500 278 526 Ἷσθι
291 498 435 531 ἐξουσίαν
453 499 532 534 ἔχων
545 499 644 526 ἐπάνω
662 499 735 526 δέκα
752 501 878 528 πόλεων.

186 545 323 572 Βασιλεῖαι
334 544 388 581 γὰρ
401 541 492 577 αὗται,
502 546 652 581 πρέπουσαι
668 546 838 582 προαγωγαὶ,
854 546 940 582 ἀρχὰς

150 591 301 627 ἀνθρώπων
314 591 361 617 καὶ
374 591 522 627 ἡγεμονίας
543 591 598 618 τῶν
626 591 806 627 ἀτελεστέρων
823 591 864 618 ἐτι
887 591 938 625 ψυ-

151 638 204 673 χῶν
218 638 274 669 τοῖς
296 638 324 663 ἐν
338 637 421 672 ὀλίγῳ
438 637 486 673 τὴν
503 638 616 674 δοκιμὴν
636 638 864 673 παρεσχημένοις,
889 639 938 664 ὲπ-

151 683 232 717 αξίως
255 679 291 710 ὧν
314 683 575 719 ἐπραγματεύσαντο
588 683 656 710 κατά
674 684 720 710 τὸν
743 683 849 719 πρῶτον
867 683 935 718 βίον,

150 729 335 765 χαριζόμεναι.
347 729 450 761 Μάθοις
466 729 488 755 δ’
506 729 539 756 ἂν
552 729 605 756 τῶν
621 729 773 765 εἰρημένων
791 729 891 756 δούλων
906 729 937 759 τὸ

149 776 269 811 γνήσιον,
286 776 333 803 καὶ
344 776 375 802 τὸ
391 776 486 802 πιστὸν
504 776 552 811 τῆς
567 775 757 811 πραγματείας
779 775 868 811 ἔργοις
885 775 936 801 aia-

150 823 205 853 τοῖς
219 821 399 857 παραλαϐών·
425 821 462 853 ὡς
481 823 523 854 εἰς
540 821 643 849 πᾶσαν
660 821 717 856 τὴν
731 821 788 856 γῆν
806 821 936 855 ἐξῆλθεν

150 870 166 895 ὀ
179 868 309 903 φθόγγος
320 867 428 900 αὐτῶν,
447 867 495 895 καὶ
509 869 553 900 εις
573 867 609 895 τὰ
631 868 743 901 πέρατα
762 867 817 902 τῆς
836 868 934 894 alueo:-

1009 500 1030 516 '°
1051 499 1114 526 Esto
1136 504 1286 534 potestatem
1306 500 1403 527 habens
1421 508 1500 535 super
1519 501 1605 527 decem
1625 501 1751 528 civitates.

1025 547 1115 582 Regna
1134 546 1258 574 videlicet
1278 547 1335 574 haec
1349 552 1423 578 sunt.
1439 547 1601 581 decortuque
1620 549 1772 582 provectio-

987 601 1046 626 nes,
1064 601 1125 628 qua:
1147 593 1287 627 imperium
1310 593 1335 620 in
1358 593 1491 625 homines,
1505 598 1532 620 et
1549 594 1770 627 iinperl'ectarnm

987 640 1073 666 adhuc
1090 639 1238 667 animarum
1252 639 1397 671 ducatum,
1414 639 1448 666 iis
1463 640 1508 673 qui
1525 639 1552 666 in
1571 647 1600 666 re
1622 639 1673 666 levi
1689 646 1770 674 expc-

987 685 1130 712 rimentum
1152 685 1324 719 praebuerint|
1340 692 1389 719 pro
1410 685 1558 719 superioris
1574 685 1634 713 vitae
1653 685 1767 717 meritis,

987 731 1145 758 attribuunt.
1182 731 1335 766 Cognosces
1366 736 1456 758 autent
1488 730 1677 764 praedictorum
1712 738 1771 757 ser-

986 784 1080 803 vorum
1107 776 1282 811 probitatem,
1313 781 1339 804 et
1362 777 1514 811 negotiandi
1545 776 1711 808 ﬁdelitatem,
1737 784 1770 803 ex

986 822 1110 857 operibus
1133 822 1198 856 ipsis
1223 829 1356 856 arguens;
1397 829 1492 856 nempe
1521 821 1593 855 quod
1615 821 1643 848 in
1669 829 1772 848 omnem

987 872 1083 894 terram
1105 867 1167 894 exiit
1194 875 1273 894 sonus
1298 875 1398 899 eorum,
1430 872 1453 894 el
1478 868 1505 894 in
1518 867 1582 902 ﬁnes
1597 872 1674 895 terra:
1696 867 1771 894 verba

147 912 243 948 μένης
257 913 294 939 τὰ
308 913 427 947 ῥήματα
440 912 548 940 αὐτῶν.
570 913 608 939 Δι’
630 912 719 940 αὐτῶν
746 912 800 948 γὰρ
826 912 935 940 ἐκείνων

985 913 1102 947 ipsorum
1119 913 1152 940 Μ.
1187 913 1239 941 Per
1269 913 1328 940 illos
1363 914 1434 940 enim
1462 913 1616 940 Servatoris
1645 914 1770 946 comites,

149 959 203 985 τῶν
215 959 261 986 τοῦ
272 959 397 994 Σωτῆρος
415 959 571 994 γνωρίμων,
587 958 633 985 καὶ
643 958 686 985 διὰ
701 958 754 985 τῶν
766 958 835 994 μετὰ
848 959 935 986 ταῦτα

148 1005 193 1033 τὸν
205 1007 296 1042 ὅμοιον
305 1006 418 1038 ἐκείνοις
432 1006 650 1043 ἑπανῃρημένων
663 1005 752 1041 ζῆλον,
765 1006 795 1038 ἐξ
808 1006 939 1035 ἁπάντων,

148 1050 202 1078 τῶν
217 1050 301 1078 ἐθνῶν
314 1051 496 1087 ἀφορισθεῐσα
507 1051 545 1086 τῷ
558 1050 618 1086 Θεῷ
642 1051 799 1086 Ἐκκλησία,
809 1052 838 1077 ὲν
853 1051 936 1086 ὀλίγῳ

147 1097 235 1134 χρόνῳ
250 1098 301 1134 τὴν
315 1097 460 1133 σύμπασαν
471 1097 634 1134 οἰκουμένην
650 1097 781 1133 ἐπλήρου.
799 1097 855 1123 Καὶ
873 1096 934 1123 καθ’

147 1143 240 1180 ετερον
250 1144 280 1170 δὲ
292 1144 393 1179 τρόπον
407 1143 454 1179 τὴν
469 1143 601 1179 ἐργασίαν
614 1144 771 1179 ποιήσονται
785 1144 808 1169 οἱ
823 1142 868 1169 τὸν
882 1151 933 1172 σωτ

148 1189 239 1225 τήριον
252 1189 331 1224 λόγον
338 1189 383 1216 τὸν
396 1189 570 1224 εὐαγγελικὺν
583 1189 783 1219 πιστευθέντες,
796 1188 829 1214 δι’
847 1187 936 1224 ἔργων

147 1235 194 1262 καὶ
204 1235 340 1271 πράξεων,
357 1235 413 1270 βίου
428 1244 458 1262 τε
473 1235 520 1261 καὶ
534 1235 670 1266 πολιτείας
689 1233 869 1270 θεοπρεποῦς,
886 1233 935 1265 τὰς

146 1279 194 1307 τοῦ
209 1281 288 1315 λόγου
302 1281 476 1313 διδασκαλίας
491 1280 720 1316 ἀποπληροῦντες.
739 1277 788 1307 Ὧν
806 1281 869 1312 τοὺς
886 1280 941 1315 μὲν,

146 1326 283 1362 διαφόρως
296 1327 512 1363 ἐργασαμένους,
528 1327 668 1362 διαφόροις
678 1329 772 1362 τιμαῖς
790 1326 935 1361 ἀμείψεται

147 1373 274 1405 δδίκαιος
296 1374 402 1409 κριτὴς,
421 1373 568 1401 ἀποδώσων
587 1374 694 1409 ἑκάστῳ
712 1374 761 1409 τὴν
781 1374 936 1409 προσήκου-

149 1425 197 1445 σαν
213 1419 241 1445 ἐν
253 1418 366 1453 ἀγαθοῖς
379 1418 505 1455 ἀμοιϐήν·
520 1419 560 1454 τῷ
578 1419 602 1445 δ’
620 1418 787 1455 ὲγκρύψαντι
805 1418 868 1449 τοὺς
890 1418 934 1445 λό-

146 1471 213 1497 γους
239 1464 286 1490 καὶ
309 1463 488 1499 καταδήσαντι
513 1465 577 1499 παρ’
604 1463 702 1498 ἑαυτῷ,
733 1463 815 1501 μηδέν
830 1472 859 1489 τε
878 1463 935 1499 εἱρ-

147 1509 278 1544 γασμένῳ
293 1509 400 1545 πονηρῷ
414 1509 500 1544 δούλῳ
523 1510 570 1536 καὶ
585 1509 703 1545 ὀκνηρῷ,
723 1509 869 1545 τάπίχειρα
887 1509 936 1543 τῆς

148 1555 282 1590 πονηρίας
293 1555 403 1582 ἐποίσει.
420 1572 453 1575 -
470 1556 505 1582 Τὸ
521 1555 612 1582 ἐπάνω
630 1555 695 1581 δέκα
709 1555 726 1590 ἢ
741 1555 819 1581 πέντε
833 1555 935 1581 πόλεων

147 1601 237 1637 ἀρχήν
261 1609 321 1627 τινα
347 1602 394 1627 καὶ
417 1601 539 1633 ἐξουσίαν
570 1601 644 1636 δηλοί
671 1601 854 1636 δοθησομένην
881 1592 972 1632 τοῖςο

149 1647 235 1680 ἁγίοις
264 1647 335 1674 κατὰ
365 1640 566 1684 ὑποδεεστέρων
593 1647 639 1674 καὶ
670 1647 716 1674 τοῦ
751 1646 937 1674 διευθύνεσθαι

148 1692 241 1725 ἀξίων.

188 1738 268 1765 Ἀλλὰ
283 1739 337 1774 γὰρ
356 1739 411 1766 τῶν
433 1739 481 1774 μὲν
506 1738 588 1766 αὑτοῦ
615 1739 788 1774 θεραπόντων
809 1738 937 1773 τοιαύτην

149 1785 290 1820 ποιήσεται
304 1785 352 1821 τὴν
371 1785 516 1821 διάκρισιν⁸
533 1784 588 1811 τῶν
605 1784 633 1810 δὲ
649 1784 686 1820 μὴ
704 1785 752 1820 τῆς
769 1785 853 1819 αὐτῆς
875 1785 937 1813 δον-

148 1829 219 1862 λείας
231 1830 451 1865 κατηξιωμένων,
472 1831 558 1862 ἄλλως
572 1830 601 1856 δὲ
618 1830 735 1857 πολιτῶν
749 1831 831 1857 αὐτοῦ
851 1839 937 1864 γεγε-

148 1876 282 1911 νημένων,
307 1877 336 1903 ὲν
358 1876 463 1912 ἐχθρῶν
477 1876 506 1902 δὲ
520 1876 567 1902 καὶ
590 1876 738 1910 μισούντων
760 1875 840 1902 αὐτὸν
860 1875 936 1912 χώρᾳ

148 1923 261 1954 ἑαυτοὺς
277 1923 494 1955 καταλεξάντων,
516 1923 662 1958 πρεσΰείαν
681 1931 711 1948 τε
729 1922 935 1950 ἀπεσταλκότων

149 1968 357 2005 ἀπαρνουμένην
372 1968 454 1995 αὑτοῦ
468 1967 517 2003 τὴν
534 1967 682 2003 βασιλείαν,
700 1968 790 1994 ὁποῖον
804 1967 878 1994 έσται
891 1967 936 1993 τέι

152 2014 206 2047 λος,
222 2015 342 2050 παρίστη
360 2014 392 2040 δι’
409 2011 448 2041 ὧν
474 2013 655 2044 ἐπανελθόντα
675 2013 719 2040 τὸν
737 2012 847 2048 βασιλέα
867 2013 937 2041 κατά

147 2062 197 2098 τὴν
212 2062 340 2097 δευτέραν
358 2061 408 2088 καὶ
421 2060 560 2096 βασιλικὴν
586 2059 668 2086 αὐτοῦ
696 2059 865 2094 Θεοφάνειαν,
888 2067 936 2093 φο-

148 2107 230 2144 εερὰν
252 2107 388 2141 ἀπόφασιν
410 2106 524 2138 ἐξοίσειν
548 2105 608 2132 κατ’
625 2104 713 2132 αὐτῶν
733 2103 865 2140 προϋλεγε
887 2103 937 2139 τὴν

149 2155 289 2190 φήσασαν·
305 2153 378 2189 Πλὴν
394 2153 458 2184 τοὺς
477 2152 590 2188 ἐχθρούς
607 2160 656 2186 μου
674 2150 802 2182 ἐκείνους,
822 2150 885 2181 τοὺς
899 2150 936 2185 μὴ

111 2196 117 2200 ί
150 2198 316 2235 θελήσαντάς
329 2207 362 2234 με
375 2197 531 2233 βασιλεῦσαι
551 2197 594 2223 ἐπ’
611 2196 719 2229 αὐτοὺς,
738 2195 854 2230 ἀγάγετε
873 2191 935 2223 ὦδε,

149 2244 195 2272 καὶ
208 2243 399 2278 κατασφάξατε
413 2242 566 2278 ἔμπροσθέν
579 2250 628 2277 μου
638 2241 705 2276 (72).

295 2289 343 2315 Ἐν
356 2289 426 2322 ποίᾳ
438 2288 564 2322 ἐξουσίᾳ
576 2288 670 2315 ταῦτα
682 2286 796 2318 ποιεῖς;

183 2333 270 2366 Αὺτδς
288 2334 336 2370 μὲν
351 2334 418 2370 ἔργα
442 2334 535 2369 Θεῖκῆς
556 2334 697 2368 δυνάμεως
724 2331 866 2364 ἐπιτελῶν,
889 2339 934 2357 τε-

148 2381 263 2418 ραστὶας
285 2380 332 2406 καὶ
358 2380 522 2415 παραδόξους
547 2379 660 2414 πράξεις
682 2379 857 2410 ἐνεδείκνυτο,
881 2377 935 2404 ἐδί-

148 2426 233 2454 δασκέ
256 2434 286 2452 τε
311 2426 422 2460 οὐράνια
447 2426 604 2462 μαθήματα·
635 2427 660 2452 οἱ
684 2426 707 2452 δ’
729 2425 945 2460 ἀποθαυμάζειν

149 2473 218 2505 δέον,
236 2471 379 2508 γνωρίζειν
396 2481 426 2498 τε
448 2473 481 2499 ὲκ
494 2472 546 2500 τῶν
564 2472 650 2506 λόγων
664 2472 712 2498 καὶ
729 2472 783 2499 τῶν
798 2472 934 2508 πράξεων,

149 2518 187 2550 ὡς
198 2518 252 2554 ἄρα
263 2517 344 2549 αὐτὸς
357 2517 399 2552 εἴη
414 2517 428 2544 ό
439 2518 553 2554 Χριστὸς
565 2519 579 2544 ὁ
595 2517 647 2545 ὑπὸ
663 2517 718 2548 τῶν
729 2517 875 2553 προφητῶν
886 2525 933 2543 κε-

150 2564 332 2600 κηρυγμένος,
350 2563 428 2590 τοῦτο
445 2564 494 2598 μὲν
510 2564 560 2591 οὐκ
575 2555 718 2599 ἔπραττον,
737 2564 780 2590 ἐπ’
795 2564 932 2599 ἀνατροπῇ

151 2609 178 2636 δὲ
193 2609 241 2636 τοῦ
259 2608 376 2645 πλήθους
389 2608 548 2640 ἐπιστάντες
558 2608 671 2643 ἀθρόως,
687 2608 825 2643 ἐπετίμων
836 2607 935 2634 πυνθα-

153 2655 256 2690 νόμενοι
269 2655 298 2681 ὲν
312 2655 378 2690 ποίᾳ
388 2654 496 2690 ἐξουσίᾳ
513 2654 556 2689 εἴη
571 2654 655 2681 ταῦτα
669 2654 763 2686 ποιῶν,
789 2654 836 2680 καὶ
859 2653 935 2688 παρά

148 2701 220 2740 ⁸τίνος
229 2701 334 2737 εἰλήφει
350 2700 399 2737 τὴν
414 2700 461 2727 τοῦ
475 2701 512 2742 τὰ,
520 2700 608 2727 τοιάδε
622 2700 751 2736 πράττειν
762 2699 847 2732 ἀδεῶς
861 2700 936 2733 ἐξου-

155 2755 221 2773 σιαν.

314 2793 465 2828 Ἐρωτήσω
479 2792 557 2828 ὑμᾶς
564 2792 653 2826 κάγὼ,
666 2801 693 2819 κ.
707 2801 733 2818 τ.
749 2792 774 2820 λ.

193 2838 371 2871 ’Λνεξικάκως
387 2839 434 2865 καὶ
448 2838 543 2874 πράως
568 2837 665 2869 αὐτοὺς
681 2836 824 2872 δεξάμενος
842 2838 856 2863 ὁ
874 2837 931 2864 Κύ-

191 2885 212 2902 ¹⁰
228 2885 293 2914 Luc.
307 2894 363 2919 xu,
378 2887 422 2913 17.
461 2886 483 2902 ἰ
502 2885 572 2913 Psal.
588 2893 665 2919 xvm,
685 2885 712 2913 5.
749 2885 771 2901 ⁸⁵
783 2885 850 2912 Luc.
866 2893 911 2918 xx,
933 2885 959 2913 2.

192 2930 250 2967 (72)
263 2931 364 2961 Confer
375 2933 578 2969 Theophaniam,
594 2934 662 2969 apud
677 2941 723 2962 nos
740 2935 792 2962 co'.
809 2933 860 2961 690
875 2934 921 2961 ﬁn.

950 2267 979 2296 D~

984 967 1084 994 perque
1104 967 1150 987 eos
1167 960 1213 994 qui
1238 965 1329 994 postea
1353 967 1444 993 parem
1469 960 1554 986 zelum
1585 963 1770 994 susceperunt,

984 1013 1019 1034 ex
1039 1006 1142 1033 cunctis
1170 1005 1294 1040 gentibus
1317 1006 1415 1033 selecto
1445 1005 1499 1032 Deo
1528 1005 1659 1036 Ecclesia,
1694 1005 1769 1032 brevi

985 1056 1105 1086 tempore
1129 1048 1295 1086 universum]
1313 1051 1441 1079 mundum
1466 1051 1589 1086 replevit.
1615 1050 1676 1078 Alio
1702 1058 1771 1085 quo-

984 1103 1036 1132 que
1070 1098 1150 1125 modo
1187 1098 1323 1132 negotium
1365 1105 1443 1125 suum
1476 1097 1575 1125 faciem
1611 1097 1629 1124 ii
1670 1096 1769 1132 quibus

984 1143 1137 1178 evangelica
1147 1144 1299 1171 Servatoris
1309 1144 1432 1171 doctrina
1443 1144 1588 1171 commissa
1600 1143 1662 1176 fuit,
1672 1151 1770 1177 nempe

985 1189 1104 1216 moribus
1117 1194 1144 1216 et
1155 1189 1214 1215 vitm
1226 1189 1340 1222 actibus,
1356 1194 1383 1216 et
1397 1189 1476 1223 digna
1488 1189 1541 1216 Deo
1553 1189 1769 1221 conversatione,

985 1235 1114 1262 doctrinae
1133 1239 1264 1269 praecepta
1282 1235 1467 1269 adimplentes.
1488 1234 1562 1268 Quos
1578 1232 1685 1262 divers'e
1708 1243 1773 1269 ope-

985 1286 1085 1313 rantes,
1102 1281 1216 1308 diversis
1231 1281 1348 1320 pt‘mmiis
1364 1281 1454 1314 justus
1475 1280 1560 1314 judex
1580 1281 1770 1309 remunerabi-

986 1332 1038 1359 tnr,
1062 1328 1128 1354 dans
1151 1327 1249 1361 cuique
1265 1333 1412 1360 congruam
1438 1326 1477 1353 rei
1502 1327 1571 1354 bene
1589 1332 1671 1361 gesta:
1691 1327 1774 1354 retri-.

985 1373 1132 1400 butionem.
1152 1373 1345 1400 Verumtamen
1367 1373 1440 1399 illum
1456 1372 1501 1407 qui
1528 1373 1654 1399 traditam
1669 1372 1770 1400 doctri-

985 1426 1048 1447 nam
1071 1418 1198 1446 celaverit
1219 1423 1300 1453 atque
1327 1418 1395 1452 apud
1423 1426 1453 1445 se
1479 1419 1639 1451 obvolverit,
1669 1419 1770 1446 malum

986 1465 1105 1498 scilicet,
1123 1464 1246 1500 ignavum
1265 1464 1385 1498 nihilque
1399 1469 1554 1499 operantem
1578 1471 1702 1498 servum,
1724 1465 1770 1492 de-

986 1511 1040 1538 bita
1051 1511 1175 1545 nequitia:
1190 1519 1244 1538 sua:
1261 1518 1338 1545 poena
1354 1514 1540 1546 prosequetur.
1553 1525 1588 1530 —
1601 1511 1697 1538 Decem
1725 1512 1768 1537 vel

986 1557 1104 1592 quinque
1132 1557 1238 1584 urbium
1273 1556 1432 1591 praefectura
1466 1556 1600 1592 signiﬁcat
1627 1557 1776 1592 imperium.

988 1603 1122 1639 quoddam
1146 1611 1176 1631 ac
1200 1607 1372 1638 potestatem,
1397 1610 1456 1637 quze
1483 1603 1583 1630 sanctis
1604 1603 1692 1630 danda
1718 1604 1770 1630 erit

986 1657 1067 1684 super
1084 1650 1247 1677 inﬁrmiores
1263 1653 1344 1684 atque
1358 1648 1547 1676 emendatione
1561 1648 1668 1684 dignos.

1021 1739 1085 1767 Tale
1109 1739 1199 1774 itaque
1219 1738 1255 1766 de
1281 1739 1366 1766 servis
1388 1738 1444 1766 suis
1468 1737 1598 1772 judicium
1621 1738 1766 1765 exercebit.

987 1785 1095 1813 “lorum
1114 1791 1203 1812 autent
1218 1785 1263 1820 qui
1284 1792 1370 1820 neque
1389 1785 1415 1812 in
1429 1791 1570 1811 servorum
1584 1783 1643 1818 ejus
1655 1791 1778 1810 numero,

986 1839 1046 1858 esse
1061 1832 1220 1863 voluerunt,
1235 1838 1389 1865 quanquam
1408 1830 1481 1856 cives
1501 1829 1585 1864 ipsius
1600 1834 1705 1862 essent,
1721 1829 1768 1856 sed

987 1878 1012 1904 in
1029 1878 1145 1905 hostium
1168 1883 1249 1912 atque
1269 1884 1378 1904 osorum
1401 1876 1522 1910 partibus
1543 1883 1572 1902 se
1590 1876 1767 1908 collocarunt,

988 1922 1202 1957 legationemque
1226 1923 1357 1949 miserunt
1377 1926 1405 1947 ut
1426 1928 1539 1956 regnum
1555 1921 1613 1955 ejus
1636 1921 1775 1948 detrecta-,

988 1973 1064 2001 rent.
1076 1969 1185 2003 quinam
1200 1968 1291 1996 exitus
1307 1968 1341 1994 sit
1363 1966 1468 1994 futurus
1479 1986 1486 1998 ,
1506 1967 1625 1994 ostendit
1643 1973 1768 1999 narratus,

987 2021 1076 2049 regem
1093 2021 1243 2045 reversum,
1260 2013 1376 2040 secunda
1389 2011 1513 2039 videlicet
1525 2012 1606 2047 regali
1621 2012 1665 2039 Dei
1680 2013 1769 2039 mani—

987 2059 1146 2091 l'estalione,
1161 2059 1309 2086 terribilem
1331 2058 1491 2085 sententiam
1513 2057 1629 2084 laturum
1648 2058 1689 2085 his
1706 2066 1768 2085 ver-

988 2105 1028 2132 bis
1042 2114 1049 2132 :
1062 2105 1248 2133 Verumtamen
1262 2103 1384 2131 inimicos
1398 2110 1472 2130 meos
1486 2102 1547 2131 illos
1560 2122 1568 2135 .
1589 2103 1634 2138 qui
1655 2111 1697 2130 me
1720 2110 1770 2129 no-

988 2151 1095 2177 luerunt
1110 2157 1222 2185 regnare
1240 2157 1320 2184 super
1342 2156 1388 2182 se,
1410 2149 1535 2177 adducite
1550 2149 1606 2179 huc,
1620 2154 1647 2176 et
1666 2148 1769 2177 interti—

987 2196 1040 2223 cite
1056 2203 1147 2223 coram
1167 2203 1219 2223 me.

1153 2289 1177 2305 ⁸¹
1191 2288 1223 2315 lu
1239 2297 1290 2323 qua
1309 2295 1436 2323 potestate
1451 2290 1506 2316 hac
1526 2289 1590 2323 facis
1600 2289 1614 2315 ξ)

1022 2333 1079 2368 ipse
1101 2334 1210 2368 quidem
1227 2335 1324 2362 divinae
1339 2335 1446 2362 virtutis
1459 2342 1541 2369 opera
1562 2337 1690 2368 patrans,
1707 2339 1769 2366 por.

986 2383 1059 2406 tenta
1084 2383 1111 2405 et
1133 2379 1270 2407 mirabiles
1297 2385 1373 2407 actus
1394 2380 1507 2411 edebat;
1529 2378 1663 2412 simulque
1686 2377 1769 2404 coale-

984 2431 1051 2454 stem
1065 2426 1214 2454 doctrinam
1232 2427 1364 2454 tradebat.
1380 2427 1420 2454 llli
1437 2431 1526 2453 autem
1541 2426 1586 2460 qni
1608 2426 1665 2452 haec
1680 2425 1767 2458 Suspi-

983 2479 1044 2499 cere
1072 2472 1245 2506 debuissent,
1277 2477 1360 2507 atque
1383 2480 1416 2499 ex
1450 2472 1530 2499 dictis
1557 2471 1693 2507 gestisque
1723 2478 1769 2498 co-

984 2525 1114 2553 gnoscere
1129 2518 1200 2546 hunc
1211 2525 1271 2546 esse
1283 2518 1420 2546 Christum
1437 2519 1536 2552 dc-quo
1549 2517 1686 2552 prophetae
1702 2516 1769 2542 vati-

985 2564 1067 2591 cinati
1092 2564 1219 2598 fuerant;
1247 2565 1357 2592 minime
1375 2571 1464 2591 rerum
1481 2564 1506 2590 id
1523 2564 1662 2596 fecerunt;
1676 2570 1777 2590 verum,

985 2611 1018 2637 ad
1042 2611 1231 2638 concitandam
1252 2611 1357 2646 plebem
1381 2610 1471 2638 subito
1487 2609 1625 2642 conversi,
1647 2609 1770 2642 increpa-

986 2657 1051 2684 bant
1067 2665 1140 2690 eum,
1165 2658 1363 2692 interrogantes
1388 2664 1504 2691 quanam
1527 2655 1689 2683 auctoritate
1713 2655 1770 2682 haec

985 2701 1104 2735 faceret,
1130 2703 1173 2730 vel
1195 2710 1210 2730 a
1243 2710 1360 2737 Quonam
1388 2707 1461 2729 tanta
1489 2701 1618 2736 praeditus
1641 2700 1769 2728 facultate

987 2747 1093 2782 fuisset,
1114 2753 1142 2776 ut
1159 2749 1215 2776 hmc
1229 2749 1400 2776 conﬁdenter
1417 2753 1518 2783 ageret.
1563 2761 1565 2763 -

1141 2795 1165 2810 "
1180 2794 1352 2830 Interrogaba
1372 2799 1395 2822 et
1412 2803 1458 2830 ego
1475 2803 1518 2821 vos
1529 2814 1536 2826 ,
1555 2799 1609 2822 ctc.

1020 2839 1158 2867 Patienter
1172 2848 1204 2868 ac
1217 2845 1356 2869 mansuete
1376 2842 1510 2876 postulata
1526 2848 1618 2868 eorum
1631 2840 1780 2875 excipiens

999 2887 1021 2902 ⁵³
1039 2888 1103 2915 ibid.
1124 2888 1150 2916 5.
