2061 3215
276 213 328 242 595

629 209 765 238 EUSEBil
785 203 1023 237 CIESKRIENSIS
1042 205 1117 233 ore.
1138 196 1297 232 nestit?
1310 189 1346 223 ζ
1366 196 1567 230 EXEGETICA.

1841 191 1892 224 "seu

274 272 416 305 Dominus,
431 271 587 301 sciscitatur
603 270 660 306 ipse
673 277 780 304 quoque
801 268 833 295 de
850 267 952 296 Joanne
973 266 1058 302 hapti-
1072 290 1074 296 λ

1125 273 1166 296 to;
1180 263 1303 299 ἀνερωτᾷ
1315 261 1377 297 περὶ
1400 260 1522 287 Ἰωάννου
1533 258 1579 285 τοῦ
1590 256 1751 287 Βαπτιστοῦ.
1766 255 1796 282 σὺ
1813 256 1893 282 πόθεν

277 322 385 352 zatore;
403 325 453 345 nec
473 318 543 345 unde
561 317 584 344 is
600 321 689 348 esset,
705 316 752 342 sed
768 315 837 342 unde
857 313 982 349 baptismi
997 319 1059 339 nor—

278 372 350 392 mam
372 363 529 398 accepisset.
552 362 617 389 Nam
634 361 685 388 sibi
706 361 755 395 ipsi
771 359 954 388 testimonium
970 358 1060 394 perhi-

279 411 357 444 bere,
379 410 487 445 plenum
511 409 566 436 odii
582 407 718 442 negotium
737 406 910 434 existimabat
926 410 951 432 et
971 410 1061 432 osten-

280 455 399 483 tationis.
423 454 575 488 Caeteroqui
601 452 757 487 provocatio
783 451 816 478 ad
836 450 968 478 Joannem
995 449 1062 476 taci-

281 506 334 528 tam
349 500 504 529 continebat
518 499 619 527 Christi
635 497 890 525 manifestatiouem.
916 496 1062 524 Universos

280 547 352 574 enim
366 546 480 582 populus
495 545 633 572 fatebatur
649 543 782 571 Joannem
797 543 926 570 divinitus
939 542 1060 569 missum.

279 592 364 620 Porro
382 592 426 619 hic
441 592 511 618 idem
534 590 717 618 testimonium
732 589 894 624 praebuerat,
915 588 985 615 unde
1000 586 1063 614 Ser-

280 644 359 666 valor
380 643 538 673 potestatem
553 637 712 671 accepisset.
733 635 800 662 Cum
820 635 891 661 enim
907 633 932 661 ei
956 633 1063 668 quidam

280 683 448 712 nuntiassent
461 683 551 711 lesum
568 682 715 717 baptizare,
734 681 885 715 huiusmodi
906 687 1064 714 responsum

280 731 365 758 edidit
381 739 387 757 :
406 729 464 758 Non
481 734 567 764 potest
583 728 662 756 homo
675 735 689 754 a
711 728 800 762 seipso
826 727 972 762 quidquam
996 725 1066 753 acci-

282 783 363 812 pere,
387 775 438 802 nisi
461 775 486 801 ei
509 775 600 801 datum
622 772 704 800 fuerit
723 772 756 800 de
771 771 842 799 ttelo
861 771 984 805 desuper.
1011 769 1065 798 Vos

283 822 349 850 mibi
369 821 435 848 dicti
452 820 504 847 mei
524 824 606 847 testes
626 819 703 851 estis,
717 826 760 846 me
775 817 911 845 Christum
927 825 980 844 non
994 824 1065 850 esse,

284 872 468 894 verumtamen
491 866 555 893 huic
568 865 720 892 adventanti
735 864 900 899 praemissum
911 863 948 895 “;
970 867 996 890 et
1008 870 1068 890 rur-

284 921 331 940 sus
345 922 351 940 :
370 912 421 945 Qui
432 912 570 939 desursum
583 911 660 942 venit,
676 918 756 945 supra
769 918 856 936 omnes
869 913 906 936 est
916 909 956 942 ως
971 909 1068 936 denuo-

1110 311 1152 344 εἴη
1166 309 1256 341 αὐτὸς,
1277 307 1345 334 ἀλλὰ
1371 306 1452 332 πόθεν
1475 305 1520 331 τὸν
1540 303 1586 330 τοῦ
1605 302 1790 337 βαπτίσματος
1813 301 1894 335 νόμον

1111 356 1225 391 εἱλήφοι.
1245 354 1283 380 Τὸ
1298 353 1347 388 μὲν
1363 351 1417 387 γὰρ
1435 351 1514 377 αὐτὸν
1540 349 1605 384 περὶ
1622 347 1717 374 ἑαυτοῦ
1747 346 1896 382 μαρτυρεῖν

1112 401 1230 437 ἐπαχθὲς
1243 401 1334 435 ἡγεῖτο
1346 399 1392 424 καὶ
1409 395 1627 432 περιαυτολόγοψ
1642 393 1672 420 τὺ
1691 393 1713 419 δ’
1736 393 1782 418 ἐπὶ
1805 391 1896 418 Ἰωάν-

1112 457 1160 484 νην
1174 447 1346 482 ἀναπέμπειν
1362 445 1502 480 λεληθυῖαν
1513 445 1561 479 τὴν
1579 442 1642 477 περὶ
1659 440 1754 468 ἑαυτοῦ
1772 440 1898 466 διδασκα-

1112 496 1171 522 λιαν
1188 494 1338 529 περιεῖχεν·
1351 491 1508 527 ὡμολόγητο
1524 489 1578 525 γὰρ
1599 487 1673 523 παρὰ
1691 487 1770 515 παντὶ
1784 485 1822 520 τῷ
1841 484 1899 520 λαῷ

1119 541 1244 575 Ἰωάννης
1270 539 1301 571 ἐξ
1323 537 1446 574 οὐρανῶν
1472 535 1645 571 ὡρμημένος.
1670 531 1752 564 Οὗτος
1769 533 1797 558 δὲ
1819 532 1900 563 αὐτὸς

1113 586 1261 622 ἐμαρτύρει
1279 585 1318 620 τῷ
1334 584 1438 619 Σωτῆρι
1459 582 1539 609 πόθεν
1557 581 1599 616 εἴη
1619 580 1668 616 τὴν
1693 578 1815 611 ἐξουσίαν
1830 577 1902 612 εἱλη-

1114 633 1182 668 φώς.
1202 633 1245 664 Ὧς
1268 631 1322 667 γὰρ
1344 629 1515 666 ἀπήγγελλον
1539 627 1613 662 αὐτῷ
1635 635 1716 657 τινες,
1733 626 1773 651 ὅτι
1799 625 1901 659 Ἰησοῦς

1116 677 1250 714 βαπτίζει,
1269 676 1427 712 ἀποκριθεὶς
1441 672 1518 701 εἶπεν
1534 673 1641 704 αὐτοῖς’
1670 672 1707 697 Οὐ
1731 670 1842 697 δύναται
1857 670 1904 696 ἄν-

1116 713 1222 761 θρωπος
1247 723 1395 759 λαμϐάνειν
1424 722 1470 756 ἀφ’
1499 720 1596 747 ἑαυτοῦ
1629 718 1714 750 οὐδὲν,
1743 717 1790 743 ἐὰν
1819 716 1856 751 μὴ

1116 770 1256 805 δεδομένον
1287 768 1361 804 αὐτῷ
1392 769 1425 794 ἐκ
1453 766 1500 793 τοῦ
1535 764 1651 801 οὐρανοῦ
1680 763 1793 791 ἄνωθεν.
1823 761 1905 788 Αὐτοὶ

1117 816 1195 851 ὑμεῖς
1224 813 1388 850 μαρτυρεῖτέ
1420 821 1476 848 μοι,
1507 812 1548 838 ὅτι
1563 809 1639 837 εἷπον
1651 819 1658 826 ·
1675 810 1732 836 Οὐκ
1745 809 1802 843 etp).
1820 807 1875 841 ἐγὼ
1891 806 1906 833 ὀ

1117 862 1250 898 Χριστὸς,
1280 860 1338 887 ἀλλ’
1364 860 1406 886 ὅτι
1436 857 1640 892 ἀπεσταλμένος
1665 855 1724 890 εἰμὶ
1752 852 1906 889 ἔμπροσθεν

1118 906 1222 934 ἐκείνου
1235 915 1241 921 ·
1258 907 1304 932 καλ
1327 905 1417 932 πάλιν·
1437 904 1464 930 '0
1487 903 1601 929 ἄνωθεν
1627 901 1788 936 ἐρχόμενος
1807 899 1907 925 ἐπάνω

285 966 359 994 que:
377 944 458 985 Pater
476 957 562 991 diligit
577 955 688 988 Filium,
706 961 730 982 et
746 956 835 983 omnia
853 955 960 981 tradidit
978 955 1068 980 manui

1125 953 1241 980 πάντων
1261 951 1341 979 ἐστι·
1363 950 1410 977 καὶ
1435 947 1522 980 αὖθις·
1556 949 1582 975 '0
1607 947 1708 981 Πατὴρ
1731 944 1832 980 ἀγαπᾷ
1853 944 1908 971 τὸν

285 1005 342 1039 ejus
353 1004 385 1030 ⁵⁸.
403 1003 455 1036 Qui
467 1003 547 1029 credit
561 1003 587 1028 in
597 1001 709 1033 Filium,
723 1001 797 1028 habet
810 1001 887 1028 vitam
900 1006 1024 1028 aeternam
1035 1000 1068 1028 ⁵⁷.

285 1050 369 1086 Igitur
381 1058 413 1078 ex
424 1049 538 1078 Joannis
553 1049 706 1076 testimonio
722 1048 893 1083 perspicuum
913 1051 989 1079 erat,
1002 1054 1070 1081 qua-

286 1105 349 1125 nam
369 1101 502 1132 potestate
515 1096 571 1123 htec
587 1095 714 1123 Servator
730 1095 845 1128 laceret,
860 1099 887 1121 et
903 1094 1025 1130 quisnam
1045 1094 1071 1122 ei

287 1143 342 1170 vim
358 1142 514 1177 huiusmodi
527 1141 685 1176 impertitus
702 1139 807 1168 fuisset.

377 1231 399 1248 "
416 1231 500 1258 Erunt
514 1231 589 1264 signa
604 1230 631 1256 in
650 1228 705 1256 sole
721 1234 745 1255 et
761 1227 823 1254 luna
839 1235 870 1254 ac
887 1226 979 1254 stellis.

325 1276 401 1305 Tunc
413 1277 484 1303 enim
497 1275 565 1303 facta
581 1276 636 1309 jam
651 1275 771 1302 mortalis
787 1273 865 1307 hujus
880 1274 939 1300 vita:
952 1280 1073 1300 consum-

289 1323 420 1354 matione,
430 1326 610 1357 praetereunte
621 1321 700 1355 huius
710 1320 800 1347 mundi
816 1320 910 1353 ﬁgura,
924 1319 998 1346 utait
1007 1320 1074 1353 Apo-

290 1369 376 1397 stolus
384 1368 418 1402 ",
432 1375 529 1395 novum
543 1366 669 1394 saeculum
681 1365 815 1393 succedet.
828 1365 894 1392 Nam
908 1372 955 1400 pro
969 1365 1074 1392 cunctis

291 1415 381 1443 sensui
406 1413 494 1442 obviis
519 1413 717 1444 luminaribus,
738 1411 782 1446 qui
810 1412 928 1438 anterius
948 1411 1073 1438 swculum

291 1461 472 1491 illustrabant,
491 1459 658 1494 splendescet
673 1458 799 1491 deinceps
814 1457 871 1492 ipse
884 1456 1075 1491 apparebitque

293 1506 423 1535 Servator
435 1510 538 1536 noster,
555 1505 691 1540 princeps,
704 1508 731 1530 et
744 1503 888 1536 luminare,
906 1507 932 1530 et
947 1511 995 1530 rex
1014 1503 1075 1530 novi

292 1552 382 1580 saeculi
401 1551 616 1578 constituendus.
643 1549 729 1576 Tanta
749 1556 830 1583 porro
850 1549 904 1576 erit
926 1549 1075 1576 divinitatis

293 1599 321 1626 in
342 1606 375 1625 eo
393 1598 450 1630 vis,
468 1601 576 1630 tamque
589 1596 690 1622 eximia
711 1594 832 1630 ejusdem
854 1595 950 1629 gloria,
966 1599 994 1622 ut
1007 1603 1075 1630 pra:—

1125 999 1202 1031 Υιὸν,
1217 998 1266 1025 καὶ
1282 997 1381 1024 πάντα
1393 997 1521 1024 δέδωκεν
1543 995 1577 1022 ὲν
1600 994 1638 1028 τῇ
1660 992 1733 1028 χειρὶ
1753 990 1856 1018 αὐτοῦ.
1879 989 1908 1015 ’0

1121 1046 1270 1072 πιστεύων
1280 1045 1325 1077 εὶς
1335 1044 1388 1070 τὸν
1408 1043 1476 1070 Υὶὸν
1488 1042 1550 1076 ἔχει
1567 1040 1643 1074 ζωὴν
1663 1039 1790 1066 αἰώνιον.
1805 1035 1909 1064 Οὐκοῦν

1121 1092 1174 1119 ἀπὸ
1188 1092 1238 1127 τῆς
1256 1091 1377 1118 Ἰωάννου
1396 1089 1460 1124 περὶ
1476 1087 1558 1115 αὑτοῦ
1572 1086 1723 1123 μαρτυρίας
1737 1084 1815 1119 δῆλος
1830 1080 1864 1118 ἦν
1879 1082 1911 1108 ὲν

1122 1138 1186 1173 ποίᾳ.
1202 1137 1311 1172 ἐξουσίᾳ
1327 1136 1415 1164 ταῦτα
1428 1135 1560 1170 ἔπραττεν
1574 1134 1588 1160 ὁ
1603 1132 1708 1168 Σωτὴρ,
1724 1131 1771 1158 καὶ
1782 1130 1825 1162 τίς
1835 1128 1911 1164 αὺτῷ

1122 1184 1231 1212 δεδώκει
1240 1183 1290 1219 τὴν
1302 1183 1429 1218 τοιαύτην
1441 1181 1575 1215 ἐξουσίαν.

1124 1233 1225 1257 Ἔσται
1239 1229 1347 1264 σημεῖα
1363 1229 1398 1255 ἐν
1413 1228 1488 1262 iul/(,0
1507 1227 1556 1254 καὶ
1572 1225 1698 1259 σελήνῃ,
1711 1223 1912 1259 καὶ-ἄστροις.

1159 1277 1315 1312 Τηνικαῦτα
1331 1276 1385 1312 γὰρ
1407 1276 1457 1311 τῆς
1479 1273 1632 1304 συντελείας
1658 1271 1705 1298 τοῦ
1731 1269 1827 1306 θνητοῦ
1853 1269 1914 1304 βίου

1123 1323 1282 1358 γενομένης,
1299 1321 1480 1358 παρελθόντος
1492 1329 1522 1346 τε
1533 1319 1580 1346 τοῦ
1595 1319 1733 1354 σχήματος
1742 1315 1790 1342 τοῦ
1807 1315 1911 1350 κόσμου

1123 1369 1217 1395 τούτου
1236 1368 1306 1394 κατὰ
1326 1367 1371 1394 τὸν
1389 1366 1558 1397 Ἀπόστολον,
1581 1364 1639 1395 νέος
1660 1362 1726 1390 αἰὼν
1743 1361 1912 1395 διαλήψεται.

1131 1415 1202 1440 Ἀντὶ
1225 1413 1279 1450 γὰρ
1308 1413 1417 1440 πάντων
1439 1413 1493 1439 τῶν
1517 1410 1653 1446 αἰσθητῶν
1682 1409 1832 1443 φωστήρων
1859 1406 1915 1432 τῶν

1125 1461 1190 1496 πρὶν
1205 1459 1374 1495 φωτιζὸντων
1393 1459 1439 1486 τὸν
1462 1459 1514 1494 πρὸ
1536 1457 1630 1484 τούτου
1656 1455 1741 1482 αἰῶνα
1764 1451 1916 1487 ὲπιλάμψει

1125 1506 1217 1533 λοιπὸν
1246 1506 1327 1538 αὐτὸς
1364 1506 1411 1532 καὶ
1439 1504 1634 1539 ἐπιφανήσεται
1665 1502 1679 1528 ὁ
1707 1499 1800 1534 Σωτὴρ
1824 1497 1913 1533 ἡμῶν,

1126 1552 1245 1587 ἀρχηγὸς
1264 1552 1311 1578 καὶ
1326 1551 1449 1586 φωστὴρ,
1467 1550 1514 1576 καὶ
1524 1547 1647 1584 βασιλεὺς
1666 1545 1712 1572 τοῦ
1735 1544 1794 1570 νέου
1817 1542 1917 1572 αἰῶνος

1126 1598 1372 1633 καταστησόμενος,
1389 1595 1513 1630 Τοσαύτη
1528 1594 1556 1620 δέ
1572 1602 1614 1624 τις
1636 1591 1712 1618 ἔσται
1723 1591 1740 1625 ἠ
1754 1589 1803 1625 τῆς
1823 1587 1919 1633 θεότηῗ

292 1648 397 1672 sentem
420 1641 504 1670 solem
523 1650 554 1669 ac
575 1642 664 1668 lunam
687 1646 715 1669 et
730 1645 826 1668 caetera
843 1641 903 1669 cuzli
922 1641 1074 1674 luminaria,

1127 1651 1172 1675 τος
1203 1643 1284 1669 αὐτοῦ
1310 1642 1433 1677 δύναμις,
1464 1640 1510 1666 καὶ
1538 1641 1554 1675 ἡ
1588 1636 1790 1672 ἀνυπέρϐλητος
1830 1632 1917 1661 αὐτοῦ

293 1690 400 1725 potiore
416 1696 465 1716 suo
482 1688 584 1715 lumine
600 1687 754 1714 obvelatura
772 1687 807 1713 sit
821 1691 847 1713 et
861 1692 999 1722 opertura.

1128 1687 1200 1720 δόξα,
1217 1688 1254 1719 ὡς
1269 1688 1315 1714 τὸν
1335 1687 1382 1714 νῦν
1409 1687 1482 1722 ἣλιον
1508 1686 1554 1711 καὶ
1575 1683 1624 1719 τὴν
1643 1682 1755 1717 σελήνην
1780 1680 1826 1707 καὶ
1852 1678 1920 1710 τοὺς

292 1738 401 1769 λοιποὺς
425 1738 453 1764 ὲν
472 1736 579 1773 οὐρανῷ
599 1735 744 1771 φωστῆρας
762 1735 806 1762 διὰ
829 1735 877 1770 τὴν
897 1735 944 1761 τοῦ
970 1735 1122 1771 κρείττονος
1159 1735 1308 1771 παράθεσιν
1341 1734 1530 1770 ἁποκρυϐῆναι
1550 1731 1596 1758 καὶ
1618 1729 1785 1764 καλυφθῆναι
1818 1728 1850 1762 τῇ
1865 1725 1919 1752 αὺ-

293 1786 341 1813 τοῦ
355 1786 478 1821 δυνάμει.

477 1832 499 1848 ⁶⁰
514 1832 579 1864 Qum
595 1830 692 1858 mundo
707 1831 896 1865 supervenient.

332 1879 434 1914 Nempe
457 1886 500 1906 res
522 1883 667 1905 eventuras
693 1877 749 1911 ipse
771 1877 905 1911 explicat,
932 1877 993 1903 dum
1019 1884 1080 1902 mox

297 1923 390 1950 addit:
407 1922 474 1950 Nam
489 1922 603 1949 virtutes
617 1921 747 1948 caelorum
760 1921 1008 1949 comtnovebuntur.
1035 1922 1082 1948 Et-

298 1969 372 1996 enim
395 1976 456 1995 cum
471 1968 515 1995 Dei
532 1967 615 1994 Filius
629 1975 690 1994 cum
707 1968 806 1995 virtute
827 1967 964 2002 gloriaque
981 1968 1081 2003 ingenti

298 2014 403 2046 veniet,
419 2018 501 2048 atque
515 2021 549 2040 ex
569 2014 651 2048 impia
673 2014 843 2047 superbaque
859 2014 1003 2048 tyrannide
1019 2021 1081 2048 per-

299 2057 409 2084 ditionis
430 2057 513 2084 ﬁlium
529 2058 636 2092 dejiciet
651 2058 793 2092 praesentia
807 2066 854 2085 sua
867 2078 874 2090 ,
893 2066 1010 2093 eumque
1024 2059 1080 2092 spi-

300 2103 353 2130 ritu
379 2102 435 2129 oris
460 2103 501 2130 sui
527 2104 660 2137 perimet;
689 2109 752 2131 tunc
766 2103 921 2130 ctelestibus
943 2103 1081 2137 spiritibus

300 2149 487 2184 supremisqne
510 2155 537 2177 et
554 2151 682 2185 angelicis
703 2151 750 2178 Dei
774 2150 907 2176 ministris
921 2149 1016 2176 Filium
1035 2148 1081 2176 Dei

299 2196 527 2231 stipantibuscum
543 2203 630 2230 eoque
645 2196 861 2228 adventantibus,
879 2199 952 2227 tunc,
963 2194 1081 2229 inquam,

1257 1827 1317 1854 Τῶν
1339 1824 1550 1859 ὺπερχομὲνων
1572 1821 1608 1855 τῇ
1624 1819 1792 1853 οἰκουμένῃ.

1166 1874 1234 1900 Τίνα
1257 1873 1285 1899 δὲ
1306 1871 1340 1898 τὰ
1356 1870 1536 1905 ἐπερχόμενα,
1554 1866 1699 1903 ὲρμηνεύει
1711 1864 1868 1891 συνάπτων·
1881 1863 1922 1888 At

1131 1919 1187 1954 γὰρ
1209 1917 1350 1952 δυνάμεις
1367 1915 1425 1942 τῶν
1442 1913 1575 1948 οὐρανῶν
1594 1909 1846 1942 σαλευθήσονται.
1863 1906 1921 1932 Τοῦ

1131 1952 1186 2000 fere
1209 1963 1273 1990 Υἱοῦ
1290 1962 1337 1989 τοῦ
1349 1961 1417 1988 Θεοῦ
1436 1960 1503 1996 μετά
1514 1959 1652 1993 δυνάμεως
1667 1956 1713 1983 καὶ
1726 1955 1803 1990 δόξης
1818 1952 1923 1987 πολλῆς

1133 2010 1357 2045 ὲπιστησομένου,
1370 2008 1416 2034 καὶ
1432 2007 1480 2042 τὴν
1494 2006 1571 2033 ἄθεον
1584 2005 1630 2031 xui.
1642 2002 1809 2038 μεγάλαυχον
1822 2008 1924 2035 τυραν-

1135 2056 1194 2082 vitia
1213 2054 1260 2081 τοῦ
1277 2053 1335 2080 υἱοῦ
1351 2053 1400 2087 τῆς
1415 2051 1551 2082 ἀπωλείας
1569 2049 1713 2084 καταργεῖν
1730 2046 1870 2082 μέλλοντος
1885 2045 1922 2079 τῇ

1135 2100 1280 2135 ἐπιφανείᾳ
1302 2099 1351 2133 τῆς
1376 2096 1525 2132 παρουσίας
1544 2094 1636 2127 αὐτοῦ,
1658 2093 1809 2120 ἀναλίσκειν
1833 2099 1862 2116 τε
1881 2089 1923 2124 τῷ

1136 2148 1271 2183 πνεύματι
1296 2146 1342 2172 τοῦ
1367 2145 1498 2179 στόματος
1522 2142 1614 2174 αὑτοῦ,
1636 2141 1689 2167 τῶν
1707 2148 1735 2166 τε
1753 2136 1924 2173 ἐπουρανίων

1138 2182 1297 2228 πνευμάτων
1319 2191 1365 2217 καὶ
1378 2190 1430 2217 τῶν
1441 2190 1519 2216 θείων
1534 2189 1580 2215 καὶ
1591 2185 1741 2221 ἀγγελικῶν
1758 2182 1924 2217 λειτουργῶν

299 2243 405 2270 accidet
426 2247 454 2269 ut
473 2242 603 2269 caelorum
624 2242 738 2268 virtutes
758 2246 990 2268 commoveantur.
1008 2240 1074 2267 Tum

1135 2239 1182 2266 τοῦ
1199 2239 1266 2265 Θεοῦ
1280 2238 1324 2264 τὸν
1339 2237 1403 2263 Υίὸν
1423 2235 1469 2262 τοῦ
1487 2234 1553 2261 Θεοῦ
1571 2231 1788 2269 δορυφορούντων
1810 2229 1856 2255 καὶ
1873 2228 1924 2254 σὺν

300 2287 365 2314 illud
377 2288 459 2315 etiam
475 2287 623 2314 veridicum
634 2287 748 2314 evadet:
767 2286 886 2313 Attullite
898 2292 998 2321 portas,
1013 2287 1083 2320 prin-

298 2334 383 2367 cipes,
402 2337 520 2365 vestras,
544 2337 568 2358 et
593 2332 707 2358 introibit
719 2332 774 2359 Rea:
795 2333 887 2367 gloriw
902 2333 935 2359 σι.
961 2331 1082 2365 Quonam

300 2386 366 2406 vero
386 2378 526 2410 introibit,
550 2377 600 2404 nisi
623 2377 649 2403 in
668 2384 763 2404 recens
778 2377 905 2404 saeculum
932 2385 1083 2412 n0vumque

299 2423 414 2451 orbem?
443 2422 516 2450 Sane
537 2421 716 2449 invisibilibus
736 2422 956 2457 incorporeisque
973 2423 1083 2449 virtuti-

298 2469 349 2496 bus
361 2488 368 2501 ,
386 2476 445 2503 qua
460 2468 508 2495 ιοιὶ
524 2467 593 2495 coelo
608 2467 798 2499 moderantur,
821 2475 836 2494 e
850 2475 898 2494 sua
910 2471 1011 2494 aeterna
1029 2471 1084 2494 sta-

302 2516 375 2542 tione
388 2514 544 2546 commotis,
559 2514 644 2547 ipsum
661 2513 759 2540 caelum
776 2514 931 2541 universum
947 2519 974 2541 et
986 2513 1028 2541 sol
1051 2522 1084 2541 ac

300 2561 362 2587 luna
378 2559 516 2594 stellaeque
529 2559 692 2590 transibunt.
711 2559 847 2594 patefacto
862 2563 943 2592 ctnlo,
959 2565 986 2587 et
996 2560 1085 2594 januis

300 2614 360 2641 qua:
375 2607 409 2634 ab
430 2605 496 2634 orbe
520 2606 628 2633 condito
648 2606 746 2634 clausa:
763 2606 887 2639 fuerant,
906 2606 962 2642 jam
978 2614 1085 2634 resera-

301 2654 355 2686 tis;
380 2657 460 2687 atque
487 2654 523 2680 ita
553 2652 756 2687 superccelestia
780 2652 919 2687 patebunt,
936 2658 1085 2680 aeternum-

300 2706 353 2733 que
379 2699 426 2726 Dei
459 2707 569 2734 rt-gnum
597 2699 773 2734 conspicuum
793 2699 896 2726 cunctis
919 2700 992 2725 erit:
1014 2697 1083 2732 quod

300 2753 365 2772 sane
381 2753 491 2780 regnum
511 2750 540 2772 ut
563 2744 617 2772 cito
635 2744 720 2778 adsit,
738 2744 807 2771 votis
827 2752 887 2772 esse
908 2743 1084 2778 ﬂagitandum

301 2791 429 2819 Servator
450 2790 558 2824 docuit,
577 2791 641 2818 dum
660 2790 686 2817 in
709 2797 789 2825 prece
811 2790 856 2817 illa
879 2790 969 2816 dicere
983 2789 1083 2825 jussit:

335 2873 509 2914 "133.1.3}.l
522 2873 567 2914 se.
606 2873 709 2914 "ibid.
732 2874 775 2901 δι.
814 2875 837 2891 ιθ
851 2875 915 2903 ibid.
933 2874 978 2902 35.
1014 2874 1054 2914 ft
1070 2873 1135 2902 ibid.
1149 2872 1194 2901 ιθ.

301 2916 357 2942 XM,
374 2908 419 2935 26.
458 2909 478 2924 “
491 2909 561 2937 Psal.
577 2916 654 2943 mn,
670 2909 695 2935 7.

1135 2285 1208 2320 αὐτῷ
1222 2283 1425 2319 παρεσομένων,
1441 2282 1470 2307 αἱ
1484 2280 1610 2314 δυνάμεις
1621 2278 1674 2304 τῶν
1688 2275 1808 2312 οὐρανῶν
1824 2273 1923 2300 σαλευ-

1135 2330 1260 2365 θήσονται
1272 2338 1278 2343 ·
1292 2329 1329 2360 ὡς
1343 2328 1403 2354 τότε
1419 2324 1589 2361 πληροῦσθαι
1601 2323 1640 2351 τό·
1656 2323 1756 2365 ᾌρατε
1767 2321 1877 2352 πύλας,
1894 2327 1923 2346 ο.

1134 2364 1287 2410 ᾰρχοντες,
1301 2373 1393 2409 ὑμῶν,
1408 2373 1455 2399 καὶ
1466 2371 1669 2398 εἰσελεύσεται
1676 2364 1697 2395 id
1711 2365 1859 2398 Βασιλεὺς
1867 2364 1924 2399 τῆς

1136 2421 1238 2455 δόξης.
1254 2420 1308 2447 Ποῦ
1323 2420 1351 2446 δὲ
1364 2418 1544 2445 εἰσελεύσεται
1561 2416 1578 2452 ἢ
1590 2417 1630 2447 εἰς
1645 2415 1691 2441 τὸν
1704 2414 1763 2439 νέον
1776 2412 1862 2439 αἰῶνα
1876 2409 1924 2437 καὶ

1134 2467 1185 2502 τὴν
1198 2466 1292 2501 καινὴν
1314 2465 1493 2500 οἱκουμένην;
1509 2462 1563 2489 Καὶ
1584 2462 1615 2497 δὴ
1633 2461 1686 2487 τῶν
1706 2459 1845 2494 δυνάμεων
1870 2457 1924 2483 τῶν

1136 2513 1248 2548 ἀφανῶν
1269 2513 1316 2539 xui.
1332 2512 1496 2547 ἀσωμάτων,
1524 2509 1556 2535 δι’
1577 2505 1615 2535 ὧν
1639 2508 1654 2534 ὁ
1677 2506 1788 2541 σύμπας
1809 2502 1924 2548 οὐρανὸς

1136 2560 1287 2592 διοικεῖται,
1300 2558 1349 2594 τῆς
1369 2556 1398 2589 ἐξ
1419 2556 1515 2586 αἰῶνος
1532 2554 1652 2584 στάσεως
1675 2547 1923 2587 παρακινηθεισῶν,

1136 2606 1184 2632 καὶ
1194 2604 1277 2636 αὐτὸς
1287 2605 1301 2631 ὁ
1316 2592 1426 2639 σύμπας
1438 2601 1550 2637 οὐρανὸς
1560 2600 1633 2636 ἥλιός
1647 2607 1677 2625 τε
1690 2597 1736 2624 καὶ
1751 2595 1860 2631 σελήνη,
1876 2592 1924 2639 xui.

1136 2651 1250 2687 ἀστέρες
1264 2649 1485 2686 παρελεύσονται,
1501 2645 1675 2681 ἀνοιγομένου
1682 2643 1729 2670 τοῦ
1738 2640 1865 2678 οὐρανοῦ,
1877 2638 1924 2666 καὶ

1137 2696 1191 2723 τῶν
1218 2696 1249 2729 ἐξ
1271 2696 1367 2727 αἰῶνος
1393 2693 1590 2728 κεκλεισμένων
1609 2689 1692 2718 αὑτοῦ
1719 2688 1810 2715 πυλῶν
1825 2693 1926 2713 avum-

1137 2743 1319 2778 ταννυμένων,
1343 2741 1380 2772 ὡς
1403 2740 1436 2767 ἂν
1452 2740 1557 2774 ὀφθεῖεν
1581 2735 1788 2772 τὰ.ὑπουράνια,
1807 2732 1852 2759 καὶ

1139 2776 1235 2820 αἰῶνος
1265 2788 1312 2814 τοῦ
1327 2787 1394 2814 Θεοῦ
1416 2786 1537 2822 βασιλεία
1550 2783 1681 2820 φανηθείη
1706 2783 1761 2812 τοῖς
1776 2780 1858 2806 πᾶσιν
1868 2786 1874 2793 ·
1890 2776 1924 2812 ἠν

1822 2863 1844 2878 ⁸ο
1857 2861 1924 2889 Luc.

1247 2872 1269 2888 ⁵⁸
1282 2872 1346 2900 Luc.
1366 2880 1421 2906 ut,
1441 2871 1486 2899 ‘25.
1540 2871 1562 2887 ⁵ο
1578 2870 1586 2897 l
1600 2868 1662 2897 Cor.
1675 2874 1721 2900 vn,
1738 2865 1782 2892 5|.
