2061 3215
155 183 205 211 597

737 185 984 214 conuentum
1002 187 1035 215 1N
1055 174 1182 216 Lucan.

1717 194 1769 222 59B

156 239 186 274 δὴ
200 239 246 266 καὶ
261 237 486 276 προσεύχεσθαιῇ
500 241 581 276 τάχος
594 241 843 277 ἐπιστῆναι,,αύτὸς
857 244 870 269 ὁ
885 243 939 270 Σω-

989 246 1115 274 Adveniet
1130 255 1239 282 regnum
1256 252 1351 280 tuum;
1375 248 1424 282 ﬁat
1437 249 1556 277 voluntas
1571 255 1635 283 tua,
1655 252 1722 279 sicut
1741 254 1770 281 in
1802 235 1804 238 i

156 284 207 319 τὴρ
224 283 337 317 ἐδίδαξε,
362 285 450 319 λέγειν
472 286 500 312 ἐν
514 287 547 321 τῇ
561 288 699 322 προσευχῇ
715 288 938 323 παρακελευόμε-

157 339 200 361 νος
211 338 218 345 ·
239 329 360 357 Ἐλθέτω
372 330 392 363 ’ιῖ
399 331 542 363 ,ϐασιλεία
554 340 623 364 σου,
638 333 790 368 γενηθήτω
804 335 835 360 τὸ
852 335 939 369 θέλη-

156 375 197 409 μιί
213 383 271 402 σου
288 376 329 409 ὡς
344 376 378 402 ἐν
395 377 509 411 οὐρανῷ
526 378 574 404 καὶ
590 378 639 404 ἐπὶ
656 378 711 413 τῆς
725 378 798 414 γῆς·
818 379 890 407 οὕτω
910 389 939 406 τε

156 421 208 448 τῶν
223 421 349 457 φθαρτῶν
360 422 407 451 καὶ
422 424 583 458 σωματικῶν
600 424 795 460 παρελθόντων,
812 425 846 452 τὰ
858 427 940 462 νοητά

157 467 202 494 καὶ
216 467 328 502 οὐράνια
342 468 517 504 ἐπιστήσεται
529 478 536 484 ·
553 470 597 496 ὅτε
616 470 662 497 καὶ
677 471 694 506 ἡ
704 471 849 504 ἀσάλευτος
862 472 939 507 βασι-

156 512 214 539 λεία
234 513 281 540 τοῦ
303 514 400 549 μηκέτι
418 514 650 551 παρελευσομένου
674 517 770 549 αἰῶνος
791 518 940 553 καθηγήσε-

156 567 210 591 ται,
227 559 318 590 καινός
334 568 363 586 τε
383 560 430 587 καὶ
446 561 506 593 νέος
520 562 643 597 οὐρανὸς,
657 563 691 598 γῆ
702 572 732 589 τε
745 564 824 599 καινὴ
840 565 939 599 συστή-

158 614 231 631 σεται
243 605 313 632 κατὰ
326 606 371 632 τὸν
383 607 506 642 φήσαντα
522 609 677 644 προφήτην·
692 609 796 636 Ἔσται
812 610 939 643 οὐρανὸς

157 650 263 686 καινὸς
278 650 327 677 καὶ
350 650 369 684 ἠ
385 651 423 686 γῆ
437 651 537 686 καινὴ,
565 652 583 680 ἃ
607 653 663 688 ἐγὼ
680 652 753 680 ποιῶ
772 654 875 688 μένειν
892 654 938 680 ἐν’-

156 695 250 722 ώπιόν
257 704 326 733 μου,
335 696 416 732 λέγει
424 698 540 732 Κύριος.

174 745 209 770 At
220 743 276 780 γὰρ
292 744 432 779 δυνάμεις
447 745 506 773 τῶν
519 747 653 781 οὐρανῶν
671 748 924 784 σαλευθήσονται.

172 790 223 823 ,Δί
243 790 288 817 τὸν
309 791 442 828 πρότερον
459 793 545 820 αἰῶνα
567 794 793 830 διακονησάμεναι
809 795 938 831 δυνάμεις

156 836 186 862 ἐν
201 837 238 873 τῇ,
252 838 378 865 συστάσει
391 838 438 865 τοῦ
453 839 583 875 προτέρου
596 839 709 876 κόσμου,
723 842 779 872 τοῖς
798 850 828 868 τε
842 841 938 877 αἰσθη-

156 883 211 913 τοῖς
236 883 331 919 μέρεσι
358 883 404 910 τοῦ
424 885 524 917 παντὸς
536 886 761 922 ὲπιστατήσασαι,
776 887 836 913 τότε
848 887 880 923 δὴ
892 896 939 914 σα-

156 928 340 964 λευθήσονται,
369 929 406 962 ὼς
430 930 463 957 ἂν
493 931 646 967 κρείττονος
669 931 774 967 τύχοιεν
806 933 936 966 στάσεως.

157 973 231 1006 Τέως
247 974 296 1010 μὲν
309 975 362 1011 γὰρ
371 975 524 1004 δουλεύουσι
538 977 666 1014 φθαρτοῖς
682 978 788 1013 σώμασι
803 978 939 1006 διακονού-

158 1026 244 1053 μεναι,
261 1019 330 1046 κατὰ
342 1020 370 1046 δὲ
385 1020 430 1046 τὸν
446 1021 504 1048 νέον
520 1022 606 1049 αἰῶνα
619 1022 878 1059 ἐλευθερωθήσονται
892 1025 938 1051 καὶ

156 1065 235 1091 αὐταὶ
257 1065 311 1093 ἀπὸ
327 1067 376 1102 τῆς
391 1066 510 1099 δουλείας
523 1067 573 1103 τῆς
588 1068 691 1102 φθορᾶς
709 1069 749 1100 εἰς
764 1068 813 1104 τὴν
834 1069 940 1098 ὲλευθετ

157 1108 216 1143 ρίαν
235 1108 286 1143 τῆς
301 1109 378 1145 δόξης
390 1109 444 1136 τῶν
460 1110 562 1138 τέκνων
577 1111 624 1138 τοῦ
643 1111 721 1141 Θεοῦ.
743 1113 803 1139 Ἐπὶ
823 1113 872 1149 μὲν
885 1114 938 1150 γὰρ

156 1153 202 1180 τοῦ
218 1155 350 1193 παρόντος
364 1157 512 1192 στενάζειὴ
529 1157 615 1189 κτίσις
626 1159 658 1194 τῇ
676 1158 763 1194 φθορᾷ
781 1159 835 1186 τῶν
849 1160 940 1196 αἰσθη-

157 1199 209 1226 τῶν
227 1201 358 1235 σωμάτων
374 1201 544 1235 δουλεύουσα,
575 1204 622 1229 καὶ
645 1203 694 1239 τὴν
718 1205 820 1232 οἰκείαν
846 1205 939 1233 στάσιν

157 1244 334 1278 φυλάττουσα,
366 1247 394 1273 ὲν
461 1248 627 1283 κατέστησεν
643 1249 726 1284 αὐτὴν
747 1251 761 1276 ὁ
776 1250 823 1276 τοῦ
841 1250 939 1283 παντὸς

157 1291 256 1327 Κύριος
266 1300 273 1306 ·
290 1292 351 1319 τότε
362 1293 399 1325 δὲ,
414 1294 483 1320 κατὰ
493 1294 541 1330 τὴν
558 1295 688 1330 σωτήριον
700 1295 855 1330 θεοφὰνειαν
866 1297 940 1324 ἐλευ-

157 1336 304 1371 θερωθεῖσα
315 1337 363 1373 τῆς
381 1338 427 1365 νῦν
445 1339 573 1372 στάσεως,
589 1340 634 1367 ἐπὶ
643 1341 676 1370 τὰ
690 1340 806 1377 κρείττω
821 1342 942 1378 μεταδίλη

158 1390 247 1411 σεταικ

162 1429 343 1468 Ἀρχομένωκ
358 1430 393 1468 δᾴ
408 1431 520 1468 τούτων
532 1433 677 1466 τίνεσθαι,
699 1434 874 1468 ἀνακύψατε
890 1434 939 1461 καί

330 1465 458 1500 ἐπάρατε
468 1467 520 1498 τὰς
528 1465 660 1502 κεφαλὰς
671 1469 763 1503 ὑμῶν.

193 1510 273 1544 Λέγει
287 1511 412 1538 δὲταῦτα
426 1512 481 1547 (75)
501 1513 568 1548 πρὸς
591 1514 653 1545 τοὺς
678 1514 810 1549 μαθητὰς,
835 1516 883 1551 οὐχ
903 1515 940 1547 ὠς

159 1555 303 1590 μέλλοντας
320 1557 416 1589 αὐτοὺς
431 1557 569 1594 ζήσεσθαι,
591 1560 638 1586 καὶ
654 1560 820 1595 παραμένειν
838 1560 876 1596 τῷ
890 1561 939 1596 βίῳ

157 1601 238 1637 μέχρι
255 1602 303 1637 τῆς
317 1603 479 1636 συντελείας,
506 1604 562 1630 ἀλλ’
579 1604 617 1636 ὼς
638 1605 696 1636 ἐνὸς
718 1605 793 1637 ὄντος
817 1605 940 1641 σώματος

155 1647 245 1674 αὐτῶν
264 1657 294 1674 τε
309 1649 355 1675 καὶ
369 1649 456 1685 ἡμῶν,
476 1650 530 1677 τῶν
546 1659 575 1677 τε
594 1650 663 1686 μετὰ
684 1651 770 1678 ταῦτα
791 1652 871 1688 μέχρι
891 1652 941 1687 τῆς

155 1693 308 1725 συντελείας
330 1695 370 1723 εἰς
387 1695 467 1721 αὐτὴν
488 1697 718 1729 πεπιστευκότων,
741 1697 788 1724 καὶ
811 1697 843 1724 δι’
861 1698 940 1725 αὑτὸν

155 1738 225 1765 κατά
241 1739 285 1765 τὸν
297 1740 417 1774 παρόντα
433 1740 488 1775 βίον
502 1742 755 1777 τεταπεινωμένων,
783 1743 849 1769 Τότε
873 1743 940 1778 γοῦν

154 1783 334 1816 ἀπολαϐόντες
344 1785 393 1817 τὰς
403 1787 568 1821 ἐπαγγελίας
583 1788 624 1822 ἐφ’
642 1785 685 1819 αἷς
699 1787 859 1824 ἠλπίζομεν,
873 1789 940 1816 ἁνα-

154 1828 275 1864 κύῴομεν
302 1831 333 1856 οἱ
347 1830 406 1857 τότε
422 1833 630 1867 συγκεκυφότες,
654 1833 701 1859 καὶ
720 1834 876 1869 ἑπαροῦμεν
891 1834 939 1866 τὰς

156 1876 275 1913 κεφαλὰς
286 1877 365 1912 ἡμῶν
378 1877 403 1903 οἱ
417 1878 500 1904 πάλαι
510 1879 746 1914 τεταπεινωμένοι.
765 1880 796 1906 Ἠ
807 1879 861 1915 γάρ
873 1881 940 1906 ἀπο-

155 1921 286 1957 λύτρωσις
300 1922 378 1958 ὴμῶν
427 1923 634 1960 προσδοκωμένη
652 1924 721 1960 αὐτὴ
741 1925 831 1959 ἐκείνη
851 1925 937 1959 ἔσται,

155 1967 187 2002 ἢν
202 1967 249 1993 καὶ
264 1968 280 2002 ἡ
296 1968 369 1994 πᾶσα
377 1967 465 1999 κτίσις
480 1968 614 2004 προσδοκᾷ
621 1969 690 1995 κατά
704 1969 752 2004 τὴν
760 1970 938 2006 ἀποστολικὴν

154 2011 335 2044 διδασκαλίαν,
353 2012 386 2048 ῆν
401 2012 448 2038 κα)⁶
464 2012 569 2044 Παῦλος
582 2014 796 2049 ἀπεκδεχόμενος
818 2015 938 2047 στενάζει

155 2059 213 2089 ταῖς
234 2058 376 2093 σωτηρίοις
396 2059 497 2093 φωναῖς
516 2059 657 2086 δουλεύων.
676 2060 743 2086 Πότε
756 2061 784 2086 δὲ
803 2061 904 2095 ἐγγίζει
920 2062 936 2096 ἡ

155 2104 350 2140 ἀπολύτρωσις,
362 2105 482 2141 ἀκριϐῶς
490 2105 608 2139 ἐδίδαξεν
619 2105 713 2139 εἰπὼν,
725 2107 765 2133 ὅτι
777 2106 878 2133 τούτων
890 2108 939 2143 ap.

154 2149 274 2184 χθμένων
286 2149 417 2184 γίνεσθαι.
436 2150 482 2186 Μὴ
503 2151 557 2186 γὰρ
574 2151 742 2187 ἀρχομένων,
761 2152 818 2179 ἀλλ’
831 2153 881 2188 ἤδη
899 2154 938 2186 εἰς

155 2195 221 2230 ἔργα
234 2196 393 2231 χωρούντων
405 2196 459 2223 τῶν
475 2196 636 2232 λεγομένων,
656 2198 746 2224 οὐκέτι
763 2198 881 2232 ἐγγίζειν
901 2199 939 2225 εἰ-

154 2241 201 2272 κὸς
217 2241 265 2276 τὴν
274 2241 472 2277 ἀπολύτρωσιν,
489 2243 546 2269 ἀλλ’
558 2243 648 2278 ἔργοις
660 2243 848 2271 ἐπιτελεῖσθαι.
869 2244 898 2270 ὐ
910 2245 937 2270 δὲ

153 2286 224 2317 θεῖος
246 2286 402 2319 Ἀπότττολος
415 2289 462 2314 καὶ
475 2288 538 2324 ὅλης
552 2288 636 2323 αὐτῆς
646 2289 695 2323 τῆς
712 2289 824 2321 κτίσεως
838 2290 939 2316 ἀπολύ-

153 2338 256 2367 τρωσιν
270 2331 316 2357 καὶ
331 2332 484 2368 ἐλευθερίαν
497 2333 557 2359 τότε
573 2333 737 2368 γενήσεσθαι
752 2334 882 2366 διδάσκει,
897 2334 940 2361 διὰ

153 2376 202 2402 τὸν
224 2375 351 2411 μέλλοντα
380 2379 425 2404 καὶ
450 2379 533 2414 αὐτῆς
561 2379 684 2413 γίνεσθαι
705 2379 751 2406 ἐπὶ
772 2379 802 2405 τὸ
820 2381 940 2416 κρεῖττον

157 2423 422 2457 μετασχηματισμόν.
450 2425 494 2451 Διό
525 2433 605 2460 φησι·
635 2425 687 2452 Καὶ
716 2425 792 2459 αὐτὴ
809 2427 827 2460 ἡ
844 2427 941 2459 κτίσις

154 2467 422 2502 ἐλευθερωθήσεται
435 2469 494 2496 ἀπὸ
507 2469 562 2503 τῆς
571 2470 710 2503 δουλείας
718 2469 770 2504 τῆς
778 2471 890 2505 φθορᾶς
897 2473 940 2505 εἰς

154 2514 211 2548 τὴν
225 2514 398 2548 ἐλευθερίαν
410 2514 464 2548 τῆς
483 2515 574 2548 δόξης
589 2515 647 2542 τῶν
659 2516 771 2543 τέκνων
785 2517 836 2543 τοῦ
853 2517 937 2544 Θεοῦ.

160 2559 318 2596 Ἀφθάρτων
330 2560 384 2595 γὰρ
399 2561 524 2587 ἁπάντων
547 2562 592 2587 καὶ
606 2561 747 2588 ἀθανάτων
765 2563 819 2589 τῶν
836 2563 936 2590 τέκνων

154 2605 200 2632 τοῦ
222 2605 289 2632 Θεοῦ
315 2605 360 2632 τὸν
379 2606 438 2632 νέον
453 2606 618 2641 οἰκησάντων
632 2607 726 2638 αἰῶνα,
750 2608 832 2643 ἐχρῆν
853 2608 937 2643 δήπου

155 2652 201 2678 καὶ
220 2651 270 2687 τὴν
282 2651 369 2678 κτίσιν
391 2652 476 2688 αὐτὴν
489 2652 537 2688 τὴν
553 2653 600 2679 νῦν
617 2655 649 2689 τῇ
662 2653 766 2689 φθαρτῇ
788 2653 867 2688 φύσει
881 2654 940 2681 δου-

154 2697 291 2732 λεύουσαν,
299 2699 339 2730 είς
348 2698 484 2733 ἄφθαρτον
498 2698 590 2724 οὐσίαν
602 2699 772 2734 μεταϐαλεῖν,
781 2700 827 2734 τῆς
840 2700 941 2735 παρού-

163 2751 213 2778 σης
237 2744 430 2776 καταστάσεως
451 2743 683 2780 ὲλευθερωθεῖσαν.
697 2745 837 2780 Εὐκαίρως
850 2745 942 2780 μέντοτ

155 2789 205 2825 τῷ·
218 2790 271 2817 Kal
283 2791 350 2818 τότε
366 2790 558 2830 ὅψονεᾳέιτόν
576 2790 643 2816 Υἱὸν
657 2791 710 2818 τοῦ
724 2790 878 2825 ἀνθρώπου
892 2791 938 2824 ἐιρ-

990 293 1053 319 ιιτίο
1067 298 1090 319 et
1114 293 1141 319 in
1161 298 1248 322 terra..
1259 294 1347 328 Atque
1370 294 1406 322 ita
1418 315 1427 327 ,
1444 296 1663 330 corruptibilibus
1676 305 1772 333 corpo-

991 338 1098 373 reisque
1116 339 1194 366 relms
1214 339 1373 374 prznteritis,
1392 341 1580 369 intellectualia
1603 347 1630 369 et
1648 343 1771 371 ccelestia

990 383 1146 412 succedent.
1160 383 1237 412 Tunc
1253 385 1333 412 etiam
1352 385 1542 413 inconcussum
1570 395 1680 422 regnum
1705 396 1771 423 prte-

989 429 1043 456 erit
1064 430 1161 457 saeculo
1187 438 1324 465 nunquam
1359 432 1521 464 transituro;
1554 441 1706 468 novumque
1738 441 1771 462 ac

989 483 1084 503 recens
1111 476 1219 508 coelum.
1249 482 1374 512 terraque
1401 485 1469 504 nova
1480 478 1608 511 exsistet;
1635 479 1703 507 sicut
1732 481 1772 508 ait

990 522 1118 556 propheta
1132 531 1139 548 :
1155 522 1254 550 Caelum
1277 524 1326 549 erit
1350 532 1461 555 nouum,
1485 532 1600 559 novaque
1624 530 1692 552 terra
1707 532 1717 551 :
1731 531 1772 552 t-

989 575 1037 601 que
1054 567 1109 594 Iure
1132 576 1178 602 ego
1198 576 1287 594 coram
1314 576 1353 595 me
1371 577 1522 603 permanere
1544 570 1683 602 nmndabo.
1708 571 1771 597 dicit

989 612 1163 641 Dominusfh

1070 745 1092 762 "
1104 745 1175 772 Nam
1193 746 1301 774 virtutes
1313 746 1438 774 cwlarum
1453 747 1691 775 commovebuntur.

1025 791 1089 825 Quae
1116 792 1199 826 priori
1223 791 1322 819 saeculo
1345 792 1535 820 deserviebant
1554 793 1682 828 virtutes,
1708 793 1772 820 dum

989 838 1064 872 prior
1079 836 1122 865 ille
1136 837 1250 864 mundus
1269 837 1443 870 subsisteret,
1463 843 1490 865 et
1503 838 1616 874 singulis
1632 840 1691 874 ejus
1708 847 1772 873 par.
1795 847 1799 864 :

990 882 1061 910 tibus
1078 883 1228 917 praepositae
1247 883 1373 915 fuerant,
1394 889 1456 911 tunc
1484 884 1592 912 demum
1615 892 1771 913 commove—

951 918 976 948 Β
988 928 1100 961 buntur,
1116 933 1145 956 ut
1157 929 1295 956 meliorem
1315 930 1460 958 stationem
1478 931 1678 959 nanciscantur.
1696 930 1773 958 Nunc

989 975 1060 1002 enim
1085 975 1276 1009 corruptilibus
1302 975 1424 1002 serviunt
1451 976 1622 1010 corporibus,
1651 977 1697 1004 sed
1725 977 1771 1004 illo

989 1020 1087 1048 seculo
1101 1020 1309 1048 vindicabuntur
1323 1025 1351 1048 et
1364 1021 1433 1055 ipsa
1447 1029 1480 1048 ex
1494 1022 1604 1051 servitio
1619 1027 1700 1057 atque
1714 1030 1773 1049 cor-

989 1065 1092 1100 ruptela
1107 1065 1133 1092 in
1149 1065 1301 1094 libertatem
1322 1066 1413 1101 gloriae
1429 1067 1543 1095 ﬁliorum
1560 1068 1618 1096 Dei.
1641 1068 1670 1095 In
1702 1076 1772 1103 prte-

988 1113 1060 1139 senti
1088 1112 1159 1142 enim
1186 1117 1310 1140 creatura
1335 1113 1489 1147 ingemiscit
1514 1113 1577 1142 dum
1603 1114 1771 1148 sensibilium

988 1165 1130 1192 corporum
1158 1159 1241 1185 servit
1269 1159 1447 1194 corruptelae,
1473 1167 1604 1193 suamque
1626 1160 1772 1188 stationem

989 1205 1104 1237 retinet,
1123 1204 1149 1231 in
1170 1213 1222 1240 qua
1239 1213 1300 1232 eam
1323 1212 1415 1232 rerum
1434 1205 1554 1233 omnium
1574 1205 1703 1233 Dominus
1716 1206 1772 1233 col-

989 1249 1095 1277 locavit.
1112 1250 1186 1278 Tunc
1202 1258 1264 1278 vero
1279 1242 1471 1278 inServaloris
1483 1251 1528 1278 Dei
1543 1251 1771 1284 manii‘estatione,

989 1304 1006 1325 ξι
1019 1297 1143 1331 praesenti
1159 1297 1282 1332 expedita
1297 1300 1381 1330 statu,
1403 1296 1429 1325 in
1447 1297 1586 1325 meliorem
1603 1297 1738 1325 transibit.

1012 1429 1034 1445 “
1049 1429 1098 1457 lli:
1114 1434 1199 1456 autem
1216 1428 1275 1462 ﬁeri
1288 1428 1485 1470 incipientibus,
1497 1430 1622 1466 respicite
1635 1435 1660 1458 et
1675 1431 1754 1458 levate

1280 1469 1365 1498 capita
1386 1470 1481 1492 uestra.

1025 1509 1088 1537 Hatc
1102 1510 1139 1537 ait
1153 1509 1302 1544 discipulis,
1317 1517 1369 1536 non
1382 1509 1454 1544 quod
1469 1510 1535 1546 ipsis
1549 1514 1621 1539 esset
1643 1518 1727 1546 usque
1738 1512 1773 1538 ad

991 1556 1081 1584 σπουΙί
1096 1556 1360 1583 consummationem
1378 1556 1431 1582 vita
1447 1554 1632 1590 superfutura,
1647 1556 1694 1584 sed
1709 1556 1771 1591 quia

954 1595 975 1624 CI
991 1602 1072 1630 iidem
1088 1602 1226 1630 nobiscum
1242 1609 1324 1628 unum
1341 1608 1439 1636 corpus
1463 1601 1654 1636 constituunt,’
1669 1610 1772 1631 necnon

992 1653 1122 1685 quotquot
1135 1655 1221 1683 usque
1235 1647 1268 1675 ad
1287 1647 1547 1675 consummationem
1562 1647 1670 1674 Christo
1681 1647 1774 1675 credi-

992 1695 1043 1722 turi
1057 1698 1130 1727 sunt,
1143 1699 1224 1729 atque
1238 1693 1295 1728 eius
1310 1700 1390 1720 causa
1403 1697 1563 1727 praesentem
1580 1693 1662 1720 vitam
1682 1693 1709 1720 in
1727 1693 1774 1720 hu-

991 1741 1104 1768 militate
1117 1740 1276 1768 traducturi.
1291 1739 1367 1766 Tunc
1384 1739 1476 1774 igitur,
1492 1746 1522 1766 re
1536 1747 1617 1774 quam
1633 1747 1774 1774 speramus

991 1786 1144 1821 impetrata,
1162 1786 1286 1813 tollemus
1297 1785 1390 1812 oculos
1403 1785 1448 1819 qui
1460 1784 1591 1812 hactenus
1604 1785 1677 1812 bumi
1692 1783 1772 1811 deﬁxi

990 1835 1078 1863 erant,
1092 1836 1226 1866 caputque
1240 1830 1374 1865 erigemus
1387 1830 1432 1864 qui
1448 1829 1512 1857 olim
1526 1829 1645 1864 depressi
1659 1829 1773 1857 ruimust

990 1875 1052 1904 llaec
1066 1881 1106 1904 est
1123 1876 1194 1903 enim
1209 1883 1289 1910 quam
1305 1880 1492 1910 exspectamus
1504 1874 1673 1908 redemptio;
1691 1882 1771 1912 qham

989 1922 1092 1956 reliqua
1113 1922 1193 1948 etiam
1217 1926 1343 1949 creatura
1366 1922 1455 1949 omnis
1478 1921 1671 1956 praestabitur,
1696 1921 1772 1956 juxta

989 1967 1164 2002 apostolicam
1189 1967 1352 2000 doctrinam,
1373 1975 1424 2002 qua
1439 1966 1539 1994 Paulus
1554 1967 1635 1994 etiam
1657 1966 1775 1994 imbutus

990 2014 1140 2048 ingemiscit
1149 2014 1174 2029 ⁸⁵·
1185 2013 1338 2040 Servatoris
1353 2013 1464 2040 vocibus
1474 2012 1671 2040 obsecundans.
1683 2011 1775 2046 Quan-

990 2059 1087 2086 donam
1107 2064 1195 2085 autem
1219 2057 1464 2093 appropinquatum
1493 2057 1529 2085 sit
1547 2057 1714 2092 redemptio,
1735 2063 1776 2083 ac-

989 2110 1081 2134 curate
1103 2106 1194 2133 docuit
1211 2106 1304 2133 dicens
1321 2114 1327 2131 :
1344 2104 1394 2132 His
1411 2105 1470 2139 ﬁeri
1493 2104 1687 2139 incipientibus.
1706 2102 1774 2130 Cum

991 2153 1062 2180 enim
1074 2151 1129 2186 jam
1141 2151 1211 2178 dicta
1223 2158 1303 2186 opera
1320 2151 1477 2185 decurrant,
1498 2151 1571 2178 haud
1592 2150 1701 2177 videtur
1716 2157 1775 2184 pro-

989 2197 1121 2232 pinquare
1136 2196 1295 2231 redemptio,
1314 2197 1361 2224 sed
1381 2204 1462 2232 opere
1475 2196 1533 2231 ipso
1546 2195 1687 2230 compleri.
1703 2195 1774 2230 Apo-

992 2244 1077 2271 slolus
1089 2249 1177 2271 autem
1194 2244 1277 2270 totius
1290 2250 1398 2278 quoque
1414 2247 1544 2270 creatura:
1559 2241 1774 2276 redemptionem

992 2297 1022 2316 ac
1036 2289 1186 2316 libertatem
1205 2294 1267 2316 tunc
1284 2288 1340 2316 lore
1355 2289 1444 2322 docet,
1461 2291 1573 2322 propter
1594 2287 1712 2314 futuram
1725 2285 1781 2313 sci-.

988 2335 1051 2362 licet
1069 2335 1127 2368 ejus
1145 2342 1252 2370 quoque
1273 2335 1299 2362 in
1318 2335 1414 2362 melius
1430 2332 1710 2360 transformationem.
1729 2330 1776 2358 Ida

989 2382 1063 2408 circo
1079 2381 1137 2408 ait:
1158 2381 1190 2407 Et
1209 2382 1266 2416 ipsa
1286 2385 1407 2407 creatura
1427 2378 1602 2406 rindicabilur
1619 2385 1632 2404 ε
1654 2377 1774 2403 servitute

989 2427 1162 2461 corruptionis
1193 2427 1221 2452 in
1246 2426 1391 2452 libertatem
1416 2425 1507 2460 gloria:
1534 2423 1650 2457 ﬁliorum
1679 2421 1727 2449 Dei
1739 2422 1772 2449 θ’.

991 2470 1058 2498 Nam
1074 2479 1135 2497 cum
1156 2478 1250 2497 omnes
1273 2469 1490 2504 incorruptibiles
1506 2473 1588 2503 atque
1608 2466 1775 2495 immortales

991 2517 1132 2550 sum-tique
1150 2521 1176 2543 et
1200 2515 1271 2543 beati
1299 2515 1345 2542 ﬁlii
1369 2514 1416 2542 Dei
1435 2521 1533 2541 novum
1554 2512 1680 2540 smenlum
1700 2513 1775 2539 incoo

991 2562 1056 2594 leni,
1071 2568 1135 2589 tunc
1152 2569 1219 2596 opus
1234 2563 1287 2589 erit
1301 2562 1385 2595 ipsam
1400 2567 1508 2595 quoque
1522 2559 1614 2587 mundi
1629 2558 1773 2590 fabricam,

991 2615 1052 2642 quae
1073 2614 1143 2634 nunc
1166 2607 1333 2641 corruptibili
1350 2609 1453 2632 natum
1471 2604 1590 2632 obnoxia
1607 2608 1660 2637 est,
1672 2603 1707 2631 'in
1729 2604 1775 2631 im-

991 2652 1133 2679 mortalem
1152 2651 1273 2679 converti
1299 2650 1480 2678 substantiam
1506 2655 1587 2683 atque
1609 2656 1623 2675 a
1647 2648 1777 2684 prmsent't'

991 2697 1146 2724 conditione
1174 2695 1308 2730 expediri.
1333 2695 1505 2730 Tempestive
1531 2698 1619 2722 autem
1636 2693 1747 2721 dictioni
1767 2703 1774 2721 :

993 2743 1065 2770 Tum:
1079 2744 1200 2770 videbunt
1217 2741 1316 2768 Filium
1331 2741 1444 2768 hominis
1460 2741 1601 2767 venientem
1624 2740 1651 2766 iu
1665 2739 1777 2766 nubibus

991 2799 1049 2817 cum
1070 2790 1164 2825 gloria,
1183 2795 1302 2823 appones
1317 2787 1437 2815 Danielis
1454 2786 1664 2822 prophetiam",
1683 2786 1710 2813 in
1724 2793 1781 2820 qua

190 2870 212 2886 “
226 2870 277 2897 Isa.
296 2879 356 2904 va,
375 2871 418 2898 l7.
456 2871 478 2887 “
493 2871 557 2898 Luc.
571 2878 626 2902 xxt,
641 2870 683 2898 “26.
721 2871 743 2886 ⁸⁸
756 2870 819 2898 Luc.
838 2879 892 2902 XXI,
907 2871 939 2898 $8

988 2871 1002 2886 ιε
1024 2870 1100 2896 Rom.
1119 2875 1168 2900 vn,
1180 2867 1226 2894 24.
1264 2866 1287 2881 ⁸⁸
1304 2866 1380 2895 Βοιιι.
1398 2873 1455 2898 νιιι,
1473 2865 1519 2893 ‘ll.
1552 2865 1573 2881 ⁸⁷
1592 2865 1656 2893 Dan.
1671 2872 1720 2897 vit.
1733 2864 1777 2893 l3.

192 2917 248 2954 (73)
265 2919 385 2954 Sequens
398 2920 576 2955 fragmentum
594 2919 691 2955 partim
707 2921 829 2954 congruit
845 2928 904 2949 cunt
922 2919 1043 2955 proxime
1061 2914 1284 2952 ln'mcetlentibus-
