2061 3215
631 188 766 217 EUSEBII
785 187 1023 216 CESARIENSIS
1035 187 1109 216 OPP.
1130 187 1220 215 PARS
1237 187 1282 216 Ill.
1297 202 1333 208 —
1351 185 1556 215 EXEGETICA.

1849 182 1904 212 600

285 249 350 278 item
367 249 452 277 Filius
471 249 607 282 hominis,
625 254 653 280 et
666 249 769 282 nubes,
791 252 819 275 et
832 249 924 276 datum
939 248 1009 276 Filio
1027 249 1060 276 ho

1123 249 1251 283 χύμενον
1270 248 1305 275 ἐν
1330 246 1441 282 νεφέλῃ
1461 245 1535 281 μετὰ
1547 244 1650 278 δόξης,
1671 242 1840 280 παραθήσεις
1854 242 1904 278 τὴ)

284 296 367 324 minis
382 303 492 331 regnum
513 295 694 329 spectabatur.
715 294 767 321 Sed
781 295 853 322 enim
872 299 935 323 tunc
958 294 1066 329 quidem

283 348 354 370 unus
379 342 512 376 propheta
536 341 626 368 divino
648 339 749 375 Spiritu
778 340 921 368 instinctus
949 339 1065 367 futuram

284 393 342 413 rem
355 385 499 418 cernebat;
523 388 551 412 at
564 384 806 412 consummationis
821 390 941 420 tempore
960 392 1064 418 omnes,

283 436 314 458 ut
329 430 375 462 ait-
385 429 512 458 Servator
526 431 557 463 “,
572 430 701 457 videbunt
716 437 777 457 eum
789 431 940 467 venientem
955 431 980 458 in
995 431 1066 458 nuhe

281 484 344 505 cum
361 477 462 505 virtute
481 483 575 511 magna
603 476 709 503 vivilica
738 482 766 504 et
792 477 981 504 illuminatrice
1004 477 1065 503 novi

283 522 386 556 saeculi,
409 530 524 557 eumque
544 522 630 557 gloria
651 530 759 558 magna,
774 523 864 550 Patris
880 518 1005 554 videlicet
1028 522 1065 550 di-

281 569 405 597 vinitate.

1119 294 1166 321 τοῦ
1177 293 1274 329 Δανιὴλ
1293 292 1470 329 προφητείαν,
1486 291 1519 318 δι’
1532 288 1566 327 ἦς
1577 289 1623 316 καὶ
1639 290 1653 316 ό
1662 289 1725 321 Υἱὸς
1738 287 1785 315 τοῦ
1800 287 1904 324 ἀνθρὼ-

1121 349 1182 372 που,
1202 339 1250 366 καὶ
1267 340 1283 374 ὴ
1297 338 1405 374 νεφέλη,
1426 337 1473 364 καὶ
1488 338 1504 372 ἡ
1518 336 1555 372 τῷ
1567 336 1614 363 τοῦ
1630 334 1772 371 ἀνθρώπου
1791 334 1903 370 δοθησο-

1120 386 1189 422 μένη
1206 385 1327 420 βασιλεία
1340 376 1491 420 ὲθεωρεῗτο.
1514 382 1593 409 Ἀλλὰ
1607 381 1668 408 τότε
1680 381 1728 417 μὲν
1739 379 1779 413 εἷς
1798 380 1905 416 προφή-

1118 440 1169 466 της
1181 431 1245 467 θείῳ
1257 430 1395 466 Πνεὺματι
1409 428 1619 465 θεοφορούμενος
1640 427 1670 454 τὸ
1687 427 1781 463 μέλλον
1796 426 1904 453 ἔσεσθαι

1118 479 1226 505 ἐθεᾶτο·
1248 477 1318 505 κατὰ
1337 477 1366 504 δὲ
1387 476 1432 503 τὸν
1448 476 1497 511 τῆς
1514 474 1666 506 συντελείας
1680 474 1775 510 καιρὸν
1793 473 1903 505 πάντες,

1118 522 1156 554 ὥς
1184 531 1265 559 φησιν
1296 523 1310 548 ὸ
1326 521 1440 557 Σωτὴρ,
1474 520 1557 548 αὑτὸν
1581 521 1689 555 ὕψονται
1709 519 1854 555 ἐρχόμενον
1874 519 1904 545 ὲν

1117 569 1216 606 νεφέλῃ
1230 568 1297 604 μετὰ
1311 569 1452 604 δυνάμεως
1464 567 1564 603 πολλῆς
1578 566 1774 602 ζωοποιητικῆς
1793 566 1839 592 καὶ
1849 574 1904 600 φω-

280 618 404 652 τιστικῆς
416 616 463 643 τοῦ
477 617 536 643 νέου
549 617 655 649 αίῶνος,
670 617 717 644 καὶ
732 603 889 653 μετὰ-δόξης
905 617 1015 653 πολλῆς,
1028 616 1077 652 τῆς
1087 603 1336 652 πατρικῆςγδηλαδὴ
1347 603 1481 652 θεότητος.

316 665 495 699 Quandonam
509 672 573 693 vero
583 665 640 692 haec
655 665 815 693 lientZCum
831 666 949 701 gentium
966 671 1070 700 tempo-

280 719 310 739 ra
328 711 460 746 completa
475 709 585 746 fuerint.
598 712 713 742 ,Etenim
728 712 851 740 absoluto
864 714 935 748 quod
956 713 988 741 iis
1003 713 1069 741 deli-

278 756 366 787 nltum
395 757 485 788 fuerat
505 762 616 786 aetatum
641 757 739 793 spatio,
762 759 838 789 signa
863 751 1068 786 consummaudi

279 804 371 832 mundi
406 800 560 833 exstahunt.
588 804 775 839 Cujuscemodi
804 812 868 832 vero
892 805 966 840 signa
996 805 1065 837 hzcc,

270 848 418 877 .Matthzeo‘
433 849 457 867 ”
483 843 571 878 Lucas
597 845 740 877 dicendum
767 850 899 884 permisit.
926 850 1066 885 Uportebit
1081 866 1103 894 Β

278 895 361 929 enim,
386 903 483 932 magno
509 896 644 930 luminari,
672 897 732 932 ipso
758 897 865 932 inquam
890 897 945 925 Deo
966 897 1064 931 Verbo,

277 948 340 974 cum
353 942 451 970 virtute
462 942 600 978 gloriaque
608 943 690 971 multa
703 943 817 972 alterum
827 943 968 971 adventum
986 951 1062 971 suum

277 991 431 1031 ostensuro,
454 987 613 1016 subtrahere
633 988 719 1028 semet
745 996 776 1018 ac
798 990 902 1034 cedere.
915 989 1008 1022 solem,
1022 989 1063 1016 lu-

277 1033 394 1072 namque
412 1029 440 1060 et
457 1029 552 1060 caetera
567 1034 668 1067 sidera,
684 1038 713 1061 ut
727 1034 787 1061 loco
806 1029 925 1062 omnium
945 1036 1001 1070 ipse
1017 1034 1062 1062 Fi-'

275 1076 329 1106 lius
339 1077 456 1112 hominis
470 1078 572 1112 lucens,
588 1086 685 1106 novum
697 1080 822 1108 seculum
838 1080 978 1114 illuminet,
990 1081 1063 1115 prio-

276 1128 308 1152 ro
320 1124 412 1152 mundi
425 1124 509 1159 ﬁgura
523 1117 715 1160 praetereunte.
729 1126 1061 1161 secundum‘apostolicum

275 1164 460 1198 testimonium
478 1172 548 1207 quod
563 1173 622 1200 ait:
642 1171 765 1200 Prwleﬁt
786 1174 855 1210 enim
878 1173 963 1208 ﬁgura
983 1173 1061 1208 hujus

275 1216 368 1247 mundi
381 1217 415 1243 το.
431 1217 497 1245 Cum
511 1225 575 1253 ergo
584 1219 640 1245 haec
653 1219 737 1252 ligura
752 1219 908 1253 praeteribit,
925 1220 1003 1247 simul
1015 1221 1062 1246 ab.

276 1262 352 1290 ibunt
381 1263 421 1289 sol
446 1271 476 1289 ac
492 1263 554 1290 luna
576 1268 603 1291 et
621 1264 716 1291 stella}.
729 1263 955 1292 Obtenebrabitur
970 1271 1059 1292 autem

277 1311 340 1337 tunc
367 1307 417 1339 sol.
441 1309 496 1334 non
507 1309 576 1343 quod
590 1316 666 1336 suum
680 1308 769 1336 lumen
787 1310 937 1336 amissurus
952 1310 996 1340 sit,
1014 1310 1060 1336 sed

276 1354 476 1388 comparatione
499 1352 610 1388 majoris
638 1355 806 1382 obscuratus.
837 1354 907 1389 Ergo
941 1355 1059 1381 laborum

275 1400 357 1427 veluti
375 1407 484 1427 suorum
504 1400 643 1433 praemium
662 1401 759 1434 capiet,
777 1405 805 1427 ut
818 1401 863 1427 liat
877 1401 1058 1435 septemplex;

276 1446 387 1480 ipsaque
399 1445 459 1472 luna
476 1450 504 1472 ut
516 1445 555 1472 sol
574 1445 642 1479 erit;
660 1446 743 1475 stellae
756 1447 869 1484 denique
888 1446 1011 1473 eamdem
1032 1447 1058 1474 in

275 1491 371 1518 melius
391 1490 591 1525 provectiouem
606 1490 791 1526 experientur.
818 1491 869 1518 Sed
892 1495 978 1518 tamen
997 1496 1060 1518 tunc

1153 664 1222 691 Πότε
1248 664 1276 690 δὲ
1299 664 1385 692 ταῦτα
1411 663 1504 695 ἔσταις
1524 663 1607 690 Ὅταν
1628 661 1792 698 πληρωθῶσι
1814 662 1904 698 καιροὶ

1117 710 1212 737 ἐθνῶν.
1230 709 1501 746 Περαιωθείσης-γὰρ
1514 709 1565 744 τῆς
1582 708 1736 744 ὡρισμένης
1750 709 1806 740 τοῖς
1816 708 1903 735 ἔθνεσι

1116 756 1295 794 προθεσμίας,
1309 756 1384 783 ἔσται
1398 757 1497 791 σημεῖα
1507 755 1557 790 τῆς
1568 755 1614 782 τοῦ
1626 755 1727 790 κόσμου
1739 754 1902 786 συντελείας.

1114 803 1227 831 Ποταπὲι
1243 803 1270 830 δὲ
1285 804 1393 839 σημεῖα,
1408 803 1447 838 τῷ
1462 801 1594 836 Ματθαίῳ
1604 802 1618 828 ό
1629 801 1735 833 Λουκᾶς
1746 800 1904 837 παρεχώρη-

1116 858 1162 876 σεν
1186 849 1311 881 ἐξειπεῖν.
1341 848 1440 884 Ἐχρῆν
1465 847 1529 884 γὰρ,
1550 846 1691 883 μέλλοντος
1715 846 1762 874 τοῦ
1787 847 1902 882 μεγάλου

1117 893 1267 928 φωστῆρος,
1288 893 1369 919 αὑτοῦ
1386 893 1414 919 δὲ
1430 892 1476 919 τοῦ
1492 891 1559 918 Θεοῦ
1576 892 1663 925 Λόγου
1680 891 1746 926 μετὰ
1763 891 1904 927 δυνάμεως

1115 939 1163 970 καὶ
1179 938 1256 973 δόξης
1269 937 1368 974 πολλῆς
1381 938 1430 974 τὴν
1443 938 1571 974 δευτέραν
1586 937 1668 965 αὐτοῦ
1686 937 1818 964 ποιεῖσθαι
1833 946 1903 972 παρ-

1114 984 1207 1014 ουσίαν
1224 984 1439 1022 ὑποστέλλεσθαι
1464 985 1511 1012 καὶ
1541 984 1733 1020 ὑπαναχωρεῖν
1760 984 1806 1011 τὸν
1826 984 1902 1019 ἥλιον

1113 1030 1162 1066 καὶ
1177 1030 1226 1066 τὴν
1243 1030 1366 1066 σελήνην,
1384 1031 1431 1065 καὶ
1446 1031 1510 1063 τοὺς
1526 1031 1656 1067 ἀστέρας,
1671 1031 1714 1057 ἵνα
1724 1030 1784 1058 ἀντὶ
1793 1031 1903 1058 πάντων

1114 1077 1194 1109 αὐτὸς
1214 1078 1228 1104 ὁ
1245 1077 1310 1110 Υἱὸς
1323 1077 1368 1104 τοῦ
1379 1077 1522 1114 ἀνθρώπου
1539 1078 1719 1114 καταλάμψας
1735 1078 1839 1114 φωτίσῃ
1855 1077 1902 1104 τὸν

1114 1124 1173 1152 νέον
1202 1124 1296 1156 αἰῶνα,
1329 1124 1375 1151 τοῦ
1406 1125 1538 1161 προτέρου
1564 1126 1701 1161 σχήματος
1725 1125 1771 1151 τοῦ
1798 1124 1906 1160 κόσμου,

1114 1170 1294 1206 παρελθόντος
1308 1171 1378 1198 κατὰ
1391 1171 1441 1206 τὴν
1452 1171 1632 1207 ἁποστολικὴν
1644 1171 1805 1207 μαρτυρίαν,
1816 1171 1832 1206 ἦ
1849 1180 1902 1207 φη-

1115 1226 1154 1246 σι·
1172 1217 1298 1252 Παράγει
1321 1218 1375 1252 τὰρ
1398 1217 1431 1244 τὸ
1448 1217 1555 1252 σχῆμα
1572 1218 1624 1245 τοῦ
1645 1218 1760 1252 κόσμου
1775 1218 1900 1244 τούτων’

1114 1262 1223 1289 ἐπειδὰν
1237 1260 1284 1289 οὖν
1300 1263 1378 1290 τοῦτο
1396 1263 1525 1299 παρέλθοι
1545 1263 1574 1290 τὸ
1591 1264 1692 1299 σχῆμα,
1711 1263 1901 1299 συμπαρελεύ-

1115 1316 1192 1335 σεται
1206 1308 1279 1343 αὒτῴ
1294 1309 1340 1335 καὶ⁵
1355 1309 1453 1344 όῆλιος
1466 1309 1513 1335 καὶ
1529 1310 1545 1344 ὴ
1564 1309 1673 1346 σελήνη,
1687 1310 1732 1336 καὶ
1743 1309 1899 1345 οξάστέρες.

1113 1354 1320 1389 Σκοτισθήσεται
1336 1355 1365 1381 δὲ
1381 1356 1395 1381 ὁ
1410 1354 1485 1390 ἥλιος
1498 1354 1569 1387 τότε,
1587 1355 1635 1390 οὺχ
1653 1354 1722 1387 ὥστε
1738 1354 1900 1390 στερηθῆναι

1112 1400 1158 1426 τοῦ
1176 1400 1276 1426 οἰκείου
1295 1401 1392 1434 φωτὸς,
1415 1400 1481 1427 ἀλλὰ
1504 1399 1652 1437 παραθέσει
1676 1400 1724 1427 τοῦ
1746 1400 1900 1436 κρείττονος

1113 1446 1334 1481 ἀμαυρούμενος·
1353 1446 1469 1482 ἀμοιϐῆς
1489 1446 1554 1480 γοῦν
1578 1446 1632 1473 τῶν
1661 1446 1743 1474 αὐτοῦ
1768 1447 1900 1482 καμάτων

1113 1491 1160 1517 καὶ
1174 1491 1253 1522 αὐτὸς
1266 1490 1400 1523 τεύξεται,
1417 1492 1609 1519 ἑπταπλασίων
1626 1492 1805 1528 γενησόμενος
1814 1501 1820 1507 ³
1836 1493 1854 1528 ἦ
1867 1501 1902 1528 τε

274 1536 315 1565 sol
330 1541 358 1564 et
372 1536 434 1563 luna
450 1536 616 1569 oliabuutur,
645 1544 732 1571 neque
760 1537 829 1565 ullus
852 1537 900 1566 erit
922 1537 1058 1564 stellarum

1113 1537 1209 1573 σελήνη
1227 1537 1274 1572 καὶ
1289 1537 1357 1573 αὐτὴ
1371 1538 1446 1565 ἔσται
1456 1539 1493 1569 ὡς
1506 1538 1520 1564 ό
1531 1538 1606 1574 ἥλιος
1616 1547 1622 1553 ·
1642 1539 1688 1565 καὶ
1702 1540 1725 1566 οἱ
1742 1539 1855 1575 ἀστέρες
1868 1539 1898 1566 δὲ

275 1591 349 1617 usus,
375 1584 438 1618 quia
460 1584 515 1618 jam
541 1582 596 1610 'nox
618 1591 670 1610 non
690 1584 757 1616 erit:
774 1583 873 1611 etenim
896 1584 936 1610 lue
952 1591 1058 1618 quoque

274 1626 492 1663 quiescent'nna
520 1637 580 1656 cum
607 1629 676 1656 ctrlo
695 1630 824 1656 servitute
852 1629 981 1664 liberaui.
1015 1630 1059 1657 Sic

274 1675 356 1710 igitur
380 1682 477 1702 novum
501 1675 627 1707 sgeculum
654 1675 762 1713 absque.
781 1674 847 1707 sole,
865 1675 925 1702 luna
961 1675 1059 1702 stellis-

273 1728 327 1756 que
356 1721 418 1753 erit.
449 1721 556 1752 luminis
586 1721 672 1749 nostri
696 1721 738 1749 die
759 1727 868 1750 sanctas
893 1722 997 1752 animas
1025 1722 1058 1754 il-

273 1766 413 1799 lustrante.

307 1900 436 1933 Quaenam
456 1907 520 1928 vero
542 1905 735 1935 superventura
750 1900 804 1928 sint
819 1901 918 1928 mundo
936 1906 997 1936 post
1010 1901 1057 1929 lu—

272 1947 414 1976 minarium
433 1947 661 1980 obscurationem,
683 1953 710 1974 et
733 1948 918 1981 quamobrem.
941 1951 968 1974 et
987 1947 1056 1974 unde

272 2001 396 2027 pressura
409 1993 526 2028 gentium
539 1999 668 2021 eventura
683 1994 726 2026 sit,
739 1993 859 2021 declarat
872 2001 931 2020 mox
944 1994 1054 2021 dicens:

272 2037 333 2065 Ρηε
346 2038 497 2072 confusione
513 2040 614 2066 sonitus
633 2039 713 2066 maris
733 2045 756 2066 et
775 2041 901 2074 [luctuum
918 2041 1057 2069 arescenti-

272 2084 318 2111 bus
333 2084 490 2120 hominibus.
511 2085 543 2111 Ει
567 2086 630 2111 mihi
646 2085 752 2111 videtur
766 2086 863 2113 docere
884 2086 978 2113 futura:
994 2091 1055 2113 ttlnc

272 2129 459 2156 conversionis
471 2128 576 2156 initium
592 2129 649 2157 fore
662 2131 695 2156 ab
708 2130 823 2157 ltumida:
836 2131 993 2158 substantia:
1008 2131 1055 2158 de-

272 2173 353 2202 fectu.
370 2172 425 2205 llac
437 2174 508 2200 enim
522 2174 547 2200 in
562 2174 658 2206 primis
671 2175 797 2208 absorpta
815 2175 856 2201 vel
869 2180 1005 2208 concreta,
1019 2175 1053 2202 ita

1110 1582 1160 1617 τῆς
1174 1582 1268 1617 ὁμοίας
1278 1583 1415 1615 τεύξονται
1430 1583 1476 1610 ἐπὶ
1488 1584 1517 1610 τὸ
1531 1585 1654 1620 κρεῖττον
1667 1584 1824 1620 μεταϐολῆς.
1835 1584 1900 1621 Ἀρ-

1110 1630 1187 1665 γήσει
1203 1629 1231 1655 δὲ
1245 1630 1305 1656 τότε
1318 1631 1332 1657 ό
1341 1630 1414 1666 ἥλιος
1426 1631 1472 1657 καὶ
1488 1632 1503 1666 ἡ
1519 1631 1616 1667 σελήνη
1628 1639 1635 1646 ·
1649 1631 1705 1658 ἀλλ’
1717 1632 1777 1658 οὐδὲ
1788 1631 1897 1666 ἄστρων

1109 1683 1150 1706 τις
1167 1674 1242 1702 ἔσται
1256 1675 1314 1702 τότε
1327 1675 1415 1711 χρεία,
1433 1676 1528 1708 νυκτὸς
1541 1676 1578 1712 μὴ
1588 1676 1684 1712 οὔσης·
1696 1677 1902 1712 ἀναπαύσονται,

1108 1720 1136 1746 δὲ
1149 1722 1194 1747 καὶ
1207 1721 1282 1748 αὐτοὶ
1295 1722 1521 1758 ἐλευθερωθέντες
1532 1723 1580 1749 σὺν
1593 1723 1631 1757 τῷ
1643 1722 1749 1758 οὐρανῷ
1759 1731 1765 1738 ·
1781 1722 1851 1749 οὕτω
1866 1731 1901 1757 τε

1108 1767 1122 1792 ὁ
1130 1767 1187 1798 νέος
1203 1766 1269 1793 αἰὼν
1284 1767 1390 1802 ἀνήλιος
1405 1767 1481 1801 ἔσται
1491 1769 1537 1795 καὶ
1547 1768 1686 1804 ὰσέληνοςι
1695 1769 1742 1795 καὶ
1752 1768 1901 1805 ἅιναστροςἰ

1110 1812 1215 1847 ἡμέρας
1233 1811 1279 1838 τοῦ
1293 1812 1427 1848 ἡμετέρου
1445 1813 1532 1847 acui-co;
1547 1813 1597 1846 τὰς
1614 1813 1694 1848 ἁγίας
1710 1813 1898 1847 καταυγαζού-

1109 1865 1158 1891 σης
1174 1856 1271 1893 Wde-

1143 1903 1208 1930 Τίνα
1223 1912 1255 1937 γε
1274 1903 1327 1939 μὴν
1343 1903 1376 1930 τὰ
1391 1904 1561 1941 ἐπερχόμενα
1575 1906 1607 1941 τῇ
1624 1905 1770 1942 οἰκουμένῃ
1786 1905 1854 1941 μετὰ
1864 1905 1896 1932 τὸ

1108 1950 1171 1981 τοὺς
1188 1950 1333 1986 φωστῆρας
1351 1950 1533 1986 σκοτισθῆναι,
1558 1952 1605 1978 καὶ
1628 1951 1671 1978 διὰ
1684 1952 1722 1983 τί,
1749 1951 1795 1978 καὶ
1812 1951 1895 1978 πόθεν

1107 1998 1123 2033 ἠ
1141 1997 1239 2032 συνοχὴ
1256 1997 1308 2023 τῶν
1325 1996 1408 2023 ἐθνῶν
1425 1997 1511 2029 ἕσται,
1529 1997 1692 2033 παρίστησιν
1709 1997 1771 2033 ἑξῆς
1790 1997 1893 2031 λέγων·

1114 2044 1162 2070 Ἐν
1185 2043 1293 2077 ἀπορίᾳ
1312 2043 1453 2077 ἡκούσης
1469 2044 1628 2078 θαλάσσης
1641 2043 1690 2070 καὶ
1705 2043 1804 2071 σάλου
1819 2044 1894 2071 ἀπο-

1108 2090 1268 2124 ψυχόντων
1279 2089 1448 2124 ἀνθρώπων.
1465 2090 1519 2117 Καί
1532 2100 1576 2126 μοι
1590 2090 1663 2117 δοκεί
1676 2090 1726 2125 τῆς
1741 2090 1802 2118 τότε
1815 2099 1895 2126 γενη-

1109 2136 1226 2172 σομένης
1243 2136 1289 2163 τοῦ
1305 2137 1405 2168 παντὸς
1420 2137 1524 2172 τροπῆς
1534 2137 1582 2172 τὴν
1597 2137 1682 2173 ἀρχὴν
1699 2136 1808 2164 ἔσεσθαι
1823 2136 1895 2164 διδά-

1110 2191 1184 2209 σκειν
1200 2183 1253 2209 ἀπὸ
1268 2183 1412 2218 ἐκλείψεως
1427 2184 1475 2219 τῆς
1493 2184 1578 2220 ὑγρᾶς
1595 2184 1697 2215 οὐσίας.
1716 2183 1823 2219 Ταύτης
1839 2184 1894 2218 γὰρ

272 2225 303 2247 ut
323 2227 410 2254 neque
425 2220 528 2246 sonitus
539 2220 594 2255 jam
609 2220 690 2247 maris
709 2221 877 2252 exaudiatur,
901 2229 988 2255 neque
1005 2221 1056 2247 ﬂu-

1111 2227 1220 2263 πρώτης
1237 2229 1416 2264 ἀναποθείσης
1427 2230 1443 2265 ἢ
1456 2229 1654 2266 ἀποπαγείσης,
1667 2230 1704 2262 ὡς
1722 2230 1816 2266 μηκέτ’
1827 2227 1894 2266 ἦχον

270 2269 360 2292 ctuum
379 2265 436 2299 ejus
449 2265 596 2292 commotio
616 2265 650 2291 ob
676 2265 788 2292 nimium
804 2271 896 2292 aestum
915 2267 971 2299 liat,
994 2268 1055 2294 reli-

270 2318 329 2345 qua:
350 2311 441 2338 mundi
464 2316 553 2346 partes
576 2311 646 2337 haud
668 2310 768 2338 diutius
788 2317 915 2338 consueta
934 2311 1054 2340 fruentes

269 2356 443 2391 vaporatione
453 2363 486 2383 ex
498 2356 609 2383 humido
616 2355 751 2384 elemento
762 2357 869 2389 emissa,
879 2358 1052 2386 mutationem

268 2403 526 2437 conversionemque
541 2403 686 2437 patientur,
703 2402 779 2436 cujus
795 2403 832 2431 rei
849 2403 925 2438 signa
943 2405 967 2432 in
985 2406 1052 2438 sole,

269 2448 329 2475 luna
353 2448 491 2483 stellisque
515 2448 667 2476 exstabunt.
699 2448 766 2477 Nam
788 2449 828 2477 sic
846 2450 914 2478 facta
935 2452 1051 2481 universi

267 2494 450 2529 perversione,
478 2495 625 2529 mundique
652 2496 893 2530 consummatione,
917 2499 1052 2526 exteriore

267 2539 317 2566 hac
341 2538 427 2574 ﬁgura
451 2543 631 2574 pnetereunte
662 2540 767 2576 (priora
793 2542 865 2570 enim
889 2543 1000 2571 abibunt
1024 2549 1053 2572 ut

267 2585 418 2620 posteriora
442 2586 651 2623 subintroeant),
674 2596 843 2624 consequens
863 2590 917 2617 erit
939 2596 968 2618 ut
990 2592 1052 2624 casti

267 2638 373 2667 quoque
389 2631 561 2661 luminariqu
576 2635 719 2664 conversio
734 2637 855 2670 quaedam
867 2637 984 2667 eveniat.

302 2766 361 2795 lla-c
375 2768 401 2796 in
420 2768 473 2796 line
489 2773 639 2805 temporum
652 2775 741 2803 erunt,
758 2779 818 2799 eum
840 2774 975 2807 apostasia
991 2772 1045 2802 ﬁet.

267 2811 329 2842 Nam
355 2821 415 2841 cum
435 2815 582 2850 impietatis
602 2821 722 2844 monstra
746 2816 900 2845 Servatoris
916 2819 1047 2847 adventus

1109 2273 1244 2310 θαλάσσης
1261 2275 1434 2308 ἀκούσεσθαι,
1450 2276 1517 2312 μηδὲ
1533 2276 1579 2302 τὸν
1594 2276 1648 2303 τῶν
1663 2278 1791 2312 κυμάτων
1809 2278 1894 2312 αὐτῆς

1108 2320 1187 2348 σάλον
1206 2321 1326 2356 γίνεσθαι
1347 2322 1379 2349 δι’
1399 2322 1503 2358 αὐχμὸν
1519 2323 1731 2359 ὑπερϐάλλοντα,
1756 2323 1791 2351 τὰ
1813 2323 1894 2351 λοιπὰ

1108 2367 1177 2403 μέρη
1194 2367 1241 2394 τοῦ
1262 2368 1363 2404 κόσμου
1387 2369 1484 2404 μηκέτι
1505 2368 1555 2404 τῆς
1571 2369 1700 2404 συνήθους
1720 2370 1894 2406 μεταλαμϐά-

1106 2421 1184 2439 νοντα
1200 2413 1406 2449 ἀναθυμιάσεως
1421 2415 1452 2441 hx
1468 2415 1518 2449 τῆς
1529 2416 1615 2451 ὑγρᾶς
1629 2416 1721 2448 οὐσίας
1733 2417 1889 2451 ἀναπμπο-

1107 2459 1199 2499 μένης,
1217 2459 1320 2495 τροπὴν
1330 2460 1376 2486 καὶ
1391 2459 1540 2496 μεταϐολὴν
1551 2461 1686 2488 πείσεται·
1703 2462 1740 2493 ὡς
1751 2462 1783 2489 ὲκ
1796 2462 1892 2489 τούτου

1106 2505 1248 2540 γενήσεται
1272 2507 1371 2540 σημεῖα
1387 2507 1416 2532 ὲν
1440 2506 1507 2542 ἡλίῳ
1521 2508 1568 2534 καὶ
1581 2507 1690 2543 σελήνῃ,
1708 2508 1754 2534 καὶ
1770 2507 1890 2542 ἄστροις.

1113 2551 1299 2586 Ἀνακλήσεώς
1310 2560 1340 2578 τε
1351 2551 1404 2588 γὰρ
1420 2551 1466 2579 τοῦ
1479 2553 1579 2585 παντὸς
1595 2554 1753 2590 γενομένης,
1767 2555 1814 2581 καὶ
1829 2562 1891 2580 συν-

1105 2596 1211 2628 τελείας
1234 2596 1281 2624 τοῦ
1301 2597 1413 2633 κόσμου,
1438 2599 1485 2626 καὶ
1505 2600 1673 2636 παράγοντος
1689 2600 1735 2627 τοῦ
1754 2601 1892 2637 σχήματος

1103 2643 1200 2675 τούτου
1215 2642 1261 2669 τοῦ
1277 2644 1440 2679 φαινομένου
1454 2645 1659 2681 (παρελεύσεται
1684 2647 1737 2682 γὰρ
1748 2646 1782 2673 τὰ
1794 2647 1891 2683 πρῶτα

1104 2688 1137 2714 ἵν’
1155 2689 1252 2724 ἐπιστῇ
1268 2689 1301 2716 τὰ
1317 2689 1464 2726 δεύτερα),
1484 2691 1630 2719 ἀκόλουθον
1649 2690 1683 2728 ἦν
1700 2692 1747 2719 καὶ
1763 2692 1816 2719 τῶν
1830 2693 1890 2718 κατ’

1102 2733 1214 2769 οὐρανὸν
1230 2735 1380 2771 φωστήρων
1395 2737 1498 2772 τροπήν
1512 2746 1572 2764 τινα
1582 2737 1700 2764 ἔσεσθαι.

1136 2779 1228 2806 Ταῦτα
1241 2779 1270 2806 δὲ
1285 2781 1330 2807 ἐπὶ
1345 2781 1416 2808 τέλει
1429 2783 1484 2810 τῶν
1494 2783 1597 2819 χρόνων
1610 2784 1695 2815 ἔσται,
1708 2785 1757 2820 τῆς
1767 2785 1887 2812 ἀποσταπ

1100 2825 1161 2857 σίας
1172 2826 1380 2864 ἐνεργουμένης.
1395 2828 1553 2866 Μελλούσης
1565 2829 1619 2866 γὰρ
1631 2830 1665 2857 τὰ
1675 2830 1724 2866 τῆς
1739 2830 1885 2867 θεομαχίας

300 2906 323 2925 ⁸⁸
334 2904 427 2935 Matth.
447 2914 521 2941 xxvi,
535 2907 580 2935 64.
619 2909 641 2924 ⁵³
657 2909 741 2937 Matth
771 2918 845 2943 xuv,
862 2910 908 2939 29.
950 2913 972 2928 ⁷⁰
989 2913 998 2940 l
1015 2914 1080 2942 Cor.
1098 2923 1147 2950 vn,
1171 2917 1215 2945 51.
