2061 3215
140 164 188 194 θοι

739 167 992 197 COMMENTARIA
1012 170 1045 198 ΙΝ
1063 170 1191 198 LUCAM.

1707 179 1760 208 602

143 224 240 260 τέρατα
255 226 402 261 καταργεϊν
426 224 476 260 τῆς
494 225 654 259 ἐπιφανείας
669 226 716 253 τοῦ
734 227 870 264 Σωτῆρος,
892 228 926 255 τὰ

987 230 1101 263 terimet,
1126 231 1174 258 irze
1199 230 1274 259 initia
1290 231 1354 262 hinc
1373 239 1461 267 erttnt,
1482 242 1514 262 ex
1538 241 1605 263 astu
1619 236 1722 265 scilicet
1732 243 1760 267 et

143 270 283 306 ςῆςιόργῆς
298 270 426 306 προοίμια
450 271 481 298 ὲκ
512 271 594 298 τῶνδε
617 271 739 308 ἄρξεται,
765 273 795 306 ἐξ
814 274 925 310 αὐχμῶν

138 315 236 352 δηλαδὴ
259 315 306 342 καὶ
327 316 444 352 ἀπορίας
471 316 537 352 ἤχου
557 316 710 354 θαλάσσης·
732 315 763 344 οὗ
779 319 925 355 γενομένου

139 361 352 397 ἐπακολουθήσει
367 362 464 398 συνοχὴ
473 362 527 389 τῶν
541 363 587 389 ἐπὶ
598 363 650 400 γῆς
666 364 761 397 ἐθνῶν,
774 365 928 401 ἀποψυχόν-

139 415 192 435 των
205 407 356 444 ἀνθρώπων
370 408 423 435 ἀπὸ
438 408 520 444 φόϐου
539 409 585 435 καὶ⁵
602 409 764 446 προσδοκίας
777 412 831 438 τῶν
845 412 927 448 ἐπερ-

139 452 261 489 χομένων
273 454 308 489 τῇ
318 453 473 491 οἰκουμένῃἼ
488 454 553 481 Τίνα
567 455 596 481 δὲ
607 455 642 482 τὰ
652 457 831 493 ἐπερχόμενα,
844 458 929 494 ἑρμη-

139 499 210 526 νεύει
239 499 380 527 συνάπτων
405 500 468 536 ἑξῆς
487 501 533 527 καὶ
567 500 669 536 λέγων·
695 504 729 530 Αἰ
759 503 814 538 γὰρ
840 503 930 530 δυνά-

136 554 202 581 μεις
237 545 296 573 τῶν
326 546 460 580 οὐρανῶν
486 547 744 581 σαλευθήσονται·
777 549 824 576 τοῦ
862 549 928 577 Υἱοῦ

143 593 185 620 τοῦ
213 592 281 619 Θεοῦ
310 591 379 628 μετὰ
404 592 482 629 δόξης
501 588 724 630 ἐπιστησομένου,
745 595 792 621 καὶ
813 595 864 631 τὴν
881 604 929 631 με-

978 277 1075 304 marini
1089 277 1192 305 sonitus
1209 279 1370 307 cessatione.
1387 280 1444 314 Quo
1458 281 1677 317 factorpressura
1694 291 1760 318 gen-

981 323 1045 350 tium
1067 331 1115 358 per
1128 325 1221 352 orbem
1242 325 1303 360 erit,
1321 328 1506 356 arescentibus
1525 329 1680 356 hominibus
1706 337 1762 364 pra:

980 369 1076 397 timore
1103 374 1130 397 et
1154 377 1247 398 eorum
1272 374 1470 408 exspectatione
1490 382 1549 409 qua:
1574 375 1674 403 mttndo
1699 380 1762 404 sunt

979 418 1119 441 eventura.
1140 413 1268 448 Quantam
1284 423 1348 445 vero
1361 418 1417 446 haec
1432 418 1496 451 sint,
1514 419 1551 446 ait
1566 427 1627 447 mox
1648 427 1762 456 pergens

982 459 1072 486 dicere
1095 468 1101 486 :
1123 459 1190 488 Nam
1219 461 1332 491 virtutes
1350 463 1479 492 (telorum
1498 466 1761 494 commovebuntur:

982 504 1049 531 Filio
1060 505 1106 532 Dei
1121 506 1223 535 scilicet
1240 515 1300 535 cum
1320 508 1403 543 gloria
1420 509 1589 543 adventante,
1604 511 1763 547 superbam-

982 558 1034 585 que
1047 551 1092 578 ﬁlii
1102 551 1186 587 culpat
1202 553 1369 588 tyrannidem
1379 553 1490 590 jamjam
1501 563 1641 589 eversuro,
1650 557 1765 586 cmlesti-

981 596 1032 624 bus
1048 605 1108 625 eum
1124 599 1264 627 ordinibus
1280 600 1483 630 comitantibus.

143 640 275 676 γάλαυχον
284 640 429 677 τυραννίδα
439 640 486 668 τοῦ
498 641 556 668 υἱοῦ
569 641 619 677 τῆς
649 642 785 679 ἁμαρτίας
814 644 962 680 καταργεῖν
983 645 1135 680 μέλλοντος,
1154 646 1208 674 τῶν
1223 656 1252 674 τε
1274 647 1476 685 ὑπερουρανίων
1493 649 1639 685 ταγμάτων
1653 649 1766 686 δορυφφ

142 687 268 724 ρούντων.

141 718 195 763 kat
213 732 279 770 εἷπε
302 718 477 770 παραϐολὴν
498 735 608 768 αὐτοῖς·
626 735 715 762 Ἴδετε
732 736 790 770 τὴν
815 736 927 770 συκῆν,

174 778 201 796 κ.
218 778 243 796 τ.
254 769 278 796 λ.
295 769 376 830 Οὒῖω
391 770 440 797 καὶ
454 769 539 805 ὑμεῖς
554 770 627 798 ὅταν
644 771 726 805 ἴδητε
742 769 836 799 ταῦτα
848 769 927 806 τινό-

174 813 259 830 uera.
271 813 298 830 κ.
308 813 333 830 τ.
359 825 366 830 .

172 813 259 840 pera,
271 813 298 832 κ.
308 813 333 831 τ.
341 813 366 832 Α.

174 851 244 877 Ποῖα
257 849 343 877 ταῦτα
359 850 489 886 γινόμενα
505 850 562 877 ἀλλ’
578 851 596 887 ἢ
611 850 646 878 τὰ
657 851 861 888 πφλεγόμενκ
879 853 930 879 Ἱε,

1015 738 1037 753 τι
1051 737 1172 775 οἱζὶιᾳιιε
1183 738 1221 765 eis
1229 738 1391 772 parabolam.
1407 739 1499 768 Videte
1511 741 1660 775 ﬁeulneam,
1676 746 1729 770 etc.

1087 771 1134 800 Ita
1148 778 1171 799 et
1187 771 1233 800 vos
1243 781 1302 800 cum
1318 775 1433 802 uideritis
1445 776 1500 802 haec
1511 771 1582 810 ﬁeri,
1595 780 1654 813 etc._

1018 852 1146 886 Quaenam
1177 860 1242 880 vero
1269 852 1339 881 facta
1365 853 1508 888 intelligit?
1529 854 1715 895 Hierosolyma
1733 856 1768 884 ab

142 896 281 934 ρουσαλὴμ.
294 896 467 932 πατουμένην
488 897 542 924 ὑπὸ
562 897 656 931 ἐθνῶν,
669 898 718 934 τὴν
735 898 930 934 συμπλήρωσιν

987 897 1096 925 ethnicis
1124 897 1298 931 conculcata.
1327 902 1448 933 tempora
1475 899 1595 934 gentium
1620 900 1766 935 completa.

139 943 193 970 τῶν
207 942 311 979 καιρῶν
327 941 381 969 τῶν
397 942 491 976 ἐθνῶν,
518 944 581 976 τοὺς
602 944 651 980 τῆς
672 944 838 976 ἁποστασίας
867 944 929 980 χρό-

141 998 212 1022 νους,
232 989 267 1015 τὰ
282 989 312 1016 ὲν
325 989 381 1021 τοῖς
402 989 544 1025 φωστῆρσι
561 990 607 1016 καὶ
626 991 682 1022 τοῖς
694 990 804 1026 ἄστροις
818 991 929 1025 σημεῖα,

141 1035 189 1071 τὴν
213 1034 260 1061 ἐπὶ
281 1035 334 1070 γῆς
356 1034 470 1071 συνοχὴν
492 1035 546 1062 τῶν
561 1035 656 1068 ὲθνῶν,
675 1035 724 1072 τὴν
740 1035 860 1071 ἔκλειψιν
883 1036 930 1063 καὶ

143 1081 258 1117 ἀπορίαν
281 1081 328 1109 τοῦ
348 1082 414 1117 ἤχου
429 1081 476 1108 τοῦ
492 1081 574 1109 σάλου
597 1082 647 1118 τῆς
662 1081 810 1116 θαλάσσης.
827 1081 929 1114 Ταῦτα,

142 1128 233 1163 φησὶν,
260 1127 366 1155 ἅπαντα
384 1128 448 1155 ὅταν
467 1127 543 1163 ἴδητε
565 1127 706 1163 γινόμενα,
726 1127 873 1162 γινώσκετε
890 1127 931 1154 ὅτι

142 1175 188 1201 ἐπὶ
210 1173 308 1210 θύραις
330 1173 404 1201 ἐστὶν
420 1175 437 1210 ὴ
453 1173 576 1209 βασιλεία
598 1173 645 1200 τοῦ
663 1173 742 1206 Θεοῦ,
768 1173 849 1209 ἑτέρα
865 1171 932 1201 οὖσα

143 1220 216 1256 παρὰ
235 1220 271 1247 τὰ
283 1220 476 1256 προλεχθέντα.
493 1220 535 1247 Τὰ
553 1220 602 1256 μὲν
615 1220 670 1256 γὰρ
686 1219 815 1256 προοίμια
833 1218 867 1256 ἦν
885 1219 933 1247 καὶ

145 1266 292 1302 μελλόντων
306 1265 416 1301 ἀγαθῶν
431 1267 541 1302 σημεῖα,
553 1266 591 1298 ὡς
601 1266 649 1292 καὶ
664 1266 689 1292 οἱ
697 1267 747 1302 τῆς
761 1265 847 1301 συκῆς
862 1266 933 1293 ἀπα-

144 1312 183 1339 λοὶ
194 1312 288 1340 κλάδοι
298 1313 346 1340 καὶ
360 1313 395 1339 τὰ
409 1312 496 1347 φύλλα
510 1313 610 1348 σημεῖα
621 1312 668 1339 τοῦ
683 1312 825 1348 μέλλοντος
836 1311 933 1347 θέρους

143 1360 191 1395 τῆς
202 1368 232 1386 τε
249 1359 304 1386 τῶν
324 1359 426 1386 λοιπῶν
441 1359 531 1394 φυτῶν
547 1359 596 1386 καὶ
611 1359 776 1395 σπερμάτων
792 1366 933 1394 καρποφο-

146 1405 221 1442 ρίας·
241 1405 277 1433 τὰ
291 1405 319 1432 δὲ
329 1405 376 1432 τοῦ
393 1405 534 1441 μέλλοντος
545 1405 652 1440 καὶτῆς
668 1405 698 1432 ὲν
713 1404 788 1440 αὐτῷ
804 1413 935 1440 συστησο-

146 1451 231 1488 μένης
259 1451 395 1486 βασιλείας
415 1451 537 1488 οὐρανῶν
561 1451 691 1487 προοίμια
713 1451 760 1478 καὶ
779 1452 878 1487 σημεῖα
899 1451 934 1478 τὰ

146 1496 328 1532 προλεχθέντα
343 1494 387 1533 ἦν.
403 1496 477 1532 Αὕτη
491 1497 519 1523 δὲ
535 1497 552 1532 ὴ
568 1496 689 1532 βασιλεία
708 1496 754 1523 καὶ
769 1497 804 1524 τὰ
818 1497 847 1523 ὲν
864 1498 932 1533 αὐτῇ

145 1541 238 1570 οὐκέτι
257 1542 328 1578 λόγῳ
343 1543 506 1579 παραδοτέα,
524 1543 585 1570 οὐδὲ
599 1542 705 1578 θνητῶν
716 1544 811 1575 ἀκοαῖς
825 1542 931 1570 λεκτέα.

147 1588 247 1624 Διόπερ
266 1574 472 1625 ἀποσιωπητέον
487 1574 585 1617 ταῦτα.
616 1574 784 1624 ’ὀφθαλμὸς
803 1574 861 1624 γὰρ
880 1590 935 1621 οὐκ
949 1574 970 1607 C

148 1633 216 1669 εἶδε,
228 1635 278 1662 καὶ
290 1633 345 1668 οὖς
359 1637 414 1664 οὐκ
425 1636 550 1671 ἤκουσε,
563 1635 612 1663 καὶ
623 1635 673 1662 ἐπὶ
686 1635 812 1670 καρδίαν
825 1635 936 1670 ἀνθρώ-

149 1689 207 1708 που
234 1683 289 1709 οὐκ
313 1682 404 1716 ἀνέϐη
421 1681 481 1710 ὅσα
498 1682 664 1717 ἡτοίμασεν
675 1683 691 1708 ὁ
706 1681 777 1715 Θεὸς
793 1681 855 1715 τοῖς
868 1682 938 1717 ἀγα-

151 1726 247 1755 πῶσιν
265 1729 369 1762 αὐτόν,
383 1728 456 1764 Πλὴν
469 1727 563 1765 ὥσπερ
582 1727 653 1754 κατὰ
668 1727 714 1754 τὸν
731 1727 865 1754 ἐνεστῶτα
882 1727 937 1762 βίον

148 1773 221 1809 ἥλιος
232 1774 300 1810 μετὰ
313 1773 467 1810 χειμερίους
480 1774 583 1811 τροπὰς
598 1773 677 1809 ἔαρος
691 1773 866 1808 ἐνισταμένου
877 1773 936 1808 θερ-

150 1819 202 1855 μὴν
214 1820 311 1846 ἀκτῖνα
325 1819 439 1855 βάλλων,
450 1819 484 1847 τὰ
496 1820 549 1846 ὑπὸ
559 1820 610 1856 γῆν
622 1820 798 1856 κρυπτόμενα
810 1819 937 1851 ζωοποιεῖ

151 1864 305 1900 σπέρματα,
317 1864 365 1891 τοῦ
378 1864 510 1900 προτέρου
525 1864 708 1900 μεταϐαλόντα
718 1865 864 1900 σχήματος,
877 1873 936 1891 νεα-

153 1910 184 1947 ρὰ
197 1910 225 1937 δὲ
235 1910 296 1945 φύει
306 1910 354 1936 καὶ
363 1909 484 1946 τέθηλεν,
500 1910 601 1945 ὡραίαν
615 1910 661 1936 καὶ
677 1910 811 1946 πολυανθῆ
824 1911 872 1946 τὴν
883 1910 937 1941 τῶν

151 1957 211 1992 ἄρτι
226 1956 348 1992 φυέντων
364 1956 482 1992 βλάστην
499 1956 688 1992 παρεχόμενα·
710 1956 781 1983 κατὰ
794 1955 839 1983 τὸν
859 1956 938 1983 αὑτὸν

150 2003 248 2039 τρόπον
263 2004 310 2031 καὶ
328 2003 344 2038 ή
358 2002 461 2035 ἔνδοξος
478 2002 525 2029 τοῦ
540 2002 708 2036 Μονογενοῠς
723 2002 770 2028 τοῦ
786 2002 853 2029 Θεοῦ
878 2002 940 2038 ἄφι-

154 2050 204 2083 ξις,
220 2050 308 2085 φωτὸς
325 2050 467 2084 ζωογόνοις
479 2049 570 2076 ἀκτῖσι
594 2049 639 2076 τὸν
658 2049 717 2076 νέον
737 2048 823 2075 αἰῶνα
839 2056 942 2079 καταυε

151 2096 269 2130 γάσασα,
284 2095 318 2122 τὰ
335 2094 544 2131 ἀποκρυφθέντα
559 2093 642 2121 πάλαι
652 2093 722 2121 κατὰ
732 2093 778 2120 τὸν
786 2093 939 2129 ἔμπροσθεν

151 2142 247 2175 αἰῶνα,
265 2143 312 2169 καὶ
326 2147 355 2168 εν
368 2141 407 2176 τῷ
420 2140 501 2167 παντὶ
516 2140 610 2176 κόσμῳ
619 2139 844 2167 διασκεδασθέντα
857 2139 942 2175 σπέρ-

154 2196 236 2226 ματα,
252 2188 374 2214 τουτέστι
393 2187 455 2218 τοὺς
475 2187 503 2213 ὲν
521 2186 572 2221 γῆς
586 2185 693 2221 χώματι
713 2179 939 2221 κεκοιμὴμένους,

982 943 1123 980 apostasia!
1145 949 1264 977 aetatem,
1284 944 1310 971 in
1329 944 1385 972 sole
1402 944 1540 980 stellisque
1555 945 1643 981 signa,
1658 946 1684 974 in
1701 946 1768 974 orbe

981 997 1133 1025 pressoram
1156 990 1285 1025 gentium,
1309 990 1443 1018 deiectum
1469 992 1642 1026 quietemque
1662 992 1768 1021 sonitus

981 1036 1129 1071 ﬂuctusque
1142 1036 1250 1064 marini.
1268 1036 1339 1068 Haec,
1360 1037 1457 1072 inquit,
1473 1038 1564 1065 omnia
1582 1045 1642 1065 cum
1659 1037 1716 1066 ﬁeri
1728 1038 1770 1066 vi-

981 1081 1086 1115 deritis,
1106 1084 1164 1109 tum
1188 1082 1295 1109 demum
1317 1082 1411 1110 adesse
1435 1083 1460 1110 in
1476 1082 1579 1110 foribus
1596 1091 1708 1119 regnum
1720 1084 1768 1112 Dei

981 1127 1095 1161 scitote;
1119 1132 1146 1155 et
1161 1128 1269 1162 quidem
1290 1136 1305 1155 a
1324 1128 1403 1156 dictis
1420 1129 1500 1157 rebus
1518 1129 1596 1164 plane
1619 1130 1767 1158 diversum.

981 1173 1028 1202 illa
1046 1174 1119 1202 enim
1145 1174 1295 1203 futurorum
1319 1175 1450 1204 bonorum
1475 1177 1584 1204 exordia
1608 1177 1719 1206 fuerunt
1740 1181 1769 1206 et

982 1220 1102 1255 indicia;
1121 1221 1200 1249 sicuti
1219 1222 1303 1249 teneri
1329 1222 1398 1250 ﬁcus
1419 1223 1486 1250 rami
1512 1227 1538 1251 et
1556 1223 1630 1258 i'olia,
1649 1228 1769 1253 venturae

983 1269 1086 1296 uastatis
1101 1268 1176 1303 signa
1189 1273 1263 1301 sunt,
1276 1273 1303 1296 et
1314 1274 1472 1296 caeterarum
1483 1268 1609 1297 arborum
1624 1269 1771 1298 seminum-

983 1321 1035 1349 que
1049 1313 1165 1341 fructum
1178 1314 1351 1349 portendunt.
1367 1314 1461 1342 Futuri
1472 1320 1561 1342 autem
1574 1315 1676 1348 saeculi,
1689 1321 1771 1351 atque

984 1358 1011 1386 in
1035 1366 1067 1387 co
1088 1359 1268 1387 constituendi
1292 1359 1421 1388 caelorum
1446 1360 1522 1396 regni
1538 1362 1668 1396 procemia
1690 1367 1771 1397 atque

973 1405 1082 1434 indicia
1099 1405 1143 1432 illa
1163 1405 1282 1433 fuerunt.
1303 1406 1330 1433 Id
1349 1412 1415 1433 vero
1430 1413 1555 1440 regnum,
1570 1407 1682 1442 ejusque
1700 1409 1772 1437 bona

984 1450 1055 1479 haud
1073 1452 1128 1486 jam
1146 1458 1272 1479 sermone
1295 1451 1363 1479 tradi
1386 1457 1497 1487 queunt,
1516 1460 1603 1488 neque
1620 1454 1653 1482 ad
1672 1458 1775 1481 morta-

985 1497 1050 1525 lium
1064 1505 1144 1525 aures
1157 1498 1310 1533 prazdicari.
1333 1497 1514 1531 Quamobrem
1541 1501 1574 1527 de
1590 1500 1632 1527 his
1654 1500 1774 1528 reticen-

986 1543 1048 1570 dum
1061 1547 1112 1570 est.
1128 1541 1220 1577 Neque
1233 1543 1301 1570 enim
1316 1542 1407 1570 oculus
1422 1543 1496 1577 vidit,
1512 1551 1592 1579 neque
1604 1543 1677 1570 auris
1692 1544 1773 1570 audi-

988 1589 1034 1623 uit,
1055 1597 1135 1624 neque
1157 1589 1185 1616 in
1202 1597 1246 1616 cor
1266 1589 1378 1616 hominis
1397 1589 1526 1623 ascendit,
1541 1597 1599 1625 qua:
1614 1590 1773 1625 praeparavit

989 1635 1058 1663 Deus
1069 1635 1235 1670 diligentibus
1246 1643 1303 1662 eum
1313 1636 1347 1662 ".
1365 1634 1555 1663 Verumtamen
1570 1636 1649 1664 sicuti
1665 1636 1690 1663 in
1705 1643 1774 1671 prat-

989 1681 1060 1708 senti
1077 1687 1166 1708 rerum
1188 1685 1259 1708 statu
1276 1680 1316 1708 sol
1336 1684 1398 1715 post
1416 1681 1545 1708 hibernas
1571 1681 1773 1715 conversiones,

989 1734 1053 1754 vere
1074 1727 1202 1760 instante,
1221 1726 1396 1754 calidioribus
1417 1726 1498 1754 radiis
1516 1726 1633 1759 emissis,
1661 1726 1774 1754 latentia

988 1772 1039 1799 sub
1052 1771 1110 1799 solo
1124 1772 1227 1798 semina
1243 1771 1371 1803 viviﬁcat,
1387 1779 1446 1806 quae
1464 1771 1554 1805 priore
1572 1770 1659 1805 ﬁgura
1673 1770 1774 1805 posita,

990 1816 1095 1844 novella
1113 1821 1279 1844 enascuntur
1304 1823 1336 1844 ac
1358 1815 1498 1850 pullulant,
1530 1815 1725 1851 pulchrumque
1747 1819 1775 1843 et

990 1862 1113 1890 ﬂoridum
1141 1863 1260 1891 recentis
1286 1867 1390 1890 naturae
1414 1870 1523 1897 germen
1549 1862 1712 1894 ostendunt;
1735 1862 1774 1890 ita

991 1909 1124 1943 gloriosus
1139 1908 1275 1944 Unigeniti
1290 1909 1421 1936 adventus
1442 1908 1539 1935 viviﬁci
1563 1907 1672 1936 luminis
1693 1908 1776 1963 iadiis

992 1963 1092 1983 novum
1116 1955 1243 1983 smculum
1269 1955 1418 1987 illustrans,
1432 1954 1535 1982 occulta
1560 1955 1623 1982 olim
1642 1954 1733 1990 prio're
1749 1956 1775 1983 iu

993 2002 1091 2030 saeculo
1107 2006 1188 2036 atque
1200 2002 1266 2029 orbe
1280 2002 1406 2029 universo
1424 2001 1543 2036 dispersa
1560 2002 1675 2034 semina,
1692 2001 1717 2029 id
1736 2007 1778 2030 est

994 2048 1118 2077 homines
1140 2048 1167 2075 in
1194 2052 1274 2075 teme
1305 2048 1436 2083 sepulcris
1459 2049 1592 2080 conditos,
1621 2048 1778 2076 melioribus

993 2101 1073 2129 quam
1087 2098 1167 2121 antea
1187 2094 1345 2129 corporibus
1362 2093 1502 2129 formaque
1517 2093 1672 2129 augustiore
1691 2094 1779 2121 dona-

994 2145 1045 2174 tosl
1068 2141 1095 2168 in
1117 2140 1204 2167 lucem
1218 2141 1321 2167 emittet
1337 2149 1345 2167 :
1365 2140 1495 2176 pulsuque
1519 2144 1617 2173 morte,
1631 2140 1687 2175 ipsa
1702 2139 1779 2167 dein-

994 2192 1057 2219 ceps
1070 2185 1123 2212 vita
1139 2185 1200 2211 novi
1212 2185 1299 2212 saeculi
1313 2184 1454 2218 imperium
1470 2185 1581 2212 tenebit.

152 2220 290 2272 κρείττοσι
308 2234 429 2270 σώμασιν
446 2234 462 2270 ἢ
482 2220 556 2261 meat
565 2220 603 2260 τά
613 2234 745 2269 πρότερον
764 2233 898 2269 θειότερόν
914 2241 944 2259 τε
968 2233 1265 2269 μετεσχηματισμένοις
1293 2232 1333 2264 είς
1349 2232 1407 2267 φῶς
1423 2220 1551 2268 προᾶξει·
1572 2232 1619 2259 καὶ
1639 2231 1687 2258 τοῦ
1702 2231 1781 2261 θανά-

151 2291 200 2310 του
223 2281 451 2317 καταργηθέντος,
479 2282 548 2317 αὑτὴ
568 2281 661 2308 λοιπὸν
679 2283 696 2317 ἡ
718 2281 774 2318 ζωὴ
790 2281 941 2317 βασιλεύσει
959 2281 1007 2308 τοῦ
1025 2281 1084 2316 νέου
1099 2281 1206 2313 αἰῶνος.

304 2329 344 2355 οὺ
356 2329 398 2364 μὴ
415 2329 547 2364 παρέλθῃ
561 2330 580 2364 ἠ
598 2330 685 2364 γενεὰ
703 2329 789 2364 αὕτη.

192 2373 262 2401 Ποία
276 2374 357 2408 γενεὰ
375 2374 431 2401 ἀλλ’
448 2376 465 2411 ἡ
492 2375 572 2411 καινὴ
593 2376 640 2403 καὶ
660 2375 721 2408 νέα.
735 2375 770 2411 ἢν
785 2375 865 2408 αὐτὸς
881 2384 944 2402 συν-

155 2421 304 2456 εστήσατο;
319 2419 383 2457 περὶ
392 2418 425 2456 ἦς
439 2421 466 2447 ὲν
481 2422 658 2457 προφητείαις
675 2422 781 2458 εἴρητο·
799 2422 944 2457 Γραφήτω

156 2466 232 2500 αὕτη
250 2465 304 2502 (74)
313 2467 356 2499 εὶς
370 2466 475 2501 γενεὰν
482 2467 596 2504 ἑτέραν,
604 2468 652 2494 καὶ
665 2467 741 2501 λαὸς
749 2469 765 2495 ὀ
775 2468 944 2503 κτιζόμενος

157 2514 273 2541 αἰνέσει
286 2514 339 2541 τὸν
358 2514 482 2548 Κύριον·
505 2515 552 2541 καὶ
572 2514 670 2542 πάλιν*
698 2513 947 2549 Ἀναγγελήσεται

157 2560 198 2593 τῷ
209 2561 307 2595 Κυρίῳ
321 2559 409 2596 γενεὰ
420 2560 440 2593 ἡ
454 2559 609 2595 ἐρχομένη.
626 2560 725 2596 Διόπερ
745 2559 885 2592 δεικτικῶς
907 2560 947 2591 εἰς

158 2607 221 2638 τοὺς
237 2606 402 2637 ἀποστόλους
416 2604 509 2637 αὑτοῦ,
521 2605 566 2632 καὶ
578 2605 627 2640 τὴν
642 2605 671 2638 te
683 2604 772 2631 αὐτῶν
783 2603 831 2631 καὶ
846 2604 878 2630 δι’
894 2605 944 2631 ai)-

158 2652 212 2680 τῶν
227 2653 288 2687 καθ’
304 2652 368 2688 ὅλης
381 2653 430 2688 τῆς
446 2651 605 2686 οἰκουμένης
627 2645 829 2686 συστησομένην
850 2649 946 2686 καινὴν

159 2699 255 2733 γενεὰν
267 2699 318 2734 τῆς
332 2698 412 2733 ἁγίας
431 2696 592 2733 Ἐκκλησίας
605 2697 686 2724 αὑτοῦ
699 2696 819 2732 ἀφορῶν,
834 2695 925 2730 ἔλεγεν
936 2705 942 2712 ·

166 2746 206 2772 θύ
216 2745 259 2781 μὴ
276 2745 411 2780 παρέλθῃ
430 2745 449 2779 ἡ
466 2744 554 2780 γενεὰ
565 2744 652 2777 αῦτη,
666 2743 721 2776 ἕως
731 2743 770 2770 ἂν
787 2742 883 2770 πάντα
902 2743 948 2778 τέ-

1130 2329 1152 2345 ⁷³
1163 2329 1225 2356 Non
1238 2329 1379 2364 prtcteribit
1393 2327 1525 2364 generatio
1541 2327 1606 2354 haec.

1032 2375 1160 2410 Qumnam
1190 2380 1232 2403 est
1260 2375 1318 2403 haec
1344 2375 1494 2410 generatio,
1517 2374 1569 2401 nisi
1586 2379 1654 2400 nova
1676 2373 1719 2400 illa
1738 2380 1780 2400 re-

994 2430 1111 2458 censque
1138 2424 1172 2449 ab
1188 2429 1221 2449 eo
1237 2422 1399 2451 constituta?
1416 2421 1449 2449 de
1468 2428 1519 2456 qua
1541 2419 1567 2447 in
1585 2419 1720 2446 vaticiniis
1739 2418 1781 2446 di-

997 2473 1070 2496 ctum
1087 2472 1129 2496 est
1144 2477 1151 2495 :
1168 2468 1307 2496 Scribatur
1323 2467 1378 2494 ha'c
1399 2467 1426 2494 in
1449 2465 1615 2501 generatione
1640 2465 1734 2496 altera,
1756 2469 1782 2491 et

996 2513 1107 2549 populus
1134 2515 1178 2550 qui
1200 2519 1304 2541 creatur
1323 2513 1441 2540 laudabit
1457 2510 1648 2545 Dominum";
1672 2517 1783 2537 rursus-

997 2567 1050 2595 que
1065 2568 1072 2587 :
1086 2559 1293 2587 Annuntiabitur
1303 2558 1414 2586 Domino
1427 2558 1559 2592 generatio
1569 2557 1717 2585 ventura".
1731 2556 1783 2583 Ita-

1000 2614 1052 2642 que
1065 2607 1203 2634 evidenter
1218 2607 1251 2634 ad
1263 2613 1325 2634 suos
1338 2604 1474 2640 apostolos
1488 2609 1569 2638 atque
1581 2603 1614 2630 ad
1632 2602 1784 2630 institutam

998 2659 1031 2680 ex
1045 2652 1112 2687 ipsis
1127 2657 1155 2680 et
1170 2660 1218 2687 per
1230 2652 1303 2687 ipsos
1318 2651 1344 2678 in
1355 2651 1421 2678 urbe
1433 2650 1559 2677 universo
1571 2655 1668 2676 novam
1684 2652 1784 2676 saneta:

999 2698 1126 2732 Ecclesiae
1151 2698 1351 2734 generationem
1371 2696 1496 2725 Christus
1510 2694 1657 2730 respiciens
1674 2693 1783 2722 aiebat:

1001 2744 1063 2772 Non
1084 2745 1225 2780 pmtetibit
1247 2744 1379 2779 generatio
1398 2744 1464 2777 haec,
1485 2742 1566 2769 donec
1592 2741 1681 2768 omnia
1703 2740 1783 2778 ﬁant.

197 2826 218 2842 "
233 2825 298 2862 Lug.
316 2833 373 2858 xxt,
396 2825 492 2853 29-51.
529 2825 551 2840 "'
566 2824 574 2852 Ι
588 2823 652 2852 Cor.
667 2831 699 2855 tt.
718 2824 745 2851 9.
782 2824 805 2840 ⁷³
821 2823 885 2852 Luc.
906 2832 962 2857 ut,
983 2824 1028 2852 32.
1067 2825 1162 2852 “Psal.
1185 2833 1222 2857 Cl,
1245 2824 1288 2852 l9.
1326 2824 1348 2840 "
1364 2823 1434 2851 Psal.
1452 2831 1506 2854 XXI,
1528 2821 1573 2849 52.

201 2871 257 2906 (Ἠ)
271 2870 393 2906 Videtur,
409 2871 460 2900 nisi
474 2871 562 2907 fallor,
591 2870 724 2899 Eusebius
742 2870 813 2899 haud
847 2870 1005 2899 neutraliter
1031 2872 1100 2908 αὕτη
1130 2871 1290 2907 intelligere,
1306 2875 1334 2899 ut
1353 2870 1409 2904 alii,
1425 2870 1471 2898 scd
1487 2869 1519 2897 de
1533 2869 1590 2905 ipsa
1605 2867 1782 2904 generatione

162 2913 213 2945 seu
223 2912 311 2936 aetate.
