2045 3215
273 191 326 220 605

610 187 746 217 EUSEBll
766 186 1008 216 CIESARIENSIS
1026 186 1101 214 OPP.
1121 185 1212 213 PARS
1231 184 1281 214 Ill.‘
1294 199 1329 204 —
1347 184 1551 214 EXEGETlCA.

1841 188 1896 216 σοι

274 250 429 279 Mausurum
444 249 542 285 quippe
557 257 589 276 ac
605 250 763 276 duraturum
780 248 907 282 populum
924 255 1001 275 suum
1014 247 1056 275 Ec-

1111 254 1209 280 νηται.
1221 246 1364 281 Διαμενεῖν
1380 245 1433 281 γάρ
1456 254 1522 281 φησι
1547 244 1594 272 καὶ
1612 244 1764 280 διαρκέσειν
1776 245 1820 272 τὸν
1832 246 1895 274 λαὸν

272 297 437 331 clesiamque
453 301 564 324 eatenus
581 295 657 328 dicit,
674 294 762 329 quoad
777 290 834 329 ipsa
854 294 992 328 generatio
1011 301 1056 321 su—

272 348 379 377 perstes
393 342 480 369 adhuc
495 341 584 368 omnia
596 341 729 374 inspiciat,
744 347 776 367 ac
786 340 989 374 praedictionum
1008 340 1056 367 do-

273 388 434 415 minicarnm
447 392 571 415 eventum
583 386 668 413 oculis
686 385 891 420 contempletur.

362 433 387 450 ⁷⁸
396 433 490 461 Cavete
503 441 534 460 ηε
553 433 620 467 forte
632 437 773 493 grauiumr
785 432 865 459 corda
884 437 969 459 vestra

577 476 604 493 an
616 475 696 493 cranu
710 476 736 493 ο.

577 476 604 494 ιη
616 475 736 501 crapula.

309 512 458 548 Discipulos
474 512 600 539 admonet
615 516 645 538 ut
656 511 770 545 prompti
787 511 840 538 sint
854 515 934 545 atque
949 510 982 537 ad
998 510 1056 546 ejus

273 559 416 586 adventum
434 558 623 592 excipiendum
650 557 736 591 parati
763 564 771 584 :
797 556 873 591 cujus
901 564 997 591 nempe
1016 557 1055 584 rei

273 604 359 639 gratia
385 608 495 631 cunctos
521 603 667 637 magisterii
693 603 733 629 sui
752 610 892 630 sermones
919 601 1055 629 faciebat:

272 648 433 683 sobriosque
450 656 482 675 ac
494 649 588 683 vigiles
609 655 669 675 esse
688 647 776 681 jubet.
798 653 825 674 et
849 652 933 674 totam
954 653 1054 674 morta-

273 693 306 720 lis
327 693 389 721 vita:
413 700 518 721 noctem
539 694 677 720 insomnes
705 693 854 728 transigere
879 702 885 720 :
916 698 1056 728 propterea

270 740 344 774 quod
368 739 607 767 consunnuationis
633 743 736 773 tempus
761 739 862 765 nemini
880 738 914 765 sit
933 739 1057 772 explora-

274 789 341 812 tum.
357 799 393 805 —
409 785 541 815 Cavenda,
561 785 656 818 inquit,
673 784 748 811 vobis
766 789 808 811 est
830 784 946 819 crapulae
962 792 1056 818 grave-

273 831 318 862 do,
339 837 368 858 ut
380 831 490 866 vigilare
507 831 634 866 possitis;
653 838 686 857 ne
702 831 810 864 inopina
828 838 874 858 vos
888 831 998 858 invadat
1011 831 1055 858 illa

272 877 330 905 dies
343 885 350 903 :
365 877 440 912 cujus
459 884 540 904 causa
557 884 634 904 sacer
650 877 731 904 etiam
740 877 884 911 Apostolus
899 876 1057 904 hortabatur

1107 292 1189 319 αὐτοῦ
1206 293 1252 318 καὶ
1265 291 1314 327 τὴν
1336 291 1499 327 Ἐκκλησίαν
1516 293 1555 323 εἰς
1572 292 1659 317 ἐκεῖνο
1680 291 1776 326 καιροῦ
1790 293 1830 324 εἰς
1848 293 1893 319 ὅτε

1106 339 1286 374 αὐτοπτήσειε
1300 337 1398 368 πάντα,
1413 337 1519 368 καὶτὰς
1532 336 1658 368 ἐκϐάσεις
1668 337 1722 364 τῶν
1735 337 1783 363 τοῦ
1804 338 1895 374 Σωτῆ-

1107 393 1153 419 ρος
1168 383 1345 419 προρῥήσεων
1358 382 1505 418 ὀφθαλμοῖς
1522 382 1683 418 παράλαὸοι.

1105 430 1273 464 Προσέχετε
1294 428 1411 465 ἑαυτοῖς
1424 429 1540 465 μήποτε
1557 429 1752 465 ,βαρυνθῶο-ιγ
1764 430 1848 465 ὑμῶν
1863 433 1895 458 αἱ

1334 464 1452 498 καρδίαι
1465 464 1500 490 ἐν
1509 464 1668 499 κραιπάλῃ.

1141 509 1274 545 Διεγειρει
1289 510 1352 541 τοὺς
1368 509 1491 544 μαθητὰς
1507 509 1553 535 ἐπὶ
1582 509 1612 536 τὸ
1637 510 1750 537 πάντοτε
1773 511 1895 547 ἑτοίμους

1106 553 1175 582 εἶναι
1190 554 1483 591 παρασκευαζομένους
1500 556 1545 587 είς,
1559 556 1608 590 τὴν
1632 555 1715 582 αὐτοῦ
1733 558 1894 592 παρουσίαν,

1106 601 1148 636 ἐφ’
1161 601 1193 636 ἣν
1205 601 1284 633 αὐτὸς
1303 602 1377 636 ἡμᾶς
1399 600 1549 637 παρορμῶν
1567 602 1630 633 τοὺς
1647 602 1749 633 πάντας
1762 603 1811 638 τῆς
1823 603 1895 630 διδα-

1108 648 1220 679 σκαλίας
1237 649 1354 674 ἐποιεῖτο
1369 647 1464 681 λόγους
1475 656 1481 662 ·
1505 647 1599 682 νήφειν
1613 656 1643 674 τε
1655 648 1701 674 καὶ
1717 649 1895 684 ἐγρηγορέναι

1107 694 1333 730 παρακελεύεται,
1364 694 1411 721 καὶ
1427 695 1575 729 ἀγρυπνεῖν
1602 694 1646 720 διὰ
1671 695 1761 730 πάσης
1782 696 1830 731 τῆς
1846 695 1894 722 τοῦ

1107 741 1204 775 θνητοῦ
1222 741 1279 776 βίου
1296 740 1401 771 νυκτὸς,
1415 739 1458 766 διὰ
1472 740 1501 766 τὸ
1519 739 1612 775 μηδενὶ
1626 740 1761 776 γνώριμον
1776 741 1825 769 τὸν,
1835 751 1897 769 και-

1109 786 1153 821 ρὸν
1166 786 1216 820 τῆς
1230 786 1381 818 συντελείας
1395 785 1535 821 ὑπάρχειν.
1553 799 1585 805 -
1602 785 1671 812 Ἀλλ’
1686 786 1749 822 ὑμῖν
1762 795 1807 821 γε,
1816 788 1893 823 φησὶ,

1108 832 1258 867 φυλακτέον
1277 833 1307 858 τὺ
1321 832 1445 859 ἐντεῦθεν
1462 832 1552 867 βάρος,
1568 832 1610 858 ἵνα
1625 832 1774 868 δυνήσησϐε
1790 833 1894 869 νήφειν,

1109 879 1213 913 μήποτε
1230 879 1326 913 ἐπιστῇ
1346 878 1478 912 αἰφνίδιος
1493 878 1535 911 ἐφ’
1561 878 1632 912 ὑμᾶς
1647 878 1765 914 ὴὴμέρα
1783 878 1874 915 ἐκείνη
1886 888 1894 895 ·

272 922 393 950 scribens
414 929 422 949 :
442 921 562 954 Fratres,
582 922 664 957 probe
675 922 759 954 scitis,
779 922 848 948 diem
863 921 980 952 Domini.
997 926 1056 948 tan—

1109 925 1171 960 περὶ
1190 922 1224 960 ἧς
1252 924 1297 950 καὶ
1318 924 1332 949 ὁ
1349 923 1419 958 ἱερὸς
1439 922 1599 954 Ἀπόστολος
1626 923 1741 958 παρῄνει
1767 923 1895 959 γράφων-

272 975 353 1002 quam
368 967 452 995 furem
463 969 488 995 in
499 973 587 1000 nocte,
596 972 738 995 venturam
746 969 780 995 ".
790 968 855 995 Cum
869 976 931 995 vero
939 968 1055 996 dixerint

273 1020 325 1048 pax
349 1018 377 1041 et
403 1015 546 1047 securitas,
568 1019 631 1041 tunc
645 1015 800 1049 repentinus
819 1015 858 1042 eis
885 1016 1056 1049 superveniet

272 1061 409 1088 interitus.
432 1059 486 1087 Vos
502 1065 592 1088 autem
611 1061 680 1087 haud
705 1061 851 1088 versamini
875 1061 902 1088 in
924 1061 1054 1095 tenebris,

271 1105 310 1132 ita
321 1109 349 1131 ut
363 1112 410 1132 vos
426 1105 482 1132 dies
494 1105 539 1132 illa
557 1109 684 1139 tanquam
699 1105 744 1132 l'ur
756 1107 966 1141 comprehendat
978 1115 984 1133 :
998 1115 1055 1134 om-

271 1158 321 1179 nes
335 1152 407 1178 enim
427 1159 474 1179 vos
492 1151 537 1178 ﬁlii
552 1151 620 1179 lucis
630 1151 706 1184 estis,
719 1151 819 1187 ﬁliique
830 1153 924 1180 dei’l‘.
940 1152 1056 1188 Vigilan-

271 1197 335 1225 dum
352 1203 394 1225 est
412 1198 493 1233 igitur
512 1206 564 1226 non
582 1198 668 1226 solum
685 1199 719 1226 ob
736 1199 854 1227 subitum
876 1204 956 1235 atque
979 1201 1055 1227 inex-

272 1249 421 1278 spectatum
441 1245 546 1272 Domini
563 1245 719 1279 adventum,
734 1253 827 1273 verum
847 1246 928 1274 etiam
947 1251 1056 1282 propter

271 1290 341 1317 furis
358 1290 478 1318 insidias.
496 1290 550 1318 Fur
573 1296 660 1318 autem
680 1291 745 1318 hora
769 1292 899 1326 cujusque
916 1293 1056 1320 Inortualis

272 1337 442 1372 intelligitur,
460 1337 502 1365 vel
517 1338 598 1364 etiam
616 1338 660 1365 ille
672 1339 716 1374 qui
737 1339 867 1374 cujusque
878 1340 995 1366 animam
1007 1347 1054 1367 ex-

272 1388 401 1417 cepturus
427 1388 470 1411 est
488 1384 610 1418 angelus.
638 1384 706 1411 Tum
736 1385 782 1419 qui
808 1385 860 1412 sibi
881 1386 1055 1419 attenderint,

272 1433 402 1463 tanquam
417 1436 514 1463 caprea
527 1430 652 1464 laqueum
668 1429 802 1464 vitabunt,
815 1431 855 1457 vel
871 1437 899 1458 ut
913 1433 971 1459 avis
983 1433 1057 1460 deci-

272 1474 364 1510 pulam
390 1484 397 1502 :
425 1475 471 1510 qui
499 1483 561 1503 vero
584 1476 694 1510 crapula
717 1477 820 1512 gravati
853 1477 951 1505 fuerint
975 1484 1057 1514 atque

273 1522 301 1549 in
320 1527 434 1549 mortem
453 1522 595 1556 consopiti,
614 1523 640 1549 in
659 1523 808 1558 periculum
829 1524 968 1559 inopinum
991 1525 1057 1554 inci-

272 1567 347 1595 dent.

325 1700 348 1717 "
368 1701 478 1737 Vigilate
491 1703 578 1737 itaque
593 1703 663 1730 omni
680 1708 793 1739 tempore
807 1710 920 1738 orantes,
936 1711 988 1734 etc.

308 1745 356 1774 His
369 1755 522 1775 consonans
535 1748 679 1783 Apostolus
694 1749 782 1776 aiebat
798 1759 804 1776 :
823 1750 965 1784 Propterea
982 1752 1055 1778 acci-

271 1792 325 1825 pite
339 1799 502 1820 armaturam
514 1794 573 1826 Dei,
587 1800 614 1820 at
622 1795 728 1829 possitis
745 1797 864 1823 resistere
878 1797 905 1823 in
916 1797 958 1823 die
974 1798 1053 1830 malo,

271 1844 295 1866 et
306 1839 334 1865 in
346 1840 466 1866 omnibus
475 1840 583 1874 perfecti
596 1847 675 1868 stare.
686 1841 760 1869 State
767 1850 830 1877 ergo
845 1843 972 1870 succincti
988 1843 1057 1871 tum-

272 1885 318 1912 bas
330 1891 426 1913 rutra:
439 1886 466 1913 in
479 1888 630 1914 ueritate".

359 1975 383 1992 ⁸⁰
392 1975 425 2002 Ut
439 1977 600 2004 manducetis
613 1982 637 2004 et
648 1977 742 2005 bibatis
763 1978 790 2005 in
801 1986 889 2005 mensa
903 1986 974 2007 mea.

307 2021 449 2057 Signiﬁcat
459 2023 563 2056 plenam
578 2024 706 2050 bonorum
719 2031 849 2056 mensam,
859 2024 934 2058 cujus
948 2025 1058 2058 partici—

272 2075 320 2103 pes
337 2073 417 2095 erunt
432 2068 448 2094 ii
462 2068 621 2102 quibuscum
642 2069 731 2097 foedus
755 2070 812 2102 icit,
830 2075 972 2104 propterea
987 2072 1057 2105 quod

272 2120 364 2141 secum
377 2115 576 2148 permanserint
591 2115 617 2141 in
635 2115 838 2142 tentationibus.
853 2116 891 2142 Ex
904 2116 962 2149 ejus
978 2116 1059 2150 igitur

273 2166 367 2186 mensa
383 2158 582 2186 manducabunt
598 2165 626 2187 et
643 2161 732 2188 bibent
747 2170 754 2193 ;
777 2169 846 2195 pane
863 2161 988 2189 videlicet
1002 2170 1060 2189 εω-

273 2204 334 2232 lesti
353 2205 503 2232 animarum
526 2206 660 2233 nutritore
680 2208 768 2241 pasti;
787 2208 896 2242 polique
922 2208 983 2235 vino
996 2209 1057 2235 novi

273 2251 402 2287 germinis
418 2252 480 2280 vitis
496 2260 566 2280 verte
583 2261 598 2283 .:
626 2255 786 2288 propinante
803 2255 861 2289 ipso
877 2255 1054 2289 agricolarum

272 2298 393 2325 omnium
409 2298 471 2330 Deo,
486 2299 531 2334 qui
551 2300 684 2328 novellum
702 2308 733 2327 ex
750 2302 807 2336 ipsa
821 2300 938 2328 fructum
954 2301 997 2329 his
1014 2303 1058 2337 qui

275 2348 339 2372 tunc
356 2345 428 2380 digni
445 2351 535 2378 erunt,
552 2346 700 2374 exhibebit.

412 2400 434 2416 ⁸¹
449 2401 482 2427 At
496 2401 539 2428 ille
561 2402 662 2435 negauit
682 2402 770 2443 dicens
787 2411 797 2429 .'
812 2402 918 2437 Mulier,

559 2445 611 2463 non
631 2445 689 2464 ηουι
704 2446 772 2466 eum.

311 2481 415 2508 Videsis
439 2486 605 2516 quantopere
621 2484 727 2511 veritati
746 2484 853 2512 studeat
874 2485 1055 2521 evangelista;

274 2527 409 2562 quomodo
430 2526 512 2554 Petro
534 2527 604 2555 haud
623 2528 799 2565 gratiﬁcetur,
816 2530 862 2557 sed
877 2530 978 2564 lapsum
999 2532 1056 2565 ejus

274 2571 388 2598 candide
406 2575 523 2598 enarret.
538 2571 666 2600 Videlicet
682 2563 752 2607 quod
768 2573 855 2602 caeteri
872 2563 1000 2609 magistro
1013 2563 1056 2604 de-

274 2621 347 2643 serto
363 2616 526 2651 diliugerint,
544 2618 588 2646 ille
600 2623 689 2646 autem
707 2620 833 2647 omnibus
849 2620 882 2647 iis
897 2623 1059 2656 praepositus

275 2662 412 2696 apOstolus
423 2668 503 2698 atque
514 2665 723 2700 discipulus,i|le
736 2667 863 2703 inclytus,
878 2667 996 2702 inquam,
1009 2668 1058 2697 Pe-

276 2712 343 2741 trus,
358 2710 450 2743 procul
463 2712 628 2749 cruciatibus
642 2717 669 2740 et
681 2714 885 2749 magistratuum
901 2715 991 2747 minis,
1017 2720 1059 2742 ter

275 2752 411 2781 Christum
427 2746 576 2790 negaverit:

1114 970 1251 1004 Ἀδελφοὶ,
1270 970 1358 996 οἴδατε
1382 970 1513 1005 ἀκριϐῶς,
1529 971 1569 996 ὅτι
1584 971 1600 1005 ἡ
1623 969 1714 1005 ἡμέρα
1728 970 1840 1004 Κυρίου,
1857 970 1896 1002 ὡς

1108 1016 1227 1051 κλέπτης
1252 1017 1287 1042 ἐν»
1298 1015 1386 1046 νυκτὶ,
1405 1015 1491 1047 οὕτως
1512 1016 1630 1051 ἔρχεται,
1646 1015 1730 1042 Ὅταν
1744 1015 1772 1042 δὲ
1782 1016 1897 1043 εἴπωσιν

1108 1062 1200 1097 είρήνη
1215 1062 1261 1088 καὶ
1276 1061 1420 1096 ἀσφάλεια,
1438 1061 1498 1087 τότε
1509 1061 1638 1095 αἰφνίδιος
1649 1061 1739 1093 αὐτοῖς
1754 1062 1896 1096 ἐφίσταται

1108 1106 1225 1142 ὗλεθρος.
1248 1106 1341 1141 Ὑμεῖς
1355 1106 1383 1132 δὲ
1402 1106 1451 1132 οὐκ
1464 1106 1525 1132 ἐστὲ
1551 1106 1580 1131 ὲν
1606 1106 1706 1137 σκότει,
1725 1105 1767 1131 ἵνα
1782 1105 1854 1140 ὑμᾶς
1877 1107 1895 1140 ἡ

1108 1152 1198 1188 ἡμέρα
1213 1152 1250 1184 ὠς
1264 1152 1383 1187 κλέπτης
1395 1151 1550 1187 καταλάϐῃ·
1568 1152 1666 1183 πάντες
1682 1151 1736 1187 γὰρ
1751 1151 1830 1186 ὑμεῖς
1844 1151 1898 1178 υἱοὶ

1109 1199 1197 1234 φωτός
1213 1200 1274 1225 ἐστε
1291 1199 1338 1225 καὶ
1354 1199 1407 1225 υἱοὶ
1423 1198 1539 1235 ἡμέρας.
1557 1199 1744 1234 Γρηγορητέον
1760 1197 1806 1225 οὖν
1830 1199 1897 1234 ἡμῖν

1109 1244 1138 1269 οὐ
1157 1243 1235 1278 μόνον
1249 1243 1292 1269 διὰ
1307 1243 1358 1279 τὴν
1371 1243 1471 1279 ἀθρόαν
1500 1243 1547 1269 καὶ
1565 1244 1765 1280 ἀπροσδόκητον
1779 1244 1826 1271 τοῦ
1848 1246 1897 1271 Δε-

1110 1290 1207 1316 σπότου
1223 1290 1324 1324 ἄφιξιν,
1352 1290 1419 1316 ἀλλὰ
1436 1291 1483 1317 καὶ
1499 1291 1543 1317 διὰ
1568 1290 1613 1317 τὸν
1636 1291 1754 1326 κλέπτην
1768 1292 1815 1318 τὸν
1835 1293 1897 1327 ἐφε-

1108 1336 1246 1372 δρεύοντα.
1265 1337 1293 1362 Ὀ
1306 1337 1333 1362 δὲ
1357 1336 1477 1371 κλέπτης
1494 1337 1567 1363 ἐστὶν
1580 1338 1594 1363 ὁ
1610 1337 1705 1372 καιρὸς
1718 1337 1767 1373 τῆς
1781 1338 1896 1365 ἑκάστου

1109 1381 1237 1416 τελευτῆς
1247 1390 1253 1396 ·
1272 1380 1288 1416 ἢ
1303 1382 1350 1408 καὶ
1363 1383 1376 1407 ὁ
1394 1381 1498 1416 μέλλων
1510 1381 1559 1417 τὴν
1577 1381 1690 1408 ἑκάστου
1706 1381 1794 1418 ψυχὴν
1807 1390 1897 1418 παρα-

1110 1428 1258 1463 λαμδάνειν
1289 1427 1413 1462 ἄγγελος.
1439 1428 1482 1460 Ὠς
1507 1427 1590 1461 παγὶς
1611 1427 1664 1464 γὰρ
1686 1429 1702 1463 ὴ
1729 1427 1776 1455 τοῦ
1793 1429 1896 1464 Κυρίου

1110 1475 1248 1510 παρουσία
1264 1474 1439 1500 ἐπελεύσεται
1453 1474 1499 1500 ἐπὶ
1524 1474 1627 1504 πάντας
1638 1473 1700 1505 τοὺς
1713 1475 1741 1500 ἐν
1759 1475 1791 1510 τῇ
1806 1475 1840 1509 γῇ
1850 1482 1856 1489 ·
1869 1475 1896 1501 οἰ

1112 1521 1159 1555 μὲν
1171 1518 1216 1546 οὖν
1234 1520 1413 1556 προσέχοντες
1427 1521 1530 1551 ἑαυτοῖς
1546 1518 1685 1552 σώζονται,
1697 1519 1790 1555 ὥσπερ
1799 1519 1896 1555 ἃορκὰς

1111 1567 1143 1592 ἐκ
1157 1566 1271 1601 βρύχιον,
1286 1566 1332 1592 καὶ
1348 1566 1441 1602 ὥσπερ
1456 1566 1550 1601 ὅρνεον
1567 1566 1599 1592 ἐκ
1617 1565 1738 1599 παγίδος·
1764 1566 1786 1592 οἱ
1813 1565 1841 1591 δὲ

1110 1612 1179 1649 μέθῃ
1193 1612 1382 1648 βεϐαρημένοι,
1397 1612 1443 1638 καὶ
1458 1613 1497 1643 είς
1512 1611 1625 1638 θάνατον
1639 1611 1834 1643 ὑπνώττοντες,
1848 1612 1896 1637 ὲκ-

1107 1658 1249 1685 πίπτουσιν
1262 1660 1301 1690 είς
1313 1659 1442 1694 ἀδόκητον
1458 1658 1588 1685 κίνδυνον.

1113 1705 1299 1739 Ἀγριιπνεῖτε
1311 1703 1368 1731 οὖν
1378 1705 1413 1731 ἐν
1426 1705 1515 1731 παντὶ
1525 1704 1616 1738 καιρῷ
1628 1704 1772 1740 δεόμενοι,
1789 1712 1816 1731 κ.
1830 1713 1855 1730 τ.
1870 1703 1895 1730 λ.

1143 1751 1254 1783 Τούτοις
1270 1751 1389 1786 συνᾴδων
1405 1752 1418 1777 é
1439 1751 1599 1782 Ἀπόστολος
1617 1751 1692 1785 ἔλεγε
1706 1760 1713 1766 ·
1738 1749 1790 1777 Διὰ
1809 1749 1898 1777 τοῦτο

1106 1797 1270 1824 ἀναλάϐετε
1278 1797 1334 1831 τὴν
1344 1798 1517 1824 πανοπλίαν
1527 1797 1579 1824 τοῦ
1589 1796 1673 1829 Θεοῦ,
1687 1797 1737 1823 ἵνα
1747 1794 1898 1829 δυνηθῆτε

1107 1843 1285 1877 ἀντιστῆναι
1305 1843 1339 1869 ἐν
1354 1842 1391 1876 τῇ
1404 1843 1498 1876 ἡμέρᾳ
1514 1842 1551 1876 τῇ
1569 1841 1694 1876 πονηρᾷ,
1717 1842 1765 1868 καὶ
1780 1841 1898 1868 ἅπαντα

1107 1888 1357 1924 κατεργασάμενοι
1372 1888 1491 1922 στῆναι.
1512 1888 1606 1922 Στῆτε
1622 1886 1678 1916 οὖν
1698 1887 1902 1922 .τι.ι;,ριζωοίἱμε-Δ

1108 1944 1154 1962 νοι
1166 1935 1223 1969 τὴν
1235 1935 1335 1969 ὀσφὺν
1349 1935 1432 1969 ὑμῶν
1449 1935 1484 1962 ἐν
1499 1936 1635 1969 ἀληθεΙᾳ.

1110 1982 1171 2008 Ἵνα
1185 1982 1303 2015 ἐσθίητε
1329 1982 1379 2008 καὶ
1397 1982 1502 2015 πίνητε
1523 1981 1571 2008 ἐπὶ
1588 1981 1643 2015 τῆς
1656 1980 1801 2015 τραπέζης
1824 1989 1895 2015 μου.

1146 2027 1279 2054 Τοιούτων
1296 2027 1372 2054 ἔσται
1396 2027 1504 2062 πλήρης
1528 2027 1638 2061 ἀγαθῶν
1657 2027 1793 2062 τράπεζα,
1805 2024 1839 2063 ἦς
1850 2036 1899 2062 με-

1108 2073 1274 2108 ταλήψονται
1290 2071 1331 2106 οἷς
1350 2074 1399 2110 τὴν
1410 2073 1548 2110 Διαθήκην
1560 2073 1661 2100 διέθετο
1674 2074 1718 2100 διὰ
1730 2074 1761 2100 τὺ
1777 2082 1902 2109 μεμενη-.

1109 2119 1185 2146 κέναι
1203 2121 1260 2155 μετ’
1282 2120 1364 2147 αὑτοῦ
1393 2121 1422 2147 ὲν
1438 2122 1494 2152 τοῖς
1511 2122 1674 2156 πειρασμοῖς
1686 2129 1692 2136 ·
1717 2121 1760 2147 ἵνα
1786 2119 1899 2146 ὲσθίωσι

1111 2165 1157 2192 καὶ
1175 2166 1271 2192 πίωσιν
1288 2167 1334 2192 ἐπὶ
1361 2168 1409 2201 τῆς
1420 2166 1559 2202 τραπέζης
1576 2166 1674 2193 αὑτοῦ·
1688 2166 1763 2203 ἄρτῳ
1781 2167 1830 2201 μὲν
1849 2166 1895 2192 οὐ-

1111 2212 1195 2247 ρανίῳ
1206 2206 1298 2247 ψυχῶν
1316 2212 1401 2246 ἁγίων
1418 2212 1571 2248 Θρεπτικῶς
1589 2213 1801 2248 τραφησόμενοι,
1823 2212 1896 2238 οἴνου

1109 2258 1137 2284 δὲ
1165 2258 1212 2284 τοῦ
1238 2259 1330 2285 καινοῦ
1356 2260 1525 2295 γεννήματος
1541 2259 1590 2294 τῆς
1618 2259 1749 2294 ἀληθινῆς
1772 2259 1895 2294 ἀμπέλου

1117 2304 1332 2340 μεταληψόμενοι
1345 2314 1351 2320 ⁸
1368 2305 1400 2340 ἣν
1414 2305 1494 2336 αὐτὸς
1509 2306 1524 2331 ὁ
1537 2305 1591 2331 τῶν
1604 2305 1672 2331 ὅλων
1686 2304 1751 2335 Θεὸς
1766 2304 1896 2340 γεωργῶν

1109 2350 1140 2376 τὺ
1151 2351 1241 2377 καινὸν
1252 2350 1280 2383 ὲξ
1296 2350 1382 2386 αὐτῆς
1399 2351 1519 2386 γέννημα
1531 2352 1587 2382 τοῖς
1602 2350 1662 2377 τότε
1678 2350 1763 2382 ἀξίοις
1772 2350 1893 2385 παρέξει.

1116 2405 1142 2430 '0
1158 2404 1192 2431 δὲ
1206 2405 1359 2439 ἠρνήσατο
1376 2406 1484 2450 αὐτὸν,
1495 2406 1594 2467 λέγων
1606 2415 1612 2422 ’
1636 2406 1741 2438 Γύναι,
1756 2407 1811 2433 οὐκ
1831 2403 1895 2433 οῖδα

1451 2450 1507 2467 αυτ
1527 2450 1554 2467 ν.

1451 2450 1554 2469 αυτον.

1145 2486 1215 2521 ’Ἡρα
1237 2487 1265 2514 δὲ
1284 2487 1314 2513 τὸ
1335 2487 1478 2522 φιλὰληῡες
1494 2486 1540 2513 τοῦ
1563 2486 1766 2521 εὐαγγελιστοῦ,
1780 2486 1839 2518 πῶς
1864 2486 1894 2512 οὐ

1109 2533 1318 2568 καταχαρίζεται
1338 2533 1376 2568 τῷ
1399 2533 1504 2568 Πέτρῳ,
1519 2533 1586 2560 ἀλλὰ
1608 2533 1638 2559 τὸ
1665 2532 1749 2563 πάθος
1763 2531 1844 2559 αὐτοῦ
1859 2532 1896 2563 ὡς

1109 2578 1164 2613 ἕχει
1178 2579 1319 2613 διηγεῖται,
1334 2581 1374 2606 ὃτι
1388 2581 1412 2606 οἱ
1432 2580 1480 2615 μὲν
1494 2580 1568 2606 ἄλλοι
1591 2578 1768 2610 ἀπολιπόντες
1791 2578 1837 2605 τὸν
1859 2579 1897 2604 δι-

1111 2623 1242 2651 δάσκαλον
1262 2625 1372 2660 ᾣχοντο,
1389 2627 1403 2652 ό
1429 2626 1457 2652 δὲ
1486 2626 1594 2652 πάντων
1611 2625 1700 2652 αὐτῶν
1714 2625 1897 2660 προκεκριμέ-

1111 2679 1155 2701 νος
1170 2671 1317 2703 ὰπόστολός
1333 2681 1363 2698 τε
1379 2672 1425 2698 καὶ
1441 2671 1574 2707 μαθητὴς,
1595 2671 1675 2702 αὐτὸς
1688 2672 1794 2708 ἐκεῖνος
1804 2672 1819 2697 ό
1830 2670 1896 2705 βοώ-

1112 2724 1191 2751 μενος
1198 2716 1309 2752 Πέτρος,
1320 2717 1441 2752 βασάνων
1454 2717 1531 2748 ἐκτὸς
1539 2717 1585 2743 καὶ
1597 2716 1759 2752 ὰρχοντικῆς
1771 2716 1896 2751 ἀπειλῆς,

1110 2761 1201 2797 τρίτον
1215 2763 1295 2789 αὐτὸν
1310 2762 1466 2798 ἐξωμόσατο

310 2799 425 2845 1εὲυῇ
434 2809 489 2834 η’»
503 2802 549 2830 51-
587 2804 608 2820 "
622 2804 631 2831 ι
643 2804 738 2833 Thess.
751 2812 778 2837 v,
796 2805 823 2832 2.
861 2806 898 2821 τ’*
917 2805 982 2833 ibid.
1001 2805 1053 2839 4,5

1109 2807 1124 2822 ’⁸
1139 2807 1204 2836 Luc.
1224 2817 1282 2841 XM,
1298 2809 1341 2837 56.
1381 2811 1402 2825 ⁷³
1420 2809 1520 2845 Ephes.
1536 2808 1619 2842 “,13.
1656 2808 1679 2823 ⁸ο
1695 2808 1760 2835 Luc.
1772 2815 1838 2840 χχιι,
1850 2807 1894 2833 50.

276 2833 297 2849 ¹¹
314 2834 378 2862 ibid.
392 2835 436 2862 57.

312 2882 366 2917 (75)
380 2882 569 2925 Fragnpmlunt
590 2887 639 2915 hoc
658 2891 791 2922 sumptum
820 2888 924 2916 videtur
955 2896 1002 2925 ex,
1020 2888 1198 2924 Th»_:rania,
1223 2891 1269 2919 lib.
1297 2899 1323 2925 v,
1341 2891 1384 2919 40.
1401 2891 1438 2919 lbi
1466 2896 1553 2919 tamen
1577 2890 1709 2920 Eusebius
1732 2895 1855 2918 versatur
1868 2889 1895 2916 in

277 2917 365 2946 Murco
379 2917 493 2952 xtv,'66..
