2045 3215
265 197 312 226 6οἷ
619 199 751 227 EUSEBII
770 199 1006 228 CESARIENSIS
1024 200 1099 229 OPP.
1119 200 1209 227 PARS
1229 200 1309 227 lV.——
1329 199 1537 228 DOGMATICA.
1819 199 1869 226 608

306 379 733 470 EUSEBII
765 379 1125 470 OPEBA
1153 378 1820 471 DOGMATICA.

724 618 825 680 DE
869 616 1404 682 THEOPHANIA.

626 735 738 771 (Angelo
756 735 818 769 IL“,
838 735 1000 764 Bibliotheca
1019 743 1085 764 noua
1103 735 1224 770 Patrum,
1246 736 1290 770 ιν,
1311 736 1362 764 110
1381 742 1407 764 et
1426 737 1501 771 510.);

275 274 1862 294 Ἦ

914 887 1226 934 MONITUM.

296 998 372 1026 Inter
395 1003 489 1026 ctetera
511 996 616 1025 Eusebii
632 997 804 1024 Cwsariensis
820 1006 898 1032 opera
919 998 994 1025 divus
1013 997 1199 1033 Hieronymus,
1214 999 1254 1027 De
1271 999 1336 1027 viris
1356 999 1393 1027 ill.
1410 1008 1467 1034 cap.
1481 1000 1525 1033 8|,
1541 1001 1623 1027 libros
1644 1001 1755 1035 quinque
1772 1000 1875 1035 Θεοφα-

259 1045 351 1078 νειας,
374 1045 401 1072 id
422 1049 459 1072 est
486 1045 523 1071 De
542 1044 586 1071 Dei
612 1043 846 1076 maniiestatione,
868 1044 1056 1071 nominauerat.
1074 1043 1141 1070 Item
1164 1044 1246 1080 Syrus
1270 1044 1414 1073 Ebediesus
1437 1046 1463 1072 in
1485 1051 1621 1073 auctorum
1643 1047 1774 1081 catalogo,
1799 1055 1875 1079 quem

260 1090 422 1119 Echellensis
439 1092 534 1127 primo,
548 1091 642 1119 deinde
656 1091 812 1119 Assemanus
831 1092 984 1124 ediderunt,
1008 1091 1075 1118 idem
1096 1090 1202 1118 Eusebii
1217 1100 1281 1126 opus
1298 1098 1541 1120 commemorauerat
1560 1093 1592 1120 de
1614 1091 1707 1119 erca
1721 1093 1756 1119 ad
1776 1092 1873 1127 Syria-

258 1145 316 1165 cant
342 1138 459 1173 Knguam
480 1137 647 1164 translatum.
671 1136 757 1165 ϐπ·ωεί
777 1138 914 1172 originalis
933 1137 1060 1172 deperditi
1084 1138 1174 1172 uiginti
1195 1147 1240 1173 ego
1261 1138 1408 1172 fragmenta
1427 1139 1454 1165 in
1477 1137 1609 1166 Vaticanis
1629 1138 1762 1165 codicibus
1784 1138 1876 1165 obser-

258 1188 329 1215 vata,
342 1184 411 1210 inter
424 1182 534 1210 Veteres
548 1191 616 1210 meos
631 1183 781 1216 Scriptores
795 1187 813 1209 t.
828 1182 853 1215 1,
865 1183 906 1210 ed.
920 1191 984 1215 sec.,
997 1191 1065 1210 anno
1077 1182 1155 1215 1851,
1168 1187 1190 1209 et
1206 1188 1225 1210 t.
1246 1182 1328 1214 γιιι,
1341 1192 1386 1210 an.
1399 1184 1477 1217 1855,
1490 1184 1693 1219 divulgaveram.
1706 1185 1773 1212 Ecce
1788 1189 1875 1211 autent

258 1229 436 1264 signiﬁcatam
452 1229 526 1256 nobis
543 1230 574 1256 ab
589 1229 719 1256 Ebediesu
738 1229 877 1264 Syriacam
899 1229 1041 1257 Eusebiani
1059 1230 1143 1264 operis
1164 1229 1374 1261 translationem,
1399 1231 1451 1256 duo
1467 1231 1582 1265 perdocti
1598 1236 1620 1257 et
1642 1231 1756 1258 illustres
1779 1236 1876 1258 nostra!

259 1275 345 1304 (etatis
365 1275 442 1310 Angli
458 1283 471 1302 s
487 1275 597 1302 tenebris
620 1275 730 1310 denique
744 1280 877 1308 eruerunt,
892 1275 1017 1302 Tatamus
1033 1280 1109 1310 atque
1132 1275 1216 1307 Leus;
1233 1283 1343 1310 quorum
1365 1275 1410 1302 ille
1434 1284 1466 1302 ea:
1484 1275 1643 1311 Egyptiaco
1667 1277 1695 1303 in
1711 1277 1800 1304 Nitria
1818 1286 1876 1303 mo-

259 1322 374 1349 nasterio
394 1321 512 1349 Scetensi
529 1321 644 1347 codicem
665 1329 733 1347 anno
749 1321 817 1348 1839
840 1321 866 1347 in
884 1321 1003 1355 Angliam
1025 1321 1135 1352 detulit;
1156 1320 1223 1346 alter
1243 1325 1329 1346 autem
1354 1320 1493 1354 Syriacum
1512 1321 1580 1348 hunc
1602 1326 1699 1348 textum
1719 1331 1788 1349 anno
1807 1322 1877 1350 1842

259 1366 391 1399 Londini,
410 1370 434 1392 et
458 1370 579 1400 sequente
603 1373 672 1392 anno
693 1365 831 1399 Anglicum
853 1365 968 1399 ejusdem
995 1365 1236 1399 interpretationem
1268 1364 1446 1400 Cantabrigia:
1467 1375 1524 1393 cum
1551 1367 1662 1395 eruditis
1687 1368 1876 1403 prolegomenis

259 1413 416 1448 scltoliisqtse
434 1413 575 1447 impressit.
587 1413 620 1439 Et
639 1412 765 1447 Syriacus
780 1413 883 1448 quidem
901 1417 985 1439 textus
1003 1413 1119 1440 nondum
1132 1413 1166 1439 ad
1184 1421 1236 1446 me,
1256 1414 1325 1448 quod
1340 1413 1425 1446 doleo,
1447 1414 1576 1448 pervenit;
1596 1423 1654 1442 cum
1674 1420 1762 1443 tamen
1782 1417 1878 1451 Angli-

259 1469 318 1491 cum
337 1461 470 1488 desinente
489 1467 558 1487 anno
576 1458 645 1486 1816
659 1458 792 1485 commode
807 1458 910 1486 demum
935 1465 1025 1485 nactus
1044 1458 1151 1493 fuerim,
1171 1467 1278 1493 eumque
1303 1460 1419 1487 studiose
1439 1460 1555 1495 legerim,
1580 1461 1669 1488 statim
1689 1464 1795 1496 cognoui
1817 1464 1877 1497 [ra-

260 1513 363 1544 gmenta
379 1507 472 1536 Graeca
486 1515 545 1542 quae
561 1515 607 1541 ego
620 1506 716 1533 multos
731 1511 792 1534 ante
806 1515 889 1534 annos
902 1506 1047 1539 edideram,
1065 1515 1155 1541 reapse
1170 1508 1204 1533 ad
1219 1507 1327 1535 Eusebii
1343 1507 1556 1542 Theopltaniam,
1571 1513 1647 1542 prout
1665 1509 1782 1541 ipsorum
1801 1511 1871 1538 tituli

260 1557 388 1591 ferebant,
407 1555 534 1590 pertinere
550 1555 622 1590 (nam
636 1554 718 1582 sicubi
736 1554 837 1581 codices
850 1555 900 1582 mei
916 1563 974 1581 cum
993 1554 1103 1589 Syriaco
1119 1563 1170 1582 non
1183 1554 1248 1582 satis
1264 1559 1423 1590 congruunt,
1443 1556 1470 1582 id
1490 1556 1544 1583 suis
1560 1556 1623 1583 locis
1638 1562 1727 1590 postea
1747 1557 1871 1594 dicetur).

261 1603 315 1638 Sed
331 1608 355 1631 et
379 1603 484 1637 insuper
501 1603 630 1637 comperi,
648 1602 795 1636 fragmenta
816 1602 885 1636 alia,
905 1611 950 1629 nec
965 1603 1051 1629 brevia
1073 1611 1118 1629 nec
1137 1603 1301 1636 ptenitenda,
1321 1610 1379 1637 qua:
1395 1610 1441 1637 ego
1460 1603 1486 1629 in
1516 1601 1650 1630 Vaticanis
1672 1609 1823 1630 catenarum
1838 1605 1873 1630 ad

261 1651 361 1679 Lucam
382 1651 515 1678 codicibus
536 1651 582 1677 sub
606 1649 714 1677 Eusebii
736 1654 836 1676 tantum
864 1650 966 1676 nomine
989 1658 1158 1684 aspexeram,
1180 1650 1290 1685 ideoque
1311 1654 1436 1684 tanquam
1457 1649 1600 1676 Eusebiani
1622 1651 1656 1677 ad
1680 1649 1779 1678 Lucam
1804 1659 1876 1678 com-

260 1698 383 1726 mentarii
402 1702 534 1733 segmenta
550 1699 577 1724 in
597 1698 720 1732 praedicto
736 1697 836 1732 Script.
847 1701 901 1724 vet.
917 1702 986 1724 tomo
1003 1698 1086 1732 primo
1103 1702 1283 1729 attezueram;
1296 1697 1422 1731 comperi,
1440 1699 1559 1732 inquam,
1580 1698 1635 1725 lucc
1655 1706 1757 1733 quoque
1779 1700 1877 1733 partim

260 1754 293 1773 e1:
306 1746 480 1781 Theophania
503 1745 584 1780 fuisse
603 1746 730 1778 detracta,
749 1745 776 1772 id
795 1746 864 1780 quod
887 1744 1010 1780 Syriacus
1037 1751 1123 1773 textus
1143 1745 1182 1773 vel
1207 1745 1291 1780 potius
1315 1744 1476 1779 Anglicanus
1499 1753 1538 1772 me
1564 1745 1648 1772 docet.
1670 1745 1736 1778 Qute
1753 1754 1793 1772 res
1817 1754 1877 1772 cum

261 1801 302 1821 me
318 1801 474 1828 magnopere
495 1793 687 1826 delectavisset,
707 1793 828 1820 constitui
852 1794 971 1827 protinus
993 1793 1086 1820 (ἔπεσα
1108 1793 1198 1820 omnia
1215 1792 1398 1827 Theophanis:
1419 1800 1435 1819 α
1454 1801 1495 1820 me
1514 1793 1576 1820 olim
1605 1793 1705 1820 detecta
1729 1792 1879 1828 fragmenta

261 1847 330 1867 nunc
349 1848 516 1874 congregare,
532 1839 626 1866 Latina
641 1840 718 1867 etiam
735 1839 831 1874 facere,
845 1844 922 1874 atque
938 1844 965 1865 ut
983 1839 1104 1866 monebat
1124 1839 1242 1873 impressi
1256 1838 1366 1874 Anglice
1388 1839 1473 1873 operis
1488 1839 1582 1871 series,
1605 1839 1669 1866 locis
1686 1840 1804 1875 quodque
1821 1841 1877 1867 suis

260 1887 397 1916 collocare.
411 1886 480 1914 Nam
501 1886 687 1914 Vaticanarum
705 1891 856 1914 catenarum
872 1891 991 1914 auctores
1007 1885 1114 1914 Eusebii
1134 1886 1334 1920 Theophaniam
1350 1890 1423 1912 extra
1448 1886 1508 1912 libri
1531 1886 1647 1913 ordinem
1662 1893 1710 1920 pro
1730 1894 1777 1913 suo
1799 1887 1876 1913 libita

260 1939 452 1968 excerpserunt,
470 1934 508 1961 vel
528 1935 613 1968 potius
630 1938 706 1967 prout
728 1933 892 1968 evangelictc,
911 1941 988 1967 quam
1012 1933 1061 1966 ipsi
1083 1933 1266 1967 sequebantur.
1283 1932 1399 1958 historia:
1419 1939 1511 1958 cursus
1533 1932 1664 1966 poscebat.
1683 1932 1811 1966 Exemplo
1841 1933 1877 1960 sit

261 1980 380 2011 narratio
393 1980 425 2006 de
439 1980 536 2006 Christi
553 1980 659 2006 Domini
675 1983 769 2012 morte,
788 1987 867 2014 quam
883 1977 1011 2005 Eusebius
1023 1978 1096 2012 [libro
1120 1978 1196 2004 tertio
1214 1977 1299 2004 medio
1320 1978 1424 2011 scribit,
1446 1978 1553 2005 Nicetas
1575 1982 1679 2009 autem,
1703 1979 1780 2004 unius
1789 1987 1808 2013 ιε
1831 1988 1877 2006 ca-

262 2026 330 2053 tenis
353 2031 457 2058 auctor,
481 2026 527 2052 sub
545 2025 623 2059 ﬁnem
641 2033 696 2052 suae
721 2025 912 2052 lucubrationis
927 2029 954 2051 ut
976 2033 1024 2059 par
1046 2029 1103 2051 erat
1119 2024 1222 2058 posuit,
1244 2032 1333 2057 nempe
1351 2025 1378 2051 in
1399 2025 1496 2059 pagina
1517 2023 1615 2050 codicis
1640 2025 1817 2052 trecentesimo
1835 2034 1878 2053 se-

261 2073 356 2106 ptima,
377 2079 436 2106 qua:
454 2080 469 2097 a
488 2071 540 2105 ﬁne
555 2072 595 2097 sui
615 2071 753 2098 voluminis
774 2079 866 2105 parum
885 2070 966 2096 abest.
991 2069 1091 2097 Niceta:
1109 2070 1222 2097 codicem
1250 2071 1308 2098 Vat.
1324 2071 1389 2098 1611
1412 2070 1498 2096 littera
1513 2069 1535 2096 A
1555 2069 1671 2105 designo.
1686 2069 1800 2096 Macarii
1817 2079 1875 2098 vero

261 2117 481 2154 Chrysoeephali,
503 2118 611 2145 diuersi:
636 2123 734 2145 calente
761 2117 891 2150 auctoris,
914 2117 958 2152 qui
980 2116 1043 2143 item
1062 2116 1268 2155 Theophaniam.
1284 2117 1439 2144 nominatim
1467 2116 1612 2150 aliquando
1628 2116 1743 2150 erpilat,
1762 2117 1875 2145 codicem

267 2163 327 2191 Vat.
347 2163 417 2191 1610
432 2164 525 2190 denoto
542 2163 630 2190 littera
652 2163 683 2191 Ε.
696 2162 770 2190 Alias
791 2163 893 2189 demum
909 2167 1015 2189 catenas
1034 2163 1110 2194 duas,
1132 2162 1190 2189 Vat.
1213 2161 1272 2189 Pal.
1291 2162 1350 2189 Vat.
1369 2163 1403 2189 20
1420 2166 1443 2189 et
1460 2162 1549 2189 Ottob.
1569 2161 1629 2188 Vat.
1652 2161 1713 2194 100,
1730 2171 1789 2196 qm:
1809 2163 1873 2190 mihi

261 2210 404 2246 symbolam
423 2210 627 2245 fragmentorum
645 2210 736 2237 horum
753 2210 932 2242 contulerunt,
948 2210 1041 2236 litteris
1057 2210 1078 2237 Β
1090 2215 1114 2236 et
1127 2210 1148 2237 L
1162 2211 1320 2238 demonstro.
1343 2209 1455 2237 Unicum
1479 2210 1588 2244 denique
1609 2210 1722 2243 primum
1745 2209 1876 2244 fragmen-

262 2264 317 2286 tum
336 2266 368 2286 ea:
381 2259 458 2285 codd.
478 2258 668 2285 Mediolanensi
685 2264 709 2285 et
732 2258 869 2285 Parisiaco
885 2258 963 2285 simul
983 2259 1080 2294 adfuit.
1100 2258 1177 2285 Hanc
1192 2259 1278 2294 itaque
1297 2259 1447 2286 Grmcorum
1470 2258 1644 2292 Tlteopltanicc
1666 2257 1875 2293 fragmentorum

262 2307 437 2341 tempestivam
451 2307 537 2333 hercle
555 2306 694 2333 editionem
713 2314 781 2333 nunc
791 2314 869 2339 curo,
885 2311 939 2333 tum
959 2312 987 2333 ut
1005 2306 1111 2334 Eusebii
1127 2308 1241 2334 natiuum
1256 2311 1365 2340 textum,
1383 2311 1509 2340 quantum
1531 2306 1572 2341 fas
1587 2309 1636 2338 est,
1659 2308 1691 2333 ab
1708 2307 1815 2334 interitu
1835 2315 1876 2334 re-

263 2361 363 2385 uocem;
375 2358 431 2380 tum
445 2357 471 2379 ut
491 2351 572 2387 Syrus
592 2352 719 2386 interpres
740 2351 829 2387 sicubi:
842 2357 951 2379 mentem
969 2353 1085 2379 auctoris
1104 2361 1156 2379 non
1172 2357 1209 2379 est
1230 2357 1364 2379 assecutus
1381 2352 1459 2386 (quod
1473 2352 1497 2379 ei
1518 2353 1658 2380 identidem
1679 2353 1806 2379 accidisse
1819 2352 1876 2379 sine

263 2397 342 2424 dubio
365 2396 623 2432 animadvertimus),
648 2397 797 2424 authentico
819 2397 972 2424 documento
995 2397 1155 2424 emendetur.
1176 2396 1232 2424 Nec
1256 2405 1319 2424 sane
1343 2397 1432 2423 dubito
1455 2397 1519 2431 quin
1545 2397 1654 2431 opellam
1677 2405 1761 2424 meam
1786 2397 1825 2424 rir
1840 2397 1873 2424 cl-

263 2445 332 2473 Leus
347 2445 407 2472 boui
421 2446 555 2479 consulat,
576 2453 665 2481 meque
685 2445 710 2472 ei
728 2452 884 2480 magnopere
907 2444 1003 2479 favere,
1024 2449 1123 2471 certum
1144 2445 1247 2471 ltabeat.
1267 2444 1333 2472 licet:
1353 2445 1475 2477 interim;
1494 2452 1604 2479 namque
1626 2450 1649 2472 et
1673 2445 1740 2471 alios
1759 2450 1813 2472 tum
1830 2444 1875 2472 abs

264 2490 327 2523 Leo,
354 2495 409 2517 tum
430 2491 462 2518 ab
480 2491 596 2525 ejusdem
621 2491 713 2526 gloria:
732 2491 802 2518 socio
824 2491 857 2519 cl.
878 2491 923 2519 W.
943 2491 1082 2524 Curetono,
1101 2499 1190 2518 sacros
1212 2497 1350 2525 auctores,
1371 2491 1515 2526 pnesertim
1541 2499 1663 2527 magnum
1682 2491 1875 2522 Athanasium,

251 2537 390 2579 .L'yrillum
412 2543 489 2572 atque
513 2539 707 2574 Ephrtemium,
726 2545 920 2574 exspectamus;
934 2549 998 2576 quos
1013 2548 1081 2568 nunc
1105 2540 1210 2576 quidem
1229 2539 1332 2575 cupidis
1356 2540 1421 2567 uotis
1441 2541 1599 2575 expetimus;
1615 2539 1704 2567 statim
1726 2547 1756 2566 ac
1773 2546 1829 2567 uero
1847 2539 1876 2566 in

265 2589 427 2619 conspectum
445 2586 570 2620 venerint,
586 2588 805 2616 exosculabimur.
