2045 3215
828 191 872 219 DE
891 188 1123 220 ΤΗΈΟΡΠᾸΝΙᾹ.

1721 200 1775 228 610

327 354 686 414 ΕΥΣΕΒΙΟΥ
715 353 894 411 ΠΕΡΙ
919 353 1069 409 ΤΗΣ
1099 353 1599 413 ΘΕΟΦΑΝΕΙΑΣ.

559 539 839 597 EUSEBII
878 538 1371 598 C/ESARIENSIS

374 656 590 704 OPERIS
627 657 701 703 DE
739 657 1136 703 THEOPHANIA
1173 659 1553 705 FRAGMENTA.

313 840 323 850 .
503 818 532 845 ιι
549 817 596 853 (ι).

191 865 230 903 (2)
247 865 351 900 Ὥσπερ
363 864 391 891 δὲ
403 864 449 890 ἐπὶ
458 863 505 890 τοῦ
518 864 577 891 καθ’
590 864 664 899 ἡμᾶς
684 863 912 900 παραδείγματος,
925 866 940 892 6

157 912 206 948 μὲν
218 912 331 947 ἀόρατος
345 910 392 938 καὶ
405 909 508 945 ἀφανὴς
522 911 550 935 ὲν
564 910 630 945 ἡμῖν
648 909 719 942 νοῦς,
740 910 770 937 ὃν
784 911 857 942 ὅστις
874 911 939 937 ποτὲ

155 959 201 986 καὶ
222 959 311 989 ὁποῖος
333 957 371 984 ὢν
390 957 442 992 τὴν
463 956 556 983 οὐσίαν
573 956 700 992 ὑπάρχει,
718 957 805 989 οὐδεὶς
828 957 938 984 πώποτε

152 1003 303 1041 ἀνθρώπων
319 1003 400 1038 ἔγνω,
416 1002 540 1038 βασιλεὺς
553 1002 574 1028 δ’
589 999 634 1029 οἷα
647 1003 675 1029 ὲν
688 1003 854 1038 ἀπορρήτοις
873 1003 939 1030 εἵσω

152 1051 210 1082 τοῖς
231 1048 312 1076 αὑτοῦ
332 1048 454 1084 ταμείοις
469 1047 664 1083 καθιδρυμένος
681 1047 716 1074 τὰ
735 1050 871 1084 πρακταϊα
890 1049 937 1084 (2⁵)

154 1096 319 1131 βουλεύεται·
333 1095 410 1129 λόγος
421 1094 443 1121 δ’
460 1094 489 1126 ὲξ
502 1091 584 1121 αὑτοῦ
603 1095 719 1130 πρόεισι,
740 1095 884 1130 μονογενὴς
894 1092 937 1121 οἷα

153 1142 254 1178 πατρὸς
270 1141 298 1174 ἐξ
318 1141 421 1168 ἀδύτων
443 1140 535 1175 μυχῶν
556 1140 763 1175 γεγεννημένος,
785 1140 815 1172 ὃς
836 1140 868 1176 δὴ
890 1140 937 1167 καὶ

152 1187 261 1223 πρῶτος
277 1186 331 1213 τῶν
346 1186 485 1222 πατρικῶν
504 1187 560 1218 τοῖς
577 1186 643 1212 πᾶσι
661 1185 822 1213 καθίσταται
834 1187 936 1221 νοημά-

151 1242 205 1260 των
217 1232 341 1268 ἄγγελος,
354 1233 393 1263 εἰς
411 1231 526 1268 φανερόν
542 1240 571 1258 τε
585 1229 714 1267 κηρύττει
726 1231 760 1258 τὰ
773 1232 802 1259 ὲν
814 1232 938 1268 ἀπορρή-

149 1287 207 1311 τοις
220 1279 260 1314 τῷ
279 1280 363 1315 πατρὶ
380 1278 588 1314 βεῦουλευμένα,
610 1278 700 1314 ἔργοις
720 1287 750 1306 τε
772 1279 889 1306 ἐπιτελεῖ
902 1279 936 1306 τὰ

152 1325 331 1360 βουλεύματα,
350 1324 452 1361 προῖὼν
466 1326 505 1357 είς
525 1325 575 1357 τὰς
594 1325 703 1352 πάντων
723 1325 817 1356 ἀκοάς’
838 1324 888 1351 εἷθ’
912 1327 936 1353 οἱ

153 1371 201 1406 μὲν
216 1370 266 1406 τῆς
280 1371 311 1397 ὲκ
325 1369 371 1397 τοῦ
383 1368 460 1405 λόγου
475 1370 725 1406 μεταλαμϐάνουσιν
736 1370 877 1405 ὡφελείας,
891 1370 936 1398 τὸν

151 1415 173 1442 δ’
192 1416 282 1451 ἀφανῆ
302 1415 349 1442 καὶ
368 1414 482 1451 ἀόρατον
503 1416 564 1443 νοῦν
586 1416 631 1443 τὸν
651 1415 698 1442 τοῦ
717 1416 797 1450 λόγου
817 1416 933 1452 πατέρα,

151 1461 238 1493 οὐδεὶς
250 1460 357 1488 πώποτε
369 1461 513 1497 ὀφθαλμῶν
526 1460 590 1488 εῖδε-
604 1461 673 1488 κατὰ
685 1461 770 1488 ταῦτα
781 1461 823 1496 δὴ,
836 1461 934 1495 μᾶλλον

950 826 975 854 Α

1026 864 1103 892 Sicut
1122 865 1192 893 enim
1207 885 1214 898 ,
1237 871 1266 892 ιιι
1291 865 1446 899 exemplum
1472 871 1486 891 a
1514 865 1591 893 nohls
1613 869 1772 903 sumamus,

989 918 1065 938 mens
1081 911 1107 938 in
1124 912 1201 939 nobis
1217 911 1362 939 invisibilis
1376 911 1517 946 latensque
1535 916 1595 944 est,
1621 920 1701 947 quam
1716 922 1772 942 cu—

985 956 1103 990 jnsmodi
1127 957 1182 989 sit,
1200 958 1311 991 cuiusve
1334 957 1512 990 substantiae,
1537 958 1628 986 nullus
1654 967 1771 995 unquam

988 1004 1069 1030 homo
1082 1003 1224 1037 cognovit;
1240 1003 1287 1030 sed
1303 1010 1334 1029 ea
1351 1003 1434 1030 veluti
1452 1010 1498 1030 rex
1511 1004 1620 1038 quidam
1638 1007 1663 1033 in
1680 1014 1772 1034 secre-

988 1049 1023 1076 tis
1035 1049 1092 1076 suis
1104 1049 1278 1076 conclavibus
1291 1049 1392 1077 sedens
1404 1069 1412 1082 ,
1426 1050 1489 1084 quid
1504 1050 1657 1079 faciendum
1673 1052 1709 1079 sit
1725 1053 1771 1080 de-

987 1094 1099 1128 liberat;
1121 1095 1219 1123 deinde
1232 1102 1323 1122 sermo
1334 1102 1368 1122 ex
1385 1095 1442 1130 ipsa
1455 1096 1554 1130 prodit,
1580 1097 1658 1131 quasi
1675 1098 1771 1133 unige-

987 1140 1060 1168 nitus
1075 1149 1089 1167 a
1104 1145 1181 1175 patre
1198 1141 1224 1168 in
1244 1141 1393 1169 reconditis
1407 1142 1592 1177 penetralibus
1607 1149 1768 1179 generatus;

986 1186 1032 1220 qui
1045 1187 1124 1213 etiam
1149 1187 1254 1221 primus
1279 1192 1454 1223 paternarum
1480 1189 1709 1217 consultationum
1740 1192 1771 1219 tit

987 1232 1111 1265 nuntius,
1123 1237 1204 1267 atque
1217 1233 1243 1260 in
1255 1238 1377 1268 apertum
1392 1235 1555 1270 depraedicat
1567 1243 1666 1263 arcana
1685 1238 1770 1272 patris

985 1278 1108 1310 consilia,
1124 1283 1151 1306 et
1163 1286 1245 1313 opere
1258 1286 1314 1306 rem
1329 1280 1505 1308 deliberatam
1519 1281 1637 1316 perlicit,
1654 1283 1718 1310 dum
1734 1284 1768 1312 ad

985 1324 1106 1350 omnium
1130 1332 1211 1353 aures
1233 1326 1356 1361 perfert;
1386 1326 1494 1353 interim
1523 1331 1613 1354 tamen
1644 1328 1768 1358 homines

985 1369 1093 1404 quidem
1119 1371 1194 1398 verbi
1219 1371 1334 1399 utilitate
1365 1371 1502 1405 fruuntur,
1532 1374 1578 1400 sed
1603 1373 1766 1403 invisibilem

986 1421 1104 1443 mentem
1127 1417 1203 1444 verbi
1220 1422 1358 1452 parentem
1384 1425 1496 1454 prorsus
1520 1420 1607 1448 oculis
1625 1429 1677 1448 non
1703 1430 1765 1450 cer-

984 1466 1068 1494 nunt;
1082 1461 1143 1494 hoc,
1158 1463 1277 1497 inquam,
1291 1464 1380 1497 modo,
1401 1465 1455 1492 imo
1466 1465 1548 1492 etiam
1561 1474 1641 1501 supra
1657 1475 1764 1496 omnem

151 1508 175 1534 δ’
192 1508 317 1534 ἐπέκεινα
330 1508 419 1543 πάσης
436 1508 538 1539 εἰκόνος
550 1508 597 1534 καὶ
616 1507 845 1543 παραδείγματος,
861 1507 876 1533 6
887 1507 934 1534 τοῦ

986 1507 1129 1541 imaginem
1144 1512 1224 1542 atque
1241 1510 1402 1544 exemplum,
1414 1511 1531 1545 supremi
1550 1511 1596 1539 Dei
1611 1514 1766 1546 regnatoris

152 1551 343 1587 παμϐασιλέως
372 1551 438 1578 Θεοῦ
465 1551 564 1583 τέλειος
587 1550 681 1584 Λόγος,
712 1547 755 1576 οἶα
777 1550 932 1586 μονογενὴς,

150 1598 181 1624 οὐ
204 1598 354 1634 προφορικῇ
374 1597 486 1632 δυνάμει
504 1595 648 1627 συνεστὼς,
663 1595 718 1621 οὐδ’
736 1594 768 1621 ὲκ
784 1594 932 1627 συλλαὸὦν,

151 1644 290 1679 ὀνομάτων
311 1652 339 1672 τε
351 1643 398 1669 καὶ
415 1643 543 1678 ῥημάτων
561 1641 610 1677 τὴν
622 1641 702 1675 φύσιν
716 1640 934 1675 κατεσκευασμέ-

151 1697 204 1721 νος,
219 1689 273 1716 οὐδ’
293 1689 322 1715 ὲν
336 1689 410 1724 φωνῇ
430 1688 463 1714 δι’
484 1687 564 1723 ἀέρος
581 1686 752 1723 πληττομὲνῃ
770 1686 934 1722 σημαινόμε-

149 1744 203 1769 νος,
217 1735 284 1762 Θεοῦ
299 1735 328 1762 δὲ
347 1735 393 1762 τοῦ
408 1734 453 1762 ἐπὶ
472 1734 580 1761 πάντων
597 1733 651 1766 ζῶν
663 1733 710 1760 καὶ
722 1732 834 1769 ἐνεργὴς
845 1733 933 1768 ὑπάρ-

150 1790 203 1817 χων
223 1781 287 1813 Υἱὸς
305 1781 400 1816 Λόγος,
421 1781 481 1807 κατ’
500 1780 591 1808 οὐσίαν
613 1786 643 1806 τε
658 1778 780 1814 ὑφεστὼς
801 1776 845 1805 οἷα
865 1778 932 1805 θεοῦ

149 1828 262 1864 δύναμις
277 1828 326 1855 καὶ
339 1827 406 1854 Θεοῦ
431 1826 521 1861 σοφία,
537 1825 643 1862 πρόεισι
665 1826 713 1861 μὲν
725 1826 776 1861 τῆς
796 1825 933 1861 ⁸πατρικῆς

150 1874 285 1911 θεότητος,
294 1873 398 1908 ἀγαθοῦ
406 1873 434 1900 δὲ
444 1871 545 1908 πατρὸς
553 1870 653 1906 ἀγαθὸν
662 1871 789 1907 τυγχάνει
798 1871 878 1906 γέννη
884 1879 930 1905 μα,

149 1920 282 1956 αὑτοζωὴ,
298 1919 431 1954 αὐτοςρῶς,
450 1919 572 1953 γέννημα
596 1917 687 1952 νοερὸν
703 1916 789 1952 φωτὸς
804 1917 930 1952 ἁλήχτου,

148 1966 191 1993 διὰ
202 1966 309 1992 πάντων
322 1965 429 2001 χωρῶν,
444 1965 472 1991 ὲν
487 1963 554 1990 πᾶσί
568 1971 597 1989 τε
609 1961 647 1989 ὢν
662 1963 709 1989 καὶ
733 1963 822 1988 πάντα
834 1963 931 1988 ἐπιπο-

150 2012 301 2048 ρευόμενος.

521 2054 558 2080 B'.

183 2103 220 2137 (5)
240 2098 323 2133 Οὗτος
336 2102 350 2127 6
365 2100 428 2136 παρ’
440 2100 505 2136 ἡμῖν
521 2097 736 2135 θεολογοὺμενος,
752 2097 931 2133 προφητικαῖς

146 2148 247 2176 ἄνωθεν
264 2147 316 2184 πρὸ
333 2147 434 2182 μυρίων
453 2144 555 2181 χρόνων
572 2145 695 2180 ἐγνώσθη
708 2153 738 2170 τε
750 2140 797 2170 καὶ
811 2151 930 2178 προεκη-

148 2194 233 2231 ρύχθη
254 2194 355 2229 φωναῖς
365 2201 371 2208 ·
385 2192 409 2218 οἳ
424 2192 470 2219 καὶ
482 2189 527 2218 τὸν
542 2191 623 2218 τόπον
635 2191 686 2226 τῆς
707 2189 865 2224 θεοφανειας
883 2188 931 2215 αὐ·
944 2184 964 2212 C

145 2240 204 2272 τοῦ,
217 2239 263 2266 καὶ
279 2238 390 2275 χρόνους
404 2238 454 2274 τῆς
472 2237 599 2272 ἀφίξεως,
613 2236 660 2263 καὶ
673 2235 773 2272 τρόπον
790 2234 835 2261 τοῦ
856 2234 925 2269 βίου,

145 2287 193 2315 καὶ
208 2286 345 2321 δυνάμεις,
362 2285 409 2312 καὶ
430 2284 536 2319 λόγους,
557 2284 604 2310 καὶ
622 2281 820 2318 κατορθώματα
844 2279 925 2308 αὑτοῦ

145 2330 337 2367 πῳλαὸόντες,
349 2329 448 2364 βίϐλοις
457 2329 542 2365 ἱεραῖς
550 2327 725 2362 ἐγκατέθεντο
734 2326 781 2361 (ά).
790 2341 823 2346 -
831 2325 868 2351 Τὸ
873 2324 926 2359 γὰρ

152 2375 258 2412 Ἰησοῦς
272 2375 365 2406 ἰάσεως
377 2374 423 2401 καὶ
436 2374 570 2409 σωτηρίας
583 2371 720 2408 προσφυὲς
732 2372 815 2406 ὄνομα
827 2370 860 2397 ἂν
871 2370 923 2405 εἴη’

147 2423 259 2458 σωτῆρα
272 2421 325 2456 γὰρ
341 2421 385 2447 καὶ
399 2421 529 2456 σωτήριον
541 2421 558 2456 ἡ
579 2419 712 2454 Ἐὸραίων
724 2417 798 2453 φωνὴ
810 2417 855 2444 τὸν
876 2417 926 2452 Ἰηι

147 2469 210 2496 σοῠν
223 2466 318 2494 εἴωθεν
331 2465 430 2493 καλεῖν.

518 2511 554 2538 Γ¹.

180 2562 220 2598 (5)
243 2560 300 2588 Καὶ
311 2559 424 2590 θάνατος
438 2557 473 2593 (6)
490 2556 518 2583 δὲ
531 2557 545 2583 ὁ
559 2556 702 2592 βοώμενος,
717 2555 746 2582 ὃν
759 2555 791 2590 δὴ
806 2554 923 2590 ὑποστῆ-

146 2616 190 2638 ναι
206 2609 238 2635 τὸ
252 2607 298 2634 τοῦ
319 2606 406 2640 Λόγου
425 2604 535 2639 ἄγαλμα
554 2603 629 2639 παρὰ
647 2603 704 2634 τοῖς
719 2603 801 2629 πᾶσιν
818 2602 923 2636 ἀνωμοέ

181 2678 220 2715 (l)
234 2677 263 2705 In
278 2676 371 2715 codice
384 2673 573 2715 Mediqlpnensi
597 2672 691 2715 Al-lt‘lll'.
704 2670 736 2699 Ε.
757 2671 811 2715 θὸε.
822 2679 848 2706 p.
861 2671 919 2715 .inl'.

148 2707 294 2741 in‘c'atena
312 2711 397 2746 Epist.
410 2711 442 2737 ad
460 2709 549 2746 ‘llehr.
563 2716 587 2734 IV
599 2728 607 2740 ,
623 2708 666 2746 εἳ,
684 2707 847 2746 praepopitnr
861 2707 922 2733 huic

149 2748 299 2783 fragmento
314 2743 415 2783 titulus
432 2743 585 2783 _E1'w'e6lov
607 2743 922 2783 ebanslixﬁcnosogsa:

147 2775 236 2818 νεῶςἓ
252 2782 299 2818 (At
314 2781 344 2818 in»
355 2779 489 2818 Parisiaco
504 2783 629 2818 ut_cer_te‘
640 2775 724 2818 estin
740 2777 788 2818 ed.‘
800 2775 921 2818 (lrameri

147 2810 173 2852 p.
187 2810 395 2849 45'9,‘mendose
419 2813 598 2852 ειῖαγιγελικὰ
612 2810 791 2852 θεοφάνειᾳν.)
809 2810 922 2852 Prorsus

148 2846 235 2880 iutem
245 2846 375 2887 Graecum
386 2852 445 2887 hog
448 2846 627 2887 fragmentum
643 2846 848 2887 _t:ongrui_t_cutn
872 2846 923 2880 Sy-

148 2887 219 2914 riaca
239 2894 285 2914 seu
300 2885 410 2921 Anglica
425 2881 599 2918 Theophaniw
615 2881 744 2913 editione,
759 2881 805 2909 lib.
825 2888 846 2915 1,
861 2888 920 2916 cap.

147 2921 192 2955 3'5,
205 2930 230 2958 p.
245 2921 286 2949 l2.

984 1553 1133 1588 perfectum
1159 1554 1276 1582 Verbum
1289 1575 1296 1586 ,
1310 1563 1358 1583 ceu
1375 1556 1543 1592 unigenitum
1554 1577 1561 1590 ,
1576 1566 1628 1586 non
1644 1567 1676 1587 ex
1701 1567 1764 1595 pro-

984 1599 1134 1626 nuntiativa
1153 1599 1242 1634 aliqua
1261 1601 1359 1629 virtute
1374 1603 1526 1632 consistens
1538 1625 1545 1638 ,
1571 1611 1657 1639 neque
1682 1605 1765 1641 sylla-

983 1643 1077 1671 barum
1091 1665 1099 1677 ,
1116 1645 1254 1672 nominum
1266 1666 1273 1678 ,
1289 1647 1487 1684 verborumque
1506 1655 1630 1678 naturam
1645 1659 1742 1686 gerens
1754 1670 1763 1686 ,

984 1697 1033 1717 nec
1045 1698 1096 1726 ope
1108 1692 1182 1719 vocis
1193 1698 1225 1719 ex
1239 1693 1309 1721 aeris
1328 1695 1499 1728 percussione
1510 1697 1700 1733 significatum,
1717 1699 1765 1726 sed

983 1737 1030 1764 Dei
1049 1739 1166 1773 supremi
1181 1740 1274 1768 vivens
1294 1748 1465 1777 operansque
1487 1743 1572 1771 Filius
1587 1743 1704 1772 Verbum
1713 1752 1764 1775 lex-

983 1783 1091 1817 sisten,
1105 1790 1130 1812 et
1148 1785 1256 1820 quidem
1269 1786 1493 1820 substantialiter,
1513 1793 1605 1824 utpote
1617 1789 1664 1817 Dei
1678 1790 1765 1818 virtus

983 1833 1063 1864 atque
1077 1830 1208 1864 sapientia
1220 1850 1228 1864 ,
1242 1839 1274 1858 ex
1290 1837 1399 1866 paterna
1412 1833 1551 1861 divinitate
1572 1835 1661 1869 prodit
1673 1856 1680 1867 ,
1699 1835 1762 1863 boni

983 1876 1067 1909 patris
1082 1876 1182 1904 bonum
1197 1885 1321 1913 germen.
1337 1878 1391 1905 vita
1407 1886 1456 1914 per
1476 1887 1521 1912 se,
1537 1888 1569 1907 ac
1583 1880 1638 1914 lux,
1655 1881 1762 1909 intelle-

981 1921 1079 1949 ctualis
1097 1927 1284 1958 perpetnazqne
1298 1923 1365 1951 lucis
1379 1925 1517 1958 genimen,
1534 1933 1582 1961 per
1597 1927 1689 1954 omnia
1703 1927 1760 1955 dis-

981 1974 1104 2000 currens,
1125 1968 1224 2003 ubique
1242 1976 1370 2004 praesens,
1385 1975 1481 1998 cuncta
1499 1970 1662 2006 pervadens.

1016 2100 1075 2134 Hic,
1094 2109 1171 2136 quem
1191 2110 1239 2130 nos
1255 2102 1337 2130 Deum
1362 2104 1498 2137 dicimus,
1515 2105 1701 2139 vocibusajam
1716 2106 1761 2134 diu

981 2153 1045 2175 ante
1058 2149 1195 2183 complura
1206 2150 1303 2177 ssecula
1320 2151 1437 2177 innotuit
1452 2155 1479 2178 et
1499 2151 1696 2185 praenuntiatus
1710 2153 1762 2181 fuit

981 2193 1190 2228 prophetarum,
1204 2194 1250 2229 qui
1270 2198 1298 2221 et
1313 2194 1400 2222 locum
1418 2195 1516 2222 divina:
1532 2195 1591 2229 ejus
1604 2195 1762 2223 manifesta-

980 2237 1082 2271 tionis,
1098 2243 1125 2265 et
1138 2238 1266 2267 adventus
1283 2243 1403 2274 tempora
1416 2260 1424 2273 ,
1441 2244 1468 2267 et
1490 2239 1552 2266 vita:
1567 2240 1711 2272 rationem,
1733 2243 1760 2266 et

980 2283 1119 2317 miracula,
1139 2289 1166 2311 et
1178 2291 1316 2312 sermones
1326 2305 1333 2318 ,
1352 2290 1380 2312 et
1393 2286 1501 2320 egregia
1515 2285 1647 2317 facinora,
1660 2285 1758 2312 vatici-

980 2328 1024 2355 nio
1040 2334 1271 2363 praeoccupantes,
1288 2331 1372 2358 sacris
1394 2331 1471 2358 libris
1492 2331 1757 2358 commendaverunt.

978 2388 1013 2393 —
1026 2374 1092 2401 Nam
1103 2374 1180 2402 Jesus
1199 2376 1333 2403 sanationi
1350 2381 1432 2412 atque
1446 2377 1525 2404 saluti
1540 2383 1688 2410 congruum
1705 2383 1757 2403 no-

979 2427 1038 2446 Incn
1054 2424 1105 2447 est.
1122 2419 1287 2448 Salvatorem
1302 2421 1374 2448 enim
1401 2428 1434 2448 ac
1453 2421 1599 2449 salutarem
1622 2420 1690 2448 solet
1704 2419 1757 2447 lin-
1779 2448 1783 2454 ,

977 2472 1028 2499 gua
1047 2464 1220 2493 Hebraeorum
1234 2467 1325 2494 dicere
1341 2466 1444 2494 Iesum.

1013 2556 1084 2583 liors
1101 2564 1208 2592 quoque
1219 2558 1262 2586 illa
1280 2558 1395 2586 celebris
1410 2577 1417 2590 ,
1433 2565 1514 2593 quam
1538 2557 1621 2586 Verbi
1645 2557 1756 2586 simula-

977 2609 1052 2628 crum
1070 2603 1226 2636 pertulisse,
1244 2603 1269 2628 in
1283 2602 1408 2629 confesso
1421 2602 1491 2637 apud
1512 2609 1606 2629 omnes
1624 2605 1677 2635 est,
1701 2608 1754 2628 non

977 2670 1047 2732 25(*2)
1073 2669 1229 2706 Theophan.
1255 2669 1316 2705 Syr.
1332 2671 1390 2698 sive
1414 2671 1556 2705 Anglican.
1573 2670 1620 2698 lib.
1644 2678 1664 2704 ι,
1693 2677 1751 2705 cap.

1021 2775 1129 2825 mitam.
1145 2774 1282 2825 Vat.
1302 2774 1345 2802 H.
1361 2775 1425 2802 Cod.
1443 2776 1501 2803 Vat.
1520 2775 1550 2803 Ε.
1565 2775 1584 2802 f.
1600 2774 1644 2804 65.
1657 2776 1684 2803 b.
1699 2775 1752 2805 Th.

975 2809 1037 2846 Syr.
1050 2811 1098 2837 lib.
1114 2819 1153 2842 ιιι,
1170 2818 1229 2841 cap.
1243 2811 1289 2837 25.

1022 2846 1049 2877 4)
1063 2845 1128 2872 Cod.
1148 2846 1178 2872 E.
1196 2845 1215 2871 Γ.
1233 2846 1276 2872 37.
1292 2845 1318 2872 b.
1334 2844 1385 2872 Th.
1403 2845 1464 2880 Syr.
1479 2853 1521 2876 ιιι,
1539 2845 1583 2874 ᾹΟ.

1010 2846 1050 2916 ξὸ)
1064 2880 1132 2916 Qod.
1148 2881 1179 2907 A.
1194 2880 1212 2907 ί.
1224 2880 1286 2907 307.
1300 2882 1326 2908 b.
1340 2880 1390 2916 Th.
1404 2881 1464 2915 Syr.
1479 2888 1518 2911 ιιι,
1531 2880 1575 2913 41,

1024 2880 1050 2915 5)
1064 2880 1132 2907 Cod.
1148 2881 1179 2907 A.
1194 2880 1212 2907 ί.
1224 2880 1286 2907 307.
1300 2882 1326 2908 b.
1340 2880 1390 2906 Th.
1404 2881 1464 2915 Syr.
1479 2888 1518 2911 ιιι,
1531 2880 1575 2913 41,
1587 2881 1630 2914 42,
1643 2881 1689 2909 15.

1010 2916 1048 2952 (ti)
1066 2915 1132 2943 Cod.
1148 2916 1278 2944 mendose
1289 2915 1370 2946 αὑτός
1387 2923 1435 2950 pro
1450 2915 1575 2948 θάνατος.

1021 2740 1057 2774 2')
1074 2739 1200 2768 Fortasse
1214 2740 1264 2775 leg.
1279 2740 1413 2776 πρακτέα.
1432 2740 1510 2768 Ειιιτ.

1009 2740 1047 2811 ES)
1062 2775 1129 2802 Cod.
1145 2774 1205 2802 Vat.
1218 2775 1250 2801 A.
1264 2776 1282 2801 Γ.
1303 2775 1345 2802 14.
1361 2775 1425 2802 Cod.
1443 2776 1501 2803 Vat.
