2045 3215
265 208 315 238 ﬁll

615 207 747 238 EUSEBll
766 203 1002 234 CESARIEN'SIS
1021 202 1097 231 OPP.
1117 200 1205 229 PARS
1224 201 1269 229 IV.
1289 218 1323 224 —-
1341 199 1550 228 DOGMATICA.

1831 198 1885 226 612

267 267 326 294 sine
351 267 452 303 ingenti
472 267 595 303 prodigio
612 268 673 299 fuit.
690 268 811 300 nihilque
826 272 970 292 commune
987 271 1048 291 cum

1103 262 1219 297 λόγηται,
1244 260 1338 288 πολλοῦ
1368 260 1474 296 μετέχει
1501 258 1548 286 τοῦ
1569 257 1718 293 θαύματος,
1741 258 1773 284 οὐ
1799 257 1886 290 κοινὸς

267 313 379 348 reliquis
393 313 497 340 habuit.
519 313 611 347 Neque
634 313 705 339 enim
723 313 817 339 morbo
836 312 988 339 exstinctus
1007 315 1048 338 est

267 359 401 391 Christus,
414 363 461 386 aut
477 359 582 392 laqueo,
595 364 641 385 aut
655 359 725 392 igne,
739 365 825 391 neque
841 358 867 384 in
885 358 943 390 ipso
959 358 1049 384 crucis

268 410 368 439 tropa'o
385 411 461 438 aeque
475 412 506 431 ac
515 404 604 431 exteri
621 404 735 430 maleﬁci
750 404 822 430 ferro
837 403 958 430 succisus
973 403 1022 429 fttit
1038 411 1046 434 ;

267 458 355 484 neque
371 450 419 477 abs
441 450 535 485 quovis
551 450 660 476 homine
683 450 852 476 mortiferum
869 449 968 483 aliquid
987 456 1049 483 pas-

266 504 324 529 sus,
339 497 482 524 violentam
498 496 626 523 sustinuit
640 503 732 522 necem
746 504 753 529 ;
775 496 821 522 sed
847 501 908 522 tunc
933 500 1049 522 tantum-

267 544 347 570 modo
359 550 420 570 cum
441 543 497 576 ipse
513 548 608 576 sponte
621 545 845 576 organntn'snum
864 541 980 568 inimicis
996 546 1049 568 tra-

266 589 353 620 didit;
370 595 486 622 moxque
503 587 567 614 illud
593 588 626 614 de
647 593 719 614 terra
735 587 888 614 suscitavit.
905 587 1009 621 Quippe
1026 587 1049 614 is

267 634 355 661 valide
379 633 535 660 exclamans
547 654 555 666 ,
577 633 706 668 Patrique
721 634 845 668 spiritum
859 634 1049 660 commendare

267 687 297 707 se
310 680 413 711 dicens,
428 680 484 713 ipse
501 684 588 706 semet
606 680 743 706 dimittens
761 687 875 713 corpore
891 687 940 706 suo
953 687 1048 706 exces-

266 725 313 752 sit.
330 724 391 751 Ideo
405 725 485 750 etiam
505 729 567 750 ante
585 729 710 756 mortem,
729 724 908 752 familiaribus
924 725 981 752 suis
998 725 1049 752 hoc

267 770 468 804 signiﬁcaverat
483 770 576 797 dicens
591 777 599 796 :
614 770 698 797 Nemo
717 770 784 797 tollit
799 771 914 797 animant
931 779 1014 797 meum
1033 780 1049 797 ιι

267 823 318 847 me,
345 815 389 842 sed
413 824 459 850 ego
486 816 590 850 ipsemet
608 824 665 842 eam
681 824 772 848 pono:
788 821 941 851 potestatem
969 817 1049 843 habeo

267 863 382 897 ponendi
396 870 452 889 eam
465 883 472 896 ,
494 868 517 889 et
533 867 685 897 potestatem
700 864 783 890 habeo
807 864 904 891 iterum
930 864 1049 891 sumendi

266 916 325 935 eam
341 909 374 935 ⁸⁷.

304 999 373 1033 Quid
388 1006 452 1033 ergo
467 1004 527 1034 post
540 999 596 1026 haec
606 999 661 1033 jam
675 1004 816 1034 superest,
839 1000 891 1027 nisi
907 1001 994 1035 ipsum
1009 1005 1050 1028 to-

269 1044 323 1071 tius
344 1044 381 1071 rei
397 1049 488 1077 caput,
503 1051 650 1078 quamnam
663 1052 773 1072 causam
788 1045 922 1077 habuerit,
939 1053 1050 1072 enarra-

268 1097 299 1117 re
312 1091 323 1117 ?
335 1090 534 1125 famigeratum,
554 1090 674 1124 inquam,
690 1091 752 1118 vitae
766 1091 858 1122 ﬁnem,
876 1096 904 1118 et
918 1091 1050 1125 passionis

269 1138 378 1164 modum
393 1145 399 1168 ;
423 1144 527 1164 necnon
543 1142 604 1171 post
617 1145 709 1164 necent
725 1157 733 1168 ,
751 1137 960 1164 resurrectionis
978 1137 1050 1172 ejus-

267 1184 329 1210 dem
352 1184 453 1218 grande
478 1184 650 1211 miraculum.
671 1183 810 1218 Siquidem
826 1184 909 1219 igitur
922 1184 975 1211 alio
1002 1184 1051 1211 ali-

269 1237 321 1264 quo
339 1229 427 1261 modo,
445 1235 505 1264 post
520 1237 595 1256 suam
610 1237 671 1257 cum
693 1230 848 1257 hominibus
861 1230 1050 1257 conversatio-

269 1282 341 1307 nem,
356 1279 465 1308 repente
481 1274 623 1302 invisibilis
638 1275 765 1306 abiisset,
785 1281 870 1302 semet
884 1276 941 1310 ipse
959 1284 1051 1303 suum-

269 1328 322 1354 que
336 1328 494 1354 corporeum
512 1319 685 1346 simulacrum
700 1320 768 1347 clam
787 1321 949 1348 subtrahens
961 1342 968 1353 ,
989 1321 1051 1356 fuga

269 1370 385 1392 mortem
405 1366 490 1392 vitare
509 1371 652 1400 satagens;
668 1371 695 1394 et
711 1367 808 1393 deinde
832 1367 890 1401 ipse
908 1368 1050 1395 mortalem

270 1415 376 1445 partem
391 1419 467 1437 suant
493 1412 644 1446 corruptela
668 1417 696 1439 et
720 1413 902 1440 destructione
926 1420 1053 1440 consum-

269 1456 381 1490 psisset,
391 1463 420 1482 ea
437 1463 479 1482 res
496 1463 543 1490 par
555 1456 736 1490 phantasmati
749 1457 876 1484 onmibus
890 1458 946 1484 visa
961 1464 1050 1493 esset;

271 1508 358 1535 neque
381 1508 430 1535 pro
443 1508 491 1528 Sua
505 1501 636 1535 dignitate
651 1502 760 1536 egisset,
786 1505 831 1537 qui
853 1508 913 1530 erat
925 1504 972 1531 Dei
986 1504 1052 1531 Ver-

270 1545 335 1572 bum
354 1546 444 1573 vivens
473 1551 552 1580 atque
580 1546 682 1579 virtus;
712 1555 799 1581 neque
824 1549 955 1576 rescitum
980 1555 1052 1576 esset

1100 310 1154 340 τοίς
1176 308 1280 339 λοιποῖς
1301 307 1493 342 γεγενημένος·
1513 306 1542 332 οὐ
1564 305 1618 340 γὰρ
1638 305 1708 340 νόσῳ
1728 304 1887 339 διαφθαρεὶς

1101 354 1162 380 οὐδὲ
1182 353 1280 389 βρόχῳ,
1294 352 1354 378 οὐδὲ
1369 352 1446 388 πυρὶ,
1470 351 1530 377 οὐδὲ
1555 351 1608 386 μὴν
1628 350 1688 376 κατ’
1709 349 1775 376 αὐτὸ
1789 349 1820 376 τὸ
1838 349 1885 376 τοῦ

1100 399 1216 435 σταυροῦ
1242 399 1372 434 τρόπαιον
1396 398 1496 433 ὁμοίως
1521 398 1576 428 τοῖς
1597 397 1700 427 λοιποῖς
1723 395 1887 432 κακούργοις

1099 445 1264 481 ὑποτμηθεὶς
1282 445 1393 480 σιδήρῳ,
1410 444 1463 470 οὐδ’
1483 443 1550 474 ὅλως
1565 443 1633 478 πρός
1647 451 1719 474 τινος
1736 442 1887 478 ἀνθρώπων

1100 491 1194 519 παθών
1216 500 1241 518 τι
1260 490 1314 517 τῶν
1334 490 1456 524 ἀναιρεῖν
1475 489 1620 521 εἰωθότων,
1641 489 1730 524 βιαίαν
1756 489 1886 524 ὑπέμεινε

1099 538 1235 572 τελευτήψ
1261 537 1318 563 ἀλλ’
1335 536 1373 568 ὡς
1394 535 1474 567 αὐτὸς
1499 536 1577 570 μόνον
1599 535 1669 562 ἑκὼν
1690 535 1832 571 παρεδίδου
1856 535 1888 561 τὸ

1101 582 1182 608 αὐτοῦ
1204 581 1316 616 δργανον
1335 581 1391 611 τοῖς
1409 579 1628 606 ἐπιϐουλεύουσι·
1647 579 1678 606 τδ
1696 580 1745 614 μὲν
1764 579 1818 606 ἀπὸ
1836 579 1888 615 γῆς

1099 626 1252 662 ἀνωρθοῦτο
1267 626 1373 653 αὐτίκα·
1386 627 1400 652 ὁ
1413 625 1442 652 δὲ
1455 626 1581 661 φωνήσας
1595 625 1676 661 μέγα,
1692 626 1739 652 καὶ
1750 625 1789 661 τῷ
1800 626 1888 661 Πατρὶ

1099 672 1130 698 τὸ
1151 672 1258 707 πνεῦμα
1281 670 1477 707 παρατίθεσθαι
1499 669 1593 702 εἰπὼν,
1618 670 1718 704 ἄφετος
1739 670 1819 702 αὐτὸς
1839 671 1887 705 ἀφ’

1101 718 1196 745 ἑαυτοῦ
1211 718 1260 753 τὴν
1273 720 1305 744 ὲκ
1319 717 1366 743 τοῦ
1382 716 1691 752 σώματο;.ἀναχώρησιν
1706 717 1832 743 ἐποιεῖτο·
1847 716 1888 743 διὸ

1100 767 1131 802 δὴ
1145 767 1197 802 πρὸ
1213 767 1259 793 τοῦ
1279 767 1394 793 θανάτου
1409 768 1464 798 τοῖς
1479 765 1558 792 αὑτοῦ
1571 764 1717 801 γνωρίμοις
1732 765 1811 792 τοῦτο
1823 765 1888 791 αὐτὸ

1101 813 1241 849 παρεδίδου
1259 813 1391 840 διδάσκων
1416 813 1462 839 καὶ
1484 812 1580 845 λέγων·
1606 811 1718 846 οὐδεὶς,
1735 811 1811 844 αἴρει
1830 810 1889 844 τὴν

1100 860 1205 895 ψυχήν
1216 869 1275 894 μου
1289 860 1339 887 ἀπ’
1354 859 1438 894 ἐμοῦ,
1458 859 1526 886 ἀλλ’
1539 859 1596 893 ἐγὼ
1611 858 1711 892 τίθημι
1723 857 1824 891 αὐτὴν
1837 858 1888 884 ἀπ’

1100 906 1239 938 ἐμαυτοῦ·
1255 905 1401 937 ἐξουσίαν
1418 906 1477 940 ἔχω
1490 904 1583 932 θεῖναι
1604 903 1712 938 αὐτὴν,
1727 903 1777 930 καὶ
1795 903 1889 931 πάλιν

1099 953 1244 985 ἐξουσίαν
1255 953 1313 987 ἔχω
1329 952 1432 979 λαϐεῖν
1445 951 1551 984 αὑτήν.

1135 1000 1174 1035 (7)
1196 1000 1227 1026 Τί
1242 998 1287 1026 οὖν
1300 999 1346 1025 ἐπὶ
1366 999 1471 1031 τούτοις
1490 998 1623 1029 λείπεται,
1638 997 1654 1033 ἥ
1668 998 1734 1024 αὐτὸ
1747 997 1780 1033 δὴ
1794 996 1825 1023 τὸ
1839 996 1888 1023 τοῦ

1101 1046 1200 1078 παντὸς
1230 1046 1377 1081 κεφάλαιον
1405 1045 1501 1072 ὁποίαν
1531 1045 1609 1080 ἔσχεν
1632 1045 1721 1070 αἰτίαν
1754 1043 1888 1076 ὲξειπεῖν;

1101 1092 1172 1127 λέγω
1192 1093 1219 1118 δὲ
1236 1092 1266 1118 τὺ
1285 1091 1502 1126 πολυθρύλλητον
1522 1090 1568 1117 τοῦ
1590 1090 1648 1125 βίου
1670 1089 1754 1131 τέλος,
1775 1089 1823 1116 καὶ
1841 1087 1888 1115 τοῦ

1101 1139 1204 1171 πάθους
1220 1139 1264 1165 τὸν
1286 1138 1396 1174 τρόπον,
1414 1139 1460 1164 καὶ
1473 1138 1522 1173 τῆς
1539 1137 1608 1172 μετὰ
1625 1137 1671 1163 τὸν
1692 1136 1806 1163 θάνατον
1824 1137 1890 1162 ἁνα-

1102 1184 1221 1216 6ιώσεως
1233 1184 1315 1211 αὑτοῦ
1327 1183 1357 1210 τὸ
1369 1183 1439 1218 μέγα
1452 1182 1553 1218 θαῦμα,
1566 1183 1597 1208 Ei
1611 1183 1659 1217 μὲν
1670 1179 1716 1209 οὖν
1730 1182 1816 1212 ἄλλως
1831 1190 1890 1213 πως

1104 1230 1173 1266 μετὰ
1190 1230 1238 1261 τὰς
1260 1231 1288 1256 ὲν
1311 1229 1463 1265 ἀνθρώποις
1484 1228 1623 1263 διατριϐὰς
1642 1228 1748 1263 ἀφανὴς
1771 1227 1890 1262 γεγονὼς

1102 1276 1230 1311 ἐξαίφνης
1251 1276 1370 1311 ἀπέπτη,
1392 1275 1546 1310 ὑποκλέψας
1573 1275 1659 1311 λάθρα
1679 1274 1773 1301 ἑαυτὸν
1793 1274 1840 1301 καὶ
1858 1274 1890 1301 τδ

1102 1323 1199 1348 οἰκεῖον
1212 1322 1334 1356 ἄγαλμα,
1353 1323 1425 1356 φυγῇ
1445 1311 1492 1348 τδν
1512 1321 1624 1348 θάνατον
1646 1320 1785 1356 διαδράναι
1807 1328 1891 1346 σπου-

1102 1369 1196 1400 δάσας,
1208 1368 1325 1395 κᾶπειτά
1339 1377 1389 1394 που
1402 1367 1432 1394 τὸ
1444 1367 1539 1403 θνητὸν
1553 1367 1633 1399 αὐτὸς
1645 1368 1678 1394 δι’
1689 1366 1786 1394 ἑαυτοῦ
1801 1366 1890 1402 φθορᾷ

1103 1416 1150 1442 καὶ
1164 1415 1285 1450 ἀπωλείᾳ
1296 1413 1459 1450 συνεψήσας,
1471 1414 1593 1449 φάσματι
1605 1413 1638 1440 ἂν
1650 1413 1730 1448 ἐῴκει
1742 1414 1799 1444 τοῖς
1811 1413 1888 1439 πᾶσιο

1103 1461 1150 1488 καὶ
1164 1462 1213 1487 οὐκ
1227 1461 1259 1487 ἂν
1271 1460 1350 1492 αὐτὸς
1363 1460 1437 1496 αὐτῷ
1448 1460 1481 1486 τὰ
1494 1460 1633 1495 πρέποντα
1647 1458 1820 1495 διεπράξατο,
1834 1458 1890 1491 ζῶν

1106 1508 1153 1543 μὲν
1167 1507 1306 1542 τυγχάνων
1319 1507 1365 1532 καὶ
1381 1505 1448 1532 Θεοῦ
1465 1506 1550 1540 Λόγος
1570 1505 1617 1532 καὶ
1634 1504 1760 1540 δύναμις,
1780 1503 1838 1530 οὔτ’
1855 1505 1889 1531 ἃν

1104 1553 1225 1588 ἐγνώσθη
1236 1554 1289 1588 ὅπη
1301 1553 1366 1579 ποτὲ
1376 1552 1480 1588 ὑπῆρχε
1490 1552 1627 1587 χωρήσας,
1637 1550 1693 1577 οὔτ’
1706 1551 1738 1576 ἂν
1751 1549 1890 1585 ὲπιστώθη

271 1600 389 1626 qttonatu
408 1593 587 1625 excessisset;
615 1600 701 1627 neque
725 1594 750 1620 id
777 1595 908 1622 creditum
926 1600 999 1623 esset
1017 1596 1051 1622 ab

1103 1601 1159 1631 τοῖς
1187 1599 1223 1635 μὴ
1245 1599 1448 1634 παρειληφόσιν,
1471 1596 1526 1623 οὔτ’
1550 1596 1583 1623 ἂν
1602 1596 1717 1622 Θανάτου
1736 1595 1786 1631 τὴν
1808 1595 1890 1629 φύσιν

272 1641 327 1668 illis
341 1641 438 1674 quibus
454 1640 634 1675 signiﬁcatum
653 1648 705 1667 non
720 1640 814 1667 fuisset
831 1649 838 1673 ;
864 1649 950 1675 neque
972 1645 1050 1668 uatu-

272 1686 367 1713 raliter
381 1691 468 1713 morte
482 1686 577 1714 fortior
600 1686 786 1721 apparuisset;
808 1693 893 1720 neque
910 1686 1052 1720 ipropriam

273 1737 401 1759 naturam
417 1740 431 1758 a
450 1732 618 1759 mortalitate
635 1733 822 1764 liberavisset;
844 1739 929 1766 neque
953 1739 984 1758 ea
1009 1740 1052 1759 res

272 1778 371 1804 totoab
390 1777 543 1804 hominibus
560 1777 681 1804 ltabitato
696 1776 761 1803 orbe
772 1776 896 1802 exaudita
906 1781 978 1803 esset
990 1785 997 1809 ;
1011 1783 1054 1802 ne-

272 1831 326 1858 que
335 1823 475 1857 discipulis
489 1823 546 1849 suis
559 1823 653 1850 mortis
665 1827 848 1856 contemptum
856 1823 1033 1856 persuasisset
1044 1831 1052 1855 ;

274 1875 361 1902 neque
375 1867 521 1902 magisterii
537 1867 579 1894 sui
596 1867 712 1893 alumnis
727 1867 786 1900 vita:
796 1873 854 1902 post
867 1866 968 1893 obitum
984 1867 1054 1900 apud

273 1913 358 1940 Deum
387 1914 495 1948 agendae
512 1920 586 1947 spem
611 1913 752 1940 obtulisset
768 1921 776 1945 ;
795 1919 881 1946 neque
898 1920 1053 1939 sermonum

273 1967 383 1987 suorum
399 1960 531 1994 promissa
549 1959 767 1995 adimplevisset;
785 1966 872 1994 neque
890 1959 1055 1993 propheticis

276 2007 309 2034 de
335 2013 364 2033 se
382 2005 602 2039 praedictionibus
624 2013 770 2039 congruum
793 2005 894 2031 exitum
914 2005 1055 2039 praestitis-

275 2056 333 2083 set;
350 2058 435 2084 neque
450 2056 615 2085 postremum
629 2051 749 2077 omnium
771 2050 924 2078 conﬂictum
938 2070 945 2083 ,
960 2051 1054 2078 videli-

276 2101 320 2123 cet
331 2096 461 2124 adversus
477 2102 602 2130 mortem,
618 2097 821 2124 decertavisset.

299 2142 426 2177 .‘Propter
452 2143 509 2170 haec
542 2145 651 2175 omnia,
681 2144 743 2178 quia
775 2151 884 2178 prorsus
914 2144 1056 2178 oportebat

275 2188 390 2216 mortale
403 2196 532 2222 organum
545 2208 552 2220 ,
570 2195 630 2223 post
644 2189 781 2216 sulliciens
805 2189 982 2215 ministerium
1001 2189 1055 2216 Deo

278 2233 366 2262 Verbo
379 2234 541 2266 exhibitum,
551 2234 630 2260 tinem
648 2235 702 2260 Deo
710 2234 820 2268 dignum
835 2235 967 2267 nancisci,
982 2235 1052 2267 ideo,

1106 1645 1192 1680 ἐφάνη
1207 1645 1348 1680 κρείττων,
1362 1643 1418 1670 οὔτ’
1431 1643 1464 1670 ἂν
1482 1643 1513 1669 τὸ
1526 1642 1621 1677 θνητὸν
1632 1643 1681 1677 τῆς
1699 1641 1802 1673 οἰκείας
1814 1641 1892 1676 ἠλευ-

1106 1691 1185 1727 Θέρου
1200 1691 1316 1725 φύσεως,
1331 1690 1388 1717 οὔτ’
1412 1689 1444 1716 ἂν
1460 1689 1520 1715 καθ’
1538 1689 1602 1724 ὅλης
1621 1689 1670 1723 τῆς
1686 1687 1837 1723 ἀνθρώπων
1851 1687 1890 1713 oi-

1106 1737 1240 1772 κουμένης
1251 1736 1381 1771 ἠκούσθη,
1392 1735 1448 1762 οὔτ’
1460 1735 1492 1761 ἂν
1509 1734 1624 1761 θανάτου
1638 1734 1815 1769 καταφρονεῖν
1829 1733 1891 1764 τοὺς

1106 1783 1186 1810 αὐτοῦ
1206 1783 1328 1818 μαθητὰς
1345 1783 1463 1814 ἔπεισεν,
1489 1780 1543 1807 οὔτ’
1570 1780 1603 1807 ἂν
1619 1780 1666 1815 τῆς
1691 1779 1759 1814 μετὰ
1777 1778 1891 1806 θάνατον

1107 1828 1181 1864 παρὰ
1195 1828 1253 1863 Θεῷ
1270 1828 1342 1863 ζωῆς
1357 1829 1412 1859 τοῖς
1429 1827 1476 1863 τὴν
1492 1826 1574 1852 αὑτοῦ
1587 1825 1759 1852 διδασκαλίαν
1782 1824 1891 1860 μετιοῦ-

1108 1884 1148 1902 σιν
1163 1874 1278 1911 [ἐλπίδα]
1300 1874 1499 1910 παρεστήσατο,
1516 1872 1572 1899 οὔτ’
1587 1872 1619 1899 ἂν
1636 1871 1690 1898 τῶν
1708 1871 1789 1898 αὑτοῦ
1805 1871 1891 1905 λόγων

1107 1922 1155 1953 τὰς
1175 1921 1338 1955 ἐπαγγελίας
1355 1920 1485 1955 ἐπλήρου,
1500 1918 1554 1946 οὔτ’
1576 1919 1610 1945 ἂν
1629 1919 1688 1950 ταῖς
1709 1919 1890 1954 προφητικαῖς

1107 1969 1171 2004 περὶ
1188 1967 1269 1995 αὑτοῦ
1283 1967 1449 2002 προρρήσεσι
1463 1966 1595 2000 σύμφωνα
1608 1965 1720 1999 παρεῖχε
1735 1963 1769 1990 τὰ
1791 1964 1889 1990 ἀποτε-

1107 2015 1240 2050 λέσματα,
1265 2013 1320 2040 οὔτ’
1340 2013 1372 2039 ἂν
1395 2012 1440 2038 τὸν
1454 2012 1567 2038 ὕστατον
1593 2010 1719 2037 ἁπάντων
1734 2009 1826 2044 ἀγῶνα
1837 2009 1892 2045 διη-

1109 2061 1210 2096 θλήκει·
1229 2057 1304 2091 οὗτος
1315 2059 1336 2086 δ’
1350 2057 1384 2095 ἣν
1400 2059 1414 2085 ὁ
1424 2058 1493 2086 κατὰ
1507 2057 1553 2084 τοῦ
1571 2057 1685 2084 θανάτου
1704 2057 1752 2093 (8).

1143 2150 1187 2176 Διὸ
1213 2150 1244 2186 δὴ
1264 2149 1365 2176 τούτων
1391 2148 1469 2174 ἕνεκα
1496 2147 1615 2179 πάντων,
1638 2146 1731 2181 ἐπειδὴ
1752 2145 1837 2181 ὲχρῆν
1862 2145 1892 2177 ἐξ

1109 2196 1226 2227 ἅπαντος
1239 2193 1269 2221 τὸ
1286 2193 1380 2229 θνητὸν
1396 2194 1509 2229 ὄργανον
1533 2192 1602 2227 μετὰ
1623 2192 1672 2227 τὴν
1693 2191 1816 2226 αὐτάρκη
1832 2190 1890 2217 δια-

1108 2241 1199 2267 κονίαν
1221 2242 1254 2276 ἢν
1273 2240 1311 2275 τῷ
1335 2239 1395 2275 Θεῷ
1412 2239 1490 2274 Λόγῳ
1509 2238 1698 2273 διηκονήσατο,
1717 2237 1809 2268 τέλους
1834 2236 1892 2263 θεοι-

276 2281 399 2316 inquam,
419 2280 472 2307 tale
487 2280 582 2307 mortis
595 2287 680 2314 genus
693 2280 783 2314 elegit.
808 2279 872 2305 Nam
897 2288 979 2314 quum
998 2282 1047 2307 dtta

1109 2286 1229 2322 πρεποῦς
1245 2287 1345 2321 τυχεῖν,
1363 2284 1450 2320 ταύτῃ
1469 2293 1505 2319 πη
1522 2282 1596 2317 αὐτῷ
1609 2282 1655 2309 καὶ
1669 2281 1683 2306 ὁ
1696 2281 1809 2312 θάνατος
1823 2279 1891 2315 ᾤκο-

276 2326 518 2354 cousummationis
546 2325 665 2352 rationes
698 2326 880 2352 tantummodo
909 2326 1053 2359 adessent,

276 2380 373 2406 nempe
387 2372 427 2399 vel
447 2371 606 2406 corruptelae
623 2376 704 2406 atque
729 2371 810 2398 exitio
828 2377 910 2398 totutn
926 2372 1033 2399 tradere
1045 2392 1053 2405 ,

277 2423 359 2453 atque
371 2419 407 2446 ita
422 2418 606 2452 tttrpissimum
621 2417 710 2444 facere
727 2417 787 2444 vita;
808 2417 887 2444 ﬁnem
898 2413 910 2450 ;”
924 2417 963 2444 vel
974 2419 1052 2444 morti

277 2463 443 2497 superiorem
461 2468 546 2490 semet
558 2463 709 2494 ostendere,
729 2463 818 2490 divina
833 2463 930 2490 virtute
944 2464 1055 2491 immor-

278 2509 333 2534 tale
356 2507 494 2535 etliciendo
517 2509 587 2542 quod
616 2509 728 2536 mortale
752 2514 827 2542 erat;
854 2511 927 2544 prior
948 2510 1054 2544 quidem

277 2553 372 2579 modus
397 2553 619 2586 promissiouibus
646 2555 748 2581 alienus
776 2560 851 2588 erat;
880 2563 942 2582 nam
970 2564 1056 2591 neque

278 2598 349 2632 ignis
361 2598 497 2632 proprium
518 2605 559 2626 est
583 2600 741 2635 frigescere,
759 2609 844 2635 neque
862 2602 929 2629 lucis
944 2603 1056 2630 obtcne-

277 2644 369 2677 brari,
398 2652 486 2679 neque
501 2646 561 2673 vita:
587 2648 672 2678 mori,
692 2655 779 2682 neque
802 2648 900 2675 (Ιίνίιιῖο
918 2649 1056 2683 sapientia).

278 2690 437 2726 insipienter
459 2699 547 2727 agere.
564 2692 618 2719 Cur
637 2693 708 2720 enim
725 2693 758 2725 is,
781 2693 826 2727 qui
853 2694 959 2721 caeteris
972 2695 1053 2723 vitam

314 2748 336 2763 "
350 2747 427 2775 Joan.
447 2756 474 2781 x,
496 2750 540 2777 18.

313 2805 352 2841 (7)
366 2805 432 2842 Cod.
445 2806 476 2833 Α.
489 2806 508 2834 f.
524 2807 586 2833 502.
599 2806 625 2834 b.
637 2807 689 2834 Th.
703 2807 765 2842 Syr.
780 2815 821 2838 Ill.
835 2807 869 2835 45
880 2815 938 2842 seq.

315 2842 353 2875 (8.)
377 2841 422 2867 His
436 2843 524 2868 causis
539 2843 632 2869 mortis
651 2841 749 2870 Christi
771 2844 869 2870 nollem
891 2841 1056 2875 in’Anglica—

272 2884 312 2905 .na
335 2875 452 2903 editione
477 2877 582 2904 additas
604 2878 686 2904 fuisse
704 2879 854 2906 numer-ales
874 2884 961 2911 notas,
978 2878 1055 2910 quasi

280 2911 389 2939 totidem
402 2911 455 2938 sint
473 2912 563 2946 operis
581 2912 708 2946 capitula.

1107 2333 1221 2365 νομεῖτο.
1239 2332 1315 2357 Δυοτν
1329 2330 1382 2365 γὰρ
1401 2328 1569 2364 λειπομένων
1582 2326 1621 2362 τῷ
1633 2325 1715 2358 τέλει,
1731 2325 1748 2361 ἢ
1771 2324 1859 2360 φθορᾷ
1873 2323 1889 2359 ἢ

1106 2378 1228 2413 ἀπωλείᾳ
1246 2376 1412 2413 παραδοῦναι
1425 2375 1455 2401 τὸ
1471 2375 1536 2407 πᾶν,
1553 2373 1600 2400 καὶ
1619 2372 1762 2407 αἰσχίστην
1774 2371 1889 2405 ποιήσα-
1904 2371 1908 2404 ί

1107 2423 1167 2449 σθαι
1181 2423 1228 2458 τὴν
1237 2423 1283 2449 τοῦ
1299 2422 1356 2457 βίου
1371 2420 1571 2456 καταστροφὴν,
1587 2419 1603 2454 ἢ
1621 2418 1735 2445 θανάτου
1749 2415 1890 2452 κρείττονα

1106 2468 1200 2494 ἑαυτὸν
1218 2469 1309 2503 φῆναι,
1323 2468 1400 2502 Θεῖκῇ
1413 2466 1526 2501 δυνάμει
1538 2465 1568 2492 τὺ
1581 2464 1676 2500 θνητὸν
1689 2463 1820 2505 ἀθάνατον
1836 2469 1890 2487 πα-

1106 2502 1319 2549 ραιστησιῐιμενον⁸
1338 2513 1368 2539 τὸ
1387 2513 1436 2548 μὲν
1453 2511 1560 2548 πρῶτον
1580 2510 1714 2537 ἀνοίκειον
1736 2502 1786 2543 τῆς
1802 2508 1888 2541 ἐπαγ·

1104 2561 1207 2594 γελίας·
1224 2560 1254 2586 οὐ
1274 2559 1328 2595 γὰρ
1344 2559 1376 2594 δὴ
1392 2558 1477 2594 πυρὸς
1498 2558 1596 2584 οἰκεῖον
1612 2555 1643 2582 τδ
1658 2555 1753 2590 ψύχειν
1767 2553 1816 2588 (9).
1829 2553 1890 2579 οὐδὲ

1108 2606 1195 2641 φωτὸς
1209 2606 1239 2632 τὸ
1263 2605 1404 2637 σκοτίζειν,
1429 2604 1514 2637 οὕτως
1532 2603 1592 2630 οὐδὲ
1610 2603 1681 2637 ζωῆς
1701 2601 1730 2627 τὸ
1747 2599 1888 2630 θανατοῦν,

1107 2653 1166 2679 οὐδὲ
1188 2652 1234 2678 τοῦ
1253 2651 1320 2678 θεοῦ
1334 2652 1419 2686 Λόγου
1438 2652 1467 2677 τδ
1481 2649 1640 2686 παραλόγως
1662 2647 1792 2683 ἐνεργεῖν·
1815 2646 1889 2671 ποῖον

1107 2697 1153 2725 οὖν
1171 2696 1226 2733 εἶχε
1243 2697 1320 2732 λόγον
1335 2697 1379 2724 τὸν
1394 2696 1497 2732 ἑτέροις
1515 2694 1586 2730 ζωὴν
1602 2692 1844 2728 ἐπαγγελλόμενον,
1857 2688 1889 2716 τὸ

1145 2810 1184 2844 (9)
1199 2809 1283 2836 Verba
1296 2808 1403 2844 ψύχειν,
1423 2807 1566 2840 σκατίζειν,
1580 2806 1721 2844 θανατοῦν]
1737 2812 1790 2832 non
1802 2804 1889 2844 activo

1109 2840 1156 2872 sed
1172 2840 1268 2871 neutro
1289 2840 1370 2870 scn's'u
1386 2843 1430 2871 hic
1447 2850 1508 2870 esse
1528 2842 1685 2877 accipienda
1702 2841 1787 2875 Syrtis
1807 2840 1889 2866 inter-

1108 2889 1170 2915 pres
1185 2881 1364 2906 demonstrat.
