2045 3215
145 209 199 238 615

815 206 861 238 DE
881 187 1124 239 TllEOPHANlA.‘

1710 201 1770 241 sit

145 269 244 296 οἰκεῖον
266 269 381 305 ὄργανον
402 269 578 306 φθειρόμενον
606 270 744 306 παριδεϊν;
772 270 875 297 Οὐκοῦν
900 270 931 297 τὸ

982 270 1143 306 promiserat
1155 290 1162 302 ,
1187 277 1316 305 organum
1332 278 1410 298 suum
1426 272 1626 308 corruptionem
1644 273 1699 308 pati
1717 282 1765 301 ue-

144 314 269 350 ὂεὺτερον
282 316 426 350 ἀναγκαῖον
437 315 481 352 ἧν.
495 317 566 351 λέγω
578 317 606 342 δὲ
618 317 647 343 τὸ
663 316 776 343 Θανάτου
791 316 932 352 κρείττονα

982 315 1118 352 gligcret?
1144 315 1213 351 Ergo
1226 317 1361 351 posterior
1377 318 1474 345 modus
1498 319 1667 346 necessarius
1692 319 1762 352 fuit,

146 361 241 387 ἑαυτὸν
256 361 347 396 φῆναι.
364 362 425 394 Πῶς
440 361 486 388 οὖν
500 362 584 397 ἐχρῆν
595 361 673 388 τοῦτο
686 361 864 397 ποιήσασθαι;
877 362 932 388 Λα-

147 406 249 441 θραίως
262 408 316 442 ἄρα
326 408 373 434 καὶ
385 407 569 442 κλοπιμαίωςς
585 408 601 443 ἦ
613 409 667 439 τοῖς
678 409 760 434 πᾶσιν
772 407 932 443 ἀριπρεπῶς

146 454 193 480 καὶ
210 453 355 489 διαδή).ως;
382 454 462 480 Ἀλλὰ
483 454 588 481 σκότιον
610 455 659 489 μὲν
674 454 721 480 καὶ
735 454 848 489 κρύφιον
867 453 932 480 αὐτὸ

147 499 267 535 πραχθὲν
284 499 314 526 τὸ
326 500 500 536 κατόρθωμα,
514 500 607 536 μηδενὶ
628 501 656 526 δὲ
670 500 799 534 γνωσθὲν,
813 500 887 527 οὐδὲν
900 501 933 527 ἂν

147 545 244 582 ὢνησε
263 546 356 581 βοηοὲν
368 547 395 572 δὲ
411 547 458 573 καὶ
470 546 601 573 ἀκουσθὲν
615 547 655 578 εἰς
668 547 782 579 πάντας,
795 548 852 578 τοῖς
866 547 932 573 πᾶσι

146 593 196 628 τὴν
216 593 248 619 ὲκ
267 592 313 619 τοῦ
335 593 473 628 θαύματος
495 595 625 629 παρεῖχεν
650 593 792 627 ὠφέλειαν.
814 593 933 625 Εἰκότως

147 638 210 674 ἄρα,
225 638 319 674 ἐπειδὴ
342 639 425 674 ἐχρῆν
442 639 471 665 τὸ
490 639 573 665 αὑτοῦ
593 638 706 674 ὄργανον
718 640 839 674 κρεῖττον
852 638 933 665 θανά-

147 693 192 711 του
206 685 298 720 φῆναι,
315 685 363 711 καὶ
379 684 457 711 τοῦτο
469 684 570 720 πρᾶξαι
586 684 622 720 μὴ
641 685 680 716 εἰς
694 684 724 710 τὸ
741 684 859 719 λεληθὸς,
875 684 932 711 ἀλλ’

147 730 189 757 ἐπ’
203 730 295 765 Miseno
308 729 469 766 ἀνθρώπων,
485 730 514 756 οὐ
533 730 626 765 φεύγει
642 730 690 765 μὲν
702 730 747 756 τὸν
763 730 885 757 θάνατον·
899 728 933 766 ἦν

147 775 201 812 γὰρ
220 775 253 802 ἃν
264 775 359 808 δειλὸς,
377 776 424 802 καὶ
445 775 559 802 θανάτου
575 775 673 811 χείρων
690 775 829 811 ἐνομίσθη·
843 776 886 802 διὰ
905 775 934 802 δὲ

146 823 195 857 τῆς
208 822 275 857 πρὸς
293 821 337 848 τὸν
359 822 471 849 θάνατον
490 821 659 857 συμπλοκῆς.
672 819 715 848 οἷα
730 822 797 858 πρὸς
813 822 934 856 ἀνταγω-

147 867 238 903 νιστὴν
257 868 321 903 (10),
340 868 370 894 τὸ
393 867 490 904 Θνητὸν
516 868 648 895 ἀθάνατον
669 868 798 904 παρίστη,
821 867 934 894 ὕστατον

147 913 239 948 ἀγῶνα
250 913 344 940 τοῦτον
357 914 427 950 ὑπὲρ
444 914 494 949 τῆς
507 914 634 941 ἁπάντων
652 914 786 950 σωτηρίας
803 915 849 940 καὶ
865 915 932 941 ἀθα-

147 960 242 991 νασίας
257 959 476 995 ἀναδεδεγμένος.

183 1049 238 1085 (11)
263 1049 292 1075 ’0
306 1049 355 1085 μὲν
368 1049 422 1085 γὰρ
436 1049 542 1086 πρῶτος
554 1049 629 1085 αὑτῷ
640 1049 739 1086 [ἀγὼν]
756 1050 827 1077 κατὰ
837 1050 932 1086 δαιμό-

146 1103 198 1122 νων
212 1096 352 1131 ἐνηργεῖτο
369 1096 414 1122 ἐπὶ
430 1095 587 1131 καθαιρέσει
602 1097 651 1131 τῆς
668 1095 800 1122 πολυθέου
816 1095 932 1132 πλάνηςο

147 1142 206 1167 ἑπεὶ
216 1141 244 1168 δὲ
258 1141 272 1166 ὀ
286 1142 353 1177 πρὸς
367 1141 459 1168 τούσδε
472 1142 546 1173 τέλος
558 1139 631 1177 εἶχεν
645 1141 730 1176 ἀγὼν,
748 1141 874 1177 δεύτερος
887 1143 933 1168 ἐπὶ

146 1186 219 1213 λύσει
232 1186 281 1222 τῆς
292 1186 338 1213 τοῦ
351 1187 464 1213 Θανάτου
478 1187 703 1219 καταδυναστείας
719 1187 834 1221 ἐγίνετοι
846 1188 870 1214 οῑ
884 1187 932 1222 μὲν

147 1233 199 1268 γὰρ
216 1233 276 1259 κατ’
298 1232 380 1258 αὐτοῦ
405 1233 566 1268 συνηγμένοι
589 1232 723 1268 δαίμονες,
744 1233 758 1259 ὅ
781 1242 811 1260 τε
832 1233 933 1259 τούτων

147 1278 278 1313 ἐξάρχων,
292 1278 326 1304 τὰ
340 1277 414 1304 νῶτα
427 1278 496 1305 κατὰ
509 1278 559 1314 τὴν
579 1278 689 1315 πρώτην
706 1278 779 1314 αὐτῷ
797 1279 934 1315 συμϐολὴν

148 1324 405 1359 παραχωρήσαντες,
417 1325 462 1350 τὸν
484 1324 608 1360 δεύτερον
629 1323 709 1352 ἆθλον
729 1325 871 1356 ἐσκόπουν,
886 1325 932 1352 τοῦ

148 1368 205 1402 βίου
223 1369 315 1395 λοιπὸν
334 1369 382 1404 τὴν
403 1369 522 1405 ὑστάτην
544 1370 733 1405 καταστροφὴν
752 1370 932 1406 ἐκδεχόμενοι,

147 1414 194 1440 καὶ
213 1413 261 1448 τὴν
280 1413 328 1439 τοῦ
346 1413 443 1449 θνητοῦ
463 1414 590 1450 τελευτὴν
611 1415 706 1449 ὁμοίαν
725 1414 833 1441 ἔσεσθαι
852 1416 933 1442 πᾶσιν

147 1459 299 1495 ἀνθρώποις
312 1460 536 1496 καραδοκοῦντες·
555 1462 585 1487 οὐ
598 1461 652 1496 γὰρ
666 1461 699 1488 ἂν
713 1461 823 1488 πώποτε
835 1462 934 1498 θνητὴν

147 1505 228 1540 φύσιν
250 1505 362 1532 θανάτου
384 1506 528 1540 κρείττονα
566 1507 692 1541 γενέσθαι
719 1508 931 1543 προσεδόκησαν·

147 1551 161 1576 ὁ
171 1550 199 1576 δὲ
213 1550 280 1586 μετὰ
292 1550 326 1577 τὰ
338 1551 433 1587 πρῶτα
448 1552 518 1578 κατὰ
535 1552 667 1587 δαιμόνων
684 1553 802 1588 τρόπαια
822 1553 872 1587 ἤδη
886 1553 933 1579 καὶ

147 1595 218 1622 κατὰ
232 1596 277 1622 τοῦ
289 1596 402 1624 θανάτου
414 1598 605 1633 παρετάττετο.
620 1598 723 1633 Ὥσπερ
733 1597 762 1624 δὲ
771 1598 845 1630 εἴτις
853 1598 934 1625 ἄκαυ-

149 1650 209 1668 στον
229 1643 295 1678 ἡμῖν
317 1644 364 1670 καὶ
386 1645 471 1679 πυρὸς
496 1645 529 1679 τῇ
553 1643 633 1678 φύσει
655 1645 776 1680 κρεῖττον
799 1644 884 1678 δεῖξαί
908 1654 933 1671 τι

149 1687 245 1720 σκεῦος
261 1688 366 1724 ἢθελεν,
379 1690 429 1716 οὐκ
443 1689 530 1722 ἄλλως
541 1689 574 1716 ἂν
593 1690 624 1716 τὸ
637 1689 729 1724 θαῦμα
744 1691 934 1725 παρεστήσατο

147 1733 165 1769 ἢ
177 1735 241 1770 πυρὶ
253 1735 389 1771 παραδοὺς
400 1736 430 1762 τὸ
445 1737 512 1771 μετὰ
526 1737 630 1772 χεῖρας,
643 1736 759 1762 κᾶπειτα
782 1735 850 1763 σῶον
869 1736 934 1763 αὐτὸ

149 1779 195 1806 καὶ
210 1780 372 1816 ἀδιάφθορον
388 1781 434 1807 τοῦ
457 1782 542 1817 πυρὸς
562 1782 659 1815 ἐξελών
677 1783 743 1818 (12)·
761 1783 831 1810 κατὰ
847 1783 933 1810 ταῦτα

148 1825 180 1861 δὴ
194 1827 239 1853 καὶ
256 1827 270 1852 ό
286 1827 340 1853 τῶν
358 1828 426 1854 ὅλων
445 1827 575 1860 ζωοποιδς
595 1829 662 1855 Θεοῦ
677 1830 774 1863 Λόγος,
792 1830 822 1856 τὸ
837 1830 932 1866 Θνητὺν

149 1871 271 1907 ὄργανον,
300 1868 321 1906 ᾧ
347 1872 414 1908 πρὸς
447 1872 596 1908 ἀνθρώπων
625 1873 758 1909 ἐκέχρητο
784 1875 931 1910 σωτηρίαν,

150 1919 269 1953 κρεῖττον
287 1917 399 1944 θανάτου
417 1918 500 1953 φῆναι
521 1918 670 1954 βουληθεὶς,
693 1918 722 1945 εὖ
749 1920 820 1954 μάλα
837 1920 931 1956 χρησί-

153 1972 203 1998 μην
216 1964 295 1999 ὑπῄει
312 1964 360 2000 τὴν
373 1964 537 1999 οἰκονομίαν,
553 1965 583 1990 τὸ
598 1964 677 1999 σῶμα
693 1965 760 2000 πρὸς
781 1965 865 2001 βραχὺ
884 1975 933 1993 κα-

151 2010 269 2037 ταλιπὼν
284 2011 350 2045 (13),
368 2011 415 2037 καὶ
428 2011 458 2037 τὸ
472 2010 566 2045 θνητὸν
583 2010 620 2045 τῷ
637 2011 742 2045 θανάτῳ
757 2012 835 2038 πάλιν
851 2013 932 2047 ὑφαι-

152 2056 289 2092 ρούμενος,
307 2057 346 2088 εἰς
369 2056 538 2092 παράστασιν
555 2056 603 2091 τῆς
624 2056 714 2082 ἐνθέου
731 2056 879 2092 δυνάμεως.
900 2058 932 2084 Ἡ

151 2102 200 2137 μὲν
216 2101 261 2129 οὖν
277 2102 370 2138 πρώτη
387 2103 459 2129 αἰτία
472 2100 506 2137 ἦν
520 2102 598 2138 αὕτη.

186 2148 239 2183 (14)
258 2148 374 2184 Δευτέρα
387 2149 415 2174 δὲ
430 2149 479 2183 τῆς
496 2149 524 2174 ὲν
545 2147 583 2183 τῷ
605 2147 710 2182 σώματι
730 2147 931 2183 κατοικησάσης

151 2195 240 2222 ὶνθὲου
256 2195 393 2229 δυνάμεως
408 2194 528 2226 ἔνδειξις.
552 2193 660 2229 Ἐπειδὴ
676 2193 729 2229 γὰρ
748 2193 779 2220 τὸ
799 2194 932 2229 πρότερον

150 2239 211 2271 τοὺς
226 2239 277 2266 ὑπὸ
296 2239 342 2265 τοῦ
359 2239 474 2266 θανάτου
494 2238 685 2274 νενικημένους
703 2238 800 2273 ἄνδρας
820 2238 932 2274 θνητοὺς

150 2284 267 2320 ἀληθῶς,
289 2286 335 2311 καὶ
352 2284 438 2311 κοινὸν
459 2284 532 2316 τέλος
555 2284 792 2319 ὑποδεδεγμένους,
811 2284 931 2316 ὲθείαζον

151 2330 298 2365 ἅνθρωποι,
311 2331 403 2366 ἥρωάς
426 2339 456 2357 τε
476 2331 522 2357 καὶ
546 2331 622 2362 θεοὺς
645 2330 795 2366 ὠνόμαζον·
820 2331 932 2363 εἰκότως

151 2377 270 2404 διδάσκει
295 2377 370 2412 μόνον
392 2377 485 2404 τοῦτον
500 2378 529 2403 ἐν
546 2377 654 2412 θανάτῳ
674 2377 740 2403 Θεὸν
754 2377 840 2413 ἀληθῆ
863 2375 931 2404 εἶναι

150 2423 300 2459 ὁμολογεῖν,
311 2423 356 2449 τὸν
365 2424 398 2450 τὰ
409 2423 520 2459 βραϐεῖα
531 2424 579 2459 τῆς
591 2422 661 2449 κατὰ
671 2422 717 2449 τοῦ
730 2423 844 2450 θανάτου
855 2423 932 2459 νίκης

151 2469 364 2505 ἀναδησάμενον.
381 2470 434 2504 (15)
451 2469 534 2505 Τρετη
548 2469 570 2496 δ’
588 2469 620 2496 ἂν
635 2469 677 2505 εἴη
695 2469 768 2496 αἰτία
783 2469 829 2495 τοῦ
844 2477 931 2504 σωτη-

187 2539 241 2575 (10)
258 2539 305 2566 llic
326 2539 352 2565 in
368 2539 475 2573 Anglico
492 2538 680 2575 translatione,
708 2546 734 2572 p.
751 2539 812 2575 188,
831 2546 859 2567 v.
881 2539 926 2571 16.

151 2573 276 2609 νῑιιεοξὸν
292 2574 343 2600 (his
355 2575 499 2600 contention
518 2573 577 2600 with
594 2574 681 2604 death,
695 2582 724 2600 as
748 2574 810 2600 with
829 2582 845 2600 a
870 2581 931 2600 con-

152 2614 310 2644 temporary,
327 2609 511 2644 conﬂicturhoc
530 2616 587 2644 cunt
599 2613 700 2644 rmorte,
725 2613 849 2641 tanquam
872 2617 931 2635 cum

151 2643 378 2679 contemporaneo.
393 2643 530 2679 Syriacus
543 2643 606 2677 quid
627 2643 731 2679 ltabeat_
741 2644 842 2676 nescio,
867 2644 929 2679 quia

152 2679 221 2707 libro
237 2675 328 2706 careo.
346 2678 398 2706 Sed
423 2675 499 2705 certe
520 2675 581 2705 vera
608 2678 690 2704 lectio
712 2677 804 2704 Grazca
821 2675 931 2708 θειξοῖα

151 2713 219 2749 πρὸς
230 2713 441 2748 ἀνταγωνιστήν,
456 2717 585 2749 tanquam,
592 2721 651 2749 eum
664 2713 823 2749 adversaria.
841 2713 932 2749 Itaque

151 2746 294 2776 translatio
305 2746 479 2776 emendanda
501 2752 553 2774 est.
577 2746 652 2773 Mitto
676 2747 742 2773 alios
763 2747 837 2774 iocos
852 2766 859 2779 .
885 2748 931 2781 qui

151 2791 226 2818 mque
252 2783 386 2810 interdum
402 2783 434 2809 ad
450 2781 571 2809 Graecam
597 2783 738 2818 seritatetn
766 2781 930 2818 reformandi

151 2816 293 2851 videntur;
309 2825 396 2853 neque
411 2818 482 2845 enim
502 2824 553 2850 ego
567 2817 762 2853 criticum‘ago
782 2817 828 2853 sed
843 2816 932 2843 edito~

152 2860 217 2880 rem.
234 2851 360 2881 Vicissim
377 2858 480 2884 tamen,
495 2857 524 2879 ut
546 2859 632 2886 nuper
649 2851 717 2886 dixi,
732 2851 861 2886 Syriacus
878 2856 931 2878 tex-

151 2892 193 2916 tus
205 2888 326 2916 Graecmn
342 2888 485 2915 illuminat.
508 2887 542 2914 Et
562 2885 669 2921 quidem
696 2885 815 2919 ϐιαίους,
840 2891 929 2920 utpote

152 2931 231 2957 quem
258 2928 412 2951 catenarum
438 2927 564 2950 auctores
595 2929 644 2956 pro
669 2921 706 2948 rei
730 2921 929 2956 opportunitate

982 362 1073 394 morti,
1089 362 1211 398 inquam,
1243 364 1410 397 superiorem
1428 372 1457 392 se
1476 365 1673 392 demonstrare.
1687 365 1761 398 Qua-

984 417 1046 435 nam
1064 416 1128 436 vero
1142 409 1245 436 ratione
1271 410 1296 436 id
1309 411 1420 445 exsequi
1432 418 1499 445 opus
1515 417 1573 437 erat
1586 412 1597 438 ?
1612 411 1721 438 Clamue
1732 417 1765 443 ac

983 455 1074 482 furtim
1090 455 1102 481 ?
1127 462 1161 482 an
1188 463 1280 482 coram
1297 457 1423 484 omnibus
1439 458 1577 492 splendide
1600 466 1632 486 ac
1648 458 1765 485 manife-

983 505 1023 528 ste
1039 501 1050 527 ?
1076 501 1157 535 Atqui
1180 502 1237 529 hac
1251 510 1293 529 res
1308 503 1417 537 egregia
1441 503 1464 530 si
1490 505 1606 531 obscure
1620 509 1646 532 et
1659 504 1766 532 occulte

983 553 1042 575 acta
1056 548 1160 580 fuisset,
1175 549 1285 575 conscio
1298 550 1415 580 nemine,
1431 549 1498 576 nihil
1517 550 1662 584 profuisset
1679 558 1767 577 :con-

984 598 1024 621 lra
1040 601 1103 621 vero
1119 593 1277 628 {alitigerata
1294 599 1376 628 atque
1395 595 1520 621 omnibus
1543 595 1670 622 exaudita
1685 615 1693 627 ,
1714 595 1765 621 mi-

983 640 1075 667 raculo
1100 647 1149 667 suo
1165 639 1287 674 paritura
1315 645 1374 666 erat
1399 640 1579 666 universalem
1607 640 1764 667 utilitatem.

984 686 1066 712 Recte
1089 686 1182 720 igitur.
1209 686 1336 720 quoniam
1362 686 1505 720 oportebat
1528 686 1612 720 ipsius
1633 693 1765 720 organum
1796 708 1801 715 .

983 731 1064 757 morti
1078 731 1202 766 superius
1218 737 1360 766 apparere,
1378 737 1458 765 atque
1476 731 1501 757 id
1519 739 1571 757 non
1586 731 1654 758 clam
1672 731 1719 758 sed
1739 731 1766 757 in

984 782 1128 811 conspectu
1144 777 1280 804 hominum
1298 777 1367 808 ﬂeri,
1385 781 1500 804 mortem
1519 783 1571 803 non
1595 776 1681 811 fugit;
1699 776 1766 803 alio-

983 822 1029 855 qui
1048 822 1120 849 visns
1135 828 1206 849 esset
1222 823 1343 854 timidus,
1358 827 1384 849 et
1401 827 1487 850 morte
1501 823 1617 849 debilior
1627 823 1764 854 creditus;

984 868 1030 896 sed
1042 868 1167 895 conﬂictu
1183 876 1244 896 cum
1263 875 1361 900 morte,
1380 874 1506 903 tanquam
1522 877 1583 896 cum
1599 869 1765 900 adversario,

984 913 1053 941 inito
1065 934 1072 946 ,
1086 914 1156 948 qttod
1171 914 1283 941 mortale
1302 919 1361 941 erat
1381 914 1414 940 ad
1429 914 1660 941 immortalitatem
1677 919 1766 941 trans-

948 950 970 978 Β
992 960 1063 990 tulit.
1081 964 1230 987 extremum
1248 961 1320 987 hunc
1338 968 1451 995 agonem
1476 968 1525 995 pro
1545 961 1665 988 omnium
1681 961 1768 988 salute

982 1012 1009 1033 et
1024 1006 1230 1033 immortalitate
1244 1006 1405 1040 suscipiens.

1020 1051 1086 1078 Nam
1103 1051 1218 1086 prinimn
1236 1051 1274 1078 illi
1296 1056 1434 1078 certamen
1457 1051 1508 1078 fuit
1521 1056 1615 1079 contra
1633 1053 1768 1080 daemones

983 1097 1018 1124 ob
1042 1096 1212 1132 polytheismi
1245 1104 1365 1124 errorem
1391 1097 1605 1129 destruendum;
1630 1105 1685 1132 quo
1700 1105 1761 1132 per-

984 1148 1045 1170 acto
1058 1163 1065 1174 ,
1093 1142 1266 1169 subsecutmn
1284 1147 1325 1168 est
1341 1142 1489 1169 secundum
1507 1142 1542 1169 ob
1569 1141 1768 1169 dissolvendam

983 1190 1078 1216 mortis
1104 1189 1327 1216 dominationem.
1353 1187 1512 1221 Conglobati
1542 1188 1613 1215 enim
1639 1187 1771 1215 adversus

984 1242 1044 1262 eum
1058 1235 1194 1261 daemones
1208 1241 1268 1260 cum
1277 1241 1326 1260 suo
1338 1233 1417 1264 duce.
1427 1237 1569 1267 postquam
1581 1233 1667 1267 primo
1676 1232 1770 1268 pratlin

986 1286 1059 1316 terga
1076 1284 1224 1311 verterant,
1242 1279 1391 1306 secundum
1407 1278 1600 1310 observabant,
1616 1278 1679 1305 vitae
1691 1277 1769 1304 Chri-

984 1327 1016 1354 sti
1035 1327 1163 1360 deinceps
1179 1331 1328 1353 extremam
1344 1325 1548 1358 catastropham
1566 1329 1768 1359 exspectantes,

984 1373 1107 1400 mortalis
1124 1372 1242 1399 hominis
1266 1372 1346 1398 linem
1372 1371 1484 1406 reliquis
1508 1370 1635 1398 erunibus
1653 1370 1769 1398 similent

984 1419 1041 1446 fore
1056 1423 1196 1452 sperantes
1214 1425 1220 1444 :
1240 1424 1328 1451 neque
1345 1417 1416 1443 enim
1433 1423 1552 1450 unquam
1563 1417 1771 1444 existimassem

983 1463 1120 1490 mortalem
1136 1468 1258 1489 naturatn
1275 1463 1353 1488 tuorti
1370 1461 1426 1488 fore
1441 1462 1622 1495 superiorem.
1643 1460 1770 1487 AtChri-

983 1514 1041 1535 stus
1058 1513 1114 1543 post
1130 1508 1235 1542 priores
1257 1508 1290 1535 de
1307 1507 1474 1535 daemonibus
1492 1506 1594 1534 relatas
1614 1507 1768 1540 manubias,

981 1552 1035 1587 jam
1050 1557 1144 1580 contra
1164 1552 1249 1586 ipsam
1268 1559 1382 1579 mortem
1401 1552 1427 1578 in
1444 1551 1529 1578 aciem
1553 1551 1690 1586 prodibat.
1709 1549 1770 1578 Sic-

987 1604 1016 1625 ut
1039 1604 1129 1625 autem
1147 1598 1168 1625 si
1185 1599 1246 1633 quis
1264 1598 1318 1632 igni
1343 1597 1502 1632 impervium
1517 1602 1600 1631 atque
1626 1597 1771 1631 insupera-

987 1646 1040 1673 bile
1065 1653 1114 1672 vas
1144 1645 1250 1679 aliquod
1266 1644 1454 1671 demonstrare
1472 1642 1572 1675 vellet,
1597 1643 1668 1669 haud
1693 1642 1771 1669 aliter

985 1693 1054 1720 hanc
1067 1699 1124 1719 rem
1140 1692 1236 1718 miram
1262 1688 1461 1724 comprobaret,
1475 1695 1555 1723 quam
1571 1687 1685 1715 ﬂamma;
1713 1692 1769 1714 tra—

984 1738 1051 1765 dens
1063 1737 1135 1772 quod
1152 1744 1207 1771 prae
1224 1736 1348 1763 manibus
1360 1735 1485 1766 haberet,
1505 1740 1536 1761 ac
1556 1733 1653 1761 deinde
1665 1733 1771 1760 incolu-

984 1791 1027 1810 me
1048 1782 1262 1816 inviblatumque
1279 1783 1340 1816 igne
1366 1781 1522 1813 retrahens;
1543 1780 1578 1807 ita
1593 1780 1676 1807 etiam
1697 1779 1770 1814 quod

983 1828 1073 1855 omnia
1088 1828 1207 1854 vivilicat
1222 1827 1268 1854 Dei
1283 1826 1414 1858 Verbum,
1433 1825 1546 1852 mortale
1556 1832 1700 1860 organum,
1714 1832 1770 1859 quo

984 1875 1016 1902 ad
1032 1875 1170 1902 hominum
1195 1873 1310 1901 salutent
1335 1879 1400 1899 usus
1424 1872 1532 1902 luerat,
1552 1876 1638 1898 morte
1656 1871 1771 1899 validius

984 1921 1170 1948 demonstrare
1183 1919 1277 1947 volens
1288 1938 1295 1950 ,
1310 1918 1376 1945 utile
1403 1918 1547 1944 admodum
1563 1916 1708 1944 consilium
1722 1924 1770 1944 ce-

983 1967 1042 2001 pit,
1068 1973 1164 2000 corpus
1191 1966 1265 1992 brevi
1295 1969 1417 1999 tempore
1445 1963 1604 1995 deserendi;
1622 1969 1769 1997 rursusque

983 2013 1054 2046 quod
1081 2014 1216 2037 mortuum
1242 2015 1302 2036 erat
1329 2009 1406 2036 tuorti
1425 2007 1556 2042 eripiendi
1571 2027 1578 2039 ,
1597 2011 1625 2035 ιιι
1640 2008 1758 2035 divinam

983 2058 1108 2085 virtutem
1134 2057 1297 2084 ostenderet.
1322 2056 1410 2092 Atque
1434 2056 1491 2082 haec
1507 2055 1593 2090 prima
1619 2054 1677 2090 (cur
1692 2055 1759 2083 mori

982 2102 1109 2136 voluerit)
1124 2109 1204 2129 causa
1218 2101 1277 2129 luit.

1019 2148 1141 2174 Secunda
1169 2147 1219 2174 fuit
1238 2154 1340 2179 causa,
1365 2151 1394 2173 ut
1421 2147 1623 2173 demonstraret
1646 2146 1764 2173 divinam

982 2193 1108 2220 virtutem
1125 2193 1153 2220 in
1169 2200 1218 2220 suo
1242 2200 1355 2227 corpore
1371 2193 1548 2220 inhabitasse.
1563 2191 1630 2219 Nam
1648 2191 1712 2226 quia
1727 2191 1769 2218 vi-

983 2245 1042 2267 ctos
1067 2244 1145 2266 antea
1161 2243 1247 2266 morte
1263 2239 1336 2266 viros
1349 2258 1356 2270 ,
1372 2245 1435 2266 vere
1456 2238 1585 2265 mortales
1599 2242 1626 2264 et
1644 2243 1768 2264 commu-

984 2293 1044 2312 nem
1062 2285 1140 2312 llnem
1156 2285 1276 2318 sortitos,
1298 2284 1438 2319 apotheosi
1452 2284 1618 2311 donaverant
1632 2281 1766 2313 homines.

984 2336 1011 2359 et
1026 2332 1125 2358 heroas
1140 2330 1258 2365 deosque
1277 2330 1493 2362 nominaverant.
1504 2329 1600 2356 merito
1613 2335 1661 2354 nos
1677 2327 1767 2359 docet,

986 2378 1056 2404 hunc
1073 2384 1156 2403 unum
1170 2376 1197 2403 in
1222 2380 1309 2403 morte
1333 2375 1419 2402 Deum
1437 2382 1530 2402 verum
1549 2381 1610 2401 esse
1632 2372 1766 2405 conﬁteri,

986 2422 1031 2457 qui
1046 2421 1164 2455 praemiis
1180 2421 1273 2448 relatae
1295 2422 1328 2448 de
1348 2426 1435 2447 morte
1449 2419 1571 2447 victoria-
1586 2423 1671 2445 semet
1686 2424 1768 2444 exor-

986 2472 1108 2495 naverat.
1135 2467 1227 2494 Tertia
1243 2467 1372 2494 habeatur
1394 2465 1491 2492 mortis
1515 2463 1670 2491 Servatoris
1684 2460 1767 2490 causa

982 2541 1189 2571 excerpserunt,
1207 2537 1305 2563 multas
1321 2534 1412 2570 operis
1422 2537 1513 2568 partes
1526 2531 1629 2571 amisit.

1017 2570 1332 2606 (tt)Syr.m,55,57.
1432 2604 1438 2606 ,
1552 2601 1573 2606 _
1702 2599 1719 2606 ..

1018 2601 1073 2643 (12}
1099 2601 1173 2634 Hauc
1190 2601 1394 2643 similitudinem
1415 2604 1482 2630 citat
1498 2610 1531 2643 ex
1552 2601 1674 2643 Eusebio
1683 2601 1766 2628 etiam

982 2635 1146 2671 S."l'liomas
1160 2642 1287 2676 Aquinas
1300 2642 1325 2667 in
1338 2645 1434 2676 catena
1448 2638 1605 2676 sualiatina
1621 2636 1654 2663 ad
1664 2635 1764 2676 Lucani

982 2680 1025 2705 ed.
1051 2679 1084 2705 de
1107 2671 1209 2704 Rnbeis
1232 2681 1253 2702 t.
1269 2675 1298 2706 V,
1322 2683 1348 2709 p.
1372 2675 1433 2709 565.
1455 2671 1586 2709 Videlicet
1609 2679 1642 2698 ex
1661 2671 1766 2709 catenis

982 2704 1094 2746 Graecis,
1107 2720 1160 2739 non
1175 2704 1344 2749 originalitér
1357 2707 1582 2749 ex'TheopItania,
1594 2713 1676 2742 quam
1691 2704 1766 2732 Tho-

982 2756 1041 2775 mas
1059 2754 1195 2775 nuuouam
1215 2745 1292 2773 vidit.

1017 2783 1087 2818 (t5)
1123 2775 1226 2815 Nempe
1258 2779 1349 2808 anima
1379 2777 1536 2807 destitutum
1565 2783 1627 2805 esse
1652 2775 1766 2812 permit-

982 2823 1053 2846 tens.

1019 2852 1074 2888 (16)
1092 2852 1152 2888 ξπ.
1166 2859 1207 2882 ιιι,

1020 2886 1077 2923 (15)
1093 2886 1154 2922 Syr.
1170 2894 1210 2918 In,
1226 2886 1272 2913 59.
