2045 3215
162 169 212 196 (ill

848 169 891 199 DE
910 167 1145 200 TlIEOPllANlA.

1738 173 1789 201 o‘l8

162 230 209 257 καὶ
220 228 384 265 θεογνωσὶαν
396 232 434 265 εἰς
453 232 555 264 πάντας
568 233 762 268 καταγγέλλειν
779 234 835 269 (ΞΟ)
851 234 955 270 ἀνθρώ-

1008 234 1108 268 Deique
1135 233 1278 264 notitiam,
1308 234 1411 263 cunctis
1443 234 1598 263 hominibus
1632 235 1790 264 nuntiaturi.

162 283 246 308 πους·
259 276 306 308 οὒς
325 277 356 312 δὴ
372 278 475 312 πεῖσμα
495 279 622 313 μέγιστον
639 279 729 306 λαϐεῖν
746 280 829 315 ἐχρῆν
845 281 893 316 τῆς
908 289 957 316 με·
977 296 980 301 -

161 321 195 348 τὰ
209 321 256 348 τὸν
270 321 385 349 θάνατον
399 324 481 359 ζωῆς,
498 324 536 356 ὡς
550 324 583 351 ἂν
602 325 689 357 ἀδεεῖς
706 326 752 353 καὶ
768 326 864 361 ἄφοϐοι
880 326 959 354 θανά-

161 375 208 393 του
224 367 271 393 τὸν
288 367 358 395 κατὰ
373 369 422 404 τῆς
439 370 570 397 πολυθέου
587 371 691 408 πλάνης
703 372 796 406 ἀγῶνα
810 373 957 408 προθύμως

162 413 333 446 ἀναδέξοιντο
345 422 353 430 ⁸
381 415 418 451 μὴ
439 416 494 452 γὰρ
517 416 632 444 Θανάτου
649 420 829 454 καταφρονεῖν
847 419 960 455 μελετή-

164 465 270 491 σαντες,
288 461 339 486 οὐκ
352 460 385 487 ἃν
401 461 511 489 πώποτε
525 463 593 498 πρὸς
605 463 639 490 τὰ
651 464 726 491 δεινὰ
737 464 958 500 παρεσκευάζον-

162 511 203 530 το.
223 505 268 532 Διὸ
283 505 315 542 δὴ
330 507 488 542 ἀναγκαίως
504 508 622 541 ὁπλίζων
638 510 737 542 αὐτοὺς
758 510 829 537 κατὰ
847 511 896 546 τῆς
911 511 958 537 τοῦ

163 550 278 578 θανάτου
291 552 450 585 δυναστείας
469 554 499 580 οὐ
513 553 656 589 ῥηματίοις
667 555 714 582 καὶ
728 558 831 591 φωναῖς
849 556 960 593 παρεδί-

162 596 208 624 δου
223 596 253 623 τὸ
276 597 400 633 μάθημα,
417 599 476 625 οὐδὲ
497 599 585 634 λόγοις
601 601 702 635 ὁμοίως
721 602 899 638 ἀνθρωπείαις
913 603 959 629 τὸν

163 642 228 677 περὶ
251 642 341 678 ψυχῆς
356 643 506 675 ἀθανασίας
525 645 645 677 πιθανῶς
666 647 713 673 καὶ
736 646 766 679 ἐξ
779 648 958 683 εξκότωνβι)

163 687 316 714 συντάττων
326 697 332 703 ·
351 688 425 724 αὺτῴ
441 689 469 715 δὲ
486 690 559 726 ἔργῳ
571 690 605 718 τὰ
621 691 691 718 κατὰ
705 692 752 719 τοῦ
772 693 888 721 θανάτου
909 695 960 720 ὲπ-

164 732 267 759 εδείκνυ
279 734 370 765 αὐτοῖς
383 734 510 769 τρόπαια.

198 778 254 814 (29.)
270 776 323 805 Ἶιν
337 780 388 815 μὲν
403 780 456 816 γὰρ
470 781 552 808 πάλαι
567 782 698 818 πρότερον
710 783 824 820 φοϐερὸς
838 785 894 815 τοῖς
910 786 960 811 πᾶ-

164 833 205 850 σιν
216 825 230 851 ὁ
239 824 286 851 τοῦ
301 825 398 861 θνητοῦ
415 826 508 860 γένους
520 827 616 864 ὀλετὴρ
630 827 805 861 θάνατος,καὶ
817 829 892 862 λύσις
905 831 962 857 ενοι

165 868 257 904 μίζετο
271 870 320 905 τῆς
338 870 402 906 ὅλης
418 871 561 907 ἀνθρώπου
580 872 697 907 φύσεως,
715 874 803 910 ψυχῆς
826 875 893 910 ὁμοῦ
913 876 960 903 καὶ

164 915 298 950 σώματος,
326 917 342 951 ἠ
362 917 456 944 τούτου
479 918 638 946 δυναστεία”
661 920 722 947 οὐδέ
738 929 779 953 τις
800 919 835 957 ἦν
853 922 908 948 τῶν
928 921 958 954 ἐξ

163 961 260 993 αἰῶνος
277 959 332 994 οἷὸς
348 971 378 988 τε
396 963 470 989 τουτὶ
489 963 518 989 τὸ
541 964 676 1001 φόϐητρον
693 966 722 1000 ἐξ
740 966 890 1003 ἀνθρώπων
910 967 958 994 ὰν-

163 1007 242 1034 ελεῖν·
265 1009 364 1041 πάντες
379 1009 401 1035 8‘
420 1010 573 1046 ἐπτήχεσαν
589 1011 663 1047 φόϐῳ
680 1013 772 1048 μικροὶ
783 1014 831 1040 καὶ
845 1013 957 1049 μεγάλοι

163 1052 209 1079 τὸν
226 1053 356 1080 θάνατον·
377 1054 428 1080 οὐκ
440 1051 474 1090 ἦν
499 1063 528 1081 τε
545 1055 592 1082 τοῦ
613 1057 697 1084 κακοῦ
722 1059 894 1095 παραμύθιον
911 1062 957 1088 ἀν-

163 1098 292 1136 θρῴποις,
315 1100 344 1127 οὺ
357 1100 446 1136 λόγος,
460 1103 490 1129 οὐ
506 1104 616 1140 τρόπος,
631 1105 660 1131 οὑ
675 1105 741 1140 βίος,
759 1106 788 1132 οὐ
807 1107 897 1142 σοφῶν
914 1108 957 1136 λο-

162 1145 270 1180 γισμὸς,
282 1145 313 1172 οὐ
331 1146 453 1174 παλαιῶν
468 1149 683 1184 συγγράμματα,
700 1150 730 1177 οὑ
751 1152 898 1186 προφητῶν
913 1153 957 1180 θεέ

156 1191 315 1226 .σπίσματα,
327 1191 372 1218 καὶ
384 1193 507 1227 ἀγγέλων
523 1194 677 1229 ἐπιφάνειαι
686 1205 693 1211 ·
708 1196 816 1223 πάντων
828 1197 856 1224 δὲ
868 1199 956 1234 κρείτν

162 1243 216 1262 των
229 1237 276 1262 καὶ
283 1236 419 1273 ἀνώτερος
429 1238 479 1274 τὴν
490 1239 560 1266 κατὰ
569 1240 678 1268 πάντων
691 1241 768 1278 νίκην
785 1243 892 1278 ἐπεῖχεν
901 1244 956 1279 (25)

163 1282 177 1308 ὀ
193 1281 316 1315 θάνατος,
336 1282 447 1319 ὑψηλὸς,
472 1286 652 1322 μεγάλαυχος,
675 1286 866 1324 ὑπερήφανος·
881 1286 903 1324 ᾧ
924 1290 956 1326 δὴ

163 1327 429 1364 καταδεδουλωμένον
444 1329 474 1357 τὸ
491 1332 587 1367 θνητὸν
602 1333 680 1368 γένος
697 1335 838 1367 παντοίαις
848 1336 956 1363 ἐκαλιν-

163 1371 233 1400 δεῖτο
247 1376 440 1410 παρανομίαις,
456 1378 631 1412 μιαιφονίαις,
650 1379 880 1416 ἀθεμιτουργίαις,
894 1382 956 1409 δυσ-

164 1419 293 1453 σεϐείαις,
309 1422 468 1459 πολυπλόκῳ
479 1424 566 1461 πλάνῃ
578 1434 584 1440 ·
601 1426 703 1454 τούτων
714 1427 768 1464 γὰρ
778 1424 813 1463 ἦν
826 1429 955 1456 ἁπάντων

165 1464 278 1498 θάνατος
293 1467 387 1499 αἴτιος.
410 1468 453 1500 Ὧς
467 1469 522 1506 γὰρ
543 1471 640 1506 μηκέτι
652 1471 728 1503 ὅντες
745 1472 815 1508 μετὰ
830 1473 954 1506 θάνατον,

164 1510 200 1538 τὰ
213 1511 316 1547 μυρίων
327 1513 450 1541 θανάτων
466 1515 528 1548 ἄξια
540 1515 657 1552 δρῶντες
673 1518 766 1553 διῆγον
776 1527 782 1533 ·
799 1519 845 1545 καὶ
860 1519 899 1551 ὡς
912 1519 955 1546 εὑι

165 1556 259 1590 θὺναις
277 1558 400 1595 οὐδαμῶς
415 1560 588 1596 ὑποκείμενοι
605 1562 648 1589 διὰ
665 1563 714 1599 τὴν
727 1564 759 1590 ὲκ
777 1564 825 1591 τοῦ
840 1564 955 1592 θανάτου

164 1602 250 1636 λύσιν,
264 1603 319 1639 βίον
330 1604 399 1637 ἔζων
409 1606 536 1634 ἀϐίωτον.
552 1607 605 1640 Οὓς
617 1608 648 1644 δὴ
659 1609 825 1645 κατελεήσας
835 1611 849 1637 ὁ
858 1610 955 1645 Λόγος,

163 1649 209 1676 ἐπὶ
227 1650 280 1686 τὴν
299 1651 404 1686 ἁμυναν
421 1653 554 1680 ἔσπευσεν
565 1663 572 1670 ’
591 1652 641 1682 εἶθ’
657 1651 701 1681 οἶα
723 1655 848 1690 βασιλεὺς
864 1657 956 1692 φιλαν-

163 1694 336 1730 θρωπότατος
349 1698 397 1725 τὸν
412 1699 482 1725 κατὰ
497 1699 544 1726 τοῦ
557 1699 671 1727 θανάτου
687 1700 796 1736 ἔλεγχον
807 1701 841 1728 δι’
851 1701 955 1738 magis.

165 1749 217 1767 που
237 1742 346 1776 φύσεως
362 1744 528 1779 ἐμηχανᾶτο,
552 1744 608 1781 ζωὴ
631 1746 680 1781 μὲν
702 1746 783 1778 αὐτὸς
802 1747 954 1782 τυγχάνων,

165 1787 211 1813 καὶ
224 1787 291 1814 Θεοῦ
308 1789 405 1823 Λόγος,
423 1791 470 1817 καὶ
482 1791 549 1819 Θεοῦ
567 1791 680 1827 δύναμις
691 1800 698 1807 ·
714 1791 771 1819 ἀλλ’
786 1793 817 1820 οὐ
833 1791 893 1829 δίχα
908 1794 955 1822 τοῦ

165 1832 345 1868 βοηθουμένου
369 1835 467 1862 ὠτῶν
487 1836 638 1873 ἀνθρώπων
663 1837 798 1874 φόϐητρον
822 1839 955 1874 διελέγξαι

165 1879 269 1914 κρίνας.
294 1881 340 1907 Διὸ
362 1881 395 1917 δὴ
417 1882 492 1918 ὅπλῳ
521 1884 691 1919 χρησάμενος
711 1884 883 1920 ἀνθρωπείῳ,
909 1886 956 1912 καὶ

164 1923 252 1960 θνητῷ
263 1924 369 1960 σώματι
384 1928 398 1953 ὁ
414 1926 570 1962 ἀσώματος,
585 1929 630 1955 τὸν
651 1928 765 1956 θάνατον
777 1929 820 1956 διὰ
834 1930 880 1957 τοῦ
893 1930 955 1967 θνηι

163 1969 210 1996 τοῦ
222 1972 443 2006 κατηγωνίσατο·
462 1973 509 2000 καὶ
525 1974 597 2008 μέγα
612 1974 704 2010 θαῦμα
729 1976 785 2006 τοῖς
799 1977 880 2002 πᾶσιν
902 1977 955 2003 ἀπ-

163 2014 257 2049 έδειξε,
277 2017 406 2052 τρόπαιον
418 2017 568 2050 ἀθανασίας
581 2018 651 2046 κατὰ
665 2019 711 2045 τοῦ
729 2019 841 2047 θανάτου
852 2020 895 2046 διὰ
908 2020 955 2047 τοῦ

163 2060 260 2096 θνητοῦ
278 2062 360 2089 ὅπλου
374 2063 475 2099 στήσας
490 2063 556 2098 (24).
578 2064 665 2099 Ἠφίει
684 2065 734 2100 μὲν
747 2065 800 2100 γὰρ
816 2065 846 2091 τὸ
859 2065 955 2101 θνητὸν

162 2105 202 2136 εἰς
217 2105 300 2142 βορὰν
311 2107 349 2143 τῷ
360 2107 446 2144 θηρίῳ
457 2107 512 2144 (25)
522 2117 528 2123 ’
544 2106 574 2135 τὸ
588 2109 716 2136 δἀὑτίκσ.
729 2109 768 2145 τῷ
781 2109 859 2145 ίκρίῳ
874 2118 956 2146 προσ-

161 2150 257 2186 ηλοῦτο
283 2153 555 2189 ἁνασταυρούμενοψ
579 2154 616 2186 ὡς
636 2154 669 2181 ἂν
685 2156 743 2186 τοῖς
765 2156 848 2181 πᾶσιν
870 2157 887 2192 ἠ
908 2155 956 2182 τοῦ

163 2195 260 2233 θνητοῦ
270 2199 432 2236 γνωρισθείη
450 2199 541 2235 φύσις,
558 2200 624 2236 μηδὲ
639 2209 698 2227 τινα
715 2200 789 2227 λάθοι
801 2201 831 2227 τὸ
842 2201 956 2237 πραττό-

164 2251 253 2278 μενον,
270 2244 307 2280 μὴ
323 2245 483 2282 ἀνθρώπων,
507 2245 545 2282 μὴ
560 2246 693 2281 δαιμόνων
703 2252 710 2261 '
724 2247 807 2282 ἐχρῆν
819 2247 872 2283 γὰρ
888 2248 955 2274 πάντ
971 2262 993 2290 θ

163 2296 211 2320 τας
227 2289 348 2324 ἀκριϐῶς
363 2291 392 2317 τδ
406 2291 501 2327 θνητὸν
519 2292 593 2324 ἰδεῖν,
607 2292 645 2324 ὡς
667 2293 696 2319 ἐν
712 2293 832 2329 μεγίστῳ
846 2293 954 2328 θεάτρῳ

163 2333 214 2368 τὴν
228 2334 328 2361 οἰκείαν
341 2337 490 2372 ὁμολογοῦν
502 2336 582 2372 φύσιν
593 2346 599 2353 ⁸
618 2338 650 2364 ἵν’
666 2338 728 2373 ἑξῆς
743 2337 864 2365 ἐπελθὼν
876 2338 891 2364 ὁ
903 2338 952 2365 θά-

163 2387 253 2411 νατος,
262 2376 305 2405 οἷα
315 2380 366 2416 θὴρ
379 2381 474 2414 δεινὸς,
483 2379 538 2414 οἷός
552 2383 593 2414 τίς
607 2382 666 2409 ποτ’
678 2380 723 2418 ἦν,
734 2383 830 2409 ἑαυτὸν
839 2382 951 2419 ἐλέγξῃ·

163 2425 283 2452 κᾶπειτα
297 2426 345 2460 τῆς
356 2426 455 2463 ζωῆςή
472 2427 596 2464 δύναμις,
614 2427 683 2462 μετὰ
699 2428 813 2455 θάνατον
826 2428 954 2455 ἐπελθοῦ-

163 2479 208 2502 σα,
230 2472 288 2502 τοῖς
304 2472 387 2498 πᾶσιν
407 2470 483 2504 αὖθις
505 2473 554 2508 τὴν
571 2473 642 2500 κατὰ
662 2472 709 2499 τοῦ
731 2473 845 2501 θανάτου
866 2482 955 2509 παρα-

163 2518 296 2553 στήσηται
323 2518 417 2554 νίκην,
441 2519 473 2546 τὸ
499 2519 594 2554 θνητὴν
618 2519 750 2546 ἀθάνακν
776 2519 951 2552 ἀποδείξασα.

199 2654 254 2691 (20)
264 2655 349 2690 Syrus
359 2656 464 2683 videtur
480 2655 578 2691 legisse
597 2654 766 2684 ἀνατέλλειν.

199 2692 256 2727 (at)
270 2692 389 2725 Apparet
405 2691 505 2726 Syrum
520 2691 617 2727 legisse
632 2692 756 2719 εἰκὰνων.

199 2725 256 2761 (22)
277 2727 339 2761 Syr.
353 2734 394 2758 ιιι,
412 2727 457 2753 6|.

200 2772 255 2808 (‘25)
270 2772 355 2808 Syrus
371 2773 452 2808 paulo
467 2772 548 2800 aliter
563 2773 704 2808 periodum
720 2773 826 2801 dividit.

199 2817 255 2853 (ει)
276 2818 410 2853 [lactentis
425 2819 474 2845 hoe
497 2817 676 2852 lragmentuut
695 2820 812 2853 (nempe
832 2817 866 2845 ab
895 2818 948 2846 illis

165 2851 253 2890 verbis
275 2851 308 2889 ἦν
330 2854 379 2889 μὲν
397 2851 561 2890 γὰ-ρῗπάλαι
582 2853 715 2888 πρότερον
736 2851 946 2890 φοϐερόςδια.)

167 2888 295 2916 recitatur
309 2891 342 2915 ait
354 2888 449 2916 eodem
462 2889 555 2916 Niceta
573 2894 656 2915 etiam
669 2897 694 2916 ιιι
708 2888 847 2916 οιιιιειιιιαά
860 2888 945 2924 Epist.

285 2937 420 2966 ΡΑτιιοι.
445 2935 504 2966 (in.
532 2935 606 2965 XXI
614 2935 648 2964 ν.

1009 280 1158 315 Discipulos
1186 280 1278 315 itaque
1298 288 1430 308 summam
1455 281 1553 308 habere
1578 281 1701 308 fiduciam
1726 289 1794 316 opus

1009 330 1068 353 erat
1081 326 1113 353 de
1128 327 1181 353 vita
1194 331 1255 361 post
1273 326 1376 354 obitum
1393 328 1589 361 recuperanda.
1608 334 1635 355 ιιι
1652 328 1792 365 intrepidi,

1009 371 1111 406 absque
1124 371 1178 399 ullo
1192 372 1286 399 mortis
1299 377 1369 399 metu
1384 370 1513 400 adversus
1529 373 1703 408 polytheismi
1720 381 1792 402 erro-

1010 425 1066 444 rem
1081 422 1217 445 certamen
1235 417 1360 445 alacriter
1374 420 1551 453 susciperent.
1572 419 1641 446 Nam
1658 419 1709 447 nisi
1723 427 1793 447 mor-

1011 468 1063 490 tem
1096 468 1268 491 contemnere
1296 464 1497 498 assuevissent,
1530 472 1666 500 nunquam
1699 471 1794 493 contra

1011 508 1141 537 terribilia
1166 515 1195 536 se
1220 508 1410 536 accinxissent.
1433 509 1612 543 Quamobrem
1638 510 1794 538 necessario

1011 554 1070 582 illos
1083 561 1192 581 armans
1207 553 1338 581 adversus
1354 554 1448 581 tnortis
1469 555 1628 588 potentiam,
1650 554 1720 582 haud
1735 562 1796 590 pro-

1011 600 1073 627 latis
1095 607 1143 628 ore
1168 598 1272 626 voculis
1292 599 1442 626 doctrinam
1460 600 1530 626 hanc
1555 599 1686 631 tradebat.
1708 607 1797 634 neque

1010 652 1165 674 sermonum
1181 652 1256 671 more
1269 644 1449 671 humanorum
1470 647 1502 672 de
1524 646 1620 672 anima:
1635 645 1793 673 immortali-

1012 696 1066 718 tate
1087 690 1271 718 verisimiliter
1285 690 1453 723 disserebat,
1470 691 1515 718 sed
1534 691 1591 726 ipso
1607 698 1688 726 opere
1710 691 1795 717 relata

1011 737 1044 764 de
1056 742 1143 764 morte
1164 742 1262 771 tropaea
1279 736 1332 764 iHis
1345 737 1512 764 ostendebat.

1046 783 1118 811 Sane
1149 787 1208 810 erat
1232 783 1294 809 olint
1321 783 1426 809 cunctis
1450 782 1579 809 terribilis
1603 782 1648 809 illa
1674 783 1796 810 mortalis

1012 830 1118 863 generis
1133 828 1268 863 pernicies
1285 837 1375 861 mors;
1393 832 1421 856 et
1433 828 1573 855 dissolutio
1590 828 1796 855 existimabatur

1012 874 1145 902 universa:
1160 874 1280 901 hominis
1295 880 1408 905 naturae.
1422 873 1518 901 anima:
1530 873 1609 901 simul
1623 879 1650 901 et
1661 875 1794 907 corporis,

1012 920 1105 947 mortis
1125 924 1300 954 potentatus:
1327 927 1460 954 nemoque
1474 927 1508 947 ex
1523 920 1595 946 omni
1609 927 1666 947 aevo
1679 921 1793 948 exstite-

1012 970 1063 998 rat,
1075 966 1120 1000 ιιιιί
1137 966 1189 992 hoc
1206 965 1453 992 terriculamentum
1470 973 1503 992 ex
1526 965 1681 993 hominibus
1700 965 1793 993 tollere

1011 1015 1112 1046 posset,
1135 1011 1281 1045 cunctique
1314 1020 1328 1037 a
1358 1019 1456 1046 magno
1480 1018 1565 1044 usque
1594 1011 1626 1037 ad
1651 1011 1793 1039 minimum

1012 1055 1107 1082 mortis
1121 1055 1217 1082 timore
1242 1055 1471 1088 percellebantur;
1498 1056 1616 1091 nihilque
1640 1063 1698 1084 erat
1721 1059 1794 1092 quod

1011 1100 1073 1128 huic
1087 1101 1157 1128 malo
1171 1101 1295 1129 solatium
1310 1102 1460 1134 conferret,
1479 1109 1530 1128 non
1545 1109 1643 1133 sermo.
1661 1110 1714 1129 uou
1734 1111 1793 1130 mo-

1011 1146 1060 1174 dus
1073 1146 1187 1182 aliquis.
1205 1155 1258 1174 non
1281 1148 1445 1183 sapientium
1470 1148 1601 1181 consilia.
1621 1156 1673 1176 non
1689 1149 1794 1183 prisco-

1012 1199 1069 1219 rum
1087 1192 1197 1225 litterze,
1213 1200 1266 1220 non
1282 1194 1475 1229 prophetarum
1496 1194 1607 1223 oracula
1618 1214 1627 1228 ,
1643 1202 1695 1222 non
1711 1202 1794 1230 ange-

1011 1238 1098 1266 lorum
1117 1238 1298 1273 apparitiones
1314 1247 1322 1266 :
1340 1240 1386 1268 sed
1404 1233 1531 1276 omnibus
1552 1241 1648 1268 fortior
1670 1245 1697 1268 et
1713 1248 1794 1275 supe-

1012 1284 1066 1311 rior
1078 1284 1256 1312 universalem
1271 1286 1412 1314 victoriam
1424 1287 1564 1315 obtinebat
1577 1294 1663 1319 mors,
1673 1287 1793 1318 excelsa.

1011 1329 1197 1365 gloriabunda,
1220 1332 1350 1366 superba.
1377 1332 1421 1360 cui
1445 1333 1628 1368 mancipatum
1646 1333 1793 1359 humanum

1011 1383 1106 1410 genus,
1120 1376 1147 1403 in
1160 1377 1234 1404 omni
1249 1377 1420 1405 volutabatur
1434 1378 1547 1411 scelere,
1559 1379 1688 1409 caedibus.
1705 1378 1795 1405 nefan-

1010 1422 1052 1449 dis
1068 1424 1211 1458 operibus,
1226 1424 1426 1458 irreligiositate
1439 1444 1446 1456 ,
1460 1425 1658 1460 multiplicique
1671 1432 1793 1453 errorum

1009 1475 1117 1502 genere.
1143 1469 1246 1504 Quippe
1269 1470 1367 1498 horum
1390 1471 1510 1498 omnium
1529 1478 1602 1499 mors
1618 1478 1700 1499 causa
1712 1476 1792 1499 erat:

1010 1519 1126 1547 namque
1155 1513 1289 1546 homines,
1316 1523 1365 1542 ceu
1389 1521 1450 1550 post
1478 1517 1580 1544 obitutn
1606 1517 1672 1544 nihil
1703 1522 1794 1544 essent

1011 1557 1103 1591 futuri,
1137 1559 1218 1594 digna
1242 1560 1355 1588 inﬁnitis
1380 1561 1512 1589 mortibus
1537 1563 1794 1597 perpetrabantmc

1008 1603 1090 1631 veluti
1105 1604 1170 1632 nulli
1179 1612 1266 1640 paenae
1278 1605 1406 1639 obnoxii,
1417 1613 1527 1642 propter
1541 1615 1600 1635 eam
1613 1615 1694 1642 quam
1708 1613 1795 1634 morte

1008 1649 1065 1677 ﬁeri
1079 1650 1224 1678 credebant
1241 1650 1456 1684 dissolutionem,
1472 1652 1553 1679 vitam
1567 1653 1625 1680 sine
1646 1653 1697 1691 viui
1712 1653 1793 1686 dege-

1008 1694 1082 1721 bant.
1112 1694 1185 1728 Quos
1211 1695 1343 1724 miserans
1368 1696 1508 1729 Verbum,
1539 1698 1573 1725 ad
1609 1698 1793 1725 auxiliandum

1008 1739 1155 1768 festinavit.
1173 1741 1272 1768 Deinde
1290 1746 1318 1768 ut
1332 1750 1381 1770 rex
1398 1742 1627 1771 clementissimus
1647 1744 1792 1770 coercitio-

1007 1794 1067 1814 nem
1096 1788 1190 1815 mortis
1215 1795 1263 1823 per
1286 1788 1403 1817 hominis
1440 1794 1563 1817 naturam
1595 1789 1703 1817 molitus
1729 1795 1794 1823 est;

1007 1840 1122 1867 cumque
1147 1833 1169 1860 is
1193 1834 1247 1860 vita
1276 1834 1333 1868 ipsa
1361 1834 1414 1868 sit,
1441 1839 1468 1862 et
1491 1835 1537 1863 Dei
1565 1834 1695 1868 Verbum,
1712 1840 1793 1870 atque

1008 1880 1139 1914 potentia,
1166 1888 1219 1907 non
1246 1881 1304 1908 sine
1330 1885 1420 1909 tamen
1450 1881 1507 1915 ipsa
1540 1882 1718 1914 humanitate,
1748 1884 1792 1909 cui

1006 1933 1084 1960 opem
1099 1925 1212 1958 ferebat,
1228 1931 1359 1954 terrorem
1377 1927 1516 1954 hominum
1534 1927 1568 1954 de
1587 1927 1676 1954 medio
1691 1927 1786 1954 tolien~

1007 1970 1221 2005 dumjudicavit.
1238 1971 1429 2005 Quamobrem,
1440 1972 1522 2000 armis
1546 1977 1624 2000 utens
1649 1972 1785 2004 humanis.

1007 2016 1114 2044 mortali
1132 2017 1158 2044 iu
1182 2024 1296 2052 corpore
1317 2018 1507 2053 incorporeum
1532 2017 1648 2046 Verbum
1678 2023 1793 2046 mortem

1007 2070 1036 2090 re
1048 2063 1156 2090 mortali
1172 2063 1327 2096 debellavit,
1342 2065 1497 2099 grandeque
1511 2064 1671 2092 miraculum
1685 2064 1790 2092 cunctis

1006 2110 1171 2140 ostentavit.
1196 2109 1407 2137 immortalitatis
1424 2115 1552 2146 tropaeum
1571 2111 1700 2138 adversus
1722 2117 1794 2138 mor-

1008 2160 1060 2183 tem
1077 2156 1238 2183 mortalibus
1252 2156 1336 2183 armis
1350 2161 1483 2184 statuens.
1497 2157 1601 2191 Quippe
1611 2164 1686 2183 suam
1700 2157 1790 2184 voraci

1007 2200 1102 2228 bellum
1120 2201 1261 2228 mortalem
1278 2206 1383 2236 partem
1397 2202 1524 2234 tradidit,
1537 2209 1597 2236 qua:
1613 2201 1704 2228 statim
1719 2200 1792 2235 ligno

1007 2246 1092 2273 clavis
1107 2247 1211 2274 conﬁxa
1231 2247 1292 2280 fuit,
1308 2248 1388 2275 ntsui
1405 2248 1530 2283 corporis
1551 2251 1646 2273 natura
1670 2245 1791 2272 mortalis

1006 2291 1041 2318 ab
1063 2292 1190 2319 omnibus
1203 2297 1405 2328 agnosceretur,
1426 2299 1476 2319 nec
1491 2298 1656 2327 quemquam
1672 2297 1715 2317 res
1729 2293 1789 2317 acta

1004 2335 1099 2363 lateret
1125 2337 1181 2363 sive
1209 2337 1344 2364 hominem
1378 2336 1435 2363 sive
1461 2337 1620 2364 daemonem.
1660 2335 1791 2361 Intererat

1005 2382 1077 2409 enim
1099 2387 1128 2409 ιιι
1147 2390 1243 2410 omnes
1260 2387 1387 2410 accurate
1407 2382 1529 2410 viderent
1541 2389 1604 2409 eum
1618 2380 1663 2415 qui
1685 2380 1787 2407 morie-

1006 2428 1096 2460 batur,
1109 2428 1244 2462 propriam
1264 2428 1436 2455 conlitcutem
1448 2447 1456 2458 ,
1481 2431 1608 2460 tanquam
1634 2426 1662 2452 in
1681 2430 1790 2459 specta-

1005 2473 1067 2500 culo
1089 2474 1218 2505 maximo,
1244 2477 1381 2504 naturam;
1414 2478 1444 2499 ut
1473 2472 1570 2499 deinde
1598 2470 1790 2505 superveniens

1007 2527 1092 2550 mors,
1109 2527 1158 2545 ceu
1178 2519 1235 2545 dira
1251 2519 1339 2546 bellua
1353 2536 1361 2550 ,
1372 2525 1495 2552 qtttenam
1512 2518 1627 2551 ipsamct
1643 2521 1722 2547 esset.
1742 2523 1790 2551 per

1004 2656 1037 2683 ad
1056 2653 1138 2684 llebr.
1153 2663 1212 2690 cap.
1237 2655 1341 2687 u,-l7;
1362 2656 1409 2681 sed
1425 2659 1498 2690 recte
1513 2654 1620 2690 quidem
1647 2655 1672 2681 in
1696 2656 1790 2681 codice

1003 2689 1197 2726 Mediolanensi
1211 2699 1243 2718 ex
1260 2690 1449 2724 Εὑαγγελικῆς
1465 2689 1634 2726 θεοφανείας,
1661 2690 1790 2718 mendose

1003 2731 1092 2753 autem
1111 2727 1136 2753 in
1154 2724 1292 2752 Parisiaco
1314 2729 1355 2760 (ut
1375 2730 1447 2760 certe
1470 2728 1512 2751 est
1533 2724 1604 2759 apud
1615 2724 1788 2756 Cramerum.

1000 2768 1027 2796 ρ.
1042 2761 1105 2796 426)
1132 2759 1317 2796 Εὑαγγελικῆς
1337 2759 1511 2791 ἀποδείξεως.

1036 2818 1092 2853 (25)
1112 2817 1222 2848 Bellum,
1238 2817 1264 2844 id
1278 2817 1430 2853 est~morti,
1451 2825 1503 2846 non
1524 2817 1617 2844 bellicis
1634 2821 1664 2844 ut
1690 2817 1786 2853 Syrus,

1002 2861 1048 2881 seu
1070 2852 1141 2886 angi.
1165 2853 1260 2878 beasts.
1283 2852 1383 2886 Nempe
1403 2853 1482 2887 paulo
1501 2853 1571 2880 intra
1590 2860 1663 2880 ntors
1683 2852 1784 2880 (“Serm

1002 2889 1102 2916 dicitur
1122 2887 1218 2914 bellua.

1610 2934 1650 2963 20
