2045 3215
289 196 339 217 υιδ

621 183 751 212 EUSEBII
770 182 1008 212 CIESARIENSIS
1027 182 1101 210 OPP.
1123 181 1212 209 PARS
1230 182 1275 209 IV.
1296 197 1329 202 —
1349 181 1557 209 DOGMATICA.

1846 180 1895 208 6°20

274 251 318 272 ’δα
345 244 470 279 proderet
488 253 494 271 :
513 247 701 278 postremoque
726 244 787 270 vitae
816 243 922 274 virtus,
953 247 1061 268 mnrtent

1121 242 1175 277 (‘26)
1199 241 1286 276 Ἠφὶει
1301 241 1356 276 (27)
1370 241 1458 269 τοίνυν
1473 241 1540 276 πρὸς
1554 240 1640 276 βραχὺ
1653 239 1683 266 τὺ
1701 239 1778 274 σῶμα
1793 241 1808 274 ἡ
1822 238 1896 266 τοῦτο

289 293 443 322 subsecuta,
459 292 562 318 cunctis
575 291 695 317 vicissim
718 298 792 317 suam
810 290 939 316 adversus
953 293 1066 315 mortem

287 337 428 364 victoriam
445 336 532 372 palam
549 337 659 367 faceret,
681 336 744 362 dum
767 336 881 362 mortale
902 342 999 369 corpus
1016 335 1066 362 im-

287 382 401 409 mortale
418 382 474 417 jam
487 383 603 409 sisrerel.
628 381 733 408 Dimisit
753 381 843 416 itaque
860 381 932 408 brevi
948 386 1066 415 tempore

287 435 394 462 corpus,
410 435 441 454 ea
458 435 517 462 quae
532 427 582 454 hoc
596 427 746 458 possidebat
764 426 809 454 Dei
825 426 904 453 Verbi
919 425 1021 457 virtus;
1039 429 1066 451 et

1120 287 1300 322 διακρατοῦσα
1315 286 1361 313 τοῦ
1373 286 1439 313 Θεοῦ
1455 287 1540 320 Λόγου
1551 285 1674 320 δύναμις·
1687 284 1740 319 (‘28)
1751 284 1780 310 τὸ
1787 284 1808 310 δ¹
1816 284 1894 318 ἀνηρ-

1119 333 1233 368 τημένον
1244 333 1289 359 ἐπὶ
1295 331 1341 358 τοῦ
1351 332 1428 364 ξύλου
1440 333 1609 367 παραχρῆμα
1624 330 1718 366 νεκρὸν
1730 327 1773 364 ἦν’
1782 329 1837 356 ἀλλ’
1851 329 1896 364 οὐχ

1118 379 1132 404 ὁ
1144 377 1226 411 Λόγος
1243 378 1256 404 ὁ
1272 377 1400 410 ζωοποιὺς
1411 377 1441 403 τὸ
1457 377 1636 412 νεκρούμενον
1652 373 1686 411 ἦν
1698 384 1704 390 ⁸
1718 371 1748 401 τὸ
1761 374 1789 401 δὲ
1806 374 1896 410 θνητὸν

1118 423 1167 459 τὴν
1177 424 1280 450 οἰκείαν
1290 423 1423 458 ὡμολόγει
1438 423 1526 457 φύσιν.

286 474 428 502 confestim
444 473 506 501 illud
518 476 587 507 quod
605 475 639 500 de
657 473 730 508 ligno
766 473 919 508 pendebat,
953 476 1088 499 mortuum
1119 475 1174 502 est;
1204 478 1256 497 non
1284 475 1372 497 tamen
1399 469 1537 496 vivilicum
1566 467 1682 495 Verbum
1721 465 1899 495 exstinctum;

287 528 350 556 pars
376 520 560 547 tantummodo
581 519 683 546 Christi
705 519 826 546 mortalis
848 523 970 547 naturam
990 525 1065 545 suam
1086 517 1247 544 testabatur.

323 565 450 600 Sepulero
469 565 615 592 secundum
635 565 773 592 hominum
790 566 861 601 leges
874 565 988 593 traditus
1004 564 1064 594 fuit.

286 611 349 638 Erat
381 617 470 638 autem
496 611 649 646 sepulcrum
683 611 810 645 spelunca
836 619 921 646 nuper
947 611 973 638 in
1000 619 1065 638 saxo

286 654 386 685 excisa,
401 654 503 681 nullum
521 655 609 681 adhuc
627 653 744 681 cadaver
761 659 882 689 experta,
906 657 968 690 quia
983 663 1065 691 opor-

285 699 358 727 tebat
375 700 482 727 unicum
498 699 616 727 loculum
644 701 689 726 uni
715 700 824 728 insolito
841 706 947 729 mortuo
970 702 1064 730 deser-

287 746 354 772 vire.
370 745 492 780 Miraque
507 745 566 773 visu
583 750 641 772 erat
655 751 727 780 petra
745 747 863 780 spatioso
886 747 913 774 in
932 748 992 775 loco
1007 748 1064 776 sola

285 796 396 818 exstans
411 796 512 823 erecta,
538 795 700 826 antrumque
720 793 827 819 unicum
849 793 921 821 intus
943 793 1063 827 habens;

287 845 320 864 ne
333 837 356 864 si
370 837 437 864 forte
452 837 527 872 plura
542 845 654 871 corpora
674 838 827 872 excepisset
839 859 845 870 ,
863 838 920 873 ejus
933 840 978 874 qui
997 847 1066 867 mor-

278 883 339 909 'tem
359 882 558 914 debellaverat,
581 883 739 910 miraculum
759 883 929 912 obscuraret.
954 884 1066 913 Jacebat

1152 563 1206 598 (29)
1220 563 1348 598 Μνήματι
1366 562 1393 588 δὲ
1409 561 1479 588 κατὰ
1499 561 1597 596 νόμους
1619 559 1770 595 ἀνθρώπων
1790 558 1898 594 παρεδί-

1115 611 1175 636 δοτο
1186 618 1193 624 ’
1207 609 1238 636 τὸ
1250 609 1277 635 δὲ
1289 609 1383 644 μνῆμα
1398 608 1528 643 σπήλαιον
1541 605 1574 642 ἧν
1589 607 1650 641 ἇρτι
1662 605 1731 632 κατὰ
1747 605 1847 640 πέτρας
1858 604 1898 629 λε-

1115 655 1288 690 λαξευμένον,
1310 654 1386 681 οὖπω
1411 653 1536 688 σώματος
1563 652 1656 687 ἑτέρου
1684 650 1896 686 πεπειραμένον

1118 702 1170 728 ἔδει
1183 701 1236 736 γὰρ
1252 700 1324 736 μόνῳ
1341 699 1396 735 (50)
1414 698 1553 734 σχολάζειν
1568 698 1607 732 τῷ
1623 698 1696 732 μόνῳ
1707 695 1849 732 παραδόξῳ
1863 704 1899 722 νε-

1119 747 1185 782 κρῷ.
1199 746 1346 783 Θαυμαστὴ
1366 745 1394 771 δὲ
1410 745 1472 771 ἰδεῖν
1484 745 1500 780 ή
1518 745 1603 780 πέτρα
1621 744 1649 770 ὲν
1662 742 1814 779 ὴπλωμὲνῳ
1824 741 1899 777 χώρῳ

1121 793 1187 828 μόνη
1206 793 1295 826 ὕρθιος
1306 791 1488 826 ι’]ινεσταμένη⁸
1513 790 1560 816 καὶ
1581 789 1658 824 μόνον
1679 787 1713 824 ἦν
1729 789 1824 823 ἄντρον
1839 788 1899 814 εἵσω

1119 839 1146 866 ὲν
1162 840 1230 875 αὐτῇ
1255 838 1427 874 περιέχουσα,
1448 837 1485 868 ὡς
1505 836 1538 863 ἂν
1561 836 1608 871 μὴ,
1631 834 1735 861 πολλῶν
1759 833 1898 868 γενομένη,

1119 886 1165 912 τοῦ
1179 886 1224 912 τὸν
1237 885 1349 912 θάνατον
1363 881 1620 917 καταγωνισαμένου
1633 881 1783 916 ὲπισκιόισῃ
1794 880 1822 906 τὸ
1839 878 1899 905 θαῦ-

286 927 320 955 ibi
337 929 486 955 eVStinctus
502 929 524 955 is
537 929 582 962 qui
599 933 657 955 erat
674 929 788 955 viventis
805 929 885 956 Verbi
910 938 1039 965 organum
1056 941 1061 958 :

1118 941 1164 968 μα.
1177 931 1232 967 (51)
1243 932 1349 957 Ἔχει-το
1364 930 1413 965 μὲν
1429 930 1460 965 δὴ
1471 929 1565 964 νεκρὸς
1579 928 1683 961 αὐτόθι,
1696 927 1726 953 τὸ
1739 926 1785 953 τοῦ
1803 925 1898 958 ζῶντος

285 979 379 1000 saxum.
392 974 487 1008 ingens
503 974 659 1001 occludebat
688 974 853 1007 speluncam.
872 975 943 1003 Mors
962 977 1064 1004 interea

285 1017 399 1044 miriﬁce
416 1018 593 1052 gloriabatur,
609 1025 658 1045 ceu
672 1018 694 1045 si
713 1019 784 1046 hunc
800 1019 872 1047 haud
893 1028 970 1048 secus
984 1029 1064 1056 quam

285 1063 449 1097 rcliquosex
476 1063 548 1090 omni
563 1070 619 1090 aevo
634 1065 826 1104 superavisset.
846 1065 900 1093 Sed
911 1067 983 1094 enim
996 1074 1064 1094 non-

284 1108 348 1135 dum
370 1109 496 1136 triduano
512 1114 632 1144 tempore
653 1116 766 1144 exacto,
783 1112 836 1138 vita
852 1117 937 1140 semet
965 1113 1064 1140 iterum

285 1155 502 1189 conspiciendam
530 1155 644 1188 obtulit,
672 1161 731 1191 post
762 1155 938 1184 sullicieutem
970 1161 1065 1185 mortis

284 1200 496 1233 coargutioncm.
514 1199 579 1233 Nam
599 1201 621 1228 si
636 1201 717 1229 citius
737 1209 879 1237 resurgere
894 1204 1064 1238 properavis-

285 1250 335 1278 set,
364 1253 397 1272 ne
422 1247 571 1274 exstinctus
594 1247 702 1281 quidem
733 1248 853 1276 creditus
879 1248 984 1276 fuisset.
1011 1249 1063 1277 Sed

284 1290 411 1323 quoniam
426 1297 489 1317 vere
505 1290 625 1319 sublatus
646 1292 692 1326 (in
715 1294 844 1327 crucem)
871 1293 931 1325 fuit,
948 1302 1063 1328 vereque

284 1341 414 1367 mortuus,
428 1340 506 1370 atque
515 1337 652 1371 aliquanto
664 1338 790 1372 temporis
798 1339 939 1367 intervallo
949 1345 1062 1368 mortem

285 1389 346 1408 vere
361 1382 497 1418 sustinuit,
514 1383 728 1410 hinc-eninwero
743 1384 813 1418 quod
835 1385 924 1411 omnia
946 1385 1063 1414 vivificat

285 1426 330 1453 Dei
361 1426 497 1459 Verbum.
529 1427 681 1454 universam
712 1428 866 1456 hominibus
896 1430 1061 1465 propositam

283 1479 357 1506 spem
373 1479 420 1505 per
432 1472 515 1504 illius,
538 1472 582 1507 qui
599 1477 653 1499 tum
672 1477 794 1501 mortuus
816 1474 921 1507 fuerat,
937 1482 1062 1504 resurre-

283 1518 410 1548 ctionem,
430 1518 586 1545 ostentavit.
612 1517 752 1554 [Cumque
765 1519 823 1553 ejus
839 1527 936 1555 corpus
958 1521 1063 1556 deposi-

283 1568 340 1589 tum
365 1563 459 1590 fuisset
474 1571 488 1590 a
512 1563 707 1596 familiaribus,
735 1565 908 1601 honestzeque
933 1567 1060 1595 traditum

283 1613 436 1642 sepultum,
458 1614 517 1643 post
541 1609 658 1637 triduum
686 1610 773 1638 denuo
798 1612 944 1647 resumpsit
977 1613 1060 1646 illud;

282 1662 429 1689 rursusque
444 1662 525 1682 carne
541 1661 631 1683 semet
644 1661 670 1683 et
690 1663 805 1692 corpore
824 1657 955 1691 indutum,
971 1657 1062 1693 cujus-

281 1713 351 1740 modi
380 1717 457 1739 antea
489 1713 588 1745 fuerat,
613 1713 752 1748 discipulis
766 1714 958 1742 demonstravit
976 1725 982 1742 :
998 1716 1060 1750 qui-

280 1756 391 1784 buscum
418 1757 549 1792 tantisper
575 1757 775 1790 confabulaus,
809 1763 889 1793 atque
924 1759 1061 1795 aliquanto

281 1807 401 1837 tempore
423 1810 551 1835 versans,
573 1810 634 1829 mox
652 1803 715 1830 illuc
744 1804 814 1831 unde
839 1811 950 1832 venerat
976 1806 1059 1840 abiit;

279 1849 341 1876 ραδΙί
372 1849 454 1880 viam,
477 1849 663 1882 spectantibus
689 1849 760 1881 illis,
784 1850 967 1887 ingrediens]
990 1851 1058 1885 Quid

279 1901 344 1929 ergo
365 1899 425 1928 post
447 1894 523 1921 ha-c?
550 1893 625 1920 Ilautl
654 1893 709 1928 jam
734 1901 783 1929 ego
806 1899 942 1929 gestarum
970 1903 1058 1922 rerum

279 1944 404 1965 narrator
426 1938 471 1965 tibi
496 1939 557 1969 sim,
586 1935 770 1964 verumtamen
795 1938 841 1972 qui
862 1938 910 1965 has
923 1938 1058 1971 viderunt,

279 1984 306 2011 hi
322 1985 403 2011 totius
416 1983 513 2018 negotii
533 1988 616 2010 testes
631 1983 718 2010 idonei
739 1983 808 2016 sint;
822 1984 867 2018 qui
885 1983 1014 2018 sanguine
1028 1992 1060 2011 ac

279 2030 341 2056 vitte
354 2028 527 2061 detrimento,
541 2034 662 2056 actorum
680 2028 833 2060 veritatem,
850 2036 928 2062 quant
947 2036 1058 2064 aspexe-

279 2079 353 2106 rant,
368 2074 614 2105 conl‘trmaverunt;
628 2077 768 2108 totumque
782 2073 874 2100 orbem
900 2081 931 2100 ea
946 2093 953 2106 ,
978 2081 1058 2109 quam

280 2120 328 2154 ipsi
342 2119 535 2154 pradicabant,
551 2119 680 2152 religione
703 2119 896 2152 impleverunt.
913 2119 945 2146 lli
967 2120 1059 2154 utique

280 2166 515 2195 resurrectionem,
531 2172 610 2198 quam
626 2164 712 2192 oculis
725 2169 923 2198 spectaverant,
939 2165 1061 2192 testimo-

279 2211 331 2238 niis
345 2211 402 2238 suis
415 2214 575 2237 sanxerunt.
604 2209 694 2244 Neque
717 2210 789 2237 enim
819 2210 908 2237 verbis
934 2218 966 2238 ac
995 2217 1059 2238 voce

1117 979 1203 1013 Λόγου
1223 978 1357 1014 ὄργανον·
1382 976 1454 1007 λίθος
1479 975 1501 1001 δ’
1524 974 1651 1002 ἀπέκλειε
1675 972 1856 1009 παμμεγέθης
1871 971 1899 997 τὺ

1117 1024 1256 1060 σπήλαιον.
1272 1023 1326 1050 Καὶ
1339 1021 1421 1053 πολὺς
1433 1019 1466 1057 ἦν
1477 1022 1505 1047 ὲν
1519 1020 1603 1056 τούτῳ
1616 1020 1737 1054 γαυριῶν
1751 1021 1765 1045 ό
1778 1019 1897 1049 θάνατος,

1115 1070 1152 1102 ὼς
1167 1070 1200 1097 ἂν
1213 1069 1306 1095 τοῦτον
1324 1067 1392 1104 μετὰ
1406 1067 1459 1093 τῶν
1476 1067 1506 1099 ἐξ
1528 1067 1625 1098 αίῶνος
1643 1065 1710 1093 ἐλὼν
1730 1065 1896 1100 ὑποχείριον·

1115 1115 1171 1142 ἀλλ’
1182 1114 1258 1142 οὔπω
1276 1114 1422 1149 τριήμερος
1439 1113 1538 1148 παρῄει
1559 1113 1663 1148 χρόνος,
1681 1113 1729 1138 καὶ
1744 1112 1760 1147 ἡ
1778 1111 1832 1146 ζωὴ
1849 1111 1897 1137 πά-

1114 1162 1156 1188 λιν
1179 1161 1276 1196 ἑαυτὴν
1301 1161 1392 1194 ἕῳαινε
1417 1159 1486 1195 μετὰ
1507 1159 1552 1185 τὸν
1575 1159 1697 1194 αὐτάρκη
1720 1157 1766 1183 τοῦ
1789 1156 1897 1182 θανάτου

1115 1207 1230 1242 ἔλεγχον.
1253 1206 1284 1232 El
1301 1205 1354 1240 γὰρ
1376 1204 1407 1240 δὴ
1423 1205 1517 1231 θᾶττον
1538 1204 1638 1239 ἀνέστη
1661 1203 1778 1238 φθάσας,
1801 1202 1847 1228 οὐκ
1867 1201 1896 1227 ἂν

1114 1253 1174 1279 οὐδὲ
1192 1251 1306 1283 τεθνεὼς
1325 1251 1454 1287 ἐνομίσθη
1465 1260 1471 1264 ·
1490 1250 1546 1277 ἀλλ’
1564 1251 1608 1277 ὅτε
1625 1259 1656 1284 γε
1679 1249 1787 1285 ἀληθῶς
1803 1248 1896 1282 ὑψοῡτο

1115 1299 1181 1333 (5'2),
1196 1299 1243 1324 καὶ
1253 1297 1358 1333 ἀληθῶς
1371 1297 1520 1331 ἐτεθνήκει,
1539 1297 1568 1323 ἐν
1584 1296 1670 1332 χρόνῳ
1688 1296 1717 1322 δὲ
1729 1296 1774 1322 τὸν
1789 1295 1895 1321 Θάνατον

1113 1345 1219 1380 ἀληθῶς
1229 1344 1398 1375 ὑποδέδεκιιιο⁷
1414 1343 1473 1369 τότε
1487 1342 1519 1378 δὴ
1533 1342 1593 1368 τότε
1604 1343 1618 1368 ὁ
1627 1342 1681 1369 τῶν
1696 1342 1822 1368 ἁπάντων
1835 1341 1895 1373 ξωο⁴

1113 1391 1189 1422 ποιὸς
1202 1390 1248 1417 τοῦ
1264 1389 1332 1416 Θεοῦ
1348 1389 1433 1423 Λόγος
1449 1388 1497 1423 τὴν
1511 1389 1600 1415 πᾶσαν
1614 1387 1768 1423 ἀνθρώποις
1789 1387 1895 1414 ἀποκει-

1115 1437 1199 1473 μένην
1214 1436 1308 1463 ὲλπίδα
1320 1435 1363 1463 διὰ
1381 1436 1430 1470 τῆς
1445 1434 1492 1461 τοῦ
1507 1435 1566 1461 τότε
1579 1433 1676 1470 θνητοῦ
1691 1432 1894 1468 παλιγγενεσίας

1112 1483 1292 1510 ἐπεδείκνυτο.
1310 1481 1376 1518 [Καὶ
1392 1481 1446 1516 (55)
1462 1480 1509 1507 τοῦ
1523 1480 1648 1516 σώματος
1658 1481 1740 1507 αὐτοῦ
1756 1479 1894 1516 ληφθέντος

1112 1529 1180 1565 πρὸς
1195 1528 1249 1554 τῶν
1265 1527 1409 1563 γνωρίμων
1427 1527 1474 1553 καὶ
1490 1528 1522 1562 τῇ
1541 1526 1718 1563 προσηκούσῃ
1737 1525 1892 1562 παραδοθέν-

1111 1583 1157 1606 τος
1175 1575 1257 1609 ταφῇ,
1275 1574 1394 1609 τριταῖος
1413 1570 1491 1604 αὖθις
1509 1571 1683 1608 ἀπελάμϐανε
1706 1572 1785 1600 τοῦτο
1809 1572 1894 1602 αὐτὸς.

1112 1622 1167 1650 Καὶ
1178 1620 1259 1648 πάλιν
1275 1620 1355 1651 αὐτὸς
1370 1619 1464 1646 ἑαυτὸν
1481 1618 1622 1654 ένσαρκον,
1645 1619 1768 1654 ἕνσωμον
1782 1617 1858 1645 αὐτὸν
1873 1617 1894 1642 ὲ-

1112 1669 1209 1699 κεῖνον,
1222 1664 1276 1698 οἶος
1290 1666 1337 1692 καὶ
1352 1665 1382 1692 τὸ
1396 1665 1504 1700 πρῶτον
1516 1662 1560 1700 ἦν,
1576 1665 1631 1696 τοῖς
1643 1665 1755 1697 οἰκείοις
1769 1664 1894 1700 μαθηταῖς

1111 1715 1262 1741 δείκνυσιν·
1279 1710 1318 1745 οἷς
1332 1712 1379 1739 καὶ
1390 1712 1436 1738 ἐπὶ
1451 1711 1534 1747 βραχὺ
1550 1711 1691 1747 ὁμιλήσας,
1705 1712 1753 1738 καί
1767 1720 1823 1738 τινα
1835 1718 1892 1736 συν-

1110 1760 1252 1797 διατρίψας
1258 1758 1472 1794 χρόνον,ἄνεισιν
1485 1757 1546 1784 ὅθεν
1560 1758 1606 1783 καὶ
1620 1757 1724 1792 παρῆν,
1741 1757 1785 1784 ὑπ’
1801 1755 1893 1790 ὀφθαλ-

1113 1807 1180 1843 μοὺς
1193 1806 1282 1833 αὐτῶν
1299 1805 1346 1840 τὴν
1367 1806 1405 1836 είς
1418 1804 1548 1839 οὐρανοὺς
1572 1803 1684 1838 πορείαν
1704 1800 1892 1838 στειλάμενος.]

1111 1853 1167 1888 (54)
1184 1853 1216 1879 Τί
1232 1850 1279 1879 οὖν
1291 1852 1337 1878 ὲπὶ
1358 1850 1461 1882 τούτοις
1475 1850 1595 1884 γίνεται;
1610 1848 1708 1875 οὐκέτι
1723 1847 1777 1883 ἐγώ
1792 1856 1830 1874 σοι
1849 1855 1892 1878 γε-

1110 1900 1206 1935 νοίμην
1222 1898 1255 1926 ἂν
1269 1898 1322 1925 τῶν
1339 1896 1539 1932 πεπραγμένων
1560 1894 1721 1926 διδάσκαλος
1732 1903 1738 1910 ·
1754 1895 1778 1921 οἱ
1794 1893 1822 1920 δὲ
1835 1891 1892 1919 10:3-

1110 1953 1163 1971 των
1179 1944 1294 1971 ἐπόπται
1310 1941 1363 1970 εἷεν
1381 1943 1413 1969 ἂν
1429 1942 1536 1968 πάντων
1548 1941 1683 1977 ἁξιόχρεοι
1705 1942 1851 1976 μάρτυρες.
1868 1938 1891 1964 οἱ

1109 1990 1141 2017 δι’
1153 1990 1266 2024 αἵματος
1280 1989 1327 2016 καὶ
1338 1988 1427 2024 ψυχῆς
1445 1989 1478 2023 τῇ
1492 1987 1540 2023 Θέα
1558 1988 1612 2013 τῶν
1627 1987 1826 2022 πεπραγμένων
1846 1984 1891 2019 τὴν

1109 2036 1239 2072 ἀλήθειαν
1255 2036 1462 2070 πιστωσάμενοι,
1486 2034 1533 2060 καὶ
1546 2034 1596 2068 τὴν
1611 2032 1758 2068 σύμπασαν
1771 2031 1890 2066 οἰκουμέ-

1110 2091 1158 2118 νην
1175 2082 1223 2117 τῆς
1239 2082 1306 2117 πρὸς
1323 2081 1411 2108 αὐτῶν
1426 2079 1649 2115 κατηγγελμένης
1671 2078 1825 2109 Θεοσεϐείας
1845 2084 1890 2102 κα-

1109 2129 1306 2164 ταπλήσαντες.
1323 2128 1354 2155 Οἳ
1367 2127 1395 2154 δὲ
1407 2127 1471 2161 γοῦν
1484 2127 1532 2162 τὴν
1543 2126 1634 2157 αὐτοῖς
1648 2125 1797 2160 ὀφθαλμοῖς
1810 2131 1888 2150 κατα-

1110 2175 1256 2210 ληφθεῖσαν
1285 2174 1491 2209 παλιγγενεσίαν
1517 2174 1576 2204 ταῖς
1605 2171 1709 2198 ἑαυτῶν
1738 2170 1889 2207 παρέδωκαν

1112 2222 1273 2258 μαρτυρίαις
1285 2230 1291 2236 ”
1306 2222 1355 2248 οὐκ
1374 2219 1407 2256 ἦν
1422 2219 1475 2255 γὰρ
1490 2220 1579 2250 αὐτοῖς
1598 2218 1661 2253 ἄχρι
1677 2217 1757 2252 λόγου
1775 2216 1820 2243 καὶ
1837 2224 1889 2250 φω-

278 2266 356 2295 tenu's
369 2266 440 2294 facta
455 2266 498 2293 illa
516 2269 708 2300 cognoverant,
729 2272 842 2299 quorum
864 2270 946 2292 testes
972 2266 1055 2293 exsti-

1113 2269 1156 2304 λῆς
1171 2269 1323 2304 ἀκουόμενα
1343 2268 1378 2294 τὰ
1393 2267 1575 2302 πραττόμενα,
1598 2265 1653 2291 ἀλλ’
1671 2264 1721 2300 ἤδη
1745 2264 1790 2290 καὶ
1805 2262 1889 2298 ἔργοις

278 2318 378 2346 terunt,
391 2313 437 2341 sed
455 2320 546 2340 coram
560 2312 622 2339 dum
641 2311 736 2339 ﬁerent
752 2309 926 2345 contemplati
941 2310 1057 2342 fuerant,

277 2366 411 2393 manuque
431 2359 498 2386 adeo
513 2357 665 2392 teligerant.
690 2356 780 2389 Quare
805 2361 833 2382 et
862 2355 949 2382 oculis
969 2360 996 2382 et
1019 2355 1057 2383 rei

277 2405 393 2431 veritate
426 2403 588 2430 evidentiam
621 2401 778 2433 consecuti,
815 2401 989 2435 victoriaeque
1024 2401 1057 2428 de

278 2454 363 2476 morte
388 2449 479 2476 relata:
508 2448 615 2482 tropaeis
645 2447 727 2479 visis,
753 2446 850 2473 merito
874 2450 1056 2480 contemptum

277 2494 372 2521 mortis
387 2493 591 2521 condidicerunt
608 2502 614 2520 :
631 2500 711 2520 ouam
727 2499 782 2519 rem
795 2491 880 2526 ipsam
897 2498 960 2518 suos
975 2491 1056 2518 disci-

312 2574 368 2609 (οδ)
386 2573 417 2609 [δέ
443 2573 462 2601 r.
483 2574 535 2601 307
554 2573 581 2600 ι).

311 2607 584 2645 (ἰυητηιιειιιιοτοι
606 2608 668 2640 alio,
687 2608 842 2645 nempead
862 2607 964 2635 codicis
980 2607 1055 2645 pagi-

276 2641 336 2670 nam
346 2644 397 2671 307
412 2645 439 2676 b,
455 2644 506 2670 hoc
516 2644 635 2678 quinque
647 2650 772 2678 versuum
789 2643 967 2678 fragmentum
979 2641 1055 2678 Niée;

277 2683 316 2704 tas
334 2679 360 2705 in
376 2684 488 2711 eatena;
508 2676 579 2712 quod
591 2676 681 2710 'nune,
696 2677 766 2705 duce
786 2676 860 2705 textu
876 2677 997 2713 Syriaco,
1020 2676 1054 2704 ad

266 2713 418 2745 stationem
433 2714 568 2748 propriam
584 2713 662 2739 redit.

311 2748 366 2782 (9.8)
381 2746 592 2775 Ani’ma‘Christi
616 2754 715 2782 corpus
727 2747 866 2780 destituit,
890 2753 943 2774 non
967 2746 1053 2782 ipsum

277 2781 392 2808 Verbum
412 2789 460 2809 seu
474 2782 520 2809 Dei
535 2782 630 2809 virtus.
651 2781 831 2814 Quamobrem
854 2782 898 2809 hic
919 2781 1054 2814 intellige,

276 2816 375 2842 Christi
393 2817 608 2849 humanitatem,
626 2817 731 2844 nonnisi
754 2816 845 2845 Verbo
870 2816 1054 2852 permittente,

276 2855 409 2877 mortuam
425 2858 494 2877 esse.

311 2885 415 2929 (29in.
436 2885 530 2913 12310.
549 2885 609 2920 Syr.
621 2893 663 2919 ιιι,
676 2885 720 2913 6t.

1112 2314 1252 2350 ὲθεωρεῖτο
1268 2315 1313 2341 καὶ
1324 2313 1479 2349 ἐψηλαφᾶτό
1494 2321 1525 2347 γε
1541 2311 1660 2345 ἀκριϐῶς
1677 2311 1746 2346 πρὸς
1759 2310 1811 2336 τῶν
1828 2307 1888 2334 ταῦ-

1111 2370 1145 2388 τα
1158 2361 1406 2397 μεμαρτυρηκότων
1418 2368 1424 2375 “
1439 2359 1478 2386 διδ
1488 2359 1516 2385 δὲ
1528 2359 1575 2385 καὶ
1587 2357 1702 2392 αὐτοψίῃ.
1723 2357 1769 2383 καὶ
1782 2352 1888 2389 ἀληθείᾳ

1111 2407 1141 2434 τὸ
1156 2408 1267 2443 ἐναργὲς
1286 2406 1485 2442 κατειληφότες,
1502 2405 1549 2431 καὶ
1568 2404 1617 2439 τῆς
1630 2403 1701 2430 κατὰ
1716 2402 1763 2430 τοῦ
1778 2401 1886 2428 θανάτου

1112 2455 1188 2489 νίκης
1199 2454 1233 2480 τὰ
1254 2454 1370 2488 τρόπαια
1386 2451 1552 2486 τεθεαμένοι,
1573 2451 1683 2481 εἰκότως
1700 2448 1799 2485 ἔμαθον
1814 2453 1890 2474 κατα*

1112 2502 1218 2535 φρονεῖν
1230 2499 1275 2526 τοῦ
1294 2499 1407 2526 θανάτου
1419 2507 1425 2513 '
1448 2498 1529 2525 ταὺτὸ
1543 2498 1570 2524 δὲ
1593 2498 1639 2523 καὶ
1656 2497 1718 2528 τοὺς
1735 2494 1820 2522 αὐτῶν
1833 2500 1886 2528 φοι-

1145 2571 1202 2607 (30)
1220 2571 1383 2607 lta__omnin0
1397 2569 1616 2607 Graecuscodex.
1640 2567 1724 2607 §yrus
1742 2564 1819 2607 paulp
1837 2561 1884 2588 ali-

1108 2600 1155 2634 ter
1166 2600 1229 2640 le'git
1245 2605 1310 2633 illud
1328 2604 1482 2640 παραδόξῳ.
1501 2604 1569 2631 Πιηο
1583 2600 1693 2638 Anglice
1708 2610 1724 2628 a
1738 2600 1848 2627 wonder.

1144 2641 1201 2676 (51)
1215 2641 1249 2676 Α.
1269 2640 1288 2667 f.
1302 2640 1380 2676 5H.”
1419 2674 1424 2676 _
1453 2674 1458 2676 Α
1564 2673 1571 2676 _
1644 2672 1651 2676 _
1806 2668 1821 2676 _'

1143 2672 1200 2710 (52)
1210 2675 1295 2710 Syrus
1306 2674 1437 2710 intellexit
1453 2674 1504 2701 hoc
1515 2673 1626 2710 verbum
1636 2672 1668 2698 de
1682 2672 1881 2710 resurrectiops.

1107 2701 1241 2746 Ριὴίιῖιὸέἶ
1251 2701 1392 2743 iudicent.
1415 2708 1468 2746 Sed
1493 2713 1578 2746 certe
1590 2707 1669 2734 Joan.
1678 2713 1746 2746 “xli,
1756 2739 1762 2746 I
1774 2701 1880 2746 52.33”).

1107 2739 1231 2773 Christus
1250 2739 1283 2772 de
1300 2753 1346 2771 sua
1364 2748 1450 2770 morte
1462 2745 1487 2770 in
1506 2743 1595 2770 crucis
1608 2741 1738 2776 supplicio
1755 2739 1881 2777 loquens.

1109 2781 1256 2808 bocvverbo
1270 2778 1548 2814 ὑψοῦσθαικεααιιατὶ,
1563 2777 1659 2814 utitur.
1725 2809 1740 2814 _
1830 2813 1835 2814 γ
1850 2804 1863 2814 Α

1143 2815 1201 2849 (55)
1222 2814 1285 2847 Qua:
1294 2809 1377 2841 'uncis
1397 2813 1504 2846 claudo,
1523 2809 1554 2840 ea
1576 2813 1672 2840 absunt
1690 2818 1704 2838 a
1723 2809 1802 2844 Syro,
1821 2811 1880 2840 quin

1108 2850 1343 2885 foﬂasseialiunde
1354 2849 1541 2885 obrepseruut.

1108 2907 1111 2909 λ
1137 2883 1200 2921 list)
1219 2884 1279 2920 Syr.
1299 2891 1340 2917 tu,
1354 2883 1399 2911 62.
