2045 3215
269 190 321 217 625

603 188 737 216 EUSEBII
757 187 996 215 C/ESARIENSIS
1015 187 1090 215 OPP.
1111 188 1199 214 PARS
1221 187 1263 214 IV.
1285 203 1318 208 ——
1339 186 1547 215 [)OGMATICA.

1841 188 1889 215 δεμ

270 246 397 273 dictionis
427 250 502 274 testts
529 247 672 274 subsecuta
699 252 738 274 est
755 256 761 280 ;
781 255 842 273 nam
872 254 939 282 puer
964 247 1053 274 statim

1110 256 1158 273 νον.
1177 246 1243 274 Eine
1258 247 1323 282 γαρ,
1343 247 1390 273 καὶ
1406 246 1436 272 τὸ
1458 245 1537 280 ἔργον
1555 244 1719 279 ἠκολούθησε
1744 246 1891 280 μαρτυροῦν

270 291 418 320 convaluit.

305 337 381 371 Quod
404 337 426 365 si
451 337 512 372 quis
536 336 604 364 hanc
628 343 686 363 rem
714 344 786 372 aegre
804 339 856 365 sibi
883 338 917 365 ob
939 337 1055 373 prodigii

271 383 484 420 magnitudinem
498 383 673 417 persuadeat.
704 383 775 410 haud
799 388 890 410 tamen
907 383 941 410 de
964 384 1058 418 praedi-

272 430 364 457 ctione
381 433 454 456 recte
470 427 615 461 dubitabit,
639 436 671 454 ex
694 437 746 464 qna
769 429 921 456 evidentior
937 429 998 457 facti
1011 429 1057 456 de-

273 474 434 502 monstratio
450 473 604 504 canticitur,
618 474 639 500 si
657 473 720 507 quis
735 478 853 508 reputet,
867 473 978 500 unicum
1002 473 1057 500 Ro-

272 528 382 548 manum
396 521 536 548 hominem
557 519 640 547 fuisse
657 520 704 554 qui
720 521 752 546 ad
773 519 948 548 Serratorem
963 527 1057 547 acces-

271 568 316 601 sit,
339 568 439 602 quique
464 567 593 600 majorem
611 567 693 594 etiam
725 568 866 602 magisque
884 567 1055 600 benevolum,

270 621 351 648 quam
374 612 485 640 Iudaica
511 612 692 643 natio.'l‘ccit
710 612 814 640 Christi
839 612 1055 645 confessionem;

271 663 365 686 noster
390 665 456 685 vero
477 657 611 686 Servator
637 657 738 685 multos
766 665 815 693 pro
842 666 907 689 uno,
935 666 1011 692 atque
1026 667 1057 685 ac

269 705 351 737 hunc,
380 704 412 730 ad
439 711 468 731 se
494 711 654 731 accessuros
676 702 792 730 aﬁirmat
819 712 852 731 ex
880 704 1057 732 orientalibus

270 750 437 785 regionibus.
451 750 569 784 itemque
581 756 616 776 ex
628 750 852 782 occidentalibus,
866 751 911 784 qui
925 751 959 776 ob
977 758 1055 777 suam

268 795 368 823 Christi
380 796 561 831 cognitionem
573 799 600 822 et
613 794 823 827 confessionem,
838 796 909 822 haud
924 796 1056 823 minorem

269 849 284 868 a
310 842 365 868 Deo
391 846 593 876 consequentur
610 841 740 868 honorem
765 849 847 876 quam
879 841 1055 869 Hebraeorum

269 892 407 922 parentes.
423 886 544 922 Namque
552 891 581 914 et
592 887 690 914 horum
706 887 874 921 patriarcha,
889 887 997 914 celeber
1013 887 1058 914 ille

1108 295 1140 329 τῇ
1157 293 1324 330 προρρήσει·
1341 293 1388 320 καὶ
1407 292 1469 328 ίάθη
1485 293 1500 318 ὁ
1517 293 1581 322 παῖς
1597 291 1704 318 αὐτίκα.

1149 339 1219 366 Ἀλλ’
1231 340 1254 365 εἱ
1270 339 1337 375 πρὸς
1350 338 1428 365 τοῦτό
1439 347 1482 370 τις
1495 337 1648 368 δυσπίστως
1662 337 1718 372 ἕχει
1733 337 1777 364 διὰ
1788 337 1836 374 τὴν
1846 338 1892 365 τοῦ

1109 384 1248 420 θαύματος
1279 384 1446 421 ὑπερϐολὴν,
1480 383 1537 410 ἀλλ’
1570 383 1621 408 οὐκ
1649 382 1695 409 ἐπὶ
1721 383 1892 419 προρρήσεως

1109 431 1257 465 σκήπτοιτο
1272 430 1304 456 ἂν
1321 429 1456 464 εὐλόγως,
1470 429 1513 463 ἐφ’
1560 428 1660 464 μείζων
1676 428 1691 453 ὁ
1707 428 1757 462 τῆς
1773 428 1892 464 πράξεως

1109 476 1218 510 ἔλεγχος
1233 475 1468 511 ἀποδειχθήσεται,
1484 475 1511 501 εῐ
1522 483 1565 506 τις
1584 476 1612 501 ἐν
1629 473 1666 509 νῷ
1680 473 1768 506 λάϐοι,
1785 474 1822 506 ὡς
1835 475 1891 501 τότε

1110 521 1158 555 μὲν
1172 519 1212 552 εἷς
1233 520 1367 556 Ῥωμαῖος
1380 518 1414 556 ἦν
1428 521 1443 547 ὁ
1454 519 1493 555 τῷ
1509 520 1616 555 Σωτῆρι
1634 519 1839 555 προσεληλυθὼς
1852 529 1891 554 χι-

1108 566 1227 602 λίαρχος,
1242 567 1255 592 ὁ
1268 566 1300 601 δὴ
1313 565 1423 601 μείζονα
1437 565 1484 592 καὶ
1500 565 1756 601 εὐγνωμονεστέραν
1770 564 1816 592 τοῦ
1833 566 1893 592 ’1ου-

1107 612 1189 638 δαίων
1209 612 1301 644 ἔθνους
1317 611 1502 646 ἐνδειξάμενος
1519 611 1568 646 τὴν
1584 611 1624 642 είς
1640 611 1721 638 αὐτὸν
1735 611 1873 646 ὁμολογίαν
1884 620 1891 627 ·

1107 659 1121 684 ὁ
1136 658 1157 684 δ’
1173 658 1307 694 ἡμέτερος
1324 657 1417 693 Σωτὴρ
1432 657 1546 688 πολλοὺς
1559 657 1616 684 ἀνθ’
1634 657 1693 689 ἐνὸς
1714 656 1821 684 ἔσεσθαι
1834 658 1893 689 τοὺς

1108 705 1168 730 κατ’
1190 705 1293 731 ἐκεῖνον
1314 704 1459 739 μέλλοντας
1483 703 1558 738 αὐτῷ
1583 703 1725 738 προσιέναι
1742 704 1775 730 ὲκ
1796 703 1849 730 τῶν
1865 712 1893 730 τε

1108 749 1175 784 πρὸς
1194 748 1230 774 ἕω
1248 748 1294 775 καὶ
1319 748 1452 784 ἀνατολὴν
1475 748 1625 783 κλιμάτων,
1640 748 1694 774 τῶν
1710 757 1741 774 τε
1758 749 1827 775 κατὰ
1838 748 1894 776 δυό-

1109 803 1189 829 μενον
1208 794 1283 830 ἥλιον
1304 794 1449 821 οἰκούντων
1471 793 1610 826 θεσπίζει,
1636 794 1699 826 τοὺς
1717 794 1763 821 διὰ
1784 796 1832 830 τῆς
1858 795 1894 826 al;

1107 841 1188 866 αὐτὸν
1206 839 1379 874 ἐπιγνώσεως
1396 848 1424 866 τε
1446 839 1494 866 καὶ
1513 839 1659 874 ὁμολογίας
1678 839 1731 875 τῆς
1748 840 1808 875 ῐσης
1823 839 1895 875 παρὰ

1108 884 1167 920 Θεῷ
1182 885 1265 920 τιμῆς
1279 886 1335 916 τοῖς
1354 884 1486 918 Ἐϐραίων
1502 885 1675 920 προπάτορσι
1693 884 1894 920 καταξιωθήσο-

269 930 452 962 Abrahamus,
463 939 496 957 ex
512 930 671 966 irreligiosis
689 931 848 966 parentibus
869 936 956 965 ortus,
972 932 1055 959 vimm

1110 931 1221 966 μένους·
1240 932 1281 958 ὃτι
1304 931 1335 967 δὴ
1358 931 1490 958 κάκείνων
1508 933 1522 958 ὁ
1544 931 1709 967 προπάτωρ,
1727 931 1807 963 αὐτὸς
1828 931 1859 967 δὴ
1881 932 1895 958 ό

271 978 460 1009 commutavit,
473 984 488 1004 a
503 976 675 1012 polytheismi
693 984 789 1004 errore
804 978 944 1010 recedens,
960 986 1058 1004 tutum-

271 1029 324 1059 que
355 1022 536 1050 universalem
563 1023 647 1050 Deum
670 1023 726 1057 ipse
752 1024 873 1057 agnovit.
892 1023 961 1057 Quin
975 1024 1057 1050 etiam

276 1069 336 1104 ejus
351 1068 413 1097 ﬁliis
428 1070 519 1096 lsaaco
536 1075 617 1104 atque
640 1067 741 1096 Jacobo
759 1069 862 1097 similes
886 1069 959 1097 fores
976 1070 1057 1096 innu-

276 1122 366 1143 meros
379 1122 426 1150 per
435 1116 588 1142 universum
601 1115 706 1146 orbem,
724 1115 876 1149 praesertim
891 1123 954 1142 vero
967 1115 1059 1143 orien-

275 1161 311 1189 tis
328 1165 355 1188 et
368 1161 474 1189 occidui
492 1161 558 1189 solis
571 1161 697 1196 populos.
715 1161 851 1196 praedixit.
868 1161 987 1196 Denique
1001 1169 1057 1188 tuo-

271 1206 355 1233 menti
391 1206 504 1233 maximi
539 1207 698 1241 superaddit
738 1206 781 1234 his
824 1207 1054 1241 praedictionem;

272 1259 368 1286 nempe
380 1253 451 1286 quod
471 1251 555 1279 Judaei
577 1252 639 1287 ipsi,
653 1252 707 1279 Deo
720 1253 864 1280 cbarorum
884 1252 989 1280 illorum
1010 1261 1059 1288 po-

271 1298 347 1328 steri,
370 1298 416 1332 qui
439 1298 624 1325 Abrahamum
648 1298 797 1332 iactabant,
822 1298 945 1326 Isnacum
973 1303 1055 1334 atque

272 1343 415 1374 Jacobum,
431 1348 542 1377 propter
557 1350 633 1370 suam
652 1343 783 1371 adversus
804 1343 888 1371 Deum
902 1343 1057 1371 vecordiam

271 1394 299 1415 et
313 1387 544 1419 incredulitatem,
569 1395 618 1414 ceu
645 1388 767 1415 scientiae
791 1388 896 1416 lumine
910 1389 1014 1421 orbati,
1032 1391 1057 1415 in

273 1434 401 1461 tenebras
416 1434 568 1461 exteriores
582 1433 733 1468 expellendi
749 1438 841 1461 essent
855 1443 862 1460 :
879 1434 919 1461 sic
930 1434 1057 1461 nimirum

273 1479 437 1512 imperitiam
455 1478 574 1512 illorum,
589 1486 778 1512 summamque
803 1478 953 1511 inscitiam,
968 1483 996 1506 et
1013 1486 1058 1506 sa-

273 1525 371 1552 lutaris
387 1525 498 1552 luminis
517 1525 660 1552 orbitatem
685 1525 847 1560 praedicens.
872 1524 940 1552 Hinc
967 1533 1057 1553 rerum

273 1575 380 1605 oportet
396 1571 499 1598 exitum
525 1571 755 1603 animadvertere,
781 1576 865 1606 atque
889 1572 957 1599 adeo
971 1572 1058 1599 oculis

274 1616 463 1651 contemplari,
490 1616 626 1651 quomodo
639 1615 735 1649 Judaei,
749 1617 797 1651 qui
811 1617 944 1645 dictorum
971 1617 1060 1644 homi—

274 1672 337 1691 num
364 1665 418 1692 Deo
434 1665 578 1692 charorum
603 1672 688 1699 genus
715 1672 776 1692 esse
797 1664 958 1700 gloriantur,
981 1663 1058 1697 ejecti

272 1710 376 1738 fuerint
392 1718 445 1738 non
461 1717 544 1746 regno
567 1711 613 1738 Dei
638 1711 836 1744 tantummodo,
861 1718 958 1738 verum
975 1710 1058 1737 etiam

272 1765 350 1784 snt-ra
366 1757 484 1792 ipsorum
502 1756 638 1792 regalique
654 1756 813 1791 metropoli:
829 1756 955 1790 exemplo
969 1762 1059 1783 autern

272 1803 363 1835 unius,
377 1803 423 1837 qui
443 1802 507 1830 olim
524 1803 556 1829 ad
575 1801 749 1830 Servmorem
775 1802 905 1835 accessit,
921 1803 1059 1830 centurio-

272 1849 326 1880 nis,
341 1848 550 1876 innumerabilis
565 1848 705 1876 hominum
725 1849 872 1876 multitudo
885 1855 919 1875 ex
943 1848 1059 1875 nationi-

273 1895 325 1922 bus
345 1895 462 1926 cunctis.
485 1902 562 1929 teque
585 1903 617 1922 ac
640 1895 695 1929 ille,
721 1895 831 1923 Christo
860 1895 988 1930 adjuncta
1012 1894 1059 1926 sit,

273 1949 334 1976 qua:
348 1942 383 1969 ab
394 1950 426 1969 eo
438 1942 545 1974 edocta,
563 1942 687 1970 eumdem
706 1949 786 1976 quem
808 1941 903 1976 inclyti
928 1940 966 1968 illi
989 1940 1059 1975 apud

272 1987 402 2015 Hebrmos
420 1988 482 2018 viri.
499 1987 582 2015 Deum
594 1995 751 2023 agnoscere.
771 1995 863 2022 parem
878 1987 934 2015 illis
949 1987 983 2014 ab
1000 1985 1060 2014 uni-

273 2033 373 2060 versali
387 2041 450 2067 rege
466 2034 522 2061 Deo
536 2035 690 2062 mercedem
710 2035 831 2069 recipere
842 2034 922 2068 digna
940 2033 999 2060 fuit.

1110 976 1245 1012 βοώμενος
1269 977 1394 1013 Ἀϐραὰμ
1410 979 1442 1003 ὲκ
1457 978 1581 1014 πατέρων
1589 977 1756 1014 ’ὁρμώμενος
1772 978 1895 1005 δεισιδαι-

1111 1023 1198 1058 μόνων
1215 1023 1392 1058 μετεϐάλλετο
1405 1024 1451 1050 τὸν
1470 1024 1535 1059 βίον,
1551 1024 1601 1059 τῆς
1618 1024 1668 1059 μὲν
1684 1024 1815 1051 πολυθέου
1831 1024 1897 1052 πλά-

1109 1078 1157 1104 νης
1171 1069 1360 1105 ἀναχωρήσας,
1382 1070 1429 1096 ἕνα
1441 1070 1470 1096 δὲ
1486 1070 1531 1097 τὸν
1554 1071 1602 1097 ἐπὶ
1627 1071 1737 1097 πάντων
1753 1071 1819 1097 Θεὸν
1836 1072 1895 1098 ὲπι-

1109 1115 1189 1148 γνοὺς
1207 1114 1246 1141 ὁδί
1258 1123 1264 1129 ·
1285 1115 1332 1141 καὶ
1347 1116 1403 1147 τοῖς
1419 1115 1500 1142 αὐτοῦ
1523 1117 1601 1142 παισὶ
1617 1116 1656 1151 τῷ
1680 1116 1772 1142 Ὶσαάκ
1793 1117 1839 1143 καὶ
1859 1116 1899 1152 τῷ

1116 1160 1212 1186 Ἰακὼϐ
1231 1160 1339 1195 ὁμοίους
1363 1161 1472 1188 ἔσεσθαι
1491 1161 1603 1197 μυρίους
1624 1161 1684 1188 καθ’
1705 1162 1771 1197 ὂλης
1794 1162 1842 1198 τῆς
1857 1162 1894 1188 οί-

1110 1206 1256 1241 κουμένης,
1273 1207 1320 1233 καὶ
1335 1206 1438 1233 τούτων
1453 1207 1569 1242 μάλιστα
1580 1207 1615 1233 τὰ
1629 1207 1698 1242 πρὸς
1711 1207 1750 1234 ἕω
1764 1207 1836 1243 ἔθνη,
1851 1207 1896 1236 καὶ

1108 1251 1172 1282 τοὺς
1200 1251 1270 1277 κατά
1291 1251 1420 1286 δυόμενον
1440 1252 1515 1286 ἥλιον
1537 1251 1678 1284 οικοῦντας
1700 1252 1894 1288 προαγορεύει·

1110 1296 1270 1332 προστίθησί
1293 1305 1321 1323 τε
1337 1297 1442 1328 τούτοις
1458 1297 1489 1324 τὸ
1505 1297 1632 1333 μέγιστον
1646 1298 1696 1334 τῆς
1712 1300 1895 1334 προρρήσεως·

1109 1343 1186 1368 αὐτοὶ
1206 1343 1325 1369 Ἰουδαῖοι
1338 1343 1393 1369 τῶν
1412 1343 1544 1378 Θεοφιλῶν
1565 1344 1677 1371 ἐκείνων
1695 1345 1840 1378 ἀπόγονοι,
1853 1345 1897 1371 τδν

1116 1388 1241 1424 Ἀϐραὰμ
1257 1388 1404 1423 αὐχοῦντες
1423 1389 1528 1416 καὶτὸν
1550 1389 1641 1417 Ἰσαὰκ
1658 1390 1705 1416 καὶ
1726 1390 1771 1417 τὸν
1793 1390 1894 1421 Ἰακὼϐ,

1109 1434 1153 1460 διὰ
1173 1434 1222 1469 τὴν
1245 1435 1285 1466 εἰς
1304 1434 1385 1461 αὑτὸν
1401 1435 1512 1469 ἀλογίαν
1536 1444 1566 1462 τε
1583 1436 1631 1463 καὶ
1646 1437 1789 1469 ἀπιστίαν,
1809 1437 1845 1468 ὡς
1865 1436 1895 1463 ἂν

1109 1481 1156 1507 τοῦ
1176 1481 1225 1516 τῆς
1243 1481 1369 1514 γνώσεως
1386 1482 1476 1516 φωτὸς
1497 1482 1728 1518 ἀπεστερημένοι,
1754 1482 1895 1519 ἀπόϐλητοι

1110 1528 1268 1562 γενήσονται
1283 1529 1322 1560 εἰς
1340 1527 1373 1554 τὸ
1394 1529 1488 1560 σκότος
1510 1529 1541 1555 τὸ
1564 1528 1707 1565 ἐξώτερον,
1726 1530 1775 1566 τὴν
1791 1530 1896 1565 ἄγνοιαν

1109 1573 1199 1600 αὐτῶν
1223 1574 1269 1600 καὶ
1284 1574 1333 1609 τὴν
1357 1574 1474 1610 ἐσχάτην
1491 1574 1626 1610 ἀμαθίαν,
1643 1575 1690 1602 τοῦ
1717 1585 1748 1603 τε
1770 1576 1897 1611 σωτηρίου

1112 1619 1200 1654 φωτὸς
1214 1620 1262 1655 τὴν
1281 1621 1408 1656 στέρησιν
1423 1617 1474 1647 ὧδέ
1494 1630 1532 1657 πη
1553 1624 1797 1658 προαναφωνήσας.
1819 1622 1897 1649 Ἔνθα

1110 1666 1142 1702 δὴ
1157 1666 1301 1701 ἐπιστῆσαι
1318 1667 1374 1698 τοῖς
1389 1667 1592 1702 ἀποτελέσμασι
1615 1668 1750 1703 προσήκει
1767 1668 1813 1695 τὸν
1828 1667 1898 1698 νοῦν,

1110 1712 1259 1747 ὀφθαλμοῖς
1273 1721 1302 1738 τε
1317 1713 1409 1743 αὐτοῖς
1423 1713 1600 1747 παραλαϐεῖν,
1614 1713 1652 1745 ὡς
1667 1714 1790 1742 Ἰουδαῖοι
1806 1714 1863 1750 μὲν,
1874 1715 1897 1740 οἱ

1110 1757 1163 1783 τῶν
1180 1757 1331 1792 εἰρημένων
1348 1757 1479 1792 θεοφιλῶν
1496 1758 1600 1794 ἀνδρῶν
1619 1759 1697 1793 γένος
1715 1757 1786 1786 εἶναι
1804 1768 1898 1795 σεμνυ-

1110 1803 1228 1838 νόμενοι,
1247 1803 1372 1838 ἔκϐλητοι
1388 1804 1530 1838 γεγόνασιν
1551 1805 1582 1830 ού
1599 1805 1647 1840 τῆς
1667 1804 1716 1832 τοῦ
1737 1805 1804 1832 Θεοῦ
1826 1805 1898 1840 βασι-

1111 1849 1185 1880 λείας
1203 1849 1293 1884 μόνον,
1309 1849 1376 1876 ἀλλὰ
1389 1850 1436 1876 καὶ
1446 1851 1494 1885 τῆς
1509 1850 1597 1876 αὐτῶν
1612 1851 1687 1886 ἱερᾶς
1701 1852 1750 1878 καὶ
1763 1851 1899 1886 βασιλικῆς

1114 1895 1314 1931 μητροπόλεως⁸
1326 1897 1371 1922 ἐπὶ
1382 1896 1410 1923 δὲ
1425 1896 1483 1928 ἑνὸς
1495 1896 1542 1923 τοῦ
1557 1896 1640 1923 πάλαι
1651 1897 1690 1932 τῷ
1699 1897 1809 1933 Σωτῆρι
1820 1905 1899 1933 προσ-

1112 1940 1269 1976 εληλυθότος
1303 1941 1441 1976 χιλιάρχου
1464 1942 1566 1976 ἄφατος
1592 1934 1698 1977 ἀνδρῶν
1726 1942 1840 1978 ἀριθμὸς
1870 1942 1900 1974 ἐξ

1113 1987 1239 2013 ἁπάντων
1257 1986 1310 2012 τῶν
1325 1987 1409 2013 ἐθνῶν
1422 1987 1523 2022 ὁμοίως
1537 1987 1634 2023 ἐκείνῳ
1646 1988 1684 2023 τῷ
1696 1978 1808 2024 Χριστῷ
1820 1996 1898 2024 προσ-

1113 2032 1216 2064 ιόντων,
1238 2033 1284 2059 καὶ
1295 2033 1339 2059 διὰ
1351 2032 1401 2067 τῆς
1412 2033 1493 2059 αὑτοῦ
1507 2033 1680 2065 διδασκαλίας
1699 2035 1747 2061 τὸν
1763 2035 1816 2062 τῶν
1837 2033 1897 2070 παρ’

278 2079 413 2115 Ἑϐραίοις
433 2079 596 2115 λαμψάντων
614 2079 719 2116 ἀνδρῶν
734 2080 897 2115 ὲπιγνόντων
911 2079 989 2112 Θεὸν,
1006 2078 1057 2113 τῆς
1076 2078 1136 2113 ἴσης
1155 2078 1244 2110 αὐτοῖς
1280 2079 1393 2110 ἐκείνοις
1427 2079 1555 2113 ἠξίωνται
1581 2080 1656 2116 παρὰ
1678 2080 1718 2116 τῷ
1740 2080 1899 2116 παμϐασιλεῖ

272 2128 332 2162 θεῷ
348 2127 477 2162 ἀμοιϐῆς.

652 2175 684 2202 ν.

309 2220 416 2247 Maudat
424 2220 502 2248 Petro
512 2220 675 2248 Dominusut
682 2221 714 2248 ad
724 2221 839 2256 praedam
851 2221 917 2248 retia
925 2220 1058 2252 demittat;

272 2267 544 2301 quiquidemjussum
556 2267 722 2301 exsequitur.
739 2266 806 2294 Cum
822 2272 911 2294 autem
934 2273 1059 2301 magnam

273 2311 387 2345 piscium
399 2311 598 2338 nmltitmlinem
608 2311 815 2343 conclusissem,
824 2316 852 2338 et
861 2311 925 2338 retia
942 2311 1060 2345 pondere

273 2361 385 2390 gravata
393 2357 624 2391 dirumperenlur,
632 2362 709 2391 opem
719 2362 813 2391 petunt
823 2364 836 2383 a
844 2357 931 2383 vicina
947 2356 1059 2383 navicu-

273 2403 296 2428 la
307 2410 315 2434 ;
328 2406 408 2436 atque
416 2402 451 2428 ita
460 2401 589 2428 extractis
595 2401 714 2435 piscibus
723 2406 864 2436 utramque
878 2401 1005 2436 scapham
1014 2409 1060 2428 re-

272 2447 458 2481 pleveruntjn
466 2448 700 2482 tnntumutmergi
714 2447 940 2481 periclitarentur.
958 2446 1059 2480 Quam-

273 2494 365 2520 obrem
388 2493 566 2520 admiratione
585 2492 681 2520 Petrus
706 2493 859 2528 perculsus.
875 2493 1014 2528 indignum
1029 2501 1062 2521 so

272 2539 487 2566 conﬁtebaturut
495 2538 625 2566 Servatur
633 2539 666 2565 ad
675 2546 705 2566 se
718 2540 831 2566 veniret.
845 2539 891 2566 Ille
898 2543 1001 2570 autem,
1012 2539 1057 2574 qui

273 2591 400 2620 tanquam
420 2584 503 2612 futuri
519 2585 649 2620 temporis
661 2585 806 2620 imaginem
821 2586 870 2619 ipsi
890 2586 1059 2617 ostenderat,

274 2631 523 2665 interpretationem
535 2637 642 2665 quoque
656 2630 731 2662 facit.
749 2631 858 2665 aitque:
874 2630 938 2658 Noli
950 2631 1059 2662 timere;

274 2675 367 2701 uiritim:
381 2676 449 2702 enim
465 2675 516 2702 erit
529 2675 645 2702 homines
656 2675 690 2702 ad
711 2675 791 2702 vitam
810 2675 925 2710 capient.
948 2675 1060 2702 Cunctis

273 2727 338 2747 vero
352 2721 431 2747 simul
444 2729 450 2746 :
471 2719 560 2748 Venite
573 2726 630 2755 post
646 2729 696 2754 me,
713 2720 862 2757 faciamque
875 2729 918 2748 vos
941 2721 1057 2755 piscato-

275 2773 315 2792 res
330 2766 474 2793 hominum.
490 2766 620 2795 Galilmos
643 2767 779 2801 homines,
804 2768 870 2795 viles
897 2767 1060 2800 rusticanos,

277 2812 343 2838 nihil
360 2818 461 2846 prrctcr
474 2812 604 2848 Syrorum
619 2813 768 2841 dialecuun
786 2815 914 2846 scientes,
932 2819 991 2842 arte
1007 2814 1057 2841 hu-

312 2869 367 2906 (tu)
384 2869 452 2906 Cod.
468 2870 501 2901 A,
520 2871 538 2897 ί.
553 2871 598 2898 85.
614 2871 676 2906 Syr.
694 2872 739 2899 lib.
753 2880 789 2902 tv.
801 2871 826 2898 6.

313 2905 369 2940 (41)
387 2904 520 2932 Hactenus
534 2904 714 2940 fragrnehtum
732 2908 863 2936 recitatur
876 2907 969 2936 ϐιτωεο
979 2908 1061 2936 etiam

1488 2171 1524 2197 E'.

1150 2218 1206 2253 (40)
1218 2217 1437 2252 Παρακελεύεται
1453 2218 1502 2252 μὲν
1515 2218 1554 2252 τῷ
1569 2217 1664 2253 Πέτρῳ
1680 2218 1694 2244 ὁ
1710 2218 1811 2253 Κύριος
1826 2217 1899 2253 χαλά-

1115 2273 1160 2291 σαι
1180 2264 1219 2295 εἰς
1235 2263 1323 2299 ἄγραν
1337 2262 1371 2289 τὰ
1393 2263 1505 2290 δίκτυαι
1524 2265 1538 2290 ὁ
1561 2263 1589 2289 δὲ
1613 2263 1643 2290 τὺ
1667 2263 1899 2299 προστεταγμένον

1114 2310 1212 2337 ἐποίει.
1235 2310 1279 2341 Ὡς
1292 2309 1320 2335 δὲ
1339 2309 1514 2336 συνέκλεισαν
1530 2309 1631 2345 πλῆθος
1649 2309 1750 2344 ἰχθύων
1763 2309 1840 2341 πολὺ,
1857 2308 1898 2335 καὶ

1112 2357 1291 2392 διερρήγνυτο
1304 2354 1337 2381 τὰ
1350 2355 1446 2382 δίκτυα
1465 2355 1504 2390 τῷ
1527 2355 1623 2390 πλήθει
1638 2355 1805 2391 βαρούμενα.
1821 2362 1888 2389 προσ

1115 2402 1260 2429 καλοῦνται
1286 2402 1334 2437 μὲν
1358 2403 1398 2433 εἰς
1426 2401 1549 2437 βοήθειαν
1571 2402 1633 2434 τοὺς
1651 2402 1680 2429 ἐν
1699 2402 1739 2437 τῷ
1755 2401 1897 2436 γειτνιῶντα

1114 2449 1215 2483 πλοίῳ·
1245 2446 1293 2474 εἶτ’
1321 2448 1518 2479 ἀνελκύσαντες
1542 2448 1605 2480 τοὺς
1637 2448 1742 2483 ἰχθύας,
1756 2448 1895 2484 πληροῦσιι

1114 2494 1197 2529 ἄμφω
1215 2493 1250 2520 τὰ
1271 2494 1379 2529 σκάφη,
1395 2494 1433 2525 ὼς
1452 2493 1615 2521 κινδυνεύειν
1634 2494 1704 2521 αὑτὰ
1727 2494 1896 2530 βυθισθῆναι’

1113 2541 1155 2574 ἐφ’
1172 2537 1213 2571 οἷς
1225 2541 1239 2566 ό
1252 2540 1354 2575 Πέτρος
1370 2539 1568 2574 ἀποθαυμάσας
1581 2539 1730 2576 ἐξεπλάγη,
1748 2539 1855 2572 ἀνάξιόν
1871 2546 1895 2564 τε

1110 2586 1206 2613 ἑαυτὸν
1225 2586 1275 2621 τῆς
1287 2586 1424 2621 σωτηρίου
1437 2585 1590 2617 ὲπιϐάσεως
1603 2586 1737 2621 ὡμολόγει
1752 2586 1820 2621 (Η).
1840 2584 1866 2610 ’0
1877 2583 1891 2609 δ

1110 2632 1205 2666 ὥσπερ
1229 2631 1366 2664 ἐπιδείξας
1396 2630 1471 2666 αὐτῷ
1493 2630 1542 2666 τὴν
1568 2631 1616 2658 τοῦ
1644 2631 1786 2667 μέλλοντος
1800 2630 1888 2657 εἰκόνα

1110 2675 1238 2710 διασαφεῖ
1250 2675 1300 2711 τήν
1315 2675 1479 2712 ἑρμηνείαν,
1495 2675 1542 2702 καί
1557 2684 1624 2711 φησι
1644 2676 1711 2712 πρὸς
1730 2676 1811 2703 αὐτόν
1824 2683 1830 2690 ·
1851 2673 1896 2703 Μὴ

1114 2722 1208 2756 φοϐοῦ
1218 2731 1224 2736 ·
1237 2722 1295 2749 ἀπὸ
1307 2722 1359 2749 τοῦ
1374 2723 1432 2749 νῦν
1441 2722 1616 2756 ἀνθρώπους
1627 2723 1684 2758 ἔσῃ
1692 2721 1805 2757 ζωγρῶν
1815 2730 1821 2736 ·
1833 2721 1897 2756 πρὸς

1114 2767 1143 2794 δὲ
1164 2768 1267 2800 πάντας
1279 2777 1286 2785 ·
1306 2768 1396 2795 Δεῦτε
1417 2768 1514 2795 ὀπίσω
1532 2777 1603 2803 μου,
1621 2768 1669 2796 καί
1688 2767 1804 2801 ποιήσω
1825 2764 1897 2800 ὑμᾶς

1115 2815 1210 2848 ἁλιεῖς
1237 2815 1408 2849 ἀνθρώπων.
1439 2814 1597 2846 Γαλιλαίους
1631 2814 1745 2850 ἄνδρας,
1773 2813 1895 2842 εὐτελεῖς,

1117 2883 1132 2899 a
1147 2874 1181 2900 cl.
1197 2873 1251 2900 Leo
1268 2882 1295 2908 ν.
1313 2874 1377 2904 216.
1398 2881 1431 2901 ex
1452 2875 1512 2901 cod.
1538 2874 1654 2901 Vindoh.
1669 2874 1721 2900 Sed
1741 2873 1824 2900 multo
1840 2871 1894 2908 lon-

1119 2909 1179 2943 gius
1192 2906 1367 2943 prosequitur
1382 2909 1408 2936 in
1424 2910 1518 2936 codice
1534 2914 1627 2937 nostro
1647 2909 1736 2936 Vatis.
1749 2910 1782 2934 Α.
1797 2909 1816 2933 i.
1835 2906 1877 2932 83.
