2045 3215
155 183 210 211 625

850 184 894 211 DE
913 181 1144 212 THEOPHANIA.

1736 175 1789 202 626

158 241 315 276 ἀγροίκους,
332 242 408 268 οὐδὲν
426 242 506 269 πλέον
525 242 573 278 τῆς
587 241 680 277 Σύρων
696 245 787 278 φωνῆς
803 243 948 278 ἐπισταμέ-

1006 241 1075 273 ιηίιὶ,
1095 242 1120 268 id
1135 244 1177 267 est
1191 238 1349 275 piscatoria,
1364 245 1416 264 non
1427 236 1485 264 sine
1498 243 1579 263 causa
1595 234 1722 262 Servator
1741 242 1788 260 no-

159 296 230 320 νους,
247 287 317 314 ἀλλά
333 289 380 314 καὶ
400 288 430 314 τὸ
448 288 616 324 ἐπιτήδευμα
635 288 762 315 ταπεινὸν
778 289 827 324 τῆς
849 289 951 319 ἁλιείας

161 333 394 367 μετερχομένους,
417 334 530 366 εἰκότως
553 335 568 360 ὁ
591 335 688 370 Σωτὴρ
712 334 792 370 ἡμῶν
818 334 951 370 θηρευτὰς

159 377 206 404 ἀνθ
212 377 310 414 ρώπων
326 378 373 404 καὶ
389 379 513 414 κήρυκας
527 379 577 414 τῆς
592 379 674 406 αὑτοῦ
686 379 858 411 διδασκαλίας
872 380 950 415 ποιή-

160 431 215 450 σειν
236 423 430 459 ἐπηγγέλλετο,
446 425 494 451 xui.
507 426 656 460 πεποίηκεν
669 426 699 452 οὐ
715 425 884 461 ψευσάμενος
903 425 950 461 τὴν

160 469 316 505 ὑπόσχεσιν,
332 469 468 505 παριστὰς
487 470 553 496 Θεοῦ
569 471 684 505 δύναμιν
706 470 885 507 ὲνεργητικὴν
904 469 951 496 τοῦ

160 515 332 551 πράγματος.
355 515 386 541 El
403 516 452 550 μὲν
468 516 538 552 γὰρ,
555 514 663 551 λογίους
684 517 760 548 τινὰς
778 516 824 543 καὶ
842 516 951 549 σοφοὺς,

159 561 237 597 ἢκαὶ
259 560 314 588 τῶν
338 561 414 597 παρὰ
435 562 572 594 Ἰουδαίοις
597 562 748 597 ἀνθρώπων
773 562 885 594 ἐνδόξων
906 563 952 588 καὶ

160 607 294 634 πλουσίων
313 607 529 644 προσαγόμενος,
548 608 654 641 τούτοις
675 609 808 644 ἐκέχρητο
824 608 952 635 διδασκά-

159 653 215 685 λοις
227 653 283 680 τῶν
297 653 379 680 αὑτοῦ
395 654 492 688 λόγων,
509 654 560 681 κᾶν
571 655 645 687 εἰκὸς
657 652 692 690 ἦν
709 654 952 690 ἀνθρωπινώτερον

160 698 348 734 ὲπινενοῆσθαι
364 699 395 725 τὸ
416 699 532 735 πρᾶγμα
542 708 548 714 ·
568 699 639 726 οὓτω
655 699 720 733 γοῦν
736 700 760 726 oi
775 699 884 731 πλείους
899 699 952 725 τῶν

160 743 311 780 ἀνθρώπων
328 743 455 770 εἰώθασιν
469 743 678 775 ὑποτάττεσθαι,
700 744 716 779 ἦ
741 744 880 779 χρήμασιν
900 743 954 769 ὑπὸ

161 789 295 817 πλουσίων
315 789 512 825 δελεαζόμενοι,
534 790 551 825 ἢ
569 789 656 824 λόγων
675 789 805 825 περιϐολῇ
821 790 868 815 καὶ
884 797 952 823 φαν-

159 834 240 871 τασίεμ⁵
257 834 353 870 σοφίας
363 835 576 871 ἀπατώμενοι,ἢ
592 836 729 871 ὑπεροχὰς
743 834 855 867 ἐνδόξων
868 842 951 869 προσ-

159 879 242 907 ώπων
268 880 530 916 καταπληττόμενοι.
550 881 579 907 ’0
597 881 624 907 δὲ
646 881 683 916 μὴ
700 880 830 911 τοιούτοις
848 880 953 916 χρησά-

1003 291 1070 320 ster,
1088 291 1232 314 venatores
1256 284 1398 313 hominum
1412 288 1525 317 suaeque
1543 280 1673 309 doctrinae
1685 287 1788 315 pmo-

1004 340 1052 360 nes
1074 339 1104 360 se
1126 331 1263 359 facturum
1286 329 1486 365 pollicebatur;
1502 327 1633 362 fecitque.
1649 326 1719 353 haud
1740 325 1790 352 fal-

1004 379 1062 406 lens
1077 378 1253 413 promissum,
1270 376 1317 404 Dei
1337 383 1433 410 nempe
1449 374 1599 410 potentiam
1615 373 1653 401 rei
1667 372 1788 402 eti'ectri-

1003 432 1061 451 cem
1088 430 1263 456 expromens.
1290 421 1358 448 Nam
1389 420 1412 448 si
1440 419 1577 447 litteratos
1589 417 1694 453 aliquos
1705 420 1734 444 et
1746 424 1790 443 sa-

1003 470 1123 505 pientes.
1146 468 1186 496 vel
1210 469 1290 495 etiam
1317 474 1350 493 ex
1378 465 1480 494 Iudaeis
1503 463 1607 492 nobiles
1640 463 1791 498 tlivitcsque

1003 516 1076 543 viros
1088 514 1206 550 eligens,
1221 513 1262 540 his
1273 521 1336 540 usus
1347 516 1420 540 esset
1433 511 1569 546 magistris
1579 509 1708 538 doctrina!
1723 516 1789 543 suae,

1004 561 1096 594 utique
1114 559 1261 586 humanum
1276 558 1367 592 potius
1386 556 1522 591 negotium
1540 555 1566 582 id
1582 553 1655 583 credi
1675 558 1790 590 poterat.

1004 605 1050 632 Sic
1062 605 1135 632 enim
1150 604 1272 639 plerique
1287 603 1428 630 hominum
1446 601 1535 629 solent
1548 604 1633 628 semet
1644 599 1790 633 subjicere,

1003 651 1045 678 vel
1070 651 1183 685 pecunia
1211 657 1225 676 a
1254 648 1384 677 divitibus
1412 647 1545 681 inescati,
1570 646 1614 674 vel
1637 645 1791 673 litterarum

1003 697 1094 730 specie
1109 701 1134 722 et
1151 694 1292 729 sapientia:
1312 693 1450 728 praestigio
1469 692 1585 727 decepti,
1608 691 1650 719 vel
1665 691 1791 720 eminen-

1003 742 1068 768 tiam
1083 749 1264 776 personarum
1283 739 1428 767 illustrium
1445 738 1623 766 admirantes.
1638 737 1718 767 Iesus
1740 745 1791 766 an-

1005 792 1057 814 tem
1084 794 1143 815 cum
1169 787 1238 814 haud
1265 785 1365 813 talibus
1387 785 1424 812 sit
1446 792 1512 812 usus
1534 783 1684 819 discipulis,
1710 784 1757 811 sed
1773 790 1789 810 e

1004 833 1145 861 contrario
1170 832 1335 867 pauperibus
1358 836 1385 857 et
1410 830 1552 863 obscuris,
1582 837 1614 857 ac
1636 829 1792 857 litteratura

1005 879 1107 910 idiotis,
1123 878 1212 913 lingua
1238 876 1326 913 Syris,
1344 876 1438 904 habitu
1455 876 1560 908 humili,
1576 882 1714 910 operaque
1731 874 1791 906 vili,

161 935 240 962 μενος
263 926 408 962 μαθηταῖς,
429 927 583 953 τούναντίον
603 927 632 952 δὲ
653 927 750 961 πένησι
770 927 816 953 καὶ
835 925 948 959 ἀδόξοις,

1002 925 1168 960 exploratum
1182 928 1223 951 est
1235 931 1297 950 eum
1312 923 1429 950 divinam
1451 927 1555 949 tantum
1572 921 1728 949 adhibuisse
1743 928 1793 955 po-

159 972 265 999 καὶτὸν
283 972 361 1007 λόγον
376 971 503 1004 ίδιώταις,
522 972 618 1007 Σύροις
639 981 668 998 τε
681 973 729 1007 τὴν
745 972 847 1007 φωνὴν,
863 973 910 998 καὶ
922 973 952 998 τὸ

161 1017 253 1052 σχῆμα
268 1018 417 1048 ταπεινοῖς,
433 1018 480 1044 καὶ
496 1017 632 1044 εὐτελέσιν
647 1017 729 1053 ἔργῳ,
744 1017 822 1052 δῆλος
835 1014 869 1052 ἦν
884 1017 951 1052 μόνῃ

159 1065 190 1098 τῇ
206 1063 284 1098 θεῖκῇ
299 1063 411 1098 δυνάμει
424 1062 574 1099 χρώμενος,
588 1063 621 1098 ἢν
633 1062 781 1096 ἐνεδείξατο
794 1062 889 1097 πρῶτα
903 1062 952 1098 μὲν

159 1110 234 1145 φωνῇ
268 1110 316 1144 μιᾷ
343 1109 600 1144 προσκαλεσάμενος
631 1109 729 1140 αὐτοὺς
761 1109 807 1135 καὶ
839 1109 952 1135 ἀκολού-

160 1154 221 1186 θους
241 1155 298 1190 (42)
314 1155 396 1182 αὑτοῦ
415 1156 600 1191 καταστήσας,
618 1155 736 1182 κᾶπειτα
750 1155 950 1190 ἐπαγγειλάμε-

159 1209 203 1232 νος
220 1200 391 1235 σαγηνευτάς
407 1201 454 1227 καὶ
474 1200 561 1232 ἁλιεῖς
585 1200 737 1236 ἀνθρώπων
754 1201 877 1236 ποιήσειν
901 1201 951 1226 αὐ-

158 1247 230 1279 τοὺς,
247 1246 280 1273 ἵν’
301 1247 359 1273 ἀνθ’
380 1243 417 1273 ὧν
436 1244 506 1282 εἶχον
530 1247 659 1278 δικτύων,
683 1246 811 1277 λαϐόντες
825 1247 890 1281 παρ’
904 1246 953 1272 αὐ-

157 1291 204 1319 τοῦ
219 1292 269 1328 τὴν
284 1293 338 1319 ἀπὸ
352 1293 487 1319 παντοίων
501 1292 588 1327 λόγων
607 1292 727 1327 νομικῶν
741 1301 770 1318 τε
788 1292 835 1318 καὶ
848 1300 952 1328 προφη-

159 1338 224 1370 τῶν,
237 1338 291 1364 τῶν
303 1347 333 1365 τε
345 1338 395 1373 τῆς
409 1338 499 1365 ἐνθέου
511 1338 687 1369 διδασκαλίας
705 1337 788 1364 αὑτοῦ
802 1337 951 1363 πλακεῖσαν

1007 970 1117 997 tentiam
1145 978 1153 1002 ;
1183 976 1265 1003 quam
1285 967 1404 995 ostendit
1430 966 1520 1002 primo
1536 965 1644 1000 quidem
1663 966 1726 993 dum
1740 973 1793 992 una

1006 1016 1099 1043 vocula
1114 1022 1162 1043 eos
1179 1015 1304 1042 invitavit
1318 1014 1494 1048 asseclasque
1510 1021 1574 1041 suos
1599 1013 1677 1045 fecit,
1695 1013 1792 1041 deinde

1005 1063 1138 1097 spondens
1162 1066 1287 1096 captares
1312 1061 1519 1096 piscatoresque
1554 1060 1694 1088 hominum
1723 1067 1739 1087 a
1762 1067 1793 1088 se

1006 1107 1105 1135 factum
1135 1108 1187 1139 iri;
1217 1112 1245 1134 ut
1266 1114 1315 1141 pro
1343 1107 1445 1134 retibus
1471 1113 1531 1141 quae
1555 1113 1626 1133 nunc
1652 1105 1792 1137 tenebant.

1005 1159 1143 1181 sumentes
1164 1155 1198 1180 ab
1219 1161 1252 1180 eo
1275 1153 1428 1179 litterarum
1453 1151 1574 1179 omnium
1604 1150 1730 1186 legalium
1758 1158 1791 1178 ac

1003 1199 1220 1234 propheticarum
1238 1218 1245 1230 ,
1279 1205 1385 1226 necnon
1421 1197 1518 1225 divina:
1548 1196 1633 1231 ipsius
1659 1195 1793 1224 doctrina:

1003 1253 1141 1279 sagenam,
1158 1244 1183 1271 in
1207 1245 1332 1271 humanae
1353 1243 1415 1270 vitae
1442 1250 1517 1270 mare
1543 1242 1689 1276 iactarent,
1712 1246 1792 1277 quot-

1003 1296 1071 1325 quot
1084 1295 1260 1318 occurrerent
1285 1290 1438 1323 irretirent,
1456 1296 1554 1324 genere
1570 1288 1642 1315 omni
1669 1289 1793 1318 rationa-

1004 1337 1069 1363 lium
1085 1336 1199 1371 piscium
1220 1336 1286 1363 retia
1301 1343 1348 1362 sua
1364 1335 1506 1362 rationalia
1522 1334 1700 1369 complentes.

159 1386 280 1421 σαγήνην
303 1385 474 1421 ἐμϐάλλωσιν
490 1387 530 1417 είς
546 1385 595 1421 τὴν
615 1385 662 1412 τοῦ
678 1385 847 1420 ἀνθρωπείου
872 1384 929 1419 βίου
947 1384 1092 1415 Θάλατταν,
1109 1383 1156 1410 καὶ
1178 1383 1360 1418 περιϐάλωσιν
1385 1383 1464 1414 ὅσους
1478 1381 1511 1408 ἂν
1527 1381 1640 1417 εὕρωσι,
1657 1380 1793 1418 πληροῦν-

157 1440 203 1463 τες
220 1431 255 1458 τὰ
273 1432 377 1458 ἑαυτῶν
391 1431 487 1466 λογικᾶ
505 1431 600 1458 δίκτυα
613 1431 712 1463 παντὸς
733 1431 827 1465 γένους
841 1430 957 1464 λογικῶν
971 1430 1080 1465 ἰχθύων.

199 1478 280 1506 Ἀλλὰ
301 1479 386 1506 ταῦτα
411 1480 459 1515 μὲν
480 1479 523 1505 διὰ
550 1479 642 1514 φωνῆς
668 1472 822 1513 ἀκουόμενα
840 1479 948 1514 ῥήματα

1037 1479 1125 1513 Atque
1148 1477 1205 1504 haec
1233 1485 1264 1504 ex
1295 1477 1317 1503 vi
1345 1477 1419 1504 vocis
1448 1481 1552 1504 tantum
1582 1475 1684 1508 audita,
1709 1474 1789 1503 verba

158 1525 207 1551 καὶ
229 1525 320 1560 ψόφοι,
337 1526 383 1552 καὶ
398 1526 478 1552 πλέον
494 1526 615 1562 ὑπῆρχεν
635 1526 728 1552 οὐδέν·
750 1526 798 1561 τῆς
821 1525 842 1551 δ’
857 1525 949 1551 ἐνθέου

158 1569 299 1605 δυνάμεως
318 1571 349 1597 τὺ
372 1570 452 1606 ἔργον
472 1571 522 1597 οὐκ
544 1572 583 1603 είς
609 1572 719 1607 μακρὰν
743 1571 947 1606 παρεστήσατο·

158 1615 228 1642 αὺτά
248 1615 281 1652 δὴ
302 1616 388 1643 ταῦτα
410 1617 444 1644 τὰ
470 1617 514 1644 διὰ
535 1617 589 1644 τῶν
610 1617 697 1652 λόγων
724 1617 950 1653 προηγορευμένα

157 1663 214 1693 τοῖς
238 1661 330 1697 ἔργοις
353 1660 524 1694 ἐπιτελέσας,
550 1663 589 1695 ὡς
610 1664 638 1690 ἐν
667 1663 763 1698 βραχεῖ
789 1664 876 1699 χρόνῳ
899 1664 949 1698 τὴν

160 1706 307 1742 σύμπασαν
329 1708 480 1744 ἀνθρώπων
496 1709 660 1745 οίκουμένην
682 1709 765 1744 μυρία
786 1709 874 1745 πλήθη
895 1709 950 1735 τῶν

161 1753 381 1788 σαγηνευθέντων
394 1754 447 1780 ὑπὸ
457 1754 511 1780 τῶν
528 1754 638 1782 ἰδιωτῶν
653 1755 754 1782 τούτων
768 1755 870 1791 ἀνδρῶν
882 1756 948 1791 κτή-

160 1799 267 1831 σασθαι,
285 1799 462 1836 πληρωθῆναί
477 1809 507 1827 τε
522 1800 689 1836 Ἑκκλησιῶν
704 1801 793 1827 πάντα
805 1801 885 1827 τόπον
893 1801 950 1827 Ἐλ-

159 1844 245 1880 λήνων
263 1853 294 1871 τε
318 1846 365 1872 καὶ
388 1846 550 1882 βαρϐάρων,
568 1846 611 1873 διὰ
629 1847 690 1882 μίαν
707 1847 814 1881 ἐκείνην
834 1848 950 1881 ἐπαγγε-

159 1890 218 1918 λίαν
232 1891 284 1926 τῆς
300 1891 393 1928 θεῖκῆς
408 1894 510 1928 φωνῆς,
524 1892 557 1928 δι’
574 1891 608 1928 ἧς
623 1894 652 1918 οὺ
672 1892 786 1925 διδάξειν
812 1894 872 1924 τοὺς
887 1893 950 1918 ἑαυη

158 1937 204 1964 τοῦ
223 1937 357 1973 μαθητὰς,
369 1938 426 1964 ἀλλ’
447 1939 528 1969 αὐτὸς
548 1939 670 1972 ποιήσειν
686 1938 782 1969 αὐτοὺς
796 1938 888 1969 ἁλιέας
903 1939 948 1964 ἀν.

159 1982 275 2018 θρώπων
295 1984 488 2021 ἐπι-ιγγείλατοζ
504 1983 579 2009 ’Ὡς-τ’
594 1984 624 2009 οὐ
645 1983 769 2018 προέγνω
793 1983 870 2018 μόνον
887 1983 948 2009 οὔτε

158 2029 298 2065 προέφησε
317 2029 349 2056 τὸ
365 2029 471 2065 μέλλον,
487 2029 554 2056 ἀλλά
568 2030 615 2056 καὶ
632 2030 747 2064 ποιητὴς
765 2029 811 2055 τοῦ
825 2030 949 2064 τηλικού-

157 2082 203 2100 του
220 2073 433 2109 κατορθώματος
453 2075 659 2109 ἀποπέφανται·
681 2073 741 2101 εἶπέ
759 2084 787 2101 τε
808 2075 846 2110 τῷ
866 2075 946 2110 λόγῳ,

158 2118 204 2145 καὶ
220 2119 355 2155 πεποίηκε
371 2120 409 2156 τῷ
425 2120 507 2156 ἔργῳ·
527 2120 683 2156 παρέστησέ
703 2129 731 2147 τε
750 2121 779 2147 τὸ
795 2121 890 2156 μέλλον
905 2121 948 2147 διὰ

159 2166 294 2201 συμϐόλου
308 2166 355 2193 καὶ
373 2167 485 2199 είκόνος,
503 2167 549 2193 καὶ
568 2167 601 2193 δι’
625 2167 710 2202 αὐτῆς
734 2167 872 2202 ἐνεργείας
893 2167 946 2193 ἀπο

158 2211 310 2248 επλήρωσε.
321 2212 384 2244 Τοῖς
395 2212 450 2247 γὰρ
464 2211 548 2239 πάλαι
563 2212 694 2247 πρότερον
706 2212 734 2238 ὲν
750 2212 845 2247 σκοτίᾳ
859 2211 946 2246 φωτὸς

158 2259 295 2295 ἀληθείας,
309 2259 355 2286 καὶ
369 2259 436 2286 Θεοῦ
451 2258 577 2293 γνώσεως
591 2260 619 2286 ἐν
635 2259 711 2285 νυκτὶ
724 2259 944 2294 καταπονηοεῖσι,

157 2304 206 2330 καὶ
229 2304 328 2340 μηδένα
348 2305 416 2340 πρὸς
436 2304 570 2340 σωτηρίαν
587 2304 718 2339 θηρεῦσαι
739 2304 944 2339 δεδυνημένοις,

157 2349 315 2385 ἐπιλάμψας
332 2350 363 2377 τὸ
383 2350 480 2377 ἑαυτοῦ
502 2351 613 2385 φέγγος,
635 2352 663 2377 ὲν
695 2352 786 2386 ἡμέρα
811 2352 857 2377 καὶ
876 2352 944 2385 φωτὶ

157 2395 311 2431 γενομένοις
325 2396 498 2432 προστάττει,
510 2397 541 2422 οὐ
556 2398 586 2431 τῇ
602 2396 690 2431 οἰκείᾳ
702 2396 850 2432 ἐπιστήμῃ,
865 2397 903 2432 τῷ
916 2397 944 2423 δὲ

157 2439 239 2467 αὐτοῦ
260 2441 362 2476 ῥήματι
382 2441 559 2477 θαρσοῦντας,
582 2441 737 2468 ἐπιϐάλλειν
758 2442 796 2477 τῷ
820 2441 892 2477 βυθῷ
912 2442 945 2469 τὰ

157 2484 262 2512 δίκτυα.
282 2486 314 2512 οι
328 2485 357 2512 δὲ
373 2485 490 2512 τοσαῦτα
507 2486 658 2521 συνήγαγον
675 2487 773 2521 ίχθύων
792 2487 892 2522 πλήθη.
908 2487 946 2518 ὡς

156 2529 369 2566 διαρῤήγνυσθαι
384 2531 434 2567 μὲν
446 2531 481 2559 τὰ
496 2532 644 2568 θηρευτικὰ
656 2532 768 2568 ὄργανα,
783 2533 945 2559 κινδυνεύειν

157 2574 184 2601 δὲ
200 2576 241 2608 εις
257 2574 338 2611 βυθὸν
353 2578 450 2612 χωρεῖν
470 2577 524 2603 ἀπὸ
540 2576 587 2603 τοῦ
604 2577 703 2613 φόρτου
717 2577 752 2603 τὰ
766 2577 855 2604 πλοῖα.

197 2621 275 2649 Ἐπεὶ
292 2622 321 2649 δὲ
336 2622 424 2649 ταῦθ”
435 2623 521 2655 οὕτως
541 2624 762 2659 προσταττόμενα
776 2624 830 2651 τὸν.
842 2624 944 2660 Πέτρον

156 2665 195 2698 εἰς
209 2664 340 2701 ἔκπληξιν
355 2667 402 2693 καὶ
423 2667 503 2702 φόϐον
523 2668 554 2694 οὐ
573 2668 618 2694 τον
632 2669 747 2703 τυχόντα
769 2666 845 2703 ἦγεν·
865 2669 944 2695 Ἀλλὰ

155 2710 241 2738 ταῦτα
252 2720 292 2744 σε,
312 2712 380 2747 φησὶ
393 2713 461 2748 πρὸς
475 2713 556 2740 αὑτὸν
571 2715 586 2740 ό
600 2713 704 2749 Σωτὴρ,
724 2715 806 2749 μήπω
827 2714 944 2749 ἐκπλητ-

156 2755 237 2790 τέτω·
258 2756 365 2783 παιδιαὶ
376 2757 430 2793 γὰρ
442 2757 481 2784 ἔτι
494 2758 580 2785 ταῦτα
597 2759 644 2785 καὶ
664 2758 812 2794 μελλόντων
831 2760 942 2791 εἰκόνεςσ

155 2802 179 2828 ol
191 2801 221 2834 δὶ
234 2803 284 2838 μὲν
295 2803 386 2838 ἰχθύες
396 2804 505 2831 ἄναυδοι
521 2805 567 2831 καὶ
579 2805 680 2838 ἄλογοι,
696 2805 742 2831 καὶ
753 2804 839 2832 ταῦτα
853 2806 942 2841 σκάφη

1002 1528 1080 1551 erant
1104 1528 1132 1551 et
1155 1523 1268 1554 sonitus.
1308 1528 1495 1557 praetereaque
1523 1521 1604 1550 nihil.
1636 1521 1690 1550 Sed
1717 1522 1789 1549 enim

1001 1571 1102 1597 divina:
1116 1570 1225 1597 virtutis
1240 1569 1382 1596 eﬂit-ientia
1398 1569 1468 1597 haud
1482 1568 1566 1597 multo
1591 1573 1653 1603 post
1671 1572 1728 1595 rata
1742 1575 1790 1596 ex-

1002 1616 1091 1643 hibuit
1114 1624 1122 1648 ;
1154 1623 1214 1643 cum
1242 1616 1299 1643 inec
1324 1615 1379 1649 ipsa
1409 1614 1526 1642 verbalia
1552 1615 1685 1650 promissa
1710 1614 1790 1642 factis

1001 1663 1156 1697 complevit,
1171 1662 1207 1689 ita
1224 1668 1252 1689 ut
1266 1663 1339 1689 brevi
1357 1667 1478 1696 tempore
1492 1661 1650 1689 universum
1675 1661 1787 1688 humani

1002 1708 1139 1736 incolatus
1154 1709 1260 1740 orbem,
1277 1709 1503 1742 innumeramqne
1520 1707 1719 1734 multitudinem
1742 1714 1789 1734 ca-

1002 1760 1111 1788 ptorum
1132 1753 1223 1781 abhis
1246 1753 1337 1781 idiotis
1362 1754 1515 1785 hominum,
1533 1752 1657 1780 Christus
1675 1752 1789 1785 adeptus

1001 1801 1046 1831 sit,
1071 1799 1207 1835 plenaque
1222 1799 1352 1827 Ecclesiis
1377 1799 1515 1826 evaserint
1542 1799 1600 1825 loca
1624 1798 1714 1824 omnia
1732 1802 1787 1825 tum

1001 1846 1156 1874 Graecorum
1184 1851 1239 1873 tum
1268 1847 1350 1873 etiam
1377 1846 1567 1877 barbarorum,
1590 1847 1700 1879 propter
1715 1842 1788 1870 illam

1001 1892 1088 1919 unicae
1114 1892 1213 1919 divina:
1236 1893 1310 1919 vocis
1330 1892 1552 1927 promissionem,
1585 1898 1636 1924 qua
1664 1890 1735 1917 haud
1759 1898 1788 1917 se

1002 1939 1146 1972 discipulos
1173 1946 1237 1965 suos
1258 1938 1416 1969 docturum.
1447 1938 1494 1965 sed
1518 1944 1614 1971 reapse
1636 1936 1788 1971 piscalcres

1002 1984 1140 2009 hominum
1158 1983 1319 2010 ell‘ecturum
1344 1983 1498 2018 spopondit.
1526 1982 1709 2016 Quamobrem
1734 1990 1788 2009 non

1001 2029 1136 2062 pnes-civit
1154 2030 1234 2056 modo
1253 2029 1292 2056 vel
1308 2029 1435 2063 prtedixit
1451 2036 1508 2056 rem
1524 2028 1655 2062 futuram,
1676 2028 1723 2056 sed
1747 2027 1788 2055 ef-

1002 2075 1087 2102 fector
1100 2073 1226 2102 facinoris
1239 2075 1306 2102 tanti
1322 2075 1467 2109 apparuit,
1496 2074 1621 2109 dixitque
1639 2073 1740 2106 verbis,
1760 2078 1787 2101 et

1000 2129 1082 2156 opere
1095 2127 1239 2150 exsecutus
1253 2127 1312 2154 est;
1330 2123 1410 2157 idque
1426 2122 1495 2154 fore,
1511 2121 1634 2157 symbolo
1652 2122 1790 2157 portendit

1001 2174 1083 2204 atque
1096 2169 1225 2203 imagine,
1252 2169 1388 2203 simulque
1411 2169 1468 2202 ipsa
1489 2168 1609 2195 eﬂicacia
1632 2167 1788 2202 complevit.

1001 2214 1123 2250 Namque
1139 2217 1189 2243 hos
1204 2215 1362 2250 discipulos,
1381 2215 1426 2247 qui
1446 2220 1525 2241 antea
1542 2214 1667 2241 veritatis
1687 2214 1789 2240 lumine

1001 2262 1141 2295 carebant,
1165 2266 1193 2288 et
1218 2269 1266 2295 per
1286 2266 1391 2288 noctein
1421 2261 1511 2288 divina
1539 2260 1634 2287 notitia
1650 2264 1788 2286 carentem

1002 2307 1206 2338 laboraverant.
1223 2306 1413 2340 neminemque
1433 2306 1466 2332 ad
1489 2305 1603 2333 salutem
1622 2304 1723 2331 lucrari
1738 2312 1787 2339 po-

1001 2357 1120 2386 tuerant,
1151 2353 1209 2387 ipse
1236 2353 1338 2380 lumine
1359 2360 1408 2379 suo
1427 2351 1583 2381 illustrans.
1603 2355 1631 2377 et
1652 2351 1678 2377 in
1691 2350 1787 2377 diurna

1001 2399 1060 2426 luce
1084 2399 1261 2431 constituens,
1281 2398 1358 2433 jubet
1389 2406 1441 2425 nnn
1465 2398 1572 2433 propria
1603 2396 1718 2431 peritia,
1740 2398 1788 2423 sed

1000 2445 1083 2480 ipsius
1095 2445 1177 2472 verbo
1186 2445 1314 2478 conlisos,
1324 2445 1390 2472 relia
1402 2446 1427 2471 in
1442 2444 1552 2480 pelagus
1562 2443 1663 2477 jacere.
1679 2442 1710 2469 Hi
1723 2446 1788 2469 vero

998 2495 1099 2517 tantam
1129 2490 1296 2525 collegerunt
1325 2491 1437 2524 piscium
1467 2489 1687 2520 multitudinem,
1715 2492 1788 2514 utet

1001 2536 1144 2570 piscatoria
1167 2536 1348 2563 instrumenta
1366 2540 1568 2569 rumperentur,
1584 2539 1612 2562 et
1629 2534 1694 2569 ipsa:
1712 2533 1786 2560 navi-

998 2581 1064 2608 cula:
1081 2581 1200 2616 demet-gi
1217 2582 1335 2616 pondere
1355 2582 1586 2616 periclitarentur.

1034 2627 1101 2660 Quia
1126 2635 1189 2653 vero
1213 2627 1274 2653 talia
1305 2627 1445 2660 imperata,
1468 2626 1578 2654 Petrum
1603 2625 1629 2653 in
1645 2630 1782 2660 stuporem

999 2676 1157 2706 metumque
1181 2680 1232 2698 non
1257 2671 1392 2699 modicum
1408 2671 1602 2704 abduxerant;
1621 2671 1697 2698 llaud
1714 2671 1782 2703 hac,

999 2717 1085 2752 inquit
1109 2717 1133 2744 ei
1160 2717 1300 2749 Servator,
1333 2723 1498 2752 magnopere
1525 2721 1551 2744 te
1572 2722 1782 2744 commoveant:

998 2761 1102 2790 ludicra
1117 2763 1189 2790 enim
1207 2764 1263 2790 haec
1281 2768 1346 2790 sunt
1365 2764 1465 2795 adhuc,
1480 2767 1507 2790 et
1522 2763 1675 2791 futurarum
1692 2770 1783 2791 rerum

999 2806 1130 2842 imagines
1154 2817 1160 2835 :
1185 2808 1274 2843 pisces
1297 2808 1406 2842 quidem
1432 2807 1511 2841 muti,
1534 2813 1561 2836 et
1589 2808 1783 2840 irrationales‘;

190 2859 425 2901 (42)Vocabulnm
438 2861 601 2893 ἀκολούθους
619 2862 705 2896 magis
722 2863 832 2897 proprie
862 2862 955 2891 vellent
976 2871 990 2890 a
1024 2864 1095 2900 Syro
1122 2865 1204 2892 fuisse
1224 2866 1368 2893 redditum.
1393 2865 1430 2892 lla
1456 2865 1540 2893 etiam
1562 2867 1632 2900 quod
1662 2866 1784 2901 sequitur

157 2896 334 2931 σαγηνευτάς.
