2045 3215
255 179 303 207 631

606 176 746 207 ΕυδΕΒΙῘ
760 176 1042 208 (ΣΑΞΕΛΙΗΕΧΞΙΞὈῚ

1112 180 1202 207 PARS
1221 179 1264 209 Ν.
1285 197 1319 201 -
1337 180 1545 208 DOGMATICA.

1824 184 1873 210 632

252 239 407 271 devinctos;
420 245 490 264 nunc
503 241 592 265 autem
605 238 692 272 primo
704 246 737 265 ex
749 239 853 272 impura
870 239 1037 274 scelestaque

1092 239 1265 275 καθαίρεσθαι
1292 241 1323 266 ἐκ
1348 240 1398 274 τῆς
1421 240 1580 274 δαιμονικῆς
1608 248 1653 266 και
1679 239 1872 275 εἰδωλολάτρου

253 284 306 309 vita
325 288 476 310 remcatos.
504 284 592 324 Atque
622 289 650 309 ut
675 283 717 311 his
741 285 874 311 suadeam
899 285 1034 318 admonet,

252 333 314 363 post
346 329 552 364 purgationem,
594 329 699 363 mystici
733 329 880 364 magisterii
914 330 940 356 vi
975 338 1037 365 per-

253 379 353 406 actam,
368 375 438 402 haud
455 374 509 408 jam
527 380 658 409 praecepta
681 374 805 406 Iudaica.
829 383 916 410 neque
938 375 1038 409 Moysis

255 420 385 455 legitima.
404 421 451 448 sed
476 428 535 455 qua:
564 421 620 455 ipse
643 420 676 447 iis
698 422 866 456 prmciperet,
881 422 1036 450 observare.

254 465 316 492 lbec
331 465 455 493 videlicet
466 473 519 493 uno
529 473 577 492 ore
590 466 679 492 cuncti
693 467 756 493 dum
767 475 815 501 per
828 472 922 503 gentes
935 467 1039 494 discur-

252 516 344 538 rerent
362 511 504 539 tradebant
516 513 670 540 constitutis
685 513 711 539 in
728 514 853 540 universo
865 513 932 540 orbe
945 513 1038 540 Eccle-

253 557 313 584 siis.
336 556 422 591 Atque
440 562 468 583 ut
488 565 556 591 opus
578 562 650 590 erat,
672 558 808 589 hortatur,
836 563 863 585 et
893 558 1038 585 alacriores

253 601 335 629 allicit
348 602 380 629 ad
394 603 532 630 adeundas
546 609 705 630 venatorum
720 611 794 631 more
807 608 912 639 gentes,
930 609 957 631 et
971 604 1038 631 uni—

253 656 359 675 versum
380 650 517 676 hominum
536 658 621 685 genus
639 649 827 682 erudiendutu,
855 649 946 676 addita
975 657 1036 685 pro-

252 692 399 721 missione:
417 693 485 721 Ecce
503 702 547 729 ego
561 695 691 721 vobiscum
705 703 780 727 sunt;
807 695 958 722 secundum
975 703 1038 722 vero

252 737 364 769 Lucam.
376 739 508 774 Spiritum
523 741 669 776 spondens.
695 740 757 768 Haec
775 748 864 769 autem
882 741 1039 776 promissio.

252 783 295 811 nis
320 784 404 811 verba
432 785 519 819 rcipsa
543 786 715 813 cumulavit:
742 794 803 813 nam
829 786 919 814 divina
938 786 1039 814 virtute

253 830 350 863 cuique
376 835 484 863 astans,
512 832 647 866 inspirans
667 832 749 859 simul
768 837 796 860 et
813 840 971 867 cooperans,
992 840 1038 859 ne-

253 876 318 910 gotii
336 883 491 904 successum
506 877 688 910 conﬁrmavit,
698 884 797 912 eosque
813 877 956 912 magistros
968 877 1038 912 apud

252 929 346 949 omnes
368 928 461 956 gentes
478 923 583 951 tradita:
599 931 613 950 a
636 931 666 951 se
684 924 820 959 religionis
833 923 981 950 constituit.

1088 285 1202 320 πλάνης,
1224 285 1358 320 μιάσμασί
1380 294 1410 312 τε
1428 285 1564 316 παντοίοις
1583 285 1788 320 ἐνισχημένους,
1811 285 1872 321 ἄρτι

1087 339 1117 357 τε
1132 330 1238 366 πρῶτον
1249 330 1278 364 ἐξ
1289 331 1438 358 ἀκολάστου
1455 330 1502 357 καὶ
1514 330 1670 365 παρανόμου
1687 330 1745 364 βίου
1760 329 1871 365 μεταϐε-

1088 376 1247 412 ϐλημένους,
1265 376 1381 408 Τούτους
1395 377 1422 403 δέ
1438 377 1485 403 καὶ
1504 376 1638 403 διδάσκειν
1655 376 1784 412 παραινεί
1806 376 1873 411 μετὰ

1088 422 1136 457 τὴν
1148 422 1334 457 ἀποκάθαρσιν
1355 422 1404 458 τὴν
1420 422 1464 449 διὰ
1483 422 1531 458 τῆς
1547 422 1629 449 αὺτοῦ
1648 423 1782 457 μυστικῆς
1803 421 1874 449 διδα-

1089 468 1212 502 σκαλίας,
1223 468 1252 494 οὐ
1264 468 1298 495 τὰ
1311 468 1444 495 Ἰουδαϊκὰ
1451 468 1675 504 παραγγέλματα,
1684 469 1745 494 οὐδὲ
1754 468 1788 494 τὰ
1801 468 1874 503 παρὰ

1088 514 1200 540 Μωῦσεῖ
1218 513 1332 549 νόμιμα,
1348 514 1405 541 ἀλλ’
1423 515 1473 541 ὅσα
1490 514 1582 546 αὐτοῖς
1603 514 1754 541 ἐνετείλατο
1775 514 1874 548 φυλάτ-

1088 568 1154 585 τειν.
1172 559 1264 586 Ταῦτα
1278 559 1300 585 δ’
1315 557 1350 595 ἦν
1365 559 1384 587 ἃ.
1404 559 1437 596 δὴ
1458 559 1610 595 συμφώνως
1625 561 1648 586 οί
1671 560 1773 591 πάντες
1796 560 1875 586 ἐκπε-

1090 604 1239 639 ριελθόντες
1261 605 1348 631 πάντα
1365 605 1399 632 τὰ
1421 605 1483 641 ἔθνη
1510 605 1718 641 παραδεδώκασι
1733 606 1795 637 ταις
1815 605 1874 632 καθ’

1088 650 1153 684 ὅλης
1165 649 1215 684 τῆς
1231 651 1391 686 οἰκουμένης
1399 651 1581 686 Ἐκκλησίαις.
1600 651 1770 686 ’Δναγκαίως
1787 651 1815 678 δὲ
1829 652 1877 678 af»

1088 696 1152 727 τοὺς
1163 695 1322 732 προτρέπει,
1339 696 1385 723 καὶ
1398 697 1617 733 προθυμοτέρους
1628 695 1817 732 ἀπεργάζεται
1831 697 1876 722 ἐπὶ

1088 742 1118 768 τὸ
1129 741 1260 777 θηρεῦσαι
1275 742 1426 778 περιελθεῖν
1445 751 1474 769 τε
1487 743 1576 770 πάντα
1588 742 1622 769 τά
1633 742 1707 778 ἔθνη,
1724 743 1773 769 καὶ
1792 741 1878 778 μαθη-

1087 787 1182 814 τεῦσαι
1202 788 1255 814 πᾶν
1274 787 1351 821 γένος
1367 787 1528 823 ἀνθρώπων,
1542 788 1575 814 δι’
1589 785 1622 823 ἦς
1637 787 1788 823 πεποίηται
1809 788 1876 824 πρὸς

1089 833 1187 864 αὐτους
1207 833 1380 867 ὑποσχέσεως
1400 833 1498 860 εἰπών·
1524 835 1578 861 Kal
1594 834 1658 861 ἰδοὺ
1670 834 1729 869 ἐγώ
1743 835 1802 868 ειμι
1813 833 1877 868 μεθ’

1089 877 1168 912 ὑμῶν
1179 887 1185 893 ·
1204 879 1274 905 κατὰ
1286 879 1314 905 δὲ
1330 880 1446 911 Λουκᾶν,
1461 879 1492 906 τὸ
1509 879 1619 914 Πνεῦμα
1633 879 1877 915 ἐπαγγειλάμενος.

1053 915 1074 942 Β
1088 924 1181 959 Τούτῳ
1192 923 1220 950 δὲ
1230 924 1268 959 τῷ
1275 924 1323 960 τῆς
1335 924 1498 959 ἐπαγγελίας
1507 925 1577 960 λόγῳ
1586 925 1664 960 ἔργον
1674 926 1791 957 ἐπιθεὶς,
1800 925 1876 960 θεῖκῇ

253 977 283 996 τε
293 969 405 1004 δυνάμει
418 970 525 1006 ἑκάστῳ
542 970 638 1003 συνὼν,
656 971 800 1006 συμπνέων
812 980 840 997 τε
852 971 942 1002 αὐτοῖς
956 970 1003 996 καὶ
1016 970 1163 1005 συνεργῶν,
1183 970 1353 998 επιστώσατο
1368 971 1397 998 τὸ
1410 972 1583 1008 κατόρθωμα,
1594 972 1774 1004 διδασκάλους
1785 981 1816 998 τε
1831 971 1880 998 αὺ-

253 1015 316 1047 τοὺς
331 1015 385 1042 τῶν
396 1016 480 1042 ἐθνῶν
496 1016 622 1044 ἁπάντων
643 1017 693 1051 τῆς
710 1018 755 1044 ὑπ’
770 1016 851 1044 αὐτοῦ
868 1016 1067 1053 παραδοθείσης
1080 1016 1232 1049 Θεοσεϐειας
1247 1017 1482 1053 ἀποδεικνύμενος.

290 1061 316 1089 2.
329 1061 384 1088 Hac
397 1062 433 1089 illi
444 1063 622 1098 promissione
631 1063 697 1095 nixi,
706 1071 788 1098 opere
803 1064 860 1098 ipso
876 1063 948 1090 illius
958 1065 1039 1090 verba

254 1107 449 1143 complebant:
470 1109 595 1143 protinus
620 1110 691 1136 enint
716 1109 782 1136 nihil
803 1114 950 1141 morantes,
967 1109 1039 1136 omni

254 1161 315 1181 cum
325 1154 465 1182 alacritate
475 1156 508 1181 ad
518 1156 635 1189 gentium
648 1156 829 1190 magisterium
840 1155 1040 1182 discurrebant.

255 1199 323 1226 Tum
338 1200 395 1234 ipso
410 1201 448 1228 rei
461 1207 558 1228 eventu
571 1203 704 1235 persuasi,
716 1201 855 1236 oculisque
874 1209 935 1228 eum
949 1202 1042 1229 viven-

256 1251 309 1273 tem
323 1251 466 1273 cernentes
477 1247 523 1281 qui
539 1247 618 1281 paulo
633 1251 712 1274 antea
733 1248 884 1275 exstinctus
901 1247 1000 1281 fuerat,
1014 1252 1043 1274 et

254 1299 335 1326 quem
352 1299 413 1319 cum
432 1292 620 1326 jurejurando,
631 1298 742 1327 propter
757 1300 788 1319 ea
802 1300 862 1327 qua:
875 1292 1040 1324 acciderant,

256 1341 438 1371 negaverant;
449 1337 528 1370 hunc,
541 1337 661 1371 inquam,
675 1342 826 1372 spectantes
835 1337 974 1364 evidenter
982 1345 1042 1371 per-

257 1381 442 1416 soualiterque
461 1386 631 1416 praesentem,
653 1389 679 1410 et
704 1391 779 1411 more
794 1383 875 1417 solito
902 1383 1041 1417 alloquen-

257 1433 323 1460 tem,
335 1433 363 1454 et
374 1435 404 1455 ea
416 1436 477 1463 qua:
492 1427 548 1462 jam
566 1437 615 1456 nos
629 1429 745 1457 diximus
766 1430 966 1465 promittentem
987 1438 993 1454 :
1015 1428 1041 1455 in

257 1477 376 1506 tantum,
391 1478 420 1500 ut
442 1482 456 1501 a
473 1475 607 1508 promisw
621 1482 651 1502 se
665 1475 791 1502 excidere
812 1474 882 1501 haud
898 1482 978 1509 posse
990 1481 1042 1500 co—

257 1525 430 1554 gnoscerent,
456 1525 565 1555 propter
583 1520 700 1548 oblatam
715 1521 801 1548 oculis
832 1521 1041 1556 apparitionem.

258 1566 325 1600 Quae
339 1566 389 1594 nisi
416 1567 451 1593 ita
465 1574 494 1594 se
507 1567 648 1600 haberent,
671 1567 791 1601 profecto
802 1567 834 1593 ad
850 1570 982 1601 pnecepta
999 1565 1041 1592 illa

259 1613 436 1647 torpuissent.
464 1613 622 1641 rusticitatis
647 1621 702 1640 sua:
731 1617 759 1641 et
795 1613 911 1639 idioticze
932 1611 1043 1645 loquela:

259 1659 374 1692 conscii.
398 1659 476 1694 cujus
501 1667 582 1686 causa
607 1659 722 1686 olIicium
750 1659 866 1686 fortasse
894 1659 1043 1685 detrectas-

1127 1063 1158 1098 β’.
1171 1064 1261 1099 Ταυτῃ
1273 1063 1338 1098 γοῦν
1348 1064 1580 1100 ὲπιθαρσήσαντες
1588 1066 1621 1100 τῇ
1630 1063 1794 1099 ἐπαγγελίᾳ.
1803 1064 1876 1099 ἔργῳ

1091 1109 1152 1141 τοὺς
1167 1110 1248 1137 αὐτοῦ
1265 1110 1360 1144 λόγους
1377 1110 1511 1146 ἐπλήρουν
1521 1119 1528 1125 ·
1549 1111 1647 1138 αὐτίκα
1661 1111 1745 1146 μηδὲν
1765 1110 1879 1145 ὑπερθέ-

1093 1167 1178 1192 μενοι,
1191 1159 1238 1185 σῦν
1260 1167 1333 1193 πασῃ
1357 1158 1495 1194 προθυμίᾳ
1517 1159 1661 1194 περιῆλθον
1686 1159 1735 1186 ἐπὶ
1755 1159 1805 1194 τὴν
1826 1158 1879 1185 τῶν

1092 1204 1175 1231 ἐθνῶν
1183 1204 1364 1231 διδασκαλίαν·
1375 1205 1447 1240 ἔργῳ
1457 1205 1506 1240 μέν
1514 1205 1588 1240 αὺτῷ
1596 1204 1802 1240 παραλαϐόντες
1813 1205 1879 1240 (55),

1093 1251 1139 1279 καὶ
1149 1250 1297 1284 ὀφθαλμοῖς
1311 1250 1428 1286 ὁρῶντες
1439 1250 1527 1282 ζῶντα
1540 1251 1586 1277 τδν
1598 1251 1650 1286 πρὸ
1670 1250 1772 1286 μικροῦ
1790 1250 1880 1277 θανόν-

1091 1305 1136 1327 τα⁷
1153 1296 1199 1322 καὶ
1210 1296 1239 1322 ὃν
1252 1295 1425 1331 ἐξωμόσαντο
1437 1296 1619 1332 ἀρνησάμενοι
1634 1296 1678 1324 διὰ
1693 1296 1730 1323 τὰ
1742 1295 1878 1332 συμϐεϐη-

1093 1341 1168 1373 κότα,
1182 1341 1276 1367 τοῦτον
1289 1341 1369 1367 αὐτὸν
1379 1341 1502 1376 ἐναργῶς
1517 1342 1564 1368 καὶ
1574 1341 1798 1377 αὑτοπροσώπως
1813 1349 1879 1376 παρ-

1092 1387 1156 1413 όντα
1172 1387 1218 1413 καὶ
1240 1386 1361 1422 συνήθως
1387 1386 1656 1422 προσδιαλεγόμενον,
1680 1385 1879 1421 ἐπαγγελλόμε-

1092 1432 1137 1459 νόν
1151 1441 1181 1458 τε
1192 1432 1282 1463 αὐτοῖς
1295 1432 1328 1458 τὰ
1346 1432 1562 1468 προλελεγμένα”
1579 1433 1629 1459 οὐκ
1642 1432 1752 1468 ἔχοντες
1765 1432 1794 1458 δὲ
1808 1431 1878 1463 ὅπως

1092 1478 1124 1505 ὰν
1138 1478 1312 1512 ἀποστήσωτι
1328 1477 1376 1512 τῆς
1390 1478 1554 1512 ἐπαγγελίας
1568 1477 1610 1504 διὰ
1623 1477 1673 1512 τὴν
1689 1476 1879 1513 θεωρουμένην

1092 1523 1161 1558 ὅφιν.
1178 1521 1218 1549 Ἦ
1234 1523 1289 1558 γὰρ
1303 1524 1336 1550 ἃν
1348 1524 1394 1550 καὶ
1409 1523 1573 1558 ἀπώκνησαν
1591 1523 1657 1558 πρὸς
1674 1522 1706 1549 τὸ
1731 1523 1877 1557 ἐπίταγμα,

1093 1569 1237 1605 ἀγροικίαν
1253 1569 1358 1601 ἑαυτοῖς
1371 1570 1418 1596 καὶ
1430 1569 1516 1603 λόγων
1534 1568 1667 1596 ὶδιωτείαν
1682 1567 1880 1602 συγγινώσκον-

1092 1624 1147 1647 τες,
1166 1615 1199 1641 δι’
1215 1617 1247 1650 ἢν
1264 1615 1333 1650 τάχα
1348 1615 1379 1642 ἂν
1391 1616 1438 1642 καὶ
1452 1615 1644 1652 παρῃτήσαντο
1654 1622 1662 1629 ·
1680 1614 1796 1644 εἰκότως
1806 1612 1877 1646 λογι-

1094 1661 1215 1696 σάμενοι,
1228 1669 1265 1692 ως
1279 1661 1327 1697 οὺχ
1341 1659 1394 1687 οἷόν
1409 1669 1438 1686 τε
1453 1658 1488 1696 ἢν
1501 1660 1603 1695 Σύρους
1616 1659 1665 1695 τὴν
1678 1659 1814 1693 γλῶτταν,
1833 1658 1878 1683 καὶ

258 1709 335 1737 sent;
353 1709 426 1732 recte
448 1705 597 1739 cogitantes
610 1705 667 1732 ﬁeri
690 1705 762 1732 haud
785 1711 863 1738 posse
877 1709 907 1731 ut
921 1703 1042 1731 homines

1095 1705 1175 1731 πλέον
1191 1705 1294 1736 ἁλιείας
1310 1705 1392 1740 μηδὲν
1401 1705 1609 1740 ἐπισταμένους,
1624 1704 1801 1734 διδασκάλους
1815 1701 1879 1736 ὁμοῦ

259 1752 349 1788 lingua
366 1751 439 1788 Syri,
460 1757 488 1779 et
504 1756 600 1786 [ιι-αξιοι·
623 1756 710 1777 artem
735 1751 908 1785 piscatoriam
923 1750 1043 1777 muniqu

259 1797 358 1832 ignari,
376 1798 496 1833 magistri
517 1797 744 1824 constituerentur
754 1796 1045 1824 Grascorumsimolet

259 1843 456 1876 Romanorum,
465 1843 651 1879 Egyptiorum
667 1848 695 1870 et
706 1843 860 1875 Persarum,
873 1843 1044 1878 aliarumque

259 1891 378 1925 gentium
394 1890 580 1920 barbararum.
595 1889 718 1924 legesque
734 1889 836 1916 ferrent
851 1897 941 1916 coram
957 1889 1044 1923 legum

260 1938 392 1966 latoribus
423 1939 601 1973 regibusque,
634 1937 786 1964 contrarias
812 1937 845 1963 iis
874 1936 1045 1972 opinionibus

260 1991 320 2017 quae
339 1983 372 2010 de
383 1983 519 2017 primariis
532 1983 584 2009 diis
600 1990 633 2009 ex
649 1982 721 2008 omni
738 1989 795 2008 τονο
809 1982 978 2008 exstiterant.
993 1982 1044 2008 Sed

260 2028 318 2055 luec
333 2035 442 2055 versare
457 2028 548 2054 animo
564 2035 616 2053 non
633 2027 732 2054 licebat
751 2028 815 2059 illis,
829 2028 874 2062 qui
887 2035 980 2053 vocem
999 2027 1045 2053 Dei

261 2073 377 2100 dicentis
389 2073 632 2099 audierantzEcce
657 2081 702 2108 ego
725 2073 853 2099 vobiscum
880 2081 953 2104 sum;
975 2080 1044 2106 quo—

262 2118 334 2149 niam
355 2118 495 2145 evidenter
517 2123 680 2153 aspexerant
710 2118 845 2152 loquentis
876 2117 1044 2144 divinitatem

261 2164 342 2195 morti
352 2163 518 2198 superiorem
534 2164 699 2198 apparuisse.
717 2163 783 2190 Hinc
798 2171 844 2190 cos
859 2163 1046 2191 inobedientiac

261 2211 345 2238 timor
360 2211 479 2243 incessit,
493 2210 606 2245 ideoque
624 2210 751 2245 periculis
766 2218 795 2237 se
805 2209 988 2243 objectabant,
1000 2217 1043 2236 ac-

261 2263 338 2292 cepta
354 2264 368 2284 a
385 2257 513 2291 magistro
529 2257 609 2284 arrha
622 2257 683 2284 vine
699 2261 758 2291 post
775 2261 888 2283 mortem
909 2257 1044 2288 vivcndtc;

260 2309 414 2338 magnoque
430 2302 520 2329 animo
544 2307 656 2329 cunctas
671 2308 763 2337 gentes
783 2302 905 2332 obibant.
923 2302 1045 2336 magistri

262 2347 302 2374 sui
326 2348 519 2382 promissiones
540 2355 622 2382 opere
643 2348 837 2377 continuantes
854 2347 910 2382 (55)
926 2356 933 2374 ε
948 2348 1046 2382 quibus

260 2394 342 2422 etiam
353 2395 477 2422 dixerat;
495 2393 548 2421 Vos
565 2394 630 2421 estis
646 2394 742 2421 horum
756 2398 849 2425 testes.
867 2394 961 2421 mortis
974 2394 1047 2421 vide-

262 2439 325 2467 licet
338 2447 369 2466 ac
381 2440 600 2467 resurrectionis.

296 2487 323 2515 5.
340 2486 406 2514 Cum
421 2494 486 2521 ergo
504 2486 589 2513 semel
616 2485 781 2513 declarasset
805 2490 930 2520 oportere
953 2486 979 2513 in
998 2494 1049 2514 no-

210 2547 214 2551 -
262 2534 336 2561 mine
351 2533 410 2567 ejus
430 2532 570 2572 praedicari
591 2533 779 2567 paenitentiam
796 2535 821 2560 in
838 2533 943 2560 cunctis
962 2533 1050 2567 genti-

263 2580 329 2612 bus;
351 2579 401 2606 nisi
413 2578 482 2606 facta
499 2578 589 2606 verbis
605 2583 695 2612 postea
707 2579 917 2611 conScnsissent,
930 2586 962 2605 ne
975 2579 1047 2605 illum

262 2626 372 2660 quidem
386 2634 400 2653 a
414 2626 527 2654 mortuis
541 2626 672 2652 revixisse
684 2625 868 2653 crederemus.
894 2623 941 2652 Sin
960 2626 1048 2659 potius

265 2672 297 2701 ad
314 2672 382 2702 hanc
400 2680 485 2707 usque
501 2672 571 2699 diem
585 2677 611 2699 et
620 2679 690 2702 nime
703 2672 784 2700 etiam
796 2670 936 2705 praedictio
952 2670 977 2697 in
993 2678 1048 2696 rem

302 2758 358 2793 (F63)
371 2758 455 2787 Aliter
466 2758 691 2793 bicinlerpungit,
705 2762 955 2792 consequenterque
969 2757 1051 2783 inter-

264 2799 386 2833 pretatur
398 2794 486 2833 editur
497 2793 608 2833 liuglus.

305 2828 361 2860 (5.5)
373 2828 435 2854 Abit
449 2829 474 2854 in
489 2825 570 2854 aliuin
585 2835 694 2861 prorsus
711 2835 820 2853 sensum
838 2826 945 2860 Anglit-a
960 2834 990 2852 cx
1005 2825 1051 2860 Sy-

266 2865 340 2894 riaco
369 2863 557 2895 interpretatio
575 2871 582 2888 :
602 2862 753 2895 liespectiug
777 2862 840 2888 with
860 2862 975 2887 however
992 2861 1050 2894 they

267 2900 319 2931 had
330 2897 491 2930 rnlcrtaiued
505 2898 571 2925 rm.
591 2897 715 2930 (S'y't'taco
731 2901 805 2929 testu
823 2903 865 2927 me
879 2903 972 2923 carere
997 2903 1050 2923 non

1101 1751 1295 1787 Ἑλλήνωνακα).
1320 1751 1471 1787 Ῥωμαίων,
1487 1750 1642 1784 Αἰγυπτίων
1660 1758 1691 1776 τε
1710 1751 1758 1776 καὶ
1770 1748 1879 1784 Περσῶν

1096 1797 1141 1823 καὶ
1163 1797 1216 1823 τῶν
1234 1797 1334 1823 λοιπῶν
1349 1797 1493 1833 βαρόάρων
1509 1796 1593 1823 ἐθνῶν
1614 1796 1793 1827 καταστῆναι,
1809 1796 1879 1822 ἀντι-

1095 1843 1273 1878 νομοθετῆσαί
1293 1852 1323 1869 τε
1346 1845 1402 1875 τοίς
1419 1842 1574 1878 ἁπανταχοῦ
1598 1842 1651 1877 γῆς
1672 1843 1831 1878 νομοθέταις
1851 1849 1878 1867 τε

1096 1890 1142 1916 καὶ
1160 1889 1308 1924 βασιλεῦσι,
1325 1890 1456 1916 τάναντία
1472 1891 1528 1921 τοῖς
1540 1889 1603 1924 περὶ
1615 1888 1669 1915 τῶν
1684 1888 1800 1924 πρώτων
1813 1886 1879 1913 θεῶν

1095 1937 1127 1962 ἐκ
1147 1935 1194 1962 τοῦ
1215 1936 1315 1966 παντὸς
1338 1935 1434 1967 αἰῶνος
1457 1933 1638 1970 δεδογμένοις.
1660 1933 1732 1960 Ἀλλ’
1749 1934 1798 1960 οὐκ
1819 1931 1879 1966 ἐξῆν

1095 1982 1185 2013 αὐτοῖς
1197 1981 1284 2008 ταῦτα
1300 1981 1471 2014 διανοεῖσθαι,
1487 1980 1620 2007 ἀκούσασι
1638 1981 1687 2016 μὲν
1704 1980 1774 2007 Θεοῦ
1793 1978 1879 2013 φωνῆς

1095 2027 1227 2062 λεγούσης
1239 2028 1340 2058 αὐτοῖς,
1360 2026 1435 2054 Ἰδοὺ
1454 2026 1511 2061 ἐγὼ
1533 2028 1596 2061 μεθ’
1615 2026 1699 2061 ὑμῶν
1711 2028 1787 2061 ειμι,
1799 2023 1879 2060 ὁρῶσι

1095 2074 1123 2100 δέ
1136 2074 1244 2108 ἐναργῆ
1261 2073 1309 2108 τὴν
1325 2073 1371 2099 τοῦ
1388 2073 1529 2104 λαλοῦντος
1544 2072 1657 2107 θεότητα
1678 2072 1818 2107 κρείττονα
1835 2071 1879 2095 θα-

1096 2120 1177 2147 νάτου
1195 2119 1339 2154 φανθεῖσαν
1349 2128 1356 2134 ο
1377 2119 1417 2146 διὸ
1433 2119 1480 2146 καὶ
1490 2119 1548 2150 δέος
1570 2119 1661 2150 αὐτοῖς
1678 2118 1729 2153 τῆς
1743 2115 1878 2152 παρακσῆς

1096 2165 1181 2200 εἰσῄει
1195 2165 1261 2199 (54).
1277 2165 1372 2191 Ἔνθεν
1384 2165 1466 2200 ὁμόσε
1476 2166 1532 2196 τοῖς
1546 2164 1678 2196 κινδύνοις
1694 2163 1823 2200 ἐχώρουν,
1833 2162 1879 2196 τῆς

1098 2212 1167 2247 μετὰ
1178 2211 1292 2238 Θάνατον
1307 2211 1380 2246 ζωῆς
1393 2211 1468 2246 παρὰ
1479 2210 1526 2237 τοῦ
1539 2210 1698 2237 διδασκάλου
1710 2210 1834 2239 λαΰόντες
1847 2206 1880 2233 τὰ

1097 2256 1232 2292 ἐχέγγυα.-
1250 2256 1383 2291 προῆλθόν
1398 2265 1427 2283 τε
1445 2255 1585 2291 εὐθαρσῶς
1598 2256 1644 2282 ἐπὶ
1662 2255 1712 2291 τὴν
1730 2255 1783 2282 τῶν
1796 2253 1878 2281 ἁπάν-

1096 2311 1150 2329 των
1168 2302 1251 2329 ὲθνῶν
1272 2302 1404 2337 περίοδον,
1421 2301 1468 2328 τοῦ
1488 2309 1563 2335 σφων
1583 2300 1741 2328 διδασκάλου
1756 2299 1805 2331 τὰς
1819 2299 1880 2325 ὑπο-

1100 2348 1205 2383 σχέσεις
1225 2348 1314 2384 ἐργοις
1335 2347 1524 2383 πιστούμενοι·
1542 2344 1582 2378 οἷς
1599 2347 1645 2373 καὶ
1656 2346 1708 2382 ἔφη
1719 2355 1726 2362 ’
1745 2346 1835 2380 Ὑμεῖς
1852 2342 1878 2371 δέ

1101 2396 1163 2425 ὲστε
1186 2394 1322 2429 μάρτυρες
1344 2393 1456 2425 τούτων,
1472 2392 1518 2419 τοῦ
1530 2392 1644 2418 θανάτου
1659 2391 1760 2427 δηλαδὴ
1774 2390 1819 2417 καὶ
1834 2388 1879 2423 τῆς

1101 2440 1282 2471 ἀναστάσεως.

1137 2485 1241 2521 (55-56)
1255 2489 1289 2519 γ’.
1307 2485 1396 2518 ’Ἃπαξ
1408 2483 1453 2512 οὖν
1464 2484 1676 2520 ἀποφηναμένου
1685 2484 1739 2511 δεῖν
1748 2480 1878 2518 κηρυχθῆ-

1102 2531 1147 2557 ὲπὶ
1156 2531 1195 2565 τῷ
1206 2531 1316 2565 ὀνόματι
1327 2531 1407 2558 αὐτοῦ
1419 2531 1561 2565 μετάνοιαν
1573 2530 1619 2556 ἐπὶ
1631 2530 1721 2557 πάντα
1734 2529 1766 2556 τὰ
1776 2528 1846 2561 ἔθνη,
1855 2525 1876 2551 εἰ

1101 2586 1144 2603 ναι
1154 2576 1190 2612 μὴ
1198 2575 1243 2603 τοῦ
1248 2585 1310 2612 ργον
1326 2577 1526 2612 ὲπηκολούθηκε
1536 2576 1574 2610 τῷ
1582 2575 1662 2611 λόγῳ,
1674 2575 1741 2611 μηδέ
1755 2574 1787 2601 τὰ
1794 2573 1840 2607 τῆς
1847 2572 1876 2596 ἐκ

1101 2622 1204 2658 νεκρῶν
1222 2622 1394 2653 ἁναϐιώσεως
1411 2622 1492 2649 αὐτοῦ
1517 2621 1702 2649 πιστευέσθω’
1717 2621 1740 2647 εἰ
1757 2619 1784 2645 δέ
1800 2616 1876 2643 εἰσέτι

1102 2670 1148 2696 καὶ
1169 2668 1216 2696 νῦν
1234 2668 1268 2695 τὰ
1290 2669 1338 2703 τῆς
1361 2670 1538 2704 προρρήσεως
1555 2669 1594 2705 εἰς
1616 2667 1694 2707 ἔργον
1718 2665 1807 2702 χωρεῖ,
1821 2662 1834 2688 ὅ
1849 2669 1875 2687 τε

1105 2757 1187 2784 semel
1200 2757 1262 2784 alibi
1282 2757 1359 2791 dixi.)
1575 2790 1604 2792 η
1709 2790 1714 2792 _
1782 2787 1787 2792 '

1141 2792 1246 2825 (55-56)
1260 2792 1308 2819 llic.
1325 2791 1561 2827 praetermittitura
1575 2790 1666 2827 Nic-ets
1675 2790 1808 2827 celogurio.
1818 2790 1874 2827 pars

1105 2822 1243 2862 aliquanta
1256 2822 1398 2862 Eusebiani
1411 2831 1508 2862 textus,
1524 2833 1582 2862 qua:
1594 2825 1688 2862 legitur
1699 2822 1874 2862 iquglican-‘t

1104 2858 1267 2896 ediiione,p.
1284 2862 1346 2895 2'27.
1363 2861 1483 2900 Tlteoph.
1501 2858 1539 2895 tv,
1552 2860 1577 2888 9.
1594 2860 1672 2898 Angl.
1688 2868 1713 2896 p.
1729 2858 1789 2889 2%.
