2045 3215
148 175 201 205 657

815 178 860 205 DE
881 178 1112 208 THEOPHANIA.

1717 178 1769 206 658

149 235 230 262 Δασὶδ
242 235 365 274 γέγονεν,
374 235 417 262 ὅτε
436 236 525 272 ἔκρινε
541 235 590 272 τὴν
602 236 758 273 παραϐολὴν
774 237 821 264 τοῦ
834 238 936 266 Νάθαν.

991 239 1123 267 Nathanis
1136 238 1265 275 parabola
1278 239 1411 272 judicium
1425 238 1498 266 tulit.
1519 237 1712 266 Verumtamen
1730 237 1769 264 Illi

156 281 264 316 Ἐπειδὴ
280 280 308 307 δὲ
326 280 440 316 ᾔσθοντο
457 281 510 308 τῶν
539 282 703 317 εἰρημένων,
721 282 781 309 τότε
801 281 876 309 εἷπον
899 283 936 319 μὴ

150 327 263 361 γένοιτο.
281 326 367 353 Τοῦτο
380 327 469 362 μέντοι
493 327 542 363 ἤδη
557 327 646 363 τρίτον
662 327 736 363 παρά
749 328 881 364 Ματθαὶῳ
894 328 938 355 διὰ

150 372 233 415 τριῶν
242 371 404 408 παραϐολῶν
410 373 456 399 τοῦ
465 373 625 408 ἀμπελῶνος
637 373 838 410 ἐμνημόνευσεν
847 383 853 389 ·
870 374 938 402 ἀλλὰ

151 418 194 444 διὰ
219 418 267 453 μὲν
283 419 332 453 τῆς
345 419 456 454 πρώτης
469 419 614 455 διαφόρους
638 419 750 455 κλήσεις
771 419 865 455 ἐδήλου
884 420 937 448 τῶν

151 465 196 490 ἐπὶ
209 465 260 500 τὴν
281 465 410 500 ἐργασίαν
427 466 475 492 τοῦ
494 466 653 501 ἀμπελῶνος
679 466 883 501 παρελθόντωνο
897 464 937 498 οἷς

154 512 234 537 πᾶσιν
251 511 280 543 ἐξ
296 511 352 538 ἴσου
373 512 467 547 μισθὸν
493 513 609 539 ἐνεδίδου
628 513 658 539 τὺ
672 513 798 549 δηνάριον
810 521 817 528 ·
843 513 887 540 διὰ
909 513 938 540 δὲ

152 558 201 593 τῆς
224 558 364 593 δευτέρας,
387 558 433 585 δύο
459 558 524 586 υἱῶν
547 559 644 594 κλῆσιν
661 560 794 595 ᾐνίττετο·
817 559 865 587 τοῦ
888 560 938 594 μὲν

151 603 318 639 ἀρνουμένου
330 603 363 630 τὰ
383 603 488 638 πρῶτα,
501 603 546 630 ἐπὶ
564 603 635 630 τέλει
651 604 679 631 δὲ
702 605 750 640 τὴν
763 605 884 640 ὑπακοὴν
897 606 939 631 ὲν-

150 649 336 683 δεικνυμένου,
349 650 395 676 καὶ
404 651 445 681 εἰς
460 650 506 676 τὸν
519 650 668 685 ἀμπελῶνα
681 651 873 687 ἐργαζομένου·
889 651 937 678 τοῦ

150 695 177 721 δὲ
193 696 227 729 τῇ
244 695 353 730 ἐναντία
376 696 546 730 κεχρημένου
571 696 747 731 προαιρέσει·
777 696 820 723 διὰ
838 697 865 723 δὲ
889 696 938 731 τῆς

152 739 292 776 παρούσης
309 740 467 776 παραϐολῆς
484 741 628 776 μετάθεσιν
643 742 762 776 παντελῆ
781 742 828 768 τοῦ
850 742 938 777 ἀμπε-

151 786 234 818 λῶνος
252 787 267 812 ὸ
282 786 360 820 λόγος
378 786 497 813 διδάσκει
520 787 574 814 ἀπὸ
591 787 729 823 προτέρων
747 787 877 822 γεωργῶν
893 787 938 814 ἐπὶ

150 831 308 867 δευτέρους·
327 833 373 859 καὶ
387 832 436 868 τὴν
453 834 541 859 αἰτίαν
560 833 744 869 σημαίνειτῆς
757 834 936 869 μεταθέσεως.

150 877 241 912 Κάμοὶ
255 877 329 904 δοκεῖ
345 878 549 913 μετατεθεῖσθαι
563 879 612 914 μὲν
636 880 691 906 ἀπὸ
705 879 753 906 τοῦ
773 880 939 914 ἐπαγγειλα-

152 921 232 956 μένου
251 923 299 958 μὲν
313 923 478 958 ἐργάσασθαι
496 924 565 955 υἱοῦ,
585 925 621 960 μὴ
640 926 692 961 μὴν
705 925 785 961 ἔργον
797 926 937 958 ἐπιθέντος

150 967 270 1004 τῷλόγῳ
282 977 289 984 ³
312 969 432 996 δεδόσθαι
450 970 478 996 δὲ
501 969 541 1005 τῷ
557 971 738 1007 ἀρνησαμένῳ
754 973 812 998 κατ’
838 972 936 1007 ἀρχὰς,

151 1014 223 1050 ἔργῳ
236 1014 265 1041 δὲ
278 1015 323 1042 ἐπὶ
338 1015 408 1042 τέλει
421 1016 452 1042 τὸ
471 1016 595 1048 εὐπειθὲς
608 1017 798 1054 ὲνδειξαμένῳ.

185 1099 354 1135 Μφὲστερος
366 1100 388 1126 δ’
397 1100 429 1126 ἂν
441 1102 482 1137 εἴη
494 1102 508 1128 ὁ
520 1101 610 1136 λόγος,
625 1103 649 1130 εἰ
674 1102 706 1128 τὸ
718 1103 843 1135 θεοσεβὲς
864 1103 934 1130 πολῖ-

150 1153 238 1180 τευμα
259 1145 289 1171 τὺ
308 1145 358 1180 τῆς
377 1146 445 1173 Θεοῦ
464 1146 602 1181 βασιλείας
617 1149 716 1176 οἰκεῖον
730 1149 776 1175 τὸν
791 1150 938 1185 ἀμπελῶνα

153 1189 220 1218 εἶναι
234 1187 410 1227 ὲκλάϐὸιμεν·
427 1193 576 1229 προτέρους
592 1194 619 1221 δὲ
638 1194 720 1221 αὑτοῦ
733 1196 871 1231 γεωργοὺς
889 1195 938 1223 οὐκ

152 1238 239 1273 ὀρθῶς
253 1238 440 1274 κεχρημένους
454 1240 486 1274 τῇ
500 1240 626 1276 ἐργασίᾳ,
642 1241 705 1272 τοὺς
718 1241 849 1277 πρότερον
863 1242 938 1278 παρά

157 1284 294 1316 Ἰουδαίοις
308 1285 357 1319 τῆς
375 1285 448 1317 Θείας
475 1285 602 1320 γνώσεως
623 1286 853 1322 κατηξιωμένους,
875 1288 938 1320 τοὺς

153 1330 251 1361 αὐτοὺς
265 1330 344 1362 ὄντας
367 1331 407 1357 ὲν).
428 1331 481 1358 τῶν
499 1331 563 1358 υἱῶν
580 1332 619 1367 τῷ
634 1332 852 1369 διαϐεϐλημένῳ·
877 1333 937 1360 δευ-

151 1376 247 1412 τέρους
268 1377 296 1404 δὲ
313 1378 463 1413 γεωργοὺς,
477 1378 540 1410 τοὺς
567 1379 612 1405 τὸν
640 1379 812 1416 ὀφειλόμενον
833 1382 938 1417 καρπὸν

152 1421 223 1448 κατὰ
240 1423 333 1458 καιρὸν
346 1423 530 1456 ἀποδιδόντας,
544 1424 606 1456 τοὺς
628 1423 657 1456 ἐξ
669 1425 751 1452 ὲθνῶν
763 1426 807 1455 ὂιά
822 1426 938 1461 Χριστοῦ

151 1468 200 1502 τὴν
218 1467 264 1494 τις
278 1468 344 1494 Θεοῦ
359 1468 459 1502 γνῶσιν
472 1469 659 1504 ἀνειληφότας,
675 1471 737 1502 τοὺς
750 1471 847 1501 αὐτοὺς
860 1471 939 1504 ὄντας

152 1512 191 1548 τῷ
204 1512 253 1547 υἱῷ
265 1513 302 1548 τῷ
316 1515 345 1539 τὸ
360 1513 485 1546 εὐπειθὲς
497 1515 544 1541 καὶ
554 1515 672 1551 ὑπήκοον
686 1517 724 1552 τῷ
738 1518 822 1553 πατρὶ
845 1518 939 1554 ἔργοις

153 1559 371 1595 ὲπιδεδειγμένῳ.
385 1560 422 1586 Τὸ
437 1560 464 1587 δὲ
477 1560 563 1587 αἴτιον
577 1561 623 1587 τοῦ
639 1562 771 1598 ληφθῆναι
789 1565 854 1602 παρ’
867 1565 939 1591 ὲκεί-

153 1614 206 1632 νων
222 1605 267 1632 τὸν
288 1606 447 1640 ἀμπελῶνα,
474 1607 534 1634 ἐπεὶ
557 1607 593 1642 μὴ
617 1607 724 1643 εἴρηται
749 1608 792 1635 διὰ
815 1610 864 1645 τῆς
883 1610 938 1637 τῶν

151 1651 216 1679 υἱῶν
228 1652 395 1687 παραϐολῆς,
406 1653 561 1687 ἀναγκαίως
571 1653 614 1680 διὰ
625 1654 674 1689 τῆς
690 1654 758 1689 μετὰ
769 1654 863 1691 χεῖρας
871 1666 941 1694 παρ-

154 1697 255 1733 ίστησι.
281 1697 366 1724 Τοῦτο
382 1698 404 1725 δ’
422 1696 497 1735 ἦντὸ
515 1699 553 1735 μὴ
577 1700 646 1726 κατὰ
666 1700 711 1727 τὸν
731 1701 824 1728 δέοντα
846 1704 940 1739 καιρὸν

152 1744 297 1770 ἀποδοῦναι
323 1745 386 1775 τοῦς
414 1746 535 1780 καρποὺς
561 1746 599 1781 τῷ
623 1747 813 1783 οἰκοδεσπότῃ·
835 1749 881 1775 καὶ
908 1750 940 1776 οὐ

152 1791 230 1816 τοῦτο
244 1792 334 1825 μόνον,
351 1791 418 1817 ἀλλὰ
435 1792 481 1817 καὶ
495 1792 524 1818 τὸ
538 1792 730 1822 ἐπιϐουλεῦσαι
739 1795 795 1826 τοῖς
810 1795 942 1822 ἀπεσταλ-

156 1837 245 1874 μένοις
260 1838 304 1863 ἑπὶ
322 1837 401 1872 λήψει
416 1837 468 1864 τῶν
481 1838 592 1874 καρπῶν
611 1839 728 1871 δούλοις·
746 1840 792 1866 καὶ
809 1842 837 1867 οὺ
861 1841 940 1868 τοῦτο

156 1884 245 1919 μόνον,
264 1883 334 1910 ἀλλὰ
348 1884 394 1911 καλ¹
413 1884 444 1910 τὸ
457 1884 506 1919 υἱῷ
521 1886 614 1920 χεῖρας
630 1885 768 1913 ἐπιϐαλεῖν
789 1887 921 1922 τολμῆσαι
931 1897 938 1902 ·

154 1930 182 1956 ὂν
197 1930 363 1965 ἐπιγνόντες,
380 1931 428 1957 καὶ
450 1931 530 1957 αὑτὸν
549 1929 617 1957 εἷναι
633 1931 677 1957 τὸν
692 1932 748 1957 υἱὸν
769 1932 816 1958 τοῦ
839 1933 940 1959 οἰκοδε-

155 1977 253 2004 σπότου
271 1976 495 2012 ὁμολογήσαντες,
509 1978 583 2011 ὅμως
598 1978 713 2009 ἀνεῖλον,
735 1978 829 2004 ἀσεϐεῖ
839 1979 941 2014 χρησά-

157 2033 230 2059 μενοι
244 2023 377 2059 λογισμῷ.
395 2024 455 2050 Τῶν
470 2024 497 2051 δὲ
508 2024 591 2059 τριῶν
608 2024 770 2059 παραϐολῶν
785 2024 831 2050 τοῦ
854 2025 941 2059 ἀμπε-

155 2070 249 2102 λῶνος,
262 2070 312 2104 τὴν
328 2070 375 2104 μὲν
402 2069 512 2106 πρώτην
533 2071 589 2101 τοῖς
608 2070 689 2097 αὑτοῦ
706 2070 841 2106 μαθηταῖς
855 2071 941 2106 παρὲ-

156 2116 228 2147 θετο,
240 2117 269 2142 ὲν
276 2117 308 2151 τῇ
321 2116 449 2151 Γαλιλαίᾳ
458 2117 505 2142 σὺν
517 2117 608 2148 αὐτοῖς
620 2116 779 2152 ποιούμενος
790 2117 939 2152 διατριϐάς·

154 2162 249 2198 διόπερ
263 2162 364 2194 πάντας
379 2162 538 2198 ἀνθρώπους
558 2163 676 2198 ἐργάτας
691 2163 784 2197 εἰσῆγε
806 2162 942 2198 διαφόροις

153 2208 239 2244 ὥραις
261 2209 459 2244 κεκλινγμέιιους⁹
487 2209 674 2240 ὑπακούοντας
697 2218 727 2235 τε
746 2209 810 2241 τοὺς
825 2209 940 2240 πάντας,

988 293 1017 313 re
1031 286 1137 312 demum
1163 284 1307 317 intellecta,
1330 285 1508 311 infortunium
1535 291 1550 310 a
1573 291 1603 310 se
1633 282 1769 317 deprecati

988 336 1061 359 sunt.
1079 331 1164 359 Porro
1176 331 1245 365 apud
1263 330 1418 357 Matthteum
1436 329 1523 357 tribus
1540 330 1573 356 de
1589 329 1667 356 vinea
1692 335 1772 362 para-

988 378 1058 405 bolis
1084 378 1122 404 rei
1147 377 1228 412 hujus
1251 377 1355 404 mentio
1371 377 1417 404 ﬁt:
1433 383 1587 411 quanquam
1609 375 1695 410 prima
1709 374 1771 408 qui-

988 423 1048 451 dem
1063 423 1086 439 ’°
1104 423 1185 450 varia:
1199 423 1305 450 illorum
1323 421 1479 449 vocationes
1494 421 1696 455 exprimuntur,
1725 419 1772 453 qui

988 470 1022 495 ad
1045 468 1130 496 vinea:
1144 468 1277 495 culturam
1292 472 1494 499 convenerunt;
1519 466 1618 501 quibus
1645 466 1773 494 omnibus

988 523 1038 550 par
1057 515 1160 542 denarii
1178 522 1282 542 merces
1294 514 1423 541 attributa
1441 517 1492 540 est.
1509 513 1599 540 Altera
1617 511 1745 547 parabola
1763 511 1772 526 ¹

988 561 1102 588 duorum
1124 561 1230 587 rocatio
1247 560 1365 587 ﬁliorum
1383 560 1545 591 ostenditur,
1567 566 1682 593 quorum
1704 557 1773 584 alter

988 607 1076 642 primo
1104 606 1175 633 haud
1201 606 1351 640 morigerus
1378 605 1440 638 fuitI
1458 605 1505 633 sed
1531 605 1638 632 deruunt
1654 601 1771 630 oﬁiciutn

988 653 1126 687 prmstitit,
1140 657 1221 687 atque
1235 652 1261 679 in
1283 652 1360 678 vinea
1374 656 1502 685 operatus
1514 655 1557 677 est
1569 659 1576 677 :
1600 650 1669 677 alter
1681 654 1771 677 autem

989 699 1060 726 ﬁlius
1075 698 1243 726 contrarium
1259 698 1396 732 ingenium
1413 704 1468 731 pra:
1486 703 1517 723 se
1537 696 1607 723 tulit.
1629 695 1682 722 Sed
1702 703 1772 730 prae-

989 749 1064 772 sente
1076 745 1183 771 demum
1199 744 1324 777 parabole
1343 743 1502 770 translatam
1518 742 1628 770 omnino
1643 741 1773 768 Servator

989 790 1068 817 docet
1091 790 1177 816 vinea:
1206 789 1366 816 locationem
1389 796 1404 814 a
1427 787 1564 822 prioribus
1588 787 1715 821 agricolis
1737 787 1773 814 ad

989 835 1180 870 posteriores;
1200 841 1364 869 causamque
1397 833 1584 861 translationis
1615 833 1711 867 aperit.
1739 832 1774 859 Et

991 880 1055 907 mihi
1079 880 1186 907 videtur
1211 879 1342 906 translata
1370 879 1453 906 vinea:
1481 879 1581 906 locatio
1606 879 1639 905 ah
1655 886 1688 905 eo
1707 877 1773 910 ﬁlio,

989 927 1034 962 qui
1051 934 1080 954 se
1099 930 1273 961 operaturuut
1288 927 1398 960 recepit,
1413 933 1474 952 mox
1494 925 1578 952 verba
1600 925 1627 951 in
1645 931 1701 952 rem
1718 932 1773 951 non

989 972 1125 1004 contulit;
1145 971 1242 999 tradita
1264 976 1355 999 autem
1371 971 1408 998 illi
1429 971 1474 1006 qui
1494 970 1572 998 initio
1590 970 1699 1005 quidem
1714 969 1773 996 oﬁi-

989 1019 1060 1046 cium
1077 1018 1250 1049 detrectavit,
1265 1017 1311 1045 sed
1328 1025 1388 1044 mox
1407 1024 1489 1051 opere
1503 1017 1684 1044 obedientiam
1706 1023 1774 1051 prae-

988 1064 1067 1092 stitit.

1026 1109 1080 1136 Sed
1099 1109 1170 1136 enim
1186 1108 1272 1144 magis
1292 1109 1453 1143 perspicuus
1476 1115 1565 1136 sermo
1587 1107 1645 1141 ﬁet,
1671 1107 1694 1134 si
1712 1107 1774 1134 reli—

989 1157 1091 1192 giosam
1108 1158 1204 1189 vitam,
1216 1164 1275 1191 qua:
1290 1156 1373 1184 divini
1387 1156 1461 1191 regni
1476 1155 1583 1190 propria
1600 1159 1652 1186 est,
1668 1155 1773 1181 vineam

988 1209 1049 1230 esse
1069 1202 1242 1237 putabimus:
1267 1205 1349 1235 atque
1371 1201 1409 1227 ita
1434 1199 1540 1235 priores
1563 1199 1621 1233 ejus
1644 1197 1773 1229 cultores,

989 1249 1034 1283 qui
1050 1249 1211 1282 nonjustam
1222 1254 1330 1282 operam
1344 1247 1370 1273 in
1387 1253 1418 1272 ea
1435 1244 1652 1276 collocaverunt,
1667 1243 1774 1270 Iudaeos

989 1302 1050 1323 esse
1072 1294 1226 1324 credemus,
1243 1292 1289 1327 qui
1312 1291 1391 1326 primi
1417 1285 1507 1318 divina
1525 1289 1620 1317 notitia
1632 1289 1775 1323 dignanter

991 1340 1138 1368 collustrati
1170 1339 1280 1366 fuerunt
1301 1347 1308 1365 :
1338 1338 1420 1372 hique
1447 1334 1525 1371 parés
1548 1340 1611 1362 sunt
1637 1335 1675 1362 illi
1696 1333 1773 1361 alteri

991 1386 1058 1418 ﬁlio,
1074 1393 1154 1420 quem
1176 1383 1349 1419 evangelicus
1363 1390 1454 1410 sermo
1468 1382 1590 1408 damnat.
1608 1379 1775 1407 Posteriores

990 1438 1080 1460 autem
1096 1431 1225 1462 cultores.
1242 1430 1288 1465 qui
1304 1429 1423 1456 debitum
1444 1428 1560 1455 fructum
1584 1434 1634 1453 suo
1653 1431 1776 1460 tempore

990 1475 1320 1507 exhibuerunt.ctlmicos
1334 1472 1563 1504 existimabimus,
1577 1472 1620 1506 qui
1635 1477 1683 1505 per
1697 1469 1775 1497 Chri-

992 1529 1062 1551 stum
1089 1523 1136 1550 Dei
1162 1522 1284 1550 notitiam
1303 1524 1476 1554 receperunt,
1490 1518 1647 1552 similesque
1664 1516 1702 1544 illi
1721 1516 1776 1543 ﬁlio

992 1574 1148 1601 evaserunt,
1164 1569 1209 1603 qui
1231 1566 1299 1602 patri
1315 1565 1474 1600 obsequium
1491 1569 1518 1592 et
1532 1564 1713 1591 obedientiam
1732 1570 1777 1590 re-

994 1616 1050 1650 ipsa
1073 1619 1186 1641 testatus
1207 1617 1262 1640 est.
1280 1611 1338 1639 Jam
1359 1618 1470 1638 causam
1498 1610 1595 1636 ablatae
1613 1609 1665 1636 illis
1681 1609 1776 1639 vineae.

991 1662 1056 1696 quia
1078 1661 1104 1687 in
1131 1659 1248 1686 ﬁliorqu
1275 1657 1402 1694 parabola
1427 1657 1556 1684 Servatur
1572 1663 1623 1682 non
1644 1654 1722 1686 dixit,
1737 1655 1777 1681 id-

991 1706 1065 1732 circo
1085 1711 1196 1732 necesae
1210 1702 1260 1729 fuit
1274 1707 1302 1729 ut
1321 1702 1382 1733 hac,
1398 1709 1458 1736 quae
1472 1701 1500 1728 in
1520 1699 1645 1727 manibus
1663 1703 1715 1731 est.
1730 1706 1777 1733 pa-

992 1750 1082 1778 rabola
1105 1749 1280 1785 patefaceret.
1303 1748 1390 1775 Causa
1410 1754 1474 1774 vero
1499 1745 1559 1777 fuit,
1584 1745 1644 1779 quia
1659 1752 1711 1771 non
1727 1751 1776 1771 suo

993 1804 1114 1832 tempore
1135 1796 1239 1823 l'rnctus
1253 1796 1362 1822 domino
1390 1794 1496 1821 debitos
1515 1791 1692 1819 obtulerunt:
1708 1797 1777 1824 pne—

992 1847 1119 1876 tereaque
1145 1841 1233 1868 servis
1259 1840 1291 1867 ad
1313 1839 1480 1874 colligendos
1503 1837 1606 1864 fructus
1633 1834 1776 1863 submissis

991 1889 1104 1916 exitium
1120 1887 1205 1914 moliti
1218 1891 1277 1914 sunt
1290 1893 1297 1912 :
1312 1885 1425 1912 necdum
1440 1884 1482 1911 his
1494 1880 1776 1914 maleﬁciiscoutenti,

993 1935 1045 1962 lilio
1062 1933 1112 1968 ipsi
1130 1931 1226 1960 all'erre
1238 1939 1335 1959 manus
1357 1937 1408 1957 Ilon
1427 1929 1603 1956 dubitarunt:
1619 1935 1697 1962 quem
1711 1933 1778 1954 sane

992 1981 1123 2015 agnitum,
1138 1984 1219 2013 atque
1233 1977 1333 2004 douiiui
1346 1976 1430 2003 lilium
1443 1983 1494 2002 non
1504 1973 1659 2005 diﬁiteutes.
1673 1972 1775 2000 nihilo-

992 2027 1081 2054 minus
1104 2025 1186 2060 impio
1206 2023 1320 2051 consilio
1338 2022 1544 2049 interemerunt.
1571 2021 1659 2054 Atque
1679 2019 1777 2045 harum

992 2074 1028 2100 de
1045 2073 1119 2098 vinea
1137 2070 1325 2106 parabolarum
1346 2068 1426 2097 trium
1444 2067 1558 2102 primam
1572 2064 1712 2099 discipulis
1723 2065 1779 2092 suis

993 2118 1120 2146 recitavit
1138 2117 1277 2148 Servatur,
1289 2116 1351 2142 dum
1367 2115 1393 2142 in
1411 2113 1521 2141 Galilata
1548 2120 1609 2140 cum
1632 2112 1666 2139 iis
1686 2118 1780 2138 versa-

994 2170 1079 2193 retur.
1098 2164 1190 2197 Quare
1209 2168 1236 2189 οι
1249 2170 1343 2189 omnes
1357 2161 1480 2189 homines
1492 2159 1560 2186 dixit
1574 2158 1689 2185 diversis
1705 2156 1780 2184 horis

993 2210 1025 2237 ad
1040 2217 1148 2244 operam
1162 2213 1271 2235 vocatos
1281 2216 1288 2240 ;
1300 2207 1344 2241 qui
1359 2206 1448 2234 cuncti
1465 2204 1663 2238 obtemperant,
1676 2209 1781 2237 parent-

154 2257 203 2284 καὶ
221 2256 313 2292 μισθὸν
324 2256 510 2292 λαμϐάνοντας
526 2255 570 2282 τὸν
586 2256 666 2283 αὐτόν
676 2264 683 2270 ·
698 2256 747 2290 τὴν
766 2255 794 2283 δὲ
815 2255 939 2290 δευτέραν

997 2263 1048 2290 que
1064 2254 1215 2282 mercedem
1236 2254 1356 2287 capiunt.
1371 2251 1525 2280 Secundam
1545 2248 1700 2284 parabolam
1716 2247 1780 2274 llie-

156 2304 185 2329 ὲν
205 2303 333 2338 Ἰεροσολύ
339 2311 399 2338 μοις
411 2302 566 2337 γενόμενος,
577 2301 648 2328 ἔνδον
660 2310 689 2328 τε
704 2303 732 2327 ὲν
745 2301 817 2336 αὐτῷ
824 2301 862 2336 τῷ
878 2300 942 2336 ἰερῷ

156 2348 298 2380 διδάσκων,
310 2350 367 2380 τοῖς
382 2348 555 2384 ἀρχιερεῦσιν
575 2347 672 2382 ἐπῆγε,
691 2347 736 2376 καὶ
752 2349 808 2379 τοῖς
829 2348 943 2383 πρεσϐυ-

155 2395 245 2430 τέροις
272 2395 319 2422 τοῦ
348 2395 424 2428 λαοῦ,
451 2393 520 2430 μετά
540 2393 637 2420 πολλοῦ
657 2393 704 2420 τοῦ
725 2393 942 2429 παραστήματος

156 2441 320 2475 ἐλεγκτικῶς
339 2441 427 2476 φήσας
440 2440 507 2474 πρὺς
523 2440 632 2471 αὐτοὺς,
647 2439 684 2470 ὡς
702 2439 759 2475 ἄρα
779 2439 803 2465 οἰ
828 2438 942 2465 τελῶναι

158 2488 203 2514 καὶ
215 2488 243 2513 αἱ
255 2487 352 2523 πόρναι
366 2488 510 2523 προάγοιεν
523 2486 668 2517 αὐτοὺςείς
680 2486 728 2520 τὴν
741 2485 877 2520 βασιλείαν
890 2484 944 2510 τῶν

157 2533 293 2567 οὐρανῶν·
313 2532 359 2559 καὶ
373 2532 467 2568 τρίτην
484 2531 512 2559 δὲ
525 2532 580 2562 τοῖς
603 2531 693 2562 αὐτοῖς
710 2530 865 2564 ἀναγκαίως
883 2537 946 2566 προ-

193 2589 316 2617 ”Matth.
336 2597 381 2619 xx,
403 2588 476 2615 l-l6.
516 2589 524 2603 ί
541 2587 635 2614 Matth.
660 2594 716 2619 XXI,
731 2586 827 2613 28-50.

157 2655 367 2688 simo,devariis
383 2654 668 2688 vinem‘paralmlis,ea
684 2654 782 2680 absunt
798 2661 811 2679 a
827 2652 941 2688 Syriaca

159 2689 346 2723 Theophauia‘;
355 2690 469 2722 ideoque
481 2687 512 2716 ex
524 2689 728 2716 continentariis
737 2688 826 2721 potius
835 2687 943 2715 Eusebii

158 2725 184 2751 iu
200 2724 346 2759 Evangelia
360 2725 410 2751 huc
426 2732 487 2752 esse
508 2724 636 2750 translata
652 2723 750 2759 aliquis
767 2723 943 2759 existimabit.

159 2760 211 2787 Sed
224 2757 300 2786 certe
317 2760 343 2786 iu
363 2760 455 2786 codice
476 2760 510 2788 Α,
524 2767 551 2793 p.
563 2758 628 2786 262.
642 2758 746 2785 b.-265.
774 2765 811 2793 ai,
828 2762 857 2793 ut
877 2757 945 2787 dixi.

157 2796 214 2821 sine
222 2794 274 2820 ulla
285 2795 482 2828 intercapedine
501 2792 599 2827 iacent.
612 2800 769 2826 nomenque
781 2792 885 2819 Eusebii
900 2800 946 2826 ge-

161 2835 232 2856 runt.
250 2829 314 2856 Mihi
335 2834 424 2856 autem
443 2835 532 2863 partes
548 2829 596 2855 has
616 2834 669 2854 tam
683 2832 757 2855 arcte
767 2828 946 2858 colla-rentes,

159 2870 213 2890 ttun
233 2864 381 2896 sententia,
403 2862 458 2891 tum
483 2864 551 2893 loco,
569 2870 698 2896 separare
723 2869 769 2889 aut
789 2862 944 2896 discerpere

159 2907 267 2928 prorsus
280 2907 334 2926 non
347 2899 452 2926 licebat.
473 2899 528 2925 lloc
537 2898 590 2928 aio,
610 2898 671 2931 quia
685 2898 796 2925 credere
818 2897 858 2924 vel
878 2904 940 2931 spe-

996 2299 1147 2334 rosolymis,
1165 2298 1228 2325 dum
1243 2298 1312 2324 intra
1324 2297 1452 2332 templum
1467 2295 1587 2327 doceret,
1608 2299 1697 2320 coram
1715 2299 1780 2326 pon-

996 2346 1115 2372 tiﬁciluis
1144 2345 1287 2379 populique
1315 2343 1474 2371 senioribus
1501 2341 1592 2373 dixit;
1620 2345 1646 2367 et
1671 2338 1779 2372 quidem

995 2390 1253 2418 conﬁdentissimum
1286 2389 1389 2416 addidit
1416 2387 1639 2422 increpatiouem,
1664 2384 1723 2411 fore
1751 2388 1780 2410 ut

996 2437 1070 2471 ipsos
1084 2436 1220 2470 publicani
1236 2443 1266 2462 ac
1285 2434 1445 2462 meretrices
1465 2433 1492 2460 in
1517 2432 1650 2460 caelorum
1669 2437 1780 2464 regnum

998 2481 1193 2517 praecederent.
1210 2480 1329 2507 Tertiam
1344 2479 1461 2513 denique
1474 2477 1544 2512 apud
1558 2476 1666 2504 eosdetn
1685 2482 1781 2502 neces-

999 2528 1072 2555 sario
1098 2527 1255 2562 parabolam
1278 2526 1398 2563 protulit,
1423 2531 1519 2553 causas
1556 2523 1720 2553 edissereus,
1746 2522 1781 2549 ob

995 2659 1056 2679 rare
1070 2651 1131 2678 licet
1141 2651 1279 2686 Syriacam
1293 2649 1487 2684 T/ieoplianiam
1504 2648 1573 2683 apud
1582 2647 1783 2686 Syruminter-

996 2692 1098 2721 pretem
1122 2682 1255 2720 intcgram
1276 2682 1431 2721 Δοξεθζιιυιι
1454 2689 1544 2721 autem
1564 2683 1709 2721 aliquando
1726 2682 1782 2721 for-

998 2718 1069 2748 iasse
1094 2718 1242 2747 breviaiam
1271 2719 1340 2754 (sive
1364 2727 1413 2753 per
1436 2719 1474 2745 rei
1493 2718 1698 2754 cotnpeudiunt.
1725 2718 1783 2745 sivo

998 2764 1045 2791 per
1059 2752 1338 2791 outissioneut).si_cut
1354 2752 1427 2791 certe
1442 2753 1539 2791 accidit
1557 2752 1653 2791 lgtiiitii
1678 2758 1782 2791 marty-

999 2788 1036 2818 ris
1049 2791 1183 2825 epistolis.
1196 2788 1266 2823 quas
1279 2789 1364 2825 Syrus
1382 2789 1515 2825 interpres
1530 2789 1666 2825 breviores
1680 2788 1782 2815 Griecis

999 2823 1131 2853 interdum
1151 2825 1255 2851 recitat.
1279 2823 1372 2851 Nunne
1397 2831 1461 2849 vero
1485 2823 1649 2854 Qua'stiomzs
1675 2830 1782 2856 quoque

999 2859 1107 2887 Eusebii
1120 2858 1292 2893 euangelicus.
1310 2860 1334 2884 in
1347 2858 1439 2885 codice
1452 2858 1510 2884 Vat.
1523 2857 1649 2885 Palatino
1664 2858 1782 2893 studiose

998 2895 1032 2922 ab
1048 2892 1290 2928 :mnnymo’retcre
1305 2894 1451 2927 breviatas,
1467 2901 1515 2920 nos
1530 2893 1578 2928 ipsi
1592 2892 1745 2920 edidimus?
