2045 3215
278 175 332 204 659

639 171 774 200 EUSEBll
792 170 1034 199 CIESABIENSIS
1052 170 1063 198 (

1114 172 1127 197 ’.
1148 169 1240 197 PARS
1259 168 1304 196 ιν.
1323 182 1359 190 -
1377 165 1586 196 DOGMATICA.

1846 165 1895 193 illo

278 243 346 271 quas
359 233 490 262 caelorum
515 240 628 267 regnum
651 233 693 260 his
722 237 855 267 ereptum,
872 233 905 259 ad
925 232 993 259 alios
1007 236 1063 259 eral

1118 229 1196 264 φέρει
1218 228 1268 260 τὰς
1290 227 1381 258 αἰτίας
1405 224 1552 261 παριστὰς,
1567 224 1601 250 δι’
1618 223 1651 255 ἃς
1664 223 1774 258 ἔμελλεν
1787 224 1825 255 εἰς
1845 225 1895 251 ὲτέ-

278 279 499 308 transferendum
515 287 521 306 :
538 284 649 313 tresque
664 279 776 305 omnino
791 285 888 305 causas
908 278 1064 312 recensuit;

277 328 405 362 primam,
420 326 454 353 de
469 325 604 353 fructibus
620 332 688 358 quos
706 324 821 359 improbi
837 325 964 360 agricola:
979 325 1065 353 abne-

276 376 431 406 gaverunt:
446 379 534 406 neque
548 371 620 398 enim
633 371 767 405 imperata
781 370 915 403 fecerunt.
931 371 978 398 sed
993 371 1066 406 leges

274 419 315 446 eis
341 418 412 445 latas
437 417 619 445 violaverunt.
641 416 758 444 Causam
788 416 916 448 alteram,
942 416 1064 444 facinora

276 465 407 492 adversus
419 463 566 498 prophetas
581 463 669 490 dixit:
684 463 711 490 hi
725 463 826 498 quippe
845 463 982 498 praemissi
1006 463 1065 490 fue-

276 515 339 537 rant
355 510 427 537 servi
440 509 496 536 Dei.
519 508 638 536 Tertiam
653 508 770 544 denique
782 516 893 536 causam
907 510 1000 536 attulit
1018 518 1065 545 pa-

276 555 447 583 trisfamilias
473 555 558 582 lilium
574 563 686 582 caesum.
702 555 885 588 Quamobrem
902 556 954 583 fusi
976 557 1065 584 omnis

275 601 415 637 sanguinis
439 608 527 635 pceua:
551 601 586 628 ab
610 601 643 628 iis
675 607 865 636 reposcemur.
891 609 905 628 ο
934 602 1066 637 sanguine

272 647 340 682 justi
362 647 457 674 Abelis
473 655 559 682 usque
574 647 608 674 ad
627 647 787 683 sanguinem
805 647 954 676 Zachariw.
1010 669 1014 673 .

308 781 372 810 llzc
393 781 567 816 pontificibus
581 786 664 816 atque
681 781 834 810 senioribus
853 783 878 810 in
895 783 992 811 faciem
1010 784 1063 811 ob-

270 827 353 861 iecta,
378 835 431 855 nan
448 828 586 856 mediocre
603 829 645 856 his
669 829 797 863 probrum
817 831 956 857 creabant.
974 831 1064 864 Quare

273 873 404 900 admirari
416 873 478 900 licet
499 872 685 906 Servatoreut,
701 874 747 908 qui
761 878 860 909 praeter
875 880 972 902 caetera
988 881 1064 910 pote.

273 924 373 947 statem
397 927 508 955 quoque
533 920 669 948 sermonis
687 927 784 955 magna
813 929 874 948 cum
899 923 1063 950 auctoritate

272 966 429 998 cxserebat,
448 971 531 1001 atque
553 968 642 993 instar
665 967 766 1001 jmlicis
782 975 890 1001 poenam
908 968 1003 995 iisdem
1022 976 1064 995 sa-

273 1011 443 1044 pientissime
457 1020 549 1040 coram
568 1012 743 1040 decernebat.
766 1012 835 1041 Huic
858 1018 948 1041 autem
961 1014 1064 1042 Serva-

273 1058 340 1086 toris
359 1058 442 1086 nostri
463 1059 602 1092 parabolae
616 1054 761 1093 consonat,
784 1061 821 1087 uti
833 1060 935 1088 dicttftu
947 1065 1001 1093 est,
1017 1060 1060 1088 llla

273 1104 358 1132 lsaire.
374 1104 426 1132 Sed
446 1110 537 1133 tamen
550 1107 680 1141 propheta
702 1108 809 1134 vineam
826 1108 970 1143 objurgat,
991 1107 1062 1135 nulla

272 1150 406 1178 cultorum
432 1151 502 1179 facta
524 1154 662 1179 mentione
676 1163 682 1180 :
696 1157 724 1179 at
739 1161 804 1180 vero
816 1153 947 1182 Servator
962 1155 1062 1182 vinito-

272 1203 315 1223 res
324 1204 416 1223 coram
435 1197 560 1232 objurgat
571 1203 653 1232 atque
675 1204 830 1232 praesentes.
844 1199 875 1226 Hi
891 1208 972 1234 porro
986 1206 1064 1229 erant

272 1242 408 1277 principes
424 1242 562 1278 ducesque
581 1246 691 1279 populi:
709 1246 778 1279 apud
795 1253 863 1281 quos
874 1247 956 1273 etiam
974 1247 1063 1275 scelus

271 1291 402 1317 adversus
419 1298 448 1319 se
463 1291 497 1319 ab
516 1291 558 1318 his
575 1291 738 1326 patrandum
760 1294 1006 1320 commemoravit:
1023 1293 1063 1322 fo-

273 1344 355 1371 reque
369 1337 407 1363 ait
420 1342 449 1364 ut
467 1338 545 1364 vinea
563 1337 596 1365 iis
614 1338 851 1374 auferatur,atque
861 1339 921 1366 aliis
941 1340 1064 1368 tradatur

271 1381 432 1409 cultoribus.
460 1382 528 1409 Exin
555 1383 730 1415 euucleabal,
753 1391 875 1418 quaenam
894 1386 957 1412 vitis
969 1392 1061 1418 esset;

273 1434 369 1462 nempe
380 1426 426 1454 Dei
437 1434 548 1462 regnum
557 1428 645 1455 vineae
654 1429 761 1455 nomine
769 1429 880 1463 intelligi
892 1430 1062 1459 declarabat:

254 1466 259 1470 ’
272 1473 343 1508 qttod
355 1473 463 1508 quidem
481 1473 526 1501 Dei
541 1481 652 1509 regnum
675 1482 724 1509 per
739 1476 810 1510 piam
828 1476 982 1512 religionem
997 1478 1062 1505 olim

272 1520 442 1554 principibus
455 1520 555 1554 prioris
580 1521 671 1556 populi
691 1521 877 1549 concreditum
891 1523 989 1550 fuerat.
1010 1524 1062 1552 Sed

1120 285 1184 312 ρους
1205 274 1395 312 μετατίθεσθαι
1418 272 1607 309 ἀφαιρουμένη
1625 271 1654 305 ἐξ
1673 271 1759 298 αὐτῶν
1784 272 1800 306 ή
1827 271 1895 306 βασι-

1119 322 1178 350 λεία
1188 322 1242 349 τῶν
1259 321 1394 357 οὐρανῶν,
1409 320 1489 355 Τρεῖς
1500 319 1528 345 δὲ
1540 318 1590 350 τὰς
1609 317 1698 348 πάσας
1713 316 1802 348 αἰτίας
1816 325 1895 344 κατα-

1118 369 1202 403 λέγει’
1219 367 1332 404 πρώτην
1349 367 1410 402 μὲν,
1424 367 1473 400 τὴν
1489 365 1551 400 περί
1563 364 1626 395 τοὺς
1647 363 1767 398 καρποὺς
1779 363 1895 397 ἀγνωμο.

1119 415 1202 451 σύνην
1215 415 1270 441 τῶν
1279 413 1425 449 γεωργῶν’
1442 413 1471 439 οὐ
1489 412 1544 447 γὰρ
1562 410 1694 446 ἔπραττον
1706 408 1775 436 κατὰ
1783 408 1817 435 τὰ
1830 417 1895 444 παρ-

1117 461 1274 496 ηγγελμένα
1296 460 1387 491 αὐτοῖς
1402 459 1470 495 (65),
1487 457 1645 494 παραϐάται
1659 455 1686 482 δὲ
1697 456 1841 490 ἐτύγχανον
1853 455 1896 481 τοῦ

1117 508 1238 540 δοθέντος
1267 508 1358 538 αὐτοῖς
1379 506 1461 541 νόμου
1471 513 1478 520 ·
1494 503 1621 540 δευτέραν
1638 502 1675 535 δὲ,
1692 501 1739 537 τὴν
1763 501 1832 528 κατὰ
1849 501 1897 527 τῶν

1118 553 1265 590 προφητῶν
1281 552 1427 587 ἐπιϐουλήν
1435 560 1442 567 ’
1453 547 1526 577 οὗτοι
1540 550 1595 585 γὰρ
1604 547 1672 585 ἦσαν
1682 549 1706 575 oi
1722 547 1899 584 προαπεσταλ-

1119 600 1194 635 μένοι
1213 600 1260 626 τοῦ
1285 598 1353 626 Θεοῦ
1375 597 1480 625 δοῦλοι·
1506 596 1554 622 καὶ
1573 595 1679 631 τρίτην,
1702 594 1752 629 τὴν
1769 592 1837 620 κατὰ
1856 592 1898 618 τοῦ

1117 645 1175 672 υἰοῦ
1187 646 1233 672 τοῦ
1249 644 1440 672 οἰκοδεσπότου
1463 641 1629 678 μιαιφονίαν,
1642 641 1674 667 δι’
1686 641 1719 675 ἢν
1731 639 1893 675 ὲκδικηθήσε-

1116 699 1162 718 ται
1178 691 1207 725 ἐξ
1219 691 1310 718 αὐτῶν
1329 691 1384 717 πᾶν
1407 687 1487 725 αἷμα,
1502 688 1556 716 ἀπὸ
1580 687 1695 722 αἵματος
1705 686 1788 713 Ἀϐελ
1802 685 1848 712 τοῦ
1865 685 1900 712 δι-

1117 737 1195 763 καίου
1215 737 1311 773 μέχρις
1324 736 1439 772 αἳματος
1458 734 1602 770 Ζαχαρίου.

1153 782 1247 809 Ταῦτα
1259 783 1287 808 δὲ
1299 783 1339 814 εἰς
1350 783 1496 818 πρόσωπον
1504 781 1559 812 τοῖς
1567 778 1724 814 ἀρχιερεῦσι
1732 777 1779 804 καὶ
1790 775 1900 812 πρεσϐυ.

1116 829 1206 865 τέροις
1231 828 1364 863 λεγόμενα
1385 828 1415 854 οὗ
1434 827 1548 863 μικροὺς
1567 826 1659 856 αὐτοῖς
1677 823 1808 860 παρεῖχεν
1826 823 1898 856 ἐλέγ-

1116 883 1190 910 χους.
1205 875 1249 902 Διὸ
1261 874 1308 901 τοῦ
1320 875 1446 909 Σωτῆρος
1457 873 1583 908 θαυμάσα
1592 872 1659 898 ιέστι
1674 870 1744 906 μετὰ
1753 870 1806 897 τῶν
1819 869 1899 897 ἄλλων

1115 921 1160 947 καί
1171 920 1219 956 τὴν
1235 921 1358 954 ἐξουσίαν
1378 920 1423 946 τοῦ
1447 919 1526 953 λόγου
1549 918 1618 954 μετὰ
1642 918 1742 953 πολλῆς
1763 916 1899 948 αὐθεντίας

1113 967 1334 1002 ἀποφηναμένου,
1352 967 1399 992 καί
1412 966 1505 1002 κριτοῦ
1522 966 1599 1001 δίκην
1617 965 1666 1001 τὴν
1679 965 1740 991 κατ’
1762 963 1849 991 αὐτῶν
1863 972 1899 989 ἰι⁶

1115 1014 1219 1049 μωρίαν
1236 1015 1275 1044 εἰς
1290 1013 1319 1039 τδ
1336 1012 1425 1039 αὐτῶν
1442 1012 1585 1048 πρόσωπον
1607 1011 1676 1046 μετὰ
1690 1010 1843 1045 βαθυτάτης
1859 1018 1899 1035 σο-

1114 1061 1177 1095 φίας
1192 1059 1389 1094 ὲξενεγκόντος.
1412 1059 1451 1094 Τῇ
1468 1058 1593 1094 παρούσῃ
1609 1058 1655 1085 τοῦ
1678 1058 1805 1093 Σωτῆρος
1825 1056 1898 1091 ήμῶν

1113 1106 1252 1143 παραϐολῇ
1269 1106 1374 1141 συνᾴδει
1386 1108 1402 1142 ἡ
1413 1106 1487 1142 παρὰ
1500 1105 1538 1141 τῷ
1546 1104 1697 1139 Ἡσαῖᾳ,ὡς
1707 1103 1814 1139 εἴρηται
1825 1103 1898 1138 (65’).

1113 1153 1186 1189 Πλὴν
1203 1154 1220 1189 ἡ
1236 1154 1286 1188 μὲν
1301 1153 1348 1180 τοῦ
1364 1153 1502 1189 προφήτου
1511 1152 1557 1178 τὸν
1567 1150 1717 1186 ἀμπελῶνα
1729 1149 1900 1185 διεμέμφετο,

1112 1200 1166 1226 τῶν
1189 1199 1320 1235 γεωργῶν
1344 1200 1454 1235 μνήμην
1475 1198 1598 1234 οὐδαμῶς
1621 1197 1813 1232 πεποιημένη·
1839 1196 1853 1222 ὁ
1873 1195 1899 1221 δὲ

1113 1247 1209 1282 Σωτὴρ
1220 1247 1283 1278 τοὺς
1297 1247 1436 1282 γεωργοὺς
1450 1245 1603 1281 ἀπήλεγχεν
1615 1245 1654 1276 εἰς
1666 1243 1810 1279 πρόσωπον
1822 1241 1896 1269 ἑστῶ-

1112 1301 1161 1324 τας
1190 1293 1237 1320 καὶ
1262 1293 1409 1328 παρόντας.
1434 1290 1513 1318 Οὗτοι
1530 1291 1552 1318 δ’
1572 1289 1642 1326 ἦσαν
1663 1290 1688 1317 oi
1705 1290 1834 1325 ἄρχοντες
1857 1288 1899 1315 καί

1112 1339 1259 1374 ἡγούμενοι
1272 1339 1319 1365 τοῦ
1334 1338 1399 1365 λαοῦ
1411 1348 1417 1354 -
1435 1335 1474 1370 οῖς
1488 1337 1555 1373 όμοῦ
1570 1337 1617 1364 καὶ
1633 1337 1666 1371 ῆν
1678 1337 1834 1372 ποιήσονται
1843 1334 1898 1361 κατ’

1113 1385 1194 1412 αὑτοῦ
1210 1385 1355 1421 ἐπιϐουλὴν
1378 1385 1486 1419 ἐδήλου·
1509 1384 1555 1410 καὶ
1571 1384 1608 1414 ὡς
1626 1381 1778 1418 ἀρθήσεται
1794 1382 1838 1408 ἀπ’
1856 1380 1899 1406 αὐ-

1113 1432 1165 1458 τῶν
1188 1433 1202 1459 ὁ
1231 1432 1370 1467 ἀμπελὼν,
1400 1432 1446 1458 καὶ
1469 1431 1608 1466 δοθήσεται
1626 1429 1731 1464 ἑτέροις
1762 1427 1898 1462 γεωργοῖς,

1113 1477 1256 1513 προῦλεγε·
1270 1477 1407 1512 διασαφῶν
1425 1477 1524 1512 ἐφεξῆς
1535 1476 1576 1508 τίς
1592 1484 1654 1502 ποτε
1672 1476 1715 1510 εἴη
1731 1476 1745 1501 ὁ
1764 1473 1897 1509 ἀμπελὼν,

1114 1524 1160 1550 καὶ
1174 1524 1307 1551 διδάσκων
1323 1523 1371 1560 τὴν
1389 1523 1527 1559 βασιλείαν
1551 1522 1597 1549 τοῦ
1619 1521 1685 1548 Θεοῦ
1703 1519 1772 1548 εἶναι
1791 1519 1835 1547 τὸν
1851 1519 1899 1554 ἀμ⁸

273 1566 344 1592 euim
366 1573 425 1592 cum
451 1566 477 1592 hi
494 1574 583 1601 neque
596 1567 702 1595 debitos
723 1567 830 1596 fructus
847 1570 1011 1604 redderent,
1035 1575 1062 1598 et

1114 1570 1222 1598 πελῶνα
1232 1579 1240 1586 ·
1256 1571 1317 1606 ἥτις
1332 1570 1456 1606 βασιλεία.
1472 1569 1539 1596 Θεοῦ
1556 1568 1600 1595 διὰ
1611 1567 1658 1594 τοῦ
1673 1560 1816 1597 θεοσεϐοῦς
1831 1565 1899 1591 πολι-

271 1615 372 1644 ςιηηει·
389 1610 455 1645 legis
479 1611 670 1644 violatiouem,
698 1613 817 1641 ctedibus
841 1622 950 1649 quoque
973 1621 1060 1643 semet

274 1655 472 1690 impiarissent,
487 1657 584 1684 merito
604 1657 734 1685 Servatur
751 1659 820 1686 hanc
833 1659 860 1686 in
879 1660 938 1687 illus
955 1665 1062 1688 senten-

273 1702 337 1728 tiam
352 1702 422 1734 tulit.
438 1703 532 1730 dicens
547 1712 553 1730 :
570 1702 714 1738 Propterea
738 1705 798 1732 dico
823 1706 905 1738 vobis,
925 1707 1061 1741 auferetur

272 1757 288 1773 σι
305 1748 375 1774 vobis
395 1756 506 1783 regnum
527 1748 595 1782 Dei,
616 1755 639 1776 et
663 1750 769 1777 dabitur
789 1752 859 1786 genti
879 1760 939 1787 qui:
958 1752 1060 1787 fructus

272 1794 328 1827 ejus
340 1794 653 1829 exhibebit—Quoniam
673 1804 738 1824 vero
757 1797 825 1824 dixit
839 1793 989 1826 occiderunt
1004 1799 1062 1835 (do-

274 1839 338 1866 mini
355 1839 462 1874 illium).
479 1848 531 1868 non
541 1841 596 1876 jam
607 1841 743 1870 videretur
757 1843 891 1876 parabola
902 1844 986 1871 series
997 1844 1062 1879 pati,

273 1885 360 1918 ipsum
385 1885 444 1914 fore
466 1893 628 1921 praesentem
645 1896 744 1923 pcentn.
763 1897 815 1924 qua
839 1890 900 1917 mali
926 1891 1061 1924 agricolae,

273 1931 375 1959 domini
404 1934 444 1960 sui
469 1933 676 1969 interfectores,
693 1936 790 1963 merito
815 1937 947 1970 plcctendi
972 1943 1061 1965 erant.

271 1977 354 2013 Atqui
370 1986 462 2006 revera
476 1988 536 2008 esse
550 1982 678 2009 ettmdetn
696 1987 812 2011 constat.
829 1984 891 2018 quia
909 1984 966 2018 ipsc
978 1984 1061 2018 judex

272 2028 326 2050 est.

1111 1616 1245 1652 τεύματος
1260 1617 1344 1644 παλαι
1361 1616 1493 1652 πρότερον
1505 1616 1560 1646 τοῖς
1574 1614 1686 1649 ἄρχουσι
1707 1613 1755 1639 τοῦ
1775 1611 1899 1648 προτέρου

1111 1663 1176 1690 λαοῦ
1190 1664 1381 1690 ἐπεπίστευτο.
1409 1661 1519 1697 Ἐπειδὴ
1544 1661 1610 1696 μηδὲ
1631 1661 1693 1691 τοὺς
1712 1660 1820 1690 δέοντας
1835 1665 1899 1693 καρ-

1113 1711 1180 1742 ποὺς
1195 1710 1366 1742 ἀπεδίδοσαν,
1388 1710 1456 1745 πρὸς
1474 1708 1502 1735 δὲ
1526 1709 1558 1743 τῇ
1581 1706 1627 1733 τοῦ
1650 1706 1734 1740 νόμου
1755 1703 1899 1740 παραϐάσει

1114 1756 1279 1791 μιαιφονίαις
1293 1756 1405 1788 ἑαυτοὺς
1420 1755 1625 1790 περιέππειραν,
1643 1752 1758 1784 εἰκότως
1779 1750 1826 1786 τὴν
1845 1749 1899 1776 κατ’

1115 1802 1204 1829 αὐτῶν
1224 1803 1237 1827 ὁ
1259 1802 1355 1838 Σωτὴρ
1378 1801 1538 1835 ὲξενέγκατο
1560 1800 1697 1834 ἀπόφασιν
1710 1819 1717 1830 ,
1742 1797 1831 1824 εἰπών’
1853 1795 1899 1822 Διὰ

1114 1848 1201 1875 τοῦτο
1219 1848 1296 1883 λέγω
1315 1848 1395 1883 ὑμῖν,
1414 1847 1575 1882 ἀρθήσεται
1598 1846 1648 1880 ἀφ’
1672 1844 1757 1879 ὑμῶν
1778 1843 1796 1876 ἠ
1813 1843 1898 1874 ,βασι-

1115 1894 1182 1920 λεία
1211 1894 1264 1920 τοῦ
1293 1893 1377 1925 Θεοῦ,
1406 1894 1454 1919 καὶ
1483 1891 1645 1925 δοθήσεται
1665 1891 1745 1917 ἔθνει
1771 1887 1898 1916 ποιοῦντι

1114 1941 1184 1974 τοὺς
1201 1941 1335 1976 καρποὺς
1347 1939 1441 1974 αὐτῆς
1457 1939 1523 1975 (61).
1535 1954 1570 1958 -
1582 1938 1638 1974 (65)
1651 1936 1761 1972 Ἐπειδὴ
1778 1935 1804 1962 δὲ
1819 1931 1898 1964 εἶπεν,

1114 1986 1155 2013 ὄτι
1170 1987 1358 2020 ἀπέκτειναν,
1377 1985 1466 2013 οὐκέθ’
1481 1986 1497 2021 ή
1514 1984 1658 2012 ἀκολουθία
1675 1983 1727 2019 τῆς
1752 1979 1898 2017 παραϐολῆς

1114 2032 1186 2069 ἔχειν
1203 2033 1313 2060 δύναται
1326 2033 1406 2060 αὐτὸν
1420 2031 1490 2059 εἶναι
1505 2031 1549 2058 τὸν
1561 2030 1747 2066 παρεσόμενον
1764 2028 1809 2054 ἐπὶ
1820 2034 1898 2061 τιμωσ

272 2068 333 2106 pie.
349 2070 382 2106 ἢν
399 2068 468 2106 ἦσαν
480 2071 580 2099 δίκαιοι
597 2073 725 2109 ὑποσχεῖν
740 2075 819 2101 κακοὶ
835 2076 952 2110 γεωργοὶ
968 2076 1014 2102 καὶ
1031 2078 1120 2111 φονεῖς
1152 2078 1199 2105 τοῦ
1216 2079 1356 2105 δεσπότου.
1376 2079 1437 2104 Ὅτι
1460 2077 1489 2104 δὲ
1519 2076 1600 2108 αὑτός
1617 2075 1686 2106 ἐστι,
1711 2073 1805 2109 δῆλον·
1824 2070 1898 2100 αὐτὸς

272 2116 328 2153 γὰρ
343 2116 450 2154 κριτής.

308 2164 390 2198 Lapis
405 2165 505 2192 dicitur
527 2165 656 2194 Dominus
667 2172 777 2202 propter
790 2172 926 2195 terrenum
936 2175 1034 2202 corpus
1050 2178 1057 2196 :
1076 2170 1098 2198 D

274 2209 342 2245 lapis
368 2211 471 2245 absque
496 2220 622 2239 manuum
650 2214 801 2241 ministerio
821 2214 952 2247 excisus,
981 2219 1060 2248 ιιι-θυι

274 2255 359 2283 fertur
373 2257 398 2284 in
415 2257 531 2285 Dauiclis
540 2258 642 2286 visione
652 2260 673 2290 '.
691 2265 801 2294 propter
819 2267 895 2286 suam
912 2259 945 2287 de
959 2261 1062 2295 virgine

273 2302 441 2330 nativitatem
458 2313 464 2330 :
483 2311 570 2339 neque
587 2305 658 2331 enirn
677 2305 714 2331 illi
729 2313 796 2339 optts
813 2305 862 2332 fuit
884 2306 1002 2332 humano
1019 2314 1061 2333 sc-

274 2348 358 2381 ntiue,
371 2349 475 2377 caelesti
488 2350 586 2377 virtute
597 2351 748 2385 genituram
762 2351 821 2386 ejus
837 2352 1043 2380 administrante
1053 2375 1060 2385 ,

274 2399 443 2430 matremque
459 2396 553 2423 habuit
580 2397 736 2430 nuptiarum
762 2403 902 2432 expertem
925 2398 1060 2433 puellam,

273 2449 334 2477 qut:
360 2450 430 2469 novo
450 2443 522 2470 inter
541 2443 665 2470 homines
690 2450 766 2471 more
789 2445 821 2471 de
846 2444 947 2479 Spiritu
966 2451 1062 2473 sancto

274 2488 409 2523 concepit.
427 2488 508 2523 Lapis
526 2494 602 2522 erat,
622 2497 674 2517 non
692 2498 787 2517 aurum
806 2498 894 2525 neque
905 2497 1060 2526 argentum,

275 2542 362 2570 neque
375 2542 421 2562 rex
433 2534 531 2569 aliquis
542 2535 686 2570 gloriosus,
706 2537 739 2564 iis
758 2536 856 2564 similis
868 2536 912 2571 qui
928 2544 976 2572 per
989 2537 1062 2572 ejus-

316 2594 325 2609 '
347 2595 412 2621 Dan.
428 2602 458 2626 ιι,
470 2594 517 2622 45.

314 2648 371 2685 (65)
385 2651 454 2679 Cod.
475 2651 507 2678 A.
525 2651 544 2678 ί.
557 2650 622 2679 265.

315 2685 382 2720 (65‘)
397 2685 530 2714 Nimirum
545 2688 594 2714 sub
608 2687 693 2714 initiis
709 2686 788 2720 hujus
804 2692 938 2714 enarrata:
957 2686 1068 2721 parabo-

279 2719 323 2757 lae.
344 2721 387 2757 ubi
404 2727 479 2757 certe
502 2722 588 2757 Syrtis
612 2719 789 2757 c0ugruebat.
805 2721 876 2757 Ergo
893 2719 981 2757 totum
999 2723 1049 2749 hoc
1060 2742 1067 2752 ,

281 2755 387 2782 etiamsi
408 2756 435 2783 in
450 2755 531 2791 Syro'
544 2755 724 2791 desideretur,
747 2757 782 2785 ad
799 2755 871 2784 idem
890 2756 1070 2792 Theophania:

282 2797 382 2823 corpus
399 2792 536 2825 pertinuere
549 2793 665 2821 videtur,

318 2824 374 2862 (6i)
386 2824 534 2862 _Ilucusque
550 2828 607 2854 sine
630 2828 681 2854 ulla
700 2827 907 2862 interruptione.
925 2826 959 2854 ab
982 2827 1062 2854 initio

284 2859 436 2897 parabolae.
449 2859 532 2888 codex
550 2863 581 2888 A.
603 2861 745 2897 Reliquum
771 2859 835 2890 vero
857 2863 1036 2897 fragmentum
1052 2882 1059 2893 ,

281 2901 358 2935 arun
368 2895 418 2925 sub
430 2897 537 2924 nontine
556 2897 662 2927 Eusebii
674 2895 704 2926 in
715 2897 807 2926 codice
819 2895 912 2926 eodem
926 2898 1059 2927 laudatur.

1147 2167 1202 2203 (66)
1213 2167 1291 2199 Λίθος
1302 2168 1316 2193 ὁ
1325 2167 1426 2203 Κύριος
1434 2166 1541 2201 λέγεται
1550 2166 1606 2201 (67)
1614 2164 1658 2191 διὰ
1665 2164 1696 2190 τὸ
1703 2163 1803 2199 γεῶδες
1813 2161 1894 2197 σῶμα·

1110 2213 1184 2245 λίθος
1195 2214 1358 2249 τεμνόμενος
1373 2213 1436 2240 ἄνευ
1449 2212 1560 2248 χειρῶν,
1572 2211 1644 2238 κατὰ
1656 2210 1707 2246 τὴν
1723 2209 1820 2243 Δανιὴλ
1836 2208 1897 2242 ὅρα-

1114 2267 1167 2290 σιν,
1183 2258 1228 2285 διὰ
1243 2258 1291 2294 τὴν
1305 2259 1337 2285 ὲκ
1353 2257 1488 2294 παρθένου
1508 2257 1648 2292 γέννησιν·
1673 2256 1704 2282 οὐ
1730 2255 1784 2290 γὰρ
1795 2253 1897 2288 ἐδέησεν

1113 2305 1187 2340 αὐτῷ
1209 2306 1313 2341 σπορᾶς
1338 2305 1521 2340 ἀνθρωπίνης,
1547 2303 1674 2339 οὐρανίου
1702 2302 1840 2336 δυνάμεως
1867 2298 1896 2325 τά

1115 2353 1175 2379 κατ’
1190 2352 1270 2378 αὑτὸν
1284 2351 1514 2387 οίκονομουμένης
1523 2359 1530 2366 ·
1544 2351 1591 2385 καί
1609 2350 1700 2385 μήτηρ
1712 2348 1785 2382 αὐτῷ
1799 2343 1896 2380 ἀπειρό-

1114 2408 1202 2435 γαμος
1229 2399 1307 2435 κόρη,
1329 2399 1421 2426 καινὸν
1445 2398 1546 2434 τρόπον
1561 2398 1578 2433 ἦ
1599 2397 1660 2424 καθ’
1678 2397 1752 2432 ἡμᾶς
1778 2394 1806 2426 ἐξ
1824 2392 1895 2427 ἁγίου

1089 2471 1092 2475 .
1116 2447 1273 2481 Πνεύματος
1292 2446 1403 2473 κύουσα.
1429 2445 1510 2477 Λίθος
1533 2443 1577 2480 ἦν,
1604 2444 1660 2471 ἀλλ’
1682 2444 1712 2470 οὐ
1732 2441 1827 2478 χρυσὸς
1847 2436 1896 2465 οὐδ’

1116 2493 1245 2528 ἄργυρος,
1262 2492 1323 2519 οὐδὲ
1340 2491 1467 2527 βασιλεύς
1485 2499 1528 2523 τις
1544 2489 1657 2522 ἔνδοξος,
1682 2489 1772 2523 ὅμοιος
1785 2486 1838 2516 τοῖς
1857 2482 1895 2509 διὰ

1116 2527 1170 2566 τῶν
1192 2539 1300 2566 τοιῶνδε
1320 2538 1461 2574 συμϐόλων
1479 2537 1555 2574 παρὰ
1576 2535 1615 2572 τῷ
1639 2534 1736 2570 Δανιὴλ
1756 2527 1895 2566 δεδηλωμέ-

1121 2652 1167 2679 scil
1181 2652 1208 2678 iu
1227 2653 1322 2686 pagina
1335 2659 1411 2678 versa
1432 2651 1495 2678 263.
1509 2652 1534 2678 b.

1154 2686 1210 2721 (65)
1225 2688 1290 2714 Cod.
1305 2689 1335 2713 Α.
1350 2687 1367 2713 r.
1380 2686 1444 2713 εδδ.
1457 2687 1483 2721 n.

1154 2720 1211 2756 (66)
1223 2723 1290 2750 Cod.
1302 2723 1334 2748 Α.
1354 2722 1372 2749 ί,
1387 2721 1451 2748 264.
1465 2720 1530 2756 Syr.
1541 2728 1578 2752 tv,
1593 2720 1637 2747 ιι.
1736 2752 1741 2757 _

1346 2745 1553 2793 ιὶέγὲῐιὶτὶῗὲέέῤ
1571 2745 1652 2793 verba
1673 2752 1771 2793 partim
1793 2745 1893 2793 (inpluit:

1121 2787 1288 2825 ΤΙιὶοῂΙιτιηία
1313 2787 1424 2827 Syriaca
1457 2798 1506 2827 Iv,
1524 2790 1580 2822 ll;
1606 2790 1652 2827 sed
1681 2788 1788 2827 Graecus
1813 2787 1893 2827 lgf'jf

1121 2817 1296 2854 stilliiltiusebii
1317 2817 1427 2854 nomine
1451 2817 1469 2852 at
1487 2817 1580 2853 Niccta
1605 2825 1706 2852 relatus
1724 2820 1807 2849 multo
1823 2817 1892 2851 lllum

1120 2863 1230 2895 recitat,
1262 2863 1319 2890 sive
1349 2869 1382 2889 ex
1413 2861 1580 2896 Theophanis
1604 2860 1662 2888 sive
1682 2865 1715 2886 ex
1737 2854 1892 2884 commenta-
