2045 3215
153 161 205 187 ϐω

821 172 864 199 DE
883 171 1114 202 THEOPHANIA.
1717 178 1769 207 650

293 227 300 234 '
310 220 440 267 saturat
463 223 485 250 δ’
502 220 548 252 οὖν
563 226 637 261 ἑξῆς,
652 227 693 254 ὅτι
712 230 924 266 κατοικηθήσετα

990 232 1115 267 intelligit
1127 232 1330 261 derelictionem
1344 242 1359 261 a
1372 234 1441 267 suis,
1467 241 1499 262 ac
1525 242 1663 262 sacrarum
1677 243 1769 263 rerum

153 264 169 299 ἡ
186 264 271 296 πόλις,
289 266 319 292 οὐ
332 268 380 301 μὲν
392 269 444 294 ὑπὸ
461 270 603 304 Ἰουδαίων,
619 274 673 299 ἀλλ’
689 264 839 304 ὑπὺέθνῶν.
854 264 936 312 ⁷Ἑρή-

155 318 240 344 μωσιν
251 310 279 337 δὲ
296 312 380 347 αὐτῆς
394 315 526 342 ἀποκαλεῖ
538 317 568 342 τὸ
579 319 676 353 μηκέτι
691 320 742 346 ὑπὸ
753 321 805 346 τῶν
817 322 933 353 οἰκείων,

155 355 219 389 μηδὲ
231 357 301 383 κατὰ
314 358 361 393 τὴν
377 359 491 395 νόμιμον
502 362 626 396 λατρείαν
643 366 825 400 συστήσασθαι
841 368 933 403 αὐτήν.

154 401 244 433 Ὅπως
256 402 284 429 δὲ
302 404 346 429 καὶ
359 404 444 431 ταῦτα
463 407 621 442 ἐπληροῦτο,
640 410 714 437 οὐδὲν
725 411 764 437 δεῖ
778 413 880 439 πάλλων
894 414 934 440 λό-

151 454 219 479 γων·
233 448 348 483 πάρεστι
363 451 416 486 γὰρ
432 452 476 478 ὑπ’
490 453 582 487 ὄψεσιν
597 456 662 490 ορᾷν
679 457 819 489 Ἰουδαίους
835 459 882 493 μὲν
896 460 934 491 είς

151 492 238 518 πάντα
255 493 289 519 τὰ
306 494 368 529 ἔθνη
391 496 642 533 διεσκεδασμένους,
669 492 870 536 ἀλλοφύλουςῶ
887 506 934 531 καὶ

150 537 301 585 ἀλλογενεῖς
331 541 473 577 οἰκήτορας
497 544 544 578 τῆς
570 546 651 572 πάλαι
677 548 725 582 μὲν
748 549 932 585 Ἰερουσαλὴμ,

150 583 229 610 νῦνέ
242 585 294 611 ἀπὸ
305 586 350 611 τοῦ
362 587 540 624 πολιορκητοῦ
551 591 639 617 Αἰλίου
660 593 795 628 ’Λόριανοῦ
806 595 871 629 (Μ’)
887 583 934 622 Ai-

149 629 206 661 λίας
223 634 478 670 μετωνομασμένης.
497 637 531 662 Τὸ
543 638 607 670 γοῦν
621 640 769 674 παράδοξον
782 641 829 667 τοῦ
845 642 933 669 θεσπί-

150 684 250 710 σματος
265 678 337 704 τοῦτ’
354 680 387 705 ἂν
404 680 456 715 εἴη,
479 683 518 708 ὅτι
536 691 588 718 περ
611 684 729 711 Ἰουδαῖοι
758 687 816 721 μὲν,
841 690 931 722 φησὶν,

149 722 445 760 αἰχμαλωτισθήσονται
461 728 500 758 εἰς
515 729 602 755 πάντα
617 731 649 756 τὰ
664 731 725 766 ἔθνη
737 741 743 747 '
758 733 820 767 περὶ
835 733 863 759 δὲ
879 734 932 761 τῶν

148 768 241 801 ἐθνῶν,
257 770 303 796 καὶ
325 771 499 809 Ἰερουσαλὴμ
512 775 586 802 ἔσται
600 779 752 813 πατουμένη
768 779 813 805 ὑπ’
836 780 929 808 ἐθνῶν.

153 811 347 850 Ἐκπληκτικον
365 818 392 844 δὲ
406 819 435 844 τὸ
450 821 630 856 ἀποτέλεσμα,
643 823 708 857 εἴγε
732 824 849 851 Ἰουδαῖοι
865 826 930 861 πλη-

148 860 255 894 ροῦντες
275 862 324 898 τὴν
344 865 489 899 σύμπασαν
504 868 654 903 ἀνθρώπων
671 871 842 906 οἰκουμένην,
860 872 929 898 ὥστε

146 906 192 933 καὶ
213 907 307 943 μέχρις
327 910 463 937 Αἰθιόπων
478 914 597 948 χωρῆσαι
615 916 661 941 καὶ
683 916 803 948 Σκυθῶν,
825 919 870 944 καὶ
887 919 930 944 αὐ·
946 909 967 937 Β

144 951 197 978 τῶν
206 953 261 978 τῶν
277 955 401 989 περάτων
421 957 469 991 τῆς
490 958 550 992 γῆς,
567 960 595 985 ἐν
611 960 678 995 μόνῃ
700 962 731 995 τῇ
747 962 836 987 αὐτῶν
853 962 927 988 πόλει

144 998 243 1033 καὶτῷ
258 999 340 1026 πάλαι
356 1000 566 1038 θρησκευομένῳ
588 1006 651 1040 παρ’
669 1006 760 1037 αὐτοῖς
778 1007 862 1042 τόπῳ,
880 1008 927 1043 οὐχ

142 1040 192 1069 οἷοί
208 1044 237 1070 τέ
248 1046 315 1071 εἰσιν
326 1047 483 1075 ἐπιϐαίνειν.
495 1050 549 1075 Καὶ
566 1051 589 1075 εἰ
602 1051 650 1085 μὲν
667 1049 700 1086 ἦν
717 1040 853 1084 παντελῶς
867 1040 929 1088 ἕρηἐ

144 1098 192 1123 μσς
215 1091 231 1125 ὴ
251 1091 327 1123 πόλις
352 1094 399 1119 καὶ
420 1094 554 1130 ἀοίκητος,
577 1096 626 1122 κᾶν
644 1097 775 1132 ὑπενόησέ
793 1107 833 1130 τις
856 1099 927 1125 τοῦτ’

142 1134 210 1163 εἶναι
227 1138 257 1164 τὸ
269 1138 369 1165 αἴτιον
383 1140 430 1166 νῦν
442 1141 468 1166 6‘s
481 1142 532 1167 ὑπὸ
545 1142 695 1176 ἀλλογενῶν
713 1144 758 1170 καὶ
772 1144 926 1179 ἀλλοφύλων

142 1183 226 1209 ἐθνῶν
257 1184 304 1211 τοῦ
336 1186 418 1212 τόπου
447 1189 677 1224 κατοικουμένων,
714 1191 805 1225 μόνοις
836 1192 926 1223 αὐτοῖς

141 1229 238 1261 ἄϐατος
260 1232 401 1266 τυγχάνει,
434 1233 471 1265 ὡς
497 1235 557 1268 μήτ’
584 1233 613 1266 ἐξ
643 1236 774 1263 αὐτόπτου
798 1237 925 1264 δύνασθαι

141 1274 169 1299 τὸ
198 1277 324 1311 πατρῷον
349 1278 438 1305 αὐτῶν
469 1280 563 1314 ἕδασος
587 1280 715 1316 θεωρεῖν·
740 1282 757 1308 ἃ
778 1283 809 1317 δὴ
832 1284 925 1310 τοῦτον

988 278 1108 312 legitimo
1126 279 1177 305 ritu
1195 281 1390 312 operandarum
1407 281 1496 307 linem.
1511 280 1587 313 Quod
1603 283 1660 308 hzec
1679 287 1767 309 autent

988 324 1023 356 ita
1033 332 1061 351 se
1071 325 1224 356 habuerint,
1239 326 1328 352 multis
1337 327 1427 353 verbis
1440 327 1603 354 conﬁrmare
1617 335 1669 354 non
1686 328 1768 354 intor—

987 373 1037 396 est.
1060 368 1150 395 Palam
1184 370 1283 403 quippe
1305 370 1398 397 videre
1420 376 1461 398 est
1486 370 1590 398 Judreos
1614 373 1713 406 passim
1742 374 1766 398 in

987 415 1058 442 omni
1072 420 1151 450 gente
1165 416 1300 450 dispersos
1310 436 1316 448 ,
1331 422 1474 444 extraneos
1495 425 1558 446 vero
1582 423 1662 457 atque
1680 419 1769 445 alieni-

987 467 1068 495 genas
1083 461 1183 488 versari
1200 462 1225 488 in
1243 461 1318 493 urbe,
1336 470 1395 496 qua:
1410 463 1474 489 oliln
1490 463 1687 498 Hierosolyma,
1698 472 1768 491 nunc

986 506 1020 532 ab
1037 511 1221 541 expugnatore
1244 507 1314 534 {Elia
1344 505 1464 533 Adriano
1485 508 1556 535 Elia
1576 509 1768 536 transformuto

986 552 1093 579 nomine
1108 553 1178 579 dicta
1191 558 1241 580 est.
1268 554 1337 587 Ergo
1358 554 1496 581 oraculum
1518 555 1618 582 idcirco
1637 556 1666 582 lit
1685 557 1768 582 mira-

986 598 1046 632 bile,
1061 599 1122 633 quia
1137 598 1230 631 Judaei,
1247 600 1345 634 inquit,
1357 601 1426 627 inter
1437 608 1530 628 omnes
1541 601 1654 635 populos
1669 603 1766 636 captivi

986 644 1198 679 dispergentur:
1220 645 1253 671 ad
1284 651 1377 679 gentes
1395 651 1484 673 autem
1514 654 1585 681 quoa
1608 647 1720 681 attinet,
1740 652 1767 673 et

986 690 1183 725 Hierosolyma,
1218 691 1315 724 inquit,
1346 691 1516 718 ethnicorum
1545 693 1611 726 pede
1635 697 1765 720 terentur.

984 736 1123 763 Terribilis
1137 744 1202 763 sane
1215 738 1343 764 eventus!
1363 738 1579 773 quandoquidem
1595 736 1696 773 Judaai,
1720 741 1766 774 qui

984 782 1137 809 universum
1158 787 1290 810 terrarum
1310 784 1402 811 orbem
1427 789 1571 819 occupant,
1596 780 1675 819 atque
1696 785 1767 812 inter

982 827 1123 862 Aithiopes
1155 833 1182 856 et
1210 829 1326 864 Scythas
1349 838 1433 864 usque
1461 831 1492 857 ad
1527 831 1620 857 mundi
1649 831 1765 857 conlinia

982 874 1092 908 degunt,
1116 875 1148 901 ad
1166 875 1259 901 urbem
1284 881 1385 902 tantum
1410 883 1486 902 suam
1509 876 1676 911 proprimque
1701 876 1765 902 olim

983 920 1120 954 religionis
1137 922 1228 949 sedem
1251 922 1380 948 accedere
1395 926 1539 955 nequeunt.
1569 920 1627 948 Jam
1651 922 1673 948 si
1702 922 1765 948 urbs

982 970 1085 991 vastata
1100 971 1171 993 csset
1193 967 1353 1001 desertaque
1375 967 1409 993 ab
1428 966 1534 998 incolis,
1561 967 1629 993 hanc
1652 966 1766 994 fortasse

982 1011 1078 1045 aliquis
1104 1013 1224 1046 praedicti
1245 1013 1331 1040 exsilii
1352 1020 1460 1039 causam
1490 1012 1659 1038 existimaret
1675 1021 1680 1038 :
1696 1019 1765 1038 nunc

984 1064 1048 1083 vero
1061 1058 1093 1084 ab
1107 1059 1241 1085 extraneis
1266 1062 1347 1092 atque
1369 1058 1401 1084 ab
1419 1057 1577 1091 alienigenis
1592 1056 1667 1083 locus
1689 1056 1765 1083 habi-

983 1106 1065 1134 tatur,
1081 1102 1145 1129 solis
1157 1108 1247 1129 autem
1270 1103 1369 1130 Judaeis
1386 1103 1540 1129 inaccessus
1560 1106 1612 1133 est,
1632 1102 1667 1128 ita
1684 1106 1713 1128 ut
1730 1109 1764 1128 ne

981 1147 1102 1182 aspicere
1119 1148 1224 1183 quidem
1237 1149 1351 1183 patrium
1372 1149 1456 1175 solum
1477 1147 1562 1175 oculis
1581 1148 1637 1175 suis
1649 1147 1761 1181 possint.

980 1194 1043 1226 Quae
1066 1194 1170 1222 scilicet
1193 1196 1264 1222 hunc
1292 1196 1393 1222 exitum
1423 1195 1587 1225 habuerunt,
1606 1198 1636 1220 ut
1655 1193 1764 1220 oraculo

981 1240 1057 1267 ﬁeret
1084 1229 1148 1268 satis
1172 1242 1271 1268 dicenti
1296 1250 1304 1268 :
1327 1241 1359 1267 Et
1388 1240 1571 1275 Hierosolyma
1600 1240 1761 1266 ethnicorum

979 1287 1041 1318 pede
1057 1291 1183 1313 terentur.

140 1320 349 1349 ἀποτετέλεσται
377 1325 422 1350 τὸν
455 1326 553 1361 τρόπον
576 1326 726 1359 ἀκολούθως
747 1328 784 1363 τῷ
811 1330 924 1364 φήσαντι
945 1332 1075 1367 χρησμῷ·
1091 1333 1143 1359 Καὶ
1173 1333 1365 1367 Ἰερουσαλὴμ
1394 1334 1478 1360 ἕσται
1515 1332 1685 1367 πατουμένη
1703 1332 1760 1359 ὑπὸ

139 1366 244 1393 ὲθνων.

171 1413 224 1439 Καὶ
238 1413 353 1446 δεικνὺς,
370 1416 410 1441 ὅτι
436 1416 490 1443 οὔτ’
509 1419 687 1455 ἀναστήσεται
711 1422 800 1448 λοιπὸν
822 1423 835 1448 ὁ
855 1423 924 1455 ναὸς,

138 1458 193 1484 οὔτ’
210 1460 248 1490 εἰς
271 1460 320 1495 τὴν
335 1462 472 1497 προτέραν
495 1466 675 1500 ἐπανήξουσιν
707 1468 824 1494 Ἰουδαῖοι
853 1471 926 1496 πολι-

137 1504 399 1542 τείαν,προστίθησι
419 1510 478 1540 ταῖς
508 1509 589 1537 αὐτοῦ
622 1515 800 1549 προρρήσεσι,
831 1516 925 1551 χρόνον

136 1550 246 1586 ορίζων,
272 1552 351 1588 μέχρι
371 1553 441 1586 τίνος
460 1555 536 1583 ἔσται
558 1557 733 1595 Ἰερουσαλὴμ
763 1550 920 1597 πατουμένη

136 1596 190 1623 ὑπὸ
213 1597 313 1624 ἐθνῶν
332 1598 405 1633 λέγει
429 1600 452 1626 δ’
468 1599 523 1633 οὖν,
552 1602 621 1637 ἄχρι
638 1605 816 1638 πληρωθῶσι
832 1596 927 1640 καιροί

135 1641 246 1670 Mr"
259 1643 331 1670 οὕτω
355 1645 478 1680 σημάνας
493 1648 542 1683 τὴν
557 1648 604 1674 τοῦ
629 1649 685 1684 βίου
701 1650 862 1684 συντέλειαν,
878 1638 927 1679 καὶ
940 1638 962 1669 c

135 1687 179 1714 τὸν
196 1688 278 1723 μέχρι
296 1690 449 1718 συντέλειαν
463 1692 549 1727 λέγων
563 1694 670 1730 χρόνον·
689 1696 815 1732 σημαίνει
832 1698 859 1724 δὲ
879 1699 925 1725 καὶ

133 1732 178 1759 τὸν
186 1733 239 1769 πρὸ
251 1734 301 1769 τῆς
311 1735 498 1770 αἰχμαλωσίας
507 1738 561 1773 (75)
574 1739 699 1775 πόλεμον,
713 1741 807 1768 είπὼν·
820 1742 924 1770 Ἔσται

134 1777 187 1812 γὰρ
205 1777 321 1813 ἀνάγκη
335 1780 384 1806 ἐπὶ
404 1780 460 1814 τῆς
469 1781 534 1816 γῆς,
550 1783 599 1810 καὶ
620 1784 691 1819 ὀργὴ
701 1785 817 1820 μεγάλη
831 1787 866 1813 ἐν
884 1787 924 1820 τῷ

133 1822 196 1855 ,λαῷ
208 1824 312 1856 τούτῳ,
329 1825 378 1852 καὶ
391 1827 554 1854 πεσοῦνται
564 1828 598 1855 ἐν
612 1831 738 1864 στόματι
761 1833 920 1867 μαχαίρας.

134 1869 225 1896 Ταῦτα
250 1870 279 1897 δὲ
305 1870 379 1903 ὅπως
404 1872 473 1899 κατὰ
503 1873 585 1909 μέρος
616 1875 751 1911 ἐπράχθη,
772 1878 819 1904 καὶ
837 1878 874 1910 ὡς
888 1879 921 1905 τὰ

134 1917 360 1952 προηγορευμένα
372 1917 422 1943 ὑπὸ
433 1918 479 1944 τοῦ
489 1919 614 1955 Σωτῆρος
625 1921 702 1956 ἡμῶν
710 1922 803 1955 τέλους
815 1923 920 1959 ἔτυχεν,

133 1961 237 1995 ἔξεστιν
254 1962 309 1989 ἀπὺ
327 1964 375 1999 τῆς
393 1963 523 1999 Ἱστορίας
544 1966 675 2002 Ἰωσήπου
692 1968 786 2003 μαθεῖν
801 1970 866 2005 (76)-
890 1970 920 2003 ὃς

132 2008 179 2034 καὶ
203 2009 254 2044 τῆς
276 2010 402 2045 φησάσης
417 2010 463 2037 τοῦ
479 2012 605 2048 Σωτῆρος
621 2013 699 2048 ἡμῶν
728 2016 916 2051 προρρήσεως,

133 2055 205 2082 οὐαὶ
218 2055 253 2082 δὲ
268 2056 333 2089 ταῖς
352 2056 549 2091 θηλαζούσαις
562 2059 597 2085 ἑν
612 2059 740 2094 ἐκείναις
763 2061 828 2094 ταῖς
848 2063 918 2097 ὴμέ-

131 2100 213 2133 path
228 2100 258 2127 τὺ
272 2101 446 2138 ἀποτέλεσμα
462 2103 553 2137 σαφῶς
564 2105 711 2140 παρίστησι
724 2125 731 2137 ,
765 2108 916 2142 μνημονεύ-

133 2155 191 2179 σας,
203 2147 241 2179 ὡς
257 2150 397 2182 γυναῖκες,
407 2149 441 2176 τὰ
460 2150 562 2176 ἑαυτῶν
582 2151 668 2187 βρέφη
684 2152 837 2187 ὀπτήσασαι
850 2155 916 2191 πυρὶ¹

130 2194 173 2221 διὰ
189 2195 238 2231 τὴν
249 2195 402 2232 ὑπερϐολὴν
413 2196 460 2223 τοῦ
479 2197 659 2233 κατασχόντος
669 2197 749 2233 λιμοῦ
763 2198 812 2234 τὴν
828 2200 914 2234 πόλιν,

129 2242 241 2277 ἔφαγον.

162 2289 220 2325 (77)
235 2289 335 2316 Τοῦτον
349 2289 404 2326 γὰρ
422 2290 502 2317 αὑτὸν
521 2290 566 2317 τὸν
581 2291 762 2327 γενησόμενον
772 2293 801 2320 ἐν
820 2293 852 2329 τῇ
869 2293 914 2320 πό-

128 2333 169 2361 λει
185 2334 263 2369 λιμὸν
278 2336 470 2372 προθεωρήσας
483 2338 497 2363 ὁ
507 2337 611 2373 Σωτὴρ,
629 2338 743 2374 παρῄνει
753 2340 810 2372 τοῖς
831 2340 913 2367 αὐτοῦ

130 2381 263 2417 μαθηταῖς
281 2384 310 2409 ὲν
322 2384 355 2418 τῇ
368 2382 501 2420 μελλούσῃ
515 2383 585 2410 κατὰ
603 2384 735 2412 Ἰουδαίων
750 2386 912 2422 γενήσεσθαι

128 2429 281 2465 πολιορκίᾳ,
300 2430 338 2465 μὴ
350 2429 388 2462 ὡς
411 2431 453 2456 ἐπ’
471 2430 577 2467 ἀσφαλῆ
597 2431 678 2458 τόπον
707 2432 753 2459 καὶ
780 2433 910 2467 φυλαττό-
929 2453 933 2456 .

129 2483 206 2509 μενον
220 2475 273 2502 ὑπὸ
287 2476 334 2502 τοῦ
348 2476 416 2503 Θεοῦ
428 2476 608 2511 καταφεύγειν
619 2478 665 2505 ἐπὶ
678 2478 727 2514 τὴν
742 2479 828 2513 πόλιν,
842 2480 910 2516 ὅπερ

127 2521 291 2549 πεπόνθασιν
305 2522 329 2548 οἱ
349 2522 451 2554 πολλοὶ,
475 2523 532 2549 ἀλλ’
551 2523 654 2550 ἐκεῖθεν
679 2524 728 2559 μὲν
748 2525 909 2561 ἀναχωρεῖν,

126 2567 237 2602 φεύγειν
251 2567 280 2594 δὲ
297 2569 337 2599 είς
353 2569 386 2595 τὰ
399 2569 466 2605 ὅρη·
492 2569 539 2596 καὶ
557 2570 621 2601 τοὺς
641 2571 670 2597 ὲν
688 2571 761 2606 μέσῳ
780 2572 828 2607 τῆς
849 2572 911 2599 ἰου-

125 2613 201 2646 δαίας
218 2615 349 2650 ἐκχωρεῖν
372 2616 411 2647 είς
432 2615 465 2642 τὰ
486 2615 549 2652 ἔθνη
568 2615 640 2652 (78);
664 2617 712 2644 καὶ
740 2618 802 2649 τοὺς
826 2619 855 2645 ἐν
875 2619 909 2654 τῇ

158 2713 227 2749 (74⁸)
242 2713 312 2749 iNon
339 2720 426 2742 tamen
453 2715 593 2743 incruenta
617 2716 740 2744 victoria.
769 2717 814 2744 Ait
839 2718 911 2746 enim

123 2748 225 2776 Fronto
235 2748 274 2776 De
288 2749 353 2776 bello
365 2749 489 2786 Parthico
500 2758 510 2777 :
523 2759 533 2776 ι
551 2751 670 2779 Adriano
686 2752 828 2786 imperium
842 2753 911 2780 obti-

124 2788 212 2817 nente,
232 2789 363 2821 quantum
381 2785 496 2813 militum
528 2786 742 2821 (Romanorum)
769 2795 784 2814 a
808 2787 908 2816 Judaeis

123 2818 262 2846 czesuml’i
273 2818 380 2854 Legesis
412 2827 501 2847 autent
533 2818 683 2849 historicos
703 2830 717 2850 a
742 2830 785 2850 me
808 2823 906 2851 ibidem

126 2853 151 2881 in
167 2853 389 2882 adnotationibus
400 2855 531 2883 laudatos.

1014 1434 1100 1466 Atque
1117 1437 1145 1459 ut
1160 1432 1284 1459 Christus
1299 1432 1518 1464 demonstraret,
1541 1432 1667 1467 templum
1682 1432 1759 1459 dein—

978 1487 1039 1513 ceps
1051 1479 1120 1506 haud
1136 1484 1312 1506 instauratum
1329 1479 1372 1511 iri,
1386 1487 1474 1514 neque
1491 1478 1597 1507 Judaeos
1615 1479 1755 1514 pristinam

977 1533 1053 1552 suam
1087 1524 1279 1559 rempublicam
1306 1531 1535 1560 recuperaturos,
1564 1526 1670 1553 caeteris
1703 1526 1760 1554 suis

977 1571 1198 1606 praedictionibus
1235 1571 1338 1598 addidit
1378 1572 1507 1606 temporis
1547 1572 1730 1600 deﬁnitionem
1748 1592 1758 1604 .

977 1615 1105 1649 quamdiu
1134 1615 1239 1643 scilicet
1269 1615 1453 1651 Hierosolyma
1488 1616 1658 1643 ethnicorum
1690 1617 1758 1651 pede

978 1661 1089 1688 terenda
1113 1666 1223 1688 essent:
1239 1661 1277 1688 ait
1295 1661 1386 1693 enim,
1402 1662 1483 1688 donec
1505 1667 1622 1696 tentpora
1643 1663 1757 1697 gentium

977 1706 1222 1741 compleantur:ita
1246 1706 1401 1742 signiﬁcans
1424 1708 1515 1735 δωουιί
1543 1709 1755 1736 consummatio-

977 1759 1049 1785 nem,
1066 1758 1115 1780 nee
1134 1760 1187 1780 non
1201 1752 1328 1787 temporis
1345 1760 1428 1787 usque
1445 1753 1479 1780 ad
1498 1754 1755 1781 consummationem

975 1797 1158 1827 intervallum.
1173 1797 1313 1833 Signiﬁcat
1333 1798 1416 1826 etiam
1437 1799 1534 1827 bellum
1552 1800 1623 1835 quod
1642 1800 1755 1835 captivi-

974 1849 1056 1872 tatem
1072 1852 1269 1880 prmeessurum
1283 1850 1341 1872 erat
1357 1852 1365 1872 :
1380 1844 1485 1873 Futura
1501 1850 1549 1878 est,
1565 1845 1667 1880 inquit,
1682 1853 1754 1879 prel-

972 1898 1035 1917 sura
1045 1890 1074 1917 in
1088 1895 1171 1923 terra,
1180 1898 1325 1926 magnaque
1336 1891 1378 1917 ira
1388 1898 1465 1924 super
1474 1890 1569 1924 populo
1583 1891 1640 1922 hoc,
1657 1896 1681 1918 ει
1697 1893 1754 1918 acie

970 1935 1053 1970 gladii
1076 1936 1178 1963 cadent.
1205 1936 1293 1971 Atque
1322 1936 1380 1963 haec
1401 1935 1505 1971 singula
1527 1936 1751 1971 quemadmodum

970 1980 1129 2013 acciderint,
1147 1986 1228 2015 atque
1242 1986 1272 2008 ut
1294 1981 1450 2009 Servatoris
1468 1982 1552 2009 nostri
1576 1982 1683 2009 oracula
1698 1983 1753 2010 sint

969 2026 1069 2053 exitum
1086 2032 1241 2060 consecuta,
1267 2035 1300 2054 ex
1326 2027 1435 2062 Josephi
1451 2027 1571 2055 Historia
1590 2035 1752 2063 cognoscere

968 2072 1041 2101 lcet.
1059 2072 1130 2100 Idem
1147 2074 1260 2100 alterum
1281 2081 1388 2108 quoque
1410 2073 1564 2101 Servatoris
1584 2075 1751 2108 vaticinium,

968 2117 1095 2145 nimirum
1113 2117 1157 2145 Va:
1169 2117 1330 2145 Iactantibus
1342 2119 1367 2145 in
1379 2118 1471 2145 diebus
1483 2119 1557 2146 ἰιίίδί
1578 2124 1675 2146 eventu
1689 2126 1750 2154 per-

966 2164 1057 2198 spicue
1086 2165 1287 2199 comprobatum
1310 2165 1391 2192 tradit
1418 2173 1424 2192 :
1448 2165 1548 2193 etenim
1578 2171 1712 2193 memorat
1735 2173 1749 2192 a

965 2209 1261 2244 mulieribusfpart'ulos
1278 2211 1401 2245 proprios
1425 2212 1486 2247 igne
1502 2216 1588 2239 tostos
1601 2211 1629 2238 in
1644 2219 1748 2238 summa

964 2256 1040 2284 urbis
1053 2256 1124 2284 fame
1140 2256 1223 2285 fuisse
1236 2258 1390 2286 devoratos.

930 2307 952 2335 ι)
1002 2301 1077 2329 Hanc
1095 2302 1180 2337 ipsam
1201 2302 1260 2330 urbi
1286 2309 1445 2331 eventuram
1472 2303 1570 2330 famem
1595 2302 1747 2337 praevidens

966 2347 1107 2381 Servator,
1124 2348 1285 2376 admonebat
1297 2349 1442 2384 discipulos
1458 2357 1522 2378 suos
1539 2355 1569 2377 ut
1581 2350 1607 2377 in
1624 2351 1745 2385 proxima

964 2391 1118 2421 Judaaorum
1136 2393 1309 2427 obsessione,
1325 2394 1426 2422 nollent
1450 2398 1578 2429 tauquam
1602 2395 1636 2422 ad
1661 2399 1745 2422 lutum

963 2439 1051 2467 locum
1074 2444 1102 2467 et
1122 2448 1137 2467 a
1156 2439 1211 2468 Deo
1233 2440 1395 2468 custoditum
1421 2441 1447 2468 in
1472 2443 1565 2468 urbem
1591 2440 1743 2476 confugere,

963 2487 1034 2519 quod
1050 2484 1159 2520 plurimi
1172 2485 1304 2519 fecerunt,
1329 2486 1376 2513 sed
1400 2486 1462 2514 inde
1484 2487 1572 2521 potius
1588 2486 1745 2514 recederent

963 2530 1083 2564 atquein
1099 2535 1202 2558 montes
1220 2532 1361 2566 ingerent;
1383 2535 1410 2558 et
1432 2531 1479 2565 qui
1502 2535 1581 2558 erant
1605 2531 1632 2558 in
1656 2531 1743 2559 inedia

963 2574 1054 2603 Judtea
1067 2576 1099 2603 ad
1109 2579 1205 2611 gentes
1218 2577 1377 2611 migrarent,
1392 2579 1420 2604 et
1432 2576 1479 2611 qui
1495 2576 1521 2603 in
1534 2584 1600 2611 agro
1612 2577 1742 2611 degebant

964 2627 1134 2655 nequaquam
1151 2621 1185 2649 ad
1201 2621 1317 2649 munitas
1337 2628 1414 2649 arces
1426 2625 1634 2654 concurrerent,
1655 2628 1742 2656 neque

961 2727 1041 2761 sensu
1053 2725 1103 2762 λιιι
1117 2725 1247 2756 praeterea
1266 2721 1366 2749 desunt
1385 2721 1454 2757 Syro
1475 2721 1657 2756 pracedentes
1679 2727 1741 2751 octo

959 2756 1093 2783 versiculi.
1408 2756 1412 2757 ⁷

993 2791 1048 2825 (76)
1065 2790 1132 2817 Bell.
1160 2790 1226 2818 Jud.
1251 2791 1297 2818 lib.
1314 2799 1372 2823 vm,
1391 2791 1418 2820 8.

1004 2792 1048 2825 76)
1065 2792 1132 2817 Bell.
1160 2792 1226 2818 Jud.
1251 2792 1297 2818 lib.
1314 2799 1372 2823 vm,
1391 2792 1418 2820 8.

1004 2825 1036 2851 77
1067 2826 1134 2853 Cod.
1147 2826 1179 2852 A.
1197 2826 1216 2853 l'.
1229 2825 1292 2853 270.
1307 2825 1368 2861 Syr.
1387 2834 1422 2859 Iv,
1437 2827 1483 2861 ΞΟ,
1501 2827 1546 2854 2i.

973 2870 976 2875 -
990 2792 1047 2896 $78;
1060 2860 1108 2889 llic
1119 2868 1173 2890 non
1190 2860 1259 2890 bene
1278 2861 1363 2896 Syrus
1377 2861 1502 2891 Graecum
1523 2863 1546 2890 vi

1003 2860 1046 2896 78)
1060 2860 1108 2889 llic
1119 2868 1173 2890 non
1190 2860 1259 2890 bene
1278 2860 1363 2896 Syrus
1377 2861 1502 2891 Graecum
1523 2862 1631 2890 videtur
1660 2862 1738 2890 intol-

158 2888 214 2924 (75)
241 2888 292 2917 Hic
318 2889 402 2925 Syrus
425 2889 544 2919 deﬂectit
572 2890 739 2926 aliquantum
768 2901 783 2921 a
807 2893 903 2923 Graeco
953 2888 1060 2924 texisse.

275 2939 413 2971 Parnm.
435 2940 494 2971 Gs.
517 2940 634 2971 XXIV.

1541 2944 1577 2975 21
