2045 3215
196 289 263 319 Εῐτα
281 291 422 328 μεθίστησι
439 295 502 325 τοὺς
516 294 610 329 λόγους
624 295 638 321 ὁ
653 294 755 330 Κύριος
769 295 816 321 ἐπὶ
834 295 878 321 τὸν
895 295 945 330 τῆς

161 338 314 370 συντελείας
340 339 444 375 καιρὸν,
459 341 506 366 καί
533 348 617 376 φησι·
644 341 699 368 Kal
723 341 809 368 ἔσται
837 341 945 375 σημεῖα

160 384 280 417 hiulei
303 384 351 411 καὶ
379 384 495 420 σελήνῃ
523 385 573 412 καὶ
601 385 733 420 ἄστροις.
757 386 945 421 Συγκεχῦσθαι

160 430 233 456 δοκεῖ
247 430 282 456 τὰ
294 430 343 466 τῆς
357 430 427 457 κατὰ
440 431 489 466 τὴν
505 431 576 465 λέξιν
591 432 760 466 ἀκολουθίας,
785 432 830 459 διὰ
852 432 883 460 τὸ
907 432 944 469 μὴ

159 475 313 503 διεστάλθαι
323 476 520 512 ἀφωρισμένως
533 478 568 504 τά
580 487 610 505 τε
633 479 698 514 περὶ
713 478 764 514 τῆς
787 479 946 515 πολιορκίας

159 522 206 548 τοῦ
227 521 309 548 τόπου
325 522 484 558 λελεγμένα,
500 523 596 550 καὶτὰ
620 524 685 560 περὶ
708 524 758 560 τῆς
790 524 945 557 συντελείας

158 567 205 594 τοῦ
219 567 326 600 αξῶνος.
342 568 410 595 Κατ’
425 569 579 604 οἰκονομίαν
591 569 620 596 δὲ
634 569 689 605 ἄρα
704 570 750 596 τοῦ
765 570 838 596 θείου
861 570 945 597 Πνεύ-

161 621 244 649 ματος
259 614 275 649 ἡ
289 613 405 648 ἀσάφεια
426 614 520 648 γέγονε
531 634 538 646 ,
557 614 723 650 κρύπτοντος
750 617 876 652 ἐπίτηδες
895 617 945 653 τῆς

161 659 214 687 τῶν
229 659 334 686 πολλῶν
345 659 471 694 γνώσεως
485 660 518 687 τὰ
529 662 558 688 ὲν
575 661 741 697 ἀπορρήτοις
755 662 807 689 ὑπὸ
821 663 868 689 τοῦ
893 664 946 690 Σω-

161 706 242 741 τῆρος
258 706 348 741 μόνοις
370 707 424 737 τοῖς
453 706 534 733 αὑτοῦ
563 707 695 742 μαθηταῖς
722 708 941 744 παραδεδομένα·

152 751 230 778 -οὓτω
254 751 342 778 τοίνυν
367 751 644 786 ἀναγνωσόμεθα,ὼς
659 753 682 778 εί
709 752 778 788 μετὰ
802 753 944 788 διαστολῆς

159 799 251 834 εῐρητο
277 797 370 825 τοῦτον
394 797 440 824 τὸν
465 798 578 833 τρόπον·
601 799 668 834 Περὶ
695 799 745 834 μὲν
775 799 823 834 τῆς
851 807 943 825 συντε-

158 843 232 876 λείας
249 844 296 870 τοῦ
316 843 430 876 αἰῶνος,
452 843 564 879 βλέπετε
592 845 628 879 μή
647 852 689 875 τις
716 843 788 879 ὑμᾶς
806 843 942 883 πλανήσῃ·

160 889 251 916 πολλοὶ
275 889 329 924 γὰρ
354 888 506 916 ἐλεύσονται
531 889 577 915 ἐπὶ
603 888 641 924 τῷ
665 888 776 924 ὀνόματί
802 897 867 924 μουο
897 889 944 916 καὶ

828 190 871 217 DE
891 190 1121 218 TIIEOPIIANIA.

534 249 561 276 l'.
960 257 982 284 Α

1647 161 1671 176 κ

1725 195 1778 221 ϋδι

1365 250 1400 278 X.

1031 296 1098 324 Exin
1115 296 1265 324 orationem
1279 297 1411 324 convertit
1435 296 1564 324 Servator
1593 297 1626 324 ad
1656 302 1777 332 tempora

996 342 1249 373 consummationis.
1268 342 1360 377 aitque
1376 351 1382 369 ε
1398 342 1431 369 Et
1447 348 1521 370 erunt
1537 344 1614 378 signa
1628 343 1655 370 in
1669 344 1733 374 sole,
1755 348 1779 370 et

995 387 1069 420 luna,
1095 393 1118 415 et
1137 388 1218 415 stellis
1230 389 1262 415 ¹¹¹.
1278 387 1412 416 Confusus
1431 389 1538 416 videtur
1555 390 1689 416 sermonis
1713 397 1778 416 cons

997 437 1096 465 textus,
1114 434 1176 468 quia
1201 434 1312 468 prteeise
1335 441 1388 461 non
1413 439 1477 461 sunt
1499 435 1638 467 distincta,
1659 442 1720 468 quae
1745 436 1779 461 de

995 478 1048 506 loci
1063 479 1220 507 obsessione
1236 479 1373 512 dicuntur,
1386 477 1420 507 ab
1437 480 1469 507 iis
1483 487 1543 515 quae
1558 481 1590 507 de
1604 480 1695 508 saeculi
1713 487 1779 507 con-

996 524 1184 552 summatioue.
1206 524 1334 552 Prudenti
1351 529 1439 553 tamen
1451 525 1534 552 divini
1550 525 1668 559 Spiritus
1683 525 1779 553 volun.

996 575 1051 598 tate
1068 573 1125 599 haec
1143 571 1297 599 obscuritas
1315 571 1424 604 accidit,
1443 575 1471 598 ut
1487 571 1666 598 multitudinis
1684 572 1779 606 cogni-

996 615 1062 643 tioni
1087 621 1168 644 caute
1192 616 1427 648 subtraherentur,
1445 623 1506 650 quae
1529 623 1630 642 arcano
1651 615 1780 642 Servator

995 661 1054 690 suis
1080 666 1185 689 tantum
1210 661 1349 697 tliscipulis
1372 661 1619 690 commendaverat.
1642 661 1689 689 Sic
1712 669 1779 696 ergo

995 708 1123 743 legemus,
1142 708 1218 743 quasi
1242 716 1304 736 cuin
1326 709 1545 743 interpunctione
1568 708 1670 736 dictum
1696 707 1778 735 fuerit

995 758 1024 780 ut
1036 754 1158 788 sequitur
1172 761 1179 780 :
1195 753 1232 782 De
1248 755 1480 782 consummatione
1497 759 1587 782 autem
1610 754 1710 786 saeculi,
1728 761 1776 781 ca-

994 804 1101 838 vetepc
1122 801 1182 834 quis
1204 808 1253 828 vos
1273 800 1407 835 decipiat;
1424 800 1500 828 multi
1524 800 1596 828 enim
1613 801 1640 828 in
1664 800 1773 828 nomine

994 852 1054 872 meo
1068 845 1190 878 venient;
1207 850 1235 872 et
1251 852 1310 879 quae
1325 845 1361 872 ibi
1376 849 1525 878 sequuntur
1540 845 1652 880 reliqua.
1671 845 1772 873 Postre-

995 899 1046 918 mte
1062 895 1152 919 autem
1172 891 1222 918 loci
1244 891 1404 923 obsidionis,
1415 896 1475 925 post
1493 898 1573 926 quant
1594 890 1777 918 restitutionis

157 934 192 961 τά
204 934 309 966 τούτοις
320 935 453 970 ἑπόμενα·
471 934 534 970 περὶ
549 935 578 961 δὲ
592 936 640 970 τῆς
656 934 811 970 πολιορκίας
827 934 874 961 τοῦ
898 935 942 962 τό-

995 936 1065 964 nulla
1079 944 1151 971 spes,
1163 936 1214 964 hoc
1229 936 1355 964 indicium
1370 943 1429 963 esse
1444 937 1523 964 debet
1537 945 1543 963 :
1557 943 1638 970 quum
1656 936 1779 964 videritis

158 986 209 1005 που
234 978 284 1014 τῆς
313 978 440 1014 ὑστάτης,
459 978 518 1014 μεθ’
541 979 573 1014 ἢν
596 980 645 1005 οὐκ
669 978 740 1005 ἔστιν
766 978 843 1011 αὖθις
865 980 950 1020 αὑτὸν,

159 1023 450 1058 ἁνοιγοδομηθησεσθαι
469 1024 631 1058 προσδοκᾷν,
647 1024 719 1050 τοῦτ’
731 1024 802 1059 ἔχειν
816 1025 949 1059 ὠφείλετο

158 1069 189 1097 τὸ
207 1071 318 1106 σημεῖον
328 1078 335 1085 ο
351 1070 414 1096 ᾰταν
444 1070 518 1104 ἴδητε
532 1069 716 1105 κυκλουμένην
730 1071 782 1096 ὑπὸ
795 1070 850 1097 τῶν
867 1079 948 1106 στρα-

159 1116 279 1143 τοπέδων
297 1116 347 1152 τὴν
372 1115 566 1152 Ἰερουσαλὴμ,
587 1116 647 1143 τότε
668 1115 754 1151 γνῶτε
777 1109 818 1142 ὅτι
833 1117 947 1152 ἤγγικεν

159 1162 175 1197 ἡ
189 1162 330 1198 ἐρήμωσις
346 1162 440 1199 αὐτῆς,
456 1163 502 1189 καὶ
515 1163 548 1189 τὰ
565 1162 668 1194 τούτοις
680 1162 814 1188 ἀκόλουθα
828 1163 929 1188 ποιεῖτε
938 1171 944 1177 ·

159 1209 223 1244 περὶ
234 1208 263 1235 δὲ
276 1209 326 1244 τῆς
342 1209 412 1235 κατὰ
427 1209 477 1244 τὴν
498 1209 651 1235 συντέλειαν
666 1208 712 1235 τοῦ
731 1208 829 1240 αἰῶνος
846 1217 947 1244 παρου-

993 984 1189 1011 circumdatam
1206 983 1240 1010 ab
1256 983 1423 1010 exercitibus
1442 982 1622 1016 Hierusalem,
1642 987 1707 1010 tunc
1724 984 1779 1010 sci-

989 1033 1049 1056 tote
1062 1029 1215 1056 vastitatem
1229 1029 1288 1063 ejus
1303 1028 1414 1060 instare,
1430 1029 1543 1063 ideoque
1556 1036 1614 1062 qua:
1627 1029 1649 1055 ei
1665 1029 1701 1055 rei
1716 1033 1779 1055 snut

994 1073 1089 1100 idonea
1106 1072 1195 1100 facite.
1214 1073 1334 1108 Denique
1348 1073 1380 1100 de
1394 1073 1554 1100 Antichristi
1568 1074 1639 1100 circa
1652 1081 1779 1100 consum-

995 1119 1141 1145 mationem
1155 1118 1244 1145 surculi
1260 1119 1388 1151 adventu,
1406 1119 1456 1146 hoc
1471 1118 1547 1146 vobis
1561 1119 1605 1146 aio
1618 1128 1624 1146 :
1639 1117 1697 1144 Erit
1717 1123 1780 1144 tunc

995 1164 1132 1191 tribulatio
1148 1172 1252 1199 magna.
1270 1163 1406 1192 Hactenus
1420 1166 1453 1191 de
1469 1164 1551 1200 hujus
1566 1164 1713 1199 evangelici
1727 1163 1779 1191 luci

995 1215 1086 1244 putata
1103 1211 1272 1238 confusione.

160 1257 217 1290 σίας
233 1256 279 1284 τοῦ
303 1257 493 1292 Ἀντιχρίστου,
509 1257 584 1284 ταῦθ’
603 1257 666 1292 ὑμῖν
681 1257 873 1291 λέγω’¹Εσται
886 1258 951 1284 τότε
965 1259 1066 1292 θλίψις
1079 1258 1211 1293 μεγάληο
1234 1258 1319 1285 ταῦτα
1339 1259 1387 1294 μὲν
1410 1258 1473 1294 περὶ
1495 1258 1542 1293 τῆς
1556 1259 1626 1285 κατὰ
1640 1258 1683 1284 τὸν
1699 1257 1781 1284 τόπον

158 1303 336 1339 νομιζομένης
349 1303 512 1338 συγχύσεως.

193 1349 251 1385 (82)
265 1350 369 1381 Ταῦτα,
389 1349 506 1384 συγγενῆ
521 1350 584 1376 ὂντα
597 1351 652 1381 τοῖς
669 1349 744 1384 παρὰ
762 1349 800 1385 τῷ
814 1350 945 1385 Ματθαίῳ

159 1396 187 1422 ἑν
200 1395 238 1431 τῷ
251 1395 308 1432 ὄρει
327 1395 381 1422 τῶν
397 1395 508 1422 Ἐλαιῶν
524 1395 590 1430 πρὸς
610 1395 672 1426 τοὺς
695 1395 859 1427 ἀποστόλους
880 1395 944 1430 περὶ

159 1441 312 1473 συντελείας
328 1441 564 1477 παραδεδομένας,
582 1441 695 1476 φέρεται
711 1440 785 1476 παρὰ
802 1440 840 1476 τῷ
852 1442 943 1477 Λουκᾷ

159 1487 196 1519 ὼς
207 1487 338 1523 εἰρημένα
348 1487 459 1522 πρὸτῆς
474 1486 576 1512 εἰσόδου
591 1485 672 1513 αὐτοῦ
687 1486 736 1521 τῆς
756 1486 942 1522 Ἰερουσαλὴμ,

160 1531 350 1568 ὲνδιατρίϐοντι
365 1532 464 1567 μεταξὺ
481 1531 636 1568 Σαμαρείας
650 1532 696 1558 καὶ
715 1532 868 1564 Γαλιλαίας.
899 1534 940 1558 Δι-

160 1577 253 1605 δάσκει
267 1577 294 1604 δὲ
305 1577 347 1604 διὰ
356 1577 458 1604 τούτων
473 1578 508 1613 μὴ
522 1578 576 1615 δεῖν
593 1577 822 1614 συναρπάζεσθαι,
834 1578 860 1604 εί
868 1586 942 1608 ποτε.

160 1624 318 1656 ἐπιστάντος
335 1624 381 1651 τοῦ
397 1619 588 1660 ’Δντιχρίστου,
616 1623 749 1659 διατρέχοι
780 1624 858 1660 φήμη
882 1624 944 1659 περὶ

159 1670 350 1703 αὑτοῦ,ὡςτοῦ
366 1670 483 1706 Χριστοῦ
499 1670 636 1704 φανέντος.
651 1670 696 1696 Διὸ
707 1679 773 1705 φησι
783 1678 789 1684 '
813 1670 880 1696 Ἐὰν
896 1669 944 1696 λέ-

160 1724 252 1752 γωσιν
267 1717 348 1751 ὑμῖν,
363 1717 439 1744 Ἰδοὺ
454 1714 521 1748 ὧδε,
534 1717 553 1751 ἢ
571 1717 635 1744 ίδοὺ
650 1717 721 1749 ἐκεῖ,
735 1716 778 1751 μὴ
794 1716 943 1749 ἐξέλθητε,

158 1761 235 1797 μηδὲ
264 1762 405 1797 διώξητε*
439 1762 566 1790 ἀδύνατον
599 1762 652 1798 γὰρ
682 1762 774 1789 λοιπὸν
802 1762 846 1789 τὸν
872 1762 944 1795 ἅπαξ

159 1807 205 1834 ἐπὶ
224 1809 276 1844 γῆς
302 1808 418 1843 φανέντα
445 1808 524 1834 πάλιν
549 1809 578 1834 ἐν
606 1807 717 1841 γωνίαις
741 1808 794 1843 γῆς
819 1807 870 1839 τὰς
888 1807 945 1834 δια-

158 1854 254 1890 τριϐὰς
280 1854 452 1890 ποιήσασθαι.
479 1855 509 1880 Et
538 1852 584 1881 οὖν
607 1863 648 1886 τις
673 1854 748 1881 ἔσται
774 1851 824 1880 ὧδε
845 1854 860 1889 ἣ
888 1854 945 1880 ἐκεῖ

160 1899 375 1935 θρυλλούμενος,
411 1900 447 1935 μὴ
482 1899 628 1937 ὲξέρχησθε
662 1899 757 1934 ὑμεῖς,
798 1899 866 1934 μηδὲ
903 1908 945 1926 πι-

161 1946 273 1981 στεύητε
303 1947 359 1978 τοῖς
391 1945 563 1981 λεγομένοις’
597 1945 675 1976 ἄλλος
709 1945 763 1982 γὰρ
798 1945 873 1972 ἔσται
902 1954 944 1977 τις

159 1987 254 2024 οὗτος,
282 1992 330 2018 καὶ
359 1992 407 2027 οὐχ
436 1992 450 2018 ό
479 1990 582 2026 ἀληθὴς
613 1990 744 2026 Χριστός’
774 1987 796 2024 ᾦ
823 1990 875 2026 χρὴ
907 1991 944 2027 μὴ

160 2038 313 2074 προσέχειν.
332 2037 368 2064 Τὸ
392 2037 446 2073 γὰρ
467 2037 592 2072 μέγιστον
619 2037 730 2071 σημεῖον
749 2036 798 2068 τῆς
817 2037 945 2072 δευτέρας

159 2083 205 2110 τοῦ
217 2083 344 2118 Σωτῆρος
355 2083 434 2118 ἡμῶν
450 2083 598 2118 παρουσίας
612 2083 649 2113 ὡς
659 2082 784 2118 αστραπὴ
802 2081 887 2113 ἔσται,
896 2083 944 2117 οὐχ

160 2128 239 2164 ὁμοία.
255 2130 314 2160 ταῖς
329 2129 439 2159 πολλαῖς
451 2128 496 2155 καὶ
512 2129 540 2155 ὲν
558 2128 635 2164 μέρει
654 2127 699 2155 τοῦ
716 2128 813 2160 παντὸς
828 2128 871 2154 ἀεὶ
882 2136 945 2162 φαι-

159 2174 294 2210 νομέναις,
318 2174 385 2200 ἀλλὰ
408 2183 448 2205 τις
463 2173 599 2205 ἰδιάζουσαι
622 2174 668 2200 καὶ
685 2173 757 2209 ξένη,
786 2173 832 2199 τὸν
857 2172 944 2199 πάντα

958 1555 981 1585 C

1035 1349 1108 1380 llmc,
1138 1353 1250 1382 cognata
1275 1348 1328 1375 illis
1352 1356 1411 1382 qua:
1439 1348 1508 1383 apud
1534 1348 1687 1376 Matthzeum
1704 1349 1725 1364 ¹¹¹
1753 1349 1780 1376 in

997 1397 1088 1421 monte
1110 1393 1247 1420 Olivarnm
1272 1393 1399 1420 dicuntur
1416 1394 1587 1426 apostolisde
1607 1394 1698 1420 mundi
1715 1394 1779 1426 line,

996 1440 1065 1474 apud
1082 1439 1212 1466 Lucam“
1231 1444 1376 1465 narrantur
1393 1447 1443 1466 ceu
1460 1439 1530 1466 dicta
1548 1444 1610 1466 ante
1629 1439 1780 1475 ingressum

997 1486 1023 1513 in
1040 1487 1135 1513 urbem
1154 1484 1337 1517 Hierusalem,
1356 1489 1479 1513 morante
1499 1484 1562 1512 Jesu
1588 1486 1659 1513 inter
1683 1485 1781 1514 Sama-

997 1531 1065 1559 riam
1084 1535 1111 1558 et
1136 1530 1285 1558 Galilteam.
1310 1530 1393 1557 Docet
1416 1536 1504 1557 autem
1532 1531 1573 1558 his
1599 1531 1698 1564 verbis,
1727 1539 1780 1559 non

996 1582 1120 1612 oportere
1135 1584 1297 1612 quemquam
1309 1582 1401 1604 errore
1416 1576 1510 1611 abripi,
1524 1578 1546 1604 si
1564 1578 1718 1612 aliquando,
1741 1579 1781 1605 in-

996 1629 1084 1652 stante
1099 1623 1260 1651 Antichristi
1276 1628 1406 1658 tempore,
1425 1623 1497 1650 fama
1521 1625 1554 1651 de
1570 1631 1602 1650 eo
1617 1630 1780 1659 pervagetur

996 1669 1072 1704 quasi
1097 1669 1222 1696 Christus
1246 1669 1411 1704 apparuerit.
1439 1669 1541 1696 Idcirco
1565 1670 1602 1697 ait
1623 1679 1629 1697 :
1648 1669 1678 1697 Si
1708 1672 1780 1697 vobis

996 1715 1120 1748 dixerint,
1139 1714 1204 1742 Ecce
1233 1715 1283 1748 (tie,
1311 1720 1334 1742 et
1354 1723 1410 1742 ecce
1439 1715 1504 1747 illic,
1532 1716 1611 1742 nolite
1640 1716 1676 1740 ire.
1699 1724 1780 1744 neque

995 1761 1127 1788 sectamini
1151 1770 1160 1788 :
1188 1761 1354 1796 impossibile
1380 1761 1451 1789 enim
1471 1766 1520 1794 est,
1537 1769 1597 1789 eum
1624 1763 1668 1797 qui
1696 1762 1781 1790 semel

996 1806 1022 1833 in
1037 1811 1110 1834 terra
1126 1807 1294 1841 apparuerit,
1313 1815 1407 1835 rursus
1423 1808 1448 1834 in
1465 1807 1573 1842 angulis
1590 1813 1670 1834 terra:
1689 1815 1780 1836 moras

997 1853 1114 1879 trahere.
1134 1853 1162 1880 Si
1178 1860 1242 1888 ergo
1264 1861 1356 1880 rumor
1379 1853 1496 1885 dicatur,
1526 1853 1590 1880 Ecce
1605 1854 1657 1884 hic,
1679 1859 1702 1880 et
1723 1862 1780 1881 ecce

995 1899 1061 1930 illic,
1073 1906 1153 1927 n0ntc
1166 1907 1212 1926 vos
1225 1900 1273 1931 ire,
1289 1906 1375 1933 neque
1388 1899 1468 1925 dictis
1479 1899 1605 1926 credatis.
1621 1899 1696 1926 Alius
1707 1900 1778 1926 enim

996 1944 1108 1978 quilibet
1135 1944 1187 1971 crit
1212 1944 1274 1975 iste,
1294 1951 1346 1970 non
1365 1947 1455 1970 autem
1473 1950 1552 1970 verus
1573 1944 1713 1976 Christus;
1736 1945 1780 1971 cui

996 1994 1137 2024 propterea
1155 1997 1206 2015 non
1218 1993 1259 2016 est
1271 1988 1477 2015 attendendum.
1490 1987 1557 2015 Nam
1570 1989 1674 2024 signum
1694 1990 1780 2017 maxi-

996 2041 1068 2061 mum
1084 2034 1196 2061 secundi
1211 2033 1345 2060 adventus
1360 2033 1513 2061 Scrvatoris
1536 2034 1632 2068 nostri,
1652 2040 1780 2069 tanquam

995 2080 1084 2114 fulgur
1099 2080 1151 2107 erit
1179 2080 1291 2107 minimc.
1308 2079 1395 2107 simile
1412 2080 1472 2108 aliis
1486 2082 1578 2108 multis
1601 2082 1626 2108 in
1642 2088 1719 2116 parte
1731 2082 1781 2110 ali-

995 2134 1048 2161 qua
1064 2127 1154 2153 mundi
1170 2127 1374 2161 apparentibus,
1397 2127 1444 2154 scd
1459 2128 1597 2163 singulare
1615 2137 1647 2156 ac
1661 2129 1781 2164 peregri-

996 2180 1059 2199 num
1083 2177 1164 2207 atque
1189 2173 1344 2200 universttm
1367 2174 1459 2200 urbem
1482 2179 1593 2208 repente
1619 2176 1779 2209 pervadens.

160 2221 262 2256 κόσμον
276 2219 381 2255 ἁθρόως
394 2220 544 2255 πληροῦσα.
559 2219 603 2246 Διό
619 2228 684 2254 φησι
695 2228 701 2233 ·
724 2219 944 2253 Ἀστράτττουσα

996 2217 1056 2244 ldeo
1071 2217 1136 2244 dicit
1148 2225 1156 2244 :
1168 2217 1315 2244 Coruscans
1328 2218 1359 2244 de
1370 2218 1485 2245 sttbdiali
1497 2220 1521 2245 in
1536 2219 1681 2246 subdialem
1696 2221 1780 2254 regio-

159 2267 194 2294 ὲκ
206 2266 260 2300 τῆς
272 2267 321 2294 ὑπ’
335 2266 464 2300 οἰφανὸν
478 2268 521 2299 εις
539 2266 596 2299 τὴν
611 2266 660 2293 ὑπ’
673 2266 801 2300 οὐρανὸν
813 2265 922 2300 λάμπει
936 2274 943 2281 ·

161 2313 255 2346 οὕτως
265 2310 320 2341 οὖν
329 2313 424 2344 ἔσται,
441 2312 533 2348 φησὶν,
548 2314 564 2339 ό
585 2312 651 2345 Υἱὸς
663 2312 715 2339 τοῦ
727 2311 882 2346 ἀνθρώπου
894 2311 942 2338 ἐπὶ

161 2359 311 2393 παρουσίᾳ
350 2359 462 2387 αὐτοῦ’
498 2359 587 2385 οὐκέτι
625 2359 687 2394 γὰρ,
715 2357 944 2394 περιϐεϐλημένος

162 2405 252 2441 σάρκα
280 2404 400 2441 φθαρτὴν
428 2405 457 2437 ἐξ
488 2405 599 2439 αἵματος
625 2405 672 2431 καὶ
700 2404 799 2431 ὀστέων
832 2412 942 2437 συγκειη

163 2450 246 2486 μένην
266 2450 322 2485 (85)
343 2449 458 2485 βαδίζει,
478 2449 532 2476 ουδ’
550 2449 598 2475 ἐπὶ
622 2448 674 2480 γῆς
702 2448 815 2483 βαδίζων
839 2446 884 2475 «δτὰ
901 2457 943 2480 τις

162 2495 250 2528 κοινὸς
282 2495 422 2532 ἄνθρωπος
461 2496 608 2533 ὀφθήσεται
622 2515 630 2528 ,
665 2494 721 2522 ἀλλ’
758 2494 775 2524 ἢ
811 2495 945 2530 ἐκλάμψει

148 2540 220 2572 ’ὅλος
249 2540 284 2567 δι’
308 2540 388 2574 ὅλου,
414 2540 445 2567 τὺ
469 2540 526 2575 φῶς
552 2540 600 2575 τῆς
627 2539 707 2567 αὐτοῦ
738 2539 863 2574 θεότητος
889 2540 946 2570 τοῖς

163 2586 229 2612 πᾶσι
261 2585 384 2617 δεικνὺς,
415 2585 462 2612 ἅτε
492 2584 572 2616 αὐτὸς
603 2583 640 2611 ὢν
664 2583 694 2610 τὸ
722 2583 838 2617 φωτίζον
857 2583 946 2610 πάντα

162 2630 303 2667 ἄνθρωπον
331 2630 475 2666 ἐρχόμενον
504 2631 544 2662 εἰς
571 2629 616 2656 τὸν
642 2630 751 2665 κόσμον.
778 2628 871 2660 Οὒτως
898 2627 945 2656 οὖν

165 2689 260 2717 "Luc.
281 2697 337 2722 ut,
355 2689 401 2716 25.
440 2688 462 2704 ¹⁸
484 2688 656 2718 Matth.xxtv,
672 2687 699 2714 5.
721 2687 742 2702 ¹⁹
756 2686 823 2714 Luc.
841 2694 907 2719 xvu,
922 2687 968 2715 25.

162 2737 238 2778 τενῇ,
255 2742 320 2778 ιθιςττ
334 2736 493 2778 potninlatim
507 2736 643 2778 diciturin
655 2735 750 2778 codice

163 2769 195 2800 ex
213 2769 320 2799 Eusebii
334 2771 507 2805 Theophania:
523 2771 591 2797 libro
605 2775 713 2804 quarto.
728 2769 778 2802 Qui
793 2773 881 2796 autetn
901 2769 944 2796 hic

165 2807 304 2832 interiacet
317 2811 418 2832 tractus
426 2804 485 2832 εἶτα
497 2805 650 2832 μεθίστησι.
661 2809 726 2832 etc..
736 2811 796 2831 cum
809 2804 835 2830 in
850 2803 944 2831 codice

165 2811 304 2840 interiacet
317 2811 418 2834 tractus
426 2811 485 2832 ειτα
496 2811 650 2840 μεθίστησι.
661 2811 726 2836 etc..
736 2811 796 2831 cutn
809 2811 835 2830 tn
850 2811 943 2831 conice

164 2842 197 2869 Δ.
222 2841 240 2869 l'.
264 2840 329 2874 270,
355 2841 661 2869 omnino-connectatur
686 2846 747 2866 cum
774 2839 943 2872 praecedente

164 2874 314 2899 πληρωθὲν.
332 2876 472 2899 eidemnue
488 2875 602 2899 Eusebio
625 2874 798 2899 inscribatur.
816 2873 943 2899 nullauuo

164 2874 316 2913 πληρωθὲν,
332 2876 472 2910 eidemque
487 2875 602 2903 Eusebio
625 2874 798 2905 inscribatur.
816 2874 943 2913 nullaque

166 2911 365 2946 intercapedine
376 2910 542 2946 sejungatur,
564 2916 677 2944 prorsus
688 2916 704 2937 ει
729 2908 865 2946 nobis‘lnc
878 2909 940 2943 poni

998 2272 1065 2290 nent.
1085 2262 1129 2290 Sic
1143 2264 1200 2295 erit,
1214 2263 1310 2298 inquit,
1325 2262 1412 2290 Filius
1425 2264 1538 2291 hominis
1552 2265 1578 2290 in
1593 2265 1704 2291 adventu
1719 2274 1778 2293 suo.

997 2309 1103 2336 Etenim
1127 2309 1197 2336 haud
1222 2309 1278 2343 jam
1302 2310 1473 2343 corruptibili
1503 2317 1583 2336 carne
1608 2309 1727 2343 indutus,
1752 2317 1780 2338 et

996 2355 1127 2389 sanguine
1141 2356 1301 2390 ossibusque
1316 2360 1475 2389 compactos
1493 2355 1630 2389 procedet.
1646 2363 1735 2390 neque
1752 2357 1778 2383 in

997 2405 1068 2428 terra
1087 2401 1228 2428 ambulans
1244 2408 1318 2428 more
1333 2401 1485 2428 communis
1502 2401 1619 2429 hominis
1633 2403 1779 2437 conspicie-

998 2450 1051 2478 tur,
1067 2446 1113 2474 sed
1128 2447 1281 2474 coruscabit
1299 2450 1371 2474 totus
1385 2454 1432 2481 per
1445 2451 1540 2479 totunt,
1553 2447 1703 2474 divinitatis
1723 2455 1779 2475 sua

997 2493 1087 2521 lumen
1110 2494 1215 2521 cttnctis
1235 2495 1391 2525 ostendens,
1408 2501 1490 2527 quum
1508 2494 1544 2521 sit
1569 2495 1627 2529 ipse
1643 2495 1689 2529 qui
1717 2495 1778 2522 illu-

998 2538 1082 2564 ninat
1097 2545 1203 2565 omnem
1229 2538 1365 2565 hominem
1382 2537 1532 2564 venientem
1556 2537 1583 2564 in
1611 2538 1682 2564 hunc
1702 2546 1778 2564 mun-

996 2583 1072 2610 dum.
1084 2583 1129 2610 Sic
1140 2583 1230 2618 itaque
1238 2591 1251 2610 a
1263 2584 1340 2611 nobis
1353 2590 1382 2610 se
1401 2590 1462 2611 esse
1472 2583 1680 2618 exspectandum
1689 2583 1776 2610 docet.

996 2629 1073 2662 Quod
1091 2628 1114 2657 si
1130 2630 1155 2656 in
1175 2634 1246 2657 terra
1266 2627 1357 2657 dicant
1373 2629 1500 2664 aliquem,
1520 2629 1563 2656 vel
1588 2629 1669 2656 fando
1684 2629 1778 2656 audia-

993 2733 1096 2765 debuit,
1112 2733 1170 2760 sive
1191 2739 1285 2767 reapse
1309 2732 1343 2760 ad
1365 2732 1558 2765 Theophaniam
1580 2731 1725 2768 pertineat,
1747 2737 1778 2759 ut

992 2769 1108 2798 videtur,
1123 2767 1179 2794 sive
1195 2768 1228 2794 ad
1241 2768 1478 2794 commentarium.

1038 2804 1083 2842 se)
1097 2803 1164 2842 99d.
1174 2803 1207 2829 A.
1220 2801 1241 2842 ε.
1254 2801 1317 2829 233.
1333 2802 1434 2842 b._syr.
1453 2800 1496 2833 IV,
1510 2801 1556 2842 es,

1038 2838 1082 2871 85)
1107 2837 1161 2864 Hoc
1193 2837 1309 2864 refertur
1334 2837 1366 2864 ad
1394 2836 1692 2871 incorruptibilitatem;
1723 2845 1778 2865 non

990 2872 1061 2908 quad
1080 2872 1210 2901 Eusebius
1229 2877 1306 2907 neget
1317 2872 1417 2901 Curtin
1429 2879 1540 2900 carnem
1551 2873 1579 2900 in
1593 2874 1712 2902 secundo
1728 2874 1777 2901 ad:

992 2913 1084 2936 ventu.
