2045 3215
257 193 316 223 £55

578 202 581 204 -
597 189 730 217 ΕυδΕ-ΒΙΙ
749 183 988 215 ΟΕΞΑΩΙΕΝΞΙΒ
1006 181 1061 211 ΟΡΙ

1114 180 1195 208 ’ARS
1213 179 1258 206 IV.
1279 192 1313 198 —
1333 175 1545 205 DOGMATICA.

1842 173 1889 202 656

264 261 308 282 tur
323 261 355 282 ex
376 251 522 279 multorum
546 256 666 281 rumore,
695 248 782 282 ipsum
806 253 867 273 esse
890 248 1050 279 praesentem

1114 240 1155 266 ξεῖν
1171 237 1324 274 προσδοκᾷν
1340 235 1420 263 αὑτὸν
1436 235 1567 261 διδάσκει.
1580 233 1610 259 Εἰ
1624 232 1651 258 δὲ
1668 231 1713 258 ἐπὶ
1727 231 1884 266 γῆςλέγοιτό

263 302 402 330 Christum
422 299 451 326 in
476 297 595 326 secundo
619 303 667 324 suo
692 295 809 321 adventu
826 301 833 320 :
850 291 917 323 Vos,
949 290 1048 325 inquit,

257 345 570 378 .nolitecrederemeque
584 341 617 369 de
632 341 692 368 loco
708 343 801 367 vestro
811 337 926 365 excatis.

300 485 400 520 Utique
428 480 592 510 Samaritani
630 476 799 507 Dositheum,
825 474 870 509 qui
895 472 1050 500 Servatoris

264 533 336 562 aetati
355 518 497 561 successit,
517 526 677 562 prophetam
695 523 769 550 illum
787 528 847 548 esse
868 519 968 555 Moysis
982 518 1051 545 vati-

264 579 336 607 cinio
346 575 521 613 promissum,
535 571 649 599 ﬁrmiter
663 567 785 596 arbitrati
802 570 877 598 sunt;
892 565 960 591 adeo
976 564 1051 590 frau-

265 612 415 656 dibusrejus
431 620 513 655 capti,
531 623 561 645 ut
574 615 674 644 Christi
691 615 751 641 loco
767 612 920 640 habendum
937 617 1051 638 censue-

264 672 329 698 rint.
345 669 397 696 Alii
420 674 485 694 vero
516 665 574 697 ipsa
594 661 785 698 Apostolorum
809 663 888 686 aetate
913 657 1051 684 Simonem

259 722 372 750 emagum
406 719 532 748 magnam
563 709 610 737 Dei
640 708 767 735 virtutem
805 704 989 740 appellabant,
1025 706 1052 728 et

265 748 403 790 Christum
417 766 478 786 esse
492 757 624 792 putabant
638 764 644 782 :
662 758 718 782 tum
738 752 783 779 alii
804 750 905 786 pariter
921 749 947 776 in
964 748 1052 782 Phry-

262 809 308 844 gia
323 807 481 834 Montanum
497 813 503 830 :
521 803 564 830 alii
575 801 692 836 denique
708 799 775 826 alios
786 796 903 825 diversis
923 794 989 821 locis
1003 794 1053 820 hac

265 841 392 889 opinione
409 849 545 886 prosecuti
560 852 633 875 sunt.
653 845 746 880 Neque
766 843 845 871 linem
865 841 967 869 facient
980 845 1054 866 vetc-

265 885 381 926 ratores.
405 885 473 923 Nam
505 899 533 922 et
555 893 600 921 alii
618 892 709 927 plures
726 887 857 924 ejusmodi
875 885 1053 922 exspectandi

267 951 331 975 sunt
345 955 352 973 :
366 946 411 980 qui
429 951 496 972 sane
510 947 538 970 et
550 941 600 976 ipsi
618 938 791 968 oraculorum
803 943 818 963 a
833 935 979 964 Servatore
997 934 1055 962 θαι-ι

267 998 357 1021 torum
368 991 510 1019 veritatem
524 988 697 1016 conﬁrmant.

641 1031 686 1058 XI.

303 1083 358 1111 Par
371 1086 412 1110 est
428 1079 556 1108 admirari
572 1086 620 1105 nos
635 1077 770 1104 sinceram
782 1079 961 1108 veracemque
979 1071 1058 1099 indo-

267 1129 321 1156 lem
337 1136 370 1155 ac
383 1126 580 1163 philosophiam
592 1122 763 1157 evangelista
778 1120 909 1148 Matthaai.
926 1119 974 1145 Hic
984 1118 1057 1144 enim

268 1162 439 1209 superiorem
451 1172 513 1198 vitae
537 1173 642 1204 partem
659 1167 730 1194 haud
753 1173 769 1192 a
792 1169 885 1192 sancta
901 1162 1058 1197 auspicatus

270 1220 360 1246 fuerat
375 1217 554 1254 professione,
582 1214 628 1242 sed
650 1214 684 1241 ab
714 1211 802 1239 ollicio
817 1209 951 1238 telonario
977 1212 1058 1242 atque

269 1268 305 1294 ab
318 1266 438 1293 avaritiae
453 1263 551 1291 studio.
566 1261 658 1296 Neque
675 1260 726 1286 hoc
739 1258 882 1293 quisquam
897 1260 1058 1283 ceterorum

271 1311 500 1347 evangelistarum
520 1308 599 1335 nobis
620 1305 797 1337 revelaverat,
812 1310 865 1330 non
882 1301 940 1335 ejus
960 1307 1059 1334 coapo-

272 1359 358 1387 stolus
375 1357 505 1388 Joannes,
521 1362 576 1382 non
591 1354 691 1384 Lucas,
707 1358 794 1385 neque
808 1349 927 1381 Marcus,
941 1347 987 1382 qui
1000 1354 1060 1373 cae—-

272 1411 329 1432 tera
345 1403 490 1438 Evangelia
504 1401 682 1436 scripserunt.
693 1398 746 1426 Sed
757 1397 844 1424 Lucas
857 1395 977 1430 quidem,
994 1400 1060 1427 sup-

271 1458 369 1486 presso
383 1451 515 1484 praesente
529 1446 648 1476 nomine,
670 1444 809 1478 antiquam
831 1441 890 1476 ejus
904 1439 1060 1475 appellatio-

272 1504 336 1524 nem
372 1493 524 1530 usurpavit.
561 1492 660 1518 Verum
699 1491 757 1524 ipse
796 1488 950 1518 Matthteus,
983 1493 1059 1512 suam

273 1542 417 1577 divulgans
441 1540 534 1570 vitam.
562 1538 656 1572 suique
684 1539 828 1563 accusator
853 1533 952 1565 factus,
978 1532 1011 1559 de
1032 1538 1060 1558 se

1100 295 1142 317 ’τις
1153 285 1198 312 καὶ
1207 283 1331 311 ἁκούοιτο
1345 280 1542 318 θρυλλούμενος
1554 278 1600 306 καὶ
1617 277 1800 314 φημιζόμενος
1813 277 1885 312 παρὰ

1101 333 1155 364 τοῖς
1172 330 1290 362 πολλοῖς,
1302 329 1339 360 ὼς
1354 328 1434 359 αὐτὸς
1448 327 1543 362 παρὼν
1559 327 1574 352 ὁ
1601 324 1718 361 Χριστὸς
1744 323 1814 350 κατὰ
1841 323 1885 357 τὴν

1100 377 1229 412 δευτέραν
1253 375 1334 403 αὐτοῦ
1362 372 1523 409 παρουσίαν,
1548 371 1651 406 Ὑμεῖς,
1677 370 1753 404 φησὶ,
1787 369 1823 404 μὴ
1845 377 1886 395 πι-

1103 422 1245 457 στεύσητε,
1264 421 1330 456 μηδὲ
1345 417 1494 455 ὲξέρχησθε
1506 417 1552 444 τοῦ
1569 416 1633 443 ἰδίου
1653 415 1734 441 τόπου

1139 468 1193 503 (84)
1207 467 1310 493 Αὐτίκα
1321 466 1488 500 Σαμαρεῖται
1501 462 1623 489 Δοσίθεον
1634 460 1702 496 μετὰ
1709 459 1772 490 τοὺς
1781 459 1888 494 χρόνους

1102 515 1148 542 τοῦ
1169 515 1294 549 Σωτῆρος
1315 512 1471 547 γενόμενον,
1493 509 1575 536 αὑτὸν
1592 506 1660 534 εἷναι
1679 506 1722 533 τὸν
1740 506 1792 532 ὑπὸ
1812 505 1888 531 Moni-

1104 561 1172 592 σέως
1182 559 1419 596 προψτευόμενον
1432 552 1749 592 προφήτηνξὲπείσθησαν
1761 560 1768 567 ·
1788 552 1889 586 ἀπατη-

1103 608 1195 639 θέντες
1210 607 1255 633 ὑπ’
1272 605 1366 637 αὑτοῦ,
1389 604 1426 635 ὡς
1443 603 1488 630 τὸν
1504 601 1620 638 Χριστὸν
1640 599 1720 626 αὐτὸν
1736 597 1804 624 εἶναι
1825 597 1889 623 ἁπο-

1104 654 1248 690 φήνασθαι.
1275 652 1366 679 Ἀλλοι
1380 650 1408 677 δὲ
1423 649 1493 677 κατὰ
1509 649 1571 679 τοὺς
1584 647 1697 683 χρόνους
1713 645 1767 672 τῶν
1783 644 1891 671 ἀποστό-

1104 701 1156 728 λων
1171 700 1281 736 Σίμωνα
1303 698 1349 725 τὸν
1363 698 1450 731 μάγον
1464 696 1513 731 τὴν
1536 694 1655 730 μεγάλην
1674 691 1722 718 τοῦ
1739 690 1799 717 θεοῦ
1817 689 1892 716 δύνα-

1106 756 1151 782 μιν
1166 746 1289 777 ἐκάλουν,
1305 744 1385 771 αὑτὸν
1394 741 1463 769 εἶναι
1477 741 1638 776 νομίσαντες
1647 739 1693 765 τὸν
1703 737 1832 773 Χριστόν·
1849 735 1893 762 καὶ

1105 793 1175 820 κατὰ
1191 792 1239 828 τὴν
1260 790 1380 827 Φρυγίαν
1398 789 1425 816 δὲ
1445 787 1584 815 Μοντανδν
1606 786 1712 820 ἕτεροι·
1733 782 1847 818 ἀλλαχοῦ
1865 782 1893 808 δὲ

1105 838 1188 865 πάλαι
1210 826 1319 873 ἐτέρους
1343 835 1417 863 ἄλλοι
1435 834 1602 870 νενομίκασι.
1627 833 1682 858 Καὶ
1701 831 1730 857 οὒ
1750 826 1894 857 παύσονταί

1104 893 1136 919 γε
1151 883 1308 915 ἀπατεῶνες
1318 891 1325 897 ι
1350 881 1502 918 προσδοκᾷν
1520 880 1574 916 γὰρ
1591 878 1644 915 χρὴ
1656 878 1704 905 καὶ
1721 876 1830 908 πλείους
1844 884 1896 902 τοι-

1106 931 1201 962 ούτους
1218 929 1327 956 ἔσεσθαι
1338 937 1345 943 ·
1368 926 1399 960 ἐξ
1416 924 1453 954 ὧν
1467 927 1499 962 δὴ
1516 927 1563 954 καὶ
1577 925 1666 953 αὐτῶν
1685 925 1702 959 ἡ
1717 923 1832 959 ἀλήθεια
1845 921 1894 949 τῶν

1107 978 1248 1014 σωτηρίων
1262 976 1442 1013 προγνώσεων
1454 975 1502 1010 τὴν
1521 973 1673 1010 μαρτυρίαν
1688 971 1810 1008 εἴληφεν.

1479 1022 1530 1048 IA'.

1142 1070 1199 1106 (85)
1218 1070 1310 1106 Ἄξιον
1338 1069 1478 1105 θαυμάσαι
1505 1068 1535 1095 τὸ
1555 1067 1691 1094 ἄπλαστον
1714 1066 1763 1092 καὶ
1790 1063 1897 1100 φιλάλη-

1109 1118 1155 1149 Θες
1167 1115 1244 1153 ἦθος,
1260 1117 1307 1144 καὶ
1317 1117 1367 1152 τὴν
1384 1115 1542 1151 φιλοσοφίαν
1555 1113 1601 1140 τοῦ
1619 1110 1812 1147 εὐαγγελιστοῦ
1827 1110 1898 1136 Ματ-

1109 1161 1186 1189 θαίου
1197 1172 1204 1178 ·
1220 1160 1296 1195 οὗτος
1318 1162 1372 1199 γὰρ
1387 1161 1433 1189 τὸν
1448 1161 1579 1198 πρότερον
1599 1159 1655 1195 βίον
1668 1159 1717 1185 οὐκ
1735 1157 1790 1185 ἀπὸ
1804 1156 1898 1192 σεμνῆς

1108 1209 1250 1246 διατριϐῆς
1264 1210 1386 1246 ὡρμᾶτο,
1402 1210 1433 1236 ἑκ
1449 1208 1477 1235 δὲ
1490 1208 1544 1234 τῶν
1556 1206 1627 1242 ἀμφὶ
1643 1205 1693 1236 τὰς
1716 1203 1846 1234 τελωνίας
1855 1202 1898 1229 καὶ

1109 1255 1264 1288 πλεονεξίας
1279 1256 1472 1291 σχολαζόντων.
1488 1254 1542 1281 Καὶ
1555 1253 1634 1279 τοῦτο
1647 1251 1700 1278 τῶν
1714 1250 1815 1277 λοιπῶν
1827 1249 1900 1282 εὐαγ-

1110 1303 1241 1339 γελιστῶν
1262 1302 1350 1333 οὐδεὶς
1364 1301 1444 1336 δῆλον
1461 1301 1527 1336 ἡμῖν
1547 1299 1683 1334 ἐποίησεν,
1699 1297 1750 1332 οὐχ
1766 1298 1780 1323 ὁ
1791 1295 1898 1323 συναπό-

1111 1349 1203 1381 στολος
1230 1347 1312 1375 αὑτοῦ
1334 1347 1472 1382 Ἰωάννης,
1489 1346 1551 1373 οὑδέ
1569 1354 1601 1380 γε
1616 1345 1735 1377 Λουκᾶς,
1751 1343 1811 1370 οὐδὲ
1826 1341 1898 1376 Μάρ-

1111 1405 1168 1428 κος,
1187 1395 1212 1421 οἱ
1232 1394 1286 1421 τῶν
1306 1393 1408 1420 λοιπῶν
1421 1393 1594 1427 Εὑαγγελίων
1617 1391 1801 1425 συγγραφεῖς·
1820 1386 1874 1414 ἀλλ’
1886 1387 1900 1413 ὁ

1113 1442 1162 1477 μὲν
1180 1440 1287 1472 Λουκᾶς
1307 1439 1505 1474 συγκαλύπτων
1522 1439 1551 1465 τὸ
1571 1438 1667 1470 ὄνομα,
1690 1437 1723 1471 τῇ
1745 1434 1901 1471 ἁρχαιοτέρᾳ

1112 1487 1281 1523 προσηγορίᾳ
1293 1486 1480 1521 κατεχρήσατο
1490 1494 1496 1500 ·
1510 1484 1589 1516 αὐτὸς
1604 1484 1632 1510 δὲ
1643 1482 1784 1514 Ματθαῖος
1795 1481 1838 1508 τὸν
1847 1481 1901 1506 εσυ⁴

1111 1533 1158 1560 τοῦ
1175 1533 1340 1568 στηλιτεύων
1357 1532 1423 1567 βίον,
1442 1532 1488 1558 καὶ
1509 1532 1660 1566 κατήγορος
1680 1529 1780 1556 ἑαυτοῦ
1802 1527 1902 1562 γινόμε-

273 1588 433 1617 nominatim
451 1587 478 1613 in
490 1584 599 1620 proprio
613 1582 751 1610 volumine
767 1581 803 1608 ita
818 1579 914 1607 scribit
932 1587 937 1604 :
955 1578 987 1605 Et
1000 1585 1060 1604 tum

1114 1589 1167 1613 νος,
1194 1580 1323 1615 ὀνομαστὶ⁴
1340 1579 1422 1610 αὐτὸς
1439 1577 1536 1605 ἑαυτοῦ
1561 1576 1747 1613 μεμνημένος,
1765 1576 1793 1601 ἐν
1813 1573 1850 1609 τῷ
1867 1571 1902 1598 οἰ-

274 1635 397 1663 transiret
412 1633 473 1659 inde
489 1631 578 1662 Iesus,
595 1629 661 1656 vidit
679 1628 809 1655 hominem
825 1626 956 1653 sedentem
974 1624 1001 1650 in
1023 1628 1062 1650 te-

274 1681 356 1713 lonio,
381 1679 536 1707 Matt/imum
555 1676 658 1703 nomine
679 1675 713 1701 ¹⁰.
737 1673 840 1706 Quibus
857 1671 948 1700 verbis
966 1670 1063 1697 vulnus

276 1734 359 1759 suum
372 1724 529 1756 accusabat,
555 1726 586 1749 ut
612 1720 745 1748 medentis
768 1723 854 1746 artem
875 1716 1061 1744 admirareris.

275 1773 434 1806 Rursusque
449 1776 564 1804 pergens
589 1767 713 1798 ulterius,
730 1769 758 1793 et
774 1764 925 1797 catalogqu
944 1762 1064 1796 discipu-

276 1819 364 1846 lorum
380 1822 554 1853 percenseas,
571 1814 628 1848 ipse
641 1812 693 1839 sibi
707 1810 843 1846 publicani
862 1816 961 1837 nomen
978 1808 1064 1841 impo-

276 1866 327 1897 nit,
343 1861 586 1898 proptereximiam
606 1866 680 1886 suam
693 1857 841 1885 bonitatem
854 1856 924 1882 haud
937 1854 1065 1881 dissimu-

277 1912 338 1938 lans
351 1907 499 1944 superioris
515 1906 577 1934 vita:
591 1911 687 1940 genus,
703 1908 730 1930 ct
751 1901 940 1937 peccatoribus
953 1908 983 1928 se
998 1907 1064 1927 con-

280 1959 415 1988 numerat,
435 1961 518 1989 seque
541 1951 688 1980 secundmn
706 1954 766 1984 post
786 1947 973 1983 coapostolum
999 1945 1066 1972 scri-

278 2005 327 2032 bit.
343 2003 411 2030 Nam
432 2009 461 2028 se
477 1999 637 2027 combinans
651 2005 710 2024 cum
725 1995 839 2028 Thoma,
853 2000 882 2022 ut
904 2001 964 2021 tum
986 1993 1066 2020 Petro

258 2047 438 2078 "Atidreanti,
460 2052 522 2072 cum
546 2043 647 2070 Jacobo
674 2041 821 2068 Joannem.
851 2048 914 2067 cum
944 2039 1067 2071 Philippo

281 2092 519 2122 Barthotomaaum,
544 2089 595 2116 sibi
611 2088 718 2124 quidem
740 2087 874 2114 Thomam
888 2085 1019 2120 praeponit
1033 2084 1066 2115 εί,

282 2137 428 2174 praeferens
457 2136 506 2163 sibi
529 2135 601 2162 hunc
624 2133 808 2168 coapostolum
823 2131 900 2164 quasi
922 2131 1066 2166 potiorem,

282 2193 345 2214 cum
369 2183 466 2219 reliqui
482 2181 655 2217 evangelista
682 2187 762 2207 secus
781 2179 905 2206 fecerint.

270 2327 274 2333 '
317 2323 370 2351 Per
385 2323 436 2350 hos
451 2325 541 2348 autem
559 2319 683 2346 homines
698 2316 867 2353 polytheismi
889 2322 968 2343 error
988 2314 1068 2350 paulo

283 2373 344 2404 p03:
358 2376 471 2396 eversus
487 2367 546 2400 fuit,
562 2367 664 2401 Deique
677 2372 789 2400 regnum
800 2362 926 2391 omnibus
938 2361 1071 2397 priedica-

286 2420 342 2442 tum
357 2414 391 2441 ¹¹.
406 2412 526 2447 Ideoque
547 2411 668 2447 Oportuit
695 2417 743 2437 nos
772 2416 806 2436 ne
834 2408 943 2436 nomina
961 2407 1069 2442 quidem

284 2461 391 2488 illorum
408 2460 543 2493 ignorare.
563 2457 681 2484 Primmn
696 2463 762 2490 ergo
780 2462 839 2490 par.
859 2453 955 2480 Petrus
974 2458 1001 2480 et
1017 2452 1072 2479 An—

286 2507 377 2538 dreas,
393 2513 460 2540 quos
483 2505 539 2540 jam
562 2509 643 2531 antea
668 2502 785 2530 diximus
813 2501 962 2536 piscatores
978 2499 1070 2526 fuisse.

287 2552 410 2578 Alterum
438 2558 487 2585 par
502 2549 620 2577 Iacobus
644 2553 672 2575 et
693 2547 822 2579 Joannes,
838 2547 920 2574 ambo
941 2545 1072 2572 Zcbedaco

288 2596 382 2630 geniti.
396 2600 423 2623 et
434 2596 460 2623 hi
473 2594 596 2623 similiter
610 2594 770 2629 piscatores.
783 2592 847 2618 Post
867 2592 917 2619 hos
935 2590 1074 2624 Philippus

288 2647 316 2667 ot
332 2641 555 2668 Bartholomazus.
573 2639 703 2672 Quisnam
726 2646 790 2665 vero
816 2642 844 2664 ct
866 2637 912 2664 hic
935 2634 1075 2670 Philippus

289 2688 381 2721 fuerit,
402 2687 521 2715 Joannes
537 2685 700 2720 evangelista
722 2684 801 2711 docet
813 2683 846 2715 ’³,
862 2684 925 2710 dltm
939 2683 977 2709 ait
993 2683 1076 2709 fuisse

324 2746 347 2762 ²⁰
358 2745 455 2772 Mattn.
472 2753 513 2777 Ix,
528 2744 555 2771 9.
594 2744 616 2759 “
631 2742 725 2770 Matth.
745 2750 772 2773 x,
788 2741 814 2767 5.

325 2801 382 2871 (Si;
397 2801 462 2828 Cod.
474 2801 506 2828 Α.
523 2801 543 2827 l'.
555 2800 618 2827 269.
633 2799 693 2834 Syr.
709 2799 755 2829 ιν,
767 2798 810 2825 55.

326 2837 372 2871 (85
394 2837 455 2870 Syr.
472 2835 504 2868 V,
521 2835 810 2871 58.§ontinatimreci1

326 2832 382 2873 (85)
394 2837 455 2873 Syr.
472 2832 737 2873 V,_758._N_ominatim
747 2835 880 2873 recitatur
899 2832 1031 2873 hicloctts
1043 2840 1074 2859 ex

292 2868 400 2910 quseb'ii
409 2868 555 2910 evangelica
570 2870 734 2910 Themi/mnia
747 2870 772 2895 in
782 2869 841 2908 cod:
903 2868 997 2910 [._88_b;
1012 2868 1074 2907 item

292 2903 539 2938 in'Yindoboncnsi,
554 2910 632 2938 prout
648 2905 679 2931 ad
694 2904 773 2930 Lvum
786 2904 895 2937 scripsit
908 2903 1070 2938 Kopilmms.

1117 1627 1182 1661 χείῳ
1201 1626 1396 1661 συγγράμματι
1417 1624 1485 1651 τόνδ’
1509 1623 1609 1658 ἱστορεῖ
1634 1622 1678 1648 τὸν
1705 1621 1827 1656 τρόπον·
1853 1618 1901 1645 Καὶ

1117 1673 1256 1708 παράγων
1275 1671 1390 1699 ἐκεῖθεν
1406 1673 1421 1698 ό
1441 1670 1559 1704 Ἰησοῦς
1582 1667 1656 1696 εἶδεν
1681 1667 1836 1702 ἄνθρωπον
1856 1673 1903 1691 κτι-

1118 1718 1246 1753 θήμενον
1258 1717 1308 1744 ἐπὶ
1326 1717 1358 1744 τὸ
1378 1717 1529 1748 τελώνιον,
1552 1714 1702 1743 Ματθαῖον
1724 1715 1843 1748 ὀνόματι
1856 1719 1862 1726 ·
1877 1711 1903 1737 ἐκ

1118 1765 1221 1800 λέγχων
1238 1763 1334 1790 ἑαυτοῦ
1352 1764 1382 1790 τὸ
1396 1763 1515 1798 τραῦμα,
1535 1763 1577 1789 ἵνα
1597 1761 1743 1796 Θαυμάσῃς
1753 1760 1800 1795 τὴν
1815 1758 1904 1792 τέχνην

1117 1810 1164 1837 τοῦ
1184 1809 1382 1846 ίατρεύσαντος.
1401 1809 1456 1835 Καὶ
1471 1809 1551 1836 πάλιν
1568 1807 1668 1844 προϊὼν
1684 1806 1750 1842 ἑξῆς
1763 1806 1806 1832 τόν
1818 1813 1846 1830 τε
1858 1812 1903 1829 κα-

1118 1858 1230 1891 τάλογον
1258 1856 1312 1883 τῶν
1323 1856 1424 1882 λοιπῶν
1451 1855 1578 1891 μαθητῶν
1596 1854 1835 1889 ἐξαριθμούμενος,
1861 1850 1905 1876 αὺ-

1119 1903 1164 1935 τὺς
1180 1902 1269 1938 ἐαυτῷ
1290 1902 1320 1928 τὺ
1337 1902 1384 1928 τοῦ
1401 1902 1516 1928 τελώνου
1537 1901 1714 1937 προστίθησιν
1731 1900 1824 1935 ὄνομα,
1838 1898 1867 1923 δι’
1878 1897 1905 1922 ὑ-

1120 1948 1255 1984 περϐολὴν
1274 1947 1423 1978 ἐπιεικείας
1447 1946 1485 1981 μὴ
1509 1945 1683 1981 ἐπικρύπτων
1705 1944 1753 1970 τὸν
1782 1943 1905 1978 πρότερον

1121 1994 1216 2021 ἑαυτοῦ
1229 1993 1285 2029 βίον
1294 2002 1300 2008 '
1321 1994 1367 2020 καὶ
1385 1992 1556 2028 ἁμαρτωλοῖς
1570 1992 1664 2018 ἑαυτὸν
1683 1990 1850 2026 συναριθμεῖ,
1863 1986 1904 2014 καὶ

1121 2041 1167 2068 τοῦ
1184 2039 1382 2068 συναποστόλου
1403 2038 1528 2074 δεύτερον
1546 2037 1639 2064 ἑαυτὸν
1662 2037 1817 2070 καταλέγει.
1846 2034 1906 2059 Συν-

1122 2086 1285 2122 εζευγμένος
1302 2085 1367 2120 γοῦν
1381 2084 1420 2120 τῷ
1434 2084 1528 2120 Θωμᾷ,
1545 2084 1583 2115 ὡς
1605 2083 1707 2117 Πέτρος
1730 2081 1846 2117 Ἀνδρέᾳ,
1864 2078 1906 2105 καὶ

1129 2133 1256 2164 Ἰάκωϐος
1282 2132 1403 2167 Ἰωάννῃ.
1429 2130 1562 2162 Φίλιππός
1588 2139 1617 2156 τε
1635 2130 1682 2156 καὶ
1704 2127 1904 2164 Βαρθολομαῖος,

1123 2179 1269 2215 προτάττει
1283 2177 1378 2203 ἑαυτοῦ
1393 2176 1439 2203 τὸν
1457 2176 1567 2211 Θωμᾶν,
1582 2174 1721 2211 προτιμῶν
1740 2174 1778 2205 ὼς
1793 2171 1906 2207 κρείττω⁶

1125 2234 1157 2252 να.
1172 2225 1217 2252 τὸν
1232 2223 1440 2255 συναπὸστολον,
1456 2222 1510 2248 τῶν
1528 2221 1629 2248 λοιπῶν
1647 2218 1842 2254 εὐαγγελιστῶν
1853 2215 1907 2242 τοῦ-

1083 2266 1105 2293 Ῑ)
1120 2271 1225 2298 νοιντίον
1241 2269 1439 2304 πεποιηκότων.

1157 2314 1215 2351 (86)
1232 2315 1282 2341 Διὰ
1297 2314 1328 2348 δὴ
1340 2313 1442 2339 τούτων
1458 2312 1511 2338 τῶν
1526 2311 1631 2345 ἀνδρῶν
1645 2311 1662 2346 ἡ
1684 2310 1812 2341 πολύθεος
1825 2308 1905 2341 πλάνη

1124 2363 1220 2398 μικρὸν
1240 2360 1352 2395 ὕστερον
1373 2358 1545 2395 ἀνετρὲπετο,
1565 2358 1582 2392 ἥ
1599 2366 1628 2383 τε
1645 2356 1691 2383 τοῦ
1708 2356 1774 2383 Θεοῦ
1795 2353 1906 2390 βασιλεία

1122 2411 1179 2440 τοῖς
1196 2408 1278 2434 πᾶσιν
1294 2405 1468 2441 ὲκηρύττετο.
1491 2404 1536 2431 Διὸ
1553 2404 1600 2431 καὶ
1617 2403 1773 2438 ἀναγκαίως
1788 2401 1868 2437 ἐχρῆν
1879 2400 1906 2433 ἡ-

1126 2455 1178 2490 μᾶς
1192 2453 1253 2489 μηδ’
1269 2453 1299 2485 ἐξ
1313 2452 1444 2487 ὀνόματος
1461 2451 1591 2486 ἀγνοῆσαι
1608 2450 1679 2481 τίνες
1695 2447 1764 2484 ἦσαν
1777 2445 1854 2475 οὗτοι.
1877 2445 1906 2471 Ἦ

1124 2501 1172 2536 μὲν
1186 2498 1232 2526 οὖν
1245 2499 1340 2535 πρώτη
1357 2497 1471 2532 συζυγία
1482 2497 1584 2533 Πέτρος
1592 2497 1639 2523 καὶ
1658 2496 1792 2531 Ἀνδρέας,
1807 2494 1849 2525 οὓς
1863 2492 1907 2526 ἒμ-

1123 2546 1239 2582 προσθεν
1253 2545 1425 2580 ἐδηλώσαμεν
1440 2544 1523 2575 ἁλιεῖς
1536 2544 1630 2574 ὄντας·
1647 2542 1761 2578 δευτέρα
1777 2541 1804 2567 δὲ
1822 2539 1906 2566 Ἰάκωσ

1123 2593 1169 2625 ὂος
1185 2592 1232 2619 καὶ
1253 2591 1389 2626 Ἰωάννης,
1406 2591 1489 2625 ἄμφω
1503 2589 1647 2616 Ζεϐεδαίου
1662 2589 1765 2620 παῖδες,
1780 2587 1826 2614 καὶ
1841 2582 1904 2611 οὗτοι

1124 2639 1210 2670 ἁλιεῖς
1224 2646 1230 2653 ·
1255 2638 1318 2673 ἑξῆς
1337 2637 1365 2664 δὲ
1382 2636 1486 2668 τούτοις
1509 2634 1543 2671 ἦν
1567 2635 1697 2667 Φίλιππος
1718 2635 1764 2661 καὶ
1782 2631 1892 2668 Βαρθολο

1127 2687 1205 2721 μαίος
1218 2693 1225 2700 ·
1244 2685 1286 2716 τίς
1301 2693 1366 2710 ποτε
1384 2683 1411 2710 δὲ
1428 2681 1462 2718 ἦν
1477 2683 1524 2709 καὶ
1538 2679 1614 2714 οὗτος
1628 2683 1642 2708 ὁ
1660 2682 1798 2712 Φίλιππος,
1822 2676 1896 2705 Ίωάν

853 2741 876 2756 ι’
901 2739 967 2767 Luc.
985 2748 1022 2773 νι,
1038 2741 1081 2768 t3.
1120 2743 1142 2758 ’³
1155 2742 1235 2770 Joan.
1252 2749 1272 2775 ι,
1290 2741 1335 2768 45.

1130 2799 1256 2840 llogdqm
1281 2802 1370 2825 autem
1387 2797 1541 2840 ρεοφάνους
1563 2804 1613 2838 pro
1631 2796 1813 2840 ιρεοξρςινείας,
1835 2797 1899 2832 πρῆξιν

1132 2834 1156 2860 in
1169 2833 1331 2874 Vaticanum
1344 2827 1464 2867 chLegni
1478 2827 1571 2864 atque'
1586 2833 1613 2860 in
1631 2827 1855 2860 Vindoboncnsem
1872 2827 1893 2853 ir

1132 2874 1224 2937 "illi
1239 2903 1306 2930 Cod.
1325 2903 1357 2930 A.
1375 2902 1394 2930 r.
1413 2903 1447 2930 9t
1460 2904 1493 2935 b;
1522 2902 1584 2936 επ.
1600 2902 1634 2935 v,
1650 2902 1693 2930 ts.
