2045 3215
243 186 294 214 659

575 193 709 224 EUSEBll
728 197 966 228 CESARIENSlS
984 199 1059 229 OPP.
1077 199 1167 228 PARS
1184 199 1228 228 IV.
1248 216 1282 221 —
1302 198 1508 228 DOGMATICA.

1801 201 1851 230 660

243 247 444 298 rium-horaeulo
455 251 549 298 tuisse
566 257 775 289 prmnuntiatum
790 265 870 295 alque
882 268 897 287 a
918 260 1020 296 Spiritu

1079 262 1283 297 προτεθέσπιπο
1307 263 1353 288 καὶ
1377 261 1546 297 προελαλήθη
1572 262 1611 297 τῷ
1635 261 1788 298 Πνεύματι,
1815 262 1853 293 ὡς

242 293 418 329 praedictum,
448 297 507 325 fore
535 299 663 328 nimirum
689 308 718 330 ut
736 304 788 331 sub
811 293 844 332 eo
867 293 1024 334 nasceretur

242 338 379 374 Christus,
402 343 449 376 qui
464 344 580 373 humana
604 352 700 376 cuncta
717 357 797 385 regna
815 351 976 385 destrueret,
997 357 1024 380 et

214 407 225 415 ,
243 393 321 431 stium
338 391 528 431 tantummodo
553 392 652 428 ubique
674 394 817 428 stabiliret,
843 397 919 431 cujus
935 399 1024 426 nullus

243 429 314 456 foret
330 430 400 458 ﬁnis.
423 433 491 468 Ergo
504 435 554 462 viri
568 436 771 466 desideriorum
781 429 890 468 oracula
906 442 955 470 boc
971 442 1024 470 fer-

243 482 288 502 me
304 483 490 511 argumentum
511 481 671 510 habuerunt.

280 521 508 555 Quemadmodum
537 527 600 554 olim
627 528 740 564 [Egyptt
760 531 875 567 principi
893 533 1024 568 interpres

244 573 409 601 somniorum
429 576 532 603 exstitit
555 577 664 613 .loseph,
683 579 718 605 ita
733 579 826 606 Daniel
838 579 1023 607 Chaldaeorum

242 617 406 647 dominatori
441 621 708 652 Nabuchodonosoro
748 625 833 652 visum
868 625 1021 653 declaravit.

243 663 344 699 Nempe
368 667 438 700 quod
463 672 550 695 statua
568 670 594 695 in
617 671 718 697 somnis
742 671 792 705 ipsi
805 675 923 705 ostensa,
949 671 1024 706 cujus

244 715 323 742 ('ilptll.
349 718 475 744 aureum,
499 718 592 747 pectus
612 719 789 749 argenteum,
810 721 904 743 νοηιθι·
922 724 1024 747 ωηθυὲν

244 755 326 787 pedes
347 755 439 789 ferrei,
462 762 580 791 quatuor
610 760 721 793 itnperia
751 761 926 795 signiﬁcaret.
966 761 1025 794 lpse

244 799 351 831 quidem
367 806 448 835 caput
463 809 583 834 aureum,
599 809 708 838 propter
722 811 787 837 opes
802 805 934 831 maximas
946 809 1026 838 atque

243 845 355 874 delicias
369 855 461 882 regum
479 849 695 886 Assyriacorum.
725 850 849 885 Magnum
865 855 955 878 autem
974 851 1026 877 luit

243 891 414 928 Assyriorum
439 895 592 929 imperium,
609 896 671 930 quia
689 896 774 923 tenuit
794 895 952 931 Egyptum,
978 896 1023 923 Li-

243 938 334 972 byam,
350 943 376 966 et
394 940 546 967 universam
567 941 670 973 Asiam,
691 947 718 968 et
737 949 822 975 usque
846 942 879 968 ad
900 941 1024 968 Indorum

245 984 381 1017 regionem
395 985 461 1012 ﬁnes
476 986 585 1020 protulit
603 995 609 1012 :
627 986 779 1021 mansitque
795 986 881 1022 longis
893 994 1024 1013 annorum

245 1029 376 1063 periodis;
396 1039 457 1057 nam
478 1037 558 1066 capto
575 1041 589 1058 a
608 1032 760 1060 Nembrodo
781 1033 869 1064 initio,
892 1040 979 1067 usque
994 1033 1026 1060 ad

245 1072 534 1104 Nabuchodonosorum
558 1077 666 1104 devenit
691 1085 697 1102 :
722 1085 809 1112 neque
827 1082 907 1104 antea
937 1077 1025 1110 desiit,

244 1126 323 1152 quant
344 1121 386 1147 ille
399 1121 446 1148 Dei
464 1123 562 1156 templo
583 1123 829 1158 llierosolymitano
849 1131 944 1151 manus
960 1124 1027 1158 inje-

245 1167 293 1193 cit.
313 1167 368 1195 Iloc
379 1176 451 1196 enim
470 1175 576 1204 patrato
595 1170 727 1203 fat-inore,
751 1172 844 1199 statim
863 1171 930 1199 Medi
945 1175 1027 1206 Assy-

246 1213 346 1239 riorum
370 1214 510 1249 imperium
533 1216 731 1249 dissolverunt;
758 1218 917 1252 primusque
941 1218 1027 1253 Cyrus

245 1259 278 1285 ad
300 1259 396 1287 Persas
420 1262 558 1289 transtulit
586 1267 765 1296 potentatum.
800 1262 916 1290 Secundi
947 1264 1028 1297 igitur

245 1310 306 1338 post
318 1306 444 1341 Assyrios
457 1307 546 1334 Persae
563 1309 622 1335 orbi
648 1309 837 1343 imperitarunt
847 1309 988 1343 splendide
1001 1315 1027 1335 et

246 1350 342 1384 insigni
359 1359 420 1378 cum
439 1353 523 1387 gloria
541 1361 547 1379 :
563 1361 643 1388 quam
660 1361 716 1381 rem
736 1354 923 1389 signiﬁcabant
937 1360 1027 1388 partes

246 1396 370 1424 secunda:
402 1397 427 1424 in
456 1402 555 1429 statua,
584 1405 695 1433 argonto
725 1404 888 1428 constantes.
920 1400 1027 1428 Tertius

246 1449 311 1468 vero
321 1443 514 1476 superveniens
528 1443 682 1472 Alexander
695 1445 804 1472 Macedo
823 1446 951 1480 pugnavit
966 1454 1026 1473 cum

246 1487 327 1514 Persa
343 1487 433 1521 Dario,
452 1496 539 1523 eoque
555 1490 636 1523 victo,
653 1491 796 1526 imperium
816 1492 849 1519 ad
865 1492 1027 1520 Macedones

246 1532 363 1559 devolvit
379 1541 385 1559 :
403 1534 484 1568 hique
498 1535 623 1568 gentibus
643 1536 747 1563 cunctis
761 1536 840 1570 potiti
854 1541 927 1569 sunt,
955 1537 1026 1565 tertii

247 1583 308 1611 post
322 1579 433 1612 primos.
446 1579 640 1614 Signiﬁcabant
658 1586 748 1608 autent
773 1581 822 1608 hos
837 1589 954 1616 quoque,
974 1588 1027 1610 ter.‘

248 1624 291 1651 tis:
315 1629 411 1652 statua:
429 1631 520 1660 partes
538 1633 571 1653 ex
595 1633 648 1654 rere
663 1636 669 1653 :
686 1632 728 1654 est
747 1628 818 1654 enim
844 1627 900 1655 haec
916 1628 1028 1656 materia

1041 934 1062 964 Β

1074 308 1133 334 κατ’
1149 307 1232 343 αὐτὴν
1250 307 1389 343 μέλλοντος
1403 306 1564 342 γεννηθῆναι
1578 307 1709 347 Χριστοῦι
1718 307 1747 339 ὃς
1758 307 1851 343 ἔμελλε

1075 355 1163 386 πάσας
1178 354 1228 386 τὰς
1248 355 1277 381 ἐν
1300 355 1452 390 ἀνθρώποις
1478 354 1613 390 βασιλείας
1635 353 1785 389 καθαιρεῖν,
1805 354 1852 380 καὶ

1073 400 1122 435 τὴν
1144 400 1211 427 ίδίαν
1241 400 1424 426 ἀποδεικνύειν
1449 400 1532 436 μόνην
1559 399 1666 426 πάντων
1689 398 1851 434 κρατοῦσαν,

1074 448 1120 473 καὶ
1134 447 1209 478 τέλος
1230 447 1280 473 οὐκ
1295 446 1498 482 ὲπιδεχομὲνην.
1515 445 1555 472 Τά
1569 454 1601 479 γε
1620 446 1672 480 μὴν
1691 444 1738 470 τοῦ
1757 443 1852 478 ἀνδρὸς

1074 492 1127 518 τῶν
1144 492 1294 527 ἐπιθυμιῶν
1310 492 1478 527 θεσπίσματα
1489 489 1541 518 ὧδέ
1554 500 1591 526 πη
1608 490 1678 526 εἶχεν
1690 489 1851 520 ὑποθέσεως.

1111 539 1213 572 Ὥσπερ
1236 538 1300 564 ποτέ
1324 537 1362 572 τῷ
1382 537 1432 572 τῆς
1443 537 1579 571 Αἰγύπτου
1596 536 1705 571 ἄρχοντι
1721 535 1853 571 ἑρμηνεὺς

1074 584 1127 610 τῶν
1142 584 1309 619 τεθεαμένων
1324 585 1353 609 ἐν
1373 583 1465 614 ὕπνοις
1481 583 1598 617 κατέστη
1612 580 1626 608 ὁ
1647 581 1754 616 Ἰωσὴφ,
1770 580 1854 611 οὕτως

1075 631 1088 655 ὁ
1105 628 1203 663 Δανιὴλ
1218 628 1256 663 τῷ
1270 627 1409 654 Χαλδαίων
1429 625 1537 662 ἄρχοντι
1559 625 1793 660 Ναϐουχοδονόσορ
1806 623 1854 659 τὴν

1075 675 1135 709 ὖψιν
1155 675 1290 708 διασαφεῖ,
1313 674 1350 705 ὡς
1369 673 1422 708 ἄρα
1439 674 1455 708 ἡ
1479 672 1558 699 εἰκὼν
1579 672 1648 698 κατὰ
1670 671 1734 702 τοὺς
1757 670 1855 701 ὖπνους

1075 721 1149 756 αὑτῷ
1171 721 1293 755 ὀφθεῖσα,
1309 718 1342 756 ἧς
1366 721 1382 754 ἡ
1403 719 1507 754 κεφαλὴ
1534 718 1632 754 χρυσῆ,
1655 717 1685 744 τὸ
1706 717 1735 743 δέ
1760 715 1856 751 στῆθος

1075 767 1219 802 ἀργύρεον,
1242 768 1258 802 ἡ
1278 767 1305 793 δέ
1321 766 1407 792 κοιλία
1421 765 1518 800 χαλκῆ,
1538 764 1584 790 καὶ
1600 765 1624 790 οἱ
1645 763 1726 794 πόδες
1744 761 1855 797 σιδηροῖ,

1075 814 1208 848 τέσσαρας
1230 813 1303 847 δηλοῖ
1324 811 1472 846 βασιλείας·
1492 810 1571 841 αὐτὸς
1588 810 1634 844 μὲν
1655 809 1727 835 ἔστιν
1741 809 1757 843 ὴ
1771 807 1856 843 χρυσῆ

1077 857 1178 892 κεφαλὴ
1195 857 1238 883 διὰ
1253 857 1282 882 τὸ
1299 856 1481 892 βαθύπλουτον
1497 855 1542 881 καὶ
1557 853 1692 890 τρυφηλὸν
1708 853 1762 880 τῶν
1783 851 1859 888 παρὰ

1083 904 1232 938 Ἀσσυρίοις
1256 901 1492 937 βεδασιλευκότων.
1516 899 1626 934 Μεγάλη
1650 899 1677 925 δὲ
1695 899 1741 925 καὶ
1754 897 1824 932 αὕτη
1839 898 1856 933 ἡ

1076 948 1129 974 τῶν
1161 948 1310 982 Ἀσσυρίων
1336 946 1471 981 βασιλεία·
1490 946 1619 980 κατέσχον
1642 945 1696 980 γὰρ
1721 944 1858 978 Αἰγύπτου

1077 993 1123 1019 καὶ
1138 992 1239 1028 Λιϐύης
1259 993 1349 1023 Ἀσίας
1367 1001 1396 1018 τε
1419 992 1519 1027 πάσης,
1534 990 1638 1025 διῆλθόν
1657 998 1686 1016 τε
1707 990 1754 1016 καὶ
1778 989 1859 1030 μέχρι

1076 1039 1125 1072 τῆς
1150 1038 1237 1064 Ἰνδῶν
1263 1038 1423 1072 οἰκουμένης
1436 1045 1442 1052 ⁸
1462 1035 1587 1071 διήρκεσέ
1606 1044 1635 1061 τε
1658 1036 1774 1070 μακραῖς
1791 1034 1860 1061 ὲτῶν

1077 1084 1220 1119 περιόδοις,
1237 1082 1376 1118 ἀρξαμένη
1396 1083 1444 1116 μὲν
1464 1081 1518 1108 ἀπὸ
1532 1080 1579 1107 τοῦ
1593 1079 1715 1115 Νεϐρὼδ,
1731 1079 1860 1118 παρατεί-

1076 1139 1142 1156 νασα
1165 1130 1192 1155 δὲ
1213 1130 1259 1155 ἐπὶ
1284 1129 1329 1154 τὸν
1351 1126 1600 1162 Ναϐουχοδονόσορ·
1618 1126 1648 1152 οὐ
1676 1125 1805 1162 πρότερον
1832 1125 1860 1152 δὲ

1077 1175 1241 1210 ἀπεσϐέσθη,
1259 1175 1275 1210 ἦ
1291 1176 1384 1209 χεῖρας
1408 1173 1453 1199 ἐπὶ
1471 1174 1516 1199 τὸν
1536 1174 1564 1199 ἐν
1586 1172 1779 1208 Ἱεροσολύμοις
1794 1171 1860 1198 νεὼν

1076 1222 1122 1248 τοῦ
1140 1221 1208 1248 Θεοῦ
1227 1221 1327 1256 βαλεῖν.
1346 1219 1445 1246 Τούτου
1465 1219 1519 1254 γὰρ
1536 1218 1690 1253 γενομένου,
1707 1218 1792 1253 Μῆδοι
1808 1226 1860 1244 πα-

1078 1267 1207 1302 ραχρῆμα
1234 1266 1283 1301 τὴν
1319 1265 1466 1300 Ἀσσυρίων
1495 1264 1581 1299 ἀρχὴν
1609 1262 1802 1289 καταλύουσιν·
1823 1259 1860 1288 ὢν

1077 1312 1183 1347 πρῶτος
1200 1311 1290 1347 Κῦρος
1312 1312 1351 1342 εἰς
1367 1311 1474 1345 Πέρσας
1491 1309 1674 1344 μετεστήσατο
1695 1308 1744 1343 τὴν
1761 1309 1861 1343 ἠγεμο-

1076 1358 1145 1384 νίαν.
1163 1357 1218 1384 Καὶ
1239 1357 1267 1383 δὲ
1283 1356 1402 1391 δεύτεροι
1426 1355 1493 1391 μετὰ
1511 1354 1668 1389 Ἀσσυρίους
1692 1354 1792 1389 Πέρσαι
1812 1353 1861 1388 τῆς

1076 1403 1237 1437 οἰκουμένης
1253 1402 1372 1436 ἐπῆρξαν
1384 1401 1561 1436 λαμπρότατα
1575 1401 1621 1427 καὶ
1637 1399 1787 1433 διαφανῶς·
1801 1399 1814 1425 ὃ
1828 1399 1860 1434 δὴ

1076 1450 1122 1476 καὶ
1136 1449 1230 1484 ἐδήλου
1246 1448 1280 1474 τὰ
1296 1447 1408 1483 δεύτερα
1428 1447 1496 1483 μέρη
1514 1448 1563 1482 τῆς
1581 1447 1681 1478 εἰκόνος
1697 1445 1724 1478 ἐξ
1741 1445 1860 1481 ἀργύρου

1078 1495 1257 1530 πεποιημένα.
1271 1494 1366 1530 Τρίτος
1385 1494 1412 1520 δὲ
1427 1492 1544 1519 ἐπελθὼν
1558 1492 1728 1526 Ἀλέξανδρος
1742 1493 1756 1518 δ
1771 1492 1862 1518 Μακε-

1077 1542 1127 1568 δὼν
1144 1540 1290 1576 συμϐάλλει
1309 1540 1357 1575 μὲν
1373 1539 1412 1574 τῷ
1431 1539 1521 1574 Πέρσῃ
1539 1538 1653 1573 Δαρείῳ·
1670 1537 1737 1563 ἐλὼν
1758 1537 1786 1563 δὲ
1800 1536 1861 1562 τοῦ-

1079 1597 1134 1620 τον,
1151 1587 1200 1622 τὴν
1213 1586 1298 1622 ἀρχὴν
1313 1587 1353 1617 εἰς
1360 1585 1515 1615 Μακεδόνας
1531 1585 1724 1619 μετεστήσατο·
1738 1582 1784 1608 καὶ
1796 1591 1863 1617 κραο

1080 1635 1170 1660 τοῦσιν
1188 1631 1259 1659 οὗτοι
1284 1631 1337 1658 τῶν
1362 1631 1445 1657 ἐθνῶν
1467 1630 1592 1657 ἁπάντων
1610 1629 1695 1665 τρίτοι
1720 1629 1786 1663 μετὰ
1800 1628 1862 1660 τοὺς

247 1671 325 1699 valde
343 1673 454 1706 vocalis,
470 1678 498 1701 et
527 1674 607 1709 longe
632 1674 739 1707 lateque
764 1682 903 1702 resonans.
932 1675 1028 1710 Hujus-

1080 1680 1213 1716 πρὼτους.
1246 1679 1390 1713 Ἐσήμαινε
1417 1677 1444 1703 δέ
1463 1677 1516 1712 ἄρα
1540 1676 1586 1702 καὶ
1614 1675 1722 1707 τούτους
1740 1675 1774 1701 τὰ
1786 1675 1863 1710 τρίτα

249 1717 319 1744 Iuodi
335 1717 385 1744 fuit
404 1718 577 1746 Macedonum
603 1720 755 1753 imperium,
787 1720 834 1754 qui
853 1719 936 1747 Grtnci
952 1725 1030 1747 erant

247 1768 274 1790 et
288 1764 423 1791 idiomatis
438 1765 632 1798 exquisitioris.
654 1765 718 1792 Post
735 1766 792 1792 haec
806 1765 925 1792 ferreum
945 1766 1028 1794 deno-

249 1809 354 1836 tabatur
367 1809 522 1844 imperium,
537 1810 665 1843 validum,
680 1815 708 1838 et
727 1817 811 1845 super
836 1811 924 1838 omnia
938 1811 1028 1846 priora

247 1854 425 1882 fortissimum
444 1863 450 1883 :
465 1864 524 1883 nam
538 1861 565 1883 et
577 1856 640 1883 ferri
654 1862 750 1883 natura
769 1856 887 1891 reliquas
903 1858 1030 1886 materias

249 1902 398 1936 propellere
417 1905 445 1929 et
465 1909 594 1937 superare
617 1902 695 1929 solet.
719 1902 861 1935 Quodnam
889 1910 953 1930 vero
978 1904 1029 1931 hoc

249 1952 300 1979 est.
317 1949 368 1975 nisi
384 1948 564 1976 Romanorum
587 1949 741 1983 imperium,
764 1949 835 1983 quod
860 1949 1030 1977 Macedonico

250 1993 397 2020 successit?
422 1992 477 2021 Sub
495 1994 545 2021 hoc
557 1994 646 2022 ferreo
659 1994 773 2028 imperio
797 1995 922 2022 Christus
939 1996 1030 2023 nasci-

250 2043 303 2070 tur,
322 2038 388 2072 lapis
400 2039 432 2066 de
446 2043 536 2066 monte
551 2047 600 2066 nec
613 2040 688 2066 ferro
705 2047 756 2067 nec
772 2041 896 2067 manibus
908 2041 1028 2069 excisus.

251 2081 313 2109 Haec
333 2090 398 2110 vero
421 2084 534 2117 imperia
566 2085 617 2111 sub
644 2085 807 2119 imaginibus
833 2086 1029 2113 irrationalium

251 2135 437 2163 sawarumque
450 2129 570 2158 ferarum
587 2135 695 2157 ostensa
713 2131 849 2165 propheta:
865 2131 985 2158 fuerunt.

1082 1726 1150 1760 μέρη
1170 1725 1219 1759 τῆς
1234 1724 1337 1753 εἰκόνος
1353 1722 1396 1749 διὰ
1412 1722 1457 1748 τοῦ
1473 1722 1585 1756 χαλκοῦ’
1600 1721 1718 1755 εὔφωνος
1729 1719 1785 1755 γὰρ’
1795 1720 1862 1754 αὕτη

1080 1771 1096 1804 ή
1111 1769 1160 1803 ὕλη
1178 1769 1224 1795 καὶ
1246 1767 1351 1802 μακρὰν
1366 1768 1442 1802 ἠχεῖν
1456 1766 1600 1800 δυναμένη.
1617 1766 1733 1800 Τοιαύτη
1748 1765 1776 1791 δέ
1791 1773 1831 1796 τις
1844 1765 1861 1800 ὴ

1080 1815 1133 1841 τῶν
1149 1813 1310 1841 Μακεδόνων
1330 1812 1471 1848 ἡγεμονία,
1493 1811 1625 1846 Ἑλλήνων
1640 1811 1723 1837 ὄντων
1742 1810 1789 1836 καὶ
1813 1809 1863 1845 τὴν

1080 1859 1202 1894 γλῶτταν
1216 1858 1416 1892 λογικωτέρων⁸
1437 1857 1483 1883 ἐπὶ
1504 1857 1531 1883 δὲ
1553 1856 1658 1888 τούτοις
1677 1856 1725 1891 τὴν
1741 1856 1863 1892 σιδήρεον

1081 1906 1189 1941 ᾐνίξατο
1205 1904 1351 1939 βασιλείαν,
1368 1902 1501 1938 κραταιὰν
1521 1903 1567 1928 καὶ
1589 1902 1769 1937 διαφερόντως
1787 1901 1864 1936 παρὰ

1083 1952 1171 1982 πασας
1195 1951 1243 1981 τέις
1264 1950 1316 1985 πρὸ
1331 1949 1414 1983 αὐτῆς
1437 1949 1612 1983 ἰσχυροτάτην
1623 1957 1629 1962 ·
1648 1949 1708 1974 ἐπεὶ
1724 1949 1770 1974 καὶ
1783 1949 1800 1983 ἡ
1816 1947 1863 1974 τοῦ

1083 1996 1190 2031 σιδήρου
1209 1995 1322 2030 δύναμις
1345 1994 1464 2020 ἐλαύνειν
1487 1994 1532 2019 καὶ
1554 1993 1682 2028 δαμάζειν
1703 1993 1753 2024 τὰς
1768 1993 1864 2025 λοιπὰς

1082 2042 1148 2074 ὕλας
1160 2041 1238 2076 φύσιν
1251 2041 1315 2075 ἔχει.
1331 2041 1378 2071 Τίς
1391 2040 1420 2066 δὲ
1433 2039 1511 2075 αὕτη,
1524 2040 1540 2075 ἦ
1554 2040 1608 2066 τῶν
1626 2039 1768 2074 Ῥωμαίων
1782 2038 1863 2074 ἀρχὴ,

1081 2089 1130 2124 τῆς
1145 2087 1199 2114 τῶν
1218 2086 1378 2114 Μακεδόνων
1398 2087 1555 2112 καταστᾶσα
1571 2085 1704 2119 διάδοχος;
1728 2086 1757 2111 ἐν
1779 2084 1864 2120 ταύτῃ

1081 2136 1113 2169 τῇ
1130 2133 1226 2168 σιδηρᾷ
1238 2132 1359 2167 βασιλείᾳ
1369 2131 1484 2166 Χριστος
1493 2132 1629 2165 γεννᾶται,
1641 2132 1656 2157 ὸ
1665 2131 1779 2166 τμηθεὶς
1792 2131 1865 2163 λίθος

1081 2181 1110 2213 ἐξ
1124 2179 1211 2215 ὅρους,
1222 2179 1251 2204 οὐ
1264 2178 1374 2213 σιδήρῳ,
1384 2177 1439 2203 ἀλλ’
1452 2177 1514 2204 ἄνευ
1527 2177 1634 2211 χειρῶν·
1648 2177 1685 2212 τῷ
1697 2177 1725 2203 δὲ
1739 2177 1864 2213 προφήτῃ

1083 2224 1184 2259 θηρίων
1202 2223 1305 2256 ἀλόγων
1317 2230 1346 2247 τε
1359 2222 1406 2248 καὶ
1421 2220 1523 2255 ἀγρίων
1540 2221 1568 2246 ἐν
1587 2221 1702 2256 μορφαῖς
1717 2219 1864 2247 ἐδείκνυτο.

286 2265 361 2293 Sicut
382 2273 448 2293 auro
468 2265 639 2301 Assyriorum
664 2274 730 2301 opes
746 2268 962 2302 repraasentavit,
990 2270 1028 2298 sic

1105 2269 1277 2305 (90’)”Ωσπερ
1286 2267 1375 2302 μέντοι
1382 2267 1424 2293 διὰ
1431 2266 1477 2292 τοῦ
1484 2265 1582 2302 χρυσοῦ
1588 2265 1616 2292 τὺ
1623 2265 1804 2300 βαθύπλουτον
1811 2265 1865 2292 τῶν

250 2312 333 2341 leaena
348 2312 528 2340 effeminatam
545 2313 651 2340 illorum
673 2313 835 2348 mollemque
849 2315 932 2342 vitam
948 2315 1033 2344 deno-

252 2358 328 2385 tavit.
345 2357 488 2386 Persarum
503 2366 566 2386 vero
583 2359 738 2387 tarditatem
753 2364 781 2386 et
797 2360 903 2394 pondus
926 2369 975 2396 per
989 2370 1035 2389 nr-

251 2412 318 2442 sam.
339 2404 481 2432 Panthera:
503 2405 658 2440 pernicitati
680 2405 862 2433 Alexandrum
893 2414 1034 2442 compara-

251 2451 300 2482 vit,
314 2455 424 2486 propter
452 2451 551 2480 indolis
572 2451 631 2487 ejus
645 2459 757 2479 acumen
785 2456 813 2479 et
832 2452 1009 2480 mobilitatem
1025 2461 1033 2480 :

252 2497 296 2524 hic
310 2496 381 2523 enim
397 2504 458 2524 cum
484 2497 612 2524 tredecim
639 2502 665 2525 et
696 2497 803 2532 quidem
819 2497 890 2524 haud
920 2498 1030 2532 integris

252 2544 330 2570 annis
358 2543 523 2578 regnaverit,
552 2543 680 2570 mundtnn
714 2542 870 2570 universum
894 2543 1031 2575 decurrit.

252 2589 372 2624 qualibet
383 2596 433 2616 ave
451 2588 599 2621 volucrior.
616 2589 750 2623 Europam
769 2596 865 2622 nempe
881 2593 909 2615 et
927 2589 1030 2622 Asiam,

253 2635 338 2665 donec
354 2637 440 2669 ipsum
462 2642 593 2663 oceanum
613 2635 712 2666 attigit.
727 2634 842 2661 Romani
858 2639 949 2660 autem
978 2633 1033 2661 Ma-

253 2681 370 2707 cedones
392 2680 508 2714 imperio
522 2678 719 2714 spoliaverunt,
738 2683 903 2712 postremum
927 2677 1032 2704 illorum

253 2725 418 2759 deponentes
444 2733 533 2760 regem
563 2724 703 2752 Perseum.
742 2724 827 2759 Syros
853 2729 961 2757 quoque
985 2729 1034 2757 per

253 2769 408 2805 Pompeium
435 2776 516 2806 atque
546 2770 691 2798 Gabinium
721 2770 804 2797 duces
832 2769 1032 2803 subjngarunt,

253 2816 399 2850 Asiamque
429 2823 476 2850 per
512 2816 619 2843 eosdent
646 2815 850 2850 stipendiariam
898 2813 1032 2841 fecerunt.

253 2875 315 2906 τοὺς
328 2874 408 2901 αὐτοῦ
423 2874 576 2908 κατέγραψε
596 2874 703 2908 νόμους.
722 2873 768 2899 καὶ
784 2872 924 2907 παρεδίδου
935 2880 971 2908 γε
984 2871 1033 2908 τὴν

1007 2892 1018 2920 '1

254 2910 349 2946 καινὴν
360 2907 644 2945 Διαθῆκηνλογισμοέ
657 2909 702 2935 καὶ
716 2907 843 2939 διανοίαις
863 2907 1033 2941 κεκαθαρμέ-

1089 2315 1236 2350 Ἀσσυρίων
1249 2312 1408 2348 παρίστατο,
1419 2311 1489 2338 οὕτω
1502 2311 1545 2338 διὰ
1559 2311 1610 2346 τῆς
1623 2310 1730 2345 λεαίνης
1741 2309 1772 2336 τὸ
1787 2310 1866 2345 τεθη-

1082 2361 1196 2396 λυμένον
1210 2359 1298 2386 αὐτῶν
1311 2358 1358 2384 καὶ
1370 2357 1467 2392 χαῦνον
1483 2356 1608 2391 ἐδηλοῦτο
1617 2364 1623 2371 ·
1636 2355 1667 2382 τὸ
1677 2355 1704 2381 δὲ
1717 2355 1799 2390 βραδὺ
1812 2354 1866 2381 τῶν

1082 2406 1193 2442 Περσῶν
1210 2405 1256 2431 καὶ
1263 2403 1431 2438 δυσκίνητον,
1442 2402 1484 2428 διὰ
1499 2402 1548 2436 τῆς
1564 2402 1648 2437 ἄρκου
1658 2409 1665 2416 ο
1694 2400 1823 2436 παρδάλει
1836 2400 1865 2427 δὲ

1082 2452 1206 2488 πτερωτῇ
1224 2450 1270 2476 τὸν
1299 2448 1469 2483 Ἀλέξανδρον
1487 2448 1626 2482 ἀφωμοίου
1641 2446 1685 2474 διὰ
1698 2447 1728 2473 τὸ
1744 2447 1793 2482 τῆς
1815 2446 1865 2481 φύ-

1083 2504 1150 2526 σεως
1166 2494 1211 2526 ὀξὺ
1230 2493 1276 2519 καὶ
1299 2492 1451 2526 εὐκίνητον·
1467 2491 1520 2517 οὐδ’
1535 2491 1605 2522 ὅλοις
1621 2491 1686 2525 γοῦν
1700 2491 1773 2517 ἔτεσι
1792 2490 1866 2526 τρισὶ

1083 2540 1128 2567 καὶ¹
1145 2539 1210 2566 δέκα
1235 2538 1282 2573 ’τὴ-ν
1303 2538 1390 2573 ἀρχὴν
1414 2537 1611 2572 ἐπικρατήσας,
1634 2536 1682 2572 τὴν
1705 2536 1866 2571 οἰκουμένην

1083 2583 1197 2619 ἐπῆλθεν
1215 2583 1334 2614 ἃπασαν,
1350 2582 1449 2613 παντὸς
1464 2581 1555 2614 ὀρνέου
1571 2581 1665 2608 θᾶττον
1678 2580 1802 2612 διαπτὰς,
1815 2581 1867 2607 Εὑ-

1085 2630 1178 2665 ρώτι-ην
1200 2629 1266 2664 ὁμοῦ
1289 2628 1335 2654 καὶ
1356 2627 1458 2659 Ἀσίαν,
1482 2627 1519 2658 ὡς
1542 2627 1638 2662 μέχρις
1658 2627 1738 2653 αὑτοῦ
1763 2626 1866 2661 ψαῦσαι

1083 2673 1217 2701 ὡκεανοῦο
1249 2674 1377 2708 Ῥωμαῖοι
1402 2671 1430 2697 δὲ
1458 2672 1614 2703 Μακεδόνας
1637 2671 1684 2706 μὲν
1706 2671 1756 2706 τῆς
1778 2670 1866 2707 ἀρχῆς

1085 2720 1279 2756 ἀφαιροῦνται,
1305 2718 1419 2745 ὕστατον
1449 2717 1537 2744 αὐτῶν
1566 2716 1676 2752 βασιλέα
1709 2716 1868 2751 καθελόντες

1086 2767 1207 2802 Περσέα·
1233 2766 1333 2800 Σύρους
1357 2765 1386 2791 δὲ
1410 2764 1586 2791 ὑποτάττουσι
1606 2763 1650 2791 διὰ
1668 2764 1810 2798 Πομπηΐου
1821 2761 1867 2789 καὶ

1086 2813 1209 2839 Γαϐινίου
1225 2810 1394 2847 στρατηγῶν,
1411 2811 1460 2846 τήν
1475 2819 1504 2837 τε
1526 2810 1618 2837 Ἀσίαν
1628 2809 1737 2845 ,ἑλόντες
1753 2808 1796 2836 διὰ
1813 2807 1868 2835 τῶν

1086 2880 1152 2901 ναις.

1122 2906 1194 2936 (90‘)
1209 2905 1273 2932 Cod.
1291 2905 1320 2931 A.
1337 2905 1355 2932 ί.
1373 2903 1414 2936 Η,
1428 2904 1454 2931 b.
1469 2903 1535 2931 Cod.
1549 2902 1578 2930 E.
1595 2902 1613 2930 ί.
1630 2901 1674 2930 65.
