2045 3215
259 207 309 234 665

599 203 733 230 EUSEBII
753 201 992 230 CIESARIENSIS
1011 201 1086 229 OPP.
1108 201 1197 228 PARS
1216 200 1259 228 IV.
1279 215 1313 222 —
1334 199 1543 228 DOGMATICA.

1827 200 1877 227 θοι

259 273 364 293 νον-ται
393 264 538 300 ὀφθαλμοὶ
555 263 687 298 τυφλῶν,
710 265 759 291 καὶ
779 262 838 291 ὦτα
869 263 976 298 κωφῶν
990 263 1188 290 decoctor-raw
1206 263 1272 289 τότε
1300 261 1413 289 εἱλεῖται
1440 262 1479 294 ὡς
1513 262 1626 295 ἔλαφος
1648 261 1664 287 ὁ
1689 259 1804 294 χωλὸς,
1829 260 1876 286 καὶ

259 311 351 346 τρανὴ
375 311 461 339 ἕσται
496 310 622 346 γλῶσσα
658 310 843 346 μογιλάλων*
866 310 910 337 ὅτι
937 310 1046 345 ἐρῤάγη
1080 312 1114 337 ἐν
1149 309 1186 344 τῇ
1218 309 1315 345 ἐρήμῳ
1331 309 1418 343 ὕδωρ,
1435 309 1484 335 καὶ
1503 309 1522 342 ἡ
1544 306 1662 343 φάραγξ
1673 308 1708 335 ἐν
1738 306 1877 342 meteo—

259 365 298 392 σῃ
313 357 381 392 (94).

293 404 356 432 Hmc
373 404 401 430 in
427 402 513 430 saeris
529 401 618 432 libris,
641 405 769 435 tanquam
787 400 813 427 in
832 400 977 432 columnis,
993 400 1040 426 im-

1132 404 1222 431 Ταῦτα
1239 403 1339 439 βίϐλοις
1361 403 1456 439 ἱεραῖς,
1470 402 1564 438 ὥσπερ
1579 403 1608 429 ὲν
1622 402 1741 438 στήλαις,
1757 409 1877 428 τετυπω-

259 458 350 486 pressa
366 449 429 477 olim
447 448 516 483 apud
531 455 560 475 se
568 447 697 474 habentes
713 446 831 473 Hebraeae
846 446 934 480 gemis
948 446 1040 477 duces,

259 502 399 532 postquam
417 495 483 529 ipsis
499 493 679 520 renuntiatum
692 497 732 520 est
744 491 873 519 Joauttetu
892 493 919 519 in
936 492 1042 520 deserto

259 549 284 570 et
298 542 374 576 juxta
390 540 536 568 Jordanem
561 539 670 566 [luvium
696 538 858 573 przedicare;
886 538 964 565 factis
978 546 1043 572 pra:-

258 588 390 615 dicliones
415 585 597 616 conferentes,
625 585 710 618 ipsum
726 591 785 610 esse
806 588 833 611 et
850 580 901 611 non
917 584 1010 616 alium,
1026 593 1040 611 a

258 632 388 667 propheta
407 631 597 665 signiﬁcatum,
621 629 820 664 conjiciebant;
847 629 991 663 missisque
1005 630 1042 657 le-

258 679 328 713 gatis
341 679 469 712 rogabant
496 685 560 703 num
586 676 643 708 ipse
657 682 730 703 esset
748 675 882 703 Christus.
909 674 933 703 ls
952 680 1040 703 autem

258 725 388 759 negabat;
416 729 443 751 et
466 731 496 751 sc
521 730 573 750 non
597 729 658 749 esse
679 729 851 749 communem
869 722 1041 749 Servatorem

258 771 392 798 fatebatur
408 777 416 796 :
433 770 479 797 sed
494 769 564 796 enitn
581 773 713 802 praesente
725 769 780 803 jam
793 776 825 795 co
841 769 886 802 qui
902 774 1043 802 exspecta-

258 817 350 848 batur,
367 816 488 851 ejusdem
511 822 542 841 se
566 821 760 849 prtecursoretn
782 814 912 841 dicebat:
932 821 1041 842 verum-

258 867 348 888 tamen
364 868 395 888 se
416 860 484 887 nihil
501 860 573 887 aliud
595 866 676 893 quam
701 866 796 886 vocem
812 859 964 887 Servatoris
977 867 1043 889 nun-

258 905 332 935 tiam,
346 911 406 932 esse
422 904 546 931 docebat.
564 903 646 938 quue
671 903 811 938 Evangelii
826 904 918 931 divina
931 905 1043 937 exponit

258 950 398 984 Scriptura
411 958 421 978 :
438 949 540 978 Fassus
558 955 610 983 est,
632 950 730 984 inquit,
746 957 776 977 se
801 958 855 977 non
880 958 940 978 esse
963 951 1041 979 Chri-

257 1002 340 1029 stum,
356 997 402 1024 sed
416 1004 509 1024 vocem
536 997 561 1024 in
580 997 687 1024 deserto
712 996 877 1024 clamantem
898 1005 905 1023 :
928 997 1042 1032 Dirigit:

257 1043 324 1069 vium
340 1042 456 1069 Domini.
470 1042 527 1077 Ego
544 1051 613 1077 aqua
627 1042 742 1076 baptizo,
763 1043 865 1069 medius
889 1047 978 1070 autem
1000 1051 1042 1070 tte-

1095 450 1162 485 μένα
1177 450 1260 477 πάλαι
1272 450 1337 486 παρ’
1350 450 1454 481 ἑαυτοῖς
1467 448 1574 484 ἔχοντες
1589 449 1614 475 οἱ
1632 445 1817 482 καθηγεμόνες
1831 446 1876 472 τοῦ

1099 496 1234 523 Ἰουδαίων
1252 495 1355 529 ἔθνους,
1371 494 1464 530 ἐπειδὴ
1487 495 1614 530 Ἰωάννης
1627 494 1718 525 αὐτοῖς
1735 492 1878 528 κηρύττειν

1093 542 1139 567 ἐπὶ
1151 542 1201 577 τῆς
1215 542 1318 578 ἐρήμου
1335 542 1381 568 καὶ
1400 541 1471 576 ἀμφὶ
1484 541 1528 567 τὸν
1549 540 1683 577 Ἰορδάνην
1698 538 1818 574 ποταμὸν
1829 539 1878 572 ἠγ-

1093 587 1212 622 γέλλετο,
1226 589 1282 619 τοῖς
1302 588 1445 624 πράγμασι
1461 587 1511 619 τὰς
1528 587 1695 623 προρρήσεις
1716 584 1879 620 συμϐάλλον-

1092 642 1148 666 τες,
1165 633 1247 660 αὐτὸν
1260 631 1329 660 εῖναι
1344 633 1390 659 καὶ
1411 633 1461 659 οὐκ
1472 632 1551 658 ἄλλον
1569 632 1613 658 τὸν
1627 630 1671 657 διὰ
1681 629 1728 657 τοῦ
1740 630 1877 665 προφήτου

1094 680 1291 714 σημαινόμενον
1312 679 1502 714 ὑπετὸπησαν·
1522 677 1635 714 ἠρώτων
1653 686 1683 704 τε
1704 677 1879 704 ἀποστείλαν-

1091 734 1148 758 τες,
1165 725 1189 751 εἰ
1202 726 1280 758 αὐτὸς
1295 726 1338 760 εἴη
1352 726 1365 751 ὁ
1378 725 1503 760 Χριστός.
1528 725 1556 750 Ὁ
1571 723 1598 750 δὲ
1613 723 1648 759 μὴ
1661 721 1728 750 εἶναι
1743 724 1792 759 μὲν
1807 723 1881 758 ὡμο-

1086 770 1175 803 ,λόγεῆ
1198 770 1259 797 ἐπεὶ
1277 770 1337 805 μηδ’
1354 769 1433 801 αὐτὸς
1444 769 1475 795 τὸ
1488 769 1576 795 κοινὸν
1589 768 1717 795 ἁπάντων
1736 767 1879 802 σωτήριον

1093 817 1226 852 παρόντος
1247 815 1276 842 δὲ
1293 815 1342 851 ἤδη
1366 814 1412 841 τοῦ
1433 814 1675 850 προσδοκωμένου,
1699 813 1793 839 ἑαυτὸν
1810 810 1881 838 εἶναι

1093 862 1255 898 πρόδρομον,
1269 861 1316 888 καὶ
1330 861 1378 896 τὴν
1394 861 1439 886 ἐπὶ
1455 860 1504 895 τῆς
1526 860 1628 895 ἐρήμου
1644 859 1735 894 φωνὴν
1748 858 1798 893 τὴν
1816 866 1882 885 κατ-

1092 908 1239 945 αγγελικὴν
1258 907 1305 934 τοῦ
1332 906 1483 942 σωτηρίου,
1505 905 1585 937 αὐτὸς
1617 904 1714 931 ἑαυτὸν
1735 903 1805 930 εἶναι
1827 903 1881 930 ἐδί-

1092 954 1192 980 δασκε’
1214 953 1262 979 καὶ
1279 952 1388 987 τοῦτοή
1407 951 1467 978 θεία
1486 951 1532 977 τοῦ
1550 950 1714 984 Εὑαγγελίου
1732 949 1881 987 παρίστησι

1096 1002 1190 1037 Γραφή
1200 1010 1206 1016 ε
1227 1001 1394 1038 Ὠμολόγησε
1405 1001 1468 1035 γὰρ,
1488 1000 1578 1035 φησιν,
1589 1000 1630 1026 ὃτι
1644 1000 1704 1025 οὐκ
1717 999 1774 1033 εἰμὶ
1793 998 1850 1033 ἐγὼ
1864 1001 1881 1026 o'

1092 1047 1227 1081 Χριστὸς,
1247 1047 1314 1074 ἀλλ’
1331 1047 1388 1081 ἐγὼ
1402 1046 1485 1082 φωνὴ
1503 1045 1635 1080 ,βοῶντος
1659 1046 1693 1072 ὲν
1714 1045 1752 1079 τῇ
1770 1045 1879 1080 ἐρήμῳ,

257 1093 338 1116 urunt
352 1089 433 1120 stetit,
449 1097 524 1123 quem
536 1097 580 1116 vos
592 1089 696 1116 nescitis
709 1089 743 1116 ‘°.
759 1089 846 1116 Lucas
864 1090 926 1117 item
951 1089 1040 1117 simili-

1092 1093 1244 1119 Εὺθύνατε
1261 1091 1318 1125 τὴν
1338 1091 1409 1118 ὁδὸν
1429 1092 1554 1125 Κυρίου·
1578 1089 1635 1125 ἐγὼ
1651 1089 1782 1122 ,βαπτίζω
1802 1089 1880 1124 ὑμᾶς

257 1138 300 1162 ter
314 1135 417 1166 narrat,
436 1134 669 1162 confabulantibus
685 1135 791 1162 cunctis
806 1136 878 1163 circa
895 1135 1040 1163 Jordauent

256 1182 290 1208 de
316 1179 431 1212 Joanne,
461 1188 523 1207 num
551 1182 574 1207 is
597 1180 722 1208 Christus
749 1185 830 1214 esset,
863 1181 1037 1216 respondisse

255 1225 386 1253 Joannctn
406 1233 412 1251 :
428 1224 484 1259 Ego
500 1225 606 1259 quidem
633 1233 676 1251 vos
693 1233 762 1260 aqua
783 1226 897 1260 baptizo,
912 1227 980 1253 venit
991 1235 1041 1253 au-

256 1278 308 1298 tem
321 1271 365 1306 qui
382 1278 423 1297 me
438 1270 534 1304 fortior
545 1274 602 1302 est;
629 1269 684 1304 ipse
707 1279 750 1297 vos
772 1271 915 1305 baptizabt't
940 1270 1041 1306 Spiritu

256 1321 347 1343 sancto
364 1322 387 1342 at
401 1316 459 1349 igne
473 1315 506 1342 ⁸⁰.
525 1316 593 1349 Quid
608 1320 649 1342 est
670 1320 761 1343 autem
777 1316 866 1352 ignis?
889 1324 984 1351 nempe
1000 1317 1040 1344 rei

256 1360 363 1388 inutilis
378 1360 560 1395 consumptio,
573 1366 602 1388 et
614 1360 696 1387 ardor
709 1361 829 1395 spiritus.
847 1361 946 1388 Eodem
960 1369 1040 1389 sensu

256 1405 375 1435 Joannes
392 1413 500 1441 quoque
529 1406 688 1441 (apostolus)
714 1407 828 1434 aiebat:
846 1407 896 1434 Hic
919 1408 989 1434 venit
1013 1409 1040 1434 in

257 1452 446 1484 testimonium,
463 1457 491 1479 ut
511 1452 688 1479 testimonium
709 1453 853 1487 perhiberet
871 1453 903 1480 de
929 1453 1040 1486 lumine,

257 1503 285 1526 ut
301 1506 388 1525 omnes
401 1499 535 1525 crederent
551 1506 596 1532 per
613 1499 708 1532 ipsum.
725 1497 787 1525 Non
802 1503 858 1525 erat
874 1499 919 1526 ille
938 1498 1037 1531 lumen,

257 1544 302 1571 sed
315 1549 344 1570 ut
361 1543 538 1571 testimonium
553 1543 697 1578 perhiberet
713 1544 744 1571 de
763 1543 861 1571 lumine
876 1544 909 1570 “.
929 1544 982 1572 Sed
996 1544 1040 1572 hic

257 1589 366 1623 quidem
390 1589 428 1615 ita
452 1589 557 1616 initium
580 1589 779 1624 praedicationis
804 1589 930 1623 faciebat,
955 1590 1041 1617 dedu-

258 1641 323 1662 cens
354 1635 429 1662 vocis
459 1635 546 1662 instar
572 1635 709 1662 hominum
744 1636 850 1662 animas
866 1636 900 1662 ad
925 1636 1040 1670 perfecti

258 1680 333 1707 verbi
349 1681 556 1715 susceptionem.
580 1681 760 1714 Quamobrem
776 1680 906 1708 Joannem
930 1681 1041 1709 inchoa-

257 1726 359 1753 tionem
373 1733 432 1754 esse
449 1726 598 1761 Evangelii,
613 1726 720 1754 Marcus
735 1727 903 1754 demonstrat
915 1727 948 1754 ³¹.
961 1727 1039 1755 Post-

257 1780 337 1806 quam
352 1779 415 1800 vero
430 1779 482 1799 vox
495 1773 569 1800 siluit
581 1780 694 1800 munere
706 1780 755 1800 suo
770 1772 910 1806 defuncta,
923 1778 950 1801 et
964 1774 1041 1808 quasi

257 1818 353 1852 exigua
368 1819 513 1853 phosphori
530 1819 588 1846 luce
605 1824 710 1847 mentes
727 1819 866 1846 hominum
890 1820 946 1854 jam
961 1821 1040 1847 clari-

257 1864 408 1898 ﬁcaverat,
442 1871 507 1893 tunc
533 1872 640 1892 uentum
667 1866 834 1901 unigenitum
862 1866 934 1902 quod
962 1872 1040 1894 antea

257 1912 405 1941 exsistebat
421 1911 469 1939 Dei
482 1911 611 1946 Verbum,
627 1913 750 1948 proprios
764 1920 827 1941 caro
841 1912 941 1941 factum
952 1913 1042 1942 emisit

258 1957 426 1996 splendores.

617 2093 686 2122 XIV.

296 2138 366 2166 Salis
396 2139 519 2175 symbolo
549 2140 740 2175 discipulorum
777 2148 887 2168 suorum
913 2141 1040 2168 virtutctn

258 2184 345 2212 innuit.
362 2185 394 2212 ³⁸.
422 2184 490 2211 Nam
504 2185 566 2220 quia
587 2185 651 2212 salis
674 2191 772 2213 natura
797 2194 831 2212 ex
849 2194 918 2221 aqua
933 2192 960 2213 et
976 2187 1040 2214 llatu

258 2235 375 2263 constat,
388 2239 483 2267 parum
506 2232 569 2265 quid
588 2232 688 2258 terreni
713 2232 890 2267 participans,
907 2237 934 2260 et
948 2240 1042 2260 corru-

257 2277 391 2311 ptibilium
417 2285 560 2312 corporqu
583 2277 682 2305 ﬂuxam
707 2284 833 2306 naturam
854 2281 1041 2316 constringere

257 2323 336 2355 solet,
353 2323 389 2350 ita
406 2328 435 2350 ut
449 2324 531 2350 etiam
555 2324 687 2351 cadavera
711 2325 872 2359 praevalente
887 2326 912 2352 vi
930 2334 1041 2354 conser-

255 2375 315 2403 vet;
342 2370 535 2397 convenienter
567 2371 715 2406 discipulos
749 2379 814 2399 suos
848 2372 912 2400 salis
939 2378 1041 2400 naturae

1091 1138 1126 1164 ἐν
1142 1137 1235 1168 ὕδατι,
1250 1136 1345 1172 μέσος
1363 1137 1397 1163 δὲ
1417 1135 1499 1171 ὑμῶν
1515 1136 1659 1169 εἱστήκει,
1676 1135 1712 1162 ὃν
1727 1135 1811 1170 ὑμεῖς
1825 1136 1880 1162 οὐκ

1091 1184 1198 1211 οἴδατε.
1219 1184 1272 1210 Καὶ
1288 1183 1394 1215 Λουκᾶς
1408 1182 1436 1209 δὲ
1452 1182 1486 1209 τὰ
1505 1183 1586 1218 ὅμοια
1604 1183 1723 1218 ἱστορεῖ,
1741 1182 1782 1208 ὅτι
1800 1181 1878 1208 Πάν-

1091 1239 1148 1257 των
1158 1228 1402 1264 διαλογιζομένων
1410 1228 1475 1262 περὶ
1493 1228 1637 1260 Ἰωάννου,
1646 1227 1689 1263 μή
1702 1236 1773 1255 ποτε
1786 1227 1877 1260 αὐτὸς

1091 1277 1136 1310 εἴη
1150 1278 1165 1303 d
1180 1275 1316 1310 Χριστὸς,
1331 1276 1509 1310 ἁπεκρίνατο
1526 1276 1543 1302 ό
1563 1274 1718 1308 Ἰωάννης·
1739 1274 1811 1309 Ἐγὼ
1819 1273 1878 1308 μὲν·

1091 1322 1176 1348 ὕδατι
1195 1321 1327 1354 βαπτίζω
1348 1321 1437 1356 ὑμᾶς,
1454 1321 1570 1356 ἔρχεται
1593 1320 1627 1347 δὲ
1647 1322 1663 1347 ὁ
1686 1320 1878 1355 ὶσχηοότερός

1088 1376 1158 1403 patr
1172 1368 1263 1401 αὐτὸς
1277 1366 1356 1402 ὑμᾶς
1370 1367 1514 1399 βαπτίσει
1528 1367 1562 1393 ἐν
1576 1367 1726 1401 Πνεύματι
1741 1367 1813 1400 ἁγίῳ
1830 1366 1879 1392 καὶ

1091 1413 1172 1447 πυρί.
1193 1413 1226 1440 Τί
1242 1413 1270 1440 δὲ
1286 1413 1316 1439 τὸ
1339 1412 1410 1448 πῦρ;
1431 1413 1447 1447 ἡ
1472 1412 1520 1439 τοῦ
1545 1412 1644 1447 κούφου
1662 1413 1778 1448 δαπάνη,
1799 1412 1877 1446 καὶὴ

1091 1458 1165 1491 ζέσις
1179 1457 1226 1487 τοῦ
1243 1458 1408 1494 πνεύματος.
1424 1458 1480 1492 Τῆς
1497 1458 1583 1493 αὐτῆς
1596 1458 1686 1495 ἔχεται
1700 1458 1817 1489 διανοίας
1832 1458 1879 1483 καὶ

1091 1506 1105 1532 ὁ
1124 1505 1247 1541 Ἰωάννης
1272 1505 1357 1539 λέγων
1370 1513 1376 1520 '
1407 1503 1501 1538 οὗτος
1521 1503 1615 1540 ἦλθεν·
1637 1506 1680 1538 εὶς
1701 1505 1876 1539 μαρτυρίαν,

1092 1552 1142 1579 ἵνα
1152 1551 1333 1586 μαρτυρήσῃ
1354 1551 1420 1585 περὶ
1437 1551 1490 1578 τοῦ
1509 1550 1606 1586 φωτὸς
1616 1571 1623 1583 ,
1640 1550 1689 1577 ἵνα
1709 1551 1818 1583 πάντες
1833 1559 1878 1576 πι-

1093 1598 1243 1625 στεύσωσι
1260 1597 1296 1623 δι’
1309 1597 1412 1624 αὑτοῦ·
1427 1598 1482 1624 οὑκ
1498 1595 1537 1632 ἦν
1548 1597 1664 1630 ἐκεῖνος
1675 1597 1708 1624 τὸ
1721 1596 1795 1631 φῶς,
1810 1596 1877 1623 ἀλλ’

1091 1643 1142 1670 ἵνα
1160 1642 1337 1677 μαρτυρήσῃ
1354 1642 1488 1676 περὶτοῦ
1510 1643 1615 1676 φωτός.
1642 1641 1711 1668 Ἀλλ’
1730 1638 1810 1674 οὗτος
1829 1641 1878 1677 μὲν

1092 1685 1142 1715 ὧδέ
1157 1698 1194 1723 πη
1210 1688 1334 1724 προκατή
1340 1696 1416 1724 ρχετο
1434 1687 1481 1714 τοῦ
1495 1687 1682 1723 κηρύγματος,
1694 1687 1822 1713 ὁδοποιῶν
1834 1684 1878 1713 οἷα

1094 1734 1169 1770 φωνὴ
1191 1734 1240 1766 τὰς
1262 1734 1316 1760 τῶν
1339 1733 1489 1769 ἀνθρώπων
1512 1733 1601 1769 ψυχὰς
1624 1735 1663 1765 εἰς
1680 1733 1812 1768 ὑποδοχὴν
1831 1732 1878 1759 τοῦ

1092 1779 1195 1806 τελείου
1214 1779 1310 1814 λόγον’
1332 1778 1407 1806 ἔνθεν
1429 1778 1541 1810 εἰκότως
1559 1778 1686 1814 ἀπαρχὴν
1697 1778 1744 1804 τοῦ
1758 1778 1878 1812 Εὑαγγε-

1091 1826 1148 1853 λίου
1175 1825 1256 1852 αὐτὸν
1279 1824 1348 1851 εἶναι
1375 1825 1389 1850 ὁ
1412 1824 1525 1860 Μάρκος
1549 1824 1702 1850 ἑδίδασκεν’
1731 1824 1824 1860 ἐπειδὴ
1850 1823 1879 1850 δὲ

1092 1871 1195 1899 ἐσιώπα
1209 1871 1258 1906 μὲν
1271 1871 1287 1905 ἡ
1300 1870 1375 1906 φωνὴ
1390 1870 1424 1897 τὰ
1436 1871 1522 1897 οἰκεῖα
1537 1869 1705 1906 πληρώσασα
1719 1869 1800 1906 μέρη,
1815 1879 1878 1905 σμι-

1093 1916 1151 1952 κρῷ
1169 1925 1198 1943 τε
1218 1913 1262 1942 οἷο.
1277 1916 1412 1951 φωσφόρῳ
1434 1917 1503 1951 φωτὶ
1519 1917 1566 1948 τὰς
1581 1916 1635 1943 τῶν
1650 1915 1800 1951 ἀνθρώπων
1814 1924 1879 1942 κατ-

1094 1962 1238 1996 αυγάσασα
1261 1961 1395 1993 διανοίας,
1419 1962 1500 1993 αὐτὸς
1527 1961 1558 1997 δὴ
1581 1961 1673 1988 λοιπὸν
1693 1963 1707 1988 ὁ
1734 1962 1878 1998 μονογενὴς

1092 2010 1139 2036 καὶ
1160 1998 1314 2044 προὼνὲοὖ
1335 2008 1402 2035 Θεοῦ
1422 2008 1507 2043 Λόγος
1525 2008 1568 2035 διὰ
1594 2009 1693 2044 σαρκὸς
1705 2008 1754 2040 τὰς
1776 2009 1877 2040 οἰκείας

1093 2055 1229 2089 ἐξέπεμπε
1244 2054 1439 2091 μαρμαρυγὰς.

1423 2100 1460 2127 la'
1480 2101 1547 2136 (95).

1129 2147 1175 2174 Διὰ
1191 2147 1238 2175 τοῦ
1255 2147 1309 2174 τῶν
1325 2147 1395 2174 ἁλῶν
1413 2148 1547 2182 συμϐόλου
1567 2148 1616 2183 τὴν
1633 2148 1747 2183 δύναμιν
1762 2148 1876 2175 αἰνίττε-

1091 2201 1135 2219 ται
1149 2193 1202 2221 τῶν
1221 2193 1351 2228 μαθητῶν
1371 2193 1463 2220 αὑτοῦ.
1489 2194 1565 2221 Ἐπεὶ
1577 2193 1632 2229 γὰρ
1648 2196 1672 2221 οἱ
1690 2195 1752 2226 ἅλες
1765 2195 1814 2230 τὴν
1828 2195 1877 2229 μὲν

1091 2238 1182 2264 οὐσίαν
1203 2238 1233 2270 ἐξ
1251 2238 1346 2270 ὕδατος
1367 2240 1414 2265 καὶ
1435 2239 1588 2273 πνεύματος
1611 2241 1799 2276 συνεστήκασι,
1818 2249 1876 2276 σμι-

1091 2285 1156 2320 κρόν
1170 2293 1196 2311 τι
1207 2285 1253 2312 τοῦ
1267 2284 1383 2319 γεώδους
1401 2286 1568 2321 μετέχοντες,
1582 2286 1631 2322 τῆς
1644 2287 1672 2313 δὲ
1684 2287 1737 2314 τῶν
1749 2288 1876 2324 φθαρτῶν

1093 2331 1225 2366 σωμάτων
1244 2332 1359 2366 ῥευστῆς
1375 2332 1481 2366 φύσεως
1501 2334 1667 2360 πυκνωτικοὶ
1688 2335 1875 2369 τυγχάνουσιν,

1091 2377 1128 2408 ὡς
1148 2377 1195 2404 καὶ
1219 2378 1253 2403 τὰ
1272 2378 1356 2413 νεκρὰ
1372 2379 1526 2415 διακρατεῖν
1551 2380 1663 2416 σώματα
1679 2381 1814 2417 κρείττονι
1834 2382 1877 2408 δυ-

256 2421 407 2451 comparat,
421 2416 549 2450 quoniatn
572 2421 599 2444 et
613 2417 664 2451 ipsi
687 2425 720 2444 ex
743 2425 813 2452 aqua
828 2423 855 2446 et
875 2418 977 2454 Spiritu
993 2428 1039 2454 ge-

1091 2423 1189 2457 νάμει”
1210 2424 1323 2456 εἰκότως
1338 2425 1401 2457 τοὺς
1416 2425 1490 2461 αὑτῴ
1514 2426 1748 2462 μαθητευομένους
1769 2429 1802 2463 τῇ
1823 2428 1876 2454 τῶν

256 2462 306 2489 niti
330 2462 447 2494 fuerant,
466 2467 549 2498 atque
571 2464 682 2490 onmiuo
703 2464 805 2499 Spiritu
830 2465 955 2499 animati,
984 2475 1038 2494 non

256 2513 345 2535 autem
375 2509 524 2536 secundum
555 2517 663 2537 carnem
688 2510 824 2544 viventes,
858 2513 923 2540 salis
953 2513 1039 2541 instar

256 2554 456 2587 quodammodo
473 2558 561 2587 erant,
582 2556 787 2590 corruptibilem
804 2562 971 2585 terrenorum
987 2559 1038 2586 ho-

256 2599 358 2625 minum
379 2600 462 2626 vitam
478 2600 645 2634 corrigentes
656 2607 738 2636 atque
750 2602 932 2635 obdurantes;
949 2608 976 2630 et
991 2611 1038 2632 eos

255 2646 302 2679 qui
330 2646 466 2679 probitate
486 2654 592 2673 morum
613 2647 679 2681 ipsis
706 2648 932 2682 propinquabant,
957 2650 1038 2683 perii-

256 2690 357 2718 cientes
371 2692 498 2726 dulcique
512 2693 591 2720 veluti
608 2701 706 2727 sapore
727 2694 868 2721 donantes.
891 2694 1038 2730 Propterea

1091 2468 1162 2495 ἀλῶν
1187 2470 1354 2505 παραϐάλλει
1374 2471 1467 2505 φύσει,
1492 2472 1553 2499 ἐπεὶ
1572 2472 1619 2499 καὶ
1635 2473 1712 2499 αὐτοὶ
1731 2472 1761 2505 ἐξ
1783 2473 1876 2505 ὓδατος

1091 2515 1138 2541 καὶ
1151 2516 1308 2550 Πνεύματός
1327 2519 1379 2544 είσι
1401 2518 1578 2554 γεγενημένοι
1603 2519 1657 2545 ὅλοι
1678 2528 1708 2545 τε
1737 2520 1876 2554 Πνεύματι

1092 2560 1205 2593 ζῶντες,
1230 2563 1277 2589 καὶ
1300 2563 1329 2590 οὐ
1352 2564 1423 2590 κατὰ
1446 2565 1534 2600 σάρκα
1562 2565 1695 2600 βιοῦντες,
1717 2566 1780 2598 ἆλες
1803 2566 1875 2597 τινὲς

1092 2608 1185 2643 ὥσπερ
1200 2609 1330 2645 ὑπῆρχον,
1346 2610 1391 2637 τὸν
1405 2610 1551 2646 φθαρτικὸν
1565 2611 1622 2646 βίον
1637 2612 1691 2639 τῶν
1701 2613 1746 2638 ἐπὶ
1759 2612 1812 2648 γῆς
1829 2613 1875 2639 ἀν-

1092 2653 1208 2689 θρώπων
1224 2655 1431 2691 ἐπιστρέφοντες
1451 2657 1497 2683 καὶ
1517 2657 1696 2692 πακνοῦντες,
1710 2658 1748 2693 τῷ
1760 2667 1790 2684 τε
1806 2659 1877 2685 κατὰ

1092 2700 1192 2736 ἀρετὴν
1208 2701 1258 2736 βίῳ
1271 2702 1333 2733 τοὺς
1353 2703 1444 2734 αὐτοῖς
1458 2703 1652 2739 πλησιάζοντας
1665 2705 1810 2740 ἀρτύοντες
1829 2705 1876 2732 καὶ

255 2748 278 2764 ⁸³
289 2747 367 2776 Joan.
393 2757 412 2782 ι,
426 2750 471 2783 25,
487 2750 532 2777 26.
570 2751 591 2766 ³ο
605 2750 669 2778 Luc.
683 2758 724 2783 nt,
740 2751 782 2779 15.
821 2751 842 2767 ³¹
855 2751 932 2779 Joan.
950 2760 969 2783 ι,
989 2752 1016 2780 7,

1091 2754 1171 2783 Marc.
1190 2764 1210 2789 ι,
1226 2757 1253 2783 4.
1292 2757 1313 2773 ⁸³
1327 2757 1422 2786 Matth.
1436 2766 1463 2790 ν,
1479 2759 1523 2786 13.

291 2796 347 2833 (96)
364 2797 460 2824 Totum
475 2799 526 2826 hoc
542 2798 720 2833 fragmentum
734 2799 813 2826 unica
838 2801 923 2827 ferme
942 2800 1036 2828 Graeca

255 2831 367 2865 periodo
385 2837 502 2865 constat,
516 2831 598 2867 quam
619 2834 726 2866 longam
750 2834 939 2862 circuitionent
959 2835 1037 2863 valde

255 2872 412 2894 consuetam
436 2875 496 2895 esse
524 2869 640 2896 Eusebio
665 2870 791 2896 observat
821 2869 1037 2898 Montfauconius

256 2902 333 2936 prmi.
350 2910 376 2936 p.
392 2901 418 2929 6.
436 2902 468 2929 ad
483 2903 603 2937 eiusdem
619 2903 842 2932 Commentarium
864 2905 890 2933 in
913 2906 1037 2934 usalmos.

1125 2803 1236 2844 (95l_ln
1257 2805 1353 2844 codice
1374 2807 1406 2833 A.
1426 2806 1451 2844 _f.
1469 2806 1533 2834 205.
1559 2808 1587 2835 b.
1604 2809 1763 2844 perspicuus
1782 2810 1876 2837 titulus

1087 2839 1234 2878 Εὺοςεὸζρυ
1246 2841 1354 2874 βιϐλίῳ
1366 2842 1491 2875 τετάρτῳ
1507 2839 1695 2878 Θεοφαᾶκείαξι.
1711 2844 1788 2872 Solus
1804 2846 1874 2873 enitn

1093 2875 1222 2903 ordinatis
1239 2884 1367 2905 numerus
1382 2878 1408 2904 in
1427 2875 1586 2913 compendio
1603 2885 1653 2907 est.
