2045 3215
145 197 197 225 665

813 201 858 230 DE
877 202 1107 231 ΤΙΙΕΟΡΗΔΝΙΑ.

1711 198 1762 235 666

146 261 349 295 καθηδὺνοντες.
365 261 457 298 Ταύτῃ
470 270 509 287 τοι
524 261 571 288 καὶ
586 262 705 297 Μωῦσῆς
719 263 873 298 ἐνομοθέτει
891 264 934 291 διὰ

984 271 1011 294 ct
1029 267 1133 302 Moyses
1160 266 1217 302 lege
1234 267 1373 295 sanciehat
1399 273 1428 295 ut
1454 268 1532 303 quasi
1549 269 1696 304 symbolum
1722 271 1762 298 sal

147 306 287 340 συμϐόλων
300 306 363 337 τοὺς
378 307 444 338 ἃλας
456 306 619 342 προσφέρειν
632 305 672 341 τῷ
684 306 755 341 Θεῷ,
772 304 821 334 ὧδέ
841 317 876 343 πη
891 308 931 334 λέ-

146 360 202 386 γων
214 360 220 367 ·
243 351 296 378 Kal
316 350 377 379 πᾶν
395 351 489 385 δῶρον
506 351 614 384 θυσίας
632 351 715 386 ὑμῶν·
737 352 786 379 ἁλὶ
807 353 931 387 ἁλισθή-

147 406 229 425 σεται
239 407 245 414 ·
262 399 317 425 ἀλλ’
333 399 406 434 ὅμως
422 399 455 425 δι’
468 397 603 434 αἰσθητῶν
616 398 749 433 σωμάτων
760 398 834 425 ταῦτ’
846 399 932 425 ἐπιτε-

149 445 203 471 λεῖν
219 444 382 479 ἐνομοθέτει.
405 445 433 470 '0
454 444 482 471 δὲ
504 444 557 470 τῶν
574 444 675 470 καινῶν
694 444 825 480 αὐθέντης
842 445 932 480 νόμων

148 491 210 521 τοὺς
230 490 296 522 ἃλας
318 491 384 525 ἡμῖν
406 490 469 521 τοὺς
491 489 622 524 θεοφιλεῖς
645 490 790 525 διαρρήδην
816 490 930 523 ἐδείκνυ,

147 534 257 567 τούτους
270 533 339 562 εἶναι
350 535 482 571 παριστὰς
494 536 557 567 τοὺς
569 535 689 570 φύλακας
698 536 752 562 τῶν
765 536 847 564 αὐτοῦ
862 545 932 573 παρ-

148 582 326 617 αγγελμάτων
339 590 345 597 ·
375 579 416 613 οἷς
429 582 478 608 καὶ
492 583 531 614 εἰς
550 582 694 618 πρόσωπον
711 581 814 616 ἔλεγεν·
833 583 930 618 ’Υμεῖς

148 628 218 655 ἐστε
235 628 270 655 τὸ
283 628 360 661 ἅλας
376 627 431 662 τῆς
444 627 510 663 γῆς.

490 685 528 711 IE'
546 683 611 720 (96).

183 740 251 775 Φησὶ
264 739 318 776 γάρ
328 748 335 756 ”
352 740 424 772 Πᾶς,
437 740 470 772 ὃς
489 739 527 766 ἂν
538 740 710 774 ὁμολογήσῃ
724 739 759 766 ὲν
770 739 845 774 ἐμοὶ,
862 740 932 774 ὁμο-

149 784 345 819 λογηθήσεται
359 784 486 811 ἐνώπιον
500 783 558 810 τῶν
578 783 720 818 ἀγγέλων.
738 785 781 815 Ὠς
808 783 862 820 γὰρ
880 783 932 817 ,ἐπὶ

148 830 290 865 ἡγεμόνων
301 830 348 856 καὶ
363 829 504 864 βασιλέων,
519 830 534 856 ὁ
552 829 602 864 τῆς
622 829 692 864 ὲμῆς
714 829 849 864 βασιλείας
865 830 932 865 γνή-

150 884 204 906 σιος
218 875 384 910 στρατιώτης
395 874 676 910 πεπαρῤησιασμένως
685 874 733 909 τὴν
743 875 782 906 είς
795 874 844 910 ἐμὲ
854 876 932 910 ποιή-

151 928 225 945 σεται
245 919 400 954 ὁμολογίαν,
422 919 491 946 οὕτω
515 919 592 954 κάγὼ
613 920 657 946 τὸν
683 920 800 947 τοιοῦτον
820 920 931 956 ἀμειϐό-

152 974 229 1001 μενος
245 965 314 992 κατὰ
330 965 375 992 τὸν
399 966 448 1000 τῆς
471 967 542 1002 ἐμῆς
555 966 693 1001 βασιλείας
708 967 811 1002 καιρὸν,
828 966 932 1002 μάρτυς

149 1011 222 1047 αὐτῷ
239 1013 447 1047 παραστήσομαι
475 1013 524 1047 τῆς
552 1012 680 1044 εὐσεϐοῦς
704 1012 859 1048 ὁμολογίας,
882 1012 932 1044 τὰς

149 1058 296 1089 ἐνστάσεις,
326 1058 372 1084 καὶ
393 1057 441 1093 τὴν
462 1058 628 1093 παρρησίαν,
655 1058 702 1085 καὶ
720 1057 768 1093 τὴν
784 1057 931 1093 ὑπομονὴν,

149 1103 235 1130 καὶτὸ
250 1103 350 1130 τέλειον
360 1103 409 1138 τῆς
421 1103 489 1138 πρὸς
497 1102 562 1130 Θεὸν
573 1102 691 1138 ἁγᾶπης,
707 1103 769 1134 τούς
783 1111 811 1130 τε
824 1103 932 1135 λοιποὺς

149 1149 245 1180 ἄθλους
258 1148 307 1184 τῆς
325 1147 448 1183 φιλοθέου
461 1149 604 1183 στρατείας
617 1148 698 1175 αὑτοῦ
713 1148 826 1184 καταριο
831 1147 932 1183 μούμε-

149 1203 203 1226 νος,
219 1194 267 1221 καὶ
289 1194 338 1229 τὴν
362 1193 432 1229 ὑπὲρ
456 1193 538 1220 αὐτοῦ
568 1193 730 1230 συνηγορίαν
754 1194 932 1229 ποιησόμενος

148 1240 192 1266 ἐπὶ
205 1239 251 1266 τοῦ
267 1239 372 1275 Πατρός
387 1248 435 1273 μου
447 1238 494 1265 τοῦ
511 1240 685 1274 ἐνούρανοῖςθ
695 1239 794 1275 ταύτην
815 1239 932 1275 ἁμοιὸὴν

148 1284 270 1311 ἐντεῦθεν
283 1284 334 1319 ἤδη
354 1284 481 1319 παρέξειν
497 1284 697 1319 ἐπαγγέλλομαι
712 1286 768 1317 τοῖς
779 1286 854 1320 ἐμοῖς
868 1286 932 1320 ὀμο-

148 1330 274 1365 λογηταῖς
299 1330 346 1356 καὶ
369 1329 485 1365 μάρτυσι
513 1330 568 1361 τοῖς
595 1330 641 1356 ἐπὶ
658 1329 764 1356 πάντων
784 1329 932 1365 ἀνθρώπων

148 1374 434 1411 πεπαρρησιασμένως
466 1375 516 1410 τὴν
548 1374 616 1410 ἐμὴν
646 1375 832 1411 ἀνακηρύξασι
857 1375 932 1410 βασι-

147 1420 231 1448 λείαν.
246 1421 300 1447 Καὶ
312 1421 338 1446 τί
353 1421 376 1447 δ’
393 1420 426 1446 ἂν
440 1419 544 1454 γένοιτο
560 1421 763 1456 μακαριώτερον
779 1421 829 1456 τῆς
843 1420 932 1447 τοιαύ-

146 1475 196 1502 της
207 1466 387 1500 ὲπαγγελίας;
412 1466 443 1492 Τί
457 1465 479 1492 δ’
500 1465 533 1492 ἂν
554 1467 676 1501 κρεῖττον
698 1467 744 1493 καὶ
767 1466 933 1502 ἐνδοξότερον

147 1512 196 1538 τοῦ
210 1512 262 1547 πρὸ
277 1511 322 1538 τοῦ
338 1511 409 1537 Θείου
431 1511 551 1546 βήματος
563 1511 644 1538 αὑτὸν
665 1511 710 1538 τὸν
732 1513 863 1548 μονογενῆ
884 1512 932 1539 τοῦ

149 1558 217 1584 Θεοῦ
233 1557 316 1591 Λόγον
332 1557 510 1589 ἀναδέξασθαι
522 1557 571 1593 τὴν
594 1557 662 1593 ὑπὲρ
680 1557 758 1593 ἡμῶν
772 1558 931 1594 όμολογίαν;

981 313 1037 340 Deo
1052 312 1204 346 offerretur,
1232 314 1272 341 sic
1296 314 1388 342 dicens
1405 324 1410 342 :
1430 313 1464 340 Et
1484 323 1558 341 omne
1577 323 1671 343 munus
1683 318 1762 343 sacri-

980 359 1034 393 ﬁcii
1051 359 1127 386 vestri
1147 359 1202 386 sale
1217 360 1362 388 candielur.
1393 360 1424 387 Et
1446 361 1489 387 ille
1504 360 1611 395 quidem
1629 361 1763 388 sensibili-

981 403 1030 432 bus
1055 404 1213 439 corporibus
1233 405 1290 432 luee
1313 405 1371 432 ﬁeri
1391 405 1547 433 mandabat.
1576 406 1612 433 At
1631 413 1760 433 novarum

981 455 1075 478 auctor
1098 451 1186 485 legum
1209 451 1264 478 sale
1283 451 1361 478 nobis
1376 451 1500 478 homines
1521 451 1576 479 Deo
1598 459 1676 480 caros
1699 460 1761 487 per—

981 496 1073 531 spicue
1087 497 1197 524 denotat
1210 497 1243 529 “,
1267 497 1316 524 hos
1331 498 1520 525 mandatorum
1544 505 1654 525 suorum
1668 499 1762 525 obser-

981 546 1088 570 vatores
1109 549 1169 569 esse
1192 541 1338 583 afﬁrmans.
1358 542 1460 575 Quibus
1482 542 1563 570 etiam
1580 543 1689 571 aiebat:
1711 543 1761 570 γοι

980 589 1041 615 cui:
1056 588 1096 616 sal
1110 593 1186 616 terra:
1201 588 1236 615 ".

1345 676 1402 704 XV.
1524 649 1547 671 .

981 742 985 763 τ
1015 743 1062 770 Ait
1088 743 1178 770 enim:
1207 743 1361 778 Quicunque
1383 743 1517 778 confessus
1545 744 1624 778 fuerit
1648 745 1679 772 de
1703 753 1761 777 me.

982 788 1110 823 confessio
1132 790 1163 816 de
1183 798 1213 817 eo
1235 790 1280 824 ﬁet
1305 799 1394 817 coram
1420 790 1519 825 angelis
1533 791 1566 818 ³⁸.
1587 791 1666 818 Sicut
1688 792 1761 818 enim

983 834 1053 868 apud
1075 834 1156 861 duces
1174 842 1304 869 regesque
1327 835 1374 867 ﬁt,
1396 835 1440 862 ille
1462 836 1507 869 qui
1529 835 1580 862 mei
1601 835 1677 870 regni
1697 836 1762 862 ﬁde-

981 878 1014 905 lis
1031 879 1107 906 miles
1123 880 1292 907 conﬁdenter
1312 881 1345 907 de
1370 888 1413 908 me
1435 881 1631 908 confessionem
1657 881 1762 913 fecerit.

982 924 1054 951 hunc
1067 932 1116 958 ego
1134 925 1250 952 vicissim
1269 933 1458 958 remunerans,
1473 927 1548 962 regni
1563 927 1613 954 mei
1632 931 1761 961 tempore,

984 971 1058 997 testis
1069 971 1093 997 ei
1116 971 1197 998 adero
1213 971 1344 1006 religiosa:
1359 972 1564 1005 confessionis;
1583 980 1685 1007 pugnas
1700 980 1762 1007 per-

982 1021 1068 1048 actas,
1094 1016 1176 1043 animi
1200 1015 1386 1049 alacritatem,
1421 1018 1589 1052 patientiam,
1616 1018 1761 1052 perfectam

981 1069 1044 1095 erga
1066 1061 1149 1088 Deum
1171 1062 1340 1094 cltarilalem,
1361 1068 1387 1089 et
1404 1063 1502 1097 reliqua
1520 1063 1572 1090 Deo
1585 1064 1686 1090 devotae
1704 1063 1762 1098 ejus

981 1107 1084 1134 militia:
1106 1109 1257 1135 certamina
1285 1113 1462 1142 computans,
1487 1109 1566 1143 eique
1588 1110 1762 1143 patrocinans

982 1153 1051 1186 apud
1077 1152 1182 1178 Patrem
1207 1160 1295 1179 meum
1323 1152 1368 1187 qui
1392 1153 1419 1179 in
1442 1153 1518 1180 caelis
1540 1160 1592 1181 est.
1621 1154 1696 1181 Hanc
1721 1162 1763 1180 re-

983 1197 1155 1225 tributionem
1168 1198 1224 1232 jam
1243 1206 1314 1226 nunc
1337 1198 1458 1232 spondeo
1479 1207 1522 1226 me
1545 1199 1669 1227 daturum
1695 1207 1762 1227 con-

982 1243 1131 1271 fessoribus
1153 1244 1320 1278 testibusque
1355 1244 1445 1277 meis,
1472 1245 1517 1279 qui
1542 1252 1633 1272 coram
1658 1246 1764 1272 cunctis

982 1288 1136 1317 horninibus
1164 1289 1334 1317 conﬁdenter
1364 1298 1453 1317 meum
1481 1291 1689 1325 prmdicaverint
1721 1299 1764 1318 re-

982 1343 1075 1369 gnum.
1098 1335 1166 1368 Quid
1189 1343 1272 1370 porro
1297 1336 1402 1363 beatius
1430 1336 1481 1364 hac
1504 1337 1682 1370 promissione
1704 1336 1762 1364 ﬁeri

982 1379 1092 1413 potest?
1111 1379 1180 1411 Quid
1205 1381 1300 1407 melius
1313 1381 1352 1408 vel
1367 1381 1521 1416 gloriosius,
1541 1389 1622 1416 quam
1643 1386 1706 1408 ante
1721 1381 1763 1408 di‘

982 1425 1074 1451 vinum
1094 1425 1212 1452 tribunal
1227 1426 1395 1461 unigenitum
1411 1426 1499 1461 ipsum
1521 1427 1567 1454 Dei
1586 1426 1704 1454 Verbum
1719 1427 1764 1453 fa-

983 1469 1104 1497 ciendam
1131 1470 1269 1505 suscipere
1291 1472 1323 1499 de
1341 1471 1420 1499 nobis
1441 1472 1662 1500 confessionem?
1683 1478 1763 1508 atque

983 1516 1049 1543 adeo
1067 1523 1150 1550 opere
1169 1517 1309 1551 praemium
1332 1518 1418 1545 nostri
1441 1518 1474 1545 de
1495 1526 1528 1545 eo
1550 1518 1694 1546 testimonii
1716 1526 1764 1546 ox-

981 1560 1085 1593 hibere,
1100 1561 1163 1588 dum
1182 1561 1209 1588 in
1228 1562 1287 1595 ipsa
1309 1563 1386 1590 testis
1406 1563 1446 1590 sui
1465 1563 1552 1590 anima
1574 1568 1710 1596 versatur,
1730 1571 1763 1591 ac

148 1604 222 1638 ἔργῳ
234 1612 263 1630 τε
274 1603 323 1638 τῆς
340 1603 491 1639 μαρτυρίας
505 1603 554 1639 τὴν
574 1603 691 1638 ἀμοιϐὴν
709 1603 887 1637 ἐνδείξασθαι,
904 1607 933 1632 ὲν

983 1606 1065 1632 veluti
1090 1606 1117 1633 in
1140 1613 1234 1634 sancto
1254 1607 1353 1642 templo
1373 1608 1398 1634 in
1417 1609 1510 1636 eadem
1534 1609 1658 1636 habitat?
1680 1610 1762 1644 Atqui

148 1650 216 1685 αὐτῇ
236 1649 307 1684 ψυχῇ
332 1649 379 1676 τοῦ
407 1649 628 1685 μαρτυρουμένου
642 1649 796 1685 γενόμενον,
819 1651 864 1677 καὶ
879 1650 934 1679 ὥσ-

149 1703 201 1730 περ
214 1695 243 1721 ὲν
259 1695 329 1730 ἁγίῳ
348 1694 405 1729 ναῷ
425 1695 454 1721 ἐν
468 1694 542 1729 αὐτῷ
563 1695 780 1731 κατοικήσοντας
802 1695 888 1722 Τοῦτο
911 1695 933 1722 δ’

149 1740 194 1768 οὗν
214 1741 390 1776 ἐπήγγελται,
405 1741 435 1767 οὐ
462 1740 607 1777 παρέργως
633 1741 726 1768 εἰπών·
744 1741 933 1776 Ὀμολογήσω

149 1786 228 1821 κάγὼ
243 1787 278 1813 ἐν
290 1786 382 1819 αὐτῷ·
397 1787 428 1812 οὐ
441 1786 494 1822 γὰρ
514 1786 566 1818 ἔξω
579 1795 630 1813 που
641 1787 782 1822 τυγχάνων
797 1787 843 1813 τοῦ
863 1796 933 1823 μαρο

150 1832 326 1868 τυρουμένου,
343 1832 399 1859 ἀλλ’
417 1834 445 1859 ὲν
460 1833 534 1868 αὐτῷ
548 1832 676 1865 κατοικῶ,
692 1833 738 1859 καὶ
753 1832 801 1868 τῆς
811 1832 934 1868 θεότητος

150 1878 230 1904 αὐτὸν
246 1878 357 1913 πληρῶν
369 1878 419 1914 τῆς
431 1879 511 1914 ἐμῆς,
527 1879 560 1905 δι’
575 1879 659 1914 αὐτῆς
673 1879 723 1914 τῆς
733 1878 872 1915 ἐνεργείας
885 1878 934 1914 τὴν

151 1924 178 1952 ὲν
192 1924 266 1959 αὐτῷ
284 1924 431 1960 ποιήσομαι
444 1925 599 1960 ὁμολογίαν.
634 1959 644 1966 μ

184 1992 258 2027 Πλὴν
283 1991 439 2027 ἐπιρρώσας
456 1991 554 2024 αὐτοὺς
569 1991 674 2018 ὲλπίσιν
689 1991 802 2025 ἀγαθαῖς
818 1990 862 2018 διὰ
885 1991 934 2027 τῆς

149 2037 281 2072 τοσαύτης
291 2037 467 2071 ἐπαγγελίας.
485 2037 642 2073 ἐπιστρέφει
661 2037 742 2063 πάλιν
755 2037 818 2069 τοὺς
835 2037 934 2069 αὐτοὺς

150 2082 182 2109 δι’
199 2082 314 2117 ἀπειλῆς
338 2081 526 2116 φοϐερωτέρας
540 2081 681 2116 ἐπιλέγων,
699 2082 750 2113 ὅτι,
769 2081 823 2108 Τὸν
844 2082 934 2115 ἀρνη-

151 2127 283 2162 σάμενον
308 2127 527 2160 ἀπαρνήσομαι.
542 2126 710 2160 Ἀναγκαίως
729 2126 757 2152 δὲ
773 2126 819 2153 καὶ
832 2127 933 2162 ταύτην

151 2173 240 2205 αὐτοῖς
257 2172 446 2199 ὲπανετείνατο
454 2171 501 2207 τὴν
517 2172 640 2207 ἀπειλὴν,
656 2172 693 2203 ὡς
707 2171 740 2198 ἂν
753 2171 790 2207 μὴ
803 2181 934 2208 καταφρο-

151 2220 259 2254 νήσαιεν
272 2219 322 2253 τῆς
343 2219 382 2250 εἰς
403 2218 483 2244 αὐτὸν
507 2217 660 2253 ὁμολογίας,
678 2217 794 2253 ἔμπαλιν
813 2218 840 2244 δὲ
860 2218 933 2250 ὅπως

152 2265 285 2300 φρίττοιεν
300 2264 348 2300 τὴν
361 2264 474 2300 ἄρνησιν
490 2264 537 2299 τῆς
554 2263 635 2290 αὐτοῦ
657 2264 816 2299 μαρτυρίας,
829 2264 871 2291 διὰ
884 2263 932 2299 τὴν

983 1651 1036 1679 hoc
1056 1652 1199 1686 promisit,
1230 1653 1301 1681 haud
1325 1661 1390 1681 casu
1422 1654 1537 1682 dicens:
1563 1654 1713 1689 Canﬁtebor
1738 1661 1761 1681 et

983 1705 1031 1732 ego
1051 1705 1119 1725 eunt.
1140 1698 1197 1726 Non
1223 1699 1295 1726 enim
1324 1701 1443 1734 alicubi,
1469 1707 1544 1728 extra
1565 1709 1626 1729 eum
1654 1701 1688 1729 de
1710 1709 1763 1736 quo

984 1743 1206 1777 confiteor,sunl.
1241 1745 1289 1772 sed
1319 1746 1344 1772 in
1377 1746 1435 1781 ipso
1457 1746 1571 1779 habito,
1594 1751 1675 1781 atque
1701 1755 1761 1773 eum

983 1788 1082 1816 deitate
1093 1796 1150 1816 mea
1166 1789 1312 1823 complens,
1329 1797 1377 1825 per
1391 1791 1476 1825 ipsam
1492 1790 1650 1823 elIicaciam,
1667 1797 1720 1824 qua
1735 1790 1761 1816 in

983 1833 1030 1861 iilo
1043 1841 1149 1869 operor,
1174 1835 1372 1863 confessionem
1395 1836 1429 1863 de
1445 1843 1476 1863 eo
1491 1843 1627 1870 peragam.

1019 1988 1164 2023 Postquam
1183 1988 1242 2016 illos
1263 1990 1354 2024 priore
1376 1989 1457 2017 ellato
1479 1989 1505 2017 in
1522 1990 1660 2026 egregiam
1686 1998 1760 2025 spem

983 2039 1125 2067 erexerat,
1152 2043 1248 2062 rursus
1274 2040 1392 2063 attentos
1417 2036 1483 2063 facit
1508 2043 1567 2068 eos.
1591 2036 1762 2064 terribiliori-

983 2080 1034 2107 bus
1051 2080 1132 2107 minis
1147 2081 1295 2108 admonens
1311 2081 1368 2108 fore
1390 2086 1419 2108 ut
1434 2082 1491 2117 ipse
1509 2088 1652 2117 negantem
1669 2090 1699 2110 se
1716 2091 1764 2110 ne-

985 2133 1039 2162 get.
1063 2127 1221 2155 Necessario
1250 2133 1339 2156 autem
1374 2129 1422 2157 has
1446 2137 1554 2164 quoque
1586 2130 1652 2165 ipsis
1676 2131 1763 2157 minus

985 2173 1111 2204 intendit,
1128 2180 1162 2200 ne
1177 2173 1244 2200 forte
1257 2174 1402 2208 aliquando
1414 2175 1552 2210 negligant
1572 2175 1660 2210 ipsum
1680 2176 1764 2203 conﬁ-

985 2219 1065 2251 teri,‘
1085 2218 1259 2253 vicissimque
1285 2223 1316 2246 ut
1344 2227 1442 2254 negare
1467 2227 1527 2247 eum
1552 2221 1764 2255 perhorrescant

985 2270 1095 2300 propter
1108 2271 1313 2293 consecuturam
1327 2267 1387 2302 ejus
1401 2267 1439 2294 rei
1457 2274 1574 2301 poenam,
1592 2274 1687 2301 nempe
1700 2267 1761 2300 quia

151 2310 383 2339 ἐπακολουθοῦσαν
397 2311 464 2345 αὐτῇ
481 2310 623 2345 τιμωρίαν,
642 2310 702 2345 ἥτις
713 2308 747 2345 ἦν
760 2310 790 2336 τὸ
807 2310 874 2346 πρὸς
884 2310 931 2337 τοῦ

984 2318 998 2337 a
1016 2310 1086 2339 Filio
1101 2311 1148 2338 Dei
1165 2311 1344 2346 negabuntur.
1358 2312 1473 2339 Perinde
1496 2319 1559 2338 vero
1574 2315 1615 2338 est
1631 2311 1722 2346 negari
1747 2319 1761 2337 a

152 2356 216 2382 Υίοῦ
227 2356 272 2382 τοῦ
288 2355 354 2383 Θεοῦ
366 2356 524 2391 ἀρνηθῆναι.
537 2356 648 2391 Ὅμοιον
664 2357 686 2382 δ’
699 2356 732 2382 ἂν
747 2356 788 2391 εἰή
804 2357 832 2382 τὸ
849 2357 932 2392 ἀρνη-

152 2402 229 2437 θῆναι
243 2401 295 2428 ὑπὸ
313 2401 359 2428 τοῦ
384 2402 490 2437 [ἰατρὸς
506 2402 545 2437 τῷ
569 2402 718 2437 ἀρνηθῆναι
744 2403 795 2429 ὑπὸ
819 2403 867 2437 τῆς
886 2402 931 2431 τοῦ

151 2448 216 2475 Θεοῦ
231 2448 336 2482 σοφίας,
349 2448 395 2474 καὶ
409 2448 447 2483 τῷ
459 2449 583 2475 ἐκπεσεῖν
600 2448 648 2482 τῆς
668 2447 749 2483 ζωῆς,
765 2447 860 2483 καὶτῷ
876 2457 934 2474 στε-

153 2494 267 2529 ρηϐἧναι
280 2492 327 2519 τοῦ
339 2492 436 2527 φωτὸς,
448 2492 495 2519 καὶ
508 2491 546 2526 τῷ
563 2491 671 2518 πάντων
681 2491 734 2518 τῶν
747 2491 856 2525 ἀγαθῶν
871 2491 934 2518 ἀπο-

151 2539 291 2574 ϐληοῆναι.
310 2539 346 2564 Τὸ
367 2538 394 2564 δὲ
417 2537 567 2564 καὶταῦτα
592 2538 680 2564 πάντα
699 2537 793 2563 παθεῖν
818 2537 932 2563 ἐνώπιον

151 2584 197 2610 τοῦ
208 2584 315 2618 [ἰατρὸς
326 2583 372 2610 τοῦ
386 2583 414 2610 ἐν
428 2585 484 2615 τοῖς
497 2583 629 2619 οὐρανοῖς,
644 2583 690 2610 καὶ
710 2583 755 2609 ἐπὶ
778 2583 832 2610 τῶν
852 2583 933 2617 ἀγγέ-

983 2356 1074 2390 Patre,
1101 2361 1182 2391 atque
1201 2364 1215 2383 a
1233 2357 1278 2384 Dei
1294 2357 1427 2392 sapientia
1450 2357 1552 2391 negari,
1575 2361 1601 2384 et
1618 2357 1673 2383 vita
1694 2356 1764 2382 exei-

984 2401 1058 2434 dere,
1076 2401 1188 2436 luceque
1204 2402 1315 2436 privari,
1330 2407 1358 2429 et
1379 2402 1451 2429 onmi
1466 2402 1535 2429 bono
1553 2401 1661 2436 depelli.
1678 2401 1763 2428 Porro

984 2447 1042 2474 luec
1061 2447 1150 2474 omnia
1167 2455 1257 2474 coram
1285 2447 1365 2474 Patre
1383 2447 1487 2475 caelesti
1511 2448 1625 2482 perpeti.
1650 2452 1676 2474 et
1703 2455 1762 2482 spe-

984 2492 1121 2519 ctantibus
1135 2492 1239 2528 angelis
1255 2493 1447 2527 propemodum
1465 2496 1526 2518 ante
1539 2492 1658 2519 divinum
1674 2492 1762 2526 ipsum

985 2538 1102 2564 tribuual
1118 2539 1303 2570 condemnari,
1320 2543 1346 2565 et
1362 2539 1432 2565 illius
1447 2546 1529 2573 regno
1545 2538 1654 2573 expelli,
1669 2538 1761 2573 quidni

986 2583 1081 2616 quovis
1101 2591 1207 2611 summo
1222 2583 1353 2618 supplicio
1377 2583 1453 2618 pejus
1474 2583 1534 2611 sit?

152 2631 205 2658 λων
232 2631 371 2666 μονονουχὶ
397 2632 460 2666 παρ’
478 2631 568 2663 αὐτοῖς
594 2632 647 2662 τοῖς
671 2630 753 2662 θείοις
772 2630 872 2665 βήμασι
911 2629 1122 2665 κατακριθέντας
1148 2631 1195 2658 καὶ
1222 2630 1389 2666 ἁποὸλήτους
1411 2631 1571 2666 γενομένους
1599 2630 1648 2666 τῆς
1679 2629 1762 2657 αὑτοῦ

152 2678 298 2713 βασιλείας,
317 2678 396 2710 ποίας
417 2679 467 2706 οὐκ
483 2678 514 2705 ἃν
531 2679 635 2714 γένοιτο
650 2679 738 2714 χεῖρον
761 2678 877 2713 ἐσχάτης
890 2678 1040 2714 τιμωρίας;

186 2779 209 2795 ³⁵
226 2781 290 2808 Lev.
307 2786 337 2813 ιι,
353 2778 394 2806 13.
435 2779 457 2796 ³⁸
477 2779 571 2808 Matth.
593 2787 621 2813 ν,
642 2780 685 2807 15.
723 2780 746 2795 ³⁸
761 2779 854 2807 Matth.
871 2787 898 2813 ι,
912 2779 956 2812 '52,
969 2780 1014 2808 35.

185 2879 242 2914 (96)
259 2879 325 2907 Coll.
343 2880 376 2908 A.
395 2879 413 2906 l'.
438 2879 499 2908 166.
515 2880 541 2907 b.
559 2881 623 2908 Cod.
639 2880 671 2907 L.
699 2881 712 2907 l'
744 2881 777 2908 94
800 2880 829 2908 ln
844 2886 917 2908 utro-

151 2922 201 2949 que
220 2915 312 2943 codice
326 2915 491 2950 praeponitur
501 2915 651 2950 fragmento
671 2915 766 2944 vtitul'us
781 2918 927 2944 Εὐσεϐίου

968 2882 1001 2915 β.
1020 2881 1208 2916 Cenem-stac,
1224 2888 1284 2908 cum
1305 2880 1469 2915 compendiis
1483 2881 1509 2911 in
1536 2884 1654 2912 secundo
1684 2891 1760 2912 voca.

982 2918 1054 2951 bulo,
1080 2921 1107 2944 ut
1130 2917 1154 2944 in
1179 2916 1390 2950 praecedentibus
1412 2917 1478 2945 dixi.
