2045 3215
130 211 182 239 669

803 212 847 241 DE
864 204 1093 241 ramentum;

1691 211 1744 239 670

130 269 202 303 τέρα
220 275 281 296 σου
297 269 345 296 καί
371 278 429 304 την
438 271 553 306 μητέρα
569 278 638 305 σου,
657 271 740 308 νόμῳ,
760 272 874 307 βεϐαιῶν
890 270 915 297 δὲ

968 277 1066 307 putrem
1081 276 1157 299 tuum
1175 280 1198 299 ει
1220 277 1329 299 utntrem
1345 271 1468 303 tuam";
1483 271 1535 298 imo
1554 275 1582 298 et
1604 271 1676 298 illam
1698 272 1744 299 llr-

133 315 259 342 κάκεϊνον
274 314 336 342 καὶ¹
351 316 614 352 ὲπισφραγιζόμενος
633 318 678 345 διὰ
693 318 744 352 τῆς
765 317 918 353 κρείττονος

133 361 179 387 καὶ
188 362 380 398 ἐντελεστέρας
389 363 497 399 ἐντολῆς
510 363 558 399 τῆς
572 364 618 390 τὸν
632 364 698 391 Θεὸν
711 364 741 396 ἐξ
752 364 815 398 ὅλης
830 363 918 398 ψυχῆς

133 407 243 442 ἀγαπᾷν
257 407 493 443 διακελευομένης.
504 409 614 445 Πατέρα
630 410 678 446 μὲν
686 410 739 445 γὰρ
755 409 801 436 καὶ
813 410 918 445 μητέρα

133 453 215 488 τιμᾷν
232 454 313 479 παντί
329 463 367 489 τῳ
387 454 501 489 νόμιμον
518 456 587 481 κατὰ
604 455 683 489 φύσιν
694 464 700 470 ·
725 456 799 486 ὄντος
818 455 845 481 δὲ
861 456 918 482 ἑτέ-

134 507 180 534 ρου
200 500 304 534 πατρὸς
327 500 373 526 τοῦ
393 501 438 527 καὶ
458 501 511 527 τῶν
533 502 733 536 γεγεννηκότων
755 502 916 538 κρείττονος,

134 545 233 578 αὐτούς
247 555 278 572 τε
292 546 527 581 ὁποστησαμένου,
545 545 578 582 ἦν
595 547 623 573 δὲ
640 543 716 579 οὗτος
745 548 761 573 ὁ
780 547 826 573 τοῦ
849 547 916 573 Θεοῦ

134 592 232 625 Λόγος,
259 593 273 619 ό
290 592 323 618 τὰ
343 592 726 628 προκείμενα.διαταττόμενος
739 613 746 625 ,
764 593 794 619 οὐ
819 593 917 628 χρῆναί

134 647 200 673 φησι
208 651 217 663 ι
228 638 279 664 ὑπε
285 638 406 674 ρϐάλλειν
423 641 454 674 τῇ
466 639 540 674 φιλίᾳ
548 640 610 670 τοὺς
623 639 652 665 τὸ
670 639 748 674 σῶμα
758 639 917 673 γεγεννηκό-

133 693 181 716 τας
208 685 255 710 τοῦ
276 685 326 714 τὴν
348 684 459 720 λογικὴν
486 685 709 720 ὐποστησαμένου
732 685 832 719 Λόγου·
851 685 918 712 ἀλλὰ

133 729 268 761 κάκείνοις
282 730 331 764 μὲν
340 730 609 766 προσφέρεσθαιτιμῇ
621 732 654 766 τῇ
664 731 747 766 πάσῃ,
761 731 876 757 διαθέσει
887 739 916 757 τε

133 773 164 809 ’ἑῇ
181 775 366 810 προηκούσῃ,
385 775 458 810 αὐτῷ
482 776 510 801 δὲ
531 776 750 811 ὑπερϐαλλόντως
766 776 796 802 τὸ
811 776 916 812 πρῶτον

133 819 280 854 ἀπονέμειν
297 819 386 850 σέϐας,
404 819 583 854 ὑπεραγαπᾷν
607 828 635 845 τε
657 820 703 845 καὶ
728 819 813 853 φιλεῖν
837 819 917 845 αὑτὸν

133 864 203 899 ὑπὲρ
220 864 323 895 πάντας
335 872 341 879 ·
358 864 394 895 ὡς
412 864 448 898 μὴ
467 865 606 890 κατοκνεῖν
615 865 647 890 δι’
664 865 744 891 αὐτὸν
758 865 803 891 καὶ
816 864 915 897 γονέων

132 909 237 935 ἀσεϐῶν
253 907 415 940 διίστασθαι,
428 909 473 934 καὶ
490 908 577 934 ἀθέων
594 908 713 943 ἀδελφῶν
728 908 915 944 ἀφορίζεσθαι,

132 952 206 984 υἱούς
222 962 251 979 τε
269 953 314 979 καὶ
334 952 485 988 θυγατέρας
501 954 728 989 ἀποστρέφεσθαι,
747 962 794 980 και
817 956 848 989 τῇ
869 954 915 980 τοῦ

134 997 218 1031 Λόγου
242 998 435 1033 τμητικωτάτῃ
466 999 586 1034 μαχαίρᾳ
607 998 708 1025 τούτων
733 1000 860 1026 ἁπάντων
883 1000 917 1026 τὰ

133 1042 234 1076 φυσικὰ
244 1042 398 1069 διακόπτειν
411 1043 519 1078 φίλτρα,
536 1044 560 1069 εἰ
574 1043 697 1079 ἐμποδών
712 1053 776 1070 ποτε
798 1045 917 1078 γένοιντο

132 1090 164 1124 τῇ
183 1089 247 1124 περὶ
262 1089 342 1115 αὐτὸν
357 1089 462 1116 εὐσεϐεῖ
475 1089 601 1116 διαθέσει,
624 1090 669 1116 Διὸ
687 1090 807 1126 ἀκριϐῶς
828 1091 856 1116 ἐν
877 1089 916 1125 τῷ

133 1134 264 1167 Ματθαίῳ
281 1134 332 1169 ἔφη
345 1143 351 1149 ·
374 1135 400 1160 '0
420 1134 516 1169 φιλῶν
535 1135 646 1169 πατέρα
668 1136 686 1169 ’ἢ
707 1136 819 1170 μητέρα
841 1136 915 1170 ὑπὲρ

131 1179 183 1212 ἐμὲ
197 1181 253 1206 οὐκ
268 1180 333 1206 ἔστι
345 1189 404 1214 μου
417 1179 513 1212 ἄξιος·
529 1181 620 1216 χώραν
634 1181 684 1216 μὲν
697 1181 750 1216 γὰρ
763 1182 805 1208 διὰ
815 1182 916 1207 τούτων

117 1238 120 1242 ~
132 1225 179 1251 καὶ
193 1227 249 1256 τοῖς
263 1225 301 1260 τῷ
313 1226 385 1259 γένει
405 1227 570 1261 προσήκουσι
586 1226 729 1258 διαθέσεως
750 1227 916 1262 κατελίμπα-

132 1279 175 1296 νεν
185 1280 191 1286 ·
205 1271 275 1306 ὑπὲρ
283 1271 362 1297 αὐτὸν
373 1271 401 1297 δὲ
415 1271 503 1297 οὐκέτ’
517 1273 606 1303 αὐτοῖς
620 1273 765 1307 συνεχώρει
775 1272 913 1307 τιμᾶσθαι,

131 1316 189 1342 οὐδὲ
209 1316 253 1343 διὰ
269 1316 317 1352 τὴν
334 1317 373 1348 είς
394 1317 438 1342 τὸν
455 1319 561 1353 πατέρα
579 1318 654 1350 αἰδῶ,
677 1319 693 1353 ἣ
718 1319 766 1353 τῆς
785 1319 915 1353 τεκούσης

132 1362 222 1393 ἕνεκα,
240 1362 256 1396 ἢ
273 1363 413 1398 χάριν-τῆς
428 1361 503 1398 ’πρὸς
527 1364 560 1390 τὰ
579 1365 693 1398 φίλτατα
714 1365 839 1400 στοργῆς,
857 1364 915 1396 ἐξό-

134 1407 249 1442 μιωσθαι
269 1408 318 1443 τὴν
337 1409 418 1435 αὑτοῦ
442 1410 542 1443 φιλίαν,
560 1410 626 1437 ἀλλὰ
643 1411 727 1445 φιλεῖν
746 1411 794 1445 μὲν
821 1411 915 1437 κάκεί-

132 1461 204 1486 νους,
221 1453 260 1485 ὡς
271 1455 317 1480 καὶ
332 1455 379 1480 τοῦ
405 1456 453 1490 τῆς
470 1456 575 1489 φύσεως
591 1457 671 1491 νόμου
702 1457 747 1482 καὶ
772 1457 818 1483 τοῦ
843 1457 915 1485 θείου

131 1498 212 1532 λόγου
219 1499 296 1525 τοῦτο
307 1500 508 1536 διαγορεύοντος
520 1510 526 1516 ·
545 1502 625 1537 μέχρι
639 1503 666 1528 δὲ
679 1503 804 1529 τοσούτου
817 1504 913 1538 φιλεῖν,

134 1545 233 1579 μέχρις
244 1545 287 1571 ὅτε
302 1547 382 1581 μηδὲν
394 1547 577 1574 καταϐλάπτει
600 1549 615 1583 ἡ
634 1549 696 1583 περὶ
713 1550 809 1582 αὐτοὺς
826 1550 914 1577 διάθε-

134 1597 177 1620 σις
191 1588 239 1624 τὴν
260 1590 326 1625 πρὸς
348 1591 393 1616 τὸν
415 1591 481 1617 Θεὸν
507 1591 655 1618 εὐσέϐειαν.
680 1593 711 1618 El
736 1593 765 1620 δὲ
795 1595 914 1629 μέλλοιεν

967 1600 1007 1622 est
1028 1595 1174 1621 animarum
1188 1594 1267 1621 Pater
1285 1603 1292 1621 τ

132 1634 257 1669 ἐμποδών
275 1640 338 1661 ποτε
357 1633 428 1662 οὗτοι
445 1636 566 1670 γίνεσθαι
578 1638 633 1669 τοῖς
646 1637 693 1673 τῆς
711 1638 865 1670 Οεοσεῧείας
878 1640 917 1666 νό-

134 1689 204 1714 μοις,
222 1681 403 1716 προτιμητέος
419 1682 432 1705 ὁ
449 1682 503 1709 τῶν
517 1684 609 1719 ψυχῶν
625 1684 720 1719 Πατήρ
731 1693 737 1699 ·
753 1682 828 1715 οὗτος
839 1685 866 1711 δὲ
883 1683 917 1721 ἧν

132 1726 212 1757 αὐτὸς
229 1726 243 1751 ὁ
258 1726 305 1752 τοῦ
326 1727 394 1755 θεώ
412 1728 496 1762 Λόγος
507 1731 520 1756 ὸ
535 1730 620 1756 ταῦτα
637 1730 856 1765 διακελευόμενος
871 1731 918 1757 καὶ

132 1772 292 1807 νομοθετῶν
306 1773 359 1801 δεῖν
370 1775 433 1806 τοὺς
449 1775 529 1801 αὑτοῦ
548 1775 714 1810 στρατιώτας
731 1776 800 1810 ὑπὲρ
815 1776 916 1807 πάντας

132 1821 194 1852 τοὺς
207 1821 246 1856 τῷ
258 1821 330 1855 γένει
343 1822 528 1856 προσήκοντας
543 1822 621 1847 αὐτὸν
638 1822 756 1856 ἀγαπᾷν,
772 1822 839 1857 μηδὲ
853 1831 918 1857 προ-

132 1867 214 1901 τιμᾷν
230 1867 281 1901 τῆς
305 1867 370 1901 περὶ
386 1866 466 1892 αὑτὸν
478 1866 624 1898 διαθέσεως
646 1867 744 1902 φίλτρα
768 1867 875 1902 σαρκῶν
900 1868 916 1902 ἢ

134 1914 267 1949 σωμάτων
293 1914 460 1948 συγγενείας.
490 1914 556 1939 Τότε
574 1914 601 1939 δὲ
621 1913 665 1939 καὶ
688 1915 703 1948 ή
733 1914 851 1949 μάχαιρα
870 1915 915 1940 τοῦ

133 1959 199 1986 Θεοῦ
214 1961 230 1994 ἡ
247 1959 451 1994 τμητικωτάτη,
465 1959 527 1990 τοὺς
551 1959 675 1991 ἀναξίους
693 1960 745 1985 ἀπὸ
770 1960 823 1985 τῶν
835 1960 916 1993 ἀξίων

132 2004 325 2037 διακόπτουσα,
341 2004 420 2030 διέλοι
439 2005 471 2031 ἂν
492 2004 603 2033 δικαίως
619 2004 673 2029 τῶν
692 2005 728 2040 μὴ
750 2004 853 2031 ἀσεϐῶν
866 2005 915 2040 (4⁸)

132 2050 235 2083 γονέων
248 2051 312 2081 τοὺς
327 2050 447 2081 εὐσεϐεῖς
460 2049 623 2085 ἀφορίζουσα
643 2050 725 2080 υἱούς.
735 2050 868 2082 Ὡσαύτως
879 2060 917 2077 τι-

135 2095 233 2130 μητέον
259 2095 307 2121 καὶ
330 2095 484 2129 ἀγαπητέον
500 2095 574 2125 υἱοὺς
597 2095 643 2120 καὶ
662 2094 813 2130 θυγατέρας
824 2096 915 2131 νόμοις

133 2140 251 2174 φύσεως,
268 2142 299 2167 οὑ
318 2141 371 2176 μὴν
396 2141 460 2167 ὥσθ’
475 2140 568 2167 ἕνεκεν
584 2140 686 2167 τούτων
702 2141 829 2175 ἐξάρνους
843 2142 916 2176 γίνε-

132 2186 194 2213 σθαι
206 2187 255 2221 τῆς
281 2187 345 2222 περὶ
365 2186 445 2212 αὑτὸν
461 2186 604 2221 ὁμολογίας
615 2195 621 2201 ·
648 2186 778 2222 μεγίστης
790 2195 818 2212 τε
833 2195 916 2222 τιμω-

133 2233 193 2267 ρίας
205 2232 380 2267 ἀπιλητικὴν
397 2233 536 2267 προήκατο
559 2232 649 2267 φωνὴν
671 2232 753 2259 εἰπὼν
775 2232 843 2260 κατὰ
866 2234 915 2269 μὲν

968 325 1044 345 matis
1061 317 1202 353 sigilloqne
1225 317 1350 344 muniens
1364 324 1412 351 per
1431 316 1527 344 melius
1545 316 1743 352 perfectiusque

967 368 1128 398 pmceptutn
1148 370 1201 396 quo
1228 362 1310 390 Deum
1336 366 1391 388 tota
1421 361 1511 388 anima
1537 360 1649 395 diligere
1666 361 1744 396 jube-

968 416 1028 435 tnur
1039 408 1072 434 ".
1089 407 1155 435 Nam
1176 413 1278 442 patrem
1301 407 1408 442 quidem
1429 411 1594 440 matremque
1610 406 1744 435 honorare

968 454 1079 488 quilibet
1095 455 1173 481 homo
1187 450 1245 489 lege
1271 460 1372 480 naturzn
1387 452 1474 480 debet.
1488 451 1540 479 Sed
1561 459 1621 478 cum
1639 458 1665 479 et
1676 453 1744 481 alius

967 504 1043 533 pater
1067 500 1101 525 sit
1123 500 1292 534 gignentibus
1307 498 1410 531 melior,
1433 497 1478 531 qui
1504 500 1531 524 et
1557 497 1605 524 bos
1631 498 1741 530 creavit,

967 553 1062 579 nempe
1085 546 1167 579 ipsum
1189 545 1233 572 Dei
1250 544 1377 574 Verbum.
1396 545 1439 579 qui
1459 545 1583 578 praedicta
1605 544 1742 579 praecepit,

967 599 1019 617 non
1035 596 1158 624 oportere
1180 591 1213 616 ait
1243 591 1343 624 majore
1362 590 1455 617 aﬂ‘ectu
1481 590 1604 625 prosequi
1624 590 1743 624 corporis

967 636 1111 670 genitores,
1124 644 1203 669 quam
1220 635 1283 662 illud
1299 636 1368 670 quod
1384 636 1539 662 rationalem
1552 640 1654 669 partem
1666 636 1743 662 nobis

968 681 1064 707 indidit
1083 680 1198 707 Verbum
1213 689 1219 706 :
1233 680 1278 706 sed
1294 685 1320 706 et
1335 680 1385 706 illis
1402 687 1508 706 omnem
1530 680 1657 706 honorem
1678 687 1742 706 cou-

967 726 1175 760 venientemque
1195 725 1318 752 allectum
1339 726 1477 757 exhibere,
1496 730 1522 752 et
1543 725 1596 752 Deo
1615 725 1743 752 eximium

967 779 998 799 ac
1020 772 1168 806 principale
1197 771 1308 798 reddere
1330 772 1499 805 obsequium,
1525 772 1664 806 ipsumque
1689 778 1744 805 pra!

966 818 1093 844 omnibus
1113 825 1204 843 amare
1219 824 1250 843 ac
1269 816 1395 850 diligere;
1410 817 1446 843 ita
1466 821 1494 842 ut
1509 817 1618 843 minime
1635 822 1744 843 cuncte-

967 871 1038 894 mur,
1055 871 1136 889 causa
1160 863 1217 896 ejus
1240 871 1252 889 a
1269 862 1424 896 parentibus
1450 862 1538 896 impiis
1562 862 1702 893 dissidere,
1718 866 1745 888 et

968 910 1001 936 ab
1023 910 1178 943 irreligiosis
1195 909 1321 935 fratribus
1337 909 1471 943 separari,
1492 909 1613 942 ﬁliosque
1632 912 1657 934 et
1678 907 1744 934 ﬁlias

967 956 1095 985 aversari,
1109 954 1242 988 Verbique
1260 954 1416 980 acutissimo
1440 953 1527 987 gladio
1550 953 1668 979 omnium
1694 953 1742 979 bo-

968 1009 1026 1028 rum
1049 1001 1186 1028 naturales
1207 1001 1350 1035 praecidere
1378 1000 1543 1029 alieniiones,
1563 1000 1583 1025 si
1603 999 1671 1025 forte
1695 1006 1743 1025 nos

968 1055 982 1074 a
996 1048 1040 1081 pio
1053 1055 1116 1082 erga
1141 1047 1223 1074 Deum
1247 1054 1338 1073 amore
1363 1046 1520 1080 impediant.
1537 1045 1744 1078 Diserteitaque

968 1094 1036 1127 apud
1061 1093 1214 1120 lllatlltmnm
1243 1093 1309 1119 dixit
1325 1101 1331 1118 :
1347 1092 1398 1124 Qui
1426 1097 1495 1118 unult
1510 1096 1608 1125 palrem
1624 1095 1668 1116 aut
1686 1099 1743 1116 ma—

967 1145 1033 1166 trem
1055 1140 1113 1174 plus
1137 1147 1215 1173 quam
1236 1147 1286 1170 me,
1308 1147 1358 1164 non
1377 1142 1414 1164 est
1436 1146 1475 1163 me
1490 1138 1584 1171 dignus
1596 1137 1628 1162 ⁵ο.
1643 1137 1744 1170 Quippe

966 1187 1009 1214 ltis
1041 1185 1139 1216 verbis,
1169 1185 1256 1211 locum
1287 1184 1412 1218 relinquit
1441 1183 1524 1209 amori
1551 1190 1657 1217 quoque
1681 1189 1742 1216 erga

966 1237 1066 1265 genere
1086 1230 1242 1264 proximos;
1260 1230 1306 1256 sed
1323 1234 1410 1255 tamen
1427 1228 1498 1254 haud
1515 1228 1599 1262 magis
1617 1230 1695 1261 quatit
1715 1233 1744 1253 se

967 1276 1092 1303 honorari
1111 1275 1252 1302 concedit:
1271 1282 1357 1308 neque
1379 1279 1488 1309 propter
1508 1274 1593 1307 patris
1616 1273 1743 1299 matri5vc

968 1321 1157 1353 reverentiam,
1183 1326 1228 1347 aut
1253 1321 1458 1347 carissimorum
1482 1319 1619 1350 allectum,
1637 1318 1743 1352 eiurare

967 1369 1014 1396 Dei
1047 1368 1210 1399 amicitiam;
1231 1367 1276 1394 sed
1298 1370 1324 1392 et
1350 1366 1410 1392 illos
1429 1365 1550 1400 diligere,
1569 1364 1693 1398 quoniam
1717 1363 1744 1389 id

970 1420 1024 1442 tum
1040 1413 1083 1441 lex
1101 1418 1279 1445 naturae,tum
1291 1412 1336 1439 Dei
1353 1411 1462 1438 verbum
1478 1410 1591 1444 jubenl;
1609 1414 1635 1435 et
1648 1408 1744 1434 nihilo-

967 1460 1055 1486 minus
1074 1466 1166 1486 amare
1184 1463 1307 1487 eatenus,
1327 1461 1458 1491 quatenus
1480 1463 1541 1490 erga
1569 1455 1617 1481 hos
1637 1454 1744 1480 dilectio

967 1505 1031 1532 nihil
1053 1505 1174 1539 religioni
1194 1504 1247 1531 Deo
1269 1504 1364 1531 debila:
1384 1509 1472 1530 nocet.
1493 1503 1568 1535 Quod
1587 1501 1608 1528 si
1627 1500 1696 1528 forte.
1718 1500 1743 1527 hi

967 1549 1159 1584 impedimento
1175 1549 1239 1575 ﬁant
1255 1548 1391 1583 religionis
1413 1547 1526 1582 legibus,
1542 1546 1745 1580 anteponendas

1318 1598 1376 1620 erat
1397 1598 1486 1620 autem
1513 1593 1572 1624 ltie,
1594 1593 1678 1626 ipsum
1698 1592 1743 1618 Dei

970 1639 1084 1666 Verbum
1102 1640 1158 1666 luce
1172 1638 1329 1673 praecipiens
1345 1643 1371 1665 et
1386 1638 1434 1665 has
1450 1637 1520 1671 leges
1538 1641 1658 1663 statuens
1672 1645 1678 1662 :
1695 1636 1743 1662 de-

968 1686 1032 1712 bere
1054 1685 1158 1712 scilicet
1176 1685 1274 1711 militcs
1294 1692 1357 1711 suos
1368 1691 1447 1718 supra
1462 1690 1556 1710 omnes
1569 1689 1666 1717 genere
1678 1688 1744 1707 con-

965 1730 1073 1764 junctos
1094 1730 1180 1764 ipsum
1203 1737 1294 1756 amare
1322 1736 1371 1756 nec
1394 1728 1529 1755 dilectioni
1549 1734 1603 1754 suae
1622 1726 1744 1753 carnales

968 1775 1080 1803 allectus
1097 1782 1252 1810 praeponere
1267 1774 1309 1802 vel
1329 1781 1470 1807 corporum
1488 1772 1742 1806 consanguinitates.

968 1821 1044 1848 Tunc
1064 1826 1152 1847 autem
1180 1821 1283 1855 gladius
1314 1819 1360 1846 Dei
1386 1819 1558 1846 acutissimus
1586 1818 1707 1852 indignos
1728 1826 1742 1844 ιι

969 1868 1057 1900 dignis
1076 1867 1246 1900 praecidenda
1270 1866 1342 1899 jnste
1363 1868 1493 1895 secernet,
1510 1864 1544 1890 ab
1562 1864 1650 1897 impiis
1666 1863 1744 1889 nitui-

968 1919 1025 1938 rum
1050 1911 1206 1946 parentibus
1236 1911 1294 1945 pios
1314 1910 1381 1936 lilios
1398 1916 1537 1943 separatis.
1561 1907 1692 1934 Similiter
1716 1907 1743 1934 itt

968 1958 1054 1991 pretio
1066 1957 1180 1984 habendi
1202 1960 1264 1982 sunt
1281 1960 1362 1989 atque
1381 1954 1488 1981 amandi
1507 1953 1553 1980 ﬁlii
1569 1952 1683 1987 ﬁliaeque
1697 1961 1738 1979 na-

968 2010 1033 2030 turae
1047 2002 1118 2037 lege;
1133 2009 1183 2028 non
1197 2001 1231 2027 ita
1248 2006 1346 2033 tamen,
1360 2004 1387 2026 ut
1400 2000 1494 2026 lterum
1512 2006 1593 2025 causa
1608 1998 1743 2026 Christum

966 2048 1087 2075 conﬁteri
1101 2054 1263 2074 recusemus.
1279 2045 1441 2079 Maximique
1457 2044 1578 2079 supplicii
1592 2051 1682 2071 vocem
1702 2044 1743 2070 in-

965 2085 1050 2122 dicem
1067 2094 1256 2128 pronuntiavit,
1269 2093 1330 2119 dntu
1342 2092 1533 2119 aitsecundum
1551 2091 1648 2118 Lucam
1662 2099 1669 2117 :
1684 2089 1746 2118 Non

965 2145 1047 2175 potest
1059 2149 1130 2167 meus
1145 2148 1198 2166 esse
1209 2139 1352 2173 discipulus
1372 2138 1411 2170 είς
1435 2138 1580 2164 secundum
1597 2145 1659 2164 vero
1679 2137 1745 2164 Mat-

968 2187 1063 2213 lha'um
1074 2195 1080 2212 :
1092 2185 1151 2212 Non
1168 2190 1203 2211 est
1220 2193 1259 2212 me
1275 2184 1368 2218 dignus
1380 2183 1412 2212 “.
1423 2183 1605 2217 Siquidemqui
1623 2183 1680 2210 haec
1692 2184 1746 2209 aie-

965 2233 1021 2263 bat,
1030 2231 1093 2257 illud
1103 2231 1186 2264 ipsuttt
1198 2234 1255 2256 erat
1265 2228 1428 2263 unigenitum
1437 2227 1552 2255 abinitio
1562 2227 1607 2254 Dei
1618 2227 1743 2258 Verbum,

133 2266 251 2309 ltouxa'w,
269 2266 309 2304 Ol)
324 2266 449 2305 δύτιαταί
463 2266 524 2311 μου
546 2266 784 2313 εἶναιγμαϐητής·
802 2266 872 2306 κατᾶ
886 2280 914 2306 δὲ

967 2278 1036 2312 quod
1053 2281 1094 2303 est
1110 2277 1177 2307 vita,
1189 2274 1329 2309 sapientia,
1355 2274 1411 2306 lux,
1428 2278 1454 2300 et
1475 2273 1593 2300 omnium
1616 2272 1744 2299 bonorum

132 2322 280 2354 Ματθαῖον,
297 2324 357 2350 Οὐκ
370 2323 435 2350 ἔστι
454 2331 513 2357 μου
530 2322 628 2355 ἄξιος·
642 2324 720 2358 εἴπερ
734 2324 748 2349 ὁ
764 2323 847 2350 ταῦτα
869 2324 913 2350 λέ-

132 2376 189 2402 γων
200 2367 279 2399 αὐτὸς
291 2369 393 2399 ἐκεῖνος
407 2366 441 2403 ἦν
457 2369 472 2394 ὁ
486 2369 514 2394 ἐν
534 2369 603 2404 ἀρχῇ
622 2369 767 2404 μονογενὴς
782 2370 827 2396 τοῦ
845 2370 912 2397 Θεοῦ

966 2323 1099 2351 cumulus.
1116 2321 1187 2356 Ergo
1207 2320 1289 2348 dictio
1303 2329 1309 2347 ε
1327 2319 1388 2346 Non
1397 2324 1433 2346 est
1449 2327 1488 2345 me
1502 2319 1605 2353 dignus,
1617 2318 1685 2344 idem
1698 2324 1745 2343 va-

966 2370 1088 2405 letquod,
1099 2368 1156 2395 Non
1164 2367 1215 2394 erit
1224 2367 1274 2393 vita
1284 2373 1368 2400 neque
1380 2365 1431 2392 alio
1438 2364 1555 2399 quolibet
1563 2363 1633 2390 bono
1640 2363 1745 2397 dignus.

133 2416 228 2450 Λόγος,
240 2416 319 2447 αὐτὸς
338 2415 375 2442 ῶν
397 2417 414 2451 ἡ
440 2416 496 2451 ζωὴ
510 2417 555 2442 καὶ
571 2418 587 2451 ἡ
605 2416 683 2449 σοφία
693 2418 738 2443 καὶ
754 2417 784 2443 τὸ
800 2418 856 2452 φῶς
871 2421 917 2446 καὶ
950 2420 980 2446 τὸ
1001 2419 1109 2446 πάντων
1135 2415 1242 2450 ἀγαθῶν
1277 2415 1425 2449 πλήρωμα·
1449 2412 1478 2438 τὸ
1503 2411 1578 2445 γοῦν,
1598 2411 1658 2437 Οὐκ
1679 2410 1747 2437 ἐστι

129 2472 188 2498 μου
201 2463 296 2496 ἄξιος,
307 2464 399 2498 ὅμοιον
416 2463 448 2491 ἂν
460 2463 501 2499 εἴη
515 2464 563 2498 τῷ,
589 2464 645 2490 Οὐκ
663 2465 695 2490 ἂν
718 2465 822 2498 γένοιτο
838 2466 920 2502 ’ζωῆς
939 2468 1022 2500 ἄξιος,
1036 2465 1089 2493 οὐδ’
1101 2464 1179 2491 ἄλλου
1197 2462 1268 2494 τινος
1280 2460 1392 2495 ἀγαθοῦ.

168 2509 325 2536 Ἐπιτείνων
338 2510 366 2536 δὲ
380 2510 443 2541 τοὺς
450 2510 500 2544 τῆς
508 2509 596 2544 ψυχῆς
607 2510 708 2542 τόνους,
718 2511 826 2546 καὶτῆς,
835 2512 872 2544 ὡς
885 2512 917 2539 ἂν

133 2555 203 2581 dmi.
219 2563 271 2586 τις,
287 2555 483 2590 στρατιωτικῆς
501 2555 573 2581 κατά
583 2555 647 2581 Θεὸν
660 2555 785 2590 ἀνδρείας
801 2557 850 2592 τὴν
866 2557 917 2592 ῥώ-

136 2608 187 2635 μην
197 2599 392 2635 ἀναζωπυρῶν,
407 2600 536 2634 ἐπιλέγει·
550 2600 604 2628 Kal
617 2600 650 2633 ὃς
667 2602 702 2627 οὐ
713 2600 852 2632 ,ϐαστάζει
865 2602 917 2628 τὸν

134 2646 266 2680 σταυρὸν
278 2646 372 2673 αὐτοῦ
386 2646 434 2673 καὶ
450 2647 565 2681 ἔρχεται
581 2647 676 2673 ὀπίσω
692 2656 762 2680 μου,
778 2648 813 2673 οὐ
829 2647 917 2673 δύνα-

134 2691 180 2718 ταί
192 2700 252 2726 μου
267 2690 343 2719 εἶναι
353 2692 487 2726 μαθητής
496 2693 539 2718 ὀὺ
549 2693 602 2729 γὰρ
613 2692 842 2728 πατέρων,φησὶν,
857 2693 916 2719 οὐδὲ

136 2737 272 2772 μητέρων,
287 2737 347 2763 οὐδὲ
360 2737 436 2771 υἱῶν,
450 2738 511 2764 οὐδὲ
523 2738 678 2773 θυγατέρων
687 2734 771 2772 ’μόνον
784 2738 916 2772 προτιμᾶ-

137 2782 197 2810 σθαι
213 2784 346 2819 προσήκει
356 2783 405 2819 τὴν
421 2784 489 2820 ἐμὴν
502 2784 601 2818 φιλίαν,
615 2784 682 2810 ἀλλὰ
698 2783 745 2810 καὶ
760 2782 806 2809 τοῦ
826 2782 916 2818 σώμα-

135 2835 178 2859 τος
189 2827 285 2861 αὐτοῦ,
302 2830 350 2856 καὶ
366 2829 450 2865 αὐτῆς
464 2829 528 2864 ὅλης
541 2830 589 2865 τῆς
603 2829 770 2865 προσκαίρου
784 2828 865 2864 ζωῆς.
880 2829 916 2855 Τὸ

168 2885 191 2901 ³³
202 2874 288 2913 Eirod.
306 2895 350 2919 ιι,
368 2887 412 2914 12.
449 2887 470 2903 ³³
483 2887 576 2914 Matth.
592 2894 662 2918 xxtt,
676 2886 721 2914 57.
758 2886 781 2902 “
794 2886 915 2919 Mattlu,

967 2905 972 2912 .
1010 2886 1032 2901 ⁸¹
1046 2885 1109 2912 Luc.
1123 2891 1176 2914 xiv.
1191 2882 1237 2910 26-
1272 2883 1293 2898 "
1309 2883 1404 2911 Matth.
1418 2891 1446 2917 Χ,
1460 2883 1504 2911 57.

1005 2512 1062 2539 Jam
1081 2518 1143 2537 vero
1167 2508 1345 2536 corroborans
1367 2506 1462 2532 animae
1483 2508 1580 2531 nostrae
1595 2510 1702 2535 nervos,
1717 2500 1745 2528 οἱ

969 2556 1103 2589 militaris,
1119 2559 1147 2581 ut
1161 2555 1198 2581 ita
1209 2553 1307 2585 dicam,
1324 2551 1468 2578 secundum
1487 2550 1568 2577 Deum
1581 2549 1745 2576 fortitudinis

968 2603 1040 2630 vires
1054 2601 1198 2628 incendens
1209 2619 1215 2631 ,
1227 2597 1315 2632 pergit
1334 2596 1425 2623 dicere
1438 2603 1445 2621 :
1459 2595 1492 2622 Et
1510 2595 1554 2629 qui
1572 2603 1623 2620 non
1643 2593 1745 2628 bajulat

969 2655 1070 2675 crucem
1085 2653 1159 2673 suam
1179 2650 1203 2671 ει
1220 2643 1285 2670 venit
1301 2646 1360 2676 post
1372 2649 1421 2674 me,
1438 2649 1489 2668 non
1500 2645 1581 2674 potest
1606 2648 1676 2666 meus
1691 2647 1745 2666 esse

968 2692 1111 2727 discipulus
1122 2691 1154 2717 ”.
1170 2690 1227 2716 Non
1251 2688 1321 2715 enim
1337 2688 1459 2721 patribus
1482 2690 1581 2713 tantum
1597 2693 1629 2713 ac
1648 2685 1744 2712 matri-

970 2740 1029 2770 bus,
1057 2737 1118 2764 ﬁliis
1145 2736 1303 2768 ﬁliabusque
1330 2738 1494 2767 anteponere
1519 2731 1615 2763 debet,
1640 2731 1742 2765 inquit,

968 2791 1087 2811 amorem
1110 2781 1174 2812 mei,
1198 2781 1245 2807 sed
1262 2785 1289 2807 et
1311 2779 1416 2812 corpori
1438 2778 1556 2813 proprio,
1571 2781 1598 2803 et
1613 2777 1745 2804 universa:

969 2829 1032 2855 huic
1049 2826 1187 2862 temporali
1205 2825 1277 2852 vitaz.
1289 2824 1391 2858 Corpus
1404 2824 1494 2859 igitur,
1510 2831 1564 2858 quo
1574 2831 1644 2851 nunc
1655 2823 1744 2850 anima

1553 2882 1575 2899 ⁵³
1590 2882 1654 2912 ibid.
1672 2882 1715 2911 58.

169 2934 222 2967 (6')
240 2932 288 2960 Vel
303 2933 443 2961 delendum
455 2933 502 2967 μή,
520 2933 560 2960 vel
581 2932 721 2966 legendum
735 2932 864 2964 εὐσεϐῶν,
883 2932 915 2960 n'u

967 2932 1023 2960 talis
1037 2931 1125 2966 legere
1140 2931 1201 2965 μήν.
1219 2929 1295 2957 Eutr.
