2045 3215
316 189 365 217 ϐἨ

668 188 802 216 EUSEBII
821 188 1057 216 CESARIENSIS
1075 188 1150 216 OPP.
1170 187 1259 215 PARS
1278 187 1323 215 ιν.
1338 203 1375 209 ——
1390 187 1601 217 DOGMATICA.

1878 188 1925 215 372

319 247 477 279 includitur.
493 246 652 280 crucifigere
675 250 792 279 oportet,
807 249 834 271 et
857 245 937 272 veluti
964 250 1098 273 mortuum

1151 244 1216 279 γοῦν
1234 245 1322 280 σῶμα,
1339 245 1354 271 ὃ
1368 244 1521 279 περίκειται
1535 245 1581 272 νῦν
1592 245 1609 280 ἡ
1625 243 1707 281 ψυχὴ,
1723 244 1921 280 ἀνασταυρῶσαι

317 293 435 326 etilcere,
450 292 534 320 clavis
550 291 715 325 conﬂgentes
727 291 797 318 illius
806 291 966 326 cupiditates
981 296 1008 319 et
1024 299 1098 320 mor-

318 339 461 372 tillcantes,
479 338 547 366 adeo
572 342 599 365 ut
623 345 675 364 non
691 337 814 364 videatur
830 337 966 364 viventem
982 337 1099 365 circum-

320 385 390 413 ferre
412 392 530 418 carnem,
543 384 590 411 sed
616 382 788 417 exstinctam,
805 389 832 411 et
844 383 943 411 divinis
959 384 1099 418 praeceptis

321 430 488 458 transfixam.
525 429 611 462 Atque
643 428 680 454 ita
703 428 807 461 anima,
835 434 895 463 quae
915 428 967 455 alia
993 433 1099 456 constat

318 475 468 502 substantia
496 473 655 507 incorporea
679 476 707 499 et
735 472 932 506 intellectuali,
959 472 1099 500 victoriale

320 526 449 555 tropaeum
464 519 594 546 adversus
606 519 698 546 hostes
713 519 834 552 erigens,
851 526 951 552 corpus
975 526 1024 546 ceu
1041 526 1099 546 cru-

318 574 377 593 cem
394 563 570 592 circumferre
584 563 720 596 videatur,
744 568 772 590 et
793 568 929 590 tuortuum
951 562 1033 590 veluti
1056 563 1098 589 in-

317 615 496 642 strumentum
525 614 635 645 gestans
661 608 844 644 subsequatur
868 609 1001 637 rationem
1032 609 1097 645 (seu

318 655 446 690 Verbum)
476 655 597 690 praeclari
627 655 713 682 instar
732 655 827 682 militis
842 654 888 689 qui
917 655 1037 682 victoria:
1066 656 1099 683 de

317 701 440 728 hostibus
465 700 607 728 manubias
622 704 708 735 gerat.
726 699 781 727 Nisi
797 700 871 727 enim
888 700 939 728 hoc
959 702 1039 728 modo
1054 709 1098 729 se-

317 750 415 781 quatur
429 753 483 777 me,
499 745 596 780 inquit,
611 745 758 779 discipulus
777 752 877 780 corpus
898 753 976 772 suum
992 751 1021 772 et
1037 753 1099 773 car-

319 800 380 819 nem
396 791 573 823 mortificans,
586 796 611 818 et
625 791 701 826 quasi
715 790 865 818 exanimem
881 792 1025 826 quamdam
1041 799 1099 819 cru-

316 845 377 864 cem
397 836 449 863 sibi
473 836 624 871 imponens,
639 836 748 863 minime
772 837 807 863 sit
833 844 920 870 neque
935 845 995 864 esse
1012 837 1098 872 possit

318 890 361 909 me
382 882 487 916 dignus.
512 881 624 908 Culmen
645 881 735 915 itaque
760 882 937 916 philosophici
953 884 1036 910 moris
1057 884 1098 911 his

317 927 408 953 verbis
429 930 614 960 repra‘seutat,
639 926 786 961 discipulos
804 934 867 954 suos
885 932 1011 962 tanquam
1026 929 1100 956 viros
1116 917 1136 944 Β

318 973 448 1000 militares
467 972 501 1000 ad
530 972 666 1008 fastigium
687 973 796 1000 virtutis
823 974 1004 1001 conscendere
1033 975 1102 1002 invi-

318 1025 386 1048 tans.

353 1066 485 1099 Quoniam
510 1073 562 1094 non
588 1065 673 1093 solum
693 1065 752 1100 plus
767 1074 847 1101 quam
873 1071 975 1101 patrem
995 1075 1026 1094 ac
1045 1075 1101 1094 ma-

318 1115 386 1138 trem
398 1116 425 1138 et
437 1111 546 1142 liberos,
564 1117 659 1137 verum
678 1110 759 1138 etiam
781 1111 840 1145 plus
861 1119 942 1146 quam
962 1113 1100 1146 proprium

317 1165 427 1192 corpus,
443 1157 590 1185 amicitiam
613 1157 697 1191 ipsius
721 1158 908 1184 aestimandam
930 1165 990 1186 esse
1003 1159 1101 1186 docue-

318 1209 379 1236 rat;
394 1211 446 1230 uno
459 1203 546 1230 adhuc
569 1203 683 1238 reliquo,
701 1203 788 1237 magis
801 1203 882 1230 etiam
907 1212 986 1236 quam
1003 1213 1101 1240 corpus

317 1248 483 1280 necessario,
507 1248 534 1275 id
559 1253 601 1275 est
623 1248 731 1281 anima;
762 1256 915 1276 sermonem
946 1250 1098 1284 intendens,

318 1294 351 1321 de
365 1294 415 1320 hac
425 1300 530 1328 quoque
545 1293 580 1320 ita
595 1293 701 1321 locutus
711 1299 753 1321 est
769 1303 776 1320 :
793 1294 845 1327 Qui
856 1303 908 1321 non
924 1295 1006 1322 oderit
1022 1296 1099 1323 etiam

319 1339 434 1365 animum
449 1347 534 1370 suout,
550 1347 602 1364 non
614 1344 698 1373 potest
714 1348 784 1367 metu
800 1348 855 1367 esse
877 1341 1030 1375 discipulus.
1050 1341 1098 1368 Se-

318 1384 435 1411 cundum
455 1391 519 1411 vero
546 1383 701 1411 Matthmum
728 1394 735 1412 :
757 1385 809 1417 Qui
832 1386 957 1413 invenerit
984 1386 1100 1413 animum

319 1437 405 1461 suam,
418 1430 506 1463 perdet
520 1438 576 1456 eam
591 1438 600 1456 :
614 1435 637 1456 et
651 1431 696 1464 qui
708 1439 765 1457 eam
778 1431 921 1462 perdiderit
933 1436 1038 1467 propter
1048 1441 1098 1465 me,

319 1475 429 1502 ἱιιυειιὶει
445 1476 544 1503 eam“.
559 1475 618 1502 Non
636 1476 708 1503 enim
724 1477 800 1509 mihi,
814 1477 910 1512 inquit,
925 1478 958 1506 de
981 1479 1099 1507 exterio-

319 1521 393 1548 ribus
414 1528 505 1549 sermo
525 1526 577 1551 est,
596 1529 683 1556 neque
707 1522 741 1549 de
766 1524 922 1557 parentibus
946 1528 974 1551 et
995 1524 1097 1557 liberis,

318 1566 364 1593 sed
378 1574 411 1593 ne
424 1566 456 1593 de
472 1567 529 1600 ipso
548 1567 656 1602 quidem
670 1575 782 1602 corpore
798 1573 826 1596 et
845 1576 927 1596 carne
950 1570 1000 1598 hac
1021 1570 1099 1598 facile
1112 1583 1134 1612 (ι

319 1613 500 1647 corruptibili,
521 1621 581 1648 quae
598 1621 693 1648 parum
710 1622 807 1642 curare
819 1615 911 1649 jubeo,
927 1616 989 1643 dum
1004 1621 1098 1643 contra

317 1666 374 1692 pra:
388 1659 514 1687 omnibus
539 1660 565 1687 in
589 1660 677 1694 pretio
694 1660 795 1690 habere
807 1668 946 1688 sermones
961 1669 1036 1690 meos
1050 1662 1098 1689 ad-

318 1703 422 1730 hortor.
440 1703 492 1731 Sed
507 1704 631 1738 quamvis
645 1704 734 1731 anima
753 1705 898 1739 pretiosior
913 1707 1037 1734 omnibus
1053 1708 1097 1740 sit,

318 1749 353 1776 ita
370 1755 398 1777 ut
412 1750 478 1777 nihil
492 1750 588 1777 melius
604 1751 736 1785 quispiam
751 1751 859 1784 habeat,
878 1751 940 1779 huic
955 1753 1003 1787 ipsi
1024 1761 1099 1781 crea-

317 1799 359 1822 tor
374 1795 433 1830 ejus
455 1797 660 1830 anteponendus
672 1801 731 1829 est;
750 1798 786 1824 ita
803 1802 832 1825 ut
859 1797 882 1825 si
911 1802 1014 1833 tempus
1030 1799 1099 1827 forte

317 1842 408 1876 exigat
419 1842 483 1869 huic
497 1850 606 1877 quoque
618 1850 671 1869 non
696 1850 817 1877 parcere,
832 1850 946 1878 eamque
962 1844 1044 1872 exitio
1060 1846 1099 1880 (ut

316 1887 490 1922 hypotbetice
508 1888 613 1924 loquar)
629 1896 678 1923 pro
699 1889 747 1916 Dei
763 1889 836 1916 cultu
853 1890 971 1922 tradere,
987 1891 1013 1918 id
1030 1899 1094 1925 quo—

316 1940 369 1967 que
381 1935 439 1961 sine
451 1934 618 1963 dubitatione
638 1936 770 1970 agendum
784 1936 829 1964 sit.
848 1936 953 1964 Etenim
967 1938 1015 1965 soli
1033 1938 1096 1972 Deo,

317 1979 448 2012 perditam
472 1981 544 2014 (dico
567 1988 616 2016 per
635 1982 816 2017 hypothesim)
843 1982 928 2017 ipsius
944 1991 1024 2012 causa
1040 1985 1097 2011 ani-

319 2032 389 2052 mam
403 2033 562 2061 recuperare
577 2032 604 2054 et
618 2027 741 2055 invenire
757 2029 885 2063 possibile
900 2035 951 2057 est.
971 2030 1036 2058 Nam
1053 2032 1097 2066 qui

317 2077 377 2097 eam
396 2078 526 2105 nusquam
549 2072 721 2099 exsistentem
745 2073 832 2107 primo
857 2074 993 2109 formavit,
1019 2081 1046 2103 et
1064 2084 1097 2103 ex

319 2123 372 2142 non
388 2120 511 2143 exstante
526 2117 675 2144 subsistere
688 2116 764 2150 fecit,
782 2118 853 2145 haud
872 2120 957 2154 impos
973 2121 1026 2148 erit
1038 2129 1097 2148 eam

317 2169 349 2188 ex
366 2162 503 2189 hominum
531 2163 667 2190 consortio
683 2164 799 2198 pulsam,
822 2169 849 2191 et.
866 2165 900 2193 de
920 2166 970 2193 hac
991 2167 1097 2194 mortali

319 2208 372 2234 vita
391 2207 524 2240 abactam,
544 2215 637 2235 rursus
662 2209 695 2235 ad
718 2209 827 2237 luminis
857 2218 936 2237 auras
960 2219 1096 2241 revocare.

1150 291 1294 325 προσήκει,
1309 291 1355 316 καὶ
1366 290 1459 326 ὥσπερ
1476 290 1571 326 νεκρὸν
1583 289 1797 326 ἀπεργάσασθαι,
1809 289 1922 324 καθηλώ-

1150 343 1249 366 σαντας
1263 334 1345 361 αὑτοῦ
1361 335 1394 362 τὰ
1408 335 1480 370 πάθη
1498 336 1544 362 καὶ
1560 334 1813 371 ἀπονεκρώσαντας,
1825 334 1861 366 ὼς
1874 343 1922 370 μηο

1149 379 1208 406 κέτι
1224 380 1310 406 δοκεῖν
1322 380 1411 413 ζῶσαν
1429 381 1586 416 περιφέρειν
1606 380 1705 416 σάρκα,
1717 379 1784 406 ἀλλὰ
1803 387 1923 415 νενεκρω-

1151 424 1243 460 μένην,
1260 425 1306 451 καὶ
1316 426 1374 456 τοῖς
1381 425 1462 457 θείοις
1477 425 1686 461 παραγγέλμασι
1698 424 1921 461 πεπερονημένην·

1148 470 1218 497 ὥστε
1235 471 1284 506 τὴν
1298 471 1395 507 ψυχὴν,
1409 472 1503 508 ἐτέρας
1513 471 1596 499 οὖσαν
1612 472 1705 503 οὐσίας
1719 471 1769 506 τῆς
1785 470 1922 506 ἀσωμάτου

1150 517 1196 543 καὶ
1210 518 1316 552 νοερᾶς,
1331 518 1459 553 τρόπαιον
1483 519 1640 553 νικητήριον
1664 518 1724 544 κατ’
1742 516 1845 553 ἐχθρῶν
1862 517 1923 551 ἐγεί-

1150 573 1258 599 ρουσαν,
1279 564 1309 590 τὸ
1330 563 1409 599 σῶμα
1434 564 1548 600 σταυρὸν
1571 564 1657 591 δοκεῖν
1686 563 1852 599 περιφέρειν,
1880 564 1922 590 καὶ

1149 609 1243 644 νεκρὸν
1251 609 1343 645 ὥσπερ
1355 610 1468 646 ὄργανον
1484 610 1690 646 ἀχθηφοροῦσαν
1703 610 1818 638 ἕπεσθαι
1828 609 1866 646 τῷ
1884 610 1924 637 λό-

1149 664 1190 691 γῳ
1205 655 1281 692 δίκην
1294 656 1417 690 γενναίου
1434 656 1597 692 στρατιώτου
1617 657 1650 683 τὰ
1665 657 1778 693 βραδεῖα
1793 656 1840 692 τῆς
1853 656 1923 691 νίκης

1149 701 1209 727 κατ’
1224 700 1326 736 ἐχθρῶν
1343 702 1579 737 ὲπικομιζομένου.
1594 703 1625 728 El
1648 702 1702 737 γὰρ
1721 702 1757 737 μὴ
1776 701 1867 728 τοῦτον
1884 702 1924 727 τὸν

1148 748 1247 783 τρόπον
1263 747 1436 783 ἀκολουθήσει
1454 757 1510 783 μοι,
1529 749 1620 784 φησὶν,
1635 750 1649 776 ὁ
1664 749 1726 784 ἐμοὶ
1749 747 1925 784 μαθητευόμες

1149 801 1203 824 νος,
1216 793 1246 819 τδ
1260 792 1356 819 ἑαυτοῦ
1375 793 1455 828 σῶμα.
1477 794 1524 820 καὶ
1542 794 1591 829 τὴν
1610 794 1698 830 σάρκα.
1717 792 1866 829 νεκρώσας,
1882 792 1925 822 καὶ

1149 835 1203 864 οἷόν
1215 847 1272 864 τινα
1288 838 1401 872 σταυρὸν
1413 838 1513 874 ἄψυχον
1523 839 1708 874 περιθέμενος,
1725 838 1776 865 οὐκ
1788 837 1820 864 ἂν
1831 836 1925 872 γένοιτό

1152 892 1200 919 μου
1220 884 1303 916 ἄξιος,
1316 885 1375 911 οὐδὲ
1386 884 1491 913 δύναιτο
1505 882 1574 910 εἶναι
1589 884 1719 920 μαθητής.
1739 883 1886 919 Ἀκρότητα
1898 881 1924 909 δὲ

1152 929 1198 956 καὶ
1211 929 1254 956 διὰ
1263 930 1364 958 τούτων
1378 930 1521 966 φιλοσόφου
1534 930 1633 966 τρόπου
1650 930 1781 966 παρίστη,
1797 930 1858 960 τοὺς
1880 927 1924 955 σὺ·

1151 974 1197 1001 τοῦ
1226 974 1349 1010 μαθητὰς
1364 973 1409 1002 οἶα
1429 975 1637 1011 στρατιωτικοὺς
1658 974 1758 1010 ἄνδρας
1784 974 1827 1000 ἐπ’
1849 971 1926 1008 ἄκρον

1151 1020 1249 1055 ἀρετῆς
1261 1021 1385 1047 σπεύδειν
1398 1021 1624 1057 προκαλούμενος.

1187 1067 1224 1103 (ὅ)
1247 1067 1315 1094 Ἀλλ’
1339 1067 1430 1103 ἐπειδὴ
1452 1067 1553 1103 πατρὸς
1575 1068 1623 1094 καὶ
1647 1066 1748 1102 μητρὸς
1769 1065 1816 1092 καὶ
1831 1063 1925 1091 τέκνων

1151 1113 1181 1139 οὐ
1198 1113 1286 1148 μόνον,
1311 1113 1378 1140 ἀλλὰ
1400 1114 1447 1139 καὶ
1471 1113 1517 1140 τοῦ
1541 1113 1665 1149 σώματος
1687 1111 1773 1140 αὐτοῦ
1798 1110 1924 1146 προτιμᾷν

1151 1158 1199 1193 τὴν
1216 1158 1297 1184 αὑτοῦ
1315 1159 1403 1193 φιλίαν
1416 1158 1543 1191 ἐδίδαξεν,
1555 1159 1613 1190 ἑνὸς
1625 1158 1654 1184 δὲ
1668 1157 1761 1184 λοιπὸν
1778 1156 1818 1182 ἔτι
1831 1155 1926 1182 λείπον-

1151 1211 1196 1234 τος
1210 1203 1256 1230 τοῦ
1273 1204 1319 1230 καὶ
1334 1203 1387 1230 τῶν
1411 1203 1542 1238 σωμάτων
1565 1202 1791 1238 ἀναγκαιοτέρου,
1808 1199 1884 1227 τοῦτο
1897 1198 1925 1234 δὴ

1149 1245 1183 1283 ἦν
1200 1249 1215 1284 ἡ
1237 1248 1323 1284 ψυχή·
1343 1249 1483 1276 ἐπιτείνων
1505 1249 1551 1275 τὸν
1572 1248 1660 1283 λόγον,
1678 1249 1725 1275 καὶ
1744 1247 1810 1283 περὶ
1833 1245 1926 1280 ταύτης

1150 1294 1276 1325 τοιαύτας
1292 1295 1460 1330 προὺφέρετο
1476 1294 1575 1329 φωνὰς,
1591 1295 1632 1321 ὅτι
1653 1294 1684 1320 ὐ
1705 1293 1748 1328 μὴ
1773 1291 1869 1328 μισῶν
1882 1289 1926 1317 καί

1150 1338 1206 1373 τὴν
1221 1339 1328 1366 ἑαυτοῦ
1340 1339 1445 1373 ψυχὴν
1456 1341 1491 1366 οὑ
1503 1340 1627 1367 δύναταί
1632 1348 1692 1374 μου
1703 1336 1924 1373 εἷναιμαθητήςυ

1150 1383 1220 1410 κατὰ
1234 1385 1263 1411 δὲ
1274 1384 1319 1410 τὸν
1330 1385 1478 1417 Ματθαῖον,
1502 1385 1533 1411 '0
1546 1384 1640 1419 εὑρὼν
1653 1384 1711 1419 τὴν
1723 1383 1831 1419 ψυχὴν
1841 1381 1925 1410 αὑτοῦ

1149 1430 1292 1457 ἀπολέσει
1314 1430 1424 1464 αὐτήν·
1442 1431 1491 1458 καὶ
1513 1432 1529 1458 ὁ
1541 1430 1693 1463 ἀπολέσας
1715 1429 1814 1465 αὐτὴν
1830 1429 1926 1456 ἕνεκεν

1149 1474 1231 1508 ἐμοῦ,
1243 1474 1363 1508 διψήσει
1379 1475 1484 1508 αὑτήν.
1501 1476 1538 1502 Οὐ
1554 1475 1608 1511 γὰρ
1625 1475 1688 1511 περὶ
1703 1475 1758 1502 τῶν
1781 1474 1856 1506 ἐκτός
1872 1481 1922 1509 μοι.

1150 1520 1234 1555 φησιν
1250 1522 1264 1546 ὁ
1287 1521 1376 1555 λόγος,
1399 1521 1458 1548 οὐδὲ
1478 1523 1541 1557 περὶ
1565 1523 1664 1556 γονέων
1683 1521 1731 1548 καὶ
1746 1521 1858 1552 τέκνων,
1873 1519 1924 1546 ἀλλ’

1149 1566 1210 1592 οὐδὲ
1231 1567 1295 1602 περὶ
1314 1566 1395 1593 αὑτοῦ
1418 1567 1465 1593 τοῦ
1490 1567 1612 1602 σώματος
1636 1568 1681 1594 καὶ
1703 1567 1753 1602 τῆς
1783 1566 1924 1602 εὑφθάρτου

1150 1612 1250 1648 ταύτης
1266 1613 1375 1648 σαρκὸς,
1382 1610 1418 1639 ὧν
1426 1613 1457 1649 δὴ
1467 1613 1574 1639 ἔλαττον
1583 1613 1734 1649 φροντίζειν
1746 1612 1925 1649 παρακελεύο-

1151 1667 1210 1694 μαι,
1228 1660 1274 1686 xui.
1290 1659 1341 1695 πρὸ
1357 1660 1464 1687 πάντων
1479 1660 1561 1695 τιμᾷν
1574 1659 1638 1691 τοὺς
1647 1660 1732 1696 ἐμοὺς
1752 1659 1849 1694 λόγους
1860 1667 1923 1694 παρ-

1150 1704 1233 1735 αινῶ·
1253 1705 1309 1732 ἀλλ’
1325 1706 1393 1741 ὅπερ
1422 1706 1479 1732 ἐστὶ
1503 1706 1611 1733 πάντων
1630 1705 1795 1742 τιμιώτερον
1814 1706 1831 1741 ἡ
1847 1704 1925 1740 ψυχὴ,

1148 1748 1182 1786 ἦς
1194 1751 1244 1776 οὐκ
1259 1750 1291 1777 ἂν
1314 1751 1418 1785 γένοιτό
1432 1760 1459 1777 τι
1481 1753 1603 1787 κρεῖττον
1618 1752 1734 1786 ἑκάστῳ,
1758 1751 1807 1778 καὶ
1833 1750 1926 1785 ταύτης

1150 1797 1232 1832 αὐτῆς
1247 1796 1300 1829 δέοι
1315 1796 1347 1823 ἂν
1361 1797 1406 1824 τὸν
1428 1797 1541 1834 ποιητὴν
1565 1799 1648 1834 αὐτῆς
1671 1799 1824 1834 προτιμᾷν·
1839 1797 1883 1829 ὡς,
1904 1796 1926 1823 εί

1150 1843 1244 1878 καιρός
1259 1851 1323 1869 ποτε
1339 1843 1488 1877 καλέσειεν,
1509 1844 1653 1880 ἀφειδῆσαι
1673 1844 1720 1871 καὶ
1732 1844 1845 1880 ταύτης,
1856 1843 1925 1870 ἀπω-

1149 1886 1207 1921 λείᾳ
1231 1895 1260 1912 τε
1277 1887 1370 1923 αὐτὴν,
1395 1887 1433 1919 ὡς
1453 1888 1481 1914 ὲν
1503 1888 1627 1915 ὑποθέσει
1643 1888 1722 1922 λόγου
1742 1890 1841 1920 εἰπεῖν,
1862 1887 1925 1922 ὑπὲρ

1149 1932 1287 1964 εὐσεϐείας
1297 1933 1363 1959 Θεοῦ
1378 1933 1553 1969 παραδοῦναι,
1566 1935 1613 1961 καὶ
1624 1935 1702 1962 τοῦτο
1717 1935 1771 1971 χρὴ
1788 1933 1924 1971 προθύμως

1150 1978 1307 2013 ὑπομένειν·
1323 1980 1364 2005 ὅτι
1388 1980 1459 2015 μόνῳ
1480 1979 1538 2015 Θεῷ
1554 1981 1601 2007 καὶ
1616 1981 1675 2016 τὴν,
1693 1981 1731 2013 ὡς
1752 1983 1783 2009 ὲν
1799 1980 1928 2011 ὑποθέσει,

1149 2022 1316 2050 ἀπολωλυῖαν
1326 2023 1358 2049 δι’
1370 2018 1449 2050 αὖε-ὸν
1461 2025 1548 2060 ψυχὴν
1561 2025 1780 2053 ἀνακαλέσασθαι
1796 2027 1842 2053 καὶ
1855 2026 1927 2052 ἀνευ-

1151 2068 1204 2103 ρεῖν
1220 2068 1340 2098 δυνατόν.
1359 2069 1389 2096 '0
1401 2069 1455 2105 γὰρ
1472 2071 1595 2106 μηδαμοῦ
1610 2071 1740 2107 μηδαμῶς
1753 2070 1836 2099 οὖσαν
1849 2070 1927 2107 αὐτὴν

1149 2114 1278 2150 πρότερον
1295 2115 1527 2152 ὑποστησάμενος,
1544 2118 1590 2143 καὶ
1605 2118 1637 2144 ἐκ
1651 2118 1697 2144 τοῦ
1715 2119 1752 2154 μὴ
1764 2118 1840 2150 ὄντος
1851 2118 1888 2149 εἰς
1899 2116 1926 2142 τὺ

1150 2158 1218 2186 εἶναι
1235 2160 1410 2196 παραγαγὼν,
1424 2161 1473 2188 οὐκ
1488 2161 1521 2188 ἂν
1542 2163 1582 2198 εἴη
1600 2163 1730 2195 ἀδύνατος
1744 2163 1925 2199 ἀπολλυμένην

1149 2205 1231 2240 αὐτὴν
1247 2205 1275 2237 ἐξ
1292 2206 1450 2242 ἀνθρώπων,
1473 2207 1519 2233 καὶ
1535 2208 1566 2234 ὲκ
1588 2207 1634 2234 τοῦ
1651 2208 1745 2244 θνητοῦ
1761 2209 1819 2244 βίου
1834 2209 1926 2242 ἀφανι-

318 2253 384 2280 Nam
398 2253 469 2287 quod
486 2254 620 2288 perditum
635 2254 697 2286 fuit,
711 2255 782 2282 haud
795 2263 859 2282 sane
874 2256 900 2283 in
916 2256 1028 2284 nihilum
1044 2258 1097 2285 dis-

1154 2251 1273 2283 σθεῖσαν,
1283 2249 1360 2283 αὖθις
1373 2253 1412 2284 εἰς
1421 2252 1477 2287 φῶς
1494 2255 1674 2289 παραγαγεῖν.
1686 2254 1722 2280 Τὸ
1729 2254 1783 2290 γὰρ
1797 2253 1926 2284 ἀπολωλὸς

317 2299 439 2332 solvitur,
451 2299 498 2327 sed
515 2300 648 2331 subsistit,
664 2306 717 2332 est,
730 2308 761 2327 ac
776 2306 930 2336 permanet;
949 2307 1050 2329 tantum
1068 2311 1097 2331 se

317 2345 450 2372 subtrahit
475 2346 594 2379 latetque
616 2346 798 2374 destructores
826 2354 900 2380 suos,
925 2355 979 2375 non
1008 2353 1096 2376 tamen

316 2398 442 2425 inagnum
473 2391 579 2418 oculum
605 2390 682 2425 fugit.
707 2392 886 2425 Quamobrem
910 2394 976 2421 nihil
1002 2401 1096 2427 reapse

315 2437 384 2472 apud
407 2437 488 2463 Deum
505 2437 584 2471 perit.
608 2436 684 2469 Quod
699 2438 721 2464 si
740 2438 799 2472 quis
815 2438 869 2465 Deo
895 2447 945 2465 non
963 2440 1093 2473 credens,

314 2489 401 2518 neque
419 2490 496 2518 posse
523 2484 557 2510 ab
582 2490 615 2510 eo
639 2484 757 2510 animam
772 2492 831 2518 qua:
847 2485 960 2519 periisse
973 2491 1092 2520 putetur,

314 2529 434 2556 revocari
459 2536 490 2556 ac
513 2529 642 2556 vivificari
670 2529 816 2564 judicans,
842 2530 1040 2559 confessionem
1061 2531 1094 2559 de

314 2574 368 2601 Deo
385 2573 483 2602 factam
505 2575 680 2609 abnegaverit
692 2595 700 2608 ,
718 2583 750 2602 ac
765 2581 906 2611 propterea
934 2577 1092 2611 impenden-

315 2625 367 2647 tem
381 2620 416 2647 ab
431 2620 584 2648 hominibus
607 2628 700 2648 necem
728 2621 838 2656 fugerit,
859 2629 941 2656 seque
970 2629 1091 2650 securam

314 2665 383 2692 inter
400 2666 522 2697 homines
538 2667 617 2695 vitam
640 2668 765 2701 adeptqu
783 2668 934 2702 putaverit,
953 2673 1035 2702 atque
1055 2668 1092 2695 ita

313 2710 431 2738 animam
447 2719 523 2739 suam
537 2720 566 2740 se
580 2714 717 2742 invenisse
737 2718 838 2748 speret.
854 2714 954 2748 quippe
972 2715 1018 2748 qui
1042 2714 1092 2741 ho—

314 2755 415 2783 minum
439 2757 550 2784 insidias
566 2757 819 2794 impendentemque
845 2759 984 2795 religionis
1011 2766 1091 2788 causa

314 2808 406 2828 necem
427 2802 568 2835 vitaverit;
587 2803 640 2837 hic,
668 2805 790 2840 inquam,
815 2805 884 2834 sciat
907 2812 972 2833 vera
1003 2806 1091 2841 potius

314 2847 337 2863 “
351 2847 446 2879 Matth.
461 2856 488 2882 ι,
501 2848 544 2876 59.

307 2921 314 2931 ε
349 2894 388 2927 ιδ)
403 2894 467 2924 Cod.
482 2896 514 2925 Α.
533 2895 552 2924 t.
567 2895 630 2928 eoi.
646 2897 674 2926 ι).

1147 2297 1196 2323 οὐκ
1219 2298 1258 2328 εἰς
1281 2298 1449 2333 ἀνυπαρξίαν
1468 2299 1636 2335 κεχώρηκεν,
1664 2299 1719 2326 ἀλλ’
1738 2300 1856 2336 ὑπάρχει
1880 2299 1925 2334 μὲν

1147 2341 1192 2368 καὶ
1207 2341 1264 2368 ἐστι
1285 2343 1332 2369 καὶ
1350 2343 1425 2378 μένει
1437 2352 1443 2358 ·
1461 2344 1612 2380 κέκρυπται
1626 2345 1654 2371 δὲ
1671 2345 1717 2372 καὶ
1731 2345 1854 2373 λανθάνει
1868 2345 1925 2375 τοὺς

1146 2387 1365 2421 ἀπολωλεκότας,
1394 2389 1451 2416 ἀλλ’
1476 2390 1535 2418 οὐδὲ
1565 2391 1609 2417 τὸν
1638 2390 1723 2427 μέγαν
1749 2391 1922 2427 διαδιδράσκει

1145 2433 1281 2469 ὀφθαλμὸν
1295 2443 1302 2449 ·
1320 2434 1360 2461 διὸ
1382 2436 1456 2463 οὐδὲν
1481 2436 1513 2462 ἂν
1535 2437 1660 2464 ἀπόλοιτο
1676 2439 1741 2473 παρ’
1755 2438 1838 2474 αὐτῷ.
1853 2437 1883 2463 El
1898 2435 1923 2462 δέ

1145 2487 1196 2510 τις.
1224 2480 1376 2515 ἀπιστήσας
1399 2481 1472 2515 Θεῷ,
1499 2482 1545 2509 καὶ
1565 2482 1602 2518 μὴ
1626 2483 1754 2510 δύνασθαι
1779 2484 1857 2511 αὐτὸν
1878 2481 1923 2517 τὴν

1146 2524 1311 2551 ἀπολωλέναι
1321 2527 1492 2561 νομισθεῖσαν
1502 2527 1591 2564 ψυχὴν
1600 2527 1678 2561 αὖθις
1688 2530 1867 2564 ἐπαναγαγεῖν
1879 2528 1922 2556 καὶ

1145 2569 1285 2600 ζωοποιεῖν
1299 2572 1481 2607 ἡγησάμενος,
1497 2573 1611 2610 ἔξαρνος
1624 2575 1728 2609 γένοιτο
1741 2576 1790 2611 τῆς
1805 2575 1865 2610 περὶ
1880 2574 1922 2600 τὸν

1144 2615 1209 2641 Θεὸν
1222 2616 1373 2651 ὁμολογίας,
1388 2616 1445 2645 εἶτα
1459 2620 1584 2655 διαφύγοι
1604 2621 1652 2656 μὲν
1667 2621 1712 2648 τὸν
1728 2621 1758 2654 ἐξ
1779 2620 1920 2657 ἀνθρώπων

1144 2659 1336 2696 ὲπῃωρημένον
1356 2662 1479 2696 θάνατον,
1502 2666 1532 2691 ὲν
1549 2665 1684 2701 ἀσφαλείᾳ⁵
1705 2666 1734 2692 δὲ
1832 2665 1875 2692 καὶ
1894 2664 1920 2691 ἐν

1146 2708 1288 2744 ἀμερίμνῳ
1303 2709 1353 2744 τῆς
1366 2710 1517 2746 ἀνθρώπων
1532 2712 1605 2748 ζωῆς
1625 2714 1717 2749 ἡγοῖτο
1741 2714 1834 2742 ἑαυτὸν
1847 2721 1920 2748 γεγο·

1144 2753 1228 2786 νέναι,
1245 2755 1283 2787 ὡς
1296 2756 1383 2783 δοκεῖν
1395 2758 1540 2794 εὑρηκέναι
1552 2759 1648 2786 ἑαυτοῦ
1662 2761 1711 2796 τὴν
1722 2761 1818 2797 ψυχὴν,
1832 2760 1876 2787 hs
1889 2757 1918 2794 δὴ

1144 2799 1284 2835 ὲκφεύγων
1297 2801 1346 2834 τὰς
1360 2802 1388 2837 ἐξ
1403 2804 1553 2840 ἀνθρώπων
1565 2806 1719 2840 ἐπιϐουλὰς,
1731 2809 1777 2837 καὶ
1788 2806 1832 2834 τὸν
1843 2807 1920 2842 ἠπει-
