2045 3215
157 157 210 184 675

831 158 881 201 DE.
894 157 1125 185 TI‘IEOPHANIA.

1719 164 1771 193 674

157 215 272 251 λημένον
284 215 375 242 ἕνεκεν
387 215 432 242 τοῦ
443 215 490 251 τῆς
501 215 739 251 θεοσεΰείαςῖλόγου
748 215 870 242 θάνατον·
880 217 934 243 fere

995 217 1049 243 vita
1070 224 1099 244 se
1125 216 1212 251 ipsum
1233 216 1373 250 privasse,
1394 223 1526 252 suamque
1548 219 1675 252 animam,
1692 228 1771 254 quam

157 262 171 288 ὸ
184 261 303 293 τοιοῦτος
328 261 377 296 τῆς
394 261 509 296 ἀληθοῦς
532 261 603 295 ζωῆς
626 261 719 287 ἑαυτὸν
739 262 881 297 στερήσας,
894 262 940 287 καὶ

157 309 206 344 τὴν
220 307 317 334 ἑαυτοῦ
337 307 435 343 ψυχὴν,
457 308 490 343 ῆν
510 308 653 342 εὑρηκέναι
677 307 826 342 νενόμικεν,
847 307 941 342 ἀληθεῖ

157 354 227 388 λόγῳ
242 353 379 388 παραδοὺς
394 353 523 388 ἀπωλείᾳ.
548 353 640 388 Πάσης
659 352 711 387 γὰρ
727 352 842 387 ἐσχάτης
865 353 940 378 ἀπω-

157 400 232 430 λείας
248 399 345 433 γένοιτ’
361 398 393 425 ἂν
417 400 504 433 χεῖρον
520 398 550 424 τὸ
565 400 688 425 ἐκπεσεῖν
705 398 781 429 Θεοῦ,
798 398 844 424 καὶ
858 398 941 433 ἀρνη-

158 446 236 481 θῆναι
251 445 303 472 ὑπὸ
317 444 362 471 τοῦ
385 445 450 471 Υἱοῧ
468 445 514 470 τοῦ
532 444 610 471 Θεοῦ.
632 444 664 470 Τί
678 444 706 470 δὲ
723 444 768 469 καὶ
783 444 862 469 πλέον
876 445 939 469 ἑπο-

161 492 263 528 ρίσατο,
281 491 376 518 ἑαυτὸν
393 491 542 526 ἀπατήσας,
560 491 606 517 καὶ
624 490 768 525 εὑρηκέναι
781 491 829 525 τὴν
845 490 939 516 ἑαυτοῦ

158 537 245 572 ψυχὴν
257 536 408 568 ὑπολαϐὼν,
423 537 477 567 ὅτε,
495 536 600 570 φεύγων
619 536 663 561 τὸν
679 535 801 566 Θάνατον,
815 535 859 561 τὸν
874 535 939 561 Θεὸν

156 583 279 618 ὴρνεῖτο;
294 581 412 616 Σμικροῦ
428 581 480 616 γὰρ
494 581 569 612 ὄντος
585 581 629 607 καὶ
642 581 783 616 ἐπικαίρου
799 581 866 616 βίου,
881 581 938 616 μετ’

119 627 128 652 ἲ
140 656 143 661 ι
156 628 186 654 οὐ
201 628 268 654 πολὺ
282 627 330 662 τῆς
343 627 441 662 Θνητῆς
456 627 501 653 καὶ
511 626 689 662 ὀλιγοχρονίου
703 626 775 661 ζωῆς
786 619 938 661 στερηθεὶς,

157 673 203 699 καὶ
218 672 257 708 τῷ
272 672 377 707 Θανάτῳ
400 672 427 698 ὃν
446 672 552 706 φεύγων
565 672 609 698 τὸν
624 672 688 698 Θεὸν
705 673 810 707 ἠρνεῖτο
823 672 939 707 ὑποϐλη-

157 719 223 751 θεὶς,
240 720 274 754 τῇ
291 719 358 753 μετὰ
374 718 417 745 τὸν
429 717 541 744 Θάνατον
557 717 652 752 αἰωνία
666 717 773 744 κολάσει
787 717 939 752 παραδοθὴ-

156 772 241 796 σεται,
254 764 387 795 ἀπολέσας
404 763 510 798 ἀληθῶς
525 763 573 798 τὴν
586 762 680 789 ἑαυτοῦ
696 763 793 797 ψυχὴν,
809 763 841 797 ἢν
856 762 938 798 εὑρη-

155 811 233 837 κέναι
253 810 412 845 ὑπειλήφει”
441 809 478 840 ὡς
499 809 630 835 ἀνάπαλιν
652 808 666 834 ό
683 808 725 834 διὰ
743 808 791 843 τὴν
811 808 849 838 εἰς
872 807 938 834 Θεὸν

157 856 253 882 ἐλπίδα
268 855 361 882 ἑαυτὸν
374 855 517 889 ἀπογνοὺς,
531 854 577 880 καὶ
591 854 638 889 τὴν
651 853 746 880 ἑαυτοῦ
766 853 835 888 ζωὴ»
850 853 938 888 ἀπαρ-

994 262 1043 288 sibi
1060 261 1193 289 invenisse
1205 261 1356 294 videbatur,
1373 263 1515 297 perditioni
1532 265 1684 292 tradidisse.
1699 266 1771 298 Quo—

994 306 1033 332 vis
1052 306 1123 332 enim
1144 313 1250 333 summo
1273 306 1359 333 exitio
1383 307 1503 334 deterius
1526 313 1567 336 est
1587 309 1633 336 Dei
1656 311 1770 344 gratiam

993 352 1118 378 amittere
1132 357 1158 378 et
1172 360 1186 378 a
1206 352 1274 379 Filio
1291 352 1337 379 Dei
1355 353 1460 387 ηερε-ἰ.
1474 354 1542 387 Quid
1561 363 1624 383 vero
1641 357 1770 391 quispiam

994 397 1110 431 proﬁcit,
1125 398 1187 425 dum
1202 406 1231 425 se
1246 398 1356 433 decipit,
1370 404 1397 426 et
1409 400 1526 427 animam
1550 409 1626 428 suam
1649 402 1771 431 invenire

994 443 1150 475 arbitratur,
1166 451 1226 470 cum
1243 449 1357 471 mortem
1374 445 1471 477 vitans,
1489 445 1574 473 Deum
1589 446 1687 483 negat?
1704 449 1769 476 Nam

993 496 1055 515 cum
1080 489 1116 516 sit
1137 494 1239 515 arctum
1256 493 1283 516 et
1299 491 1446 523 temporale
1468 491 1518 518 hoc
1543 496 1641 525 mvu'm,
1656 500 1770 527 quanto.

993 535 1050 561 cius
1072 534 1180 561 mortali
1207 535 1337 568 brevique
1359 536 1414 562 vita
1433 537 1555 568 orbatus,
1581 543 1684 566 mter-Ito
1711 546 1772 574 post

993 584 1104 606 mortem
1124 579 1255 614 supplicio
1276 581 1407 613 tradetur,
1429 583 1533 616 perdita
1552 584 1690 611 enimvero
1708 593 1772 620 pro-

992 625 1050 659 pria
1081 626 1182 658 anima,
1197 633 1277 660 quam
1313 633 1341 652 se
1377 626 1511 654 invenisse
1534 629 1657 663 putabat.
1686 630 1770 657 Sicuti

993 678 1068 698 versa
1082 672 1141 698 vice
1155 672 1199 706 qui
1215 672 1250 699 ob
1266 679 1339 706 spem
1363 672 1389 699 in
1419 673 1502 700 Deum
1527 676 1698 710 setnclipsum
1725 685 1772 703 ne-

992 715 1076 749 gligit,
1094 723 1224 750 suamque
1240 717 1322 743 vitam
1338 717 1463 752 abnegat,
1482 723 1508 745 et
1520 725 1649 753 quantum
1676 722 1771 748 attinet

992 761 1026 786 ad
1052 767 1129 787 suum
1154 761 1333 795 propositum,
1363 763 1480 790 anintam
1509 765 1647 798 propriam
1665 767 1767 800 perdit,

992 811 1088 832 cuncta
1104 805 1161 832 btec
1176 805 1302 833 alacriter
1319 812 1429 842 propter
1442 808 1522 835 [idem
1542 816 1605 843 erga
1630 811 1711 837 Deum
1730 817 1771 838 ιο-

992 851 1100 883 lcraus;
1118 852 1160 878 hic
1176 852 1283 886 inquam
1301 857 1392 880 erecta
1419 853 1514 880 fiducia
1535 854 1580 886 sit,
1607 857 1683 890 quasi
1704 857 1770 884 nihil

155 902 257 937 νηθεὶς,
275 903 336 928 ὅσον
355 910 384 927 τε
406 901 452 927 ἐπὶ
465 902 497 935 τῇ
513 899 608 926 ἑαυτοῦ
626 899 752 935 προθέσει
773 898 822 933 τὴν
842 899 934 925 ἑαυτοῦ

988 896 1147 931 perdiderit.
1159 898 1216 925 Non
1226 898 1296 925 enim
1305 899 1361 933 ipse
1368 899 1469 931 amisit,
1478 900 1523 926 sed
1534 900 1635 927 invenit
1652 903 1770 930 animam

154 948 243 983 ψυχὴν
259 946 446 978 ἀπολωλεκὼς,
466 947 552 972 πάντα
574 954 603 971 τε
621 945 705 971 ταῦτα
721 944 860 980 εὐθαρσῶς
876 944 938 971 ἐπο-

154 992 251 1027 μείνας
270 991 313 1018 διὰ
330 991 378 1026 τὴν
398 992 438 1022 είς
460 991 504 1016 τὸν
527 989 591 1016 Θεὸν
615 990 716 1022 πίστιν,
744 989 878 1024 θαρρείτω
900 988 937 1020 ὡς

157 1037 270 1073 μηδενὸς
281 1037 448 1068 ἀπολωλότος
462 1036 535 1071 αὺτῷ
547 1044 554 1050 “
572 1036 602 1062 οὐ
617 1036 669 1071 γὰρ
683 1035 818 1061 ἀπόλωλεν
829 1035 842 1060 ὁ
852 1033 938 1060 τοιοῦ-

154 1093 209 1115 τος,
226 1083 283 1110 ἀλλ’
297 1079 359 1118 εὗρε
376 1083 425 1119 τὴν
439 1082 534 1109 ἑαυτοῦ
547 1082 645 1117 ψυχήν.
659 1082 690 1108 El
702 1081 766 1115 γοῦν
778 1081 815 1112 ὼς
830 1081 858 1106 ἐν
874 1080 939 1106 urvo—

152 1129 226 1156 θέσει
242 1129 319 1163 λόγου
338 1129 420 1164 θνητὴ
436 1127 502 1155 οὖσα
516 1128 655 1163 ἐτύγχανε,
671 1127 717 1154 καὶ
730 1127 771 1153 οἵα
787 1135 815 1152 τε
832 1125 938 1160 ἀληθῶς

155 1175 195 1206 είς
209 1174 240 1201 τὸ
253 1174 290 1210 μὴ
305 1174 333 1200 ὃν
346 1175 453 1209 χωρεῖν,
467 1173 513 1200 καὶ
527 1173 550 1199 εί
566 1172 706 1199 ἀπώλλυτο
719 1171 770 1198 ὑπὸ
785 1170 937 1205 ἀνθρώπων

155 1220 347 1256 ἀναιρουμένη,
363 1220 436 1255 ὅμως
451 1220 500 1246 οὐκ
516 1219 556 1250 εἰς
571 1219 727 1245 ἀνέλπιστον
741 1217 793 1252 χρὴ
809 1216 853 1242 τὸν
869 1216 938 1250 ὑπὲρ

156 1266 295 1297 εὐσεϐείας
317 1266 410 1300 ἀγῶνα
436 1266 634 1300 διακαρτερεῖν·
654 1263 746 1298 ἐπειδὴ
766 1262 804 1297 τῷ
819 1261 876 1296 Θεῷ
892 1261 937 1287 καὶ

155 1313 189 1339 τὰ
208 1313 364 1339 ἀπολωλότα
376 1313 421 1338 καὶ
441 1312 474 1338 τὰ
505 1311 614 1347 μηδαμῆ
635 1309 764 1346 μηδαμῶς
786 1309 851 1335 ὄντα
867 1317 937 1343 παρ-

157 1359 232 1393 άγειν
247 1358 276 1391 ἐξ
288 1359 337 1385 οὐκ
348 1358 430 1385 ὄντων
446 1359 492 1384 καὶ
501 1357 640 1390 ζωοποιεῖν
651 1357 770 1383 δυνατόν.
781 1356 824 1382 Διὸ
838 1356 884 1382 καὶ
896 1355 939 1380 τὸν

990 950 1075 969 suam.
1088 943 1117 971 Si
1132 951 1196 978 ergo
1209 951 1257 978 per
1270 944 1440 979 hypothesim
1450 946 1572 974 mortalis
1588 953 1660 975 esset
1670 949 1769 981 anima,

990 997 1021 1016 ac
1038 997 1100 1016 vere
1112 990 1137 1017 in
1149 990 1263 1017 nihilum
1282 997 1372 1025 posset
1390 991 1511 1025 dissolvi,
1531 997 1559 1019 et
1574 994 1596 1020 si
1612 995 1714 1029 periret
1737 996 1770 1022 ab

991 1035 1143 1062 hominibus
1156 1036 1284 1069 extincta,
1300 1037 1476 1065 nihilominus
1491 1038 1562 1067 haud
1574 1040 1632 1068 sine
1640 1048 1687 1074 spe
1701 1040 1770 1068 {oret

989 1087 1038 1113 pro
1051 1080 1179 1115 religione
1192 1080 1413 1115 depugnandum;
1428 1081 1490 1116 quia
1511 1082 1565 1109 Deo
1574 1087 1601 1110 et
1618 1083 1722 1116 perdita
1743 1088 1770 1111 et

992 1133 1122 1158 nusquam
1141 1125 1288 1157 exstantia,
1305 1126 1337 1152 ad
1361 1120 1548 1154 exsistcnti'um
1573 1133 1654 1162 atque
1669 1128 1702 1155 ad
1727 1129 1769 1155 vi-

989 1173 1042 1196 tam
1057 1170 1202 1203 perducere
1217 1178 1269 1197 nou
1278 1175 1318 1198 est
1328 1171 1453 1199 arduum.
1463 1172 1631 1208 Quapropter
1644 1181 1675 1201 ea
1687 1175 1768 1201 etiam

989 1223 1048 1249 quae
1062 1216 1192 1243 exsistere
1205 1224 1256 1245 non
1272 1218 1428 1249 creduntur.
1440 1219 1486 1245 sed
1502 1218 1561 1254 ejus
1575 1227 1655 1247 causa
1669 1228 1701 1247 ex
1717 1220 1769 1247 ho-

991 1262 1107 1289 minibus
1121 1268 1306 1294 excesserunt,
1320 1271 1370 1290 non
1385 1263 1438 1290 erit
1454 1264 1477 1291 ei
1490 1264 1654 1299 impossibile
1676 1274 1769 1293 rursus

992 1307 1154 1339 instaurare,
1178 1312 1205 1335 et
1227 1309 1337 1342 perdita:
1355 1301 1452 1336 animm
1473 1310 1655 1338 inventionem
1671 1312 1706 1344 ei,
1725 1314 1769 1346 qui

993 1353 1077 1388 ipsius
1094 1361 1172 1381 causa
1189 1354 1333 1385 amisisset,
1348 1355 1505 1382 concedere.

152 1405 313 1441 νομισθέντα
326 1405 422 1441 μηκέτι
434 1403 512 1436 εἶναι,
528 1404 594 1431 ἀλλὰ
604 1405 637 1430 δι’
652 1403 731 1430 αὐτὸν
744 1403 772 1436 ἐξ
786 1401 934 1437 ἀνθρώπων
952 1399 1118 1431 ἀπολωλότα,
1148 1400 1197 1426 οὐκ
1227 1401 1259 1426 ἂν
1272 1400 1344 1435 αὐτῷ
1355 1401 1457 1435 γένοιτο
1471 1401 1599 1428 ἀδύνατον
1613 1401 1689 1434 αὖθις
1702 1403 1754 1430 ὑπο
1763 1418 1769 1423 ~

156 1453 315 1488 στήσασθαι,
338 1454 384 1480 καὶ
400 1453 449 1487 τὴν
467 1452 571 1487 εὕρεσιν
596 1452 645 1486 τῆς
665 1450 833 1481 ἀπολωλυίας
849 1449 934 1484 ψυχῆς
951 1448 990 1483 τῷ
1003 1447 1035 1473 δι’
1051 1447 1131 1474 αὑτὸν
1147 1447 1230 1474 aut-iw
1246 1447 1427 1474 ἀπολωλεκότι
1447 1450 1607 1484 παρασχεῖν,

493 1498 531 1524 lZ’
549 1498 597 1533 (6).

192 1545 285 1576 Οὐδεὶς
300 1544 388 1580 μέντοι
404 1543 511 1570 πώποτε
527 1542 671 1578 προφητῶν
687 1542 716 1568 τὸ
734 1542 863 1577 κήρυγμα
886 1541 934 1575 τῆς

154 1590 209 1617 τῶν
225 1589 345 1625 οὐρανῶν
363 1589 498 1624 βασιλείας
518 1588 626 1624 γυμνῶς
641 1588 680 1619 εἰς
703 1587 805 1618 πάντας
821 1587 934 1621 εὐηγγέ-

154 1637 241 1662 λιστο·
264 1636 320 1662 ἀλλ’
344 1636 441 1671 ᾔδεσαν
467 1635 514 1669 μὲν
534 1635 598 1660 αὐτὸ
622 1633 756 1669 προφῆται
777 1632 886 1663 πάντες,
904 1632 933 1658 οὗ

156 1682 208 1717 μὴν
227 1683 274 1708 καὶ
289 1680 328 1716 τῷ
353 1680 485 1707 Ἰουδαίων
506 1679 562 1714 λαῷ
584 1679 770 1714 παρεδίδοσαν,
787 1678 830 1704 διὰ
845 1677 874 1704 τὸ
889 1687 935 1712 νη-

155 1727 260 1759 πιάζειν
273 1727 322 1758 τὰς
335 1727 444 1762 φρένας,
462 1726 509 1752 καὶ
527 1726 678 1757 ὲξασθενεῖν
696 1724 762 1760 πρὸς
778 1724 808 1750 τὸ
823 1724 934 1759 μέγεθος

153 1772 198 1799 τοῦ
212 1773 386 1808 κηρύγματος
396 1780 402 1786 ·
419 1771 526 1807 πρώτου
546 1771 574 1797 δὲ
595 1771 715 1796 Ἰωάννου
729 1770 869 1805 τηλαυγῶς
882 1778 933 1804 κη-

156 1818 284 1854 ρύξαντος
299 1818 439 1852 ὴγγικέναι
452 1817 499 1852 τὴν
511 1816 563 1842 τῶν
577 1816 697 1852 οὐρανῶν
712 1815 856 1850 βασιλείαν,
868 1815 933 1849 ἄφε-

155 1864 196 1891 σίν
208 1872 239 1890 τε
256 1863 395 1898 ἁμαρτιῶν
414 1862 456 1888 διὰ
478 1862 588 1897 λουτροῦ
606 1861 812 1895 παλιγγενεσίας
831 1869 933 1893 καταγ-

153 1910 293 1944 γείλαντος
305 1908 465 1944 ἀνθρώποις,
483 1908 507 1934 oi
522 1907 560 1942 τῷ
575 1907 732 1942 κηρύγματι
747 1906 857 1937 ἑαυτοὺς
876 1907 934 1931 ἐπι-

152 1955 243 1986 δόντες
265 1954 464 1989 περιάρπαστον
489 1953 572 1987 αὐτὴν
597 1952 751 1986 ἐσχήκασιν,
774 1951 802 1984 ἐξ
825 1950 933 1976 ἐκείνων

153 2000 206 2026 τῶν
225 1999 336 2035 ἡμερῶν
355 1999 511 2034 ἀρξάμενοι,
534 1997 563 2030 ἐξ
580 1995 616 2024 ὧν
636 1999 650 2024 ὁ
672 1998 796 2031 Ἰωάννης
811 1996 855 2022 τὸν
871 1997 933 2031 περὶ

154 2046 237 2080 αὐτῆς
258 2045 418 2080 κατήγγειλε
437 2044 525 2077 λόγον.
543 2044 582 2070 Τὰ
601 2044 648 2078 μὲν
667 2043 720 2078 γὰρ
742 2042 877 2073 Μωῡσέως
892 2043 934 2068 νό-

153 2100 224 2126 μιμα
237 2090 284 2117 καὶ
297 2091 345 2125 τὴν
365 2090 509 2124 Ἰουδαϊκὴν
521 2089 645 2125 λατρείαν
658 2089 750 2124 καιρόν
761 2097 840 2123 φησιν
853 2089 933 2122 ἐσχη-

154 2136 229 2163 κέναι
253 2137 365 2162 οἰκεῖον·
384 2135 474 2161 τοῦτον
497 2135 525 2160 δὲ
546 2134 760 2170 περιγράφεσθαι
782 2134 861 2169 μέχρι
884 2134 933 2169 τῆς

161 2180 281 2207 Ἰωάννου
299 2180 461 2216 παρουσίας·
479 2180 601 2211 καὶτοὺς
625 2180 764 2215 προφήτας
786 2180 814 2205 δὲ
837 2180 931 2214 μέχρις

159 2227 281 2253 Ἰωάννου
313 2224 447 2256 Ἰουδαίοις
478 2224 639 2260 πεποιῆσθαι
668 2225 717 2256 τὰς
745 2226 931 2259 παραγγελίας

154 2271 223 2306 arpis;
237 2271 268 2297 τὸ
282 2271 424 2306 φυλάττειν
440 2270 474 2296 τὰ
489 2270 625 2301 Μωῦσέως
646 2271 763 2305 νόμιμα·
781 2271 886 2305 πρῶτον
903 2272 931 2298 δὲ

159 2319 285 2353 Ἰωάννην
302 2318 420 2353 ἀρχηγὸν
439 2317 577 2351 γεγονέναι
597 2317 645 2351 ’τῆς
660 2317 762 2351 Καινῆς
785 2317 930 2353 Διαθήκης,

153 2365 201 2392 ἆτε
222 2364 371 2399 πρόδρομον
395 2362 475 2389 αὐτοῦ
500 2362 650 2397 γενόμενον.
669 2362 754 2388 Αὐτοῦ
773 2371 802 2388 τε
824 2362 929 2397 πρώτου

152 2411 200 2437 καὶ
214 2410 243 2441 ἐξ
257 2409 337 2435 αὑτοῦ
356 2408 404 2444 τὴν
420 2407 555 2443 βασιλείαν
569 2407 621 2433 τῶν
636 2407 755 2442 οὐρανῶν
769 2408 869 2435 ἅπασιν
884 2409 930 2434 ἀν-

154 2455 271 2492 Θρὼποις
282 2454 517 2490 εὖηγγελισμένου,
528 2454 589 2484 τοὺς
598 2453 688 2486 ἀξίους
701 2454 784 2489 αὐτῆς
797 2455 835 2485 είς
847 2454 930 2489 αὐτὴν

154 2498 293 2535 βιάζεσθαι
317 2500 457 2535 νοήσομεν,
476 2497 678 2534 ἐπιστήσαντες,
695 2499 732 2530 ὡς
751 2500 835 2534 μέγας
856 2501 929 2534 ἀγὼν

153 2544 281 2582 τυγχᾶνει
296 2547 350 2577 τοῖς
367 2545 412 2572 ἐπὶ
429 2545 481 2580 γῆς
492 2544 643 2580 ἀνθρώποις
654 2546 720 2580 πρὸς
739 2546 786 2581 τὴν
803 2547 831 2572 ὲν
846 2547 930 2581 οὐρα-

151 2590 206 2625 vote
219 2593 320 2620 ἄνοδον.
335 2592 372 2618 Τὸ
383 2591 436 2627 γὰρ
448 2591 605 2626 ἀνθρώπους
619 2591 697 2623 όντας
711 2592 757 2618 καὶ
768 2592 855 2627 σάρκα
868 2593 930 2628 0w;-

151 2639 199 2675 τὴν
217 2638 472 2674 περιϐεόλημένους,
497 2637 549 2663 τῶν
570 2637 690 2672 φυσικῶν
710 2637 823 2672 ὀρέξεων
840 2639 928 2674 κρείτ-

152 2695 212 2717 τους
228 2685 360 2720 γίνεσθαι,
375 2685 469 2720 ἡδονῆς
483 2693 511 2711 τε
526 2685 634 2720 κρατεῖν
651 2684 696 2710 καὶ
713 2683 802 2718 πάσης
815 2685 929 2719 αἰσχρᾶς

152 2731 310 2766 ἑπιθυμίας,
331 2731 376 2757 καὶ
401 2730 432 2757 τὺ
453 2729 575 2757 ἐντεῦθεν
592 2729 641 2764 ήδη
665 2728 861 2763 ἀπομιμεῖσθαι
883 2729 928 2755 τὸν

186 2823 225 2858 (6)
236 2822 310 2851 ’Huic
325 2830 431 2858 quoque
454 2822 611 2858 fragmento
622 2821 649 2847 in
672 2819 764 2858 codice
775 2819 807 2847 Δ.
823 2801 925 2858 131218,

152 2854 360 2893 superscribitur
383 2854 476 2886 titulus
497 2854 646 2884 Ἑὺσεϐίυυ
673 2855 780 2895 ﬁtﬁt/ilo)
802 2854 927 2906 terdpttp

1338 1493 1418 1521 XVII.

1023 1538 1107 1566 Nemo
1134 1546 1250 1574 unquam
1274 1547 1307 1566 ex
1336 1540 1475 1574 prophetis
1497 1542 1661 1575 prteconiom
1694 1543 1767 1578 regni

989 1585 1118 1612 emlorum
1135 1590 1227 1620 aperte
1253 1593 1343 1612 coram
1367 1586 1464 1620 populo
1482 1586 1625 1615 fecitzsed
1646 1587 1768 1616 sciebant

987 1631 1096 1665 quidem
1119 1631 1145 1658 id
1168 1631 1306 1665 propheta:
1321 1639 1426 1663 omnes.
1445 1639 1533 1666 neque
1551 1637 1640 1661 tamen
1659 1633 1767 1662 Judaeo-

988 1685 1047 1703 rum
1060 1676 1156 1710 populo
1170 1677 1330 1711 prodebant,
1344 1681 1454 1712 propter
1476 1679 1576 1705 mentis
1591 1679 1698 1706 illorum
1723 1682 1766 1707 in-

988 1723 1109 1755 fantiam,
1124 1727 1151 1750 et
1165 1722 1327 1750 sustinendae
1345 1723 1473 1757 praeconii
1487 1725 1678 1758 magnitudinis
1693 1726 1767 1752 inlir-

989 1768 1118 1795 mitatem.
1134 1768 1200 1795 Cum
1225 1772 1314 1795 autem
1332 1769 1435 1802 primus
1447 1768 1564 1796 Joannes
1578 1770 1652 1797 clare
1669 1773 1765 1806 przedi-

987 1814 1059 1841 cavit
1072 1815 1288 1849 appropinquare
1310 1822 1421 1849 regnum
1446 1815 1587 1848 cmlorum,
1602 1822 1628 1843 et
1645 1823 1766 1851 peceato-

987 1868 1046 1887 rum
1075 1861 1264 1887 remissionem
1298 1868 1345 1894 per
1378 1861 1591 1895 regenerationis
1627 1862 1763 1890 lavacrum

987 1906 1139 1933 hominibus
1154 1906 1298 1938 nuntiavit,
1314 1906 1331 1933 ii
1354 1907 1400 1941 qui
1422 1907 1607 1940 praedicatioui
1624 1915 1764 1936 assensum

987 1952 1064 1980 suuni
1081 1952 1264 1986 przebnerunt,
1283 1960 1394 1987 regnum
1417 1953 1482 1981 illud
1505 1961 1554 1980 ceu
1570 1962 1600 1981 ex
1622 1960 1699 1989 rapto
1712 1956 1764 1983 sibi

987 1999 1147 2031 habuerunt,
1163 2007 1197 2026 ex
1213 2006 1245 2025 eo
1265 2003 1385 2033 tempore
1398 1999 1569 2033 incipientes,
1584 2009 1638 2035 quo
1649 2001 1765 2028 Joannes

986 2047 1020 2073 de
1040 2046 1099 2080 ipso
1118 2053 1269 2073 sermonem
1294 2045 1393 2072 intulit.
1416 2045 1484 2073 Nam
1507 2045 1606 2081 Moysis
1630 2046 1724 2081 legalia
1738 2052 1766 2075 et

986 2091 1126 2118 Judaicum
1153 2091 1254 2118 cultum
1278 2091 1416 2126 proprium
1441 2096 1544 2126 tempus
1566 2093 1689 2120 habuisse
1709 2094 1764 2127 ait;

986 2138 1057 2172 quod
1070 2137 1183 2165 Joannis
1206 2136 1350 2172 praesentia
1371 2137 1462 2164 linitur
1477 2146 1484 2169 ;
1499 2138 1644 2172 prophetas
1658 2147 1765 2174 quoque

984 2189 1069 2217 usque
1086 2183 1118 2209 ad
1132 2181 1265 2209 Joannem
1280 2182 1381 2209 Judaeis
1393 2187 1518 2209 auctores
1528 2182 1610 2210 fuisse
1624 2189 1650 2210 ut
1666 2184 1764 2218 Moysis

984 2228 1078 2262 legalia
1104 2232 1254 2255 servarent.
1281 2228 1334 2255 Sed
1358 2229 1475 2262 prinmm
1499 2227 1629 2255 Joannem
1657 2230 1761 2256 initium

984 2275 1050 2302 Novi
1076 2274 1242 2301 Testamenti
1267 2274 1374 2306 fecisse,
1390 2280 1482 2309 utpote
1502 2274 1589 2308 ipsius
1615 2283 1762 2309 pra-curso—

984 2327 1053 2347 rem.
1074 2319 1132 2353 Ipso
1152 2324 1239 2345 autem
1260 2319 1359 2353 primo,
1379 2324 1458 2346 :ctate
1479 2318 1534 2351 illa,
1553 2327 1661 2352 regnum
1680 2319 1762 2346 coelo—

985 2373 1042 2392 rum
1068 2366 1171 2392 cunctis
1196 2365 1348 2392 hominibus
1375 2365 1527 2395 nuntiante,
1543 2365 1637 2398 dignos
1653 2364 1696 2390 illo
1713 2365 1761 2391 ho-

983 2405 1068 2439 mines
1086 2411 1111 2438 in
1127 2411 1213 2445 ipsum
1234 2412 1260 2437 vi
1279 2411 1430 2444 inrumpere
1454 2410 1618 2444 putabimus,
1636 2411 1657 2436 si
1672 2412 1760 2437 consi-

980 2459 1104 2486 deremus
1119 2465 1200 2492 quam
1220 2457 1312 2493 gravis
1327 2457 1361 2483 sit
1384 2461 1497 2484 conatus
1517 2456 1670 2483 hominibus
1683 2462 1759 2489 terra:

981 2503 1077 2530 incolis
1095 2504 1145 2530 iter
1168 2503 1201 2530 ad
1221 2502 1320 2529 coelum
1346 2502 1465 2528 tendere.
1491 2500 1613 2535 Namque
1636 2502 1759 2529 homines

981 2553 1070 2580 natos,
1085 2554 1112 2575 et
1139 2548 1247 2575 mortali
1271 2555 1354 2575 carne
1377 2547 1571 2579 circumdatos,
1590 2547 1758 2574 naturalibus

981 2594 1142 2629 appetitibus
1157 2594 1213 2621 ﬁeri
1225 2593 1389 2626 superiores.
1410 2597 1436 2619 et
1456 2592 1618 2626 voluptatem
1637 2600 1758 2619 omnem-

982 2647 1033 2673 que
1047 2644 1151 2674 turpem
1169 2639 1341 2674 cupiditatem
1364 2638 1501 2670 cohibere,
1517 2639 1654 2673 vitamque
1674 2646 1756 2674 angc~

982 2684 1060 2711 licam
1089 2686 1156 2712 velle
1184 2685 1209 2712 in
1245 2684 1324 2711 terris
1352 2684 1470 2715 imitari;
1503 2685 1538 2710 ita
1569 2689 1598 2710 ut
1625 2692 1700 2718 a-que
1724 2694 1756 2712 ac

980 2729 1079 2758 Paulus
1092 2731 1181 2758 dicere
1194 2731 1297 2765 possint
1311 2737 1318 2754 :
1336 2728 1434 2755 Nostra
1451 2733 1538 2755 autem
1554 2730 1714 2756 conversatio
1729 2731 1755 2756 in

979 2819 1167 2881 ἷζεοφανείας,
1186 2826 1245 2852 cum
1264 2817 1339 2853 siglis
1363 2823 1443 2852 supra
1467 2818 1611 2846 secundum
1638 2819 1753 2846 vocabu-

990 2865 1043 2881 ιηιι.

990 2865 1043 2883 υΙΙΙο
