2045 3215
322 173 375 201 6Ἱὸ

653 171 787 200 EUSEBII
805 170 1041 198 CIESARIENSIS
1059 170 1134 198 OPI'.
1156 171 1244 199 PARS
1262 171 1307 199 IV.
1327 187 1360 191 —
1380 171 1587 200 DOGMATICA.

1873 176 1920 203 676

320 231 390 259 ccli:
405 231 494 263 est";
519 229 612 264 quidni
636 229 687 256 hoc
707 229 852 256 violentum
875 228 923 260 sit,
947 235 981 255 ac
1008 235 1093 263 prope

1151 229 1295 263 ἀγγελικὸν
1322 229 1423 256 ἐθέλειν
1449 228 1505 264 βίον
1525 229 1595 256 ὥστε
1615 229 1703 264 λέγειν
1718 230 1813 265 ὁμοίως
1833 232 1920 269 Παύλῳ

320 279 428 305 modum
450 282 549 311 praeter
572 280 695 303 naturam
727 282 862 310 supraque
882 274 954 302 vires
977 281 1039 302 esse
1058 275 1099 301 vi-

320 321 433 350 deatur?
450 321 516 355 Quis
530 328 594 348 vero
605 320 743 355 religionis
755 324 855 346 nostra:
866 323 971 346 Iscetas
985 326 1100 346 cernens

319 375 428 395 carnem
455 374 530 394 suam
552 366 742 400 propetnﬂum
761 369 911 392 emortuam
936 363 1052 395 efﬁcere.
1069 368 1100 392 ut

320 415 433 442 dicant:
448 413 513 441 Cum
544 412 648 440 Christo
680 412 825 446 cruciﬁxus
838 420 906 444 sum,
926 412 983 439 viro
1010 417 1099 438 autem

321 462 377 492 iam
393 469 443 488 non
457 467 521 495 ego;
539 459 609 493 quis,
619 458 739 493 inquam,
752 465 804 485 non
819 457 956 489 fatebitur.
971 464 1035 484 vere
1050 457 1099 484 hos

319 508 375 534 vim
392 506 479 533 facere
494 511 576 539 regno
591 502 742 530 caelorum?
755 502 831 536 Quod
853 502 874 530 si
888 502 949 536 quis
968 507 1098 536 praeterea

318 553 443 580 observet
458 549 610 578 mirabilem
623 553 782 576 sanctorum
798 553 952 583 martyrum
967 553 1098 576 constan-

319 600 395 630 tiam,
409 597 469 632 quis
483 603 576 624 rursus
595 603 646 623 non
665 595 738 623 dicat
755 595 809 622 vim
835 595 928 622 inferri
945 595 978 622 ab
995 595 1037 622 his
1056 601 1099 622 re‘

318 651 370 678 gno
389 642 529 675 caelorum,
544 646 624 676 prout
637 640 835 676 Servatorjam
853 641 992 675 praedixit?

654 728 747 757 Χνιιδ.

352 776 476 811 Congrue
495 775 638 802 admodum
663 782 716 802 non
740 773 900 802 multitudini
919 779 1021 802 tantum
1042 779 1098 802 tur-

316 823 412 856 hisque
437 826 499 848 tunc
524 820 675 848 astantibus
698 820 812 855 primam
828 821 982 856 parabolam
1008 821 1098 849 intulit

315 869 440 897 Christus
457 868 492 900 “,
507 875 601 895 verum
615 867 697 894 etiam
714 867 746 895 iis
760 868 806 902 qui
823 872 914 903 postea
930 869 964 895 ad
978 868 1035 904 ejus
1048 877 1096 896 au-

317 916 428 943 diendos
450 921 588 942 sermones
613 915 770 942 conventuri
791 919 885 947 erant;
906 915 944 942 rei
973 916 1097 950 gerenda:
1113 902 1134 930 Β

316 960 482 989 diﬂ‘erentias
499 961 589 987 divina
602 959 754 995 provisione
777 959 928 993 declarans,
947 967 1097 995 causasque

315 1007 464 1041 praedicens
482 1006 516 1033 ob
531 1013 599 1040 quas
618 1005 737 1033 nonnulli
753 1006 841 1032 divina
857 1005 942 1040 gratia
960 1006 1095 1034 excident.

314 1052 421 1081 Initium
435 1052 570 1088 parabolze
585 1052 732 1080 seminator
745 1056 796 1083 est,
821 1056 848 1079 et
864 1051 944 1087 huius
960 1053 1048 1080 exitus
1062 1053 1096 1080 ad

314 1109 360 1131 eos
378 1103 424 1138 qui
441 1107 517 1130 extra
533 1106 620 1134 erant,
637 1106 692 1127 tum
705 1098 821 1128 seminis
838 1097 978 1134 proiectio.
999 1104 1027 1126 et
1044 1099 1096 1127 hoc

314 1150 384 1176 haud
401 1148 459 1183 pari
475 1148 554 1174 modo
572 1146 732 1180 recipientes
744 1145 877 1180 regiones.
893 1143 952 1170 Jam
967 1144 1024 1172 hac
1037 1151 1096 1172 esse

314 1194 388 1228 regni
404 1193 530 1228 mysteria
543 1193 655 1226 ipsemet
671 1194 782 1217 testatus
795 1195 846 1217 est.
860 1189 926 1217 Nam
941 1194 968 1217 et
981 1189 1097 1217 semina-

314 1246 357 1268 tor
379 1240 411 1267 de
427 1238 551 1274 supernis
564 1237 694 1268 exiverat,
714 1241 740 1263 et
766 1236 827 1263 illuc
852 1236 972 1269 redibat;
1001 1243 1096 1271 nempe

312 1291 343 1314 ut
366 1286 422 1320 ipse
442 1284 566 1317 docebat,
582 1282 673 1310 dicens
692 1281 770 1319 :_Ego
785 1289 818 1308 ea:
831 1280 911 1308 Patre
929 1282 1051 1316 processi,
1071 1287 1094 1308 et

312 1330 429 1360 venio".
446 1330 499 1357 Sed
523 1332 550 1355 et
572 1328 604 1355 de
617 1326 734 1362 propriis
757 1326 798 1354 sui
825 1326 900 1360 regni
924 1326 1095 1354 conclavibus

311 1378 435 1405 exiverat
448 1377 480 1403 ad
493 1375 552 1402 illos
565 1374 611 1409 qui
627 1373 712 1400 exteri
728 1373 751 1399 ei
768 1373 830 1400 facti
846 1377 934 1404 erant,
955 1377 1094 1406 postquam

313 1423 415 1459 expulit
431 1422 500 1449 Deus
512 1421 656 1451 Atlamum.
671 1424 698 1446 et
715 1418 857 1445 collocavit
874 1426 936 1445 eum
952 1417 1026 1451 juxta
1048 1425 1095 1452 pa-

312 1469 432 1497 radisum
446 1466 613 1494 deliciarum.
627 1464 673 1491 llle
687 1469 776 1491 autem
790 1463 865 1490 exsul
880 1468 989 1498 propter
1004 1463 1095 1490 inobe<

311 1514 439 1541 dieutiam
467 1513 563 1544 factus,
587 1515 614 1539 et
634 1515 710 1538 extra
727 1510 882 1544 paradisum
898 1509 1008 1543 eiectus,
1025 1510 1093 1536 inte-

311 1561 391 1587 rioris
431 1559 604 1594 agriculturae
650 1557 752 1583 sentina
783 1555 982 1591 pessumdedit,
1009 1555 1094 1582 instar

311 1606 383 1633 illius
397 1603 563 1632 contumacis
574 1603 701 1630 adversus
714 1606 817 1636 patrem
831 1601 887 1632 ﬁlii,
898 1601 944 1636 qui
954 1605 1092 1634 acceptam

310 1651 488 1680 substantiam
517 1649 543 1676 in
559 1649 644 1676 aliena
664 1648 772 1681 regione
791 1647 942 1682 dissipavit.
971 1646 1094 1674 Christus

310 1705 373 1726 vero
388 1696 555 1731 benignitate
570 1694 664 1729 optimi
683 1693 769 1721 Patris
782 1693 876 1725 exivit,
891 1693 1038 1720 seminator
1053 1692 1094 1719 fa-

311 1743 519 1776 ctus.veuitque
531 1741 564 1768 ad
575 1748 624 1767 nos
633 1745 740 1767 exteros
753 1740 822 1766 haud
832 1739 912 1766 aliam
925 1739 959 1766 ob
972 1744 1091 1771 causam,

309 1790 362 1817 nisi
381 1789 443 1816 utin
452 1788 528 1815 nobis
546 1787 693 1814 seminaret
709 1785 821 1812 cozleste
836 1792 936 1812 semen.
952 1785 1031 1812 Solus
1046 1793 1093 1811 au-

310 1835 429 1868 temipse
443 1833 526 1860 exivit
540 1832 571 1858 ad
589 1830 773 1858 semiuandum
784 1838 791 1861 ;
802 1829 1018 1864 quandoquidem
1031 1835 1056 1863 et
1068 1830 1092 1857 is

309 1881 382 1907 solus
403 1884 462 1906 erat
474 1878 593 1906 omnium
612 1877 769 1904 seminator.
789 1875 863 1902 Multi
877 1875 975 1910 quippe
990 1877 1022 1903 de
1034 1883 1091 1904 cce-

309 1925 421 1953 lestibus
437 1928 567 1951 venerunt
582 1922 755 1954 stationibus,
774 1926 854 1955 atque
876 1921 908 1947 ad
926 1921 1048 1948 homines
1062 1929 1091 1949 se

308 1972 487 2002 contulerunt,
514 1970 560 1997 sed
576 1976 628 1995 non
646 1967 794 1996 seminandi
811 1974 890 1994 causa
912 1975 920 1993 :
945 1974 997 1994 non
1018 1967 1090 1994 enim

308 2018 486 2046 seminatores
500 2019 589 2047 erant,
613 2015 660 2041 sed
687 2013 912 2041 administratorii
930 2012 1042 2047 spiritus
1062 2012 1089 2039 in

308 2062 487 2090 ministerium
502 2061 586 2088 missi.
602 2060 706 2094 Moyses
719 2065 819 2089 autem.
835 2064 862 2085 et
877 2063 937 2093 post
953 2066 1014 2086 eutn
1028 2065 1090 2092 pro-

307 2109 395 2144 phetae
408 2107 479 2134 haud
499 2106 625 2141 mysteria
640 2104 713 2139 regni
728 2105 857 2132 ccelorum
873 2104 1025 2131 hominibus
1036 2105 1089 2132 dis-

308 2159 461 2185 seruerunt,
474 2154 520 2181 sed
535 2153 661 2188 parvulos
674 2152 761 2179 adhuc
773 2152 942 2184 erudierunt,
959 2152 1088 2187 insipien-

307 2207 349 2229 tes
363 2209 378 2228 a
393 2200 502 2228 malitiae
512 2205 605 2226 errore
624 2203 791 2230 averterunt,
802 2202 829 2224 et
846 2197 1014 2225 idololatrico
1032 2198 1089 2236 illo-

1107 1578 1128 1608 C

1151 275 1291 308 δύνασθαι,
1320 276 1418 310 Ἦμῶν
1443 275 1477 302 δὲ
1499 275 1532 302 τὸ
1556 276 1721 310 πολίτευμα
1740 277 1774 303 ἐν
1796 278 1921 313 οὐρανοῖς

1149 321 1287 356 ὑπάρχει,
1303 321 1362 353 πῶς
1374 321 1405 348 οὑ
1421 321 1517 356 βίαιον,
1536 322 1593 353 καὶ,
1610 322 1648 353 ὼς
1664 321 1696 349 ἄν
1709 331 1750 354 τις
1764 322 1842 356 εἴποι,
1854 325 1921 360 παρὰ

1149 367 1230 402 φύσιν
1246 368 1293 394 καὶ
1307 367 1377 402 ὑπὲρ
1391 366 1505 402 δύναμιν
1522 364 1589 394 εἶναι
1603 359 1759 401 δοκεῖ;”Τίς
1770 367 1797 394 δὲ
1809 368 1867 399 τοὺς
1878 359 1921 405 τῆς

1149 412 1302 445 θεοσεϐείας
1312 412 1434 448 ἀσκητὰς
1446 412 1516 448 ὁρῶν
1529 414 1669 449 μονονουχὶ
1682 413 1792 449 νεκροῦν
1807 414 1853 449 τὴν
1866 415 1921 442 ἐαυ-

1147 459 1202 486 τῶν
1214 458 1313 494 σάρκα,
1322 458 1360 490 ὼς
1374 458 1590 494 ἐπαληθεύοντας
1603 459 1702 493 λέγειν·
1718 459 1831 493 Χριστῷ
1840 468 1919 487 συνε-

1147 507 1330 540 σταύρωμαι,
1343 504 1381 537 ζῶ
1396 505 1431 532 δὲ
1444 505 1544 533 οὐκέτι
1557 504 1624 540 ἐγὼ,
1637 506 1687 532 οὐκ
1700 505 1732 532 ἂν
1745 506 1922 542 ὁμολογήσειεν

1148 551 1256 587 mneo;
1274 551 1414 586 βιάζεσθαι
1434 552 1533 584 αὐτοὺς
1552 552 1602 588 τὴν
1623 551 1758 587 βασιλείαν
1776 552 1828 578 τῶν
1846 552 1920 588 οὐρα-

1147 597 1215 630 νῶν;
1232 598 1264 624 Εἰ
1281 597 1303 624 δ’
1314 598 1470 633 ἐπιστήσειὲ
1484 606 1525 629 τις
1539 598 1571 633 τῇ
1585 597 1727 632 θαυμαστῇ
1745 596 1865 633 προθέσει
1875 597 1921 623 τῶν

1147 643 1232 676 ἁγίων
1249 643 1404 679 μαρτύρων,
1415 643 1473 675 πῶς
1487 644 1537 670 οὐκ
1552 643 1585 671 ἂν
1600 643 1672 670 εἴποι
1687 643 1823 679 βιάζεσθαι
1834 644 1921 676 αὐτοὺς

1146 689 1196 726 τὴν
1209 690 1347 724 βασιλειαν
1370 690 1441 716 κατὰ
1451 689 1502 725 τὴν
1516 690 1649 725 σωτήριον
1670 689 1863 724 προαγόρευσιν
1872 689 1919 724 (⁵1);

1486 736 1529 762 ur
1546 735 1594 771 (8).

1182 779 1287 815 Σφόδρα
1310 779 1484 816 καταλλήλως
1503 781 1559 812 τοῖς
1581 779 1669 815 δχλοις
1693 779 1741 806 καὶ
1757 779 1866 815 πλήθεσι
1879 778 1920 814 τὴν

1147 825 1258 860 πρώτην
1270 825 1415 856 ἐποιήσατο
1427 825 1584 862 παραϐολὴν
1596 826 1610 852 ὁ
1624 825 1751 861 Χριστὸς,
1766 825 1795 852 οὺ
1808 826 1859 857 τοῖς
1869 825 1920 851 τότε

1147 871 1315 907 παριστῶσιν
1331 872 1405 908 αὐτῷ
1427 872 1526 908 μόνοις.
1544 872 1613 899 ἀλλὰ
1628 873 1675 900 καὶ
1694 873 1751 904 τοῖς
1767 870 1832 907 μετὰ
1848 871 1921 898 ταῦτα

1148 916 1382 952 συνελευσομένοις
1403 918 1447 944 ἐπ’
1465 918 1593 954 ἀκροάσει
1608 918 1662 945 τῶν
1678 917 1760 945 αὑτοῦ
1774 917 1867 951 λόγων,
1880 916 1920 948 τὰς

1146 961 1276 998 διαφορὰς
1288 965 1366 999 θεϊκῇ
1379 963 1500 999 δηλώσας
1513 963 1675 999 προγνώσει,
1689 964 1832 999 προφήσας
1843 971 1870 989 τε
1880 963 1921 994 τὰς

1146 1009 1235 1041 αἰτίας
1249 1009 1304 1036 τῶν
1327 1011 1376 1045 τῆς
1393 1011 1504 1046 χάριτος
1519 1011 1569 1046 τῆς
1594 1011 1670 1042 θείας
1693 1009 1919 1045 ἁποπεσουμένων.

1153 1056 1235 1092 Ἀρχὴ
1250 1056 1278 1083 δὲ
1293 1057 1343 1091 τῆς
1356 1057 1511 1093 παραϐολῆς
1527 1057 1600 1083 ἐστιν
1616 1058 1630 1083 ὁ
1645 1057 1763 1092 σπορεὺς
1775 1056 1821 1083 καὶ
1835 1057 1850 1091 ὴ
1869 1055 1922 1081 τού-

1145 1111 1192 1128 του
1210 1102 1297 1135 ἔξοδος
1317 1103 1384 1138 πρὸς
1407 1103 1470 1134 τοὺς
1486 1102 1547 1135 ἔξω,
1564 1103 1581 1138 ἦ
1601 1111 1629 1128 τε
1650 1101 1697 1128 τοῦ
1716 1101 1815 1138 σπόρου
1831 1100 1922 1131 πτῶσις

1146 1147 1193 1174 καὶ
1220 1148 1248 1174 αι
1275 1147 1369 1175 τοῦτον
1396 1148 1444 1183 οὺχ
1470 1148 1570 1183 ὁμοίως
1595 1147 1811 1182 καταδεξάμεναι
1833 1145 1920 1181 χῶραι.

1145 1193 1292 1229 Μυστήρια
1309 1194 1337 1220 δὲ
1353 1188 1440 1220 ταῦτα
1456 1191 1525 1220 εἶναι
1537 1193 1588 1229 τῆς
1603 1193 1742 1228 βασιλείας
1758 1192 1836 1223 αὐτὸς
1846 1192 1920 1226 ἐμαρ-

1146 1241 1232 1271 τύρει.
1249 1241 1283 1267 Ὅ
1301 1249 1330 1267 τε
1352 1240 1407 1276 γὰρ
1423 1240 1541 1276 σπορεὺς
1554 1240 1656 1267 ἄνωθεν
1671 1239 1745 1275 ἐξῄει
1761 1239 1806 1266 καὶ
1818 1237 1919 1273 κατῄειο

1145 1288 1238 1324 ὥσπερ
1259 1285 1305 1315 οὖν
1319 1287 1399 1317 αὐτὸς
1414 1287 1537 1314 ἐδίδασκε
1551 1286 1648 1320 λέγων,
1669 1285 1745 1320 Ἐγὼ
1760 1285 1793 1311 ὲκ
1808 1284 1857 1310 τοῦ
1872 1284 1921 1309 Πα-

1145 1333 1213 1367 τρός
1225 1332 1366 1367 ἐξῆλθον,
1387 1332 1437 1359 καὶ
1454 1329 1527 1366 ἢκωέ
1547 1330 1628 1356 Ἀλλά
1644 1329 1690 1356 καὶ
1707 1330 1739 1355 ὲκ
1759 1327 1811 1354 τῶν
1824 1326 1920 1353 οἰκείων

1144 1379 1275 1414 ταμιείων
1298 1380 1347 1414 τῆς
1365 1378 1448 1405 αὑτοῦ
1464 1378 1600 1413 βασιλείας
1614 1377 1684 1412 ἐξῄει
1703 1375 1773 1412 πρὸς
1787 1374 1855 1410 ἡμᾶς
1866 1372 1920 1401 τοὺς

1145 1424 1197 1456 ἔξω
1214 1424 1359 1458 γεγονότας
1378 1424 1407 1457 ἐξ
1428 1424 1532 1451 ἐκείνου
1554 1423 1603 1458 (9),
1625 1423 1655 1455 ἐξ
1679 1420 1764 1458 οὗπερ
1780 1418 1919 1454 ὲξέϐαλενό

1144 1471 1210 1502 Θεὸς
1224 1471 1269 1497 τὸν
1289 1471 1383 1506 Ἀδὰμ,
1400 1471 1448 1498 καὶ
1471 1470 1622 1505 κατῴκισεν
1645 1469 1727 1497 αὑτὸν
1744 1468 1865 1495 ἀπέναντι
1877 1464 1918 1491 τοῦ

1145 1516 1307 1551 παραδείσου
1323 1516 1372 1552 τῆς
1395 1516 1510 1551 τρυφῆς.
1530 1516 1559 1542 '0
1577 1515 1626 1550 μὲν
1645 1514 1700 1549 γὰρ
1723 1511 1867 1546 ἀπόϐλητος
1881 1508 1919 1536 διὰ

1145 1561 1193 1596 τὴν
1207 1561 1348 1597 παρακοὴν
1362 1558 1490 1595 γεγονὼς,
1507 1561 1552 1586 καὶ
1566 1560 1612 1586 τοῦ
1636 1558 1800 1595 παραδείσου
1822 1554 1919 1591 βληθεὶς

1143 1607 1205 1639 ἔξω,
1218 1608 1252 1634 τὰ
1264 1608 1294 1633 ὲκ
1307 1607 1356 1643 τῆς
1368 1608 1440 1634 ἔνδον
1451 1607 1587 1642 γεωργίας
1599 1606 1747 1641 σπέρματα
1756 1603 1917 1632 ἀπολωλέκει,

1143 1655 1213 1681 κατὰ
1229 1654 1274 1681 τὸν
1288 1654 1476 1689 ἀφηνιάσαντα
1491 1654 1537 1681 τοῦ
1553 1653 1656 1688 πατρὸς
1669 1653 1737 1683 υἱὸν,
1758 1652 1804 1678 καὶ
1820 1650 1864 1684 τὴν
1877 1648 1918 1675 οὐ·

1145 1700 1203 1726 σίαν
1217 1700 1251 1735 ἣν
1267 1699 1371 1735 εἰλήφει
1385 1700 1432 1726 ἐπὶ
1445 1699 1496 1734 τῆς
1509 1698 1660 1734 ἀλλοδαπῆς
1673 1697 1765 1733 χώρας
1779 1693 1916 1728 διασπαθή-

1144 1753 1243 1771 σαντα·
1268 1746 1282 1771 ὁ
1303 1745 1332 1770 δὲ
1357 1744 1547 1780 φιλανθρωπίᾳ
1570 1743 1616 1770 τοῦ
1640 1742 1795 1777 παναγὰθου
1823 1738 1917 1774 Πατρδς

1142 1789 1260 1826 ἐξῆλθεν,
1275 1790 1355 1822 αὐτὸς
1376 1790 1414 1816 ὢν
1430 1791 1443 1816 ὁ
1456 1790 1586 1824 σπείρων.
1602 1789 1648 1815 καὶ
1663 1789 1758 1824 ἐξῆλθε
1774 1787 1838 1823 πρὸς
1851 1784 1916 1820 ἡμᾶς

1141 1837 1203 1868 τοὺς
1217 1836 1268 1869 ἔξω
1284 1836 1457 1871 γενομένους,
1479 1835 1602 1867 δι’-οὐδὲν
1616 1835 1709 1869 ἕτερον
1725 1835 1740 1870 ἢ
1760 1834 1789 1860 τὸ
1805 1833 1914 1866 σπεῖραι,

1142 1883 1201 1909 ἐπεὶ
1214 1883 1260 1909 καὶ
1275 1882 1352 1917 μόνος
1369 1881 1450 1913 αὐτὸς
1462 1879 1495 1917 ἦν
1511 1883 1525 1908 ὁ
1538 1881 1591 1908 τῶν
1608 1881 1674 1908 ὅλων
1691 1880 1814 1916 σπορεύς.
1831 1875 1916 1904 Πολλοὶ

1143 1929 1191 1964 μὲν
1213 1929 1267 1965 γὰρ
1290 1929 1400 1965 ἐξῆλθον
1424 1929 1456 1955 ὲκ
1474 1928 1528 1955 τῶν
1549 1928 1680 1963 οὐρανίων
1701 1926 1851 1963 διατριϐῶν,
1873 1923 1915 1950 καὶ

1141 1975 1272 2010 κατῆλθον
1288 1975 1327 2006 εἰς
1349 1975 1517 2010 ἀνθρώπους,
1538 1974 1595 2001 ἀλλ’
1608 1975 1658 2001 οὐκ
1677 1974 1725 2000 ἐπὶ
1738 1973 1777 2009 τῷ
1795 1973 1912 2006 σπεῖραι·

1140 2022 1171 2047 οὐ
1185 2021 1237 2057 γὰρ
1250 2019 1319 2057 ἦσαν
1332 2023 1452 2057 σπορεῖς,
1466 2021 1533 2048 ἀλλὰ
1545 2021 1720 2057 λειτουργικὰ
1733 2019 1866 2054 πνεύματα
1879 2016 1913 2047 εἰς

1139 2067 1275 2094 διακονίαν
1293 2067 1529 2103 ἀποστελλόμενα·
1554 2067 1673 2102 Μωῢσῆς
1695 2066 1726 2093 δὲ
1748 2066 1793 2092 καὶ
1811 2065 1834 2091 οἱ
1860 2061 1912 2098 μετ’

1139 2111 1220 2137 αὑτὸν
1243 2112 1378 2147 προφῆται
1399 2112 1430 2138 οὺ
1448 2112 1483 2138 τὰ
1507 2113 1645 2148 μυστήρια
1663 2111 1714 2147 τῆς
1736 2111 1790 2138 τῶν
1803 2107 1913 2146 οὐρανῶν

1141 2156 1275 2190 βασιλείας
1296 2157 1448 2192 ἀνθρώποις
1464 2158 1652 2189 κατεϐάλοντο,
1669 2157 1782 2193 νηπίους
1798 2157 1841 2183 ἇτε
1857 2163 1912 2181 παι-

1139 2201 1332 2236 δαγωγοῦντες,
1343 2203 1388 2229 καὶ
1398 2202 1516 2238 ἄφρονας
1525 2204 1574 2238 τῆς
1581 2204 1651 2230 κατὰ
1660 2203 1709 2238 τὴν
1721 2203 1816 2230 κακίαν
1825 2200 1911 2235 ἀπείρ-

307 2255 366 2274 rum
379 2245 472 2273 morbo
483 2243 644 2271 medicinam
655 2242 744 2269 facere
756 2243 924 2274 stttdueruut,
934 2243 1086 2271 earumdem

1144 2256 1230 2281 {ovtsg
1241 2249 1353 2284 πλάνης,
1368 2249 1528 2285 θεραπεύειν
1542 2250 1630 2276 αὐτῶν
1641 2250 1803 2286 πειρώμενοι
1813 2249 1858 2284 τὴν
1868 2247 1911 2282 τῆς

306 2287 509 2323 οηίιιιιιε,’νοιυι
526 2288 630 2316 n0va|ia
650 2288 782 2322 qumdam,
801 2288 903 2315 Semine
919 2293 1084 2323 vegetantes.

306 2337 385 2364 Solus
401 2341 489 2363 autem
510 2333 670 2362 universalis
687 2338 770 2365 sator,
791 2333 839 2361 Dei
858 2333 984 2367 Verbum,
1011 2334 1086 2362 boni.

1137 2293 1356 2330 εἰδωλολατρείας
1370 2295 1456 2327 νόσον,
1474 2295 1521 2321 καὶ
1531 2295 1625 2330 ὥσπερ
1639 2296 1761 2327 νεοῦντες
1772 2295 1857 2323 αὐτῶν
1869 2293 1909 2320 καὶ

1137 2338 1265 2373 ἀροῦντες
1287 2339 1336 2371 τὰς
1349 2339 1448 2376 ψυχάς.
1468 2340 1555 2373 Μόνος
1568 2341 1596 2368 δὲ
1612 2342 1626 2368 ὁ
1640 2341 1694 2369 τῶν
1704 2342 1771 2369 ὅλων
1792 2340 1907 2377 σπορεὺςι

340 2417 363 2433 ’θ’
381 2416 450 2444 Phil.
465 2415 562 2450 ttt,20.
599 2415 623 2432 ⁸³
641 2415 736 2443 Matth.
750 2423 811 2448 xm,
822 2416 850 2444 '5.
888 2415 910 2432 ⁸⁷
929 2415 1075 2453 Joan.vut,
1088 2419 1134 2446 4‘2.

340 2495 379 2531 ('1)
393 2494 662 2531 Videsispartimihis
679 2495 775 2523 similia
786 2494 812 2522 in
829 2495 937 2531 Syriaca
951 2496 1085 2530 ΤΙιεορΙια-

306 2531 350 2557 nia
364 2530 410 2557 lib.
427 2537 468 2560 ιιι,
481 2529 527 2562 21,
540 2529 585 2562 22,
602 2530 648 2562 ‘25,
664 2535 690 2557 et
705 2530 751 2557 lib.
768 2537 804 2561 ιν,
815 2529 860 2563 52,
872 2532 916 2558 ubi
934 2529 1083 2565 priscorum

305 2565 519 2627 Ehristianorum
534 2565 603 2592 mira
619 2573 654 2593 ac-
663 2572 756 2593 severa
769 2565 856 2593 virtus
868 2567 975 2602 egregie
985 2566 1086 2598 descri-

325 2605 388 2627 llul‘.

325 2605 388 2628 itur.

341 2635 379 2670 (8)
394 2634 499 2662 Citatur
510 2634 561 2661 hoc
571 2634 647 2662 titulo
658 2635 684 2661 in
699 2635 759 2662 cod.
775 2635 809 2662 Α.
824 2635 844 2664 f.
861 2635 921 2669 122,
936 2640 964 2663 et
975 2636 1036 2664 cod.
1050 2636 1081 2663 L.

306 2669 324 2696 ί.
340 2670 383 2701 ﬂ,
397 2671 414 2697 b
425 2679 432 2696 :
443 2669 588 2696 Εὐσεϐίου
598 2669 642 2701 ﬁt.
661 2670 849 2704 Θεοφανείας.
867 2669 947 2698 Vides
969 2671 1013 2698 hic
1027 2679 1085 2698 ma-

307 2704 402 2732 nifeste
412 2705 463 2740 dici
476 2704 570 2740 βιὸλίῳ
585 2713 638 2731 non
652 2705 835 2733 tantummodo
851 2705 876 2740 β.
891 2705 1084 2740 Superponitur

306 2744 394 2776 autem
406 2739 436 2776 in
449 2739 560 2776 codaA.’
572 2740 758 2776 compendium
778 2739 937 2776 signiﬁcans
953 2741 1082 2776 τετάρτου

305 2775 348 2800 vel
359 2774 446 2812 potius
458 2773 579 2812 τετάρτῳ
592 2773 833 2812 (mendosetamen
847 2775 872 2812 in
886 2776 990 2812 c9d._l..
1007 2773 1083 2812 πρώ-

305 2808 406 2846 του-νεΙ
421 2808 542 2846 πρώτῳῇ.
561 2808 663 2846 Beapse
678 2810 704 2836 in
717 2809 882 2846 Theophani}:
897 2808 1079 2846 Syriaca,glib.

306 2843 386 2873 ιν.ὃὸ
396 2848 423 2870 et
433 2843 477 2874 54,
489 2843 576 2871 sermo
595 2848 636 2870 est
649 2845 681 2871 de
691 2844 816 2879 parabola
830 2843 1000 2872 seminatoris
1009 2843 1080 2877 fve-

306 2882 456 2906 rumtamen
475 2879 558 2906 multo
574 2879 690 2906 brevius.
707 2879 799 2907 Neque
823 2887 872 2911 ego
897 2887 970 2908 certe
989 2881 1079 2909 titulos

1138 2497 1259 2537 codicum
1281 2498 1491 2537 _Vaticanorn_m,
1517 2501 1564 2535 qui
1592 2501 1643 2530 hoc
1673 2503 1848 2537 fragmentum
1877 2508 1905 2528 ex

1139 2531 1303 2566 Theophania
1338 2541 1398 2572 esse
1431 2531 1582 2572 aﬂirmant.
1617 2531 1730 2572 negare"
1746 2543 1792 2564 aut
1823 2537 1905 2563 delere

1136 2574 1215 2606 queo,
1230 2569 1470 2606 praesertitmquia.
1492 2570 1562 2598 facta
1578 2569 1903 2606 textuumcomparatione,

1136 2601 1196 2629 luce
1210 2603 1355 2630 meridiana
1366 2601 1467 2631 cla—rius
1476 2611 1587 2640 apparet
1600 2611 1713 2634 tractutn
1731 2601 1802 2635 hunc
1815 2615 1845 2634 ex
1862 2605 1903 2633 illo

1137 2644 1247 2672 prorsus
1260 2645 1340 2672 opere
1353 2646 1413 2666 esse
1423 2640 1583 2668 derivatum.

1171 2672 1210 2708 (9)
1222 2673 1410 2712 Animadverte
1424 2675 1574 2712 quantitate
1589 2681 1737 2712 congruant
1748 2675 1902 2712 cumrSyria-

1135 2713 1165 2734 ca
1179 2707 1226 2734 seu
1239 2707 1351 2744 AAnglica
1364 2707 1540 2742 Tlteop/mnia,
1558 2711 1602 2738 lib.
1617 2707 1656 2744 ινῖ
1671 2713 1705 2740 54
1720 2721 1728 2740 :
1745 2712 1783 2738 He
1797 2707 1900 2743 there/o-

1135 2749 1163 2769 re
1175 2746 1240 2770 went
1254 2742 1323 2776 forth
1338 2742 1404 2777 from
1416 2744 1514 2774 within.
1529 2747 1582 2774 and
1595 2742 1666 2774 came
1676 2753 1731 2775 out.
1747 2746 1837 2774 Where
1847 2745 1900 2771 then

1133 2784 1185 2804 was
1201 2778 1232 2805 Ite
1243 2777 1342 2809 within,
1355 2778 1397 2804 but
1408 2780 1488 2805 above
1497 2779 1538 2806 the
1549 2781 1630 2808 world
1640 2782 1651 2808 ἓν
1664 2783 1746 2809 where
1756 2782 1786 2808 Ite
1795 2780 1899 2811 existed;

1133 2813 1186 2852 and
1197 2813 1225 2839 in
1243 2812 1285 2838 the
1297 2813 1346 2852 emt
1357 2813 1388 2846 af
1398 2815 1440 2840 l/te
1453 2815 1534 2852 world
1549 2815 1581 2842 Ite
1593 2825 1664 2852 came
1677 2817 1754 2852 forth.
1769 2817 1819 2852 αῃᾴ
1834 2821 1899 2842 came

1132 2848 1205 2888 dozen
1221 2853 1247 2888 ῳ
1258 2848 1366 2888 κοιμιζιο
1376 2856 1440 2888 tuere
1453 2849 1561 2888 without
1572 2851 1620 2888 the
1633 2848 1751 2888 kingdom
1763 2851 1792 2885 of
1800 2851 1896 2878 heaven.

1131 2881 1206 2910 Mitto
1220 2883 1253 2910 de
1266 2883 1326 2912 aliis
1337 2883 1404 2912 locis
1417 2885 1548 2913 similibus
1561 2886 1661 2914 dicere.
