2045 3215
160 161 211 189 677

837 171 880 200 DE
899 172 1127 202 THEOPHANIA.

1720 184 1772 210 67h

157 221 173 246 6
188 220 237 273 τού
249 222 317 250 Θεοῦ
333 224 428 259 Λόγος,
451 226 639 265 φιλανθρωπιᾳ
654 230 701 257 τοῦ
715 231 819 267 Πατρὸς
835 232 936 268 ἐξῆλθε,

991 234 1092 267 gnitate
1105 233 1195 261 Patris
1206 235 1300 268 exivit,
1312 243 1380 263 nova
1398 237 1500 265 semina
1512 243 1539 266 et
1550 239 1624 273 regni
1639 240 1770 270 ccelonnn

159 266 240 294 καινά
260 268 405 305 σπέρματα
431 272 477 299 καὶ
501 272 638 308 βασιλείας
658 275 778 311 οὐρανῶν
805 266 940 313 μυστήρια

158 312 411 350 εὐαγγελιούμενος,
423 318 479 350 τοῖς
493 327 522 345 τε
541 320 602 347 κατ’
612 321 726 357 οὐρανὸν
743 322 789 349 τοῦ
806 323 873 350 Θεοῦ
887 312 942 350 λει-

156 361 283 395 τουργοῖς
293 360 324 388 τὺ
338 362 392 389 τῶν
403 363 553 399 ἀνθρώπων
570 367 695 402 συνάψων
710 368 788 402 γένος
798 377 805 384 ⁸
820 369 865 395 ἐπὶ
881 370 942 396 τού-

157 414 214 438 τοις
225 404 273 434 οὖν
285 407 365 443 μόνος
374 410 455 443 αὐτὸς
466 411 514 447 τὴν
526 412 579 439 ἀπὸ
588 413 641 440 τῶν
654 414 793 450 πατρικῶν
801 415 940 450 βασιλείων

156 451 274 496 exoret-ro
286 452 389 486 ἔξοδον·
404 455 429 482 οἰ
442 456 471 483 δὲ
481 457 515 484 τὰ
527 458 592 494 παρ’
605 459 685 486 αὐτοῦ
700 460 843 496 σπέρματα
855 470 940 489 κατα-

155 494 296 532 διξάμενοι
318 498 368 530 τὰς
384 499 489 528 ἑαυτῶν
503 501 592 538 ψυχὰς
608 501 651 531 οἷα
671 504 703 540 δὴ
720 494 810 541 χώρας
825 506 940 542 γεωργῷ

156 544 288 578 παρεῖχον
301 544 341 580 τῷ
359 545 447 581 Λόγῳ,
470 548 516 574 καὶ
530 548 574 576 διά
586 548 641 576 τῶν
659 550 748 578 ἀκοῶν
759 551 804 578 τὸν
817 553 940 589 οὐράνιον

155 587 318 624 ὀπεδέχοντο
337 591 449 627 σπόρον.

190 633 222 660 El
247 634 298 669 μὲν
317 633 364 662 οὖν
379 636 435 672 (10)
456 638 479 664 oi
501 638 714 676 μαθητευόμενοι
731 643 795 677 μιᾶς
819 643 939 680 ὑπῆρχον

155 680 358 715 προαιρέσεως,
397 682 471 709 οὐδὲν
507 683 590 720 ἐχρῆν
617 685 764 721 διακρίνειν
794 689 840 715 καὶ
873 689 940 723 ἀφο-

157 724 242 760 ρίζειν
263 726 372 759 τούτους
388 727 436 755 ἀπ’
457 729 588 765 ἀλλήλων·
608 731 701 767 ἐπειδὴ
719 733 747 759 δὲ
767 734 843 769 παρὰ
857 735 939 762 πᾶσιν

155 770 349 808 ἀνθρώποιςὴ
384 773 431 800 τοῦ
459 775 631 808 αὐτεξούσιον
664 778 773 813 ἐκράτει
807 779 937 815 δύναμις,

155 816 230 844 ἄλλοι
267 827 298 845 τε
330 819 417 852 ἄλλως
454 821 559 854 ἑαυτοῖς
592 823 638 850 καὶ
671 823 710 859 τῷ
745 825 938 861 καταϐληθέντι

155 865 215 896 ταῖς
237 863 336 900 ψυχαῖς
357 866 475 902 οὐρανίῳ
502 867 593 904 σπόρῳ
616 871 841 906 κατακέχρηνται.
865 872 937 899 εἰκό-

154 918 208 942 τως
228 907 273 937 οἶα
295 911 362 938 Θεοῦ
385 911 471 947 Λόγος
495 913 544 949 τὴν
568 914 667 948 γνῶσιν
693 917 864 952 προειληφὼς
883 918 937 944 τῶν
953 907 973 933 Β

155 955 316 992 μελλόντων,
348 957 427 985 ὁποῖα
445 958 566 985 πείσεται
595 960 635 992 είς
660 960 818 997 ἀνθρώπους
834 964 848 990 ό
872 964 936 999 παρ’

154 1002 236 1029 αὐτοῦ
253 1003 352 1039 σπόρος
368 1005 468 1036 πεσὼν,
484 1004 614 1037 θεσπίζει.
631 1007 736 1034 Πτῶσιν
752 1008 816 1043 γοῦν
831 1009 937 1045 θαυμα-

154 1047 224 1078 στῶς
245 1047 295 1081 τὴν
320 1048 470 1084 καταόολὴν
485 1049 537 1077 τῶν
550 1050 682 1086 οὐρανίων
703 1053 866 1088 σπερμάτων
888 1054 937 1089 τὴν

153 1093 194 1125 εἰς
203 1093 363 1130 ἀνθρώπους
373 1095 507 1130 ὠνόμασε·
523 1096 569 1125 καὶ
579 1097 611 1132 δὴ
626 1097 672 1124 δύο
682 1098 807 1133 τάγματα
823 1100 876 1126 τῶν
892 1100 937 1127 τὸν

153 1139 255 1175 σπόρον
278 1140 501 1176 καταδεξαμένων
515 1141 633 1175 ἔσεσθαι,
649 1143 777 1170 διδάσκει·
804 1146 936 1181 πρότερον

153 1185 183 1212 τὸ
191 1185 245 1213 τῶν
258 1185 476 1222 καταξιουμένων
485 1188 533 1222 μὲν
546 1188 595 1223 τῆς
610 1189 730 1223 κλήσεως
742 1190 790 1225 τῆς
801 1191 935 1227 οὐρανίου,

152 1229 186 1257 δι’
197 1230 362 1267 ἀπροσεξίαν
375 1231 404 1258 δὲ
424 1232 470 1259 καὶ
483 1232 619 1268 ῥᾳθυμίαν
640 1233 690 1268 τῆς
717 1234 826 1270 χάριτος
845 1235 937 1262 ἀπολι-

154 1275 326 1304 σθαινόντωνο
351 1276 476 1314 δεύτερον
495 1278 524 1304 δὲ
542 1278 572 1304 τὸ
592 1279 645 1305 τῶν
668 1279 936 1313 πολυπλασιαζόντων

152 1312 198 1348 τδν
219 1322 319 1358 σπόρον
343 1323 371 1349 ὲν
393 1312 507 1358 ἀγαθαῖς
530 1325 735 1360 καρποφορίαις.
765 1312 848 1361 Τρεῖς
857 1326 884 1352 δὲ
907 1327 936 1353 ὲν

153 1365 277 1401 ἑκατέρῳ
295 1366 414 1401 τάγματι
443 1367 572 1403 διαφορὰς
588 1368 703 1404 τίθησιν·
728 1370 755 1396 οἵ
764 1379 792 1396 τε
813 1370 867 1406 γὰρ
891 1371 935 1399 τὸν

154 1411 252 1447 σπόρον
267 1411 431 1444 ἀπολλύντες
450 1413 499 1448 οὐχ
513 1414 604 1449 ὅμοιον
619 1414 722 1449 ἴσχουσι
738 1415 786 1450 τῆς
801 1415 936 1447 ἀπωλείας

153 1456 315 1493 νὺντρόπον·
327 1458 353 1484 οἶ
363 1459 387 1484 τ’
404 1456 436 1485 αὖ
458 1458 642 1495 γεωργοῦντες
657 1461 748 1493 αὑτὸν,
769 1461 816 1487 καὶ
834 1461 879 1488 τὸν
907 1461 936 1494 ἐξ

152 1503 237 1531 αὐτοῦ
265 1505 435 1541 ποριζόμενοι
459 1506 574 1542 καρπὸν,
601 1507 651 1533 οὐκ
671 1507 730 1543 ἴσην
753 1508 935 1544 ἀποφέρονται

152 1551 204 1586 τὴν
228 1550 366 1587 εὐπορίαν·
385 1552 425 1579 ἔτι
440 1553 507 1589 πρὸς
528 1553 632 1585 τούτοις
654 1553 699 1580 καὶ
712 1554 760 1586 τὰς
773 1554 861 1586 αἰτίας
886 1555 934 1590 τῆς

152 1596 336 1629 ἀποπτώσεως
353 1597 406 1624 τῶν
422 1597 467 1624 τὸν
488 1598 586 1633 σπόρον
598 1598 767 1626 ἀπολλύντων
784 1599 934 1634 προγνώσει

151 1641 229 1678 θεῖκῇ
257 1642 430 1678 παρίστησιν
451 1643 467 1679 ἢ
484 1643 537 1679 γὰρ
555 1643 598 1670 διὰ
611 1643 745 1679 ῥᾳθυμίας
766 1644 935 1678 ἀφυλάκτους

149 1687 200 1720 τὰς
222 1687 327 1715 ἑαυτῶν
357 1688 444 1724 ψυχὰς
471 1689 656 1721 ἀπολιπόντες,
679 1690 712 1716 τὰ
734 1690 934 1725 καταδληθέντα

150 1733 242 1765 αὐτοῖς
259 1734 380 1770 σωτήρια
408 1735 551 1769 σπέρματα
565 1733 776 1766 ἀπολωλέκασιν,
796 1735 935 1770 ἁρπασάνο

150 1785 203 1804 των
230 1777 300 1805 αὐτὰ
317 1778 350 1805 ὲκ
370 1779 419 1815 τῆς
445 1778 532 1806 αὐτῶν
557 1779 674 1810 διανοίας
699 1787 727 1805 τε
748 1780 792 1806 καὶ
814 1781 932 1815 μνήμης,

152 1823 258 1858 ἐχθρῶν
277 1832 358 1851 τινων
380 1824 426 1850 καὶ
449 1823 598 1865 ἐπιϐούλων
619 1824 677 1858 ἤτοι
708 1825 867 1859 πνευμάτων
887 1825 933 1851 καὶ

150 1869 284 1904 δαιμόνων
300 1869 425 1905 πονηρῶν
441 1869 486 1896 τὸν
508 1869 645 1904 περίγειον
663 1869 842 1905 διιπταμένων
854 1871 931 1906 ἀέρα,

149 1915 166 1951 ἢ
184 1915 288 1951 ἀνδρῶν
301 1916 405 1951 γοήτων
429 1916 475 1942 καὶ
488 1915 642 1951 ἀπατηλῶν,
657 1915 673 1950 ἢ
698 1915 782 1949 λόγων
806 1916 933 1942 ἐναντίων

149 1961 183 1997 τῇ
199 1960 322 1999 ἀληθεία⁴
334 1960 352 1988 ἃ
364 1961 395 1997 δὴ
406 1961 515 1987 πετεινὰ
531 1961 645 1996 οὐρανοῦ
654 1960 803 1995 ὠνόμασεν·
821 1961 838 1996 ἢ
848 1961 933 1987 δεύτε-

151 2014 197 2042 ρον
215 2006 260 2033 διὰ
280 2006 459 2042 φιλαργυρίαν
480 2007 526 2033 καὶ
540 2006 702 2041 φιληδονίαν,
718 2006 761 2033 διά
777 2015 805 2032 τε
822 2006 871 2038 τάς
884 2006 931 2033 τοῦ

151 2051 207 2087 βίου
218 2052 484 2088 φιλοπραγμοσύνας,
498 2052 516 2079 ἃ
531 2052 561 2087 δὴ
574 2052 693 2083 ἀκάνθας
712 2052 872 2083 ἀπεκάλεσε,
887 2052 932 2079 τὸν

149 2098 178 2125 ὲν
191 2098 282 2129 αὺτοῖς
298 2098 398 2133 σπόρον
413 2098 593 2133 ἀποπνιγῆναι
607 2098 795 2133 πεποιήκασιν·
812 2098 827 2133 ἢ
841 2098 930 2133 τρίτον

149 2143 276 2180 διωγμῶν
292 2144 339 2171 καὶ
363 2145 547 2180 περιστάσεων
559 2145 622 2175 τοὺς
639 2144 746 2178 ἀγῶνας
757 2144 804 2179 οὐχ
819 2144 931 2179 ὑπομεί-

152 2198 257 2221 ναντες.
271 2189 330 2225 est,
347 2190 392 2216 καὶ
405 2189 530 2216 καύσωνα
547 2189 589 2216 διὰ
605 2190 654 2224 τῆς
671 2189 827 2225 παραϐολῆς
846 2197 930 2225 προσ-

148 2238 239 2267 εῖπεν,
255 2235 465 2271 ἀπηλέγχθησαν
481 2235 517 2270 μὴ
533 2234 602 2261 κατὰ
616 2235 696 2270 βάθος
710 2234 758 2270 τῆς
772 2234 860 2260 αὐτῶν
878 2234 929 2269 ῲυ-
945 2246 966 2273 ι)

147 2283 200 2318 χῆς
219 2282 265 2308 τδν
283 2282 382 2318 σπόρον
407 2281 596 2317 ἐρριζωμένοι,
616 2280 672 2307 ἀλλ’
687 2279 715 2313 ἐξ
737 2280 867 2315 ἐπιπολῆς
883 2280 930 2306 καὶ

150 2327 232 2363 μέχρι
239 2318 284 2354 τοῦ
294 2328 380 2354 δοκεῖν
394 2326 431 2358 ὡς
441 2326 508 2362 πρός
521 2335 582 2353 τινα
599 2326 691 2361 καιρὸν
707 2325 806 2357 ἀνθεῖν,
824 2326 871 2352 καὶ
894 2327 927 2361 τῇ

147 2373 203 2400 τῶν
223 2372 326 2400 πολλῶν
350 2373 483 2408 φαντασία
510 2372 669 2403 σπουδαίους
681 2369 748 2397 εἶναι
761 2370 927 2406 νομίζεσθαι·

948 1582 969 1610 C

991 281 1116 316 mysteri
1131 281 1219 309 fauete
1229 283 1415 317 'nuntiaturus,
1429 289 1457 312 et
1471 286 1593 319 supernis
1607 286 1651 314 Dei
1670 288 1769 314 minis-

991 326 1040 353 tris
1062 326 1206 355 humanum
1228 335 1311 363 genus
1333 330 1546 358 consociaturus.
1570 331 1644 359 Hanc
1656 340 1720 367 ergo
1735 334 1771 361 ob

990 379 1098 399 causam
1112 372 1185 401 solus
1200 373 1257 407 ipse
1284 381 1300 401 e
1321 379 1434 408 paterno
1455 383 1537 411 regno
1555 378 1696 411 processit.
1718 377 1769 411 Qui

989 421 1078 444 autem
1110 418 1213 445 semina
1241 418 1300 452 ejus
1321 425 1494 454 exceperunt,
1523 421 1550 450 bi
1577 430 1641 450 snas
1665 425 1770 452 animas

989 462 1061 490 velut
1083 470 1161 497 agros
1181 463 1279 491 cultori
1297 463 1384 492 Verbo
1395 466 1585 500 exliibuerunt,
1606 475 1633 497 et
1649 478 1713 498 aure
1726 471 1768 498 fa-

989 512 1082 536 ventes
1093 508 1204 537 caeleste
1219 517 1312 538 semen
1326 511 1500 540 admiserunt.

1024 630 1052 657 Si
1065 631 1171 665 quidem
1187 631 1277 666 itaque
1288 632 1440 661 Christiana
1453 634 1573 663 doctrina
1590 637 1699 671 eruditi,
1713 647 1768 667 uno

989 676 1136 710 eodemque
1152 678 1292 712 proposito
1304 684 1404 712 essent,
1422 680 1487 708 nihil
1500 689 1566 716 opus
1582 687 1653 711 esset
1667 684 1767 713 discer-

989 728 1053 748 nere
1069 721 1137 748 inter
1150 722 1221 756 ipsos
1236 730 1267 751 ac
1281 731 1418 758 separare.
1439 726 1514 754 Nunc
1540 729 1602 762 quia
1617 729 1643 756 in
1660 731 1768 759 cunctis

989 766 1141 794 hominibus
1155 767 1232 795 liberi
1245 769 1354 796 arbitrii
1370 770 1410 797 vis
1425 772 1563 805 praevalet,
1575 773 1673 809 aliique
1689 775 1768 804 aliter

989 811 1077 839 indole
1089 813 1271 848 suajactoque
1283 815 1352 842 intra
1368 823 1431 843 suas
1443 817 1547 845 animas
1561 819 1652 847 divino
1663 822 1767 849 semine

990 861 1114 892 utuntur;
1141 859 1201 887 ideo
1223 865 1307 894 recte,
1335 865 1426 896 utpote
1451 863 1497 903 Dei
1529 864 1656 898 Verbum,
1683 867 1765 895 futuri

988 904 1128 931 scientiam
1144 913 1344 942 praeoccupans,
1365 908 1428 942 quid
1450 910 1544 938 semini
1559 918 1609 938 suo
1632 911 1703 939 inter
1718 914 1765 940 Ιιο-

989 950 1073 977 mines
1083 958 1177 985 sparso
1188 959 1347 981 eventurum
1362 954 1408 988 sit,
1418 957 1550 990 prmdicit.
1566 957 1663 985 Casum
1677 959 1767 995 itaque

987 996 1100 1023 mirifice
1127 998 1242 1031 appellat
1266 999 1416 1027 caelestium
1445 1002 1577 1029 seminum
1601 1003 1626 1030 in
1645 1004 1769 1034 homines

986 1042 1190 1075 projectionem.
1206 1044 1331 1079 Duosque
1347 1045 1425 1073 docet
1446 1046 1504 1074 fore
1521 1049 1704 1083 recipientium
1722 1059 1767 1079 se-

987 1095 1046 1114 men
1059 1088 1166 1116 ordines
1185 1096 1191 1114 :
1207 1090 1323 1124 priorem
1339 1091 1443 1119 illorum
1463 1095 1507 1128 qui
1525 1095 1662 1123 ctnlestem
1682 1105 1764 1125 voca-

987 1133 1086 1161 tionem
1098 1136 1197 1169 sortiti,
1211 1144 1259 1171 per
1271 1138 1520 1172 socordiamatamen
1535 1147 1615 1175 atque
1631 1142 1763 1176 ignaviam

986 1182 1070 1214 gratia
1091 1182 1219 1209 excidunt
1236 1191 1243 1209 :
1260 1185 1406 1212 secundum
1432 1187 1554 1214 ordinem
1581 1189 1686 1216 illorum
1717 1193 1763 1225 qui

986 1232 1076 1254 semen
1106 1229 1213 1263 egregio
1242 1228 1330 1257 fructu
1355 1231 1544 1266 multiplicant.
1558 1232 1625 1261 Tres
1639 1242 1720 1268 porro
1736 1237 1764 1264 in

986 1275 1101 1306 utroque
1122 1273 1216 1301 ordine
1235 1274 1400 1304 diii‘erentias
1418 1277 1519 1304 statuit.
1536 1277 1601 1306 Nam
1621 1285 1646 1306 et
1660 1281 1704 1314 qui
1721 1289 1765 1309 se-

986 1324 1046 1343 men
1075 1319 1248 1351 pessumdant
1263 1339 1270 1351 ,
1300 1321 1370 1348 haud
1390 1322 1448 1356 pari
1466 1323 1545 1350 modo
1568 1325 1762 1360 exstinguunt:

985 1363 1156 1399 vicissimque
1169 1365 1185 1392 ii
1202 1366 1245 1400 qui
1264 1366 1328 1394 illud
1345 1368 1482 1401 excolunt,
1499 1377 1532 1396 ex
1544 1377 1630 1405 eoque
1646 1371 1762 1400 fructum

985 1410 1106 1444 gignunt.
1133 1411 1203 1438 haud
1222 1412 1279 1446 pari
1297 1413 1420 1441 ubertate
1439 1420 1509 1442 sunt.
1535 1415 1646 1451 Insuper
1669 1425 1764 1447 causa:

985 1456 1066 1481 etiam
1088 1455 1179 1489 lapsus
1204 1464 1295 1485 eorum
1322 1458 1367 1492 qui
1394 1466 1486 1487 semen
1515 1463 1762 1497 pessumdederunt,

986 1502 1073 1528 divina
1089 1503 1243 1536 previsione
1259 1505 1339 1532 sistit.
1356 1505 1421 1533 Nam
1444 1506 1486 1534 vel
1504 1507 1599 1538 ignave.
1615 1509 1762 1537 incustodi-

987 1551 1027 1574 tas
1041 1547 1146 1575 animas
1157 1556 1219 1576 suas
1231 1556 1290 1577 esse
1301 1551 1428 1585 sinentes,
1454 1552 1548 1586 iniectu
1562 1554 1587 1580 in
1601 1554 1649 1582 has
1661 1557 1762 1584 semina

986 1593 1144 1626 amiserunt,
1159 1595 1325 1628 rapientibus
1340 1596 1442 1624 scilicet
1456 1605 1488 1624 ex
1501 1598 1618 1632 ipsorum
1632 1607 1720 1628 mente
1730 1609 1762 1629 ac

986 1638 1113 1665 memoria
1131 1639 1246 1667 inimicis
1260 1640 1418 1674 quibusdam
1437 1647 1518 1676 atque
1536 1644 1669 1673 insidiosis
1683 1647 1763 1681 spiri-

986 1683 1056 1710 tibus
1071 1684 1204 1717 malisque
1219 1685 1396 1720 dcemonibus,
1419 1688 1465 1722 qui
1482 1688 1508 1715 in
1526 1689 1575 1717 hoc
1593 1691 1663 1718 circa
1681 1692 1759 1720 tcllu-

985 1736 1039 1756 rem
1055 1737 1117 1758 acre
1130 1731 1242 1758 volitant
1253 1741 1260 1758 z
1273 1732 1314 1759 vel
1324 1733 1404 1760 etiam
1417 1733 1594 1763 fraudulentis
1608 1737 1762 1766 hominibus

984 1783 1016 1803 ac
1027 1776 1175 1811 fallacibus,
1194 1777 1236 1804 vel
1252 1779 1395 1806 contrariis
1411 1780 1516 1807 veritati
1533 1781 1680 1815 doctrinis;
1700 1792 1761 1818 qute

983 1822 1072 1849 omnia
1089 1822 1238 1850 caelestium
1251 1824 1389 1852 volucrum
1404 1826 1512 1853 nomine
1527 1827 1687 1862 indigitavit.
1712 1830 1760 1857 Val

983 1866 1063 1893 etiam
1077 1869 1193 1895 secundo
1206 1867 1265 1895 loco
1279 1869 1394 1896 avaritia
1416 1874 1442 1896 et
1469 1871 1611 1905 voluptatis
1630 1873 1760 1908 studium,

981 1917 1008 1938 et
1031 1911 1113 1938 variae
1127 1913 1218 1940 mundi
1233 1921 1313 1946 curm,
1335 1922 1402 1948 quas
1422 1916 1513 1948 spinas
1527 1917 1603 1949 dixit,
1626 1925 1715 1945 semen
1731 1920 1759 1947 in

982 1957 1046 1992 ipsis
1069 1958 1152 1988 emori
1174 1964 1282 1992 cogunt.
1299 1958 1346 1986 Vel
1360 1960 1474 1994 denique
1492 1962 1569 1989 tertio
1584 1963 1653 1995 loco,
1667 1971 1760 1998 perse-

981 2003 1118 2030 cutionum
1141 2011 1171 2030 ac
1185 2011 1372 2038 pressurarum
1390 2006 1534 2033 certamina
1555 2016 1606 2035 non
1625 2009 1759 2038 sustinen—

982 2053 1030 2080 tes,
1046 2057 1112 2083 quas
1127 2053 1207 2076 :estus
1221 2051 1328 2078 nomine
1342 2051 1367 2078 in
1382 2051 1506 2085 parabola
1522 2054 1674 2089 appellavit,
1686 2064 1760 2084 coar-

980 2095 1034 2130 guti
1052 2100 1114 2122 sunt
1128 2095 1198 2123 haud
1216 2097 1268 2123 alte
1292 2097 1318 2123 in
1339 2097 1443 2125 illorum
1465 2100 1553 2126 anima
1571 2108 1661 2128 semen
1677 2102 1758 2130 fuisse

980 2139 1138 2173 radicatum,
1150 2141 1195 2167 sed
1217 2141 1243 2168 in
1258 2142 1398 2176 superﬁcie
1414 2145 1596 2172 tantummodo
1613 2152 1644 2172 ac
1659 2147 1759 2181 specie,

979 2184 1052 2211 brevi
1072 2189 1190 2219 tempore
1204 2184 1360 2218 efﬂoruisse,
1380 2191 1406 2214 et
1431 2195 1498 2215 vana
1523 2188 1607 2222 plebis
1630 2190 1756 2224 opinione

981 2231 1086 2258 habitos
1099 2238 1158 2257 esse
1170 2231 1290 2258 homines
1299 2231 1384 2267 frugi;
1398 2240 1465 2267 quos
1475 2234 1517 2260 diu
1527 2233 1639 2261 latentes
1651 2235 1756 2261 demum

982 2276 1092 2308 revelat,
1112 2277 1180 2310 ignis
1192 2277 1276 2304 instar
1292 2278 1445 2312 explorans,
1460 2283 1485 2305 et
1503 2279 1612 2306 minime
1627 2280 1757 2314 genuinos

981 2331 1130 2358 coarguens
1156 2329 1269 2358 tempus.
1294 2326 1364 2360 quod
1380 2330 1472 2353 metum
1490 2331 1552 2360 apto
1567 2326 1695 2354 vocabulo
1708 2334 1756 2361 ap-

980 2371 1087 2405 pellavit
1099 2370 1236 2398 Servator.

147 2419 194 2452 οὓς
209 2419 257 2447 καὶ
279 2418 376 2454 μακρῷ
394 2418 523 2449 λαθόντας
541 2418 626 2454 χρόνῳ
642 2417 754 2449 ἐπιστὰς
780 2416 931 2453 ἀπήλεγξεν
948 2416 1122 2453 όπυριιγτικὺς
1138 2417 1249 2444 καὶτῶν
1279 2417 1309 2444 οὺ
1334 2417 1452 2451 γνησίων
1463 2417 1642 2451 διελεγκτικὺς
1651 2418 1755 2454 καιρὸς.

147 2466 216 2504 δνδὴ
227 2465 355 2494 καύσωνα
364 2465 514 2497 εὐθυόόλως
527 2466 541 2491 ό
556 2465 649 2501 Σωτὴρ
660 2466 794 2501 ὠνόμασε.

481 2524 521 2550 ΙΘ¹
532 2523 599 2550 (Hi.

481 2524 521 2550 18'
545 2524 574 2550 Η
592 2542 599 2550 .

187 2571 219 2598 '0
244 2570 274 2598 δὲ
291 2579 372 2603 αυτος
387 2570 488 2603 εδίδαξε
511 2524 559 2605 τήν
575 2524 663 2596 ἀίτίαν
689 2569 722 2596 δι’
741 2569 774 2605 ἣν
783 2570 838 2601 τοῖς
862 2569 928 2605 πλή-

1333 2521 1404 2550 XIX.

1011 2569 1076 2597 Item
1091 2569 1214 2597 Christus
1228 2576 1336 2597 causam
1350 2567 1441 2596 docuit
1450 2575 1498 2595 cur
1510 2575 1542 2595 au
1555 2568 1754 2596 multitudinem

148 2616 206 2644 οισι
233 2616 267 2643 δι’
283 2616 450 2652 αἰνιγμάτων
464 2616 526 2647 τοὺς
548 2615 642 2650 λόγους
662 2615 928 2666 παρεδίδουιησύτοῖς

985 2623 1029 2643 ton
1053 2616 1155 2650 absque
1182 2616 1322 2651 aenigmate
1348 2614 1524 2648 loqueretur:
1541 2614 1677 2649 discipulis
1698 2615 1756 2650 qui-

149 2662 199 2698 μὲν
215 2661 338 2697 ἐφεῖσθαι
355 2662 438 2689 είπὼν
451 2661 485 2688 τά
501 2662 637 2697 μυστήρια
650 2662 698 2696 τῆς
712 2660 758 2687 τοῦ
768 2660 844 2712 Θεοῦ.
851 2660 931 2712 βασι-η

985 2661 1036 2688 lem
1051 2662 1160 2688 concedi
1172 2661 1275 2692 dicens.
1287 2664 1316 2687 ut
1327 2660 1451 2696 mysteria
1464 2660 1536 2693 regni
1550 2660 1593 2687 Dei
1605 2661 1753 2694 discerent.

148 2707 384 2744 λείαςμανθάνειν,
400 2708 436 2743 μὴ
453 2707 569 2735 δίδοσθαι
578 2707 607 2734 δὲ
618 2707 740 2739 ἐκείνοις,
758 2707 820 2738 τοὺς
833 2707 925 2741 ὄχλους

987 2715 1030 2735 Ion
1049 2711 1138 2735 tamen
1155 2707 1249 2735 turbis.
1277 2706 1321 2733 Ait
1332 2706 1405 2733 enim
1422 2714 1428 2732 :
1445 2704 1493 2732 Est
1507 2710 1595 2733 autem
1609 2706 1664 2734 hac
1677 2713 1755 2742 para-

195 2810 239 2856 Ψ)
254 2810 363 2856 Wa"
375 2808 730 2856 “22.2.b'_§.°9“£“..“3..'!?fﬁ
742 2814 922 2856 911353559:
974 2809 1073 2856 ΑΗ).
1084 2808 1150 2856 99.“;
1176 2806 1363 2856 E;."J.§:-P:
1378 2806 1756 2856 ΗΞἾἚΓΞΕΨΓ...⁵θὲ¹ἑ¹⁸“ιί¹⁵ν

150 2841 273 2873 dentibus
284 2851 345 2879 apte
357 2841 490 2883 connecti,
508 2841 576 2883 quis
588 2851 641 2883 non
661 2843 755 2869 videt?
768 2850 921 2877 quanquam
974 2849 1001 2872 ut
1013 2841 1075 2880 'jam
1088 2844 1154 2877 dixi,
1175 2851 1235 2872 cum
1254 2843 1364 2877 Syriaca
1378 2841 1553 2876 Theopltunia,
1570 2849 1608 2876 tv,
1620 2842 1665 2871 55.

150 2880 176 2908 ἰιι
188 2881 282 2910 codice
299 2880 405 2912 nonnisi
419 2881 519 2908 nudum
535 2879 642 2907 Eusebii
665 2884 762 2906 namen
781 2883 885 2913 gerunt.
