2045 3215
294 177 346 207 679

295 237 355 263 bo'la
370 244 380 263 :
392 234 486 263 Semen
497 233 646 261 "(verbum
659 232 718 265 Dei,
732 232 814 260 elc.‘ﬂ
825 246 860 252 -—
873 232 998 258 Diversos
1012 231 1070 258 ani-
1085 235 1110 262 Α

295 289 400 309 marum
412 280 519 307 habitus
533 280 559 306 in
571 279 603 306 iis
618 278 664 312 qui
675 278 824 305 doctrinam
837 276 894 310 ejus
909 276 1075 310 subsequatu-

295 333 322 354 te
335 331 454 361 tempore
465 325 616 360 suscepturi
630 328 719 356 crant,
735 327 807 350 recte
818 323 962 350 admodum
977 321 1077 349 revelat

295 372 435 400 Dominus.
450 371 517 398 'l‘res
534 369 660 396 videlicet
680 368 792 395 ordines
807 368 944 394 hominum
960 367 1017 395 fore
1033 368 1074 395 di-

294 416 344 448 cit,
357 416 401 450 qui
419 415 546 442 doctrinae
558 421 613 440 sua:
628 420 718 440 semen
731 413 801 439 haud
813 413 880 440 bene
890 412 1076 446 sintreceptu-

295 464 329 490 ri.
342 461 408 489 Tres
419 461 536 488 vicissim
548 460 714 494 egregiorum
728 459 866 486 hominum
880 459 987 490 choros,
1001 459 1077 486 home

296 513 375 536 terrm
398 507 483 534 instar
502 504 630 533 doctrinm
648 504 763 531 fructum
780 504 886 531 uberem
908 512 939 532 ac
953 504 1077 538 multipli-

296 559 384 581 catum
399 553 528 579 edituros.
540 551 611 585 Ergo
625 550 683 578 illos
694 552 738 585 qui
750 549 820 584 iacta
837 551 862 577 in
874 551 989 577 animam
1001 558 1076 578 suam

296 600 397 627 semina
413 598 598 632 pessumdant,
624 604 720 625 causas
735 597 833 624 habere
851 597 915 624 dicit
929 602 992 625 tres.
1012 596 1076 623 Nam

294 645 336 672 vcl
361 643 451 671 mundi
466 643 546 675 curis,
573 650 604 669 ac
629 649 720 669 rerum
742 643 851 669 minime
865 643 1076 670 necessariarum

295 690 394 722 studio,
419 694 446 717 et
464 689 559 724 opibus
572 688 729 722 deliciisque
742 688 874 724 impliciti,
895 695 986 716 semen
1000 697 1078 716 suum

295 737 452 767 obruentes,
475 735 559 770 spinis
583 734 780 769 quodammodo
796 734 927 762 suffocare
942 735 1077 762 videntur.

298 782 344 809 Vel
360 782 470 808 minime
488 781 514 807 in
533 780 630 807 mentis
643 787 699 807 sum
712 780 896 814 penetralibus
917 785 1024 815 recepto
1036 788 1079 807 se-

297 827 380 859 mine,
401 826 525 853 celeriter
539 825 723 860 exstinguunt,
745 825 875 860 angustiis
889 826 1017 859 correpti.
1031 825 1079 853 Vel

298 872 378 899 tertio
399 871 515 906 denique
540 878 622 899 causa
645 871 783 898 atnittendi
809 871 864 898 dati
887 871 998 899 seminis
1028 871 1078 899 sibi

297 919 374 951 liunt,
393 918 454 946 dum
468 917 571 952 patulas
583 925 662 945 aures
684 918 805 952 pra‘bent
825 918 980 946 hominibus
1005 918 1078 946 deci-
1094 922 1115 949 Β

296 964 385 999 piendi
399 964 535 997 studiosis,
548 969 575 991 ct
584 964 657 999 jacta
678 964 703 991 in
719 964 824 991 illorum
841 965 958 992 animam
974 967 1078 993 semina

297 1010 450 1045 diripiendi.
467 1009 528 1038 Hmc
546 1011 627 1046 igitur
642 1010 788 1038 secundum
802 1018 878 1038 suam
896 1011 1076 1046 provisionem

297 1054 468 1090 a_Servatore
483 1055 609 1089 pratdicta
625 1055 743 1082 luerunt.
759 1055 803 1082 Sic
814 1060 902 1082 autem
919 1063 975 1082 rem
989 1063 1018 1083 se
1029 1056 1078 1083 ha-

297 1102 361 1128 bere
373 1100 617 1134 exploratissimum
633 1105 685 1128 cst.
696 1101 772 1127 llaud
782 1101 860 1128 aliter
873 1101 943 1128 enim
959 1102 1078 1129 nonnulli

297 1146 425 1172 excidunt
441 1145 576 1179 religionis
590 1145 721 1177 doctrina,
741 1145 793 1173 nisi
806 1145 898 1181 aliquo
915 1154 930 1173 e
943 1147 1079 1181 praedictis

297 1191 331 1218 ab
342 1198 375 1219 eo
386 1191 480 1218 modis.
498 1190 627 1217 Similiter
642 1190 760 1218 melioris
772 1199 879 1226 quoque
892 1192 1004 1225 ordinis,
1021 1192 1080 1219 illo-

298 1244 357 1262 rum
372 1235 476 1263 scilicet
491 1235 661 1270 quicceleste
674 1243 785 1270 regnum
803 1241 866 1264 sunt
877 1238 1010 1272 adepturi,
1025 1242 1078 1265 tres

298 1281 399 1308 classes
412 1281 551 1308 Matthaaus
566 1281 678 1308 sistit".
693 1281 788 1309 Cuncti
801 1283 871 1309 enim
884 1282 918 1309 ab
927 1291 979 1310 uno
993 1289 1080 1310 satore

298 1332 326 1354 c'.
336 1326 451 1362 agricola
466 1327 493 1353 in
507 1326 647 1354 animabus
661 1327 727 1359 suis,
739 1334 789 1354 ceu
803 1327 935 1355 fertilibus
949 1328 1080 1363 bonisque

298 1372 389 1406 agris,
403 1379 483 1398 unum
499 1371 621 1406 idemque
637 1378 774 1407 receptum
790 1379 893 1405 semen,
912 1381 960 1408 pro
980 1374 1079 1401 viribus

298 1417 441 1449 excolunt;
469 1425 556 1452 neque
575 1423 662 1445 tamen
687 1419 744 1453 pari
763 1426 876 1446 numero
892 1419 1078 1454 multiplicant,

299 1470 392 1490 verum
407 1462 549 1497 plurimam
575 1463 673 1497 singuli
697 1464 723 1490 in
740 1463 817 1490 bonis
831 1465 886 1491 suis
902 1464 1079 1492 dill'crentiam

299 1516 353 1544 pm
373 1516 402 1536 se
416 1509 513 1536 ferunt.
538 1506 595 1536 Etsi
609 1509 679 1536 enim
696 1517 778 1536 unum
794 1510 843 1536 fuit
856 1510 883 1536 in
898 1510 939 1537 his
956 1511 1080 1538 omnibus

300 1562 402 1589 semen,
419 1563 489 1583 unus
500 1555 562 1582 item
578 1555 701 1590 idemque
714 1561 797 1589 sator,
817 1564 869 1584 non
886 1563 974 1584 tatncn
989 1559 1079 1593 singu-

300 1602 385 1628 lorum
397 1601 526 1628 sedulitas
541 1609 573 1629 ac
591 1601 713 1629 voluntas
728 1609 818 1636 parem
837 1603 863 1629 in
879 1603 1001 1630 omnibus
1021 1604 1076 1631 fru-
1093 1595 1113 1623 (ἶ

300 1652 371 1674 ctum
388 1646 498 1681 protulit
515 1654 522 1672 :
537 1647 711 1681 quamobrem
729 1654 762 1674 ne
781 1647 952 1682 agriculturae
973 1649 1079 1683 quidem

302 1694 402 1720 rcditus
416 1700 465 1727 par
480 1692 578 1727 ubique
593 1691 643 1718 luit
656 1701 662 1718 :
676 1692 721 1719 sed
736 1691 780 1718 alii
798 1692 904 1726 triginta
920 1693 1078 1726 retulerunt,

300 1738 345 1765 alii
364 1737 530 1772 trigesimum
543 1743 682 1763 numerum
704 1736 885 1771 duplicarunt,
905 1737 950 1764 alii
965 1737 1080 1772 denique.

301 1784 393 1810 labore
403 1783 596 1818 prmcellentes,
610 1782 787 1816 centuplicem
809 1781 924 1809 fructum
938 1783 1078 1812 dederunt.

300 1829 377 1857 Prior
388 1837 451 1864 ergo
461 1828 506 1856 ille
518 1828 585 1856 ordo
597 1828 667 1856 haud
679 1828 756 1855 aliter
768 1828 857 1856 divina
873 1828 1080 1857 fructiﬁcatione

300 1875 431 1909 privatur,
451 1873 502 1901 nisi
517 1873 606 1908 aliquo
625 1880 640 1900 e
659 1874 794 1908 praedictis
809 1874 904 1902 modis.
921 1875 971 1908 Qui
991 1881 1079 1903 autem

301 1921 327 1948 in
353 1920 487 1948 contrario
507 1919 603 1947 ordine.
618 1924 689 1952 sunt,
711 1927 776 1954 pura
806 1920 894 1947 anima
917 1925 944 1948 et
965 1922 1080 1956 genuino

301 1966 398 1993 mentis
411 1966 557 2000 proposito,
579 1965 688 1993 salutari
710 1970 816 2000 recepto
835 1966 946 1999 semine,
963 1968 1078 1995 vicissim

300 2019 348 2045 pro
362 2019 417 2038 sua:
437 2011 532 2038 anima:
548 2011 650 2039 viribus
667 2011 898 2040 fructiﬁcationem
918 2021 993 2041 suam
1010 2015 1079 2041 mul-

301 2058 431 2092 tiplicant.

302 2103 372 2138 οαρᾷ
389 2103 460 2139 ψυχῇ
472 2112 518 2130 και
536 2104 691 2138 προαιρέσει
711 2104 809 2140 γνησίᾳ
827 2104 873 2131 τὸν
893 2106 1022 2141 σωτήριον
1049 2107 1239 2147 ὑποδεξάμενοι
1268 2116 1377 2151 σπόρον,
1399 2117 1479 2143 πάλιν
1518 2118 1587 2145 κατὰ
1623 2119 1737 2155 δύναμιν
1756 2121 1804 2156 τῆς
1828 2119 1906 2146 αὐτῶν

300 2151 388 2186 ψυχῆς
404 2150 649 2182 πολυπλασιάζουσι
661 2151 723 2183 τοὺς
736 2151 839 2178 ἑαυτῶν
849 2153 978 2188 καρπούς.

643 172 776 201 EUSEBH
795 171 1032 201 CIESMHENSIS
1050 172 1123 199 ΟΡΡ.
1146 171 1235 199 PARS
1254 171 1299 200 IV.
1319 185 1352 192 -α
1371 171 1578 201 DOGMATlCA.

1857 174 1903 201 680

1122 242 1255 277 δηλώσας
1262 242 1313 278 ἔφη
1322 243 1471 278 γάρ”Έστι
1480 242 1514 269 δὲ
1519 244 1593 277 αὕτη
1605 243 1623 277 ἡ
1633 242 1794 278 παραϐολή·
1804 243 1904 278 Ὀξσπό-

1121 296 1176 321 ρος
1188 287 1272 314 ἐστὶν
1283 289 1299 314 ό
1312 289 1402 322 λόγος
1419 288 1471 315 τοῦ
1488 289 1572 321 Θεοῦ,
1588 298 1615 316 κ.
1631 298 1655 316 τ.
1667 289 1788 325 λ.-(1Ξ)
1800 289 1853 320 Τὰς
1878 291 1903 316 ἐν

1124 334 1222 369 ψυχαῖς
1234 334 1370 370 ’διαφορὰς
1389 334 1443 360 τῶν
1458 335 1506 370 τὴν
1522 335 1695 363 διδασκαλίαν
1711 334 1792 362 αὑτοῦ
1803 334 1904 370 μελλόν-

1124 387 1177 405 των
1190 379 1365 413 ὑποδέχεσθαι
1384 380 1413 405 ὲν
1425 381 1480 412 τοῖς
1499 380 1567 415 μετὰ
1583 380 1668 408 ταῦτα
1681 381 1784 417 χρόνοις
1802 379 1830 408 εὖ
1841 380 1905 416 μάλα

1126 424 1277 459 ὲκγυμνοίὁ
1287 424 1398 459 Κύριος·
1411 425 1458 451 καὶ
1469 425 1532 461 τρία
1548 427 1596 461 μὲν
1602 427 1731 462 τάγματα
1744 428 1797 454 τῶν
1811 428 1838 454 οὗ
1847 433 1906 463 γνη-

1127 470 1191 501 σίως
1210 470 1255 496 τὸν
1275 471 1374 506 σπόρον
1391 472 1439 507 τῆς
1453 472 1534 498 αὑτοῦ
1551 473 1722 505 διδασκαλίας
1731 470 1907 509 παραδεχομέι-

1126 527 1178 544 νων
1203 516 1310 544 ἔσεσθαι
1339 518 1529 553 προαγορεύει·
1560 520 1633 554 τρεῖς
1652 519 1781 550 ὡσαύτως
1805 518 1907 553 ἀγαθῶν

1125 563 1222 598 χοροὺς
1238 562 1291 589 τῶν
1315 563 1394 598 δίκην
1409 563 1515 597 εὐγείου
1527 563 1617 600 χώρας
1628 565 1846 601 πολυφορούντων
1865 567 1908 592 καὶ

1127 607 1399 640 πολυπλασιαζὸντων
1420 609 1465 636 τὸν
1477 609 1565 644 λόγον.
1582 611 1641 637 Τῶν
1660 611 1708 646 μὲν
1716 609 1763 638 οὖν
1779 611 1907 638 ἀπολλύν-

1127 663 1180 681 των
1204 655 1236 682 τὰ
1261 656 1483 691 καταϐαλλόμενα
1503 659 1536 693 τῇ
1562 657 1651 684 αὐτῶν
1674 658 1745 693 ψυχῇ
1773 658 1908 694 σπέρματα

1128 701 1216 732 αἰτίας
1241 699 1309 728 εἷναί
1336 711 1400 738 φησι
1422 704 1506 738 τρεῖς
1522 703 1539 738 ἦ
1556 703 1610 740 γὰρ
1634 703 1686 730 ὑπὸ
1701 705 1846 740 φροντίδων
1867 704 1907 731 τοῦ

1129 745 1197 779 βίου,
1207 746 1253 772 καὶ
1272 748 1320 782 τῆς
1335 747 1410 783 παρὰ
1423 747 1456 774 τὰ
1474 749 1510 784 μὴ
1521 749 1654 784 ἀναγκαῖα
1672 751 1801 786 σπουδῆς,
1824 751 1873 777 ὑπὸ
1881 759 1907 778 τε

1129 791 1244 818 πλούτου
1264 793 1311 819 καὶ
1328 794 1443 828 τρυφῆς,
1476 795 1696 829 καταχωννύντες
1713 795 1759 822 τὸν
1779 796 1807 823 ἐν
1825 795 1908 827 αὐτοῖς

1129 837 1229 872 σπόρον
1244 838 1347 864 ἐοίκασι
1358 840 1414 870 τοῖς
1425 839 1477 865 ὑπὸ
1490 840 1614 867 ἀκανθῶν
1630 841 1818 876 ἀποπνίγουσι·
1833 841 1849 877 ἢ
1864 842 1909 868 οὐκ

1130 883 1184 909 ἀπὸ
1203 883 1301 918 βάθους
1321 884 1440 917 διανοίας
1469 886 1550 912 αὑτὸν
1572 885 1799 922 παραδεξάμενοι,
1821 887 1909 914 θᾶττον

1129 929 1339 957 ἀποσϐέννυνται
1362 931 1549 966 περιστάσεως
1571 933 1785 969 καταλαϐούσης·
1808 933 1824 970 ἦ
1846 934 1909 960 κατὰ

1128 975 1223 1010 τρίτην
1246 975 1335 1003 αἰτίαν
1360 976 1441 1003 αἴτιοι
1467 978 1603 1011 ἀπωλείας
1625 979 1802 1006 καθίστανται
1822 980 1866 1007 τοῦ
1884 982 1910 1007 ὲν

1129 1020 1220 1052 αὐτοῖς
1238 1021 1351 1057 σπόρου,
1368 1023 1417 1055 τὰς
1436 1024 1525 1050 αὐτῶν
1549 1025 1634 1056 ἀκοὰς
1653 1025 1803 1058 ἐκδιδόντες
1815 1026 1909 1058 ἀνέτως

1128 1067 1183 1097 τοῖς
1198 1066 1334 1103 ἐξαπατᾷν
1350 1068 1470 1096 ἐθέλουσι
1489 1070 1535 1096 καὶ
1546 1071 1718 1106 ὑφαρπάζειν
1731 1072 1766 1098 τὰ
1777 1073 1806 1099 ἐν
1820 1073 1851 1108 τῇ
1866 1072 1909 1099 αὐ-

1128 1110 1181 1138 τῶν
1198 1112 1268 1148 ψυχῇ
1296 1114 1501 1149 καταϐληθέντα
1520 1116 1673 1151 σπέρματα.
1696 1117 1789 1145 Ταῦτα
1809 1118 1856 1154 μὲν
1868 1116 1909 1145 οὖν

1129 1156 1200 1182 κατὰ
1217 1159 1369 1193 πρόγνωσιν
1383 1160 1421 1195 τῷ
1438 1161 1542 1197 Σωτῆρι
1561 1162 1736 1197 προλέλεκτο·
1755 1165 1811 1196 τοῖς
1826 1164 1852 1191 δὲ
1868 1163 1908 1200 ἕρ-

1128 1210 1188 1236 γοις
1202 1203 1287 1235 οὕτως
1297 1204 1391 1240 ἔχοντα
1408 1207 1423 1241 ή
1443 1207 1570 1242 ἐνάργεια
1582 1209 1759 1244 παρίστησιν-
1775 1209 1822 1236 οὐκ
1830 1209 1908 1240 ἄλλως

1129 1248 1182 1284 γὰρ
1199 1250 1360 1278 ἐκπίπτουσι
1371 1261 1442 1285 τινες
1453 1253 1499 1280 τοῦ
1511 1254 1559 1289 τῆς
1576 1254 1731 1287 θεοσεϐείας
1747 1255 1908 1291 λόγουῆκαθ“

1129 1295 1177 1322 ἕνα
1190 1296 1242 1322 τῶν
1260 1297 1305 1323 ὑπ’
1319 1298 1400 1325 αὐτοῦ
1419 1299 1628 1336 προρρηθέντων
1643 1302 1762 1337 τρόπων.
1786 1302 1907 1333 Ὡσαύτως

1130 1340 1158 1366 δὲ
1176 1341 1221 1367 καὶ
1240 1342 1286 1368 τοῦ
1302 1343 1454 1378 κρείττονος
1465 1345 1602 1380 τάγματος
1617 1345 1670 1372 τῶν
1683 1347 1849 1382 τευξομένων
1866 1346 1908 1380 τῆς

1129 1387 1252 1422 οὐρανίου
1273 1387 1410 1422 βασιλείας
1427 1393 1500 1425 τρεῖς
1517 1389 1585 1418 εἶναι
1601 1391 1692 1424 τάξεις
1716 1393 1834 1428 παρίστη
1848 1392 1907 1420 κατὰ

1130 1432 1278 1465 Ματθαῖον,
1294 1434 1400 1461 πάντων
1411 1436 1458 1470 μὲν
1473 1436 1517 1471 ὑφ’
1530 1437 1590 1468 ἑνὸς
1601 1438 1724 1474 σπορέως
1733 1447 1761 1465 τε
1775 1439 1820 1466 καὶ
1832 1447 1906 1474 γεωρ-

1130 1478 1178 1511 γοῦ
1202 1480 1261 1510 ταῖς
1280 1480 1369 1506 αὐτῶν
1384 1481 1491 1516 ψυχαῖς,
1510 1480 1553 1508 οἶα
1570 1483 1601 1518 δὴ
1616 1483 1720 1519 χώραις
1741 1485 1852 1519 εὐγείοις
1869 1485 1906 1511 κα1

1130 1521 1253 1555 ἀγαθαῖς,
1270 1523 1317 1550 ἕνα
1338 1525 1384 1550 καὶ
1404 1525 1447 1551 τὸν
1478 1526 1557 1553 αὐτὸν
1573 1528 1794 1565 ὺποδεδεγμένων
1809 1530 1907 1566 σπόρον,

1130 1574 1237 1602 γεωργη
1242 1567 1344 1595 σάντων
1351 1569 1379 1594 δὲ
1385 1570 1464 1596 αὑτὸν
1478 1572 1676 1608 κατὰδύναμιν,
1686 1574 1900 1601 πολυπλασιασάν

1129 1619 1182 1637 των
1199 1620 1228 1637 τε
1243 1613 1291 1648 οὺχ
1303 1614 1413 1648 ὁμοίως,
1429 1614 1496 1642 ἀλλὰ
1521 1616 1650 1653 πλείστην
1665 1619 1788 1645 ἑκάστων
1803 1619 1905 1651 ἐνδειξα-

1132 1655 1218 1690 μένων
1233 1658 1261 1683 ὲν
1285 1659 1396 1692 ἀγαθοῖς
1423 1660 1561 1696 διαφοράν·
1577 1663 1600 1688 εί
1614 1663 1644 1698 δὴ
1659 1661 1700 1695 εἷς
1720 1664 1769 1699 μὲν
1791 1662 1823 1700 ἧν
1837 1666 1907 1691 πᾶσιν

1130 1702 1220 1733 αὐτοῖς
1236 1704 1250 1729 ὁ
1273 1704 1382 1739 σπόρος,
1399 1703 1436 1737 εἷς
1452 1706 1479 1731 δὲ
1495 1708 1541 1733 καὶ
1556 1708 1569 1733 ὁ
1580 1707 1658 1740 αὐτὸς
1673 1710 1800 1745 σπορεὺς,
1816 1710 1844 1736 οὺ
1862 1710 1907 1745 μὴν

1129 1747 1162 1773 τὰ
1177 1748 1205 1780 eg
1219 1749 1376 1783 ἐπιμελείας
1392 1751 1441 1786 τῆς
1458 1752 1572 1779 ἑκάστου
1588 1754 1783 1790 προαιρέσεως,
1798 1756 1841 1782 ῐσα
1859 1756 1907 1786 τοῖς

1132 1793 1213 1818 πᾶσιν
1229 1793 1377 1829 ἐπορίζετο·
1408 1796 1448 1822 διὸ
1469 1796 1528 1823 οὐδὲ
1552 1797 1566 1823 ὁ
1590 1798 1640 1832 τῆς
1657 1799 1795 1835 γεωργίας
1815 1799 1907 1834 καρπὸς

1131 1837 1222 1872 ὅμοιος
1240 1839 1314 1875 παρὰ
1328 1841 1383 1872 τοῖς
1397 1842 1478 1868 πᾶσιν
1487 1840 1529 1877 ἦν·
1538 1843 1598 1869 ἀλλ’
1606 1844 1630 1869 οἱ
1645 1843 1694 1878 μὲν
1710 1845 1908 1879 τριακοντάχουν

1131 1882 1345 1920 ὲκαρποφόρουν,
1363 1887 1386 1912 οἱ
1405 1887 1433 1913 δὲ
1451 1888 1525 1924 παρὰ
1540 1888 1651 1920 τούτους
1670 1889 1870 1921 ἐδιπλασίαζον.
1888 1890 1907 1914 οξ

1132 1928 1159 1953 δὲ
1175 1929 1386 1964 ὑπερϐάλλοντες
1400 1933 1431 1967 τῇ
1443 1934 1583 1969 φιλοπονίᾳ.
1596 1934 1791 1970 ἑκατοντάχουν
1801 1936 1843 1962 τὸν
1852 1943 1906 1970 tuo

1133 1973 1182 1999 πδν
1193 1975 1360 2003 ἀπεδίδοσαν.
1383 1979 1493 2005 Ἐκεῖνοι
1509 1980 1557 2014 μὲν
1571 1978 1617 2006 οὖν
1630 1981 1680 2006 οὐκ
1691 1981 1778 2013 ἄλλως
1787 1981 1835 2016 τῆς
1847 1981 1906 2006 κατά

1132 2020 1196 2046 Θεὸν
1215 2022 1351 2057 στέρονται
1362 2025 1548 2061 καρποφορίας
1564 2025 1579 2060 ἢ
1595 2026 1654 2052 καθ’
1666 2027 1715 2053 ἕνα
1729 2027 1782 2054 τῶν
1792 2026 1905 2061 λελεγμέ-

1131 2073 1183 2092 νων
1197 2068 1314 2102 τρόπων·
1330 2070 1390 2096 οἱδὲ
1408 2071 1534 2103 ἐναντίως
1547 2072 1660 2104 ἐκείνοις
1673 2073 1846 2109 διακείμενοι,
1863 2082 1906 2100 κα-

336 2199 447 2225 Etiamsi
471 2199 655 2232 saecularibus,
675 2200 776 2236 inquit,
814 2201 920 2228 nonnisi
938 2209 985 2235 per
1002 2209 1080 2236 para-

1167 2205 1222 2240 (15)
1235 2206 1266 2232 Εἰ
1279 2207 1369 2233 καὶτὰ
1378 2207 1503 2242 μάλιστα,
1521 2210 1596 2244 φησὶ,
1611 2212 1668 2242 τοῖς
1680 2211 1733 2243 ἔξω
1743 2212 1786 2238 διὰ
1797 2209 1905 2246 παραϐο-

302 2243 389 2271 bolam
407 2243 476 2270 l'acla
490 2243 570 2270 verba
586 2248 658 2276 sunt,
675 2248 704 2270 ut
717 2244 836 2271 videntes
852 2252 902 2271 non
918 2245 1039 2278 videant.
1053 2252 1080 2274 et

303 2289 442 2317 audientes
457 2297 509 2316 non
526 2289 675 2324 intelligant
695 2294 803 2324 propter
816 2298 892 2318 suam
908 2291 1079 2320 incredulita-

302 2339 374 2368 tem;
388 2335 563 2362 nihilominus
575 2336 670 2370 cuique
681 2336 762 2370 digno
776 2341 845 2364 totus
856 2345 944 2366 sermo
957 2339 1008 2366 erit
1018 2347 1078 2374 per-

303 2381 421 2416 spicuus.
435 2380 502 2408 Nam
518 2388 567 2407 nec
584 2380 691 2408 lucerna
714 2386 745 2408 ut
763 2389 796 2409 ne
811 2382 898 2410 luceat
915 2384 1077 2418 incenditur,

303 2435 388 2462 neque
417 2432 446 2454 ut
464 2427 515 2454 sub
532 2427 618 2454 modio
633 2427 675 2454 vel
692 2427 762 2455 lecto
774 2428 906 2456 condatur
917 2430 1002 2457 “:ita
1013 2430 1079 2458 nihil

302 2471 369 2498 adeo
380 2471 432 2498 erit
448 2471 641 2502 absconditum,
656 2475 685 2498 ut
699 2471 762 2498 nulli
785 2473 894 2500 omnino
917 2473 1076 2502 innotescat.

302 2517 347 2543 Sic
360 2517 442 2543 etiam
457 2516 586 2544 cmlorum
608 2518 682 2552 regni
706 2518 832 2553 mysteria
853 2527 901 2554 per
923 2521 1076 2554 parabolam

302 2562 382 2594 dicta,
410 2562 459 2589 etsi
486 2562 547 2589 ﬁdei
568 2567 710 2591 extraneos
741 2563 836 2598 latent,
855 2573 968 2600 quorum
997 2568 1078 2595 etiam

301 2614 381 2634 causa
411 2607 528 2634 involute
557 2613 620 2635 sunt
635 2608 748 2642 prolata,
767 2617 821 2637 non
845 2615 934 2639 tamen
959 2613 1078 2645 impene-

303 2652 424 2679 trabilem
445 2652 569 2679 omnibus
587 2660 695 2680 sensum
712 2653 858 2682 habebunt.
881 2656 918 2682 Ita
938 2663 1002 2691 ergo
1018 2661 1080 2684 sunt

303 2696 383 2727 dicta,
398 2701 427 2723 ut
439 2704 452 2723 a
464 2698 550 2732 dignis
561 2698 743 2726 tantummodo
757 2705 964 2734 cognoscantur.
979 2701 1080 2735 Quam-

302 2741 393 2768 obrem
407 2749 463 2775 vos,
477 2743 597 2777 discipuli
616 2743 677 2776 mei,
691 2749 717 2770 et
732 2746 842 2773 cernitis
854 2750 881 2772 et
895 2746 992 2774 auditis
1006 2755 1081 2775 men-

302 2784 337 2810 tis
349 2785 433 2812 oculis
449 2791 528 2821 atque
543 2787 652 2814 auribus
668 2788 816 2822 puriﬁcatis
836 2797 866 2816 ea
883 2798 943 2825 qua:
959 2792 1080 2819 multitu-

333 2831 433 2860 “Luc.
447 2841 504 2866 Vlll,
517 2834 559 2861 ll.
596 2835 618 2850 "
637 2835 732 2863 Matth.
748 2837 861 2869 “11,25.
900 2839 923 2855 ⁵⁸
942 2838 1126 2875 [ιυο.νιιι,16.

1117 2890 1173 2925 (15)
1186 2890 1252 2919 Cod.
1265 2891 1298 2919 Δ.
1313 2891 1331 2920 ΐ.
1350 2893 1410 2928 124,
1425 2894 1451 2924 b.
1467 2895 1532 2924 Cod.
1552 2896 1583 2924 L.
1600 2897 1618 2925 f.
1634 2898 1676 2925 18.

337 2879 393 2914 (12)
408 2879 472 2909 Cod.
491 2880 522 2908 Α.
540 2881 557 2908 l'.
575 2881 634 2909 1°24.
649 2881 714 2911 Cod.
731 2883 760 2911 ι.
780 2884 798 2911 f.
816 2885 858 2911 16.
880 2886 906 2914 6.

1132 2248 1180 2284 λῆς
1198 2250 1303 2286 εἴρηται
1315 2252 1348 2278 τὰ
1365 2253 1507 2289 λεγόμενα,
1518 2255 1562 2281 ἵνα
1578 2254 1722 2290 βλέποντες
1736 2257 1772 2292 μὴ
1786 2257 1904 2292 βλέπωσι,

1134 2295 1180 2320 καὶ
1197 2295 1339 2328 ἀκούοντες
1358 2299 1394 2333 μὴ
1421 2299 1531 2325 συνιῶσι
1552 2300 1595 2326 διὰ
1607 2300 1656 2336 τὴν
1674 2302 1802 2328 ἀπιστίαν
1815 2302 1904 2333 αὐτῶν⁷

1131 2339 1198 2366 ἀλλὰ
1213 2342 1270 2373 τοῖς
1285 2351 1317 2376 γε
1330 2343 1414 2375 ἀξίοις
1430 2345 1517 2380 σαφὴς
1528 2345 1603 2372 ἔσται
1615 2347 1667 2378 πᾶς
1679 2347 1766 2382 λόγος.
1781 2347 1845 2374 Οὔτε
1859 2348 1904 2381 γὰρ

1131 2384 1225 2420 λύχνος
1244 2387 1289 2412 ἐπὶ
1304 2387 1343 2421 τῷ
1366 2389 1402 2423 μὴ
1423 2389 1527 2423 φαίνειν
1551 2390 1709 2424 ἐξάπτεται,
1733 2393 1785 2419 οὐδ’
1811 2392 1855 2418 ἐπὶ
1872 2391 1903 2425 τῷ

1132 2431 1314 2459 καλύπτεσθαι
1333 2433 1384 2460 ὑπὸ
1399 2435 1487 2469 μόδιον
1510 2435 1526 2471 ἢ
1556 2436 1658 2472 κλίνηψ
1681 2438 1772 2464 οὐκέτι
1795 2437 1903 2473 κρυπτὸν

1131 2476 1207 2504 ἔσται
1219 2478 1305 2514 πάντη
1314 2479 1454 2512 λανθάνον,
1471 2481 1509 2513 ὡς
1525 2482 1561 2518 μή
1578 2491 1633 2509 τισι
1650 2482 1715 2518 γοῦν
1725 2482 1903 2519 γνωρίζεσθαι·

1130 2521 1214 2554 οὕτως
1239 2523 1285 2549 καὶ
1310 2524 1345 2550 τὰ
1360 2525 1409 2560 τῆς
1425 2526 1562 2560 βασιλείας
1575 2527 1628 2554 τῶν
1645 2529 1764 2564 οὐρανῶν
1778 2528 1903 2564 μυστήρια

1129 2568 1173 2594 διὰ
1186 2570 1342 2606 παραϐολῆς
1353 2571 1495 2607 λεγόμενα,
1509 2574 1532 2599 εί
1547 2574 1594 2600 καὶ
1605 2575 1667 2607 τοὺς
1675 2575 1728 2609 ἔξω
1734 2576 1783 2611 τῆς
1796 2575 1902 2604 πίστεως

1130 2614 1268 2648 λανθάνει,
1280 2616 1312 2642 δι’
1329 2617 1376 2648 οὓς
1387 2619 1434 2644 καὶ
1446 2619 1706 2655 ὲπικεκαλυμμὲνως
1723 2621 1836 2657 εἴρηται,
1852 2618 1902 2646 ἀλλ’

1126 2659 1157 2686 οὑ
1175 2661 1231 2692 τοῖς
1247 2662 1328 2689 πᾶσιν
1341 2662 1496 2699 ἀπόρρητον
1509 2665 1627 2700 περιέξει
1641 2666 1686 2693 τὸν
1704 2666 1775 2693 νοῦψ
1789 2666 1901 2692 λέλεκται

1126 2705 1192 2738 γοῦν
1206 2706 1244 2738 ὡς
1267 2707 1300 2734 ἂν
1324 2709 1415 2743 μόνοις
1440 2711 1497 2742 τοῖς
1517 2711 1604 2744 ἀξίοις
1625 2712 1790 2749 γνωρίζοιτο.
1811 2711 1900 2745 Διόπερ

1128 2751 1219 2786 ὑμεῖς,
1229 2754 1253 2780 οἱ
1263 2754 1324 2789 ἐμοὶ
1335 2755 1464 2791 μαθηταὶ,
1479 2758 1525 2785 καὶ
1536 2758 1648 2793 βλέπετε
1660 2761 1706 2787 καὶ
1724 2759 1832 2787 ἀκούετε
1849 2759 1900 2784 δια-

1127 2797 1199 2830 νοίας
1214 2799 1360 2835 ὀφθαλμοῖς
1377 2802 1424 2829 καὶ
1445 2803 1496 2830 ὠσὶ
1513 2805 1726 2842 κεκαθαρμένοις
1742 2807 1776 2834 τὰ
1793 2805 1828 2842 μὴ
1848 2804 1898 2833 τοῖς

1915 2277 1925 2303 ί
