2045 3215
139 127 189 155 881

829 123 872 151 DE
891 121 1126 152 TllEOPHANIA.

1716 119 1770 148 683

140 187 207 214 πᾶσι
223 185 396 221 καταληπτά
416 184 479 221 ὑμῖν
498 184 552 220 γὰρ
564 184 620 217 τοῖς
643 184 732 220 ἔχουσι
748 185 798 221 τὴν
827 186 866 216 εἰς
882 185 931 220 ἐμὲ

994 183 1038 212 lini
1065 181 1241 218 intelligibilia
1259 188 1311 210 non
1324 185 1396 210 sunt.
1414 179 1497 209 Vobis
1519 179 1602 213 enim,
1621 180 1666 216 qui
1682 181 1708 208 in
1727 189 1770 209 me

142 233 231 260 πίστιν
250 232 297 259 καὶ
312 232 329 267 ἡ
339 231 394 258 τῶν
404 231 567 267 ἀπορρήτων
586 224 802 266 προστεθήσεται
818 230 928 264 γνῶσις·

142 280 196 309 τοῖς
209 278 237 305 δὲ
257 278 295 313 μὴ
306 277 396 304 πίστιν
406 277 510 312 ἔχουσιν
526 276 669 311 είλικρινῆ,
687 276 932 311 προσποιουμένοις

142 324 169 352 δὲ
182 324 265 360 ἔχειν,
295 323 363 360 πρὸς
377 323 408 350 τὸ
424 323 506 359 μηδὲν
535 323 616 349 πλέον
639 323 671 349 ὲκ
691 322 744 349 τῶν
769 322 932 358 παραϐολῶν

144 369 332 405 γινώσκεσθαι,
343 369 389 395 καὶ
403 369 531 404 στέρησις
539 368 616 395 ἔσται
624 368 670 395 τοῦ
688 367 829 400 δοκοῦντος
841 368 932 399 αὐτοῖς

142 415 285 451 ὑπάρχειν,
305 413 480 450 ἐλεγχθείσης
497 414 587 441 αὐτῶν
612 415 640 442 ἐν
661 414 749 450 καιρῷ
775 414 825 450 τῆς
850 423 934 450 προσ-

143 461 255 496 ποιήτου
273 460 400 491 πίστεως.

187 506 217 532 '0
233 505 288 541 γὰρ
318 505 413 541 χρόνος
442 505 550 532 πάντων
576 504 694 540 ἔλεγχος
724 505 776 532 κᾶν
803 503 849 532 οὖν
867 505 934 541 πρὸς

143 552 233 587 ὀλίγον
245 553 263 588 ἡ
278 552 338 578 καθ’
358 552 435 587 ὑμῶν
453 552 549 587 ἰσχύσῃ
567 552 678 588 διαϐολὴ
698 552 744 578 ttat
757 552 934 586 συκοφαντία,

143 599 200 627 ἀλλ’
228 598 314 625 ἐπιὼν
337 599 351 625 ὁ
372 598 476 633 μακρὸς
494 599 599 634 χρόνος,
617 599 664 626 καὶ
687 599 876 634 διαλάμπουσα
901 598 936 624 δι’

144 645 220 681 ὑμῶν
229 646 312 672 πᾶσιν
320 644 473 680 ἀνθρώποις
482 645 702 680 καταϐαλλομὲνη
708 644 891 679 διδασκαλία(1
899 643 934 679 i),

144 693 177 719 τὰ
204 691 254 718 νῦν
285 691 353 723 τέως
378 691 543 718 λανθάνοντα
561 692 624 723 τοὺς
656 691 769 721 πολλοὺς
797 690 936 726 ἐκλάμψαι

144 738 262 774 ποιήσει,
279 737 326 764 καὶ
340 737 403 767 τοὺς
432 737 604 772 συκοφάντας
621 737 733 771 ἐλέγξει.
758 736 875 763 Βλέπετε
890 734 937 763 οὖν

145 785 203 817 πῶς
220 782 344 811 ἀκούετε·
361 783 455 818 ὁὲχων
477 784 531 819 γὰρ
545 783 693 810 σπουδαίαν
710 783 869 819 προαίρεσιν
890 782 938 818 λή-

145 831 224 866 ψεται
240 830 398 866 [Ινεύματος
414 830 494 866 χάριν
510 830 557 856 καὶ
571 829 666 864 σοφίας
682 830 728 856 καὶ
739 829 876 864 γνώσεως,
891 829 937 856 καὶ

145 877 223 911 ἀξίαν
236 877 291 903 τῶν
306 877 395 903 πόνων
411 877 460 912 τὴν
477 876 604 912 ἀμοιϐήν·
617 876 664 902 καὶ
680 876 709 908 ὃς
722 877 755 903 ἂν
765 875 803 911 μὴ
817 876 876 912 ἔχῃ,
892 877 939 902 καὶ

146 923 159 950 ὃ
173 923 248 950 δοκεῖ
258 923 340 958 ἔχειν,
352 922 500 959 ἀρθήσεται
513 923 559 949 ἀπ’
568 922 661 949 αὐτοῦ’
673 922 706 949 τὰ
720 923 773 959 γὰρ
784 924 817 949 ὲκ
833 923 939 957 φύσεως

146 968 212 1003 ἡμῖν
227 967 331 999 ἐνόντα,
345 968 361 1003 ἢ
379 967 422 994 διὰ
436 967 546 1004 χάριτος
560 967 680 999 δοθέντα,
696 967 744 994 ἐὰν
763 969 800 1004 μὴ
816 968 859 995 διὰ
875 977 939 994 συν-

147 1014 225 1050 εχοῦς
240 1014 377 1050 προσοχῆς
393 1015 440 1041 καὶ
464 1014 582 1050 σπουδῆς
604 1015 747 1048 φιλοπόνου
766 1014 938 1050 φυλάξωμεν,

147 1061 235 1090 ταῦτα
255 1061 499 1097 ζημιωθησόμεθα,
516 1061 545 1087 οὐ
563 1061 641 1096 μόνον
661 1061 743 1096 μηδὲν
762 1061 940 1096 προσλαμϐά-

147 1117 247 1141 νοντες,
270 1108 338 1134 ἀλλὰ
359 1107 597 1144 προσαπολλύντες
615 1109 661 1135 καὶ
681 1108 699 1135 ἃ
713 1109 784 1143 ἔχειν
798 1108 938 1143 ἐδόξαμεψ

147 1155 193 1183 καὶ
206 1153 240 1182 αὖ
255 1154 285 1187 ὃς
293 1154 386 1189 ἕχειτὺ
399 1154 477 1188 φύσει
492 1154 605 1190 εὑήκοον
621 1154 689 1190 πρὸς
700 1154 744 1180 τὸν
757 1154 845 1188 λόγον,
854 1153 941 1189 τούτῳ

149 1202 194 1228 καὶ
206 1202 221 1228 ὀ
231 1200 310 1236 λόγος
322 1199 456 1236 ἀληθινῶς
466 1200 577 1231 δίδοται,
595 1201 641 1226 καὶ
656 1201 832 1236 προσγίνεται
848 1201 882 1236 τῇ
895 1206 942 1234 tab-

149 1248 210 1283 σικῇ
229 1247 335 1274 συνέσει
354 1246 385 1273 τὸ
407 1247 439 1273 ὲκ
457 1246 530 1277 θείας
544 1247 702 1282 ἀκροάσεως
728 1245 818 1281 σοφόν.
843 1247 890 1277 Ὃς
913 1245 941 1271 δὲ

148 1294 197 1320 οὐκ
210 1294 268 1330 ἔχει
281 1294 311 1320 τὸ
333 1293 378 1320 διὰ
396 1293 446 1328 τῆς
474 1292 504 1326 ἐξ
517 1293 604 1328 ἀρχῆς
618 1293 798 1328 δημιουργίας
821 1292 941 1328 ὑπάρχον

149 1340 223 1376 αὑτῷ
239 1339 309 1367 σῶον
331 1338 540 1374 φυλαττόμενον,
558 1338 622 1370 ἴσως
646 1338 676 1364 τὸ
692 1338 758 1373 μηδὲ
775 1338 837 1364 νοῦν
855 1338 942 1373 ἔχοντι

149 1386 321 1418 καθίσταται,
334 1384 519 1421 φρενοϐλαϐὴς
532 1385 584 1411 ὑπὸ
598 1384 645 1410 τοῦ
658 1384 777 1420 πονηροῦ
787 1385 940 1419 γενόμενος·

149 1431 276 1466 καθάπερ
293 1431 340 1457 καὶ
354 1432 368 1457 ὁ
389 1431 452 1462 τοὺς
466 1430 621 1466 ὀφθαλμοὺς
637 1430 714 1466 ἔχων,
736 1432 760 1457 εἰ
783 1431 820 1466 μὴ
837 1431 942 1466 βλέποι,

151 1477 209 1509 ῐσος
234 1476 275 1512 τῷ
298 1476 390 1512 τυφλῷ
406 1477 561 1512 γεγένηται”
584 1477 630 1504 καὶ
659 1477 726 1512 φαίη
752 1486 793 1509 τις
809 1478 842 1504 ἂν
863 1479 943 1505 αὑτὸν

982 229 1105 261 creditis,
1130 235 1290 256 arcanorum
1322 235 1430 263 quoque
1456 226 1599 262 adjicictur
1621 227 1727 254 notitia.
1751 226 1771 255 li

983 279 1072 301 autem
1100 273 1145 308 qui
1170 280 1264 308 puram
1292 273 1373 300 ﬁdem
1400 280 1453 301 non
1478 271 1590 304 habent.
1613 272 1660 299 sed
1688 273 1771 299 simu-

983 319 1050 352 lant,
1061 324 1239 354 praterquam
1251 319 1323 355 quod
1337 318 1403 347 nihil
1419 319 1452 346 de
1461 317 1599 353 parabolis
1612 317 1772 353 intelligent.

983 373 1015 394 eo
1030 366 1110 393 etiam
1129 365 1317 400 spoliabuntur
1339 366 1410 400 quod
1428 365 1555 392 videmur
1578 364 1690 398 habere,
1712 372 1772 392 cum

984 413 1091 440 illorum
1107 412 1168 440 [icta
1183 412 1250 440 iides
1269 412 1367 440 idoneo
1382 415 1503 447 tempore
1517 416 1690 446 coarguatur.

1021 506 1042 523 ⁸·
1059 505 1125 534 Nam
1150 509 1255 541 tempus
1270 511 1366 533 cuncta
1395 504 1531 540 coarguit.
1555 501 1671 532 Etiamsi
1691 503 1774 539 igitur

986 553 1118 584 tantisper
1133 551 1287 579 criminatio
1297 550 1339 578 vel
1352 550 1487 579 calumnia
1502 551 1633 578 adversus
1645 557 1692 578 vos
1705 550 1774 578 forte

986 598 1161 634 prtevaleat;
1192 602 1220 625 at
1249 597 1419 631 subsequens
1453 597 1593 632 prolixum,
1617 602 1722 631 tempus
1748 601 1774 624 et

986 645 1125 680 splendida
1140 653 1188 680 per
1204 651 1252 672 vos
1266 644 1373 672 cunctis
1398 644 1551 671 hominibus
1573 643 1710 679 impertita
1727 644 1775 671 do-

988 691 1088 724 ctrina,
1102 698 1134 718 ea
1148 698 1208 726 quae
1234 698 1306 718 nunc
1320 689 1419 718 multos
1443 689 1539 723 latent,
1569 690 1725 718 illttcescere
1738 689 1776 717 la-

988 737 1051 770 ciet,
1080 742 1109 765 et
1137 736 1350 765 calumniatores
1380 735 1535 771 redarguet.
1564 736 1776 764 Animadvertite

989 784 1072 819 igitur
1092 783 1229 818 quomodo
1257 782 1385 810 audiatis.
1418 781 1485 809 Nam
1509 782 1554 816 qui
1578 782 1661 810 habet
1677 782 1777 809 bonum

990 829 1168 869 propositum,
1191 828 1304 863 accipiet
1327 827 1444 863 Spiritus
1457 827 1573 863 gratiam
1590 831 1618 854 et
1634 827 1774 862 sapientia:

991 883 1023 903 ac
1048 875 1181 908 scientiae,
1208 875 1373 910 dignamque
1404 874 1527 902 laborum
1556 874 1730 902 mercedem:
1752 873 1779 902 ei

990 929 1055 949 vero
1068 922 1114 957 qui
1130 929 1183 948 non
1198 921 1291 954 habet,
1306 920 1388 949 etiam
1403 921 1429 948 id
1444 921 1515 955 quod
1542 921 1648 948 videtur
1665 921 1777 952 habere.

990 968 1140 996 auferetur.
1157 968 1264 995 Etenim
1277 975 1337 1002 quae
1353 968 1514 995 naturaliter
1528 968 1606 996 nobis
1620 967 1724 1000 insunt,
1737 967 1779 995 vel

991 1014 1076 1049 gratis
1093 1014 1155 1041 data
1167 1018 1243 1046 sunt,
1261 1014 1311 1041 nisi
1331 1013 1480 1041 continenti
1494 1014 1656 1048 attentione,
1672 1014 1778 1042 studio-

990 1067 1044 1095 que
1058 1060 1192 1087 industrio
1216 1059 1592 1094 custodiamus,amittemus,
1621 1068 1674 1088 non
1697 1063 1778 1088 modo

993 1105 1060 1132 nihil
1077 1105 1188 1140 insuper
1202 1104 1377 1140 accipientes,
1401 1112 1495 1132 verum
1511 1104 1593 1132 etiam
1610 1113 1705 1133 eorum
1719 1112 1779 1141 quae

993 1149 1096 1177 habere
1127 1150 1301 1185 putabamus,
1327 1150 1519 1178 detrimentum
1542 1150 1685 1184 patientes.
1708 1151 1780 1179 Sane

992 1195 1037 1229 qui
1055 1195 1089 1222 ad
1107 1195 1262 1234 doctrinam
1280 1195 1443 1222 audiendam
1463 1195 1555 1223 alacer
1570 1200 1624 1228 est.
1651 1196 1715 1224 huic
1737 1203 1781 1224 reo

992 1247 1057 1275 apse
1072 1240 1195 1268 doctrina
1211 1240 1336 1273 traditur,
1351 1246 1379 1268 et
1399 1241 1472 1268 illius
1488 1241 1606 1269 naturali
1624 1241 1780 1277 intelligen-

994 1287 1038 1314 tite
1059 1287 1165 1314 accedit
1181 1286 1279 1314 divinae
1298 1286 1424 1315 lectionis
1445 1288 1590 1322 sapientia.
1613 1287 1665 1321 Qui
1690 1293 1780 1316 autem

991 1332 1048 1368 jam
1064 1332 1126 1360 inde
1146 1340 1161 1359 ιι
1183 1333 1311 1367 primatva
1329 1333 1469 1361 creatione
1482 1333 1571 1361 datam
1595 1334 1712 1362 indolem
1728 1341 1782 1363 non

993 1378 1076 1406 habet
1100 1378 1275 1412 incolumem,
1303 1378 1348 1406 hic
1371 1385 1420 1413 par
1448 1385 1540 1407 mente
1571 1380 1674 1408 carenti
1691 1384 1744 1413 est,
1766 1389 1781 1407 ιι

995 1424 1064 1452 malo
1094 1425 1217 1452 daemone
1246 1432 1341 1452 vecors
1373 1424 1498 1453 eiIectus.
1528 1425 1604 1454 Sicut
1622 1432 1650 1454 et
1675 1426 1719 1454 ille
1736 1427 1782 1461 qui

995 1471 1089 1498 oculos
1105 1471 1209 1499 habens
1220 1471 1287 1499 nihil
1305 1477 1395 1500 tamen
1415 1472 1499 1506 videt,
1515 1480 1564 1507 par
1574 1481 1647 1501 czeco
1661 1478 1715 1507 est,
1730 1482 1784 1502 me-

151 1523 309 1562 ἀφῃρῆσθαι
326 1523 379 1550 τῶν
394 1523 549 1560 ὀφθαλμῶν·
578 1524 664 1557 οὕτως
680 1525 704 1551 οί
721 1525 812 1551 πολλοὶ
827 1525 859 1552 δι’
881 1527 941 1552 ἑαυ-

996 1517 1102 1551 ritoque
1118 1517 1232 1545 dicetur?
1247 1517 1334 1545 oculis
1360 1519 1483 1546 orbatus.
1503 1518 1550 1546 Sic
1563 1519 1691 1547 nimirum
1707 1521 1783 1548 multi

151 1572 213 1603 τοὺς
222 1570 290 1606 πρὸς
303 1570 433 1604 τὸνλόγον
445 1570 579 1597 ἀσύνετοι·
590 1571 629 1598 ὅτι
639 1571 698 1598 οὐδὲ
710 1573 759 1608 τὴν
770 1572 855 1608 ἀρχὴν
864 1581 944 1608 προσ-

150 1618 259 1654 έχοντες
289 1616 453 1650 ἀκούουσιν,
480 1617 537 1644 ἀλλ’
572 1618 729 1653 ἀπέρριψαν
744 1611 872 1654 ,ἀμελείέι
901 1619 946 1646 τὸν

154 1663 243 1699 λόγον.

492 1721 525 1747 κν
541 1721 607 1756 (i5).

192 1777 364 1812 ’Υπογρὰφει
379 1784 411 1811 γε
426 1776 479 1813 μὴν
494 1776 612 1804 ἐνταῦθα
629 1776 733 1812 σπορέα
748 1775 846 1804 ἑαυτὸν
860 1777 874 1803 ὁ
889 1776 946 1803 Κύ-

153 1833 219 1861 ριος,
234 1825 322 1860 κῆπον
335 1824 364 1851 δὲ
373 1823 500 1860 ὀνομάζει
516 1824 561 1851 τὸν
571 1824 672 1860 κόσμον
683 1823 748 1859 (16).
758 1823 946 1860 Λινιττόμενος

153 1870 180 1897 δὲ
201 1871 252 1906 τὴν
269 1871 297 1896 ὲν
320 1869 359 1905 τῷ
375 1870 469 1906 σπόρῳ
491 1870 607 1906 δύναμιν
624 1870 704 1896 ὁποία
725 1878 767 1902 τις
782 1870 836 1906 ιῑη,
853 1870 946 1906 κόκκῳ

154 1917 289 1948 σινάπεως
312 1916 392 1943 αὑτὸν
411 1916 591 1952 παραϐάλλει,
606 1916 636 1948 ὃς
649 1916 704 1942 τῶν
719 1916 783 1952 παρ’
792 1916 946 1952 ἀνθρώποις

154 1962 250 1997 λόγων,
265 1962 428 1998 Ἑλληνικῶν
438 1972 468 1990 τε
485 1964 531 1990 καὶ
546 1963 730 1999 βαρϐαρικῶν,
744 1963 798 1990 τῶν
809 1962 842 1998 δὴ
851 1963 947 1997 σοφίαν

154 2009 212 2036 τινὰ
226 2009 274 2036 τοῦ
302 2009 399 2041 αἰῶνος
411 2009 505 2036 τούτου
524 2010 739 2046 προϊσχομένων,
766 2009 948 2045 σμικρότατος

155 2055 222 2083 εἶναι
242 2056 317 2082 δοκεῖ
330 2056 377 2082 καὶ
394 2055 596 2087 εὐτελέστατος,
610 2055 724 2090 δύναμιν
737 2063 768 2089 γε
786 2055 840 2091 μὴν
851 2055 882 2081 οὐ
899 2054 947 2091 τὴν

155 2102 288 2137 τυχοῦσαν
305 2103 333 2128 ὲν
358 2102 446 2138 ἑαυτῷ
463 2102 550 2137 φέρει.
566 2102 620 2129 Καὶ
641 2101 715 2128 ἐστιν
735 2103 749 2128 ό
768 2102 850 2133 αὐτὸς
876 2102 949 2133 σῖτος

156 2149 215 2184 μὲν,
239 2148 301 2176 καθ’
316 2147 331 2174 ὃ
353 2148 447 2184 ψυχῶν
466 2148 598 2185 τρόφιμός
613 2149 682 2180 ἐστι,
699 2148 745 2176 καὶ
762 2148 866 2187 τροφῆς
898 2148 948 2183 τῆς

995 1562 1104 1597 propria
1121 1562 1198 1597 culpa
1217 1562 1329 1590 hebetes
1344 1563 1377 1590 ad
1392 1563 1544 1591 doctrinam
1560 1570 1633 1598 sunt.
1646 1566 1708 1600 quia
1727 1565 1784 1600 jam

995 1607 1057 1635 inde
1068 1608 1102 1635 ab
1117 1608 1195 1636 initio
1207 1609 1302 1636 audire
1323 1609 1398 1636 illam
1413 1615 1572 1645 renuerunt,
1588 1611 1636 1639 sed
1650 1611 1785 1640 socordia

995 1662 1043 1682 sua
1055 1654 1222 1689 abjecerunt.

1364 1722 1424 1754 XX.

1036 1781 1105 1810 Dicit
1129 1789 1159 1810 se
1183 1781 1512 1812 hocloco“."Dominus
1535 1788 1664 1817 sutorem,
1689 1790 1784 1819 agrum

1000 1832 1090 1855 autem
1109 1832 1242 1856 terrarum
1259 1829 1364 1856 orbein.
1392 1827 1429 1856 Ut
1451 1833 1542 1856 autem
1564 1833 1666 1864 quanta
1689 1828 1785 1856 semini

997 1873 1040 1900 vis
1055 1873 1090 1900 sit
1105 1873 1185 1901 insita
1201 1874 1306 1906 innuat,
1323 1881 1408 1909 grano
1426 1874 1528 1910 sinapis
1546 1874 1612 1902 illud
1627 1873 1766 1908 comp'arat
1777 1883 1786 1901 ι

998 1921 1069 1956 quod
1081 1921 1198 1955 quidem,
1210 1922 1282 1948 inter
1293 1920 1431 1947 hominum
1445 1920 1595 1952 doetriuas,
1609 1921 1666 1948 sive
1677 1918 1787 1948 Graacas

999 1967 1055 1994 sive
1073 1967 1243 1999 barbaricas,
1256 1972 1390 2002 quotquot
1405 1966 1566 2002 sapientiam
1577 1967 1695 2002 aliquam
1707 1966 1787 2001 hujus

999 2013 1090 2040 saeculi
1108 2020 1163 2048 pra:
1182 2021 1212 2040 se
1228 2012 1329 2046 ferunt,
1348 2013 1492 2040 minimum
1511 2020 1572 2040 esse
1587 2013 1694 2041 videtur
1707 2018 1788 2049 atque

1001 2059 1175 2093 vilissimum,
1191 2068 1278 2095 neque
1291 2065 1380 2088 tamen
1400 2059 1541 2095 vulgarem
1559 2060 1689 2087 virtutem
1702 2061 1788 2088 conti-

1000 2109 1056 2132 net.
1081 2104 1129 2132 Est
1152 2110 1242 2133 autem
1265 2105 1310 2133 illa
1329 2106 1465 2139 doctrina,
1484 2105 1650 2133 irtuneutum
1678 2105 1787 2140 quidem

1001 2156 1135 2187 quatenus
1149 2152 1301 2179 animarum
1319 2152 1410 2179 nutrix
1424 2155 1476 2183 est,
1500 2156 1528 2179 et
1546 2151 1683 2179 alimoniae
1699 2159 1715 2178 a
1733 2151 1789 2179 Deo

156 2196 231 2231 παρὰ
259 2195 298 2231 τῷ
327 2196 386 2232 Θεῷ
413 2195 587 2230 παρεκτικός’
617 2196 716 2227 κόκκος
743 2194 771 2221 δὲ
800 2195 941 2228 σινάπεως,

1001 2199 1072 2225 datae
1088 2197 1230 2230 ministra;
1244 2205 1358 2233 granum
1375 2205 1440 2226 vero
1462 2197 1574 2233 sinapis,
1591 2202 1727 2232 quatenus
1742 2204 1788 2225 se-

156 2241 217 2268 καθ’
238 2241 252 2267 ὃ
267 2241 432 2278 βραχύτατος
464 2240 513 2276 μὲν
540 2240 666 2267 ἁπάντων
693 2238 747 2265 τῶν
769 2238 944 2274 σπερμάτων·

156 2289 217 2316 οὐδὲ
247 2289 299 2324 γάρ
328 2290 401 2315 ἐστιν
428 2288 491 2315 ἀλλο
513 2286 568 2313 τῶν
594 2287 641 2313 ἐπὶ
669 2286 721 2322 γῆς
741 2284 945 2319 καταϐαλλομέ-

156 2344 209 2362 νων
229 2335 394 2372 σπερμάτων
411 2335 505 2361 τούτου
520 2334 553 2369 τῇ
573 2333 734 2370 σμικρότητι
755 2331 947 2368 συγκρίνεσθαι

157 2381 314 2416 δυνάμενον,
330 2380 373 2407 διὰ
387 2380 418 2407 τὸ
434 2380 538 2416 κέντρῳ
551 2379 677 2408 ἑοικέναι.
688 2379 735 2405 καὶ
748 2377 838 2413 σχεδὸν
854 2377 947 2412 ἀτόμῳ

158 2426 202 2454 καὶ
217 2428 316 2462 άμερεῖ
339 2426 456 2465 σώματι·
479 2426 554 2462 ὅμως
578 2425 606 2452 δὲ
622 2426 662 2457 είς
686 2425 812 2452 τοσοῦτον
834 2424 949 2460 μέγεθος

158 2473 320 2506 ἐπιδίδωσιν,
336 2473 374 2506 ὡς
401 2474 454 2500 πᾶν
474 2472 505 2499 τὸ
519 2471 573 2499 τῶν
587 2471 709 2507 λαχάνων
725 2471 842 2507 καλύψαι
857 2471 945 2505 γένος.

159 2519 191 2546 ⁸0
201 2520 233 2555 δὴ
248 2521 294 2546 καὶ
309 2519 374 2546 αὐτὸ
385 2519 498 2546 ἔκϐασιν
511 2518 601 2554 ἔργοις
609 2519 699 2550 αὐτοῖς
710 2518 854 2553 σύμφωνον
862 2517 946 2550 ἔδειξε

161 2568 216 2598 ταῖς
241 2567 433 2603 προρρήσεσιν·
460 2565 557 2593 αὐτίκα
572 2564 637 2600 γοῦν
653 2564 802 2600 ὀφθαλμοῖς
830 2564 947 2599 πάρεστι

159 2613 392 2649 παραλαμϐάνειν,
407 2613 445 2645 ὡς
461 2614 475 2639 ό
492 2612 590 2644 σπόρος
604 2613 618 2638 ὁ
631 2610 818 2646 εὐαγγελικδς,
840 2610 949 2646 σπειρό-

168 2683 234 2700 ³¹’⁵²
251 2681 349 2709 Matth.
366 2688 427 2712 snt,
442 2679 474 2707 5i
488 2687 496 2712 ;
508 2678 575 2706 Luc.
591 2685 651 2711 snt,
666 2678 710 2706 l9.

193 2746 249 2780 (M)
263 2746 429 2784 gongruunt
446 2746 504 2775 btec
530 2747 602 2776 belle
623 2754 684 2775 cum
704 2746 876 2782 Tneophaniu
894 2747 946 2784 Sy-

161 2782 244 2812 riaca,
263 2782 309 2809 lil).
326 2790 361 2813 tv,
381 2783 425 2809 5i.
750 2791 755 2794 '

195 2817 253 2853 (15)
272 2818 383 2845 Grande
407 2819 458 2853 hoc
484 2817 679 2853 fragmentum,
705 2825 791 2853 usque
815 2817 847 2845 ad
861 2818 943 2847 verba

161 2851 368 2889 ὑποδεξαμένων
393 2852 485 2884 αὐτόν,
511 2851 682 2888 perspicuum
707 2851 776 2889 gerit
792 2852 899 2883 titulum
917 2855 943 2884 in

323 2899 459 2931 ΡΑτιο-ι.
481 2899 540 2931 (is.
562 2900 680 2932 XXIV.

1003 2244 1105 2271 minnm
1121 2243 1242 2271 omnium
1257 2249 1301 2272 est
1318 2244 1518 2272 tenuissimum.
1547 2244 1640 2278 Neque
1654 2243 1728 2271 enim
1747 2246 1789 2270 est

1000 2291 1075 2319 aliud
1091 2299 1124 2319 ex
1138 2292 1181 2319 his
1194 2299 1256 2326 qua:
1279 2292 1305 2319 in
1338 2297 1440 2320 terram
1468 2291 1649 2327 projiciuntur
1674 2292 1788 2319 semini.

1002 2338 1063 2371 bus,
1085 2338 1166 2372 hujus
1186 2338 1313 2373 parvitati
1338 2338 1562 2373 comparandum,
1588 2338 1624 2365 ita
1637 2343 1666 2365 ut
1687 2341 1788 2373 puncto

1002 2384 1091 2412 simile
1107 2385 1152 2418 sit,
1167 2389 1196 2412 et
1211 2385 1282 2412 velut
1299 2390 1390 2412 atomo
1406 2389 1434 2412 et
1447 2385 1507 2412 sine
1523 2385 1646 2419 partibus
1660 2385 1788 2420 corpori;

1002 2434 1030 2457 et
1057 2434 1146 2457 tamen
1175 2430 1202 2458 in
1226 2435 1328 2458 tantam
1347 2431 1485 2458 excrescit
1507 2430 1734 2465 magnitudinem,
1760 2435 1788 2458 ul

1000 2483 1082 2503 omne
1101 2475 1205 2504 olerum
1217 2484 1303 2512 genus
1319 2480 1440 2511 superet.
1456 2475 1532 2509 Quod
1549 2475 1672 2511 proiecto
1687 2477 1790 2503 habere

1003 2521 1108 2548 exitum
1147 2529 1244 2550 revera
1276 2529 1425 2550 consonum
1453 2521 1681 2556 praediclionibus
1703 2527 1782 2550 osten
1812 2523 1816 2527 ”

1001 2567 1054 2595 dit.
1085 2567 1158 2596 Ecce
1186 2569 1261 2596 enim
1284 2567 1369 2596 oculis
1401 2573 1526 2602 spectare
1555 2567 1629 2601 licet,
1656 2559 1798 2603 quomodo

1002 2614 1189 2650 evangelicum
1214 2622 1318 2648 semen,
1343 2614 1394 2642 sub
1410 2614 1477 2650 ipsis
1502 2615 1616 2642 sationis
1636 2615 1792 2649 primordiis

1000 2750 1096 2793 co_d_i_ce
1110 2752 1148 2793 ‘A,
1158 2751 1182 2793 i'.
1197 2750 1265 2778 164:
1291 2748 1386 2793 βιϐλίῳ
1396 2750 1519 2793 τετάρτῳ
1536 2749 1714 2793 eaeam/stac,
1727 2756 1790 2779 cum

1000 2787 1089 2815 solitis
1108 2791 1211 2814 tantum
1230 2785 1334 2814 uulneri
1356 2785 1431 2821 siglis
1445 2785 1526 2821 supra
1543 2785 1568 2821 β.

1036 2823 1093 2859 (i6)
1112 2821 1158 2850 Sic
1171 2821 1198 2850 in
1217 2820 1392 2856 Theophania’
1405 2820 1531 2858 Syriaca,
1544 2820 1586 2854 iv,
1605 2820 1652 2848 54.

1589 2897 1629 2929 22
