2045 3215
309 165 358 193 ῧ85

626 166 761 195 EUSEBll
781 165 1021 194 CAESARIENSIS
1041 164 1115 192 UPP.
1138 164 1225 192 l’A‘RS
1246 165 1289 193 IV.
1311 180 1345 185 —
1365 165 1575 193 DOGMATICA.

1876 169 1926 197 684

308 227 443 255 invisibile
457 227 548 260 fuerit,
562 233 587 256 et
603 235 660 262 pra:
673 228 798 255 doctrina
819 227 940 262 qualibet
956 235 1019 254 vere
1044 227 1075 254 m‘:

1127 247 1132 257 ι
1149 235 1228 262 μενος
1240 227 1288 262 μὲν
1305 227 1333 253 ὲν
1344 227 1441 262 ἀρχαῖς
1459 226 1564 262 ἀφανής
1574 225 1618 262 ἦν,
1634 227 1680 254 καὶ
1699 227 1805 255 πάντων
1816 229 1852 260 ὡς
1867 230 1927 266 ἀλη-

306 275 410 302 nimum
430 280 457 302 et
484 274 759 309 contemptissintum.
787 273 889 302 Deinde
908 280 972 300 vero
988 277 1094 300 lanium

305 322 378 355 cepit
397 321 607 354 incrementum,
617 326 647 348 ut
660 321 818 348 universum
831 321 925 348 orbem
938 319 1093 354 repleverit.

305 367 370 394 Fui:
382 374 447 402 ergo
469 374 565 395 revera
591 374 638 402 per
661 370 775 394 cunctas
800 370 897 401 gentes
923 372 1017 392 semen
1043 365 1094 392 hoc

305 414 393 448 majus
419 421 500 449 quam
527 413 684 449 Grecorum
710 417 737 440 et
751 412 929 439 barbarorum
947 411 1092 446 sapientia.

302 467 383 493 quam
403 459 544 486 Matthwus
558 458 680 486 oleribus
698 456 880 492 comparavit,
905 456 1091 484 inﬁrmitatem

303 506 339 532 ita
362 509 390 532 et
413 504 671 539 corruptibilitatem
695 504 874 531 humanarum
904 502 1090 530 doctrinarum

300 551 468 584 signiﬁcans.
483 550 607 585 Namque
631 554 658 577 et
678 549 748 584 apud
768 548 915 584 prophetas
939 549 1040 576 dictum
1056 547 1090 576 de

299 599 366 633 ipsis
391 603 459 626 est:
488 597 626 632 Tanquam
651 597 741 630 fenum
767 597 889 624 velociter
916 600 1046 628 arescent,
1064 600 1089 622 et

297 644 517 679 quemadmodum
531 643 604 670 olera
620 643 760 677 herbarum
786 643 839 670 cito
851 642 972 670 derident
986 642 1020 668 ⁵³.
1033 641 1090 669 Hu-

295 689 444 723 iuscemodi
458 694 521 716 sunt
544 688 728 724 sophistarum
744 695 776 715 ac
789 687 1013 722 philosophorum
1029 687 1080 714 doc

296 735 394 762 ctrinte
413 735 699 770 disciplinaeque,qu:e
723 734 880 769 aliquandiu
904 734 1083 764 herbescunt,

295 781 427 816 brevique
451 786 573 816 tempore
598 780 707 811 ﬂorent.
728 780 776 808 sed
803 787 855 807 non
870 779 915 807 diu
933 783 994 814 post
1007 779 1085 806 exci-

294 828 361 855 dunt
379 835 427 863 per
439 836 468 856 se
479 829 545 863 ipsa:
558 833 712 862 corruptae:
729 827 766 854 ita
780 831 810 854 ut
823 825 889 854 alibi
915 825 980 853 feno
1004 830 1087 853 tecto-

294 882 354 902 rnm
367 879 506 908 comparet
530 881 576 901 eas
588 873 672 901 David
687 874 720 906 ⁵³,
736 872 819 908 quod,
835 872 993 907 priusquam
1008 871 1084 899 evel-

293 919 376 951 Iatur,
388 919 444 954 jam
457 919 575 946 exaruit.

327 965 397 992 Sunt
429 965 488 992 ista:
513 965 597 1000 igitur
626 963 789 999 sapientium
817 962 898 998 hujus
918 961 1009 990 saeculi
1033 962 1082 990 do-

298 1012 406 1043 ctrinae,
424 1012 539 1039 inﬁrmm
561 1011 687 1039 nimirum
714 1016 742 1038 et
765 1010 907 1042 oleracese,
926 1010 988 1038 leno
1004 1008 1081 1036 liore-

290 1058 377 1084 srenti
401 1058 517 1085 similes.
533 1057 618 1085 Secus
630 1065 695 1085 vero
712 1057 832 1084 omnium
847 1056 988 1084 minimum
1003 1060 1031 1083 et
1047 1060 1083 1083 te~

290 1103 453 1131 nuissimum
473 1105 545 1132 inter
558 1104 674 1136 semina,
699 1104 776 1139 regni
799 1104 930 1131 nimirum
947 1103 1080 1130 cmlorum

289 1150 476 1185 evangelicum
494 1150 618 1182 verbum,
642 1157 705 1177 acre
731 1150 914 1184 mordensque
936 1149 1020 1176 Veluti
1042 1149 1081 1176 si-

290 1196 366 1231 napi,
382 1196 454 1231 quod
469 1202 558 1224 tamen
582 1196 660 1232 longe
680 1196 812 1227 excrevit,
835 1200 863 1223 et
890 1195 1018 1223 humanae
1033 1203 1078 1222 sa-

288 1242 399 1276 pientiae
413 1241 540 1277 superius
559 1243 661 1270 evasit:
680 1246 762 1277 atque
783 1241 810 1270 in
834 1242 920 1269 altum
940 1241 1077 1269 sublatum

287 1287 378 1314 omnia
402 1287 460 1314 loca
481 1287 636 1322 occupavit,
662 1288 699 1314 ita
718 1293 748 1314 ut
769 1294 868 1322 magna
891 1287 974 1314 arbor
990 1295 1023 1314 ex
1044 1294 1077 1314 eo

287 1333 323 1358 sit
345 1337 417 1364 orta,
438 1332 499 1359 caali
519 1333 659 1360 volucrum
682 1339 769 1367 capax
792 1333 839 1367 qui
857 1333 883 1360 in
909 1332 969 1368 ejus
992 1332 1076 1360 ramis

285 1378 449 1406 consistunt.
467 1378 537 1406 Olim
552 1379 579 1406 id
597 1379 706 1414 quidem
722 1379 894 1414 simplicibus
908 1379 999 1406 verbis
1013 1378 1075 1406 Ser-

285 1424 388 1452 vatoris
411 1432 476 1452 voce
501 1424 626 1459 prolatis,
653 1425 747 1452 divina
775 1424 1005 1460 prognosticaque
1020 1425 1076 1452 vir-

286 1475 345 1498 tute
361 1471 570 1505 praadicebatur.
588 1471 648 1499 Jam
661 1479 727 1499 vero
746 1471 772 1498 in
787 1471 868 1506 quale
885 1476 1074 1506 quantumque

284 1523 353 1551 Opus
379 1517 518 1552 praedictio
536 1517 713 1552 processerit,
741 1522 929 1553 quantumque
954 1519 1074 1546 creverit

284 1563 416 1591 doctriuze
433 1571 497 1595 vox,
523 1564 576 1591 dici
594 1571 644 1599 pro
667 1564 799 1600 dignitate
814 1572 867 1591 non
882 1569 980 1599 potest.
1001 1564 1073 1592 Tan-

284 1615 340 1638 tum
358 1610 449 1646 itaque
469 1617 613 1646 progressu
631 1611 763 1644 temporis
776 1610 896 1638 salutare
912 1618 1005 1639 semen
1021 1612 1073 1638 vir-

282 1660 367 1684 tutem
384 1657 516 1689 exseruit,
538 1657 730 1692 utgerminata
748 1664 781 1684 ex
801 1657 848 1685 illo
867 1656 959 1689 arbor,
976 1658 1003 1685 id
1018 1663 1071 1691 est,

282 1703 395 1730 fundata
412 1710 427 1729 a
443 1702 590 1730 Servatore
602 1710 651 1738 per
672 1703 828 1730 universam
856 1708 958 1731 terram
982 1703 1073 1731 Eccle-

281 1750 333 1783 sia,
352 1753 450 1777 cuncta
466 1749 526 1777 loca
541 1749 713 1785 oppleverit;
732 1750 759 1777 in
776 1749 835 1784 ejus
851 1750 936 1778 ramis
947 1750 1010 1778 cceli
1024 1757 1073 1778 vo-

280 1795 371 1823 lucres
396 1796 530 1830 habitent,
557 1795 649 1831 angeli
677 1795 732 1823 divi
765 1796 871 1824 scilicet
894 1801 923 1823 et
944 1795 1071 1824 cmlestes

280 1842 416 1877 potentiae,
447 1850 508 1877 qua).
534 1847 635 1869 terram
672 1842 850 1870 invisibiliter
884 1842 1069 1874 discurrunt;

280 1889 400 1922 itemque
419 1889 517 1915 animai
532 1892 635 1915 sanctae
649 1887 706 1914 alte
719 1887 884 1922 gradientes,
901 1886 927 1914 id
942 1891 994 1917 est,
1013 1886 1070 1913 vita

278 1941 416 1968 sensuque
431 1933 541 1961 sublimi
560 1941 592 1961 ac
608 1933 713 1961 caelesti
729 1933 859 1968 praeditas.
876 1932 999 1968 Namque
1021 1933 1070 1960 has

278 1986 308 2008 et
323 1988 378 2008 non
393 1979 468 2007 aliud
482 1979 618 2014 quidlibet
632 1980 758 2007 denotari
772 1987 787 2007 a
802 1979 864 2008 ctcli
882 1979 990 2012 avibus,
1006 1979 1070 2007 Ser-

281 2028 387 2055 vatoris
400 2027 459 2054 haac
481 2026 612 2062 parabola
640 2027 788 2062 signiﬁcat.
813 2026 890 2054 Sicut
913 2027 1070 2054 econtrario

277 2073 306 2100 in
318 2072 448 2107 parabola
459 2072 634 2099 seminatoris
650 2073 781 2099 vocabulo
796 2073 898 2104 avium,
909 2072 1069 2101 insidiantes

277 2119 437 2146 hominibus
448 2118 584 2152 potentias
607 2117 766 2150 denotabat,
792 2118 850 2153 pari
874 2118 1007 2146 vocabulo
1031 2119 1070 2146 di-

276 2172 343 2192 cens
375 2171 439 2191 aves
459 2163 520 2191 (mli
546 2163 695 2199 diripuisse
719 2170 812 2191 semen
834 2164 937 2199 jactum
962 2165 996 2193 iis
1020 2165 1067 2200 qui

276 2210 353 2246 iuxta
375 2211 446 2237 viam
464 2209 530 2236 illud
546 2213 739 2245 susceperant.

637 2255 708 2283 XXI.

309 2302 400 2336 Atque
424 2301 481 2328 haec
501 2301 658 2328 necessario
688 2299 820 2328 Servator
846 2300 986 2336 discipulis
1009 2301 1063 2329 suis

275 2345 465 2379 mandabat",
480 2347 604 2374 morbum
617 2346 808 2380 gravissimum
822 2345 944 2382 ipsorum
957 2347 1065 2379 animm,

275 2397 408 2420 tumorem
425 2392 675 2427 atqnejactantiam
686 2399 797 2426 sanans,
811 2397 959 2427 vetansque
974 2398 1067 2420 osten-

276 2439 425 2471 tationem,
452 2445 486 2465 ne
504 2438 639 2465 ullatenus
667 2437 874 2470 extollerentur.
900 2445 968 2466 neve
1001 2437 1066 2473 quid

275 2490 403 2518 magnum
419 2489 467 2510 aut
487 2483 634 2518 superbum
651 2483 684 2511 de
707 2491 737 2511 se
759 2484 962 2513 existimarent.
979 2485 1065 2514 Docet

274 2534 381 2562 contra,
399 2529 484 2556 nostri
499 2536 559 2556 esse
572 2529 679 2556 arbitrii
695 2529 721 2556 in
740 2536 854 2565 regnum
867 2530 996 2565 introire,
1018 2536 1066 2560 aut

274 2584 364 2604 secus.
379 2576 445 2603 Nam
462 2575 496 2609 si,
512 2579 540 2602 ut
550 2575 650 2602 dicitur
661 2576 733 2611 apud
747 2574 918 2609 Mattheeum,
938 2579 1065 2607 conversi

274 2622 372 2648 liamus
397 2621 470 2648 sicut
488 2620 603 2655 parvuli,
629 2621 735 2648 malitia
761 2622 868 2650 scilicet
890 2624 1008 2658 parvuli,
1035 2629 1066 2652 ut

272 2667 311 2693 ait
333 2667 480 2702 Apostolus
501 2667 546 2700 ”;
569 2670 597 2694 et
619 2667 641 2694 si
668 2667 720 2695 hoc
749 2675 864 2702 regnum
889 2670 1065 2699 adiuittemus

273 2720 349 2740 more
367 2714 500 2748 simplicis
511 2719 539 2741 et
552 2713 618 2741 nulli
639 2715 728 2741 adhuc
745 2716 812 2742 vitio
826 2716 909 2744 dediti
935 2716 1061 2752 infantis,

273 2759 335 2785 etsi
353 2760 499 2793 puritatem
524 2765 606 2795 atque
626 2760 809 2788 innocentiam
834 2762 946 2797 puerilis
973 2765 1062 2792 astatis

1147 274 1200 305 θῶς
1211 273 1401 305 εὐτελέστατος
1414 273 1460 299 καὶ
1477 273 1657 309 σμικρότατος
1676 273 1771 308 λόγων·
1791 274 1888 310 προῖὼν
1901 277 1926 304 δὲ

1145 319 1272 346 τοσοῦτον
1293 318 1455 345 ἐπιδέδωκεν
1470 317 1554 354 αὔξης
1567 327 1597 344 τε
1614 317 1660 345 καὶ
1676 318 1816 353 μεγέθους,
1833 320 1868 351 ὠς
1881 320 1925 356 τὴν

1145 365 1290 401 σύμπασαν
1303 365 1464 400 οἰκουμένην
1475 365 1628 401 πληρῶσαι.
1642 365 1755 399 Γέγονεν
1766 364 1812 392 οὖν
1826 366 1926 401 ἀληθῶς

1145 412 1246 448 μείζων
1267 412 1316 447 τῆς
1333 412 1408 447 παρὰ
1421 412 1488 438 πᾶσι
1504 412 1561 443 τοῖς
1577 411 1681 438 ἔθνεσιν
1696 411 1807 447 Ἕλλησι
1827 420 1858 438 τε
1883 413 1926 440 καὶ

1144 458 1290 494 βαρϐάροις
1308 458 1413 492 σοφίας,
1429 458 1462 493 ἢν
1478 458 1603 493 λαχάνοις
1613 456 1683 484 κατὰ
1697 457 1833 485 Ματθαῖον
1843 467 1926 494 παρα-

1142 504 1268 540 ϐέϐληκε,
1283 505 1313 531 τὸ
1328 504 1439 535 ἀσθενὲς
1453 505 1499 531 καὶ
1516 504 1676 540 φθοριμαῖον
1684 504 1738 530 τῶν
1751 504 1814 540 παρ’
1827 503 1925 540 ἀνθρώ-

1141 559 1202 583 ποις
1223 551 1392 588 μαθημάτων
1403 547 1454 578 ὧδε
1471 550 1652 586 αἰνιξάμενος.
1674 551 1750 577 Ἐπεὶ
1763 551 1810 577 καὶ
1824 551 1852 577 ὲν
1864 559 1925 586 προ-

1141 600 1240 634 φήταις
1251 599 1360 633 ἐλέγετο
1379 598 1444 634 περὶ
1467 598 1566 625 αὐτῶν·
1586 597 1632 630 Ὧς
1652 598 1759 633 χόρτος
1769 597 1845 632 ταχὺ
1857 597 1924 625 ἁπο-

1140 644 1393 679 ξηρανθήσσνται,
1409 644 1508 677 καὶώς
1523 643 1642 679 λάχανα
1657 644 1751 678 χλόης
1766 644 1841 678 ταχὺ
1857 644 1925 670 ἀπο-

1138 691 1313 718 πεσοῦνται.
1329 690 1447 717 Τοιαῦτα
1464 690 1491 716 δὲ
1507 689 1541 716 τὰ
1565 690 1698 724 σοφιστῶν
1715 689 1763 716 καὶ
1780 690 1924 725 φιλοσόφων

1140 736 1289 772 μαθήματα
1301 738 1349 764 καὶ
1361 736 1542 772 παιδεύματα,
1561 736 1628 772 πρὸς
1639 735 1734 772 καιρὸν
1744 736 1793 772 μὲν
1807 736 1924 772 χλοάζον-

1136 792 1180 813 τα.
1190 783 1238 810 καὶ
1252 784 1320 820 πρὸς
1334 783 1424 818 ὀλίγον
1442 783 1585 814 ἀνθοῦντα,
1601 783 1650 810 οὐκ
1665 784 1706 816 είς
1721 783 1827 819 μακρὸν
1840 783 1866 810 δὲ
1880 784 1922 810 ὲκ-

1136 831 1280 862 πίπτοντα,
1295 830 1342 858 καὶ
1354 829 1384 863 ἐξ
1401 830 1505 857 ἑαυτῶν
1523 829 1698 866 φθειρόμενα·
1719 829 1758 861 ὠς
1775 831 1804 856 ὲν
1825 829 1923 865 ἑτέροις

1136 877 1224 913 χόρτῳ
1238 877 1363 912 δομάτων
1376 876 1525 912 ἀφομοιοῦν
1540 876 1620 909 αὐτὰ,
1637 876 1666 908 ὃς
1682 876 1736 912 πρὸ
1761 876 1808 903 τοῦ
1824 876 1922 903 ἐκσπα-

1098 910 1122 940 B
1136 910 1230 959 σθῆναι
1243 910 1289 959 se};
1294 922 1389 959 ράνθη.

1176 969 1255 997 Ἀλλά
1277 970 1310 997 τὰ
1329 970 1378 1006 μὲν
1390 969 1465 1005 παρά
1480 971 1536 1001 τοῖς
1551 969 1627 1006 παρά
1641 968 1688 996 τοῦ
1702 969 1802 1000 αἰῶνος
1829 968 1919 995 τούτου

1131 1016 1254 1049 τοιαῦτα,
1282 1016 1382 1051 ἀσθενῆ
1404 1016 1452 1042 καλ¹
1473 1015 1623 1052 λαχανώδη,
1645 1015 1692 1042 καὶ
1705 1015 1795 1052 χόρτῳ
1819 1013 1921 1042 εὐθαλεῖ

1131 1064 1342 1100 παρεικασμένα
1359 1063 1518 1099 μαθήματα·
1533 1064 1547 1089 ὁ
1565 1063 1592 1089 δὲ
1609 1062 1778 1099 βραχύτατος
1794 1062 1840 1089 καὶ
1857 1061 1919 1088 πάν-

1130 1119 1184 1136 των
1210 1109 1264 1136 τῶν
1280 1110 1445 1145 σπερμάτων
1473 1110 1644 1146 μικρότατος,
1669 1111 1717 1145 τῆς,
1734 1109 1788 1136 τῶν
1801 1109 1917 1144 οὐρανῶν

1131 1156 1268 1191 βασιλείας
1287 1156 1501 1191 καταγγελτικὺς
1524 1156 1611 1190 λόγος,
1629 1156 1730 1191 δριμὺς
1759 1154 1809 1190 μὲν
1823 1155 1868 1181 καὶ
1882 1154 1919 1180 δε-

1129 1203 1222 1234 κτικὸς
1246 1202 1372 1238 καθάπερ
1395 1202 1426 1229 τδ
1443 1202 1546 1238 σίνηπι,
1564 1202 1638 1238 ὅμως
1651 1202 1680 1228 δὲ
1704 1201 1859 1237 ὕπερανέΰη
1874 1201 1917 1228 καὶ

1129 1248 1313 1285 ὑπερηύξησε,
1331 1249 1461 1285 κρείττων
1476 1249 1525 1284 τῆς
1540 1249 1569 1275 ὲν
1584 1248 1739 1284 ἀνθρώποις
1755 1247 1916 1282 ἀποδειχθεὶς

1129 1296 1233 1329 σοφίας·
1247 1295 1294 1322 καὶ
1317 1295 1356 1327 ὡς
1370 1295 1487 1330 ὑψωθεὶς
1501 1295 1591 1322 πάντα
1616 1295 1698 1320 τόπον
1722 1293 1864 1328 ἐκάλυψεν,
1882 1293 1916 1325 ὡς

1127 1342 1174 1368 καὶ
1190 1342 1296 1377 δένδρον
1315 1341 1527 1376 ἀποτελεσθῆναι
1540 1341 1611 1377 μέγα
1625 1341 1654 1374 ἐξ
1665 1341 1760 1371 αὑτοῦ,
1770 1340 1914 1377 χωρητικὸν

1126 1387 1257 1414 πετεινῶν
1283 1386 1398 1422 οὐρανοῦ
1424 1386 1667 1421 κατασκηνούντων
1688 1386 1718 1412 ὲν
1735 1387 1790 1416 τοῖς
1815 1384 1914 1415 κλάδοις

1124 1433 1218 1460 αὐτοῦ’
1232 1433 1315 1461 παλαι
1329 1433 1378 1469 μὲν
1392 1432 1445 1459 ὑπὸ
1457 1433 1505 1468 τῆς
1525 1431 1657 1468 σωτηρίου
1665 1430 1718 1466 γῆς
1731 1431 1817 1466 ψιλοῖς
1833 1431 1914 1465 ῥήμα-

1125 1487 1177 1511 σιν,
1191 1479 1274 1515 ὲνθέῳ
1288 1487 1319 1513 γε
1335 1479 1387 1515 μὴν
1399 1479 1446 1506 καὶ
1463 1478 1660 1515 προγνωστικῷ
1675 1477 1790 1512 δυνάμει
1806 1484 1913 1512 προανε-

1124 1528 1248 1560 φωνεῐτο.
1269 1527 1312 1558 Ὠς
1323 1527 1345 1553 δ’
1360 1527 1400 1558 εἰς
1413 1526 1480 1562 ἔργα
1494 1525 1708 1561 προκεχώρηκεν
1727 1526 1743 1560 ἠ
1755 1524 1911 1560 πρόγνωσις,

1123 1574 1163 1605 εἰς
1189 1572 1273 1608 αὕξήν
1286 1581 1316 1599 τε
1330 1572 1463 1609 προῆλθεν
1479 1573 1495 1608 ἡ
1514 1571 1589 1607 φωνὴ
1611 1570 1659 1597 τοῦ
1681 1570 1775 1604 λόγου,
1796 1570 1845 1597 οὐκ
1861 1569 1912 1595 ἐστι

1125 1619 1184 1645 κατ’
1201 1619 1278 1651 ἀξίαν
1299 1619 1394 1644 εἰπεῖν·
1411 1617 1545 1652 τοσαύτην
1564 1615 1630 1650 γοῦν
1646 1615 1660 1641 ό
1673 1615 1808 1651 σωτήριος
1821 1613 1911 1648 σπόρος

1124 1665 1154 1691 ὲν
1168 1665 1224 1696 τοῖς
1238 1663 1306 1699 μετὰ
1332 1663 1418 1689 ταῦτα
1437 1662 1541 1698 χρόνοις
1561 1657 1743 1688 ἐπιδέδεικται
1760 1658 1910 1696 ἀρετὴν,ὡς

1124 1710 1153 1737 τὸ
1167 1711 1197 1743 ἐξ
1211 1710 1293 1737 αὐτοῦ
1305 1710 1371 1745 φυὲν
1382 1710 1499 1745 δένδρον,
1513 1708 1592 1735 τοῦτο
1605 1707 1627 1734 δ’
1640 1707 1673 1734 ἂν
1687 1708 1732 1743 εἴη
1747 1708 1763 1743 ή
1783 1705 1910 1741 πανταχοῦ

1122 1756 1174 1792 γῆς
1189 1756 1317 1791 ἱδρυμένη
1329 1754 1411 1781 αὑτοῦ
1428 1754 1586 1790 Ἐκκλησία,
1605 1753 1640 1780 τὰ
1658 1752 1750 1780 πάντα
1763 1751 1909 1788 πληρῶσαν

1122 1803 1192 1829 ὥστε
1208 1803 1299 1834 ἐντοῖς
1309 1802 1506 1837 κλάδοιςαὺτῆς
1522 1800 1738 1837 κατασκηνῶσαι
1756 1799 1790 1827 τὰ
1807 1798 1909 1825 πετεινά

1121 1849 1168 1876 τοῦ
1198 1849 1324 1886 οὐρανοῦ.
1347 1848 1479 1882 ἀγγέλους
1493 1847 1593 1883 δηλαδὴ
1610 1847 1698 1879 θείους
1716 1847 1764 1874 καὶ
1789 1845 1909 1881 οὐρανίας

1121 1896 1259 1932 δυνάμεις,
1279 1895 1328 1926 τὰς
1343 1895 1407 1930 περὶ
1421 1894 1472 1929 γῆν
1489 1894 1600 1929 ἀφανῶς
1618 1893 1810 1929 διιπταμένας,
1826 1891 1908 1927 ψυχάς

1120 1950 1151 1968 τε
1165 1941 1244 1975 ἁγίας
1258 1940 1305 1968 καὶ
1319 1940 1552 1977 μετεωροπόρους,
1566 1939 1616 1975 βίῳ
1628 1939 1674 1966 καὶ
1683 1939 1838 1975 φρονήματι
1850 1945 1908 1973 μετ-

1120 1986 1232 2022 αρσίους
1248 1986 1296 2012 καὶ
1317 1985 1467 2020 οὐρανίους·
1486 1985 1588 2016 ταύτας
1622 1984 1676 2020 γὰρ
1702 1983 1772 2012 εἶναι
1789 1985 1834 2012 καὶ
1851 1983 1907 2010 οὐδὲ

1119 2033 1201 2065 ἄλλας
1210 2032 1245 2059 τά
1255 2032 1365 2059 πετεινά
1381 2033 1428 2060 τοῦ
1445 2032 1560 2069 οὐρανοῦ
1579 2033 1596 2068 ἡ
1605 2032 1741 2068 σωτήριος
1754 2033 1783 2059 ὲν
1809 2031 1906 2063 τούτοις

1119 2079 1230 2115 ᾐνίξατο
1255 2078 1404 2115 παραϐολή·
1431 2078 1470 2110 ὼς
1495 2078 1613 2114 ἔμπαλιν
1631 2078 1675 2105 διὰ
1685 2079 1737 2114 τῆς
1750 2077 1797 2106 τοῦ
1812 2078 1905 2114 σπόρου

1119 2124 1169 2156 τὰς
1185 2124 1345 2156 ἐπιϐούλους
1355 2124 1410 2151 τῶν
1419 2125 1571 2161 ἀνθρώπων
1585 2125 1678 2160 ἐδήλου
1687 2125 1826 2160 δυνάμεις,
1840 2126 1906 2160 ὁμω-

1118 2170 1209 2205 νύμως
1224 2170 1335 2197 πετεινά
1351 2171 1466 2206 οὐρανοῦ
1484 2172 1573 2207 φήσας
1593 2171 1774 2206 διηρπακέναι
1790 2171 1834 2198 τὸν
1845 2170 1902 2197 σπό-

1121 2224 1165 2251 ρον
1176 2215 1230 2243 τῶν
1239 2216 1315 2252 παρὰ
1332 2216 1381 2252 τὴν
1397 2216 1456 2243 ὁδὸν
1468 2216 1674 2251 ὑποδεξαμένων
1690 2218 1784 2244 αὐτόν.

1445 2261 1501 2288 KA'
1516 2261 1583 2297 (ιτ).

1155 2307 1210 2334 Καὶ
1222 2307 1309 2335 ταῦτα
1331 2308 1360 2335 δὲ
1379 2308 1537 2343 ἀναγκαίως
1550 2309 1564 2335 ό
1580 2308 1675 2345 Σωτὴρ
1691 2310 1749 2341 τοῖς
1763 2307 1845 2335 αὑτοῦ
1858 2315 1904 2342 μα-

1119 2352 1215 2388 θηταῖς
1233 2354 1394 2390 παρεδίδου,
1419 2354 1496 2381 νόσον
1516 2354 1731 2390 ἀργαλεωτάτην
1753 2355 1802 2390 τῆς
1819 2351 1903 2380 αὐτῶν

1118 2398 1218 2435 ψυχῆς,
1236 2399 1389 2435 χαυνότητα
1411 2408 1440 2426 τε
1467 2400 1514 2427 καὶ
1535 2399 1694 2432 ἀλαζονείαν
1717 2400 1839 2436 ίώμενος,
1861 2397 1902 2424 καὶ

1119 2446 1232 2472 κωλύων
1245 2446 1275 2472 τὸ
1293 2446 1472 2482 μεγάλαυχον,
1501 2446 1538 2478 ὡς
1565 2446 1598 2474 ἂν
1626 2448 1732 2483 μήποτε
1755 2445 1903 2482 ὲπαρθεῖεν,

1121 2492 1190 2527 μηδέ
1206 2501 1231 2519 τι
1245 2492 1316 2528 μέγα
1334 2493 1402 2528 μηδὲ
1417 2493 1590 2528 ὑπερήφανον
1607 2492 1672 2529 περὶ
1688 2492 1793 2520 ἑαυτῶν
1810 2491 1900 2527 φρονή-

1121 2546 1206 2565 σαιεν.
1222 2539 1347 2565 Διδάσκει
1359 2538 1388 2565 δὲ
1399 2539 1527 2574 ἄντικρυς
1537 2539 1579 2573 ἐφ’
1588 2539 1653 2575 ἡμῖν
1663 2539 1770 2566 κεῖσθαι
1780 2539 1811 2565 τὸ
1823 2535 1903 2564 εἰσελ-

1120 2584 1186 2617 θεῖν,
1201 2584 1218 2620 ἦ
1236 2585 1284 2621 μὴ,
1301 2586 1341 2617 είς
1355 2584 1404 2620 τὴν
1418 2585 1554 2620 βασιλείαν
1571 2585 1616 2612 τοῦ
1635 2585 1712 2612 Θεοῦ.
1726 2586 1758 2612 Et
1770 2585 1823 2621 γὰρ
1838 2581 1902 2610 κατὰ

1117 2628 1163 2655 τὸν
1177 2629 1316 2656 Ματθαῖον
1326 2629 1491 2665 στραφέντες
1510 2630 1658 2666 γενοίμεθα
1672 2630 1709 2663 ὡς
1716 2631 1750 2658 τὰ
1769 2631 1851 2664 νήπια
1867 2628 1899 2663 τῇ

1119 2675 1202 2711 κακίᾳ
1218 2676 1396 2711 νηπιάξοντες
1409 2676 1482 2703 κατά
1502 2677 1547 2704 τὸν
1570 2677 1740 2709 Ἀπόστολον,
1759 2677 1806 2703 καὶ
1821 2677 1843 2702 εἰ
1857 2675 1897 2701 δε-

1116 2720 1232 2756 χοίμεθα
1248 2722 1297 2757 τὴν
1316 2721 1455 2756 βασιλείαν
1478 2722 1516 2753 ὡς
1543 2722 1646 2748 ἁπλοῦν
1665 2723 1712 2749 καὶ
1724 2722 1900 2757 ἁπειρόκακον

1117 2766 1232 2799 παιδίον,
1249 2767 1296 2794 καὶ
1312 2767 1375 2794 εἰτὸ
1388 2767 1506 2804 καθαρὸν
1521 2768 1568 2795 καὶ
1582 2769 1710 2804 ἀμίαντον
1722 2769 1771 2804 τῆς
1779 2765 1899 2800 παιδικῆς

307 2805 331 2820 ⁸³
341 2804 386 2832 Ps.
400 2813 494 2838 um,
511 2805 540 2832 2.
577 2806 601 2822 ”
618 2806 662 2834 Ps.
681 2814 798 2840 curnt,
818 2808 846 2835 6.
883 2809 906 2825 "
915 2810 1013 2838 Matth.
1027 2819 1107 2846 xvnt,
1118 2812 1146 2840 5.
1186 2813 1209 2829 "
1222 2814 1230 2840 Ι
1245 2814 1308 2841 Cor.
1324 2822 1381 2848 xiv,
1393 2814 1439 2842 20.

308 2851 363 2887 (Π)
384 2850 411 2878 ln
436 2852 533 2887 codice
556 2853 590 2887 Α.
616 2852 636 2879 i.
660 2852 723 2879 245.
755 2853 781 2880 b.
808 2854 902 2882 titulus
928 2857 1058 2885 mendose

272 2888 390 2921 scriptus
403 2886 551 2915 Εὐσεϐίου
565 2886 706 2922 δευτέρας
719 2888 895 2923 θεοῇάνους.
910 2891 969 2920 sine
980 2893 1062 2922 dubio

1112 2860 1290 2897 c_orrigendus
1299 2860 1430 2889 Εὺσεὸίου
1441 2861 1462 2889 δ’
1473 2861 1648 2897 Θεοφανείας,
1659 2861 1763 2890 Eusebii
1774 2861 1800 2889 t'n
1807 2862 1896 2896 quarto

1117 2894 1304 2926 Theon/mum.
1532 2894 1538 2896 ”
1566 2897 1571 2901 ’
1588 2897 1593 2902 ”
