2045 3215
154 184 208 212 635

824 186 872 216 DE
891 186 1122 218 THEOPHANIA.

1723 191 1781 221 '680

155 242 264 277 ἡλικίας
279 242 448 280 ζηλώσομεν,
469 244 677 281 εἰσελευσόμεθα
699 247 739 278 είς
755 247 857 283 αὐτὴν·
873 249 939 275 ἀλλὰ

994 250 1189 283 adamabimus,
1223 250 1249 277 in
1274 257 1386 286 regnum
1411 249 1604 279 introlhimus:
1629 251 1683 279 imo
1697 253 1779 280 etiam

155 289 202 316 καὶ
214 289 262 315 ἐὰν
278 290 477 326 εὐνουχίσωμεν
494 292 605 324 ἑαυτοὺς
618 292 661 319 διά
677 292 726 329 τὴν
739 293 876 329 βασιλείαν
890 294 944 322 τῶν

154 335 294 370 οὐρανῶν·
311 335 381 363 οὕτω
397 337 450 372 γάρ
470 346 512 369 τις
534 337 658 374 ἐκτεμὼν
677 339 726 374 τῆς
743 339 839 366 ἑαυτοῦ
855 340 945 376 ψυχῆς

155 380 209 406 πᾶν
225 381 255 407 τὸ
266 382 378 417 αίσχρὺν
390 384 437 410 καὶ
450 384 599 411 ἀκόλαστον
615 384 711 417 πάθος,
730 386 754 412 si
771 387 817 413 καὶ
832 386 881 422 τὴν
896 387 943 414 τοῦ

155 425 281 461 σώματος
305 428 411 463 ἠλικίαν
441 429 620 466 προϐεϐηκὼς
644 431 686 467 εἴη
709 431 788 468 ἀνὴρ,
815 433 944 468 στραφεὶς

153 472 293 506 γένοιτ’ἂν
303 473 341 505 ὼς
354 475 469 502 παιδίον.
481 476 511 502 Et
527 475 556 502 δὲ
574 477 656 512 μηδὲν
663 477 765 504 τούτων
780 478 942 515 πράξαιμεν,

153 518 290 552 ἀποφάσει
308 520 355 546 τοῦ
379 520 506 557 Σωτῆρος
528 522 786 558 ὐποὸληθησόμεθα,
808 524 877 559 μετὰ
896 524 943 552 τοῦ

157 563 230 599 ἀμὴν
243 565 465 602 ἀποφηναμένου,
478 568 519 594 ὃτι
534 569 557 595 εί
567 569 604 604 μὴ
619 569 774 605 πράξαιμεν
784 571 880 604 ταῦτα,
894 571 944 598 οὐκ

156 609 233 637 ἔσται
248 611 313 646 ἡμῖν
328 612 464 649 είσιτητδν
480 614 521 646 εις
537 614 586 650 τὴν
598 615 744 650 βασιλείαν.

479 659 533 685 KB'
548 659 615 695 (19).

192 701 289 738 Ὁμοία
312 702 340 730 δὲ
363 704 439 740 παρά
454 704 493 740 τῷ
514 705 646 742 Ματθαίῳ
672 709 760 734 κεῖται
789 708 942 744 παραϐολή.

151 747 276 783 Ὠσπερ,
301 749 355 785 γάρ
376 758 468 785 φησιν,
491 750 635 787 ἄνθρωπος
655 753 804 788 ἀποδημῶν
831 754 943 781 ἐκάλεσε

150 794 213 825 τοὺς
230 794 312 827 ἰδίους
326 795 446 830 δούλους,
464 798 511 824 καὶ
527 794 549 832 ᾦ
563 798 612 834 μὲν
625 798 709 826 ἔδωκε
721 799 801 826 πέντε
814 800 942 832 τάλαντα,

151 836 173 873 ᾦ
197 840 225 867 δὲ
241 839 297 874 δύο,
317 838 339 875 ᾦ
351 842 378 869 δὲ
395 843 442 870 ἐν·
459 844 519 870 ἐπεὶ
541 845 626 872 πολλὰ
644 846 773 881 τυγχάνει
805 846 841 874 τὰ
866 847 944 884 χαρί-

151 894 241 921 σματα
255 886 377 923 διάφοροί
388 897 416 916 τε
430 889 476 916 τοῦ
492 890 568 924 ἁγίου
580 891 737 927 Πνεῦματος
750 894 777 920 αἱ
789 893 943 928 διαιρέσεις,

996 296 1019 322 si
1043 301 1148 323 nosmet
1176 299 1289 329 propter
1313 302 1424 330 regnum
1451 296 1584 324 ccelorum
1616 298 1779 331 spadonahi-

995 349 1055 368 mus
1073 341 1128 377 (l8)
1144 350 1151 374 ;
1167 342 1207 369 sic
1221 341 1294 369 enim
1310 340 1392 368 homo
1407 342 1557 376 praecidens
1578 350 1611 370 ex
1626 342 1717 370 anima
1731 351 1780 371 sua

995 392 1100 423 turpem
1127 389 1276 423 quamlibet
1305 393 1333 416 et
1363 389 1590 424 intemperantem
1615 389 1778 424 passionem,

993 434 1046 461 etsi
1073 435 1196 468 corporis
1221 439 1301 462 aetate
1334 435 1389 470 jam
1414 436 1456 463 vir
1477 435 1607 469 evaserit,
1631 442 1780 462 conversus

995 479 1041 506 ﬁet
1059 484 1186 514 tanquam
1199 488 1276 515 puer.
1289 480 1337 508 Siti
1351 488 1415 508 vero
1428 480 1496 508 nihil
1507 480 1604 507 horum
1620 479 1779 512 fecerimus.

999 525 1155 553 Servatoris
1180 527 1322 554 sententia:
1350 526 1537 561 subjiciemur,
1568 533 1628 553 cum
1659 525 1778 553 dictione

999 578 1078 598 amen
1097 571 1310 605 interminantia,
1326 572 1397 606 quod
1410 572 1461 600 nisi
1478 572 1515 599 ita
1533 578 1582 599 nos
1604 572 1778 607 gesserimus,

994 625 1048 645 non
1063 618 1165 655 patebit
1179 618 1258 646 nobis
1271 619 1305 646 ad
1319 625 1431 652 regnum
1443 618 1581 645 introitus.

1344 662 1427 692 XXII.

1031 705 1086 734 Par
1112 707 1183 742 apud
1211 707 1369 735 Matthzeum
1391 715 1499 743 quoque
1520 711 1610 735 exstat
1636 706 1778 742 paraboia.

994 753 1100 780 Etenim
1116 753 1209 786 homo,
1226 758 1256 779 ut
1274 754 1322 786 ait,
1339 761 1452 788 peregre
1467 753 1656 788 proﬁciscens,
1674 754 1780 781 vocavit

994 806 1089 827 servos
1112 806 1192 833 suos;
1209 804 1237 826 et
1254 800 1299 827 uni
1315 800 1424 834 quidem
1440 799 1514 827 dedit
1530 799 1651 835 quinque
1667 800 1777 832 talenta,

994 843 1073 872 alteri
1087 844 1152 877 duo,
1169 844 1249 872 tertio
1259 844 1375 880 denique
1389 852 1472 872 unum
1485 845 1509 861 ⁸⁷
1522 853 1530 878 ;
1545 847 1608 880 quia
1622 845 1704 872 multa
1716 850 1780 872 sunt

996 889 1080 923 dona.
1094 894 1121 917 et
1133 889 1249 918 diversae
1262 890 1351 918 sancti
1374 890 1494 926 Spiritus
1513 891 1703 924 diribitiones;
1720 890 1780 917 unia

151 932 259 968 ἑκάστῳ
267 933 296 960 δὲ
309 934 411 962 δίδοται
424 936 493 972 πρὸς
506 936 537 963 τὺ
550 938 688 974 συμφέρον
698 947 705 953 ·
714 939 820 973 γένοιτο
831 939 863 966 ἄν
875 947 939 966 ποτε

994 935 1094 971 cuique
1114 940 1204 964 autem
1223 937 1303 964 datur
1312 937 1520 972 proutexpedit.
1530 937 1667 972 Contingit
1681 938 1780 973 quippe

151 978 166 1004 ὸ
185 977 235 1012 μέν
250 987 293 1010 τις
307 979 367 1011 ἑνὸς
389 981 502 1016 μέτοχος
518 983 696 1018 χαρίσματος,
712 985 727 1010 ὁ
738 984 766 1011 δὲ
781 984 864 1017 δυοῖν,
884 985 898 1011 ό
912 985 939 1012 δὲ

151 1025 282 1053 πλειόνων
294 1035 301 1042 ·
317 1028 402 1061 οὕτως
417 1027 464 1056 οὖν
474 1030 590 1067 εἴρηται,
603 1031 642 1067 τῷ
654 1033 702 1068 μὲν
721 1033 842 1060 δεδόσθαι
858 1034 939 1061 πέντε

150 1073 279 1106 τάλαντα,
294 1073 429 1103 τοσούτων
445 1078 623 1114 χαρισμάτων
635 1079 678 1106 διὰ
691 1079 738 1107 τοῦ
759 1081 836 1115 ἁγίου
853 1081 939 1108 Ilvati-

151 1127 237 1154 ματος
264 1119 339 1155 αὑτῴ
361 1121 576 1158 δεδωρημένων·
593 1125 679 1161 ἑτέρῳ
704 1125 732 1152 δὲ
755 1126 786 1152 οὐ
808 1125 938 1160 τοσαῦτα,

149 1165 206 1192 ἀλλ’
222 1165 252 1192 ἓν
270 1167 350 1202 μόνον
375 1166 495 1202 δέδοται,
524 1170 554 1203 ὃς
575 1171 697 1204 πλείονος
716 1173 791 1208 τύχοι
808 1173 841 1200 ἂν
857 1183 940 1201 κατα-

149 1212 278 1247 κρίσεως,
298 1214 337 1241 ὅτι
359 1215 425 1251 μηδὲ
440 1216 525 1243 πολλά
544 1217 663 1254 εἰληφὼς
682 1219 720 1251 ὡς
739 1218 892 1255 ἀποκυῆσαι
906 1222 938 1257 τῇ

149 1257 202 1283 τῶν
210 1258 341 1286 πλειόνων
348 1260 473 1297 ἐργασίᾳ,
482 1261 542 1288 οὐδὲ
553 1262 600 1289 τοῦ
611 1263 669 1296 ἑνὸς
680 1265 725 1290 τὸν
733 1265 838 1300 καρπὸν
847 1265 939 1301 ἐπορί-

151 1312 225 1336 σατο,
239 1305 325 1340 ἀργὸν
338 1305 366 1332 δὲ
383 1307 448 1333 αὐτὸ
470 1307 601 1342 φυλάξας,
617 1310 662 1336 καὶ
680 1310 717 1346 μὴ
738 1311 867 1346 μεταδοὺς
883 1311 941 1338 ἑτέ-

152 1358 218 1385 ροις,
228 1352 390 1388 στερήσεται
401 1353 448 1380 καὶ
454 1353 548 1381 τούτου
557 1355 628 1382 κατὰ
640 1356 689 1392 τὴν
700 1357 831 1392 σωτήριον
838 1357 942 1392 ἀπόφα-

150 1405 201 1428 σιν,
211 1397 368 1433 ἐλέγχοντος
375 1400 456 1426 αὐτόν
464 1400 511 1427 τοῦ
522 1401 615 1436 κριτοῦ
622 1401 667 1428 ἐπὶ
673 1403 756 1438 ἀργίᾳ
762 1403 809 1429 καὶ
815 1401 939 1439 ὀκνηρίᾳ,

148 1443 196 1470 καὶ
215 1443 334 1479 φοδερὰν
344 1445 458 1481 ἀπειλὴν
478 1446 525 1472 καὶ
539 1446 629 1481 κρίσιν
647 1447 783 1483 ἀπότομον
791 1447 939 1475 κατάὺτοῦ

149 1487 320 1524 ἐκφέροντος.
338 1490 369 1516 0i
382 1489 410 1516 δὲ
420 1491 467 1517 καὶ
481 1491 613 1518 πλειόνων
627 1492 674 1518 τοῦ
687 1493 765 1527 ἁγίου
781 1494 942 1529 Πνεύματος

149 1533 296 1569 ἠξιωμένοι
311 1536 502 1572 χαρισμάτων,
526 1535 584 1564 εἶτα
598 1538 700 1565 τούτων
713 1539 758 1566 τὸν
775 1540 880 1576 καρπὸν
895 1539 940 1567 διὰ

149 1581 199 1615 τῆς
214 1582 365 1618 πρακτικῆς
379 1583 511 1617 ἐργασίας
521 1584 798 1617 πολυπλασιάσαντες,
811 1586 881 1613 κατά
894 1587 940 1613 τὸν

148 1627 243 1663 καιρὸν
259 1628 309 1663 τῆς
322 1628 377 1655 τῶν
393 1629 479 1663 λόγων
494 1631 651 1666 συνάρσεως
667 1630 757 1664 δεξιᾶς
776 1632 822 1658 καὶ
835 1632 940 1667 ἀγαθῆς

149 1674 303 1709 μαρτυρίας
319 1674 469 1708 τεύξονται.
489 1676 532 1702 Ἑν
544 1676 646 1711 ὀλίγοις
661 1676 716 1713 γὰρ
729 1677 941 1713 δοκιμασθέντας

146 1721 203 1752 τοῖς
220 1720 291 1747 κατὰ
306 1721 352 1748 τὸν
364 1722 500 1749 ἐνεστῶτα
513 1722 580 1757 βίον,
594 1723 725 1758 μειζόνων
739 1724 793 1750 τῶν
808 1724 877 1751 κατὰ
894 1725 940 1751 τὸν

991 982 1137 1017 aliquando
1154 987 1184 1009 ut
1201 982 1299 1018 aliquis
1329 991 1383 1010 uno
1398 983 1468 1011 dono
1484 984 1611 1018 potiatur.
1627 984 1732 1012 duobus
1745 983 1780 1011 alt

991 1032 1042 1058 ter.
1061 1028 1132 1056 alius
1149 1028 1266 1063 denique
1282 1028 1416 1063 pluribus.
1435 1029 1483 1056 Sic
1512 1037 1577 1064 ergo
1599 1030 1700 1057 dictum
1724 1035 1778 1062 est,

990 1073 1036 1101 alii
1055 1074 1163 1108 quidem
1179 1074 1240 1101 data
1258 1073 1343 1102 fuisse
1360 1075 1480 1110 quinque
1493 1076 1606 1108 talenta,
1635 1077 1697 1111 quia
1717 1076 1779 1104 totis

990 1119 1051 1146 dem
1074 1119 1161 1146 sancti
1191 1119 1310 1154 Spiritus
1345 1121 1415 1147 dona
1432 1120 1468 1147 illi
1486 1120 1616 1148 attributa
1637 1125 1716 1148 sunt:
1733 1121 1777 1148 alii

990 1171 1082 1194 autem
1098 1167 1168 1194 haud
1193 1167 1315 1198 totidem,
1334 1167 1381 1195 sed
1395 1175 1478 1194 unum
1496 1167 1589 1194 datum
1615 1167 1717 1201 fuisse;
1732 1169 1776 1202 qui

991 1212 1142 1248 graviorem
1159 1213 1364 1240 damnationem
1380 1213 1509 1248 perferet,
1525 1214 1586 1248 quia
1607 1222 1668 1241 cum
1693 1214 1777 1241 multa

991 1266 1044 1286 non
1070 1259 1232 1293 accepisset,
1258 1267 1292 1287 ne
1319 1259 1388 1286 forte
1412 1260 1445 1287 ad
1471 1261 1615 1295 operosius
1641 1261 1777 1296 negotium

991 1307 1131 1339 torperet;
1152 1304 1328 1332 nihilominus
1342 1313 1376 1332 ne
1391 1311 1424 1332 ex
1446 1313 1499 1332 uno
1525 1306 1633 1340 quidem
1660 1305 1776 1333 fructum

992 1350 1135 1383 retulerit;
1153 1353 1224 1385 quod
1239 1359 1301 1379 cum
1317 1351 1391 1379 iners
1406 1351 1595 1386 custodiverit,
1618 1359 1704 1386 neque
1719 1352 1778 1379 aliis

991 1396 1073 1424 fuerit
1092 1397 1255 1432 impertitus,
1281 1397 1333 1425 hoc
1354 1398 1413 1432 ipso
1436 1395 1608 1433 spoliabitur,
1629 1399 1778 1426 secundant

992 1441 1145 1471 Servatoris
1158 1443 1280 1477 ell'atum,
1296 1445 1444 1471 damnante
1456 1453 1516 1472 eum
1529 1444 1621 1479 judice
1634 1445 1668 1472 de
1683 1452 1779 1472 socor-

991 1489 1035 1516 dia
1065 1494 1147 1523 atque
1173 1489 1290 1524 ignavia,
1318 1490 1508 1526 terribilesque
1532 1492 1619 1519 minas
1639 1496 1667 1519 et
1690 1492 1778 1520 diram

992 1535 1154 1561 sententiam
1174 1534 1306 1562 adversus
1320 1542 1383 1562 eum
1399 1534 1514 1562 ferente.
1538 1534 1590 1568 Qui
1608 1541 1673 1562 vero
1701 1535 1778 1570 plura

992 1581 1078 1608 sancti
1095 1580 1213 1614 Spiritus
1225 1587 1337 1608 munera
1359 1580 1453 1608 collata
1466 1581 1630 1614 habuerunt,
1641 1586 1668 1609 et
1682 1582 1779 1610 deinde

954 1617 976 1647 (ἶ
994 1626 1088 1653 harum
1107 1627 1228 1654 fructum
1249 1634 1365 1661 operoso
1383 1627 1477 1655 labore
1498 1627 1726 1662 multiplicarunt,
1751 1627 1779 1655 hi

991 1680 1045 1707 quo
1060 1677 1183 1707 tempore
1197 1672 1334 1699 rationum
1355 1672 1409 1700 dati
1427 1677 1455 1699 et
1475 1672 1580 1707 accepti
1595 1672 1709 1700 collatio
1721 1673 1777 1704 lict.

990 1718 1108 1745 faustum
1129 1719 1285 1753 bonumque
1298 1718 1484 1746 testimonium
1512 1718 1640 1747 referent.
1657 1718 1779 1754 Namque

149 1766 280 1800 μέλλοντα
287 1767 372 1794 αἰῶνα
379 1768 425 1794 καὶ
433 1768 565 1804 οὐρανίων
576 1769 700 1796 ἐπάθλων
707 1770 879 1802 καταξιώσει.
888 1771 939 1797 Τὸν

991 1764 1017 1791 in
1033 1763 1128 1798 paucis
1140 1765 1280 1798 probatos,
1300 1763 1326 1791 in
1342 1768 1474 1799 praesente
1490 1764 1619 1791 nimirum
1635 1764 1702 1797 vita,
1717 1772 1778 1791 ma-

147 1811 174 1837 δὲ
183 1812 302 1848 πονηρὸν
311 1813 357 1839 καὶ
367 1813 481 1849 ὀκνηρὸν
493 1814 585 1841 δοῦλον
598 1815 709 1850 ἐλέγξας
722 1816 767 1842 ἐπὶ
778 1817 811 1852 τῇ
823 1816 939 1852 πονηρίᾳ

990 1809 1093 1844 iorihus
1110 1809 1137 1836 in
1153 1809 1244 1836 futuro
1268 1809 1367 1837 sacculo
1383 1814 1410 1836 et
1422 1809 1582 1837 cmlestibus
1601 1809 1721 1842 praemiis
1741 1809 1779 1836 di.

148 1858 195 1884 καὶ
206 1859 246 1894 τῷ
254 1859 336 1894 εκνῳ,
344 1861 376 1895 τῇ
386 1860 562 1897 προσηκούσῃ
570 1861 725 1897 παραδώσει
733 1862 794 1898 δίκῃ
802 1870 808 1877 ·
825 1862 939 1898 ὀκνηρὸν

990 1855 1119 1890 gnabitur
1132 1855 1274 1883 Dominus.
1292 1855 1325 1882 At
1342 1862 1407 1883 vero
1425 1862 1541 1890 nequam
1567 1862 1676 1882 servum
1697 1860 1725 1883 et
1739 1856 1779 1890 pi-

150 1905 199 1939 μὲν
213 1905 298 1931 αὑτὸν
311 1906 396 1933 εἰπὼν
412 1906 456 1934 διὰ
470 1906 501 1933 τὺ
518 1907 600 1942 μηδὲν
613 1907 737 1943 ἐθελῆσαι
757 1907 811 1934 τῶν
825 1907 939 1935 δεόντων
990 1909 1078 1935 ετυιηι
1097 1902 1219 1928 incusata
1234 1900 1292 1935 ejus
1305 1901 1479 1936 imprommle
1490 1905 1516 1929 εί
1526 1901 1644 1936 ίεηίινίθν
1658 1908 1778 1936 εοηετυίι

146 1950 332 1986 ἐργάσασθαι,
353 1952 471 1989 πονηρὸν
490 1952 518 1979 δὲ
536 1953 580 1979 διὰ
595 1952 626 1979 τὸ
645 1954 779 1989 τολμῆσαι
801 1953 882 1988 φάναι
900 1952 939 1989 τῷ

990 1954 1070 1983 pinna
1087 1947 1203 1980 aﬂiciet;
1226 1949 1366 1976 socordem
1390 1954 1451 1974 eum
1464 1947 1622 1982 |appellans,
1635 1948 1699 1982 quia
1715 1947 1778 1975 olli-

146 1996 243 2022 ὲαυτοῦ
261 1996 359 2032 κυρίῳ,
379 1998 519 2034 Αύστηρὺς
540 1996 566 2025 εἶ
584 1999 735 2035 ἄνθρωπος,
748 2000 795 2026 καὶ
811 1999 845 2026 τὰ
863 1999 937 2034 ἑξῆς.

990 1994 1061 2021 cium
1077 2001 1132 2021 non
1145 1993 1302 2028 praestiterit
1317 2003 1325 2027 ;
1344 2001 1458 2029 nequam
1475 1998 1577 2026 autem.
1590 1993 1653 2029 quia
1670 1993 1779 2022 domino

153 2039 320 2075 Ἀπελέγξας
335 2042 399 2076 γοῦν
407 2043 487 2070 αὑτὸν
500 2043 632 2079 πρότερον
643 2044 681 2076 ὠς
690 2043 937 2079 ὲναντιολογοῦντα,

990 2046 1039 2067 suo
1057 2039 1149 2067 dicere
1164 2047 1247 2067 ausus
1267 2039 1508 2074 lueritJAusterus
1521 2047 1551 2067 es
1566 2040 1657 2072 homo,
1672 2044 1700 2066 et
1717 2040 1779 2067 reli-

147 2087 194 2113 καὶ
210 2088 243 2113 ἐκ
255 2087 302 2114 τοῦ
316 2088 450 2124 στόματος
467 2090 635 2125 κατακρίνας
655 2090 747 2123 αὑτὸν,
761 2091 812 2123 ὅτι,
836 2091 938 2128 καίπερ

990 2093 1052 2122 qua.
1066 2087 1151 2122 Igitur
1168 2094 1201 2115 eo
1215 2091 1345 2122 coarguto
1358 2087 1431 2122 quod
1457 2087 1637 2122 repugnantia
1652 2086 1778 2122 loquere-

147 2133 227 2159 αὑτὸν
237 2133 374 2169 αὐστηρὸν
385 2135 431 2161 καὶ
443 2135 632 2171 ἀπαραίτητον
649 2136 745 2173 κριτὴν
756 2134 825 2163 εἶναι
836 2137 937 2173 φήσας,

990 2137 1044 2166 tur,
1058 2138 1086 2161 et
1097 2141 1130 2161 ex
1145 2141 1192 2161 ore
1205 2133 1264 2168 ejus
1279 2133 1425 2165 damnans,
1440 2133 1504 2168 quia
1518 2140 1580 2161 cum
1605 2141 1667 2161 eum
1689 2138 1781 2160 auste-

148 2178 222 2214 ὅμως
238 2180 441 2216 κατεφρόνησεν
463 2181 500 2213 ὡς
521 2181 603 2217 μηδὲν
621 2182 721 2216 ἀγαθὸν
738 2182 849 2218 θελῆσαι
865 2184 938 2218 πρᾶ-

990 2186 1050 2206 rum
1063 2183 1090 2206 et
1104 2178 1300 2206 inexorabilem
1314 2177 1432 2213 iudicem
1450 2186 1511 2206 esse
1528 2179 1653 2211 dixisset.
1682 2178 1779 2206 nihilo-

147 2224 201 2257 ξαι,
213 2226 386 2262 δικαιοτάτην
395 2226 493 2259 ἐξοίσει
504 2228 553 2263 τὴν
564 2227 624 2254 κατ’
639 2227 722 2254 αὐτοῦ
736 2227 836 2263 ψῆφον,
850 2228 938 2263 σκότῳ

992 2225 1084 2252 minus
1098 2229 1154 2252 tam
1178 2224 1260 2252 fuerit
1274 2224 1413 2258 negligens
1428 2228 1457 2252 nt
1470 2224 1538 2252 nihil
1559 2232 1641 2260 agere
1658 2225 1721 2252 boui
1737 2232 1777 2252 vo-

148 2272 286 2307 παραδοὺς
315 2272 395 2299 αὑτὸν
420 2272 557 2309 ἐξωτάτω,
583 2274 622 2305 ὡς
642 2274 674 2301 οὐ
695 2274 774 2309 μόνον
788 2274 871 2310 ἀργὸν
887 2275 935 2301 καὶ

990 2269 1082 2301 luerit.
1099 2269 1282 2304 iustissimam
1301 2270 1371 2297 feret
1391 2270 1417 2297 in
1432 2277 1493 2297 eum
1510 2269 1689 2300 sententiam,
1708 2273 1779 2296 tene-

148 2318 278 2353 πονηρὸν,
304 2319 372 2346 ἀλλά
393 2320 440 2346 καὶ
463 2321 571 2355 ἀχρεῖον
592 2320 639 2346 καὶ
662 2320 815 2355 ἀπόϐλητον
832 2320 934 2348 δοῦλον.

990 2315 1081 2342 nebris
1108 2314 1291 2342 exterioribus
1314 2322 1377 2342 eum
1409 2314 1532 2347 tradens,
1560 2321 1612 2341 non
1643 2314 1722 2340 modo
1748 2318 1777 2340 ut

147 2363 225 2396 Δόξει
241 2364 289 2399 μὲν
299 2362 346 2391 οὖν
358 2365 531 2401 ἀπεριέργως
541 2366 602 2392 ὅσον
616 2365 662 2392 ἐπὶ
676 2366 709 2401 τῇ
717 2365 863 2401 ἀκολουθίᾳ
874 2366 938 2401 περὶ

990 2361 1131 2389 socordem
1146 2364 1174 2387 et.
1187 2367 1313 2395 nequam.
1328 2368 1421 2388 verum
1438 2359 1520 2387 etiam
1540 2363 1569 2386 ut
1587 2358 1711 2386 inutilem
1731 2360 1777 2386 do-

147 2408 195 2435 τοῦ
216 2409 298 2445 μηδὲν
312 2410 510 2446 ἐργασαμένου,
524 2410 592 2437 ἀλλὰ
609 2410 818 2446 ἀποκρύψαντος
837 2411 868 2437 τὸ
888 2410 937 2437 τά-

149 2455 246 2482 λαντον
255 2477 262 2488 ,
274 2456 347 2483 τοῦτ’
364 2457 500 2493 εἰρῆσθαι·
515 2457 578 2484 ἐπεὶ
593 2457 622 2483 δὲ
635 2457 665 2483 τὸ
679 2458 718 2489 είς
728 2454 872 2492 ἡμᾶςῆκον
881 2456 936 2492 (20)

155 2501 310 2538 Ἑϐραϊκοῖς
343 2503 530 2539 χαρακτῆρσιν
551 2502 715 2537 Εὑαγγέλιον
742 2501 792 2538 τὴν
821 2501 936 2538 ἀπειλὴν

149 2549 179 2574 οὺ
198 2549 270 2576 κατὰ
285 2549 332 2575 τοῦ
355 2549 563 2585 ἀποκρύψαντος
578 2549 691 2584 ἐπῆγεν,
714 2548 782 2575 άλλά
803 2548 874 2575 κατὰ
890 2548 937 2575 τοῦ

184 2593 206 2610 ⁸⁷
223 2594 318 2622 Matth.
338 2602 402 2628 xxv,
414 2595 458 2623 14.

185 2641 331 2680 (1.8)Πιοι·
348 2642 506 2680 ὴοελνοτὴο,
523 2641 646 2680 quodest
662 2640 688 2667 in
707 2639 869 2680 fragmentis
878 2647 932 2680 an—

150 2676 313 2710 tiquissitnis
327 2677 428 2704 veteris
441 2677 511 2705 Itala:
527 2676 622 2703 Matth.
637 2683 693 2707 xix,
704 2676 747 2707 12,
766 2683 780 2702 a
798 2682 840 2702 me
852 2675 932 2701 editis

148 2718 208 2738 cum
228 2712 315 2739 sancti
332 2712 476 2746 Augustini
491 2712 608 2747 genuino
624 2710 753 2747 Speculoj
770 2711 863 2747 Vitiique
884 2716 931 2736 vo-

148 2747 274 2782 caltulntn
300 2748 327 2773 in
353 2744 413 2774 nico
434 2744 541 2782 quoque
569 2746 703 2782 glossario
725 2744 827 2782 rSpicil.’
848 2749 867 2771 ι.
892 2751 932 2776 tx,

146 2780 206 2820 iure
220 2782 318 2817 scripsi
331 2791 338 2809 ;
354 2783 422 2810 Sum
440 2780 729 2820 ipadonuLetcnqui
744 2789 771 2807 se
791 2781 859 2814 ipso:
873 2787 935 2820 spit-

148 2816 310 2853 donaaernnt
327 2824 435 2851 promer
446 2816 565 2853 regnum.
582 2816 641 2853 Quo
655 2817 861 2853 pi9__scnsu,_et
878 2816 936 2853 qui-

147 2851 206 2887 dem
228 2852 281 2880 huc
312 2850 576 2887 respiciensfetiam
603 2850 786 2879 Tertullianus
813 2850 849 2877 De
872 2850 935 2876 culi.

219 2895 258 2922 ix,
267 2888 345 2922 dixit,
355 2886 382 2915 ie
395 2888 555 2923 lpudonalui
565 2887 700 2922 assignant
714 2891 820 2922 propter
830 2891 937 2919 regnum

173 2929 207 2950 ιι.

989 2414 1087 2441 Inoque
1110 2406 1266 2441 pellendum
1289 2406 1431 2433 famulum.
1452 2405 1595 2432 Videbitur
1615 2412 1680 2439 ergo
1696 2411 1777 2439 appa-

989 2457 1089 2485 renter,
1104 2451 1177 2479 haud
1193 2452 1260 2479 satis
1272 2457 1400 2479 accurate
1416 2451 1488 2486 quod
1500 2451 1597 2477 attinet
1607 2451 1639 2477 ad
1650 2457 1777 2477 sensuum

992 2498 1142 2534 sequelam,
1159 2497 1211 2525 hoc
1228 2498 1261 2525 de
1284 2497 1331 2525 illo
1347 2497 1431 2524 fuisse
1457 2496 1558 2523 dictum
1570 2496 1616 2531 qui
1634 2495 1701 2522 nihil
1713 2502 1776 2530 ope-

994 2553 1058 2574 rans
1086 2545 1218 2572 talentum
1245 2543 1400 2572 abscondit.
1429 2542 1509 2571 Certe
1533 2543 1605 2578 quod
1637 2542 1777 2570 Hebraicis

1019 2636 1076 2672 (l9)
1099 2636 1158 2664 Hoc
1186 2642 1294 2670 quoque
1320 2635 1415 2672 ingens
1433 2634 1614 2672 fragmentum
1629 2641 1719 2672 usque
1742 2635 1777 2663 ad

984 2670 1071 2713 verba
1093 2676 1222 2713 extrema.
1246 2670 1404 2713 πριραδιέσει
1427 2670 1502 2713 δίκῃ,
1529 2670 1724 2713 εειςίινῑίιυιυιιι
1739 2672 1776 2713 nin

983 2708 1078 2735 codice
1093 2709 1126 2734 Δ.
1136 2706 1199 2734 254.
1216 2706 1242 2741 b.
1255 2705 1403 2733 Εὐσεϐίου
1417 2706 1452 2738 ,8.
1470 2705 1632 2741 (cuaniglis
1647 2711 1728 2738 supra
1737 2705 1776 2741 β.)

985 2740 1166 2776 Θεοφανείας
1182 2745 1192 2767 :
1210 2740 1329 2772 Eusebii,
1345 2741 1412 2776 libro
1427 2739 1519 2776 quarta
1533 2739 1721 2776 ᾙιεορίιίιηξαξ.

1020 2775 1076 2814 (i0)
1091 2778 1177 2814 Etiam
1191 2776 1217 2814 it}
1231 2776 1342 2814 Syriaca
1357 2775 1586 2814 Tltcopltanitllib.
1602 2783 1639 2814 ιν,
1656 2775 1776 2814 ﬁglinu-

987 2809 1034 2841 dat
1047 2809 1181 2840 Eusebius
1195 2809 1336 2845 Evangelii
1352 2810 1493 2846 exemplar
1512 2809 1655 2837 Hebraicis
1669 2810 1776 2846 (idﬂest

986 2847 1126 2884 Syriacis)
1153 2846 1249 2873 litteris
1263 2846 1402 2884 scriptum.
1417 2845 1482 2884 dant
1502 2852 1567 2884 vero
1581 2853 1642 2872 cum
1661 2846 1687 2872 in
1703 2845 1776 2884 lat.

988 2879 1152 2912 bibliotheca
1164 2884 1248 2909 codex
1260 2879 1348 2908 exstet
1363 2881 1492 2916 Syriacus
1512 2880 1562 2908 sub
1573 2888 1686 2908 numero
1703 2879 1777 2915 XIX,

990 2919 1096 2951 priscas
1118 2917 1185 2945 adeo
1206 2921 1235 2945 ut
1258 2916 1367 2945 Eusebii
1393 2921 1500 2945 aetatem
1525 2922 1669 2950 exaequare
1699 2923 1777 2944 nosse
