2045 3215
274 175 327 203 687

640 173 773 202 EUSEBII
792 172 1026 201 C.-ESARIENSIS
1045 172 1120 200 OPP.
1142 171 1232 199 PARS
1251 171 1295 199 IV.
1315 176 1350 192 -—'
1369 170 1578 198 DOGMATICA.

1844 171 1893 197 οκδ

275 234 372 262 litteris
398 233 584 269 conscriptum
607 233 783 268 Evangelium
807 233 841 260 ad
863 240 912 259 nos
941 232 1054 263 devenit.

1110 231 1220 263 ἀσώτως
1240 231 1376 266 ὲζηκότος.
1398 232 1478 267 Τρεῖς
1492 231 1546 266 γὰρ
1565 229 1674 261 δούλους
1699 229 1835 265 περιεῖχε,
1850 229 1893 256 τὸν

275 282 365 309 minas
388 281 450 309 illas
474 281 547 309 haud
572 285 667 308 contra
682 279 776 307 talenti
790 279 996 311 occultatorem,
1010 279 1057 306 sed

274 333 370 356 contra
384 328 522 355 luxuriose
536 327 672 354 viventem
697 325 825 353 intendit.
843 325 910 353 Tres
927 325 1000 352 enim
1021 324 1058 352 ibi

275 380 508 410 repraesentantur
520 375 611 404 servi;
624 374 693 401 alius
710 373 810 400 domini
826 372 1004 400 substantiam
1015 371 1059 398 de-

273 426 374 446 vorans
389 427 450 446 cum
466 418 654 446 meretricibus
665 422 692 444 et
702 417 877 449 saltricibus;
894 416 963 443 alter
975 422 1058 451 opere

273 465 474 499 multiplicans;
490 463 586 491 tertius
596 463 726 490 talentum
735 463 887 490 occultans.
903 462 1004 489 Deinde
1018 461 1058 489 ait

273 518 356 538 unum
371 510 478 545 quidem
504 509 634 537 benevole
658 514 812 544 exceptum,
833 509 945 536 altermn
964 515 1056 542 repre-

273 557 387 585 hensum
405 556 602 587 tantummodo.
617 556 726 583 tertium
739 556 765 583 in
777 555 883 582 vincula
893 554 1056 590 conjectum.

271 605 395 640 Ambigo,
418 611 451 630 an
469 603 538 631 forte
554 604 625 638 apud
645 603 801 630 Matthaaum
819 608 877 638 post
902 602 1056 630 absolutum

272 655 365 678 contra
381 650 505 685 ignavum
521 657 630 677 servum
656 656 824 680 sermonem,
848 656 908 683 qua:
933 647 1057 683 sequitur

270 697 416 729 sententia,
434 697 503 724 haud
518 696 544 723 in
559 695 641 727 hunc,
664 695 712 721 sed
728 703 776 728 per
789 694 968 729 epanalepsin
984 693 1056 721 dicta

270 739 351 766 fuerit
383 739 512 767 adversus
549 738 735 766 comedentem
764 744 791 765 et
818 739 954 766 bibentem
992 745 1056 765 cum

269 785 396 813 ebriosis.

304 829 368 857 Haec
391 829 474 865 igitur
502 830 538 857 ita
556 830 626 864 apud
651 829 808 857 Matthzeum
843 828 914 856 dicta
946 828 1056 856 fuerunt

270 876 297 903 in
311 880 402 904 monte
416 875 553 908 Olearum,
564 876 608 903 ubi
620 875 751 904 Servalor
761 882 824 902 cum
838 874 977 909 discipulis
989 882 1057 901 con-

268 922 368 950 sistens
383 923 415 950 de
428 922 520 950 mundi
543 921 777 950 consummatione
798 921 960 949 disserebat.
983 920 1055 947 Prae-

271 967 372 996 dictam
390 973 480 995 autem
493 969 649 1002 parabolam
666 969 740 996 solus
755 967 844 995 Lucas
858 970 1055 995 commemorat

270 1018 398 1048 tanquam
428 1014 527 1041 dictam
544 1022 558 1041 a
587 1014 734 1041 Servatore
761 1022 814 1049 quo
833 1017 957 1048 tempore
983 1012 1055 1047 apud

270 1056 473 1085 llierichuntem
487 1058 603 1094 degebat
618 1058 653 1086 ³⁸.
668 1058 758 1093 Quare
777 1065 826 1085 nec
842 1058 966 1085 eamdem
985 1057 1055 1085 hanc

268 1111 329 1132 cum
343 1104 386 1131 illa
400 1111 460 1132 esse
472 1105 622 1138 putandum
635 1110 688 1137 est,
703 1104 832 1139 quoniam
847 1111 907 1139 qua:
925 1103 951 1130 in
965 1103 1056 1131 amba-

269 1151 319 1178 bus
335 1150 471 1184 leguntur,
494 1151 564 1177 haud
580 1150 677 1178 similia
703 1155 777 1178 sunt.
793 1149 841 1177 Hic
865 1149 937 1177 enim
961 1149 1054 1177 decem

268 1196 399 1224 dicuntur
413 1195 497 1228 servi,
510 1196 564 1223 illic
577 1196 648 1223 haud
666 1196 722 1230 pari
741 1202 864 1223 numero.
890 1194 940 1222 Hic
955 1194 1052 1229 singuli

267 1241 388 1277 singulas
401 1242 490 1269 minas
500 1241 647 1277 accipiunt,
661 1241 716 1269 illic
725 1241 795 1269 alius
807 1241 927 1276 quinque
941 1241 1052 1274 talenta,

275 1288 345 1315 alter
357 1288 422 1320 duo,
440 1288 536 1315 tertius
545 1295 627 1315 unum
642 1287 751 1322 accipit.
775 1287 823 1315 llic
839 1288 885 1321 qui
900 1287 1055 1322 decuplavit

271 1334 385 1366 minam,
400 1333 476 1360 audit
490 1341 498 1360 ε
516 1332 602 1367 Euge,
615 1339 695 1360 serve
713 1333 783 1360 bone
798 1337 826 1359 et
836 1332 933 1363 tidelis.
946 1333 1008 1367 quia
1027 1333 1052 1359 in

274 1377 387 1405 minimo
400 1377 474 1405 fuisti
489 1377 587 1410 ﬁdelis,
602 1383 661 1405 csto
673 1382 835 1413 potestatem
853 1378 956 1406 habens
974 1386 1054 1414 super

267 1424 361 1451 decem
377 1424 467 1452 urbes.
477 1423 527 1458 Qui
542 1430 632 1452 autem
648 1432 681 1452 ex
695 1433 745 1452 una
761 1424 825 1452 fecit
839 1424 967 1460 quinque.
978 1425 1053 1453 simi-

273 1468 337 1496 liter
345 1469 419 1496 audit
436 1476 444 1496 :
459 1469 499 1497 'l‘u
513 1477 621 1505 quoque
637 1477 717 1505 supra
748 1470 866 1505 quinque
892 1471 971 1498 urbes
983 1475 1053 1498 esto.

268 1513 298 1542 lu
313 1514 477 1542 talentorum
493 1523 558 1543 vero
566 1517 695 1551 parabola
709 1516 850 1544 dicebatur
864 1525 871 1544 :
883 1523 960 1552 euge,
976 1524 1054 1544 serve

269 1561 354 1593 bone;
370 1561 396 1588 in
410 1561 504 1595 paucis
517 1561 592 1590 [uisu
607 1561 703 1596 ﬁdelis,
719 1569 801 1597 super
815 1563 901 1590 multa
915 1567 943 1590 te
954 1562 1054 1590 consti-
1067 1582 1089 1611 ϐ

270 1612 343 1635 tuam
357 1617 365 1641 ;
379 1609 451 1636 intra
465 1609 492 1636 in
505 1608 632 1644 gaudium
649 1609 751 1637 domini
764 1609 814 1637 tui.

303 1745 360 1780 Age
383 1752 448 1772 vero
470 1744 606 1778 parabolae
627 1744 843 1779 explanationem
869 1745 902 1772 ad
927 1753 1055 1780 compen-

265 1791 340 1819 dium
355 1791 545 1825 conl'erentes,
561 1791 597 1818 ita
613 1791 742 1819 dicimus.
760 1792 973 1819 Arbitrabantur
988 1800 1055 1819 non-

266 1838 341 1872 nulli,
355 1838 443 1873 primo
459 1837 615 1865 Servatoris
626 1837 711 1865 nostri
725 1837 842 1864 adventu
864 1844 977 1872 regnum
995 1838 1054 1874 ejus

265 1885 334 1919 fore,
350 1884 432 1919 idque
443 1889 507 1911 tunc
521 1883 693 1918 incepturum
710 1883 905 1912 existimabant
917 1885 1008 1912 statim
1022 1892 1055 1912 ac

265 1931 452 1966 Hierosolyma
483 1931 663 1958 ascendisset.
684 1930 758 1958 Adeo
786 1930 847 1958 illos
875 1930 1054 1959 admiratione

264 1977 440 2011 perculerant
463 1980 570 2011 patrata
593 1976 629 2004 ab
660 1976 719 2011 ipso
746 1975 887 2003 miracula.
916 1975 1054 2004 Adversus

265 2022 337 2050 hanc
344 2022 501 2056 opinionem
516 2021 647 2049 Senator
659 2022 754 2054 docet,
775 2021 846 2049 haud
864 2026 928 2049 ante
941 2029 955 2048 a
966 2021 1054 2049 .Patre

265 2075 295 2095 se
309 2075 421 2102 regnum
438 2072 627 2101 accepturum,
647 2075 728 2102 quam
749 2075 863 2102 peregre
885 2067 919 2094 ab
933 2067 1054 2095 homini-

265 2115 315 2141 bus
330 2114 363 2141 ad
379 2113 489 2140 Patrem
504 2114 614 2141 abierit.
634 2113 661 2140 ld
676 2121 741 2141 vero
759 2114 811 2140 hac
833 2114 959 2148 parabola
981 2113 1053 2141 allir-

266 2160 350 2187 mavit
365 2160 461 2187 dicens
477 2168 485 2187 :
501 2159 588 2186 Homo
601 2159 710 2194 quidam
727 2159 823 2186 nobilis
839 2160 902 2187 abiit
923 2161 950 2187 in
967 2161 1054 2196 regio.

265 2213 323 2232 nem
336 2205 518 2240 longinquam,
532 2210 559 2231 ut
570 2204 698 2238 acciperet
710 2204 760 2231 sibi
773 2213 891 2239 regnum,
904 2209 929 2232 et
940 2206 1052 2239 rediret;

1110 279 1158 314 μὲν
1181 279 1373 313 καταφαγόντα
1396 278 1445 313 τὴν
1466 276 1582 312 ὓπαρξιν
1603 274 1651 302 τοῦ
1675 275 1806 302 δεσπότου
1827 275 1894 310 μετὰ

1107 325 1216 361 πορνῶν
1236 325 1283 352 καὶ
1298 324 1482 359 αὐλητρίδων,
1502 322 1547 349 τὸν
1570 322 1598 349 δὲ
1619 321 1894 348 πολλαπλασιάσαντα

1107 368 1156 404 τὴν
1176 368 1317 404 ἐργασίαν,
1326 368 1371 395 τὸν
1381 367 1410 394 δὲ
1419 366 1631 402 κατακρύψαντα
1641 366 1671 393 τδ
1681 365 1822 393 τάλαντον
1836 363 1895 392 εἶτα

1107 414 1152 440 τὸν
1168 414 1217 450 μὲν
1235 414 1427 449 ἀποδεχθῆναι,
1436 412 1482 439 τὸν
1497 412 1524 439 δὲ
1543 411 1702 447 μεμφθῆναι
1712 411 1802 447 μόνον,
1810 411 1856 438 τὸν
1867 411 1894 438 δὲ

1108 460 1319 494 σιιγκλεισθῆναι
1347 459 1537 494 δεσμωτηρίῳ.
1565 458 1733 492 Ὲφίστημι,
1769 458 1894 492 μήποτε,

1107 505 1178 531 κατὰ
1191 506 1236 531 τὸν
1246 504 1393 534 Ματθαϊον,
1406 503 1474 539 μετὰ
1486 503 1535 539 τὴν
1546 502 1742 538 συμπλήρωσιν
1755 502 1802 529 τοῦ
1817 502 1895 535 λόγου

1107 551 1156 587 τὴν
1170 551 1240 578 κατὰ
1249 551 1296 578 τοῦ
1313 551 1395 586 μηδὲν
1403 550 1590 586 ὶργασαμένου
1607 551 1623 585 ἡ
1639 549 1702 584 ἑξῆς
1715 548 1895 584 ἐπιλεγομένη

1106 597 1205 633 ἀπειλὴ
1219 597 1248 623 οὗ
1262 597 1326 631 περὶ
1343 596 1437 629 αὐτοῦ,
1455 596 1523 622 ἀλλὰ
1540 596 1604 631 περὶ
1623 595 1672 622 τοῦ
1687 595 1820 631 προτέρου
1834 593 1895 622 κατ’

1106 643 1275 679 ὲπανάληψιν
1286 642 1410 669 λέλεκται
1421 641 1468 669 τοῦ
1479 642 1614 674 ἐσθίοντος
1628 641 1675 668 καὶ
1690 641 1812 673 πίνοντος
1827 640 1897 676 μετὰ

1106 690 1160 717 τῶν
1177 689 1226 725 μεθ
1230 689 1339 716 υόντων.

1141 826 1233 853 Ταῦτα
1261 826 1311 862 μὲν
1333 824 1379 853 οὖν
1399 826 1485 858 οὕτως
1502 826 1607 862 εἴρηται
1636 828 1712 861 παρὰ
1739 825 1785 852 τοῦ
1814 826 1894 853 Ματ-

1107 872 1182 899 θαίου
1195 873 1242 899 ἐπὶ
1257 872 1303 899 τοῦ
1317 872 1397 908 ὅρους
1419 872 1473 898 τῶν
1492 872 1615 905 Ἐλαιῶν,
1626 872 1673 899 τοῦ
1697 873 1823 907 Σωτῆρος
1838 873 1895 904 τοῖς

1106 918 1187 945 αὐτοῦ
1217 918 1351 954 μαθηταῖς
1373 919 1497 951 συνόντος
1525 919 1572 945 καὶ
1598 918 1633 945 τὰ
1649 918 1713 954 περὶ
1731 918 1781 954 τῆς
1802 926 1895 945 συντε-

1105 965 1181 997 λείας
1206 965 1480 1001 προδιαττελλομένου
1496 973 1503 980 ·
1531 965 1580 1002 τὴν
1596 965 1625 992 δὲ
1642 965 1826 1001 προκειμένην
1845 974 1895 992 πα-

1107 1011 1223 1048 ραϐολὴν
1238 1012 1318 1047 μόνος
1329 1013 1435 1045 Λουκᾶς
1456 1012 1708 1048 ἀπεμνημόνευσεν,
1725 1013 1763 1045 ὼς
1778 1012 1825 1039 τοῦ
1840 1013 1894 1039 Σω-

1105 1056 1187 1092 τῆρος
1206 1057 1346 1092 εἰρηκότος
1359 1057 1443 1092 αὐτὴν
1451 1057 1512 1084 καθ’
1524 1058 1553 1084 ὃν
1568 1057 1662 1093 χρόνον
1675 1057 1704 1084 ἐν
1726 1054 1833 1094 Ὶεριχδῑ
1846 1057 1894 1090 τὰς

1104 1101 1245 1138 διατρισὰς
1273 1104 1398 1130 ἐποιεῖτο.
1421 1103 1521 1140 Διόπερ
1544 1103 1605 1131 οὐδὲ
1629 1104 1678 1139 τὴν
1694 1104 1778 1139 αὐτὴν
1803 1104 1894 1140 ἐκείνῃ

1105 1147 1206 1184 ταύτην
1235 1146 1305 1175 εἶναι
1321 1148 1499 1183 ὑποληπτέον,
1513 1150 1574 1176 ἐπεὶ
1591 1150 1659 1185 μηδὲ
1689 1149 1722 1176 τὰ
1748 1150 1776 1176 ἐν
1803 1151 1894 1181 αὐτοῖς

1105 1194 1242 1230 φερόμενα
1270 1195 1351 1229 ὅμοια
1377 1196 1515 1231 τυγχάνει.
1536 1196 1666 1223 Ἐνταῦθα
1695 1196 1745 1232 μὲν
1761 1197 1816 1232 γὰρ
1828 1196 1894 1223 δέκα

1105 1240 1229 1275 λέγονται
1241 1241 1340 1273 δοῦλοι,
1358 1242 1416 1268 ἐκεῖ
1431 1241 1459 1268 δὲ
1484 1242 1515 1268 οὐ
1530 1242 1652 1269 τοσοῦτοι
1663 1251 1669 1257 ·
1688 1243 1735 1270 καὶ
1748 1243 1864 1270 ἐνταῦθα
1880 1243 1895 1269 ὀ

1106 1285 1198 1318 καθεὶς
1225 1286 1276 1313 ἀνὰ
1304 1286 1368 1322 μίαν
1383 1287 1451 1322 μνᾶν
1468 1286 1610 1323 λαμϐάνει,
1628 1288 1687 1314 ὲκεῖ
1711 1288 1740 1315 δὲ
1756 1289 1771 1314 ὁ
1788 1288 1838 1324 μέν
1853 1297 1895 1321 τις

1106 1331 1186 1358 πέντε
1200 1331 1328 1364 τάλαντα,
1340 1333 1354 1358 δ
1370 1332 1398 1359 δὲ
1411 1332 1467 1364 δύο,
1478 1334 1492 1360 ὁ
1504 1333 1531 1360 δὲ
1550 1334 1589 1360 ἓν.
1608 1334 1662 1360 Καὶ
1681 1333 1797 1361 ἐνταῦθα
1806 1335 1820 1360 ό
1846 1335 1895 1370 μέν

1105 1385 1146 1409 τις
1176 1377 1395 1410 δεκαπλασιάσας
1419 1378 1468 1414 τὴν
1497 1380 1564 1414 μνᾶν
1595 1379 1698 1413 ἀκούει,
1721 1378 1776 1413 Εὖ,
1804 1379 1894 1408 δοῦλε

1105 1423 1197 1457 ἀγαθὲ
1208 1424 1256 1450 καὶ
1273 1424 1372 1456 πιστέ,
1386 1424 1430 1450 ὅτι
1442 1425 1477 1451 ἐν
1492 1425 1644 1459 ἐλαχίστῳ
1659 1426 1767 1459 πιστὸς
1777 1426 1893 1461 ἐγένου,

1107 1469 1168 1496 ἶσοι
1195 1469 1339 1502 ἐξουσίαν
1361 1471 1440 1504 ἔχων
1464 1470 1564 1498 ἐπάνω
1590 1471 1664 1498 δέκα
1687 1472 1820 1499 πόλεων·
1838 1473 1853 1499 6
1868 1472 1894 1498 δὲ

1105 1515 1155 1551 τὴν
1172 1516 1236 1551 μίαν
1252 1516 1332 1543 πέντε
1353 1517 1469 1553 ποιήσας
1489 1517 1593 1549 ἀκούει,
1605 1518 1659 1545 Καὶ
1673 1517 1713 1544 σὺ
1726 1518 1811 1552 γίνου
1824 1518 1894 1545 ἐπά-

1106 1569 1147 1588 νω
1161 1561 1250 1589 πέντε
1263 1563 1390 1590 πόλεων,
1417 1562 1461 1589 Ἐν
1476 1563 1505 1589 δὲ
1520 1564 1553 1599 τῇ
1570 1562 1625 1589 τῶν
1645 1563 1782 1591 ταλάντων
1804 1573 1893 1599 παρα-

1106 1607 1170 1644 ϐολῇ
1202 1609 1320 1643 ἐλέγετο,
1348 1609 1402 1641 Εὖ,
1433 1609 1524 1636 δοῦ-λε
1552 1610 1660 1645 ἀγαθὲ,
1680 1611 1729 1638 ἐπὶ
1752 1611 1840 1646 ὀλίγα
1858 1611 1893 1645 ῆς

1105 1654 1223 1688 πιστὸς,
1236 1655 1286 1681 ἐπὶ
1302 1654 1427 1682 πολλῶν
1443 1663 1480 1683 σε
1494 1655 1687 1690 καταστήσω·
1713 1657 1833 1685 εἴσελθε
1852 1659 1894 1691 εἰς

1105 1700 1162 1734 τὴν
1175 1700 1271 1735 χαρὰν
1283 1701 1337 1728 τοῦ
1353 1702 1464 1735 Κυρίου
1481 1710 1550 1729 σου.

1139 1747 1195 1782 Τήν
1211 1756 1243 1781 γε
1271 1747 1324 1782 μὴν
1352 1748 1392 1779 εις
1422 1747 1472 1783 τὴν
1492 1748 1649 1785 παραϐολὴν
1672 1749 1819 1785 ἑρμηνείαν
1835 1750 1889 1777 ἑπι-

1104 1792 1264 1828 τεμνόμενοί
1281 1802 1372 1828 φαμεν
1383 1801 1391 1809 ’
1413 1794 1562 1821 Ὑπέλαΰόν
1576 1803 1648 1826 τινες
1663 1796 1733 1822 κατὰ
1747 1795 1798 1831 τὴν
1819 1796 1892 1832 πρώ-

1103 1847 1153 1874 την
1162 1838 1208 1865 τοῦ
1220 1839 1346 1875 Σωτῆρος
1359 1839 1437 1875 ἡμῶν
1457 1841 1610 1876 παρουσίαν
1624 1841 1674 1876 τὴν
1691 1841 1830 1876 βασιλείαν
1847 1843 1893 1869 αὑ-

1103 1885 1150 1912 τοῦ
1166 1885 1345 1921 γενήσεσθαι·
1358 1887 1410 1913 ικαὶ
1427 1886 1505 1913 τοῦτο
1530 1886 1655 1922 ἐνόμιζον
1668 1887 1777 1915 ἔσεσθαι
1805 1897 1894 1924 παρα-

1104 1931 1196 1966 χρῆμα
1207 1931 1267 1958 τότε
1281 1931 1390 1959 ἐπειδὰν
1406 1932 1488 1967 ὲπιὸᾒ
1503 1934 1559 1964 τοῖς
1580 1932 1792 1969 Ἱεροσολύμοις·
1807 1934 1894 1966 οὕτως

1104 1976 1266 2013 ἐξέπληττον
1290 1977 1388 2010 αὐτοὺς
1407 1978 1436 2004 αἱ
1458 1977 1615 2014 θεοσημεῖαι
1640 1979 1686 2006 ὑπ’
1701 1979 1784 2006 αὑτοῦ
1801 1988 1894 2006 συντε-

1103 2021 1242 2057 λούμεναι.
1262 2023 1333 2060 Πρὸς
1346 2023 1377 2058 δὴ
1388 2020 1435 2050 οὖν
1449 2023 1552 2059 ταύτην
1567 2023 1616 2060 τὴν
1629 2024 1756 2051 ὑπόνοιαν
1766 2025 1781 2052 ὁ
1799 2025 1894 2061 Σωτὴρ

1103 2067 1233 2100 διδάσκει,
1248 2068 1287 2103 μὴ
1303 2068 1434 2104 πρότερον
1447 2068 1528 2096 αὑτὸν
1549 2069 1625 2105 παρὰ
1645 2069 1691 2096 τοῦ
1713 2070 1820 2106 Πατρδς
1845 2071 1894 2106 τὴν

1104 2112 1241 2148 βασιλείαν
1264 2114 1461 2150 ἀπολήψεσθαι,
1485 2115 1500 2150 ἢ
1531 2115 1580 2151 τὴν
1603 2116 1758 2152 ἀποδημίαν
1785 2116 1834 2152 τὴν
1864 2117 1894 2150 ἐξ

1103 2159 1255 2196 ἀνθρώπων
1271 2160 1338 2197 πρὸς
1360 2160 1405 2186 τὸν
1430 2161 1539 2196 Πατέρα
1567 2161 1733 2188 στείλασθαι.
1758 2161 1844 2188 Τοῦτο
1866 2161 1894 2188 δὲ

1102 2205 1147 2232 διὰ
1168 2206 1219 2241 τῆς
1243 2206 1400 2242 παραϐολῆς
1426 2207 1563 2243 παρίστη,
1589 2207 1694 2242 λέγων·
1726 2208 1894 2242 Ἄνθρωπός

266 2250 382 2278 nobilem
398 2250 508 2285 quidem
521 2253 608 2278 semet
624 2249 762 2284 appellans
782 2254 889 2285 propter
914 2251 1051 2278 carnalem

1104 2260 1147 2284 τις
1171 2252 1298 2287 εὐγενὴς
1323 2251 1468 2286 ἐπορεύθη
1491 2254 1535 2286 εις
1563 2252 1664 2288 χώραν
1688 2253 1819 2288 μακρὰν,
1841 2255 1894 2281 λα-

265 2297 434 2324 nativitatem
461 2304 543 2332 quam
563 2304 597 2324 ex
613 2297 782 2329 Abrahamo,
807 2296 910 2330 lsaaco,
938 2297 1052 2330 Jacobo,

264 2342 377 2377 Davide,
393 2348 475 2378 atque
490 2343 586 2370 horum
603 2342 722 2378 posteris
735 2342 849 2370 sortitus
869 2349 939 2370 erat.
962 2343 1052 2377 Quare

264 2395 291 2417 et
305 2390 441 2418 hominem
456 2397 485 2418 se
512 2390 672 2418 nominavit.
689 2389 755 2416 Dum
771 2397 836 2417 vero
851 2389 889 2416 ait
901 2390 1051 2424 profectum

264 2437 291 2464 iu
307 2426 442 2472 regionem
459 2436 645 2471 longinquam,
661 2443 740 2464 suum
765 2434 791 2461 in
810 2434 908 2462 malum
931 2436 963 2462 de
981 2439 1051 2462 terra

265 2481 382 2508 reditum
401 2481 577 2515 signiﬁcavit.
600 2480 712 2508 Addeus
741 2479 867 2515 denique,
884 2487 914 2507 se
940 2486 1052 2516 accepto

264 2534 349 2561 regno
363 2533 546 2558 reversurum.
569 2526 716 2554 secundam
742 2533 820 2553 suam
845 2526 1050 2560 theophaniam,

264 2572 410 2605 gloriosam
422 2577 503 2607 atque
515 2571 644 2606 regalem,
659 2571 805 2599 denotavit.
821 2571 907 2599 Porro
919 2573 1053 2606 prmdictae

266 2622 388 2653 tempore
403 2617 631 2652 peregrinatiOnis
645 2623 740 2644 servas
756 2617 828 2644 illius
844 2617 910 2644 dicit
924 2622 1051 2651 acceptas

265 2664 353 2690 minas
381 2664 489 2692 diverso
513 2671 641 2691 successu
670 2663 755 2691 fuisse
784 2663 937 2698 negotiatos
952 2672 959 2691 :
976 2664 1052 2692 cives

266 2715 328 2737 Vero
343 2710 463 2745 ejusdem
483 2710 534 2745 ipsi
560 2710 692 2743 infensos,
709 2710 790 2738 missa
818 2714 878 2745 pOst
900 2717 961 2736 eum
979 2710 1052 2748 lega-

300 2767 323 2784 ⁸⁴¹
337 2767 401 2796 Lue.
418 2776 474 2800 xu,
490 2768 533 2795 19.

266 2816 409 2852 videatur;
435 2817 513 2851 isque
539 2817 628 2852 lingua
658 2817 801 2845 Palaestina
838 2819 975 2846 contineat
1008 2827 1045 2847 ss.

266 2851 420 2889 Evangelia,
440 2852 538 2886 cupide
555 2851 676 2889 consului
693 2861 755 2880 num
779 2854 815 2881 ibi
843 2854 900 2882 haec
917 2855 1045 2889 parabola

264 2886 302 2916 ita
310 2887 455 2922 lcgeretur,
470 2891 500 2914 ut
514 2888 595 2916 modo
606 2889 645 2916 ait
655 2888 788 2918 Eusebius
801 2897 808 2923 ;
820 2891 867 2919 sed
878 2886 1044 2919 contrarium

1107 2297 1170 2324 δεῖν
1201 2296 1296 2330 ἐαυτῷ
1330 2298 1494 2330 ,ϐασιλείαν
1528 2299 1577 2325 καὶ
1611 2299 1818 2333 ὑποστρέψαι·
1849 2300 1894 2327 εὑ-

1105 2344 1172 2380 γενῆ
1195 2343 1243 2380 μὲν
1262 2345 1357 2372 ἑαυτὸν
1385 2345 1475 2372 καλῶν
1499 2344 1543 2372 διὰ
1568 2344 1617 2380 τὴν
1636 2345 1707 2372 κατὰ
1737 2346 1827 2382 σάρκα
1849 2345 1894 2380 γέ-

1105 2399 1177 2418 νεσιν
1202 2391 1233 2424 ἐξ
1257 2391 1379 2428 Ἀϐραὰμ
1397 2392 1443 2419 καὶ
1465 2391 1558 2418 Ἰσαὰκ
1587 2392 1634 2418 καὶ
1664 2391 1776 2424 Ἰακὼϐ,
1805 2392 1838 2419 ἐκ
1864 2400 1894 2419 τε

1105 2437 1187 2464 Δαόὶδ
1201 2438 1246 2464 καὶ
1262 2437 1317 2464 τῶν
1328 2438 1422 2465 τούτου
1437 2437 1566 2473 διαδόχων
1577 2439 1763 2474 γεγενημένην
1773 2447 1781 2454 ·
1794 2438 1836 2465 διὸ
1848 2439 1895 2466 καὶ

1104 2483 1246 2519 ἄνθρωπον
1258 2484 1352 2511 ἑαυτὸν
1364 2483 1499 2520 ὠνόμαζε.
1516 2485 1609 2519 Λέγων
1623 2484 1661 2518 δὲ,
1678 2485 1837 2519 Ἐπορεύθη
1851 2487 1894 2518 εις

1104 2529 1204 2564 χώραν
1216 2530 1344 2565 μακρὰν,
1359 2532 1409 2568 τὴν
1422 2531 1477 2559 ἀπὸ
1487 2531 1538 2567 γῆς
1552 2533 1592 2564 είς
1603 2532 1715 2568 οὐρανὸν
1730 2531 1823 2559 ἄνοδον
1833 2533 1894 2559 ἑαυ-

1101 2576 1148 2602 τοῦ
1158 2577 1205 2612 ὲσή
1210 2585 1302 2612 μανεν.
1312 2577 1463 2614 Ἐπιφέρων
1473 2578 1501 2604 δὲ
1515 2577 1554 2610 τὸ,
1567 2576 1671 2606 λαϐεῖν
1687 2579 1795 2606 ἑαυτοῦ
1807 2578 1894 2611 ,βασι-

1102 2623 1191 2650 λείαν
1207 2623 1256 2651 καὶ
1269 2623 1470 2658 ὑποστρέψαι,
1481 2624 1530 2660 τὴν
1548 2625 1677 2659 δευτέραν
1693 2625 1776 2652 αὐτοῦ
1797 2625 1893 2661 θεοφά‹

1103 2676 1185 2699 νειαν.
1196 2669 1245 2705 τὴν
1260 2668 1362 2702 ἔνδοξον
1372 2671 1419 2696 καὶ
1432 2669 1584 2706 βασιλικὴν,
1597 2670 1727 2707 παρίστη.
1746 2671 1825 2698 Ἀλλὰ
1839 2671 1893 2707 γὰρ

1103 2715 1172 2742 κατὰ
1183 2715 1231 2751 τὴν
1243 2716 1381 2752 λεχθεῖσαν
1391 2716 1543 2752 ἀποδημίαν
1554 2718 1617 2749 τοὺς
1629 2717 1678 2752 μὲν
1691 2717 1772 2744 αὺτοῦ
1785 2717 1897 2750 δούλους

1101 2821 1219 2856 comperi
1232 2821 1291 2884 “ita
1305 2827 1333 2849 ut
1347 2821 1379 2849 de
1392 2820 1446 2850 alio
1459 2821 1610 2857 exemplari
1622 2821 1749 2857 loquatur
1760 2821 1892 2850 Eusebius

1101 2863 1212 2884 necesse
1223 2864 1246 2884 sx
1263 2875 1270 2883 .

1100 2863 1212 2886 necesse
1223 2863 1270 2884 ειι.
