2045 3215
251 187 298 214 891
586 187 720 214 EUSEBII
739 187 976 215 CIESARIENSIS
995 187 1069 214 UPP.
1092 187 1180 214 PARS
1199 186 1243 214 IV.
1264 201 1299 208 ι·-
1316 186 1525 215 DOGMATICA.
1828 186 1878 214 692

251 244 394 274 Eusebium
412 244 481 279 quod
503 244 608 276 attinet,
624 253 675 271 non
692 245 784 278 ignoro
802 244 881 277 paulo
899 243 1050 271 liberiorem
1069 243 1222 271 (ira-carum
1243 249 1393 271 catenarum
1412 244 1572 274 methodum.
1593 251 1646 278 qtta
1661 243 1775 276 excerpti
1791 249 1877 272 textus

252 282 397 315 aliquando
417 278 543 311 tantisper
564 280 664 306 variari
684 279 765 305 solent
781 279 918 314 :quisquis
931 284 1018 315 tamen
1039 279 1132 306 Graeca
1151 286 1241 306 nostra
1260 287 1317 306 cum
1336 278 1455 314 Syriacis
1467 279 1596 315 conferet,
1613 286 1682 312 a’gre
1705 283 1733 305 ut
1752 284 1813 311 puto
1828 281 1876 306 sibi

253 314 429 348 persuadebit,
447 315 503 348 fieri
519 323 591 348 posse
608 320 635 340 ut
651 320 687 340 tot
707 319 813 348 tamque
830 314 1140 349 grandiaAadditamenta
1158 315 1264 341 aliunde
1286 323 1367 349 quam
1380 315 1413 340 ab
1432 314 1556 348 originali
1569 321 1654 347 opere,
1665 314 1801 344 desumpta
1815 315 1875 342 sint.

253 350 308 377 Cur
325 351 393 376 enim
411 347 565 376 catenarum
594 347 783 376 Vaticanarum
801 347 920 375 auctores
946 347 1052 376 Nicetas
1071 355 1146 383 atque
1170 347 1303 376 Macarius
1315 370 1322 380 ,
1343 357 1388 376 cur
1412 349 1480 376 alius
1507 357 1663 383 anonymus,
1677 350 1760 382 primo
1774 350 1876 383 quidem

254 386 362 412 titulum
385 384 560 418 Theophania:
587 385 670 414 toties,
687 389 711 410 et
727 385 831 418 quidem
845 384 900 410 sine
914 384 969 410 ulla
990 393 1080 417 causa,
1107 385 1256 419 finxissent,
1272 385 1365 411 deinde
1384 389 1438 410 tant
1454 384 1530 417 longa
1555 389 1685 418 segmenta
1712 383 1772 409 huic
1790 385 1876 419 potius

254 428 335 456 quam
353 420 401 446 alii
415 420 704 456 tituloAsttpposuissent
717 419 867 456 {Profecto
879 419 931 456 fuit
949 418 1115 456 facillimum,
1132 419 1239 456 Eusebii
1259 425 1364 456 tantum
1381 427 1473 456 nomen
1487 418 1567 452 (quod
1588 418 1724 456 aliquoties
1741 418 1783 452 fit)
1799 418 1878 456 ’Πιθο-

254 453 357 491 phanito
374 453 640 491 quoquefragntcntis
657 453 810 491 inscribere,
827 455 879 491 sive
894 454 1009 491 alicujus
1021 455 1190 491 amanuensis
1201 455 1322 481 socordia
1343 455 1395 491 sive
1409 453 1559 491 voluntate,-
1571 461 1658 491 verum
1672 454 1802 491 enimvero
1819 454 1876 481 Eu.-

255 488 360 517 sebiano
376 489 456 516 alicui
471 489 564 515 diversi
583 490 728 523 argumenti
747 490 844 524 scripto
859 489 965 515 titulum
979 489 1154 524 Tlteopltania.’
1167 495 1220 516 tam
1234 498 1301 521 strpe
1317 498 1331 515 a
1344 488 1440 515 Niceta
1456 488 1624 524 Macarioque
1638 488 1720 522 fuisse
1733 490 1874 523 appictum,

255 526 331 552 ualde
345 531 382 551 est
400 524 562 550 incredibile.
584 525 649 557 Qua:
664 525 686 550 si
697 525 734 550 ita
745 533 772 551 se
785 525 891 556 habent,
907 526 1026 558 sequitur
1037 529 1063 550 ut
1076 523 1159 559 Syrus
1173 524 1281 552 Eusebii
1296 525 1434 559 interpres,
1457 523 1577 550 brevitati
1595 524 1713 556 studens,
1724 528 1812 559 partes
1826 525 1877 552 ali-

255 565 319 596 quot
332 560 416 593 operis
434 559 596 596 subtraxisse
610 560 739 596 videatur.

292 598 376 628 Atque
389 600 415 621 ut
428 594 462 620 ad
483 594 627 628 exemplum
647 595 818 627 epistolarum
840 594 939 628 Ignatii
955 599 1086 626 revertar,
1102 594 1169 621 dicet
1181 593 1288 628 aliquis,
1308 593 1474 628 apprimeque
1490 594 1518 621 in
1534 593 1590 620 suis
1610 594 1739 628 perdoctis
1758 595 1877 623 vindiciis

255 630 290 658 cl.
309 630 468 661 Curetonus,
484 628 605 665 Gra'cum
619 631 706 663 potius
719 629 922 665 Iggatianarum
948 629 1119 665 epistularum
1141 634 1289 656 contextum
1309 629 1497 665 interpolatum
1521 633 1683 665 auctumque
1692 630 1794 662 fuisse;
1808 632 1877 664 quod

255 667 322 692 idem
339 664 450 700 fortasse
462 665 495 691 de
511 663 611 691 Gratcis
637 663 743 697 quoque
753 663 912 691 Eusebianis
929 665 1069 691 dicendum
1092 663 1173 690 alicui
1186 664 1327 700 videbitur.
1344 663 1514 700 ignotianam
1527 671 1574 700 ego
1590 663 1759 698 qua'stionem
1771 663 1877 700 aggredi

255 692 364 734 prorsus
392 699 462 731 nolo,
484 707 541 734 qua:
562 707 608 726 nec
621 692 749 733 propositi
765 700 815 726 mei
829 705 876 730 est,
893 705 916 726 et
932 707 947 726 ιι
960 700 1069 726 summis
1086 699 1186 726 criticis
1197 698 1301 732 jamdiu
1313 692 1372 732 fuit"
1384 698 1519 734 ventilata.
1533 692 1697 734 C‘a’te'roqgin
1711 692 1878 727 astendéndte

256 733 427 768 cpistolnrmn
454 734 562 761 illarum
587 734 707 770 varietati
733 743 780 768 ego
800 735 905 770 quidem
922 734 1066 770 symbolam
1081 734 1356 770 contulitfragmento
1373 733 1444 770 edito
1462 734 1575 770 epistolte
1590 734 1624 760 ad
1646 733 1796 770 Tarsenses,
1808 736 1877 769 quod

255 770 410 796 Anastasius
427 770 559 803 presbyter
572 778 588 796 a
602 777 642 795 nte
655 767 777 802 vulgatus
792 767 901 796 servavit
913 767 1023 802 (Set-iul.
1041 775 1096 796 vel.
1110 773 1129 794 t.
1148 767 1212 796 VII.
1222 767 1331 802 p.721).
1343 769 1460 803 quodque
1475 769 1523 794 hoc
1537 769 1593 794 loco
1606 777 1656 794 non
1674 769 1740 803 piget
1754 767 1876 803 repetere,

255 805 465 840 quandoquidem
482 805 509 840 in
524 804 620 840 [gn/itii
636 805 705 840 edita
716 804 849 840 hactenus
861 804 894 830 ad
915 806 1053 840 Tarsenses

1073 803 1183 840 epistola
1203 812 1253 840 non
1276 804 1398 840 occurrit.
1422 803 1567 840 ξιτψ-σιτίου
1588 803 1641 840 {of}
1659 806 1805 840 ergdpov
1827 806 1875 832 καὶ

253 838 402 875 μάρτυρος
415 839 519 875 ὲκγτῆς
533 839 607 875 πρὸς
619 839 733 871 τοὺςέν
752 838 863 873 Ταρσῷ.
879 840 914 866 Ei
930 839 984 874 γὰρ
1009 839 1091 873 ᾕδεις
1105 838 1239 875 (Sedet-:01";
1260 839 1332 875 Υιὸςγ
1348 839 1398 873 ἦν,
1417 839 1578 875 ἐγινῳσκες
1590 838 1634 875 ὅτι
1652 839 1878 875 τεσσαράκοντα

255 873 367 909 ἡμέρας
377 874 517 907 ἀνενδεὲς
530 874 659 906 ποιήσας
670 874 702 909 τι)
714 874 846 908 φθαρτὸν
860 873 954 909 σῶμὰ,
970 874 1019 900 καὶ
1038 876 1081 907 εἰς
1098 874 1131 900 τὸ
1153 873 1288 907 διηνεκὲς
1299 874 1431 908 ἠδύνατο
1454 873 1541 909 τοῦτο
1560 873 1684 907 ποιῆσαι
1697 883 1704 888 ·
1718 874 1766 901 διὰ
1779 875 1807 901 τί
1821 874 1879 903 οὖν

256 908 343 943 «cingi
361 917 369 940 ,‘
383 910 433 936 ἵνα
445 909 528 943 δείξῃ
541 909 586 935 ὅτι
601 908 720 942 ἀληθῶς
731 909 859 936 ἀνέλαϐε
873 908 958 944 σῶμα
978 908 1155 943 ὁμοιοπαθὲς
1170 909 1331 942 ἀνθρώποις
1347 918 1353 924 ·
1369 908 1417 936 διὰ
1424 908 1482 944 μὲν
1503 909 1557 943 γὰρ
1575 909 1626 935 τοῦ
1637 909 1753 943 πρώτου
1765 910 1879 942 ἔδειξεν·

254 945 300 972 ὅτι
317 945 460 984 escendit
478 944 512 971 δὲ
523 944 578 984 tofi
589 944 730 984 ᾃενιίζέρου
744 944 789 984 ἱξτι
804 945 852 971 καὶ
866 945 1029 984 ᾅνθρωπρς.
1050 953 1059 970 t

1078 944 1176 984 ignatii
1190 945 1323 976 theophori
1334 953 1365 971 ac
1387 944 1521 984 martyris,
1533 952 1566 970 ea:
1587 944 1695 984 epistola
1715 946 1749 973 ad
1765 945 1877 973 Tarsen-

255 989 305 1008 ses.
322 979 350 1007 Si
365 980 432 1006 enini
449 981 533 1013 ipsum
557 979 603 1006 Dei
633 978 733 1006 Filium
749 979 831 1013 fuisse
841 980 931 1011 scires,
954 981 1042 1014 utique
1061 981 1139 1006 etiam
1154 986 1330 1012 cognosceres,
1347 987 1405 1005 eum
1419 978 1463 1012 qtti
1486 979 1655 1011 corruptibile
1667 988 1760 1013 corpus
1778 989 1854 1007 suum
1869 1001 1877 1014 ,

255 1016 432 1050 quadraginta
453 1015 555 1050 dierum
580 1016 677 1047 spatio,
700 1014 757 1041 cibo
779 1023 830 1042 non
852 1015 969 1049 indigum
995 1013 1129 1049 effecerat,
1149 1014 1262 1047 patuisse
1280 1014 1357 1041 etiam
1378 1015 1405 1040 in
1428 1019 1579 1050 perpetuum
1603 1013 1656 1040 tute
1677 1015 1878 1048 prtestare.Cnr

255 1049 317 1085 ergo
340 1051 420 1077 esurit
438 1052 450 1078 ζ)
465 1049 564 1085 Nempe
580 1055 606 1076 ιιι
628 1050 748 1076 ostendat
763 1058 790 1077 se
809 1058 866 1077 vere
892 1059 986 1083 corpus
1012 1050 1203 1082 assumpsisse,
1222 1057 1296 1085 _a'que
1315 1058 1346 1076 ac
1368 1055 1475 1076 caeteros
1500 1049 1618 1085 homines
1633 1050 1766 1083 possibile.
1784 1049 1878 1078 Priore

256 1083 316 1120 ergo
328 1086 404 1112 modo
427 1085 521 1115 Deum,
534 1084 617 1111 altero
631 1086 709 1111 etiam
726 1086 858 1120 hominem
878 1093 904 1112 se
916 1094 972 1112 esse
980 1085 1178 1110 demonstravit.
1192 1092 1201 1108 ι
1215 1083 1379 1120 Catteroquin
1391 1084 1436 1111 illa
1448 1084 1531 1118 magis
1551 1086 1677 1120 sententia
1689 1085 1752 1111 nti/ti
1766 1086 1877 1118 arridet,

252 1115 314 1147 θείω
329 1121 462 1154 lgnatium
476 1120 644 1147 imminutum
659 1120 744 1156 potius
761 1129 777 1146 a
801 1119 875 1156 Syris
888 1120 1055 1156 aliarumque
1067 1121 1188 1156 gentium
1204 1115 1351 1146 hominibus
1366 1119 1467 1156 statuit.
1483 1115 1560 1156 quam
1584 1127 1600 1156 a
1611 1118 1711 1146 Grtecis
1726 1115 1878 1156 Latinisque

255 1153 403 1185 hominibus
429 1162 535 1182 auctum
551 1162 560 1181 .'
578 1155 713 1189 tegerrime
738 1156 808 1182 enim
823 1153 929 1189 ferrem
948 1160 984 1182 tot
1010 1153 1086 1181 nobis
1113 1154 1180 1187 eripi
1196 1161 1280 1180 sacrae
1303 1159 1327 1180 et
1350 1153 1504 1187 dogmaticte
1517 1154 1644 1180 doctrina:
1662 1157 1759 1188 capita,
1777 1153 1840 1189 quoi
1852 1157 1878 1182 in

258 1189 386 1217 Nitriensi
415 1190 540 1226 Syrorum
569 1189 713 1224 exemplari
737 1191 829 1217 desunt
847 1198 856 1217 :
875 1190 1022 1223 praesertim
1043 1190 1106 1225 quia
1124 1193 1211 1223 partes
1225 1191 1259 1215 ab
1274 1189 1314 1215 Itis
1337 1190 1458 1220 omissae,
1475 1189 1545 1223 apud
1567 1191 1733 1226 perantiquus
1758 1196 1879 1219 auctores

254 1227 408 1253 laudantur.

292 1261 354 1288 lam
368 1265 396 1286 ut
413 1259 609 1294 Theoplmniam
629 1260 741 1294 fortasse
753 1263 919 1287 decurtatam
935 1268 950 1286 a
964 1259 1031 1294 Syro
1045 1260 1184 1293 interprete
1199 1258 1362 1286 vehementer
1382 1260 1498 1293 suspicer
1508 1281 1514 1293 ,
1530 1265 1591 1288 ante
1616 1261 1705 1288 omnia
1729 1269 1768 1287 me
1783 1266 1878 1294 cogunt

256 1301 342 1330 partes
360 1295 459 1322 Grieca:
481 1294 636 1331 complures,
653 1304 722 1330 quw.
738 1299 815 1329 prout
830 1296 856 1321 in
872 1295 982 1331 singulis
1006 1295 1069 1321 locis
1093 1294 1158 1331 disi,
1176 1295 1271 1331 partim
1291 1294 1395 1331 titulum
1410 1294 1583 1330 Theophania:
1595 1301 1696 1331 gerunt,
1710 1297 1804 1330 partim
1819 1305 1877 1323 cum

255 1329 309 1357 illis
330 1331 527 1356 continuantur.
545 1330 646 1356 Deinde
659 1329 718 1357 cum
731 1336 823 1363 reputo
835 1331 877 1357 vix
887 1330 1071 1363 licripotuisse
1083 1334 1109 1365 ut
1129 1329 1256 1365 Eusebius
1280 1329 1379 1356 trullam
1403 1331 1451 1357 hoc
1470 1331 1497 1358 in
1515 1329 1773 1364 oper-{prophetiam
1800 1333 1879 1365 paulo

256 1365 381 1392 disertius
397 1369 546 1398 exponeret,
560 1365 619 1391 ideo
633 1371 733 1398 partem
751 1365 823 1390 illatn
840 1364 969 1391 Danielici
996 1364 1111 1391 vaticinii
1127 1363 1247 1398 ablegare
1263 1372 1313 1390 non
1335 1366 1417 1398 potui,
1438 1368 1583 1399 praesertim
1609 1365 1782 1398 Tlteopltanire
1800 1363 1878 1393 titulo

258 1400 414 1432 Eusebiique
427 1400 531 1435 nomine
547 1401 573 1426 in
592 1401 678 1426 codice
691 1405 821 1426 ornatam.
834 1399 869 1425 De
881 1401 981 1426 ueteris
1002 1399 1187 1425 additamentis
1205 1406 1327 1435 accurate
1342 1400 1368 1426 in
1379 1401 1488 1434 singulis
1504 1409 1584 1435 prope
1599 1401 1701 1435 paginis
1721 1409 1751 1426 ac
1766 1401 1878 1434 ﬁdeliter

255 1437 322 1462 dixi.
334 1435 388 1469 Age
401 1443 458 1461 vero
474 1434 602 1461 Vaticana
611 1435 787 1469 Theophania:
801 1435 946 1469 fragmenta
958 1442 989 1461 ex
1001 1434 1077 1460 tertio
1089 1439 1233 1468 quartaque
1244 1434 1309 1469 libro
1323 1436 1452 1467 prtecipue
1466 1441 1605 1463 sumuntur
1615 1445 1624 1468 ;
1633 1445 1715 1469 pauca
1724 1445 1756 1462 ea:
1765 1438 1877 1468 quinto;

256 1479 288 1499 ea:
301 1468 383 1504 primo
404 1470 513 1504 denique
527 1478 618 1502 unum,
636 1470 705 1504 quod
723 1470 813 1496 Gra'ce
826 1474 917 1505 catena
933 1468 1080 1505 Putrumin
1096 1469 1180 1503 Epist.
1198 1470 1232 1495 ad
1245 1468 1324 1505 Hebr.
1335 1477 1370 1502 Iv,
1387 1471 1429 1501 12,
1442 1472 1506 1497 mihi
1523 1468 1706 1505 suppeditavit.
1723 1471 1785 1497 Jam
1797 1480 1878 1498 causa

256 1502 305 1532 cur
324 1513 356 1531 ea:
370 1506 445 1531 tertio
465 1502 630 1538 potissimum
642 1502 793 1539 quartaque
805 1504 871 1531 libro
883 1504 1030 1539 fragmenta
1045 1502 1137 1531 (ΣΙ-ατη
1148 1503 1292 1538 supersint,
1304 1505 1349 1530 illa
1366 1511 1414 1536 est,
1427 1507 1497 1539 quod
1516 1502 1618 1533 duobus
1633 1507 1673 1532 Itis
1699 1507 1771 1533 libris
1793 1506 1878 1533 Euse-

257 1542 314 1566 bius
331 1541 463 1574 publicam
489 1540 586 1566 Christi
604 1540 710 1566 Domini
726 1540 1037 1573 t'ttant,prtudicutiunem
1054 1540 1164 1570 scilicet,
1188 1539 1314 1566 miracula
1337 1548 1368 1566 ac
1393 1546 1511 1574 mortem,
1528 1544 1692 1568 conctuserat
1704 1550 1713 1574 ;
1727 1549 1878 1568 catenarum

256 1582 344 1603 autem
363 1574 514 1601 auctoribus
530 1575 586 1601 I1th
601 1576 718 1608 apprime
733 1576 827 1601 idonea
842 1576 954 1601 materia
969 1581 1036 1603 erat,
1047 1575 1091 1606 qui
1105 1575 1139 1600 ad
1160 1574 1335 1608 evangelicum
1361 1576 1496 1602 historiam
1516 1577 1716 1603 commentarios
1743 1577 1875 1602 subnecte-

257 1612 329 1636 bant.
351 1609 436 1636 Porro
457 1610 500 1645 qui
523 1610 627 1637 tertium
653 1616 828 1644 quartumque
854 1609 949 1635 librum
968 1610 994 1635 in
1011 1609 1122 1644 Syriaca
1150 1609 1188 1636 vel
1209 1609 1319 1643 Anglico
1335 1610 1506 1637 translatione
1523 1612 1601 1645 leget,
1625 1612 1647 1637 is
1667 1611 1746 1644 facile
1758 1616 1878 1645 agnoscet

257 1650 336 1671 totam
355 1645 459 1672 Eusebii
473 1645 651 1671 narrationem
676 1645 747 1670 ttttllo
761 1645 815 1678 fere
828 1645 920 1671 ordine
930 1645 999 1678 ﬁeri,
1014 1646 1125 1675 sumptis
1138 1647 1214 1671 modo
1228 1653 1259 1671 ex
1269 1645 1317 1671 ltoc
1330 1646 1406 1672 ntotlo
1424 1654 1455 1673 ex
1469 1646 1513 1672 illo
1532 1647 1690 1680 evangelista
1705 1647 1878 1680 argumentis.

258 1680 330 1708 nullo
345 1680 413 1706 inter
425 1688 451 1706 se
460 1680 561 1706 vinculo
576 1681 648 1706 neris
663 1687 672 1705 .'
683 1686 805 1713 quartum
823 1688 882 1706 vero
896 1681 1028 1714 prtccipue
1040 1680 1135 1706 librum
1150 1685 1201 1706 tant
1213 1680 1295 1706 libero
1308 1686 1392 1715 marte
1412 1681 1498 1714 Icrtbi,
1513 1686 1540 1708 ttt
1551 1682 1655 1715 quidvis
1669 1682 1730 1707 addi
1744 1686 1790 1707 aut
1809 1682 1878 1707 demi

259 1721 306 1741 aut
322 1715 451 1749 interponi
461 1716 553 1748 possit,
572 1715 635 1747 quin
652 1715 779 1741 orationis
792 1722 883 1741 cursus
898 1716 1018 1748 abrumpi
1031 1719 1077 1741 aut
1095 1715 1213 1747 intercipi
1226 1715 1356 1742 videatur.
1373 1714 1432 1748 Ipse
1449 1714 1577 1743 Eusebius
1598 1717 1624 1743 in
1645 1717 1716 1742 tertii
1735 1717 1794 1742 libri
1809 1717 1879 1742 calce

257 1749 306 1780 ait,
322 1751 404 1776 ntulta
421 1758 475 1776 csse
488 1751 565 1784 plura
580 1758 637 1784 quw
648 1751 680 1776 tle
693 1749 757 1776 .Iesu
769 1752 879 1775 tractari
891 1754 1022 1783 poterant,
1035 1758 1050 1775 a
1069 1758 1096 1776 se
1113 1755 1199 1776 tamen
1222 1758 1306 1783 pauca
1327 1749 1399 1784 eligi,
1415 1758 1473 1784 quae
1497 1751 1627 1778 volumine
1651 1756 1745 1784 quarto
1765 1751 1878 1784 comple-

257 1791 341 1816 surus
351 1785 394 1815 sit,
409 1785 478 1819 quod
495 1787 596 1812 cit-teris
614 1785 744 1818 prolixius
759 1785 813 1818 fore
829 1787 956 1816 promittit
970 1792 978 1811 :
995 1793 1047 1818 quo
1063 1792 1095 1811 ex
1110 1785 1179 1811 dicto
1203 1784 1387 1818 intelligimus,
1413 1785 1472 1811 libri
1495 1788 1552 1819 ejus
1569 1787 1700 1812 dilatandi
1715 1792 1758 1812 aut
1770 1791 1877 1811 contra—

258 1820 336 1847 ltendi
351 1820 460 1856 liberam
481 1821 555 1846 valde
570 1821 651 1854 fuisse
663 1820 816 1856 facultatem
837 1828 845 1846 :
859 1827 936 1853 qttunt
952 1828 1006 1845 rem
1029 1820 1100 1846 haud
1124 1827 1170 1846 nos
1187 1819 1304 1852 equidem
1315 1820 1543 1856 _considerandam
1567 1821 1706 1848 lectoribus
1722 1828 1878 1856 proponere-

258 1863 327 1886 νινε,
341 1855 392 1882 nisi
410 1854 502 1881 Grtccu
517 1863 585 1881 nunc
599 1854 758 1888 deprehensa
772 1854 918 1889 fragntenta
935 1856 1108 1888 suspicionem
1122 1860 1239 1880 nostram
1261 1854 1467 1888 conjecturamve
1483 1857 1628 1889 ﬁrmarent.

297 1889 379 1925 Porro
407 1889 614 1925 fragmentorum
642 1895 791 1916 nostrorum
803 1889 903 1923 duplex
920 1890 1113 1924 quodammodo
1124 1889 1218 1916 classis
1235 1894 1292 1925 est;
1315 1890 1397 1923 prior,
1414 1890 1534 1917 undecim
1561 1892 1708 1925 fragmenta
1730 1891 1877 1921 continens,

258 1933 316 1954 cum
339 1924 406 1959 Syro
434 1924 467 1951 ad
484 1926 596 1951 litteram
625 1925 774 1958 plerumque
797 1925 927 1958 congruit,
945 1925 976 1950 iis
991 1925 1055 1951 locis
1070 1925 1182 1958 exceptis
1195 1925 1238 1958 qui
1256 1924 1358 1959 longius
1374 1931 1522 1952 excurrunt.
1548 1924 1639 1952 Altera
1657 1926 1760 1956 classis,
1788 1933 1877 1958 parem

258 1968 396 1987 numerum
423 1960 628 1994 fragmentorum
649 1961 756 1991 habens,
771 1959 945 1993 Theophanite
963 1968 1035 1992 aeque
1059 1960 1164 1986 titulum
1182 1962 1208 1985 itt
1226 1960 1358 1986 codicibus
1375 1962 1470 1986 nostris
1488 1966 1618 1993 ostentat;
1633 1966 1657 1987 et
1679 1964 1766 1987 tamen
1781 1961 1878 1992 partim

258 1996 345 2021 rarius
357 2003 415 2021 cum
429 1995 541 2030 Syriaco
556 2001 628 2021 textu
639 1996 784 2027 conspirat,
802 1996 897 2029 partim
912 2003 976 2021 nova
990 2002 1021 2020 ac
1034 1995 1154 2021 inaudita
1170 1995 1276 2021 ontnino
1291 1999 1338 2022 est.
1356 1995 1439 2029 Atque
1450 1996 1505 2022 haec
1516 2004 1594 2022 causa
1612 1997 1674 2030 fuit,
1696 2003 1745 2022 cur
1763 1995 1817 2022 lucc
1832 2003 1878 2022 nos

257 2030 400 2067 posteriora
415 2031 796 2067 propemodumsecreverimtts
812 2038 821 2061 ;
836 2038 896 2067 nam
911 2030 1068 2067 sitemporis
1080 2031 1228 2067 _operisque
1247 2031 1369 2067 ordinent
1384 2031 1456 2065 sequi
1479 2031 1607 2067 libuisset,
1623 2039 1681 2057 cum
1701 2031 1878 2067 superioribus

257 2064 392 2092 ntiscenda
403 2070 498 2096 erant;
512 2066 580 2098 quod
598 2065 624 2091 in
641 2065 691 2090 hac
708 2064 799 2091 saltem
813 2065 898 2098 prima
909 2065 1024 2091 editione
1041 2064 1184 2095 noluimus,
1201 2071 1228 2090 ut
1240 2066 1319 2091 totius
1333 2066 1369 2091 rei
1383 2071 1465 2092 status
1485 2066 1629 2092 evidentius
1640 2071 1780 2093 constaret.
1795 2065 1880 2091 Dicet~

257 2107 290 2127 ne
303 2099 399 2132 aliquis
410 2107 468 2126 cum
485 2100 584 2134 vulgari
600 2099 746 2133 proverbio,
763 2098 854 2125 Facile
875 2108 930 2126 esse
944 2100 1054 2126 inventis
1078 2107 1124 2126 seu
1144 2100 1219 2132 factis
1245 2100 1365 2126 addere?
1379 2100 1506 2134 Equidrns
1528 2102 1554 2127 in
1579 2108 1606 2127 re
1621 2102 1652 2127 de
1676 2109 1728 2134 qua
1756 2101 1859 2134 agimus
1871 2119 1879 2132 ,

238 2134 477 2170 ,adagiununego.
497 2133 618 2168 Namque
634 2139 657 2160 ct
681 2135 706 2160 in
730 2134 878 2168 [gnatiauis
894 2134 1019 2170 epistolis,
1041 2139 1062 2161 et
1084 2134 1110 2160 in
1134 2134 1240 2161 Eusebii
1257 2133 1424 2168 Theopltania
1452 2136 1526 2169 longe
1549 2136 1656 2170 facilius
1676 2133 1725 2168 fuit
1750 2133 1879 2167 omittere,

256 2177 335 2205 quam
349 2168 463 2202 adjicere
474 2169 628 2205 {siquidem
643 2170 687 2203 qui
704 2170 798 2195 omittit
813 2170 840 2194 id
851 2177 938 2205 Annum
951 2169 1005 2202 fere
1021 2174 1102 2201 cavet,
1122 2178 1153 2196 ne.
1165 2171 1293 2196 orationis
1309 2170 1402 2196 seriem
1414 2168 1694 2205 incauiius‘ubruntpnt
1707 2178 1716 2197 :
1731 2171 1775 2205 qui
1792 2177 1880 2196 autem

257 2203 343 2236 addit,
362 2209 385 2230 et
401 2204 549 2239 excogitare
559 2212 625 2240 nova
640 2205 715 2240 debet
731 2210 754 2230 et
767 2210 825 2236 apte
839 2203 956 2238 digerere
969 2211 1027 2229 cunt
1040 2204 1101 2238 styli
1126 2205 1216 2239 aliqua
1238 2205 1382 2230 imitatione
1399 2213 1534 2240 rerumque
1550 2203 1741 2232 similitudine.
1760 2206 1879 2239 Profecto

256 2247 354 2273 pauca,
365 2240 388 2265 si
402 2240 489 2265 minus
507 2239 591 2269 nulla,
601 2239 730 2265 cernimus
745 2240 893 2272 priscorum
907 2247 984 2272 Opera
1005 2247 1064 2272 quae
1079 2241 1200 2272 deinceps
1214 2241 1246 2265 ab
1267 2239 1328 2266 aliis
1347 2245 1425 2266 aucta
1441 2240 1538 2274 fuerint
1551 2249 1560 2272 ,'
1578 2242 1693 2267 breviata
1711 2249 1770 2267 vero
1784 2249 1880 2274 quant-

254 2274 381 2309 plurima.
401 2274 522 2309 Namque
536 2279 564 2301 ut
578 2275 695 2309 omittam
712 2282 770 2308 quae
783 2274 888 2308 jamdiu
902 2275 979 2300 editis
993 2274 1019 2300 in
1035 2274 1110 2301 libris
1128 2279 1247 2308 prostant
1263 2283 1272 2306 ;
1286 2282 1342 2301 ecce
1354 2276 1380 2301 in
1393 2277 1441 2302 hoc
1455 2275 1585 2302 voluntine
1600 2277 1723 2302 habemus
1739 2275 1878 2309 Evangeli-

257 2317 301 2337 cas
317 2308 423 2336 Eusebii
440 2308 604 2341 Qtt'a’stiones
616 2310 650 2335 ad
669 2308 831 2345 Stephanum
847 2315 870 2334 et
896 2311 929 2334 ad
948 2309 1082 2345 Marinum
1107 2310 1138 2335 ab
1157 2318 1286 2345 anonymo
1315 2312 1401 2337 nescio
1420 2319 1470 2345 quo
1496 2311 1635 2337 brevmtas.
1659 2310 1755 2337 Valerii
1768 2308 1880 2337 Maiimi

254 2345 307 2372 duo
319 2352 365 2378 ego
373 2345 531 2380 compendia
542 2345 568 2370 in
581 2345 665 2380 lucem
681 2344 763 2370 extuli
775 2343 900 2370 Paradisi
916 2352 946 2370 ac
959 2344 1110 2378 Nepotiani.
1126 2344 1156 2370 In
1176 2343 1309 2371 Vaticanis
1330 2346 1390 2372 item
1406 2343 1539 2372 codicibus
1551 2347 1706 2380 compendia
1726 2346 1777 2372 uidi
1798 2346 1879 2372 histo-

255 2380 354 2415 riarum
365 2379 470 2413 Iosephi
476 2385 500 2415 et
514 2379 610 2406 Orosii.
621 2379 831 2415 (Ehrysostomum
848 2387 919 2414 atque
932 2384 1094 2415 contractum
1110 2380 1136 2405 in
1152 2388 1214 2406 mss.
1224 2380 1500 2415 cognovi,contpendia
1513 2382 1619 2415 insuper
1634 2381 1880 2407 commentariorum

255 2413 409 2448 Hieronymi
423 2417 457 2440 ad
470 2414 569 2441 Isaiam
587 2423 603 2440 a
622 2414 753 2440 Damiano
778 2413 891 2448 quodam
918 2414 1025 2441 Dantele
1060 2414 1186 2448 Remigio,
1207 2416 1240 2440 ad
1255 2413 1261 2414 ί
1279 2414 1393 2441 Paulum
1406 2413 1431 2442 7a
1451 2416 1561 2442 Claudia
1574 2413 1766 2442 'Taurianensi.
1780 2415 1811 2441 ltt
1829 2415 1881 2442 Va-

254 2449 350 2484 ticanis
362 2449 433 2484 juris
455 2449 537 2479 civilis
552 2450 669 2484 reliquiis
684 2450 751 2483 leges
771 2450 871 2484 aliquot
889 2450 959 2476 edidi
980 2450 1173 2484 integras,quw
1187 2455 1275 2483 postea
1297 2451 1324 2476 in
1341 2450 1522 2478 'l'lteodosiana
1539 2453 1626 2478 codice
1641 2457 1700 2478 sunt
1722 2451 1879 2481 imminutio.

253 2485 280 2513 in
298 2482 467 2513 Justinianeo
479 2486 589 2518 denique
605 2482 638 2510 ad
655 2482 792 2511 minimam
808 2482 958 2511 brevitatem
974 2482 1099 2511 redaictw.
1119 2482 1236 2518 Denique
1260 2486 1338 2511 etiam
1358 2485 1498 2520 Augustini
1519 2486 1646 2512 librorum
1660 2486 1696 2513 De
1707 2487 1810 2512 musica
1824 2486 1879 2519 epi-

254 2525 349 2548 tomem
372 2520 444 2546 edidi
470 2521 498 2548 in
519 2524 665 2553 pervetusto
688 2520 777 2546 codice
803 2526 991 2546 conservatam.
1012 2519 1063 2547 Sed
1082 2523 1140 2546 Iuvc
1165 2521 1302 2551 hactenus,
1327 2529 1358 2547 ne
1379 2519 1519 2554 legentium
1536 2523 1590 2547 otio
1608 2522 1699 2548 videar
1717 2521 1800 2547 abuti.
1815 2521 1881 2553 Qua-

253 2554 343 2580 omnia
357 2563 408 2581 non
424 2555 481 2581 ideo
498 2555 563 2587 dixi,
575 2555 637 2588 quia
653 2554 771 2589 Syriam:
784 2554 969 2587 Tlteopltanito,
986 2555 1056 2589 quod
1079 2560 1115 2581 est
1139 2563 1204 2584 opus
1229 2556 1447 2585 pretiosissimum
1459 2576 1466 2587 ,
1481 2557 1585 2583 laudem
1603 2558 1718 2583 minuere
1732 2557 1786 2582 ulto
1803 2556 1880 2582 modo

254 2589 340 2620 velim.
350 2589 387 2626 vel
401 2591 592 2617 dubitationent
607 2591 674 2616 lianc
683 2594 754 2616 certa
769 2591 921 2621 dissolvere,
931 2596 976 2616 aut
989 2590 1141 2624 fragmentis
1149 2589 1254 2626 _Gra:cis
1266 2590 1324 2624 plus
1338 2599 1411 2625 atquo
1425 2592 1528 2626 favere;
1541 2593 1585 2618 sed
1598 2599 1705 2618 causam
1718 2592 1804 2626 potius
1819 2599 1881 2625 κρι-

254 2624 425 2658 τικωτάτοις
437 2626 511 2657 viris,
524 2633 556 2651 ac
569 2625 714 2658 prtesertim
730 2625 881 2651 doctissimo
897 2633 927 2651 ac
942 2626 1126 2652 laudatissima
1143 2624 1195 2651 Leo
1211 2626 1326 2659 prwbere
1345 2624 1447 2656 studeo,
1462 2631 1489 2653 ut
1501 2624 1721 2659 controversiam,
1731 2627 1754 2652 si
1769 2626 1793 2652 ci
1811 2624 1880 2653 vide-

255 2660 336 2697 bitur,
350 2668 397 2693 pro
416 2669 465 2687 sua
478 2660 605 2695 sapientia
618 2660 734 2697 uentilet,
746 2660 880 2697 judicium
899 2665 1027 2697 exerceat,
1047 2661 1151 2687 lancem
1165 2665 1244 2695 prout
1259 2662 1352 2689 veritas
1376 2661 1520 2697 postulabit
1537 2662 1652 2689 inclinet.
1666 2660 1741 2688 Nihil
1751 2663 1820 2688 enim
1834 2669 1880 2697 ego

255 2694 338 2731 magis
353 2701 415 2731 opto
428 2704 506 2731 quatit
518 2697 551 2723 ad
567 2701 665 2724 rectam
682 2695 740 2730 ejus
759 2696 913 2724 sententiam
928 2695 1062 2724 accedere.

1039 2807 1078 2819 ﬂ
