  <div class='ocr_page' id='page_1' title='image "/cluster/home/n/w/nwhite01/storage/ocr_20150623/24/njp.32101077772513/355.png"; bbox 0 0 2045 3215; ppageno 0'>
   <div class='ocr_carea' id='block_1_1' title="bbox 291 203 345 230">
    <p class='ocr_par' dir='ltr' id='par_1_1' title="bbox 291 203 345 230">
     <span class='ocr_line' id='line_1_1' title="bbox 291 203 345 230; baseline 0.019 -1"><span class='ocrx_word' id='word_1_1' title='bbox 291 203 345 230; x_wconf 70' lang='lat'><strong>895</strong></span> 
     </span>
    </p>
   </div>
   <div class='ocr_carea' id='block_1_2' title="bbox 646 197 1577 232">
    <p class='ocr_par' dir='ltr' id='par_1_2' title="bbox 646 197 1577 232">
     <span class='ocr_line' id='line_1_2' title="bbox 646 197 1577 232; baseline -0.009 0"><span class='ocrx_word' id='word_1_2' title='bbox 646 203 778 232; x_wconf 83' lang='lat' dir='ltr'><strong>EUSEBll</strong></span> <span class='ocrx_word' id='word_1_3' title='bbox 797 199 1032 230; x_wconf 61' lang='lat' dir='ltr'><strong>CESARIENSIS</strong></span> <span class='ocrx_word' id='word_1_4' title='bbox 1049 197 1124 225; x_wconf 82' lang='lat' dir='ltr'><strong>OPP.</strong></span> <span class='ocrx_word' id='word_1_5' title='bbox 1146 198 1234 226; x_wconf 73' lang='lat' dir='ltr'><strong>PARS</strong></span> <span class='ocrx_word' id='word_1_6' title='bbox 1253 197 1297 226; x_wconf 87' lang='lat' dir='ltr'><strong>IV.</strong></span> <span class='ocrx_word' id='word_1_7' title='bbox 1314 213 1349 218; x_wconf 89' lang='lat'><strong>-—</strong></span> <span class='ocrx_word' id='word_1_8' title='bbox 1368 197 1577 226; x_wconf 78' lang='lat' dir='ltr'><strong>DOGMATICA.</strong></span> 
     </span>
    </p>
   </div>
   <div class='ocr_carea' id='block_1_3' title="bbox 1855 198 1902 225">
    <p class='ocr_par' dir='ltr' id='par_1_3' title="bbox 1855 198 1902 225">
     <span class='ocr_line' id='line_1_3' title="bbox 1855 198 1902 225; baseline 0 0"><span class='ocrx_word' id='word_1_9' title='bbox 1855 198 1902 225; x_wconf 78' lang='lat'><strong>696</strong></span> 
     </span>
    </p>
   </div>
   <div class='ocr_carea' id='block_1_4' title="bbox 292 251 1071 296">
    <p class='ocr_par' dir='ltr' id='par_1_4' title="bbox 292 256 1071 296">
     <span class='ocr_line' id='line_1_4' title="bbox 292 256 1071 296; baseline -0.005 -8"><span class='ocrx_word' id='word_1_10' title='bbox 292 268 360 288; x_wconf 80' lang='lat' dir='ltr'><strong>mna</strong></span> <span class='ocrx_word' id='word_1_11' title='bbox 376 259 482 288; x_wconf 78' lang='lat' dir='ltr'><strong>lumbos</strong></span> <span class='ocrx_word' id='word_1_12' title='bbox 497 259 648 296; x_wconf 74' lang='lat' dir='ltr'><strong>pra~cincti.</strong></span> <span class='ocrx_word' id='word_1_13' title='bbox 668 259 782 294; x_wconf 82' lang='lat' dir='ltr'><strong>panibus</strong></span> <span class='ocrx_word' id='word_1_14' title='bbox 800 258 903 294; x_wconf 76' lang='lat' dir='ltr'><strong>azymis</strong></span> <span class='ocrx_word' id='word_1_15' title='bbox 917 256 1071 293; x_wconf 67' lang='lat' dir='ltr'><strong>degnstatis</strong></span> 
     </span>
    </p>
   </div>
   <div class='ocr_carea' id='block_1_5' title="bbox 1122 251 1900 296">
    <p class='ocr_par' dir='ltr' id='par_1_5' title="bbox 1128 251 1900 288">
     <span class='ocr_line' id='line_1_5' title="bbox 1128 251 1900 288; baseline -0.003 -8"><span class='ocrx_word' id='word_1_16' title='bbox 1128 253 1231 288; x_wconf 82' lang='grc' dir='ltr'>τροφῆς</span> <span class='ocrx_word' id='word_1_17' title='bbox 1247 262 1275 280; x_wconf 81' lang='grc' dir='ltr'><strong>τε</strong></span> <span class='ocrx_word' id='word_1_18' title='bbox 1293 253 1404 288; x_wconf 74' lang='grc' dir='ltr'>ἀζύμων</span> <span class='ocrx_word' id='word_1_19' title='bbox 1427 253 1516 288; x_wconf 79' lang='grc' dir='ltr'>ἄρτων</span> <span class='ocrx_word' id='word_1_20' title='bbox 1533 253 1711 287; x_wconf 81' lang='grc' dir='ltr'>μετίσχοντες,</span> <span class='ocrx_word' id='word_1_21' title='bbox 1729 259 1775 278; x_wconf 86' lang='grc' dir='ltr'><strong>και</strong></span> <span class='ocrx_word' id='word_1_22' title='bbox 1786 251 1849 284; x_wconf 82' lang='grc' dir='ltr'>πόας</span> <span class='ocrx_word' id='word_1_23' title='bbox 1860 262 1900 279; x_wconf 80' lang='lat' dir='ltr'><strong>m-</strong></span> 
     </span>
    </p>
   </div>
   <div class='ocr_carea' id='block_1_6' title="bbox 291 303 1076 341">
    <p class='ocr_par' dir='ltr' id='par_1_6' title="bbox 291 303 1076 341">
     <span class='ocr_line' id='line_1_6' title="bbox 291 303 1076 341; baseline -0.004 -9"><span class='ocrx_word' id='word_1_24' title='bbox 291 306 392 341; x_wconf 85' lang='lat' dir='ltr'><strong>intybis</strong></span> <span class='ocrx_word' id='word_1_25' title='bbox 403 307 486 334; x_wconf 85' lang='lat' dir='ltr'><strong>etiam</strong></span> <span class='ocrx_word' id='word_1_26' title='bbox 498 306 639 341; x_wconf 75' lang='lat' dir='ltr'><strong>appositis,</strong></span> <span class='ocrx_word' id='word_1_27' title='bbox 653 305 686 333; x_wconf 86' lang='lat' dir='ltr'><strong>de</strong></span> <span class='ocrx_word' id='word_1_28' title='bbox 704 305 763 332; x_wconf 88' lang='lat' dir='ltr'><strong>loco</strong></span> <span class='ocrx_word' id='word_1_29' title='bbox 783 305 810 332; x_wconf 92' lang='lat' dir='ltr'><strong>in</strong></span> <span class='ocrx_word' id='word_1_30' title='bbox 824 304 924 338; x_wconf 89' lang='lat' dir='ltr'><strong>locum,</strong></span> <span class='ocrx_word' id='word_1_31' title='bbox 948 304 973 330; x_wconf 90' lang='lat' dir='ltr'><strong>id</strong></span> <span class='ocrx_word' id='word_1_32' title='bbox 985 308 1026 330; x_wconf 86' lang='lat' dir='ltr'><strong>est</strong></span> <span class='ocrx_word' id='word_1_33' title='bbox 1042 303 1076 330; x_wconf 90' lang='lat' dir='ltr'><strong>de</strong></span> 
     </span>
    </p>
   </div>
   <div class='ocr_carea' id='block_1_7' title="bbox 291 349 1077 388">
    <p class='ocr_par' dir='ltr' id='par_1_7' title="bbox 291 349 1077 388">
     <span class='ocr_line' id='line_1_7' title="bbox 291 349 1077 388; baseline -0.005 -8"><span class='ocrx_word' id='word_1_34' title='bbox 291 350 480 388; x_wconf 65' lang='lat' dir='ltr'><strong>Egyptiornm</strong></span> <span class='ocrx_word' id='word_1_35' title='bbox 498 353 608 387; x_wconf 76' lang='lat' dir='ltr'><strong>regione</strong></span> <span class='ocrx_word' id='word_1_36' title='bbox 621 351 648 378; x_wconf 87' lang='lat' dir='ltr'><strong>in</strong></span> <span class='ocrx_word' id='word_1_37' title='bbox 660 352 808 384; x_wconf 85' lang='lat' dir='ltr'><strong>desertum,</strong></span> <span class='ocrx_word' id='word_1_38' title='bbox 822 351 999 378; x_wconf 84' lang='lat' dir='ltr'><strong>transierunt.</strong></span> <span class='ocrx_word' id='word_1_39' title='bbox 1014 349 1077 377; x_wconf 59' lang='lat' dir='ltr'><strong>llaec</strong></span> 
     </span>
    </p>
   </div>
   <div class='ocr_carea' id='block_1_8' title="bbox 291 394 1076 432">
    <p class='ocr_par' dir='ltr' id='par_1_8' title="bbox 291 394 1076 432">
     <span class='ocr_line' id='line_1_8' title="bbox 291 394 1076 432; baseline -0.003 -8"><span class='ocrx_word' id='word_1_40' title='bbox 291 396 328 424; x_wconf 87' lang='lat' dir='ltr'><strong>illi</strong></span> <span class='ocrx_word' id='word_1_41' title='bbox 345 404 426 432; x_wconf 89' lang='lat' dir='ltr'><strong>agere</strong></span> <span class='ocrx_word' id='word_1_42' title='bbox 452 397 478 424; x_wconf 92' lang='lat' dir='ltr'><strong>in</strong></span> <span class='ocrx_word' id='word_1_43' title='bbox 504 396 638 424; x_wconf 79' lang='lat' dir='ltr'><strong>mandatis</strong></span> <span class='ocrx_word' id='word_1_44' title='bbox 653 396 818 428; x_wconf 82' lang='lat' dir='ltr'><strong>habuerunt,</strong></span> <span class='ocrx_word' id='word_1_45' title='bbox 839 403 900 423; x_wconf 84' lang='lat' dir='ltr'><strong>cum</strong></span> <span class='ocrx_word' id='word_1_46' title='bbox 920 395 993 422; x_wconf 65' lang='lat' dir='ltr'><strong>caede</strong></span> <span class='ocrx_word' id='word_1_47' title='bbox 1017 394 1076 422; x_wconf 86' lang='lat' dir='ltr'><strong>ovis</strong></span> 
     </span>
    </p>
   </div>
   <div class='ocr_carea' id='block_1_9' title="bbox 288 440 1073 478">
    <p class='ocr_par' dir='ltr' id='par_1_9' title="bbox 288 440 1073 478">
     <span class='ocr_line' id='line_1_9' title="bbox 288 440 1073 478; baseline 0 -10"><span class='ocrx_word' id='word_1_48' title='bbox 288 449 401 478; x_wconf 85' lang='lat' dir='ltr'><strong>esuque.</strong></span> <span class='ocrx_word' id='word_1_49' title='bbox 434 441 614 474; x_wconf 81' lang='lat' dir='ltr'><strong>Quamobrem</strong></span> <span class='ocrx_word' id='word_1_50' title='bbox 643 441 687 468; x_wconf 87' lang='lat' dir='ltr'><strong>illa</strong></span> <span class='ocrx_word' id='word_1_51' title='bbox 720 449 753 468; x_wconf 80' lang='lat' dir='ltr'><strong>ex</strong></span> <span class='ocrx_word' id='word_1_52' title='bbox 781 440 899 477; x_wconf 64' lang='lat' dir='ltr'><strong>Egypt.</strong></span> <span class='ocrx_word' id='word_1_53' title='bbox 924 441 1073 474; x_wconf 77' lang='lat' dir='ltr'><strong>digressio,</strong></span> 
     </span>
    </p>
   </div>
   <div class='ocr_carea' id='block_1_10' title="bbox 290 486 1073 521">
    <p class='ocr_par' dir='ltr' id='par_1_10' title="bbox 290 486 1073 521">
     <span class='ocr_line' id='line_1_10' title="bbox 290 486 1073 521; baseline 0 -7"><span class='ocrx_word' id='word_1_54' title='bbox 290 494 389 514; x_wconf 87' lang='lat' dir='ltr'><strong>nomen</strong></span> <span class='ocrx_word' id='word_1_55' title='bbox 405 486 470 514; x_wconf 87' lang='lat' dir='ltr'><strong>fecit</strong></span> <span class='ocrx_word' id='word_1_56' title='bbox 477 487 546 521; x_wconf 86' lang='lat' dir='ltr'><strong>apud</strong></span> <span class='ocrx_word' id='word_1_57' title='bbox 561 486 686 514; x_wconf 67' lang='lat' dir='ltr'><strong>Hebraeos</strong></span> <span class='ocrx_word' id='word_1_58' title='bbox 701 486 770 515; x_wconf 81' lang='lat' dir='ltr'><strong>festo</strong></span> <span class='ocrx_word' id='word_1_59' title='bbox 783 488 926 515; x_wconf 89' lang='lat' dir='ltr'><strong>transitus.</strong></span> <span class='ocrx_word' id='word_1_60' title='bbox 940 487 1073 515; x_wconf 69' lang='lat' dir='ltr'><strong>(Ia-terum</strong></span> 
     </span>
    </p>
   </div>
   <div class='ocr_carea' id='block_1_11' title="bbox 291 531 1075 568">
    <p class='ocr_par' dir='ltr' id='par_1_11' title="bbox 291 531 1075 568">
     <span class='ocr_line' id='line_1_11' title="bbox 291 531 1075 568; baseline 0 -8"><span class='ocrx_word' id='word_1_61' title='bbox 291 532 348 560; x_wconf 69' lang='lat' dir='ltr'><strong>haec</strong></span> <span class='ocrx_word' id='word_1_62' title='bbox 365 532 392 559; x_wconf 91' lang='lat' dir='ltr'><strong>in</strong></span> <span class='ocrx_word' id='word_1_63' title='bbox 407 531 491 567; x_wconf 78' lang='lat' dir='ltr'><strong>figura</strong></span> <span class='ocrx_word' id='word_1_64' title='bbox 512 531 565 559; x_wconf 86' lang='lat' dir='ltr'><strong>illis</strong></span> <span class='ocrx_word' id='word_1_65' title='bbox 578 532 791 568; x_wconf 81' lang='lat' dir='ltr'><strong>contingebant;</strong></span> <span class='ocrx_word' id='word_1_66' title='bbox 809 533 894 561; x_wconf 78' lang='lat' dir='ltr'><strong>nostri</strong></span> <span class='ocrx_word' id='word_1_67' title='bbox 909 538 999 560; x_wconf 89' lang='lat' dir='ltr'><strong>autem</strong></span> <span class='ocrx_word' id='word_1_68' title='bbox 1012 540 1075 567; x_wconf 79' lang='lat' dir='ltr'><strong>gra-</strong></span> 
     </span>
    </p>
   </div>
   <div class='ocr_carea' id='block_1_12' title="bbox 289 578 1074 617">
    <p class='ocr_par' dir='ltr' id='par_1_12' title="bbox 289 578 1074 617">
     <span class='ocr_line' id='line_1_12' title="bbox 289 578 1074 617; baseline 0 -12"><span class='ocrx_word' id='word_1_69' title='bbox 289 578 325 605; x_wconf 88' lang='lat' dir='ltr'><strong>tia</strong></span> <span class='ocrx_word' id='word_1_70' title='bbox 341 578 442 612; x_wconf 78' lang='lat' dir='ltr'><strong>scripta</strong></span> <span class='ocrx_word' id='word_1_71' title='bbox 457 578 566 605; x_wconf 88' lang='lat' dir='ltr'><strong>fuerunt</strong></span> <span class='ocrx_word' id='word_1_72' title='bbox 581 579 614 606; x_wconf 80' lang='lat'><strong>“.</strong></span> <span class='ocrx_word' id='word_1_73' title='bbox 628 579 717 617; x_wconf 60' lang='lat' dir='ltr'><strong>Atque</strong></span> <span class='ocrx_word' id='word_1_74' title='bbox 735 580 772 606; x_wconf 87' lang='lat' dir='ltr'><strong>ita</strong></span> <span class='ocrx_word' id='word_1_75' title='bbox 791 578 890 606; x_wconf 83' lang='lat' dir='ltr'><strong>Paulus</strong></span> <span class='ocrx_word' id='word_1_76' title='bbox 911 579 1074 614; x_wconf 83' lang='lat' dir='ltr'><strong>interpreta-</strong></span> 
     </span>
    </p>
   </div>
   <div class='ocr_carea' id='block_1_13' title="bbox 288 624 1074 660">
    <p class='ocr_par' dir='ltr' id='par_1_13' title="bbox 288 624 1074 660">
     <span class='ocr_line' id='line_1_13' title="bbox 288 624 1074 660; baseline 0.001 -9"><span class='ocrx_word' id='word_1_77' title='bbox 288 628 342 656; x_wconf 83' lang='lat' dir='ltr'><strong>tur,</strong></span> <span class='ocrx_word' id='word_1_78' title='bbox 361 624 424 651; x_wconf 85' lang='lat' dir='ltr'><strong>dum</strong></span> <span class='ocrx_word' id='word_1_79' title='bbox 440 624 624 660; x_wconf 79' lang='lat' dir='ltr'><strong>symbolorum</strong></span> <span class='ocrx_word' id='word_1_80' title='bbox 637 630 757 652; x_wconf 82' lang='lat' dir='ltr'><strong>veterum</strong></span> <span class='ocrx_word' id='word_1_81' title='bbox 774 625 916 652; x_wconf 74' lang='lat' dir='ltr'><strong>veritatem</strong></span> <span class='ocrx_word' id='word_1_82' title='bbox 930 625 971 652; x_wconf 85' lang='lat' dir='ltr'><strong>his</strong></span> <span class='ocrx_word' id='word_1_83' title='bbox 986 625 1074 652; x_wconf 79' lang='lat' dir='ltr'><strong>verbis</strong></span> 
     </span>
    </p>
   </div>
   <div class='ocr_carea' id='block_1_14' title="bbox 287 667 1073 701">
    <p class='ocr_par' dir='ltr' id='par_1_14' title="bbox 287 667 1073 701">
     <span class='ocr_line' id='line_1_14' title="bbox 287 667 1073 701; baseline 0.005 -8"><span class='ocrx_word' id='word_1_84' title='bbox 287 667 373 701; x_wconf 78' lang='lat' dir='ltr'><strong>aperit</strong></span> <span class='ocrx_word' id='word_1_85' title='bbox 389 677 396 694; x_wconf 95' lang='lat'>:</span> <span class='ocrx_word' id='word_1_86' title='bbox 416 675 478 695; x_wconf 80' lang='lat' dir='ltr'><strong>nam</strong></span> <span class='ocrx_word' id='word_1_87' title='bbox 496 667 601 695; x_wconf 71' lang='lat' dir='ltr'><strong>Pascha</strong></span> <span class='ocrx_word' id='word_1_88' title='bbox 619 674 736 696; x_wconf 75' lang='lat' dir='ltr'><strong>nostrum</strong></span> <span class='ocrx_word' id='word_1_89' title='bbox 754 670 906 697; x_wconf 80' lang='lat' dir='ltr'><strong>immolatus</strong></span> <span class='ocrx_word' id='word_1_90' title='bbox 928 675 965 697; x_wconf 76' lang='lat' dir='ltr'><strong>est</strong></span> <span class='ocrx_word' id='word_1_91' title='bbox 981 669 1073 697; x_wconf 76' lang='lat' dir='ltr'><strong>Chris-</strong></span> 
     </span>
    </p>
   </div>
   <div class='ocr_carea' id='block_1_15' title="bbox 287 712 1074 750">
    <p class='ocr_par' dir='ltr' id='par_1_15' title="bbox 287 712 1074 750">
     <span class='ocr_line' id='line_1_15' title="bbox 287 712 1074 750; baseline 0.004 -10"><span class='ocrx_word' id='word_1_92' title='bbox 287 717 328 740; x_wconf 69' lang='lat' dir='ltr'><strong>tus</strong></span> <span class='ocrx_word' id='word_1_93' title='bbox 345 712 379 740; x_wconf 83' lang='lat'><strong>“.</strong></span> <span class='ocrx_word' id='word_1_94' title='bbox 392 712 508 740; x_wconf 80' lang='lat' dir='ltr'><strong>Causam</strong></span> <span class='ocrx_word' id='word_1_95' title='bbox 529 721 594 741; x_wconf 84' lang='lat' dir='ltr'><strong>vero</strong></span> <span class='ocrx_word' id='word_1_96' title='bbox 613 714 692 748; x_wconf 88' lang='lat' dir='ltr'><strong>hujus</strong></span> <span class='ocrx_word' id='word_1_97' title='bbox 713 715 870 743; x_wconf 87' lang='lat' dir='ltr'><strong>immolandi</strong></span> <span class='ocrx_word' id='word_1_98' title='bbox 891 715 1009 750; x_wconf 76' lang='lat' dir='ltr'><strong>Baptista</strong></span> <span class='ocrx_word' id='word_1_99' title='bbox 1033 716 1074 743; x_wconf 87' lang='lat' dir='ltr'><strong>sic</strong></span> 
     </span>
    </p>
   </div>
   <div class='ocr_carea' id='block_1_16' title="bbox 285 758 1074 796">
    <p class='ocr_par' dir='ltr' id='par_1_16' title="bbox 285 758 1074 796">
     <span class='ocr_line' id='line_1_16' title="bbox 285 758 1074 796; baseline 0.004 -11"><span class='ocrx_word' id='word_1_100' title='bbox 285 758 396 786; x_wconf 77' lang='lat' dir='ltr'><strong>exhibet</strong></span> <span class='ocrx_word' id='word_1_101' title='bbox 410 759 503 786; x_wconf 87' lang='lat' dir='ltr'><strong>dicens</strong></span> <span class='ocrx_word' id='word_1_102' title='bbox 518 767 525 786; x_wconf 85' lang='lat'><strong>:</strong></span> <span class='ocrx_word' id='word_1_103' title='bbox 545 760 612 787; x_wconf 77' lang='lat' dir='ltr'><strong>Ecce</strong></span> <span class='ocrx_word' id='word_1_104' title='bbox 622 761 711 795; x_wconf 74' lang='lat' dir='ltr'><strong>Agnus</strong></span> <span class='ocrx_word' id='word_1_105' title='bbox 730 760 790 792; x_wconf 82' lang='lat' dir='ltr'><strong>Dei,</strong></span> <span class='ocrx_word' id='word_1_106' title='bbox 804 769 861 788; x_wconf 78' lang='lat' dir='ltr'><strong>ecce</strong></span> <span class='ocrx_word' id='word_1_107' title='bbox 876 762 921 796; x_wconf 84' lang='lat' dir='ltr'><strong>qui</strong></span> <span class='ocrx_word' id='word_1_108' title='bbox 935 760 1000 788; x_wconf 82' lang='lat' dir='ltr'><strong>tollit</strong></span> <span class='ocrx_word' id='word_1_109' title='bbox 1015 770 1074 795; x_wconf 80' lang='lat' dir='ltr'><strong>pec-</strong></span> 
     </span>
    </p>
   </div>
   <div class='ocr_carea' id='block_1_17' title="bbox 285 804 1072 839">
    <p class='ocr_par' dir='ltr' id='par_1_17' title="bbox 285 804 1072 839">
     <span class='ocr_line' id='line_1_17' title="bbox 285 804 1072 839; baseline 0.004 -9"><span class='ocrx_word' id='word_1_110' title='bbox 285 809 345 831; x_wconf 80' lang='lat' dir='ltr'><strong>cata</strong></span> <span class='ocrx_word' id='word_1_111' title='bbox 371 804 461 831; x_wconf 81' lang='lat' dir='ltr'><strong>mundi</strong></span> <span class='ocrx_word' id='word_1_112' title='bbox 480 805 514 832; x_wconf 82' lang='grc'><strong>⁶².</strong></span> <span class='ocrx_word' id='word_1_113' title='bbox 538 804 642 839; x_wconf 78' lang='lat' dir='ltr'><strong>Reapse</strong></span> <span class='ocrx_word' id='word_1_114' title='bbox 665 805 787 836; x_wconf 82' lang='lat' dir='ltr'><strong>victima.</strong></span> <span class='ocrx_word' id='word_1_115' title='bbox 801 806 932 833; x_wconf 84' lang='lat' dir='ltr'><strong>malorum</strong></span> <span class='ocrx_word' id='word_1_116' title='bbox 953 807 1072 833; x_wconf 86' lang='lat' dir='ltr'><strong>omnium</strong></span> 
     </span>
    </p>
   </div>
   <div class='ocr_carea' id='block_1_18' title="bbox 286 842 1080 886">
    <p class='ocr_par' dir='ltr' id='par_1_18' title="bbox 286 842 1080 886">
     <span class='ocr_line' id='line_1_18' title="bbox 286 842 1080 886; baseline 0.004 -10"><span class='ocrx_word' id='word_1_117' title='bbox 286 849 453 883; x_wconf 81' lang='lat' dir='ltr'><strong>remedium,</strong></span> <span class='ocrx_word' id='word_1_118' title='bbox 481 851 538 877; x_wconf 85' lang='lat' dir='ltr'><strong>neci</strong></span> <span class='ocrx_word' id='word_1_119' title='bbox 561 850 688 878; x_wconf 86' lang='lat' dir='ltr'><strong>traditum</strong></span> <span class='ocrx_word' id='word_1_120' title='bbox 711 851 761 878; x_wconf 83' lang='lat' dir='ltr'><strong>fuit</strong></span> <span class='ocrx_word' id='word_1_121' title='bbox 782 852 934 879; x_wconf 83' lang='lat' dir='ltr'><strong>Servatoris</strong></span> <span class='ocrx_word' id='word_1_122' title='bbox 963 842 1080 886; x_wconf 64' lang='lat' dir='ltr'><strong>corpus,</strong></span> 
     </span>
    </p>
   </div>
   <div class='ocr_carea' id='block_1_19' title="bbox 285 895 1071 932">
    <p class='ocr_par' dir='ltr' id='par_1_19' title="bbox 285 895 1071 932">
     <span class='ocr_line' id='line_1_19' title="bbox 285 895 1071 932; baseline 0.004 -11"><span class='ocrx_word' id='word_1_123' title='bbox 285 895 356 930; x_wconf 88' lang='lat' dir='ltr'><strong>quod</strong></span> <span class='ocrx_word' id='word_1_124' title='bbox 386 895 472 923; x_wconf 85' lang='lat' dir='ltr'><strong>instar</strong></span> <span class='ocrx_word' id='word_1_125' title='bbox 495 896 667 931; x_wconf 81' lang='lat' dir='ltr'><strong>expiationis,</strong></span> <span class='ocrx_word' id='word_1_126' title='bbox 695 897 779 924; x_wconf 85' lang='lat' dir='ltr'><strong>totius</strong></span> <span class='ocrx_word' id='word_1_127' title='bbox 814 898 906 924; x_wconf 88' lang='lat' dir='ltr'><strong>mundi</strong></span> <span class='ocrx_word' id='word_1_128' title='bbox 931 903 1071 932; x_wconf 80' lang='lat' dir='ltr'><strong>peceatum</strong></span> 
     </span>
    </p>
   </div>
   <div class='ocr_carea' id='block_1_20' title="bbox 287 941 1074 975">
    <p class='ocr_par' dir='ltr' id='par_1_20' title="bbox 287 941 1074 975">
     <span class='ocr_line' id='line_1_20' title="bbox 287 941 1074 975; baseline 0.001 -6"><span class='ocrx_word' id='word_1_129' title='bbox 287 941 409 969; x_wconf 84' lang='lat' dir='ltr'><strong>abstulit.</strong></span> <span class='ocrx_word' id='word_1_130' title='bbox 438 941 584 975; x_wconf 78' lang='lat' dir='ltr'><strong>Propterea</strong></span> <span class='ocrx_word' id='word_1_131' title='bbox 611 942 695 970; x_wconf 83' lang='lat' dir='ltr'><strong>Isaias</strong></span> <span class='ocrx_word' id='word_1_132' title='bbox 722 943 794 970; x_wconf 85' lang='lat' dir='ltr'><strong>clare</strong></span> <span class='ocrx_word' id='word_1_133' title='bbox 821 943 1006 970; x_wconf 80' lang='lat' dir='ltr'><strong>exclamavit:</strong></span> <span class='ocrx_word' id='word_1_134' title='bbox 1023 942 1074 971; x_wconf 82' lang='lat' dir='ltr'><strong>Hic</strong></span> 
     </span>
    </p>
   </div>
   <div class='ocr_carea' id='block_1_21' title="bbox 285 987 920 1023">
    <p class='ocr_par' dir='ltr' id='par_1_21' title="bbox 285 987 920 1023">
     <span class='ocr_line' id='line_1_21' title="bbox 285 987 920 1023; baseline 0.002 -9"><span class='ocrx_word' id='word_1_135' title='bbox 285 993 391 1022; x_wconf 70' lang='lat' dir='ltr'><strong>peccata</strong></span> <span class='ocrx_word' id='word_1_136' title='bbox 407 993 497 1015; x_wconf 74' lang='lat' dir='ltr'><strong>nostra</strong></span> <span class='ocrx_word' id='word_1_137' title='bbox 511 987 572 1023; x_wconf 76' lang='lat' dir='ltr'><strong>fert,</strong></span> <span class='ocrx_word' id='word_1_138' title='bbox 586 993 610 1015; x_wconf 82' lang='lat' dir='ltr'><strong>et</strong></span> <span class='ocrx_word' id='word_1_139' title='bbox 621 996 670 1022; x_wconf 84' lang='lat' dir='ltr'><strong>pro</strong></span> <span class='ocrx_word' id='word_1_140' title='bbox 686 988 761 1015; x_wconf 75' lang='lat' dir='ltr'><strong>nobis</strong></span> <span class='ocrx_word' id='word_1_141' title='bbox 772 988 872 1022; x_wconf 85' lang='lat' dir='ltr'><strong>patitur</strong></span> <span class='ocrx_word' id='word_1_142' title='bbox 887 988 920 1015; x_wconf 82' lang='lat'><strong>“.</strong></span> 
     </span>
    </p>
   </div>
   <div class='ocr_carea' id='block_1_22' title="bbox 320 1078 1072 1116">
    <p class='ocr_par' dir='ltr' id='par_1_22' title="bbox 320 1078 1072 1116">
     <span class='ocr_line' id='line_1_22' title="bbox 320 1078 1072 1116; baseline 0.001 -9"><span class='ocrx_word' id='word_1_143' title='bbox 320 1078 348 1107; x_wconf 73' lang='grc'><strong>2.</strong></span> <span class='ocrx_word' id='word_1_144' title='bbox 368 1079 454 1115; x_wconf 78' lang='lat' dir='ltr'><strong>llujns</strong></span> <span class='ocrx_word' id='word_1_145' title='bbox 475 1087 540 1114; x_wconf 76' lang='lat' dir='ltr'><strong>ergo</strong></span> <span class='ocrx_word' id='word_1_146' title='bbox 557 1079 685 1111; x_wconf 68' lang='lat' dir='ltr'><strong>victimae.</strong></span> <span class='ocrx_word' id='word_1_147' title='bbox 716 1079 742 1106; x_wconf 87' lang='lat' dir='ltr'><strong>id</strong></span> <span class='ocrx_word' id='word_1_148' title='bbox 770 1084 812 1108; x_wconf 85' lang='lat' dir='ltr'><strong>est</strong></span> <span class='ocrx_word' id='word_1_149' title='bbox 843 1080 997 1108; x_wconf 83' lang='lat' dir='ltr'><strong>Servatoris</strong></span> <span class='ocrx_word' id='word_1_150' title='bbox 1027 1089 1072 1116; x_wconf 73' lang='lat' dir='ltr'><strong>qui</strong></span> 
     </span>
    </p>
   </div>
   <div class='ocr_carea' id='block_1_23' title="bbox 284 1125 1073 1161">
    <p class='ocr_par' dir='ltr' id='par_1_23' title="bbox 284 1125 1073 1161">
     <span class='ocr_line' id='line_1_23' title="bbox 284 1125 1073 1161; baseline 0.003 -8"><span class='ocrx_word' id='word_1_151' title='bbox 284 1126 394 1161; x_wconf 80' lang='lat' dir='ltr'><strong>proprio</strong></span> <span class='ocrx_word' id='word_1_152' title='bbox 408 1125 541 1161; x_wconf 74' lang='lat' dir='ltr'><strong>sanguine</strong></span> <span class='ocrx_word' id='word_1_153' title='bbox 568 1126 715 1153; x_wconf 87' lang='lat' dir='ltr'><strong>humanum</strong></span> <span class='ocrx_word' id='word_1_154' title='bbox 739 1134 824 1161; x_wconf 87' lang='lat' dir='ltr'><strong>genus</strong></span> <span class='ocrx_word' id='word_1_155' title='bbox 841 1127 965 1159; x_wconf 80' lang='lat' dir='ltr'><strong>salvavit,</strong></span> <span class='ocrx_word' id='word_1_156' title='bbox 993 1127 1073 1155; x_wconf 87' lang='lat' dir='ltr'><strong>intel-</strong></span> 
     </span>
    </p>
   </div>
   <div class='ocr_carea' id='block_1_24' title="bbox 284 1171 1071 1207">
    <p class='ocr_par' dir='ltr' id='par_1_24' title="bbox 284 1171 1071 1207">
     <span class='ocr_line' id='line_1_24' title="bbox 284 1171 1071 1207; baseline 0 -7"><span class='ocrx_word' id='word_1_157' title='bbox 284 1171 444 1200; x_wconf 78' lang='lat' dir='ltr'><strong>lectualibtts</strong></span> <span class='ocrx_word' id='word_1_158' title='bbox 476 1171 545 1206; x_wconf 86' lang='lat' dir='ltr'><strong>pasti</strong></span> <span class='ocrx_word' id='word_1_159' title='bbox 571 1171 718 1204; x_wconf 84' lang='lat' dir='ltr'><strong>carnibus,</strong></span> <span class='ocrx_word' id='word_1_160' title='bbox 746 1171 871 1199; x_wconf 81' lang='lat' dir='ltr'><strong>videlicet</strong></span> <span class='ocrx_word' id='word_1_161' title='bbox 902 1172 1071 1207; x_wconf 71' lang='lat' dir='ltr'><strong>dogmatibus</strong></span> 
     </span>
    </p>
   </div>
   <div class='ocr_carea' id='block_1_25' title="bbox 284 1216 1070 1253">
    <p class='ocr_par' dir='ltr' id='par_1_25' title="bbox 284 1216 1070 1253">
     <span class='ocr_line' id='line_1_25' title="bbox 284 1216 1070 1253; baseline -0.001 -8"><span class='ocrx_word' id='word_1_162' title='bbox 284 1223 366 1251; x_wconf 82' lang='lat' dir='ltr'><strong>atque</strong></span> <span class='ocrx_word' id='word_1_163' title='bbox 393 1216 525 1244; x_wconf 86' lang='lat' dir='ltr'><strong>doctrinis</strong></span> <span class='ocrx_word' id='word_1_164' title='bbox 552 1217 683 1244; x_wconf 75' lang='lat' dir='ltr'><strong>malorum</strong></span> <span class='ocrx_word' id='word_1_165' title='bbox 716 1224 828 1253; x_wconf 84' lang='lat' dir='ltr'><strong>regnum</strong></span> <span class='ocrx_word' id='word_1_166' title='bbox 865 1217 1070 1250; x_wconf 84' lang='lat' dir='ltr'><strong>nuntiantibus,</strong></span> 
     </span>
    </p>
   </div>
   <div class='ocr_carea' id='block_1_26' title="bbox 285 1262 1070 1299">
    <p class='ocr_par' dir='ltr' id='par_1_26' title="bbox 285 1262 1070 1299">
     <span class='ocr_line' id='line_1_26' title="bbox 285 1262 1070 1299; baseline 0.001 -9"><span class='ocrx_word' id='word_1_167' title='bbox 285 1262 390 1291; x_wconf 85' lang='lat' dir='ltr'><strong>deliciis</strong></span> <span class='ocrx_word' id='word_1_168' title='bbox 406 1262 502 1290; x_wconf 86' lang='lat' dir='ltr'><strong>merito</strong></span> <span class='ocrx_word' id='word_1_169' title='bbox 520 1262 622 1290; x_wconf 86' lang='lat' dir='ltr'><strong>divinis</strong></span> <span class='ocrx_word' id='word_1_170' title='bbox 636 1263 805 1290; x_wconf 81' lang='lat' dir='ltr'><strong>deliciamur.</strong></span> <span class='ocrx_word' id='word_1_171' title='bbox 827 1262 880 1290; x_wconf 87' lang='lat' dir='ltr'><strong>Sed</strong></span> <span class='ocrx_word' id='word_1_172' title='bbox 895 1268 921 1290; x_wconf 85' lang='lat' dir='ltr'><strong>et</strong></span> <span class='ocrx_word' id='word_1_173' title='bbox 938 1263 990 1291; x_wconf 85' lang='lat' dir='ltr'><strong>ﬁde</strong></span> <span class='ocrx_word' id='word_1_174' title='bbox 1005 1271 1070 1299; x_wconf 87' lang='lat' dir='ltr'><strong>erga</strong></span> 
     </span>
    </p>
   </div>
   <div class='ocr_carea' id='block_1_27' title="bbox 284 1308 1070 1346">
    <p class='ocr_par' dir='ltr' id='par_1_27' title="bbox 284 1308 1070 1346">
     <span class='ocr_line' id='line_1_27' title="bbox 284 1308 1070 1346; baseline 0.001 -10"><span class='ocrx_word' id='word_1_175' title='bbox 284 1309 443 1344; x_wconf 77' lang='lat' dir='ltr'><strong>sanguinem</strong></span> <span class='ocrx_word' id='word_1_176' title='bbox 466 1308 536 1344; x_wconf 78' lang='lat' dir='ltr'><strong>ejus.</strong></span> <span class='ocrx_word' id='word_1_177' title='bbox 563 1316 643 1343; x_wconf 86' lang='lat' dir='ltr'><strong>quem</strong></span> <span class='ocrx_word' id='word_1_178' title='bbox 662 1316 710 1343; x_wconf 86' lang='lat' dir='ltr'><strong>pro</strong></span> <span class='ocrx_word' id='word_1_179' title='bbox 735 1315 827 1336; x_wconf 87' lang='lat' dir='ltr'><strong>nostra</strong></span> <span class='ocrx_word' id='word_1_180' title='bbox 854 1311 941 1337; x_wconf 86' lang='lat' dir='ltr'><strong>salute</strong></span> <span class='ocrx_word' id='word_1_181' title='bbox 971 1310 1070 1346; x_wconf 86' lang='lat' dir='ltr'><strong>lytrum</strong></span> 
     </span>
    </p>
   </div>
   <div class='ocr_carea' id='block_1_28' title="bbox 285 1354 1069 1391">
    <p class='ocr_par' dir='ltr' id='par_1_28' title="bbox 285 1354 1069 1391">
     <span class='ocr_line' id='line_1_28' title="bbox 285 1354 1069 1391; baseline 0.001 -10"><span class='ocrx_word' id='word_1_182' title='bbox 285 1354 391 1387; x_wconf 83' lang='lat' dir='ltr'><strong>obtulit,</strong></span> <span class='ocrx_word' id='word_1_183' title='bbox 407 1355 504 1382; x_wconf 68' lang='lat' dir='ltr'><strong>animae</strong></span> <span class='ocrx_word' id='word_1_184' title='bbox 521 1354 627 1387; x_wconf 85' lang='lat' dir='ltr'><strong>domos,</strong></span> <span class='ocrx_word' id='word_1_185' title='bbox 648 1355 674 1382; x_wconf 87' lang='lat' dir='ltr'><strong>id</strong></span> <span class='ocrx_word' id='word_1_186' title='bbox 688 1360 731 1383; x_wconf 85' lang='lat' dir='ltr'><strong>est</strong></span> <span class='ocrx_word' id='word_1_187' title='bbox 746 1363 873 1390; x_wconf 84' lang='lat' dir='ltr'><strong>corpora,</strong></span> <span class='ocrx_word' id='word_1_188' title='bbox 886 1356 1069 1391; x_wconf 86' lang='lat' dir='ltr'><strong>obsignantes,</strong></span> 
     </span>
    </p>
   </div>
   <div class='ocr_carea' id='block_1_29' title="bbox 284 1402 1071 1450">
    <p class='ocr_par' dir='ltr' id='par_1_29' title="bbox 284 1402 1071 1450">
     <span class='ocr_line' id='line_1_29' title="bbox 284 1402 1071 1450; baseline 0.001 -21"><span class='ocrx_word' id='word_1_189' title='bbox 284 1409 365 1430; x_wconf 88' lang='lat' dir='ltr'><strong>omne</strong></span> <span class='ocrx_word' id='word_1_190' title='bbox 380 1410 467 1438; x_wconf 84' lang='lat' dir='ltr'><strong>genus</strong></span> <span class='ocrx_word' id='word_1_191' title='bbox 488 1402 674 1429; x_wconf 84' lang='lat' dir='ltr'><strong>insidiantium</strong></span> <span class='ocrx_word' id='word_1_192' title='bbox 687 1403 839 1430; x_wconf 70' lang='lat' dir='ltr'><strong>dazmonum</strong></span> <span class='ocrx_word' id='word_1_193' title='bbox 845 1410 871 1450; x_wconf 44' lang='grc' dir='ltr'><em>ἃ</em></span> <span class='ocrx_word' id='word_1_194' title='bbox 877 1403 953 1430; x_wconf 83' lang='lat' dir='ltr'><strong>nobis</strong></span> <span class='ocrx_word' id='word_1_195' title='bbox 962 1403 1071 1430; x_wconf 84' lang='lat' dir='ltr'><strong>submo-</strong></span> 
     </span>
    </p>
   </div>
   <div class='ocr_carea' id='block_1_30' title="bbox 285 1448 1069 1482">
    <p class='ocr_par' dir='ltr' id='par_1_30' title="bbox 285 1448 1069 1482">
     <span class='ocr_line' id='line_1_30' title="bbox 285 1448 1069 1482; baseline 0.003 -8"><span class='ocrx_word' id='word_1_196' title='bbox 285 1455 381 1475; x_wconf 87' lang='lat' dir='ltr'><strong>vemus</strong></span> <span class='ocrx_word' id='word_1_197' title='bbox 394 1467 402 1481; x_wconf 93' lang='lat'><strong>,</strong></span> <span class='ocrx_word' id='word_1_198' title='bbox 434 1448 621 1482; x_wconf 82' lang='lat' dir='ltr'><strong>transitusque</strong></span> <span class='ocrx_word' id='word_1_199' title='bbox 651 1448 850 1476; x_wconf 84' lang='lat' dir='ltr'><strong>solemnitatem</strong></span> <span class='ocrx_word' id='word_1_200' title='bbox 862 1448 870 1450; x_wconf 61' lang='grc'><strong><em>⁷</em></strong></span> <span class='ocrx_word' id='word_1_201' title='bbox 880 1448 1051 1476; x_wconf 81' lang='lat' dir='ltr'><strong>celebrantes</strong></span> <span class='ocrx_word' id='word_1_202' title='bbox 1061 1469 1069 1481; x_wconf 93' lang='lat'><strong>,</strong></span> 
     </span>
    </p>
   </div>
   <div class='ocr_carea' id='block_1_31' title="bbox 285 1493 1070 1525">
    <p class='ocr_par' dir='ltr' id='par_1_31' title="bbox 285 1493 1070 1525">
     <span class='ocr_line' id='line_1_31' title="bbox 285 1493 1070 1525; baseline 0.003 -5"><span class='ocrx_word' id='word_1_203' title='bbox 285 1494 402 1521; x_wconf 85' lang='lat' dir='ltr'><strong>transire</strong></span> <span class='ocrx_word' id='word_1_204' title='bbox 429 1493 462 1521; x_wconf 88' lang='lat' dir='ltr'><strong>ad</strong></span> <span class='ocrx_word' id='word_1_205' title='bbox 489 1493 582 1520; x_wconf 76' lang='lat' dir='ltr'><strong>tlivina</strong></span> <span class='ocrx_word' id='word_1_206' title='bbox 611 1494 761 1525; x_wconf 79' lang='lat' dir='ltr'><strong>studemus,</strong></span> <span class='ocrx_word' id='word_1_207' title='bbox 793 1493 874 1521; x_wconf 81' lang='lat' dir='ltr'><strong>veluti</strong></span> <span class='ocrx_word' id='word_1_208' title='bbox 900 1494 963 1522; x_wconf 94' lang='lat' dir='ltr'><strong>olim</strong></span> <span class='ocrx_word' id='word_1_209' title='bbox 985 1494 1021 1521; x_wconf 91' lang='lat' dir='ltr'><strong>illi</strong></span> <span class='ocrx_word' id='word_1_210' title='bbox 1043 1494 1070 1522; x_wconf 85' lang='lat' dir='ltr'><strong>in</strong></span> 
     </span>
    </p>
   </div>
   <div class='ocr_carea' id='block_1_32' title="bbox 284 1538 1069 1575">
    <p class='ocr_par' dir='ltr' id='par_1_32' title="bbox 284 1538 1069 1575">
     <span class='ocr_line' id='line_1_32' title="bbox 284 1538 1069 1575; baseline 0 -8"><span class='ocrx_word' id='word_1_211' title='bbox 284 1540 422 1568; x_wconf 83' lang='lat' dir='ltr'><strong>desertum</strong></span> <span class='ocrx_word' id='word_1_212' title='bbox 437 1547 470 1567; x_wconf 79' lang='lat' dir='ltr'><strong>ex</strong></span> <span class='ocrx_word' id='word_1_213' title='bbox 485 1539 602 1574; x_wconf 61' lang='grc' dir='ltr'>Ευριο</span> <span class='ocrx_word' id='word_1_214' title='bbox 610 1539 834 1574; x_wconf 86' lang='lat' dir='ltr'><strong>commigrarunt.</strong></span> <span class='ocrx_word' id='word_1_215' title='bbox 852 1538 889 1566; x_wconf 89' lang='lat' dir='ltr'><strong>Ita</strong></span> <span class='ocrx_word' id='word_1_216' title='bbox 906 1546 954 1566; x_wconf 92' lang='lat' dir='ltr'><strong>nos</strong></span> <span class='ocrx_word' id='word_1_217' title='bbox 962 1547 1069 1575; x_wconf 85' lang='lat' dir='ltr'><strong>quoque</strong></span> 
     </span>
    </p>
   </div>
   <div class='ocr_carea' id='block_1_33' title="bbox 1127 297 1899 334">
    <p class='ocr_par' dir='ltr' id='par_1_33' title="bbox 1127 297 1899 334">
     <span class='ocr_line' id='line_1_33' title="bbox 1127 297 1899 334; baseline 0 -10"><span class='ocrx_word' id='word_1_218' title='bbox 1127 298 1224 333; x_wconf 88' lang='grc' dir='ltr'>κρίδων</span> <span class='ocrx_word' id='word_1_219' title='bbox 1251 299 1476 334; x_wconf 81' lang='grc' dir='ltr'>προσφερόμενοι,</span> <span class='ocrx_word' id='word_1_220' title='bbox 1504 298 1585 326; x_wconf 82' lang='grc' dir='ltr'>τόπον</span> <span class='ocrx_word' id='word_1_221' title='bbox 1601 299 1633 325; x_wconf 81' lang='grc' dir='ltr'>ὲκ</span> <span class='ocrx_word' id='word_1_222' title='bbox 1656 297 1737 324; x_wconf 83' lang='grc' dir='ltr'>τόπου</span> <span class='ocrx_word' id='word_1_223' title='bbox 1767 297 1899 331; x_wconf 80' lang='grc' dir='ltr'>διέϐαινον,</span> 
     </span>
    </p>
   </div>
   <div class='ocr_carea' id='block_1_34' title="bbox 1125 344 1900 381">
    <p class='ocr_par' dir='ltr' id='par_1_34' title="bbox 1125 344 1900 381">
     <span class='ocr_line' id='line_1_34' title="bbox 1125 344 1900 381; baseline 0.001 -11"><span class='ocrx_word' id='word_1_224' title='bbox 1125 344 1171 370; x_wconf 79' lang='grc' dir='ltr'>τὸν</span> <span class='ocrx_word' id='word_1_225' title='bbox 1180 344 1234 371; x_wconf 83' lang='grc' dir='ltr'>ἀπὸ</span> <span class='ocrx_word' id='word_1_226' title='bbox 1247 345 1296 380; x_wconf 80' lang='grc' dir='ltr'>τῆς</span> <span class='ocrx_word' id='word_1_227' title='bbox 1312 345 1469 379; x_wconf 76' lang='grc' dir='ltr'><strong>Αἰγυπτίων</strong></span> <span class='ocrx_word' id='word_1_228' title='bbox 1481 345 1532 381; x_wconf 85' lang='grc' dir='ltr'>γῆς</span> <span class='ocrx_word' id='word_1_229' title='bbox 1553 345 1599 371; x_wconf 78' lang='grc' dir='ltr'><strong>ἐπὶ</strong></span> <span class='ocrx_word' id='word_1_230' title='bbox 1614 344 1662 380; x_wconf 79' lang='grc' dir='ltr'><strong>τὴν</strong></span> <span class='ocrx_word' id='word_1_231' title='bbox 1682 344 1791 380; x_wconf 70' lang='grc' dir='ltr'>ἔρημον.</span> <span class='ocrx_word' id='word_1_232' title='bbox 1814 344 1900 372; x_wconf 76' lang='grc' dir='ltr'>Ταῦτα</span> 
     </span>
    </p>
   </div>
   <div class='ocr_carea' id='block_1_35' title="bbox 1125 390 1902 426">
    <p class='ocr_par' dir='ltr' id='par_1_35' title="bbox 1125 390 1902 426">
     <span class='ocr_line' id='line_1_35' title="bbox 1125 390 1902 426; baseline 0 -10"><span class='ocrx_word' id='word_1_233' title='bbox 1125 391 1190 424; x_wconf 76' lang='grc' dir='ltr'>γοῦν</span> <span class='ocrx_word' id='word_1_234' title='bbox 1202 391 1294 423; x_wconf 86' lang='grc' dir='ltr'>αὐτοῖς</span> <span class='ocrx_word' id='word_1_235' title='bbox 1311 391 1377 426; x_wconf 80' lang='grc' dir='ltr'>ὁμοῦ</span> <span class='ocrx_word' id='word_1_236' title='bbox 1388 393 1420 426; x_wconf 83' lang='grc' dir='ltr'>τῇ</span> <span class='ocrx_word' id='word_1_237' title='bbox 1436 391 1482 418; x_wconf 75' lang='grc' dir='ltr'>τοῦ</span> <span class='ocrx_word' id='word_1_238' title='bbox 1499 391 1634 426; x_wconf 85' lang='grc' dir='ltr'>προϐάτου</span> <span class='ocrx_word' id='word_1_239' title='bbox 1645 392 1734 426; x_wconf 82' lang='grc' dir='ltr'>σφαγῇ</span> <span class='ocrx_word' id='word_1_240' title='bbox 1748 399 1777 417; x_wconf 80' lang='grc' dir='ltr'><strong>τε</strong></span> <span class='ocrx_word' id='word_1_241' title='bbox 1792 390 1837 417; x_wconf 77' lang='grc' dir='ltr'>καὶ</span> <span class='ocrx_word' id='word_1_242' title='bbox 1849 398 1902 425; x_wconf 86' lang='grc' dir='ltr'>τρο-</span> 
     </span>
    </p>
   </div>
   <div class='ocr_carea' id='block_1_36' title="bbox 1125 436 1900 473">
    <p class='ocr_par' dir='ltr' id='par_1_36' title="bbox 1125 436 1900 473">
     <span class='ocr_line' id='line_1_36' title="bbox 1125 436 1900 473; baseline -0.004 -8"><span class='ocrx_word' id='word_1_243' title='bbox 1125 438 1161 473; x_wconf 75' lang='grc' dir='ltr'><strong>φῇ</strong></span> <span class='ocrx_word' id='word_1_244' title='bbox 1177 438 1306 472; x_wconf 72' lang='grc' dir='ltr'>πράττειν</span> <span class='ocrx_word' id='word_1_245' title='bbox 1328 438 1529 473; x_wconf 84' lang='grc' dir='ltr'>νενομοθέτητο.</span> <span class='ocrx_word' id='word_1_246' title='bbox 1549 438 1644 465; x_wconf 83' lang='grc' dir='ltr'>Ἔνθεν</span> <span class='ocrx_word' id='word_1_247' title='bbox 1668 438 1684 473; x_wconf 83' lang='grc' dir='ltr'>ἡ</span> <span class='ocrx_word' id='word_1_248' title='bbox 1715 437 1744 470; x_wconf 78' lang='grc' dir='ltr'><strong>ἐξ</strong></span> <span class='ocrx_word' id='word_1_249' title='bbox 1771 436 1900 471; x_wconf 74' lang='grc' dir='ltr'><strong>Αἰγύπτου</strong></span> 
     </span>
    </p>
   </div>
   <div class='ocr_carea' id='block_1_37' title="bbox 1125 482 1900 519">
    <p class='ocr_par' dir='ltr' id='par_1_37' title="bbox 1125 482 1900 519">
     <span class='ocr_line' id='line_1_37' title="bbox 1125 482 1900 519; baseline -0.003 -10"><span class='ocrx_word' id='word_1_250' title='bbox 1125 483 1276 517; x_wconf 87' lang='grc' dir='ltr'>μετάϐασις</span> <span class='ocrx_word' id='word_1_251' title='bbox 1289 483 1338 519; x_wconf 81' lang='grc' dir='ltr'>τὴν</span> <span class='ocrx_word' id='word_1_252' title='bbox 1355 484 1409 510; x_wconf 91' lang='grc' dir='ltr'><strong>τῶν</strong></span> <span class='ocrx_word' id='word_1_253' title='bbox 1432 483 1612 519; x_wconf 84' lang='grc' dir='ltr'>διαϐατηρίων</span> <span class='ocrx_word' id='word_1_254' title='bbox 1640 483 1729 514; x_wconf 69' lang='grc' dir='ltr'>αὐτοῖς</span> <span class='ocrx_word' id='word_1_255' title='bbox 1753 482 1900 517; x_wconf 76' lang='grc' dir='ltr'><strong>ἐπωνυμίαν</strong></span> 
     </span>
    </p>
   </div>
   <div class='ocr_carea' id='block_1_38' title="bbox 1124 529 1902 566">
    <p class='ocr_par' dir='ltr' id='par_1_38' title="bbox 1124 529 1902 566">
     <span class='ocr_line' id='line_1_38' title="bbox 1124 529 1902 566; baseline 0 -11"><span class='ocrx_word' id='word_1_256' title='bbox 1124 529 1254 565; x_wconf 77' lang='grc' dir='ltr'>ἐπλήρου.</span> <span class='ocrx_word' id='word_1_257' title='bbox 1288 530 1359 556; x_wconf 72' lang='grc' dir='ltr'>Ἀλλ’</span> <span class='ocrx_word' id='word_1_258' title='bbox 1387 531 1500 562; x_wconf 76' lang='grc' dir='ltr'>ἐκείνοις</span> <span class='ocrx_word' id='word_1_259' title='bbox 1531 531 1579 566; x_wconf 84' lang='grc' dir='ltr'>μὲν</span> <span class='ocrx_word' id='word_1_260' title='bbox 1599 530 1720 561; x_wconf 82' lang='grc' dir='ltr'><strong>τυπικῶς</strong></span> <span class='ocrx_word' id='word_1_261' title='bbox 1743 529 1828 556; x_wconf 78' lang='grc' dir='ltr'>ταῦτα</span> <span class='ocrx_word' id='word_1_262' title='bbox 1848 537 1902 555; x_wconf 88' lang='grc' dir='ltr'>συν-</span> 
     </span>
    </p>
   </div>
   <div class='ocr_carea' id='block_1_39' title="bbox 1124 574 1901 612">
    <p class='ocr_par' dir='ltr' id='par_1_39' title="bbox 1124 574 1901 612">
     <span class='ocr_line' id='line_1_39' title="bbox 1124 574 1901 612; baseline 0 -12"><span class='ocrx_word' id='word_1_263' title='bbox 1124 574 1240 606; x_wconf 77' lang='grc' dir='ltr'>έϐαινεν,</span> <span class='ocrx_word' id='word_1_264' title='bbox 1264 575 1371 612; x_wconf 73' lang='grc' dir='ltr'>ἐγράφη</span> <span class='ocrx_word' id='word_1_265' title='bbox 1393 575 1422 602; x_wconf 75' lang='grc' dir='ltr'>δὲ</span> <span class='ocrx_word' id='word_1_266' title='bbox 1445 576 1478 603; x_wconf 85' lang='grc' dir='ltr'><strong>δι’</strong></span> <span class='ocrx_word' id='word_1_267' title='bbox 1499 577 1581 612; x_wconf 76' lang='grc' dir='ltr'>ἡμᾶς.</span> <span class='ocrx_word' id='word_1_268' title='bbox 1608 575 1662 603; x_wconf 77' lang='grc' dir='ltr'>Καί</span> <span class='ocrx_word' id='word_1_269' title='bbox 1682 584 1714 610; x_wconf 83' lang='grc' dir='ltr'><strong>γε</strong></span> <span class='ocrx_word' id='word_1_270' title='bbox 1737 574 1901 611; x_wconf 85' lang='grc' dir='ltr'>διερμηνεύει</span> 
     </span>
    </p>
   </div>
   <div class='ocr_carea' id='block_1_40' title="bbox 1124 620 1901 658">
    <p class='ocr_par' dir='ltr' id='par_1_40' title="bbox 1124 620 1901 658">
     <span class='ocr_line' id='line_1_40' title="bbox 1124 620 1901 658; baseline -0.001 -11"><span class='ocrx_word' id='word_1_271' title='bbox 1124 620 1229 653; x_wconf 82' lang='grc' dir='ltr'>Παῦλος</span> <span class='ocrx_word' id='word_1_272' title='bbox 1239 621 1291 647; x_wconf 86' lang='grc' dir='ltr'><strong>τῶν</strong></span> <span class='ocrx_word' id='word_1_273' title='bbox 1308 622 1430 649; x_wconf 80' lang='grc' dir='ltr'>παλαιῶν</span> <span class='ocrx_word' id='word_1_274' title='bbox 1457 622 1597 658; x_wconf 79' lang='grc' dir='ltr'>συμϐόλων</span> <span class='ocrx_word' id='word_1_275' title='bbox 1615 621 1762 656; x_wconf 75' lang='grc' dir='ltr'>διαφαίνων</span> <span class='ocrx_word' id='word_1_276' title='bbox 1778 621 1825 656; x_wconf 79' lang='grc' dir='ltr'>τὴν</span> <span class='ocrx_word' id='word_1_277' title='bbox 1840 620 1901 655; x_wconf 81' lang='grc' dir='ltr'>ἀλή-</span> 
     </span>
    </p>
   </div>
   <div class='ocr_carea' id='block_1_41' title="bbox 1124 664 1901 702">
    <p class='ocr_par' dir='ltr' id='par_1_41' title="bbox 1124 664 1901 702">
     <span class='ocr_line' id='line_1_41' title="bbox 1124 664 1901 702; baseline 0.001 -9"><span class='ocrx_word' id='word_1_278' title='bbox 1124 666 1198 694; x_wconf 87' lang='grc' dir='ltr'>Θειαν</span> <span class='ocrx_word' id='word_1_279' title='bbox 1211 667 1244 693; x_wconf 83' lang='grc' dir='ltr'>δι’</span> <span class='ocrx_word' id='word_1_280' title='bbox 1257 664 1293 694; x_wconf 81' lang='grc' dir='ltr'>ὧν</span> <span class='ocrx_word' id='word_1_281' title='bbox 1307 677 1372 702; x_wconf 75' lang='grc' dir='ltr'>φησι</span> <span class='ocrx_word' id='word_1_282' title='bbox 1381 677 1388 683; x_wconf 94' lang='grc'><strong>·</strong></span> <span class='ocrx_word' id='word_1_283' title='bbox 1407 668 1461 695; x_wconf 75' lang='grc' dir='ltr'><strong>Καὶ</strong></span> <span class='ocrx_word' id='word_1_284' title='bbox 1476 668 1531 702; x_wconf 80' lang='grc' dir='ltr'><strong>τὰρ</strong></span> <span class='ocrx_word' id='word_1_285' title='bbox 1551 667 1584 694; x_wconf 79' lang='grc' dir='ltr'>τὸ</span> <span class='ocrx_word' id='word_1_286' title='bbox 1597 667 1703 702; x_wconf 80' lang='grc' dir='ltr'><em>Πάσχα</em></span> <span class='ocrx_word' id='word_1_287' title='bbox 1716 666 1800 702; x_wconf 56' lang='grc' dir='ltr'><strong>τῂιῶν</strong></span> <span class='ocrx_word' id='word_1_288' title='bbox 1820 667 1901 700; x_wconf 77' lang='grc' dir='ltr'>ἐτύθη</span> 
     </span>
    </p>
   </div>
   <div class='ocr_carea' id='block_1_42' title="bbox 1123 711 1903 749">
    <p class='ocr_par' dir='ltr' id='par_1_42' title="bbox 1123 711 1903 749">
     <span class='ocr_line' id='line_1_42' title="bbox 1123 711 1903 749; baseline -0.003 -10"><span class='ocrx_word' id='word_1_289' title='bbox 1123 713 1258 746; x_wconf 81' lang='grc' dir='ltr'>Χριστός.</span> <span class='ocrx_word' id='word_1_290' title='bbox 1274 714 1310 740; x_wconf 71' lang='grc' dir='ltr'><strong>Τὸ</strong></span> <span class='ocrx_word' id='word_1_291' title='bbox 1317 713 1344 740; x_wconf 78' lang='grc' dir='ltr'>δὲ</span> <span class='ocrx_word' id='word_1_292' title='bbox 1357 714 1443 740; x_wconf 71' lang='grc' dir='ltr'>αἴτιον</span> <span class='ocrx_word' id='word_1_293' title='bbox 1454 714 1501 740; x_wconf 77' lang='grc' dir='ltr'>τοῦ</span> <span class='ocrx_word' id='word_1_294' title='bbox 1512 714 1622 749; x_wconf 79' lang='grc' dir='ltr'>τυθῆναι</span> <span class='ocrx_word' id='word_1_295' title='bbox 1635 712 1716 740; x_wconf 79' lang='grc' dir='ltr'>αὐτὸν</span> <span class='ocrx_word' id='word_1_296' title='bbox 1728 713 1742 739; x_wconf 83' lang='grc' dir='ltr'>ὁ</span> <span class='ocrx_word' id='word_1_297' title='bbox 1756 711 1903 747; x_wconf 81' lang='grc' dir='ltr'>Βαπτιστὴς</span> 
     </span>
    </p>
   </div>
   <div class='ocr_carea' id='block_1_43' title="bbox 1123 758 1903 794">
    <p class='ocr_par' dir='ltr' id='par_1_43' title="bbox 1123 758 1903 794">
     <span class='ocr_line' id='line_1_43' title="bbox 1123 758 1903 794; baseline 0.003 -11"><span class='ocrx_word' id='word_1_298' title='bbox 1123 758 1286 794; x_wconf 75' lang='grc' dir='ltr'>παρίστησιν</span> <span class='ocrx_word' id='word_1_299' title='bbox 1296 759 1379 787; x_wconf 72' lang='grc' dir='ltr'>εἰπών</span> <span class='ocrx_word' id='word_1_300' title='bbox 1389 768 1395 774; x_wconf 90' lang='grc'><strong>·</strong></span> <span class='ocrx_word' id='word_1_301' title='bbox 1415 759 1471 786; x_wconf 82' lang='grc' dir='ltr'>Ἴδε</span> <span class='ocrx_word' id='word_1_302' title='bbox 1483 761 1499 786; x_wconf 83' lang='lat' dir='ltr'><strong>d</strong></span> <span class='ocrx_word' id='word_1_303' title='bbox 1518 759 1620 794; x_wconf 79' lang='grc' dir='ltr'>Ἀμνὸς</span> <span class='ocrx_word' id='word_1_304' title='bbox 1632 758 1685 785; x_wconf 83' lang='grc' dir='ltr'>τοῦ</span> <span class='ocrx_word' id='word_1_305' title='bbox 1701 758 1775 786; x_wconf 85' lang='grc' dir='ltr'><strong>Θεοῦ</strong></span> <span class='ocrx_word' id='word_1_306' title='bbox 1791 759 1807 785; x_wconf 82' lang='grc' dir='ltr'><em>ὀ</em></span> <span class='ocrx_word' id='word_1_307' title='bbox 1818 758 1903 791; x_wconf 73' lang='grc' dir='ltr'>αἵρων</span> 
     </span>
    </p>
   </div>
   <div class='ocr_carea' id='block_1_44' title="bbox 1123 803 1902 841">
    <p class='ocr_par' dir='ltr' id='par_1_44' title="bbox 1123 803 1902 841">
     <span class='ocr_line' id='line_1_44' title="bbox 1123 803 1902 841; baseline -0.001 -10"><span class='ocrx_word' id='word_1_308' title='bbox 1123 804 1180 838; x_wconf 75' lang='grc' dir='ltr'><strong>τὴν</strong></span> <span class='ocrx_word' id='word_1_309' title='bbox 1189 806 1334 839; x_wconf 81' lang='grc' dir='ltr'>ἁμαρτίαν</span> <span class='ocrx_word' id='word_1_310' title='bbox 1344 806 1398 833; x_wconf 81' lang='grc' dir='ltr'>τοῦ</span> <span class='ocrx_word' id='word_1_311' title='bbox 1410 807 1534 840; x_wconf 82' lang='grc' dir='ltr'>κόσμου.</span> <span class='ocrx_word' id='word_1_312' title='bbox 1547 806 1601 833; x_wconf 79' lang='grc' dir='ltr'><strong>Καὶ</strong></span> <span class='ocrx_word' id='word_1_313' title='bbox 1617 806 1672 841; x_wconf 85' lang='grc' dir='ltr'><strong>γὰρ</strong></span> <span class='ocrx_word' id='word_1_314' title='bbox 1691 805 1805 840; x_wconf 85' lang='grc' dir='ltr'>σφάγιον</span> <span class='ocrx_word' id='word_1_315' title='bbox 1816 803 1902 830; x_wconf 83' lang='grc' dir='ltr'>κακῶν</span> 
     </span>
    </p>
   </div>
   <div class='ocr_carea' id='block_1_45' title="bbox 1122 849 1902 887">
    <p class='ocr_par' dir='ltr' id='par_1_45' title="bbox 1122 849 1902 887">
     <span class='ocr_line' id='line_1_45' title="bbox 1122 849 1902 887; baseline -0.001 -10"><span class='ocrx_word' id='word_1_316' title='bbox 1122 851 1249 877; x_wconf 80' lang='grc' dir='ltr'>ἁπάντων</span> <span class='ocrx_word' id='word_1_317' title='bbox 1264 852 1448 887; x_wconf 73' lang='grc' dir='ltr'>ἀποτρόπαιον</span> <span class='ocrx_word' id='word_1_318' title='bbox 1468 851 1499 878; x_wconf 76' lang='grc' dir='ltr'>τὸ</span> <span class='ocrx_word' id='word_1_319' title='bbox 1514 851 1594 887; x_wconf 83' lang='grc' dir='ltr'>σῶμα</span> <span class='ocrx_word' id='word_1_320' title='bbox 1611 851 1642 878; x_wconf 77' lang='grc' dir='ltr'><strong>τὸ</strong></span> <span class='ocrx_word' id='word_1_321' title='bbox 1657 851 1790 887; x_wconf 77' lang='grc' dir='ltr'>σωτήριον</span> <span class='ocrx_word' id='word_1_322' title='bbox 1803 849 1841 885; x_wconf 85' lang='grc' dir='ltr'><strong>τῷ</strong></span> <span class='ocrx_word' id='word_1_323' title='bbox 1858 849 1902 876; x_wconf 80' lang='lat' dir='ltr'><strong>6a-</strong></span> 
     </span>
    </p>
   </div>
   <div class='ocr_carea' id='block_1_46' title="bbox 1125 894 1903 933">
    <p class='ocr_par' dir='ltr' id='par_1_46' title="bbox 1125 894 1903 933">
     <span class='ocr_line' id='line_1_46' title="bbox 1125 894 1903 933; baseline -0.001 -11"><span class='ocrx_word' id='word_1_324' title='bbox 1125 897 1197 932; x_wconf 85' lang='grc' dir='ltr'>νάτῳ</span> <span class='ocrx_word' id='word_1_325' title='bbox 1213 897 1381 933; x_wconf 76' lang='grc' dir='ltr'>παρεδίδοτο,</span> <span class='ocrx_word' id='word_1_326' title='bbox 1393 898 1408 924; x_wconf 85' lang='grc' dir='ltr'><strong>ὂ</strong></span> <span class='ocrx_word' id='word_1_327' title='bbox 1419 897 1450 933; x_wconf 82' lang='grc' dir='ltr'><strong>δὴ</strong></span> <span class='ocrx_word' id='word_1_328' title='bbox 1474 897 1621 933; x_wconf 73' lang='grc' dir='ltr'>καθαρσίου</span> <span class='ocrx_word' id='word_1_329' title='bbox 1635 896 1712 932; x_wconf 86' lang='grc' dir='ltr'>δίκην</span> <span class='ocrx_word' id='word_1_330' title='bbox 1737 895 1785 923; x_wconf 86' lang='grc' dir='ltr'>τοῦ</span> <span class='ocrx_word' id='word_1_331' title='bbox 1808 894 1903 926; x_wconf 77' lang='grc' dir='ltr'>παντὸς</span> 
     </span>
    </p>
   </div>
   <div class='ocr_carea' id='block_1_47' title="bbox 1125 942 1902 981">
    <p class='ocr_par' dir='ltr' id='par_1_47' title="bbox 1125 942 1902 981">
     <span class='ocr_line' id='line_1_47' title="bbox 1125 942 1902 981; baseline -0.004 -9"><span class='ocrx_word' id='word_1_332' title='bbox 1125 945 1217 979; x_wconf 82' lang='grc' dir='ltr'>ἀφεῖλε</span> <span class='ocrx_word' id='word_1_333' title='bbox 1228 945 1331 980; x_wconf 79' lang='grc' dir='ltr'>κόσμου</span> <span class='ocrx_word' id='word_1_334' title='bbox 1343 945 1392 981; x_wconf 84' lang='grc' dir='ltr'>τὴν</span> <span class='ocrx_word' id='word_1_335' title='bbox 1407 945 1559 980; x_wconf 85' lang='grc' dir='ltr'>ἁμαρτίαν·</span> <span class='ocrx_word' id='word_1_336' title='bbox 1580 944 1699 979; x_wconf 83' lang='grc' dir='ltr'>κέκραγε</span> <span class='ocrx_word' id='word_1_337' title='bbox 1720 943 1786 978; x_wconf 80' lang='grc' dir='ltr'>γοῦν</span> <span class='ocrx_word' id='word_1_338' title='bbox 1808 942 1902 978; x_wconf 85' lang='grc' dir='ltr'>τηλαυ-</span> 
     </span>
    </p>
   </div>
   <div class='ocr_carea' id='block_1_48' title="bbox 1124 987 1903 1026">
    <p class='ocr_par' dir='ltr' id='par_1_48' title="bbox 1124 987 1903 1026">
     <span class='ocr_line' id='line_1_48' title="bbox 1124 987 1903 1026; baseline 0 -9"><span class='ocrx_word' id='word_1_339' title='bbox 1124 991 1179 1026; x_wconf 85' lang='grc' dir='ltr'><strong>γῶς</strong></span> <span class='ocrx_word' id='word_1_340' title='bbox 1201 991 1333 1022; x_wconf 81' lang='grc' dir='ltr'>Ἠσαῖας·</span> <span class='ocrx_word' id='word_1_341' title='bbox 1363 989 1458 1023; x_wconf 72' lang='grc' dir='ltr'>Οὗτος</span> <span class='ocrx_word' id='word_1_342' title='bbox 1473 991 1526 1024; x_wconf 76' lang='grc' dir='ltr'>τὰς</span> <span class='ocrx_word' id='word_1_343' title='bbox 1549 990 1693 1025; x_wconf 80' lang='grc' dir='ltr'>ἁμαρτίας</span> <span class='ocrx_word' id='word_1_344' title='bbox 1718 989 1802 1024; x_wconf 69' lang='grc' dir='ltr'>ἡμῶν</span> <span class='ocrx_word' id='word_1_345' title='bbox 1827 987 1903 1023; x_wconf 68' lang='grc' dir='ltr'>φέρει</span> 
     </span>
    </p>
   </div>
   <div class='ocr_carea' id='block_1_49' title="bbox 1123 1037 1516 1071">
    <p class='ocr_par' dir='ltr' id='par_1_49' title="bbox 1123 1037 1516 1071">
     <span class='ocr_line' id='line_1_49' title="bbox 1123 1037 1516 1071; baseline -0.003 -7"><span class='ocrx_word' id='word_1_346' title='bbox 1123 1038 1171 1064; x_wconf 77' lang='grc' dir='ltr'>καὶ</span> <span class='ocrx_word' id='word_1_347' title='bbox 1182 1038 1247 1071; x_wconf 75' lang='grc' dir='ltr'>περὶ</span> <span class='ocrx_word' id='word_1_348' title='bbox 1266 1037 1350 1071; x_wconf 76' lang='grc' dir='ltr'>ἡμῶν</span> <span class='ocrx_word' id='word_1_349' title='bbox 1367 1037 1516 1064; x_wconf 62' lang='lat' dir='ltr'><strong>(scuram.</strong></span> 
     </span>
    </p>
   </div>
   <div class='ocr_carea' id='block_1_50' title="bbox 1158 1080 1903 1120">
    <p class='ocr_par' dir='ltr' id='par_1_50' title="bbox 1158 1080 1903 1120">
     <span class='ocr_line' id='line_1_50' title="bbox 1158 1080 1903 1120; baseline -0.004 -10"><span class='ocrx_word' id='word_1_350' title='bbox 1158 1083 1191 1118; x_wconf 85' lang='grc' dir='ltr'><strong>β’.</strong></span> <span class='ocrx_word' id='word_1_351' title='bbox 1209 1084 1310 1110; x_wconf 84' lang='grc' dir='ltr'>Τούτου</span> <span class='ocrx_word' id='word_1_352' title='bbox 1328 1084 1361 1119; x_wconf 78' lang='grc' dir='ltr'>δὴ</span> <span class='ocrx_word' id='word_1_353' title='bbox 1381 1083 1426 1110; x_wconf 76' lang='grc' dir='ltr'>τοῦ</span> <span class='ocrx_word' id='word_1_354' title='bbox 1444 1083 1576 1120; x_wconf 83' lang='grc' dir='ltr'>σωτηρίου</span> <span class='ocrx_word' id='word_1_355' title='bbox 1593 1083 1711 1118; x_wconf 77' lang='grc' dir='ltr'>θύματος</span> <span class='ocrx_word' id='word_1_356' title='bbox 1740 1081 1786 1108; x_wconf 86' lang='grc' dir='ltr'>τοῦ</span> <span class='ocrx_word' id='word_1_357' title='bbox 1801 1080 1838 1116; x_wconf 84' lang='grc' dir='ltr'><strong>τῷ</strong></span> <span class='ocrx_word' id='word_1_358' title='bbox 1850 1080 1903 1115; x_wconf 78' lang='grc' dir='ltr'>ἰδίῳ</span> 
     </span>
    </p>
   </div>
   <div class='ocr_carea' id='block_1_51' title="bbox 1122 1127 1902 1167">
    <p class='ocr_par' dir='ltr' id='par_1_51' title="bbox 1122 1127 1902 1167">
     <span class='ocr_line' id='line_1_51' title="bbox 1122 1127 1902 1167; baseline -0.006 -9"><span class='ocrx_word' id='word_1_359' title='bbox 1122 1132 1218 1167; x_wconf 78' lang='grc' dir='ltr'>αἵματι</span> <span class='ocrx_word' id='word_1_360' title='bbox 1238 1130 1268 1158; x_wconf 85' lang='grc' dir='ltr'>τὸ</span> <span class='ocrx_word' id='word_1_361' title='bbox 1295 1131 1403 1158; x_wconf 84' lang='grc' dir='ltr'>πάντων</span> <span class='ocrx_word' id='word_1_362' title='bbox 1429 1130 1580 1166; x_wconf 80' lang='grc' dir='ltr'>ἀνθρώπων</span> <span class='ocrx_word' id='word_1_363' title='bbox 1600 1129 1677 1164; x_wconf 85' lang='grc' dir='ltr'>γένος</span> <span class='ocrx_word' id='word_1_364' title='bbox 1696 1127 1902 1162; x_wconf 80' lang='grc' dir='ltr'>ἀνασωσαμένου</span> 
     </span>
    </p>
   </div>
   <div class='ocr_carea' id='block_1_52' title="bbox 1120 1172 1903 1212">
    <p class='ocr_par' dir='ltr' id='par_1_52' title="bbox 1120 1172 1903 1212">
     <span class='ocr_line' id='line_1_52' title="bbox 1120 1172 1903 1212; baseline -0.008 -8"><span class='ocrx_word' id='word_1_365' title='bbox 1120 1179 1181 1209; x_wconf 82' lang='grc' dir='ltr'>ταῖς</span> <span class='ocrx_word' id='word_1_366' title='bbox 1208 1177 1329 1211; x_wconf 82' lang='grc' dir='ltr'>λογικαίς</span> <span class='ocrx_word' id='word_1_367' title='bbox 1353 1176 1431 1212; x_wconf 79' lang='grc' dir='ltr'>σαρξὶ</span> <span class='ocrx_word' id='word_1_368' title='bbox 1458 1176 1636 1212; x_wconf 76' lang='grc' dir='ltr'>τρεφόμενοι,</span> <span class='ocrx_word' id='word_1_369' title='bbox 1663 1173 1806 1209; x_wconf 83' lang='grc' dir='ltr'>μαθήμασι</span> <span class='ocrx_word' id='word_1_370' title='bbox 1831 1172 1903 1208; x_wconf 84' lang='grc' dir='ltr'>δηλα-</span> 
     </span>
    </p>
   </div>
   <div class='ocr_carea' id='block_1_53' title="bbox 1121 1217 1901 1258">
    <p class='ocr_par' dir='ltr' id='par_1_53' title="bbox 1121 1217 1901 1258">
     <span class='ocr_line' id='line_1_53' title="bbox 1121 1217 1901 1258; baseline -0.009 -9"><span class='ocrx_word' id='word_1_371' title='bbox 1121 1222 1152 1258; x_wconf 88' lang='grc' dir='ltr'>δὴ</span> <span class='ocrx_word' id='word_1_372' title='bbox 1168 1223 1214 1249; x_wconf 79' lang='grc' dir='ltr'>καὶ</span> <span class='ocrx_word' id='word_1_373' title='bbox 1227 1223 1316 1256; x_wconf 82' lang='grc' dir='ltr'>λόγοις</span> <span class='ocrx_word' id='word_1_374' title='bbox 1327 1221 1462 1256; x_wconf 83' lang='grc' dir='ltr'>βασιλείας</span> <span class='ocrx_word' id='word_1_375' title='bbox 1474 1219 1595 1256; x_wconf 79' lang='grc' dir='ltr'>οὐρανῶν</span> <span class='ocrx_word' id='word_1_376' title='bbox 1606 1218 1838 1253; x_wconf 82' lang='grc' dir='ltr'>καταγγελτικοῖς,</span> <span class='ocrx_word' id='word_1_377' title='bbox 1856 1217 1901 1251; x_wconf 74' lang='grc' dir='ltr'>τὴν</span> 
     </span>
    </p>
   </div>
   <div class='ocr_carea' id='block_1_54' title="bbox 1121 1261 1902 1302">
    <p class='ocr_par' dir='ltr' id='par_1_54' title="bbox 1121 1261 1902 1302">
     <span class='ocr_line' id='line_1_54' title="bbox 1121 1261 1902 1302; baseline -0.01 -6"><span class='ocrx_word' id='word_1_378' title='bbox 1121 1268 1192 1295; x_wconf 78' lang='grc' dir='ltr'><strong>κατά</strong></span> <span class='ocrx_word' id='word_1_379' title='bbox 1215 1268 1281 1296; x_wconf 83' lang='grc' dir='ltr'><strong>Θεὸν</strong></span> <span class='ocrx_word' id='word_1_380' title='bbox 1307 1268 1418 1299; x_wconf 74' lang='grc' dir='ltr'>εἰκότως</span> <span class='ocrx_word' id='word_1_381' title='bbox 1441 1266 1587 1302; x_wconf 75' lang='grc' dir='ltr'>τρυφῶμεν</span> <span class='ocrx_word' id='word_1_382' title='bbox 1611 1265 1726 1300; x_wconf 66' lang='grc' dir='ltr'>τρυςρήν.</span> <span class='ocrx_word' id='word_1_383' title='bbox 1761 1262 1840 1290; x_wconf 74' lang='grc' dir='ltr'>Ἄλλά</span> <span class='ocrx_word' id='word_1_384' title='bbox 1859 1261 1902 1288; x_wconf 74' lang='grc' dir='ltr'>καὶ</span> 
     </span>
    </p>
   </div>
   <div class='ocr_carea' id='block_1_55' title="bbox 1121 1310 1903 1349">
    <p class='ocr_par' dir='ltr' id='par_1_55' title="bbox 1121 1310 1903 1349">
     <span class='ocr_line' id='line_1_55' title="bbox 1121 1310 1903 1349; baseline -0.006 -9"><span class='ocrx_word' id='word_1_385' title='bbox 1121 1314 1210 1341; x_wconf 83' lang='grc' dir='ltr'>πίστει</span> <span class='ocrx_word' id='word_1_386' title='bbox 1226 1314 1273 1340; x_wconf 84' lang='grc' dir='ltr'>τοῦ</span> <span class='ocrx_word' id='word_1_387' title='bbox 1285 1312 1399 1349; x_wconf 83' lang='grc' dir='ltr'>αἳματος</span> <span class='ocrx_word' id='word_1_388' title='bbox 1414 1312 1506 1343; x_wconf 81' lang='grc' dir='ltr'>αὐτοῦ,</span> <span class='ocrx_word' id='word_1_389' title='bbox 1518 1312 1532 1338; x_wconf 86' lang='grc' dir='ltr'><strong>ὃ</strong></span> <span class='ocrx_word' id='word_1_390' title='bbox 1542 1312 1573 1347; x_wconf 86' lang='grc' dir='ltr'>δὴ</span> <span class='ocrx_word' id='word_1_391' title='bbox 1586 1311 1682 1346; x_wconf 80' lang='grc' dir='ltr'>λύτρον</span> <span class='ocrx_word' id='word_1_392' title='bbox 1695 1310 1766 1345; x_wconf 79' lang='grc' dir='ltr'>ὑπὲρ</span> <span class='ocrx_word' id='word_1_393' title='bbox 1780 1310 1828 1344; x_wconf 77' lang='grc' dir='ltr'>τῆς</span> <span class='ocrx_word' id='word_1_394' title='bbox 1844 1310 1903 1344; x_wconf 57' lang='grc' dir='ltr'>ήμε.</span> 
     </span>
    </p>
   </div>
   <div class='ocr_carea' id='block_1_56' title="bbox 1120 1356 1902 1397">
    <p class='ocr_par' dir='ltr' id='par_1_56' title="bbox 1120 1356 1902 1397">
     <span class='ocr_line' id='line_1_56' title="bbox 1120 1356 1902 1397; baseline -0.008 -8"><span class='ocrx_word' id='word_1_395' title='bbox 1120 1363 1204 1397; x_wconf 83' lang='grc' dir='ltr'>τέρας</span> <span class='ocrx_word' id='word_1_396' title='bbox 1219 1361 1378 1389; x_wconf 80' lang='grc' dir='ltr'>ἀντιδέδωκε</span> <span class='ocrx_word' id='word_1_397' title='bbox 1402 1360 1555 1396; x_wconf 81' lang='grc' dir='ltr'>σωτηρίας,</span> <span class='ocrx_word' id='word_1_398' title='bbox 1570 1360 1633 1390; x_wconf 82' lang='grc' dir='ltr'>τοὺς</span> <span class='ocrx_word' id='word_1_399' title='bbox 1648 1358 1738 1394; x_wconf 71' lang='grc' dir='ltr'>ψυχῆς</span> <span class='ocrx_word' id='word_1_400' title='bbox 1766 1358 1852 1388; x_wconf 73' lang='grc' dir='ltr'>οἴκους</span> <span class='ocrx_word' id='word_1_401' title='bbox 1872 1356 1902 1383; x_wconf 73' lang='grc' dir='ltr'>τὰ</span> 
     </span>
    </p>
   </div>
   <div class='ocr_carea' id='block_1_57' title="bbox 1121 1403 1902 1443">
    <p class='ocr_par' dir='ltr' id='par_1_57' title="bbox 1121 1403 1902 1443">
     <span class='ocr_line' id='line_1_57' title="bbox 1121 1403 1902 1443; baseline -0.008 -9"><span class='ocrx_word' id='word_1_402' title='bbox 1121 1407 1234 1443; x_wconf 86' lang='grc' dir='ltr'>σώματα</span> <span class='ocrx_word' id='word_1_403' title='bbox 1246 1415 1351 1442; x_wconf 81' lang='grc' dir='ltr'>καταση</span> <span class='ocrx_word' id='word_1_404' title='bbox 1356 1407 1522 1442; x_wconf 85' lang='grc' dir='ltr'>μαινόμενοι,</span> <span class='ocrx_word' id='word_1_405' title='bbox 1537 1406 1593 1432; x_wconf 74' lang='grc' dir='ltr'><strong>πᾶν</strong></span> <span class='ocrx_word' id='word_1_406' title='bbox 1604 1405 1681 1439; x_wconf 81' lang='grc' dir='ltr'>γένος</span> <span class='ocrx_word' id='word_1_407' title='bbox 1697 1404 1831 1439; x_wconf 82' lang='grc' dir='ltr'>δαιμόνων</span> <span class='ocrx_word' id='word_1_408' title='bbox 1845 1403 1902 1429; x_wconf 77' lang='grc' dir='ltr'>ἐπι-</span> 
     </span>
    </p>
   </div>
   <div class='ocr_carea' id='block_1_58' title="bbox 1121 1448 1903 1486">
    <p class='ocr_par' dir='ltr' id='par_1_58' title="bbox 1121 1448 1903 1486">
     <span class='ocr_line' id='line_1_58' title="bbox 1121 1448 1903 1486; baseline -0.005 -7"><span class='ocrx_word' id='word_1_409' title='bbox 1121 1453 1224 1479; x_wconf 77' lang='grc' dir='ltr'>ϐούλων</span> <span class='ocrx_word' id='word_1_410' title='bbox 1235 1453 1265 1484; x_wconf 81' lang='grc' dir='ltr'>ἐξ</span> <span class='ocrx_word' id='word_1_411' title='bbox 1284 1452 1389 1479; x_wconf 82' lang='grc' dir='ltr'>ἑαυτῶν</span> <span class='ocrx_word' id='word_1_412' title='bbox 1403 1451 1591 1486; x_wconf 75' lang='grc' dir='ltr'>ἀπελαύνομεν</span> <span class='ocrx_word' id='word_1_413' title='bbox 1601 1458 1608 1464; x_wconf 94' lang='grc'><strong>·</strong></span> <span class='ocrx_word' id='word_1_414' title='bbox 1625 1451 1673 1477; x_wconf 78' lang='grc' dir='ltr'><strong>καὶ</strong></span> <span class='ocrx_word' id='word_1_415' title='bbox 1688 1449 1738 1486; x_wconf 77' lang='grc' dir='ltr'>τὴν</span> <span class='ocrx_word' id='word_1_416' title='bbox 1756 1449 1809 1476; x_wconf 87' lang='grc' dir='ltr'><strong>τῶν</strong></span> <span class='ocrx_word' id='word_1_417' title='bbox 1820 1448 1903 1476; x_wconf 77' lang='grc' dir='ltr'>διαὸσν</span> 
     </span>
    </p>
   </div>
   <div class='ocr_carea' id='block_1_59' title="bbox 1119 1495 1902 1535">
    <p class='ocr_par' dir='ltr' id='par_1_59' title="bbox 1119 1495 1902 1535">
     <span class='ocr_line' id='line_1_59' title="bbox 1119 1495 1902 1535; baseline -0.006 -9"><span class='ocrx_word' id='word_1_418' title='bbox 1119 1500 1221 1535; x_wconf 87' lang='grc' dir='ltr'>τηρίων</span> <span class='ocrx_word' id='word_1_419' title='bbox 1236 1499 1332 1535; x_wconf 81' lang='grc' dir='ltr'>ἑορτὴν</span> <span class='ocrx_word' id='word_1_420' title='bbox 1353 1498 1548 1531; x_wconf 75' lang='grc' dir='ltr'>ἐπιτελοῦντες,</span> <span class='ocrx_word' id='word_1_421' title='bbox 1575 1497 1721 1525; x_wconf 82' lang='grc' dir='ltr'>διαϐαίνειν</span> <span class='ocrx_word' id='word_1_422' title='bbox 1755 1495 1902 1532; x_wconf 75' lang='grc' dir='ltr'>μελετῶμεν</span> 
     </span>
    </p>
   </div>
   <div class='ocr_carea' id='block_1_60' title="bbox 1120 1537 1903 1578">
    <p class='ocr_par' dir='ltr' id='par_1_60' title="bbox 1120 1537 1903 1578">
     <span class='ocr_line' id='line_1_60' title="bbox 1120 1537 1903 1578; baseline -0.005 -8"><span class='ocrx_word' id='word_1_423' title='bbox 1120 1544 1166 1570; x_wconf 76' lang='grc' dir='ltr'><strong>ἐπὶ</strong></span> <span class='ocrx_word' id='word_1_424' title='bbox 1182 1543 1215 1572; x_wconf 77' lang='grc' dir='ltr'><strong>τὰ</strong></span> <span class='ocrx_word' id='word_1_425' title='bbox 1231 1544 1300 1577; x_wconf 81' lang='grc' dir='ltr'>θεῖα,</span> <span class='ocrx_word' id='word_1_426' title='bbox 1318 1544 1355 1575; x_wconf 80' lang='grc' dir='ltr'>ὼς</span> <span class='ocrx_word' id='word_1_427' title='bbox 1370 1543 1453 1570; x_wconf 85' lang='grc' dir='ltr'>πάλαι</span> <span class='ocrx_word' id='word_1_428' title='bbox 1465 1543 1515 1578; x_wconf 80' lang='grc' dir='ltr'>τῆς</span> <span class='ocrx_word' id='word_1_429' title='bbox 1539 1542 1676 1576; x_wconf 74' lang='grc' dir='ltr'>Αἰγύπτου</span> <span class='ocrx_word' id='word_1_430' title='bbox 1692 1537 1903 1577; x_wconf 74' lang='grc' dir='ltr'>μεταϐἒϐηκὸτες</span> 
     </span>
    </p>
   </div>
   <div class='ocr_carea' id='block_1_61' title="bbox 285 1584 1071 1629">
    <p class='ocr_par' dir='ltr' id='par_1_61' title="bbox 285 1585 1067 1620">
     <span class='ocr_line' id='line_1_61' title="bbox 285 1585 1067 1620; baseline -0.001 -6"><span class='ocrx_word' id='word_1_431' title='bbox 285 1586 386 1614; x_wconf 88' lang='lat' dir='ltr'><strong>luvium</strong></span> <span class='ocrx_word' id='word_1_432' title='bbox 397 1586 534 1620; x_wconf 80' lang='lat' dir='ltr'><strong>quoddam</strong></span> <span class='ocrx_word' id='word_1_433' title='bbox 545 1585 737 1619; x_wconf 84' lang='lat' dir='ltr'><strong>desertumque</strong></span> <span class='ocrx_word' id='word_1_434' title='bbox 751 1592 766 1611; x_wconf 81' lang='lat' dir='ltr'><strong>a</strong></span> <span class='ocrx_word' id='word_1_435' title='bbox 778 1585 870 1612; x_wconf 86' lang='lat' dir='ltr'><strong>multis</strong></span> <span class='ocrx_word' id='word_1_436' title='bbox 880 1585 930 1612; x_wconf 85' lang='lat' dir='ltr'><strong>iter</strong></span> <span class='ocrx_word' id='word_1_437' title='bbox 942 1585 1067 1617; x_wconf 79' lang='lat' dir='ltr'><strong>facimus.</strong></span> 
     </span>
    </p>
   </div>
   <div class='ocr_carea' id='block_1_62' title="bbox 1122 1584 1904 1629">
    <p class='ocr_par' dir='ltr' id='par_1_62' title="bbox 1122 1584 1904 1624">
     <span class='ocr_line' id='line_1_62' title="bbox 1122 1584 1904 1624; baseline -0.008 -8"><span class='ocrx_word' id='word_1_438' title='bbox 1122 1589 1167 1616; x_wconf 73' lang='grc' dir='ltr'><strong>ἐπὶ</strong></span> <span class='ocrx_word' id='word_1_439' title='bbox 1182 1591 1230 1623; x_wconf 75' lang='grc' dir='ltr'>τὴν</span> <span class='ocrx_word' id='word_1_440' title='bbox 1245 1589 1356 1624; x_wconf 77' lang='grc' dir='ltr'>ἔρημον.</span> <span class='ocrx_word' id='word_1_441' title='bbox 1373 1589 1464 1624; x_wconf 84' lang='grc' dir='ltr'>Ταύτῃ</span> <span class='ocrx_word' id='word_1_442' title='bbox 1484 1588 1549 1622; x_wconf 83' lang='grc' dir='ltr'>γοῦν</span> <span class='ocrx_word' id='word_1_443' title='bbox 1568 1587 1614 1614; x_wconf 79' lang='grc' dir='ltr'>καὶ</span> <span class='ocrx_word' id='word_1_444' title='bbox 1627 1587 1707 1622; x_wconf 84' lang='grc' dir='ltr'>ἡμεῖς</span> <span class='ocrx_word' id='word_1_445' title='bbox 1724 1584 1826 1622; x_wconf 77' lang='grc' dir='ltr'>ἀτριϐῆ</span> <span class='ocrx_word' id='word_1_446' title='bbox 1849 1591 1904 1610; x_wconf 85' lang='grc' dir='ltr'>τινα</span> 
     </span>
    </p>
   </div>
   <div class='ocr_carea' id='block_1_63' title="bbox 285 1631 1069 1667">
    <p class='ocr_par' dir='ltr' id='par_1_63' title="bbox 285 1631 1069 1667">
     <span class='ocr_line' id='line_1_63' title="bbox 285 1631 1069 1667; baseline 0.001 -10"><span class='ocrx_word' id='word_1_447' title='bbox 285 1638 362 1660; x_wconf 71' lang='lat' dir='ltr'><strong>vetus</strong></span> <span class='ocrx_word' id='word_1_448' title='bbox 374 1631 517 1667; x_wconf 73' lang='lat' dir='ltr'><strong>irreligiosi</strong></span> <span class='ocrx_word' id='word_1_449' title='bbox 534 1632 636 1659; x_wconf 86' lang='lat' dir='ltr'><strong>erroris</strong></span> <span class='ocrx_word' id='word_1_450' title='bbox 653 1631 816 1659; x_wconf 89' lang='lat' dir='ltr'><strong>fermenttnn</strong></span> <span class='ocrx_word' id='word_1_451' title='bbox 830 1632 920 1658; x_wconf 88' lang='lat' dir='ltr'><strong>anima</strong></span> <span class='ocrx_word' id='word_1_452' title='bbox 934 1631 1069 1666; x_wconf 76' lang='lat' dir='ltr'><strong>expellen-</strong></span> 
     </span>
    </p>
   </div>
   <div class='ocr_carea' id='block_1_64' title="bbox 284 1678 1070 1715">
    <p class='ocr_par' dir='ltr' id='par_1_64' title="bbox 284 1678 1070 1715">
     <span class='ocr_line' id='line_1_64' title="bbox 284 1678 1070 1715; baseline -0.006 -6"><span class='ocrx_word' id='word_1_453' title='bbox 284 1686 336 1715; x_wconf 88' lang='lat' dir='ltr'><strong>tes,</strong></span> <span class='ocrx_word' id='word_1_454' title='bbox 359 1687 479 1715; x_wconf 86' lang='lat' dir='ltr'><strong>veraque</strong></span> <span class='ocrx_word' id='word_1_455' title='bbox 500 1679 591 1713; x_wconf 86' lang='lat' dir='ltr'><strong>intyba</strong></span> <span class='ocrx_word' id='word_1_456' title='bbox 607 1687 700 1706; x_wconf 86' lang='lat' dir='ltr'><strong>amaro</strong></span> <span class='ocrx_word' id='word_1_457' title='bbox 724 1682 752 1706; x_wconf 89' lang='lat' dir='ltr'><strong>et</strong></span> <span class='ocrx_word' id='word_1_458' title='bbox 769 1679 875 1706; x_wconf 82' lang='lat' dir='ltr'><strong>insuavi</strong></span> <span class='ocrx_word' id='word_1_459' title='bbox 900 1678 971 1705; x_wconf 88' lang='lat' dir='ltr'><strong>victu</strong></span> <span class='ocrx_word' id='word_1_460' title='bbox 991 1678 1070 1706; x_wconf 85' lang='lat' dir='ltr'><strong>simul</strong></span> 
     </span>
    </p>
   </div>
   <div class='ocr_carea' id='block_1_65' title="bbox 284 1723 1070 1761">
    <p class='ocr_par' dir='ltr' id='par_1_65' title="bbox 284 1723 1070 1761">
     <span class='ocr_line' id='line_1_65' title="bbox 284 1723 1070 1761; baseline -0.006 -7"><span class='ocrx_word' id='word_1_461' title='bbox 284 1731 461 1761; x_wconf 73' lang='lat' dir='ltr'><strong>opponentes.</strong></span> <span class='ocrx_word' id='word_1_462' title='bbox 480 1725 600 1761; x_wconf 84' lang='lat' dir='ltr'><strong>Tempus</strong></span> <span class='ocrx_word' id='word_1_463' title='bbox 623 1731 734 1759; x_wconf 88' lang='lat' dir='ltr'><strong>quoque</strong></span> <span class='ocrx_word' id='word_1_464' title='bbox 749 1723 929 1751; x_wconf 84' lang='lat' dir='ltr'><strong>solemnitatis</strong></span> <span class='ocrx_word' id='word_1_465' title='bbox 942 1728 1070 1757; x_wconf 86' lang='lat' dir='ltr'><strong>opportu-</strong></span> 
     </span>
    </p>
   </div>
   <div class='ocr_carea' id='block_1_66' title="bbox 285 1769 1070 1804">
    <p class='ocr_par' dir='ltr' id='par_1_66' title="bbox 285 1769 1070 1804">
     <span class='ocr_line' id='line_1_66' title="bbox 285 1769 1070 1804; baseline -0.004 -4"><span class='ocrx_word' id='word_1_466' title='bbox 285 1780 348 1800; x_wconf 90' lang='lat' dir='ltr'><strong>num</strong></span> <span class='ocrx_word' id='word_1_467' title='bbox 363 1776 416 1804; x_wconf 84' lang='lat' dir='ltr'><strong>est,</strong></span> <span class='ocrx_word' id='word_1_468' title='bbox 431 1770 501 1798; x_wconf 88' lang='lat' dir='ltr'><strong>haud</strong></span> <span class='ocrx_word' id='word_1_469' title='bbox 519 1770 545 1797; x_wconf 90' lang='lat' dir='ltr'><strong>in</strong></span> <span class='ocrx_word' id='word_1_470' title='bbox 567 1770 685 1798; x_wconf 90' lang='lat' dir='ltr'><strong>medium</strong></span> <span class='ocrx_word' id='word_1_471' title='bbox 703 1769 819 1797; x_wconf 86' lang='lat' dir='ltr'><strong>hiemem</strong></span> <span class='ocrx_word' id='word_1_472' title='bbox 838 1769 989 1801; x_wconf 79' lang='lat' dir='ltr'><strong>incurrens,</strong></span> <span class='ocrx_word' id='word_1_473' title='bbox 1010 1778 1070 1804; x_wconf 67' lang='lat' dir='ltr'><strong>quae</strong></span> 
     </span>
    </p>
   </div>
   <div class='ocr_carea' id='block_1_67' title="bbox 284 1816 1069 1852">
    <p class='ocr_par' dir='ltr' id='par_1_67' title="bbox 284 1816 1069 1852">
     <span class='ocr_line' id='line_1_67' title="bbox 284 1816 1069 1852; baseline -0.005 -6"><span class='ocrx_word' id='word_1_474' title='bbox 284 1818 370 1847; x_wconf 77' lang='lat' dir='ltr'><strong>tristis</strong></span> <span class='ocrx_word' id='word_1_475' title='bbox 400 1821 458 1851; x_wconf 87' lang='lat' dir='ltr'><strong>est;</strong></span> <span class='ocrx_word' id='word_1_476' title='bbox 489 1824 577 1852; x_wconf 87' lang='lat' dir='ltr'><strong>neque</strong></span> <span class='ocrx_word' id='word_1_477' title='bbox 602 1816 720 1844; x_wconf 83' lang='lat' dir='ltr'><strong>vicissim</strong></span> <span class='ocrx_word' id='word_1_478' title='bbox 745 1816 771 1842; x_wconf 91' lang='lat' dir='ltr'><strong>in</strong></span> <span class='ocrx_word' id='word_1_479' title='bbox 797 1816 912 1842; x_wconf 81' lang='lat' dir='ltr'><strong>mediam</strong></span> <span class='ocrx_word' id='word_1_480' title='bbox 934 1821 1069 1848; x_wconf 83' lang='lat' dir='ltr'><strong>aestatem,</strong></span> 
     </span>
    </p>
   </div>
   <div class='ocr_carea' id='block_1_68' title="bbox 284 1862 1069 1900">
    <p class='ocr_par' dir='ltr' id='par_1_68' title="bbox 284 1862 1069 1900">
     <span class='ocr_line' id='line_1_68' title="bbox 284 1862 1069 1900; baseline -0.005 -8"><span class='ocrx_word' id='word_1_481' title='bbox 284 1872 339 1900; x_wconf 91' lang='lat' dir='ltr'><strong>quo</strong></span> <span class='ocrx_word' id='word_1_482' title='bbox 366 1869 488 1899; x_wconf 89' lang='lat' dir='ltr'><strong>tempore</strong></span> <span class='ocrx_word' id='word_1_483' title='bbox 513 1863 620 1891; x_wconf 82' lang='lat' dir='ltr'><strong>fervens</strong></span> <span class='ocrx_word' id='word_1_484' title='bbox 650 1862 816 1894; x_wconf 85' lang='lat' dir='ltr'><strong>solstitium,</strong></span> <span class='ocrx_word' id='word_1_485' title='bbox 847 1862 1012 1889; x_wconf 74' lang='lat' dir='ltr'><strong>venantium</strong></span> <span class='ocrx_word' id='word_1_486' title='bbox 1043 1862 1069 1889; x_wconf 91' lang='lat' dir='ltr'><strong>in</strong></span> 
     </span>
    </p>
   </div>
   <div class='ocr_carea' id='block_1_69' title="bbox 284 1907 1072 1947">
    <p class='ocr_par' dir='ltr' id='par_1_69' title="bbox 284 1907 1072 1947">
     <span class='ocr_line' id='line_1_69' title="bbox 284 1907 1072 1947; baseline -0.005 -8"><span class='ocrx_word' id='word_1_487' title='bbox 284 1911 358 1947; x_wconf 79' lang='lat' dir='ltr'><strong>agris</strong></span> <span class='ocrx_word' id='word_1_488' title='bbox 373 1915 541 1938; x_wconf 88' lang='lat' dir='ltr'><strong>venustatem</strong></span> <span class='ocrx_word' id='word_1_489' title='bbox 558 1909 671 1940; x_wconf 80' lang='lat' dir='ltr'><strong>deterit;</strong></span> <span class='ocrx_word' id='word_1_490' title='bbox 693 1908 773 1935; x_wconf 89' lang='lat' dir='ltr'><strong>nimis</strong></span> <span class='ocrx_word' id='word_1_491' title='bbox 793 1909 858 1935; x_wconf 91' lang='lat' dir='ltr'><strong>item</strong></span> <span class='ocrx_word' id='word_1_492' title='bbox 881 1907 992 1942; x_wconf 61' lang='lat' dir='ltr'><strong>prolixa;</strong></span> <span class='ocrx_word' id='word_1_493' title='bbox 1007 1913 1072 1936; x_wconf 85' lang='lat' dir='ltr'><strong>sunt</strong></span> 
     </span>
    </p>
   </div>
   <div class='ocr_carea' id='block_1_70' title="bbox 285 1953 1071 1989">
    <p class='ocr_par' dir='ltr' id='par_1_70' title="bbox 285 1953 1071 1989">
     <span class='ocr_line' id='line_1_70' title="bbox 285 1953 1071 1989; baseline -0.003 -5"><span class='ocrx_word' id='word_1_494' title='bbox 285 1957 370 1989; x_wconf 73' lang='lat' dir='ltr'><strong>hora‘,</strong></span> <span class='ocrx_word' id='word_1_495' title='bbox 400 1955 473 1983; x_wconf 88' lang='lat' dir='ltr'><strong>haud</strong></span> <span class='ocrx_word' id='word_1_496' title='bbox 503 1955 588 1988; x_wconf 68' lang='lat' dir='ltr'><strong>aequis</strong></span> <span class='ocrx_word' id='word_1_497' title='bbox 614 1954 734 1989; x_wconf 88' lang='lat' dir='ltr'><strong>partibus</strong></span> <span class='ocrx_word' id='word_1_498' title='bbox 766 1953 868 1981; x_wconf 63' lang='lat' dir='ltr'><strong>divisas.</strong></span> <span class='ocrx_word' id='word_1_499' title='bbox 898 1953 950 1981; x_wconf 86' lang='lat' dir='ltr'><strong>Sed</strong></span> <span class='ocrx_word' id='word_1_500' title='bbox 985 1962 1071 1989; x_wconf 80' lang='lat' dir='ltr'><strong>neque</strong></span> 
     </span>
    </p>
   </div>
   <div class='ocr_carea' id='block_1_71' title="bbox 285 2000 1070 2036">
    <p class='ocr_par' dir='ltr' id='par_1_71' title="bbox 285 2000 1070 2036">
     <span class='ocr_line' id='line_1_71' title="bbox 285 2000 1070 2036; baseline -0.001 -7"><span class='ocrx_word' id='word_1_501' title='bbox 285 2001 439 2029; x_wconf 82' lang='lat' dir='ltr'><strong>autumnale</strong></span> <span class='ocrx_word' id='word_1_502' title='bbox 462 2001 653 2034; x_wconf 64' lang='lat' dir='ltr'><strong>aqninoctium</strong></span> <span class='ocrx_word' id='word_1_503' title='bbox 673 2000 821 2034; x_wconf 86' lang='lat' dir='ltr'><strong>jucundum</strong></span> <span class='ocrx_word' id='word_1_504' title='bbox 850 2005 989 2034; x_wconf 85' lang='lat' dir='ltr'><strong>aspectum</strong></span> <span class='ocrx_word' id='word_1_505' title='bbox 1014 2008 1070 2036; x_wconf 69' lang='lat' dir='ltr'><strong>prae</strong></span> 
     </span>
    </p>
   </div>
   <div class='ocr_carea' id='block_1_72' title="bbox 284 2045 1069 2081">
    <p class='ocr_par' dir='ltr' id='par_1_72' title="bbox 284 2045 1069 2081">
     <span class='ocr_line' id='line_1_72' title="bbox 284 2045 1069 2081; baseline -0.001 -6"><span class='ocrx_word' id='word_1_506' title='bbox 284 2055 315 2075; x_wconf 77' lang='lat' dir='ltr'><strong>se</strong></span> <span class='ocrx_word' id='word_1_507' title='bbox 331 2047 401 2078; x_wconf 88' lang='lat' dir='ltr'><strong>fert,</strong></span> <span class='ocrx_word' id='word_1_508' title='bbox 420 2047 531 2073; x_wconf 90' lang='lat' dir='ltr'><strong>viduato</strong></span> <span class='ocrx_word' id='word_1_509' title='bbox 546 2053 622 2080; x_wconf 84' lang='lat' dir='ltr'><strong>agro,</strong></span> <span class='ocrx_word' id='word_1_510' title='bbox 649 2051 677 2072; x_wconf 87' lang='lat' dir='ltr'><strong>et</strong></span> <span class='ocrx_word' id='word_1_511' title='bbox 701 2045 758 2072; x_wconf 85' lang='lat' dir='ltr'><strong>suis</strong></span> <span class='ocrx_word' id='word_1_512' title='bbox 784 2045 915 2073; x_wconf 87' lang='lat' dir='ltr'><strong>fructibus</strong></span> <span class='ocrx_word' id='word_1_513' title='bbox 943 2052 1069 2081; x_wconf 86' lang='lat' dir='ltr'><strong>tanquam</strong></span> 
     </span>
    </p>
   </div>
   <div class='ocr_carea' id='block_1_73' title="bbox 286 2091 1070 2127">
    <p class='ocr_par' dir='ltr' id='par_1_73' title="bbox 286 2091 1070 2127">
     <span class='ocr_line' id='line_1_73' title="bbox 286 2091 1070 2127; baseline 0 -8"><span class='ocrx_word' id='word_1_514' title='bbox 286 2092 349 2119; x_wconf 87' lang='lat' dir='ltr'><strong>liliis</strong></span> <span class='ocrx_word' id='word_1_515' title='bbox 379 2092 504 2126; x_wconf 84' lang='lat' dir='ltr'><strong>spoliato.</strong></span> <span class='ocrx_word' id='word_1_516' title='bbox 529 2091 657 2125; x_wconf 79' lang='lat' dir='ltr'><strong>Superest</strong></span> <span class='ocrx_word' id='word_1_517' title='bbox 688 2099 721 2119; x_wconf 77' lang='lat' dir='ltr'><strong>ex</strong></span> <span class='ocrx_word' id='word_1_518' title='bbox 745 2092 787 2119; x_wconf 90' lang='lat' dir='ltr'><strong>his</strong></span> <span class='ocrx_word' id='word_1_519' title='bbox 817 2093 878 2120; x_wconf 85' lang='lat' dir='ltr'><strong>anni</strong></span> <span class='ocrx_word' id='word_1_520' title='bbox 906 2094 1070 2127; x_wconf 79' lang='lat' dir='ltr'><strong>temporibus</strong></span> 
     </span>
    </p>
   </div>
   <div class='ocr_carea' id='block_1_74' title="bbox 285 2137 1071 2174">
    <p class='ocr_par' dir='ltr' id='par_1_74' title="bbox 285 2137 1071 2174">
     <span class='ocr_line' id='line_1_74' title="bbox 285 2137 1071 2174; baseline 0.001 -9"><span class='ocrx_word' id='word_1_521' title='bbox 285 2138 376 2166; x_wconf 62' lang='lat' dir='ltr'><strong>Icelum</strong></span> <span class='ocrx_word' id='word_1_522' title='bbox 392 2145 450 2170; x_wconf 86' lang='lat' dir='ltr'><strong>ver,</strong></span> <span class='ocrx_word' id='word_1_523' title='bbox 471 2137 541 2171; x_wconf 83' lang='lat' dir='ltr'><strong>quod</strong></span> <span class='ocrx_word' id='word_1_524' title='bbox 565 2137 648 2164; x_wconf 89' lang='lat' dir='ltr'><strong>totius</strong></span> <span class='ocrx_word' id='word_1_525' title='bbox 672 2137 747 2169; x_wconf 88' lang='lat' dir='ltr'><strong>anni,</strong></span> <span class='ocrx_word' id='word_1_526' title='bbox 769 2145 817 2164; x_wconf 89' lang='lat' dir='ltr'><strong>ceu</strong></span> <span class='ocrx_word' id='word_1_527' title='bbox 842 2139 965 2173; x_wconf 86' lang='lat' dir='ltr'><strong>corporis</strong></span> <span class='ocrx_word' id='word_1_528' title='bbox 990 2144 1071 2174; x_wconf 85' lang='lat' dir='ltr'><strong>caput</strong></span> 
     </span>
    </p>
   </div>
   <div class='ocr_carea' id='block_1_75' title="bbox 284 2182 1068 2217">
    <p class='ocr_par' dir='ltr' id='par_1_75' title="bbox 284 2182 1068 2217">
     <span class='ocr_line' id='line_1_75' title="bbox 284 2182 1068 2217; baseline 0 -7"><span class='ocrx_word' id='word_1_529' title='bbox 284 2188 336 2216; x_wconf 86' lang='lat' dir='ltr'><strong>est,</strong></span> <span class='ocrx_word' id='word_1_530' title='bbox 354 2190 416 2210; x_wconf 87' lang='lat' dir='ltr'><strong>cum</strong></span> <span class='ocrx_word' id='word_1_531' title='bbox 437 2183 476 2210; x_wconf 88' lang='lat' dir='ltr'><strong>sol</strong></span> <span class='ocrx_word' id='word_1_532' title='bbox 499 2183 613 2217; x_wconf 82' lang='lat' dir='ltr'><strong>primum</strong></span> <span class='ocrx_word' id='word_1_533' title='bbox 638 2182 718 2210; x_wconf 88' lang='lat' dir='ltr'><strong>stadii</strong></span> <span class='ocrx_word' id='word_1_534' title='bbox 745 2183 786 2210; x_wconf 84' lang='lat' dir='ltr'><strong>sui</strong></span> <span class='ocrx_word' id='word_1_535' title='bbox 808 2189 912 2217; x_wconf 82' lang='lat' dir='ltr'><strong>partem</strong></span> <span class='ocrx_word' id='word_1_536' title='bbox 938 2183 1068 2214; x_wconf 86' lang='lat' dir='ltr'><strong>decurrit.</strong></span> 
     </span>
    </p>
   </div>
   <div class='ocr_carea' id='block_1_76' title="bbox 284 2229 1070 2268">
    <p class='ocr_par' dir='ltr' id='par_1_76' title="bbox 284 2229 1070 2268">
     <span class='ocr_line' id='line_1_76' title="bbox 284 2229 1070 2268; baseline -0.001 -10"><span class='ocrx_word' id='word_1_537' title='bbox 284 2231 347 2258; x_wconf 87' lang='lat' dir='ltr'><strong>luna</strong></span> <span class='ocrx_word' id='word_1_538' title='bbox 367 2234 457 2257; x_wconf 89' lang='lat' dir='ltr'><strong>autem</strong></span> <span class='ocrx_word' id='word_1_539' title='bbox 471 2229 581 2268; x_wconf 78' lang='lat' dir='ltr'><strong>pariter</strong></span> <span class='ocrx_word' id='word_1_540' title='bbox 599 2229 676 2264; x_wconf 88' lang='lat' dir='ltr'><strong>pleno</strong></span> <span class='ocrx_word' id='word_1_541' title='bbox 698 2229 773 2257; x_wconf 86' lang='lat' dir='ltr'><strong>orbis</strong></span> <span class='ocrx_word' id='word_1_542' title='bbox 796 2230 838 2257; x_wconf 82' lang='lat' dir='ltr'><strong>sui</strong></span> <span class='ocrx_word' id='word_1_543' title='bbox 863 2230 963 2257; x_wconf 84' lang='lat' dir='ltr'><strong>lumine</strong></span> <span class='ocrx_word' id='word_1_544' title='bbox 983 2230 1070 2258; x_wconf 88' lang='lat' dir='ltr'><strong>noctis</strong></span> 
     </span>
    </p>
   </div>
   <div class='ocr_carea' id='block_1_77' title="bbox 1123 1629 1905 1671">
    <p class='ocr_par' dir='ltr' id='par_1_77' title="bbox 1123 1629 1905 1671">
     <span class='ocr_line' id='line_1_77' title="bbox 1123 1629 1905 1671; baseline -0.009 -8"><span class='ocrx_word' id='word_1_545' title='bbox 1123 1636 1170 1663; x_wconf 74' lang='grc' dir='ltr'>καὶ</span> <span class='ocrx_word' id='word_1_546' title='bbox 1186 1635 1288 1671; x_wconf 76' lang='grc' dir='ltr'>ἔρημον</span> <span class='ocrx_word' id='word_1_547' title='bbox 1300 1636 1355 1666; x_wconf 84' lang='grc' dir='ltr'>τοῖς</span> <span class='ocrx_word' id='word_1_548' title='bbox 1364 1634 1470 1666; x_wconf 77' lang='grc' dir='ltr'>πολλοῖς</span> <span class='ocrx_word' id='word_1_549' title='bbox 1482 1632 1645 1668; x_wconf 82' lang='grc' dir='ltr'>στελλόμεθα</span> <span class='ocrx_word' id='word_1_550' title='bbox 1658 1631 1784 1668; x_wconf 72' lang='grc' dir='ltr'>πορείαν,</span> <span class='ocrx_word' id='word_1_551' title='bbox 1797 1629 1905 1657; x_wconf 82' lang='grc' dir='ltr'>παλαιὰν</span> 
     </span>
    </p>
   </div>
   <div class='ocr_carea' id='block_1_78' title="bbox 1124 1676 1905 1717">
    <p class='ocr_par' dir='ltr' id='par_1_78' title="bbox 1124 1676 1905 1717">
     <span class='ocr_line' id='line_1_78' title="bbox 1124 1676 1905 1717; baseline -0.008 -9"><span class='ocrx_word' id='word_1_552' title='bbox 1124 1681 1211 1717; x_wconf 81' lang='grc' dir='ltr'>ζύμην</span> <span class='ocrx_word' id='word_1_553' title='bbox 1245 1681 1324 1707; x_wconf 81' lang='grc' dir='ltr'>ἀθέου</span> <span class='ocrx_word' id='word_1_554' title='bbox 1352 1681 1454 1716; x_wconf 79' lang='grc' dir='ltr'>πλάνης</span> <span class='ocrx_word' id='word_1_555' title='bbox 1489 1680 1538 1715; x_wconf 80' lang='grc' dir='ltr'>τῆς</span> <span class='ocrx_word' id='word_1_556' title='bbox 1572 1679 1657 1714; x_wconf 81' lang='grc' dir='ltr'>αὐτῆς</span> <span class='ocrx_word' id='word_1_557' title='bbox 1681 1678 1776 1714; x_wconf 78' lang='grc' dir='ltr'>ψυχῆς</span> <span class='ocrx_word' id='word_1_558' title='bbox 1809 1676 1905 1712; x_wconf 84' lang='grc' dir='ltr'>ὲξόριον</span> 
     </span>
    </p>
   </div>
   <div class='ocr_carea' id='block_1_79' title="bbox 1125 1724 1903 1762">
    <p class='ocr_par' dir='ltr' id='par_1_79' title="bbox 1125 1724 1903 1762">
     <span class='ocr_line' id='line_1_79' title="bbox 1125 1724 1903 1762; baseline -0.004 -9"><span class='ocrx_word' id='word_1_559' title='bbox 1125 1727 1295 1762; x_wconf 79' lang='grc' dir='ltr'>ποιούμενοι,</span> <span class='ocrx_word' id='word_1_560' title='bbox 1313 1727 1359 1753; x_wconf 73' lang='grc' dir='ltr'>καὶ</span> <span class='ocrx_word' id='word_1_561' title='bbox 1376 1726 1426 1758; x_wconf 76' lang='grc' dir='ltr'><strong>τὰς</strong></span> <span class='ocrx_word' id='word_1_562' title='bbox 1441 1725 1550 1760; x_wconf 88' lang='grc' dir='ltr'>ἀληθεῖς</span> <span class='ocrx_word' id='word_1_563' title='bbox 1568 1725 1694 1760; x_wconf 79' lang='grc' dir='ltr'>πικρίδας</span> <span class='ocrx_word' id='word_1_564' title='bbox 1719 1724 1768 1751; x_wconf 84' lang='grc' dir='ltr'><strong>διὰ</strong></span> <span class='ocrx_word' id='word_1_565' title='bbox 1791 1724 1840 1758; x_wconf 73' lang='grc' dir='ltr'>τῆς</span> <span class='ocrx_word' id='word_1_566' title='bbox 1863 1730 1903 1748; x_wconf 81' lang='grc' dir='ltr'>πι-</span> 
     </span>
    </p>
   </div>
   <div class='ocr_carea' id='block_1_80' title="bbox 1123 1767 1904 1809">
    <p class='ocr_par' dir='ltr' id='par_1_80' title="bbox 1123 1767 1904 1809">
     <span class='ocr_line' id='line_1_80' title="bbox 1123 1767 1904 1809; baseline -0.006 -10"><span class='ocrx_word' id='word_1_567' title='bbox 1123 1774 1192 1809; x_wconf 77' lang='grc' dir='ltr'>κρᾶς</span> <span class='ocrx_word' id='word_1_568' title='bbox 1213 1773 1259 1799; x_wconf 86' lang='grc' dir='ltr'>καὶ</span> <span class='ocrx_word' id='word_1_569' title='bbox 1281 1772 1407 1807; x_wconf 82' lang='grc' dir='ltr'>ἀλγεινῆς</span> <span class='ocrx_word' id='word_1_570' title='bbox 1435 1771 1539 1806; x_wconf 82' lang='grc' dir='ltr'>διαίτης</span> <span class='ocrx_word' id='word_1_571' title='bbox 1567 1770 1795 1807; x_wconf 77' lang='grc' dir='ltr'>προσφερόμενοι.</span> <span class='ocrx_word' id='word_1_572' title='bbox 1819 1769 1870 1795; x_wconf 79' lang='grc' dir='ltr'><strong>Καὶ</strong></span> <span class='ocrx_word' id='word_1_573' title='bbox 1891 1767 1904 1793; x_wconf 83' lang='grc' dir='ltr'><strong>ό</strong></span> 
     </span>
    </p>
   </div>
   <div class='ocr_carea' id='block_1_81' title="bbox 1123 1814 1904 1855">
    <p class='ocr_par' dir='ltr' id='par_1_81' title="bbox 1123 1814 1904 1855">
     <span class='ocr_line' id='line_1_81' title="bbox 1123 1814 1904 1855; baseline -0.008 -9"><span class='ocrx_word' id='word_1_574' title='bbox 1123 1820 1216 1855; x_wconf 76' lang='grc' dir='ltr'>καιρὸς</span> <span class='ocrx_word' id='word_1_575' title='bbox 1230 1819 1258 1845; x_wconf 79' lang='grc' dir='ltr'>δὲ</span> <span class='ocrx_word' id='word_1_576' title='bbox 1273 1819 1321 1854; x_wconf 81' lang='grc' dir='ltr'>τῆς</span> <span class='ocrx_word' id='word_1_577' title='bbox 1336 1819 1430 1854; x_wconf 73' lang='grc' dir='ltr'>ἑορτῆς</span> <span class='ocrx_word' id='word_1_578' title='bbox 1446 1817 1572 1854; x_wconf 80' lang='grc' dir='ltr'>εὔκαιρος</span> <span class='ocrx_word' id='word_1_579' title='bbox 1583 1838 1590 1849; x_wconf 95' lang='grc'><strong>,</strong></span> <span class='ocrx_word' id='word_1_580' title='bbox 1606 1818 1655 1845; x_wconf 89' lang='grc' dir='ltr'><strong>ούκ</strong></span> <span class='ocrx_word' id='word_1_581' title='bbox 1670 1818 1698 1844; x_wconf 77' lang='grc' dir='ltr'>ὲν</span> <span class='ocrx_word' id='word_1_582' title='bbox 1723 1817 1796 1852; x_wconf 81' lang='grc' dir='ltr'>μέσῃ</span> <span class='ocrx_word' id='word_1_583' title='bbox 1810 1814 1904 1851; x_wconf 83' lang='grc' dir='ltr'>χειμῶ-</span> 
     </span>
    </p>
   </div>
   <div class='ocr_carea' id='block_1_82' title="bbox 1123 1859 1903 1902">
    <p class='ocr_par' dir='ltr' id='par_1_82' title="bbox 1123 1859 1903 1902">
     <span class='ocr_line' id='line_1_82' title="bbox 1123 1859 1903 1902; baseline -0.006 -10"><span class='ocrx_word' id='word_1_584' title='bbox 1123 1875 1167 1897; x_wconf 87' lang='grc' dir='ltr'><strong>νος</strong></span> <span class='ocrx_word' id='word_1_585' title='bbox 1179 1866 1238 1902; x_wconf 66' lang='grc' dir='ltr'><strong>ὥρᾳ</strong></span> <span class='ocrx_word' id='word_1_586' title='bbox 1256 1865 1430 1901; x_wconf 79' lang='grc' dir='ltr'>παρηγμένος</span> <span class='ocrx_word' id='word_1_587' title='bbox 1441 1873 1447 1880; x_wconf 90' lang='grc'>·</span> <span class='ocrx_word' id='word_1_588' title='bbox 1463 1864 1575 1898; x_wconf 84' lang='grc' dir='ltr'>στυγνὸς</span> <span class='ocrx_word' id='word_1_589' title='bbox 1592 1864 1645 1900; x_wconf 83' lang='grc' dir='ltr'><strong>γὰρ</strong></span> <span class='ocrx_word' id='word_1_590' title='bbox 1657 1860 1733 1894; x_wconf 70' lang='grc' dir='ltr'>οὗτος</span> <span class='ocrx_word' id='word_1_591' title='bbox 1744 1871 1754 1878; x_wconf 74' lang='grc' dir='ltr'><strong>ο</strong></span> <span class='ocrx_word' id='word_1_592' title='bbox 1776 1862 1831 1889; x_wconf 83' lang='grc' dir='ltr'>ἀλλ’</span> <span class='ocrx_word' id='word_1_593' title='bbox 1856 1859 1903 1887; x_wconf 71' lang='grc' dir='ltr'>οὐδ’</span> 
     </span>
    </p>
   </div>
   <div class='ocr_carea' id='block_1_83' title="bbox 1124 1905 1903 1946">
    <p class='ocr_par' dir='ltr' id='par_1_83' title="bbox 1124 1905 1903 1946">
     <span class='ocr_line' id='line_1_83' title="bbox 1124 1905 1903 1946; baseline -0.009 -9"><span class='ocrx_word' id='word_1_594' title='bbox 1124 1912 1151 1937; x_wconf 78' lang='grc' dir='ltr'>ἐν</span> <span class='ocrx_word' id='word_1_595' title='bbox 1165 1911 1239 1946; x_wconf 84' lang='grc' dir='ltr'>μέσῳ</span> <span class='ocrx_word' id='word_1_596' title='bbox 1254 1911 1327 1946; x_wconf 81' lang='grc' dir='ltr'>θέρει</span> <span class='ocrx_word' id='word_1_597' title='bbox 1339 1909 1504 1944; x_wconf 81' lang='grc' dir='ltr'>κατάλληλος</span> <span class='ocrx_word' id='word_1_598' title='bbox 1519 1907 1563 1944; x_wconf 80' lang='grc' dir='ltr'>ἦν,</span> <span class='ocrx_word' id='word_1_599' title='bbox 1579 1909 1639 1936; x_wconf 83' lang='grc' dir='ltr'>καθ’</span> <span class='ocrx_word' id='word_1_600' title='bbox 1653 1908 1682 1935; x_wconf 86' lang='grc' dir='ltr'>ὃν</span> <span class='ocrx_word' id='word_1_601' title='bbox 1710 1909 1726 1943; x_wconf 86' lang='grc' dir='ltr'><strong>ἡ</strong></span> <span class='ocrx_word' id='word_1_602' title='bbox 1754 1906 1839 1943; x_wconf 80' lang='grc' dir='ltr'>τροπὴ</span> <span class='ocrx_word' id='word_1_603' title='bbox 1853 1905 1903 1940; x_wconf 70' lang='grc'><strong>(24)</strong></span> 
     </span>
    </p>
   </div>
   <div class='ocr_carea' id='block_1_84' title="bbox 1124 1953 1904 1992">
    <p class='ocr_par' dir='ltr' id='par_1_84' title="bbox 1124 1953 1904 1992">
     <span class='ocr_line' id='line_1_84' title="bbox 1124 1953 1904 1992; baseline -0.008 -8"><span class='ocrx_word' id='word_1_604' title='bbox 1124 1957 1335 1992; x_wconf 79' lang='grc' dir='ltr'>φλεγμαίνουσα,</span> <span class='ocrx_word' id='word_1_605' title='bbox 1355 1957 1409 1983; x_wconf 82' lang='grc' dir='ltr'><strong>τῶν</strong></span> <span class='ocrx_word' id='word_1_606' title='bbox 1436 1958 1495 1983; x_wconf 80' lang='grc' dir='ltr'>κατ’</span> <span class='ocrx_word' id='word_1_607' title='bbox 1522 1956 1622 1992; x_wconf 74' lang='grc' dir='ltr'>ἀγροὺς</span> <span class='ocrx_word' id='word_1_608' title='bbox 1652 1953 1836 1990; x_wconf 79' lang='grc' dir='ltr'>σχολαζόντων</span> <span class='ocrx_word' id='word_1_609' title='bbox 1860 1960 1904 1978; x_wconf 81' lang='grc' dir='ltr'>πε-</span> 
     </span>
    </p>
   </div>
   <div class='ocr_carea' id='block_1_85' title="bbox 1125 1995 1903 2038">
    <p class='ocr_par' dir='ltr' id='par_1_85' title="bbox 1125 1995 1903 2038">
     <span class='ocr_line' id='line_1_85' title="bbox 1125 1995 1903 2038; baseline -0.008 -9"><span class='ocrx_word' id='word_1_610' title='bbox 1125 2004 1268 2038; x_wconf 85' lang='grc' dir='ltr'>ριαιρεῖται</span> <span class='ocrx_word' id='word_1_611' title='bbox 1293 2002 1324 2028; x_wconf 84' lang='grc' dir='ltr'>τὸ</span> <span class='ocrx_word' id='word_1_612' title='bbox 1355 2002 1468 2034; x_wconf 79' lang='grc' dir='ltr'>κάλλος“</span> <span class='ocrx_word' id='word_1_613' title='bbox 1496 2001 1650 2028; x_wconf 84' lang='grc' dir='ltr'>πλεονεκτεῖ</span> <span class='ocrx_word' id='word_1_614' title='bbox 1676 1999 1704 2026; x_wconf 80' lang='grc' dir='ltr'>δὲ</span> <span class='ocrx_word' id='word_1_615' title='bbox 1721 1999 1772 2026; x_wconf 72' lang='grc' dir='ltr'>καὶ</span> <span class='ocrx_word' id='word_1_616' title='bbox 1799 1997 1832 2024; x_wconf 80' lang='grc' dir='ltr'><strong>τὰ</strong></span> <span class='ocrx_word' id='word_1_617' title='bbox 1853 1995 1903 2022; x_wconf 83' lang='grc' dir='ltr'><strong>τῶν</strong></span> 
     </span>
    </p>
   </div>
   <div class='ocr_carea' id='block_1_86' title="bbox 1123 2044 1903 2084">
    <p class='ocr_par' dir='ltr' id='par_1_86' title="bbox 1123 2044 1903 2084">
     <span class='ocr_line' id='line_1_86' title="bbox 1123 2044 1903 2084; baseline -0.009 -9"><span class='ocrx_word' id='word_1_618' title='bbox 1123 2049 1212 2084; x_wconf 79' lang='grc' dir='ltr'>ὡρῶν,</span> <span class='ocrx_word' id='word_1_619' title='bbox 1229 2049 1279 2075; x_wconf 72' lang='grc' dir='ltr'>οὐκ</span> <span class='ocrx_word' id='word_1_620' title='bbox 1295 2047 1544 2083; x_wconf 74' lang='grc' dir='ltr'>ἐπαμφοτερίζοντα</span> <span class='ocrx_word' id='word_1_621' title='bbox 1554 2048 1587 2082; x_wconf 86' lang='grc' dir='ltr'>τῇ</span> <span class='ocrx_word' id='word_1_622' title='bbox 1601 2045 1735 2082; x_wconf 74' lang='grc' dir='ltr'>ἰσομοιρίᾳ</span> <span class='ocrx_word' id='word_1_623' title='bbox 1752 2044 1818 2079; x_wconf 67' lang='lat'><strong>(‘15)-</strong></span> <span class='ocrx_word' id='word_1_624' title='bbox 1846 2050 1903 2078; x_wconf 82' lang='grc' dir='ltr'>μετ-</span> 
     </span>
    </p>
   </div>
   <div class='ocr_carea' id='block_1_87' title="bbox 1123 2087 1902 2130">
    <p class='ocr_par' dir='ltr' id='par_1_87' title="bbox 1123 2087 1902 2130">
     <span class='ocr_line' id='line_1_87' title="bbox 1123 2087 1902 2130; baseline -0.01 -9"><span class='ocrx_word' id='word_1_625' title='bbox 1123 2094 1230 2130; x_wconf 82' lang='grc' dir='ltr'>οπώρου</span> <span class='ocrx_word' id='word_1_626' title='bbox 1240 2095 1294 2130; x_wconf 72' lang='grc' dir='ltr'><strong>γὰρ</strong></span> <span class='ocrx_word' id='word_1_627' title='bbox 1311 2094 1414 2130; x_wconf 77' lang='grc' dir='ltr'>τροπῆς</span> <span class='ocrx_word' id='word_1_628' title='bbox 1431 2094 1481 2120; x_wconf 71' lang='grc' dir='ltr'><strong>οὐκ</strong></span> <span class='ocrx_word' id='word_1_629' title='bbox 1506 2092 1656 2128; x_wconf 78' lang='grc' dir='ltr'>ἐπιτερπὴς</span> <span class='ocrx_word' id='word_1_630' title='bbox 1670 2092 1686 2126; x_wconf 85' lang='grc' dir='ltr'>ἡ</span> <span class='ocrx_word' id='word_1_631' title='bbox 1702 2090 1763 2122; x_wconf 80' lang='grc' dir='ltr'>θέα,</span> <span class='ocrx_word' id='word_1_632' title='bbox 1777 2087 1902 2126; x_wconf 82' lang='grc' dir='ltr'>χηρευού-</span> 
     </span>
    </p>
   </div>
   <div class='ocr_carea' id='block_1_88' title="bbox 1124 2133 1902 2176">
    <p class='ocr_par' dir='ltr' id='par_1_88' title="bbox 1124 2133 1902 2176">
     <span class='ocr_line' id='line_1_88' title="bbox 1124 2133 1902 2176; baseline -0.008 -9"><span class='ocrx_word' id='word_1_633' title='bbox 1124 2149 1173 2176; x_wconf 75' lang='grc' dir='ltr'><strong>σης</strong></span> <span class='ocrx_word' id='word_1_634' title='bbox 1192 2141 1241 2175; x_wconf 82' lang='grc' dir='ltr'>μὲν</span> <span class='ocrx_word' id='word_1_635' title='bbox 1257 2141 1305 2176; x_wconf 77' lang='grc' dir='ltr'>τῆς</span> <span class='ocrx_word' id='word_1_636' title='bbox 1317 2139 1418 2175; x_wconf 84' lang='grc' dir='ltr'>χώρας,</span> <span class='ocrx_word' id='word_1_637' title='bbox 1432 2139 1486 2166; x_wconf 86' lang='grc' dir='ltr'><strong>τῶν</strong></span> <span class='ocrx_word' id='word_1_638' title='bbox 1508 2139 1530 2165; x_wconf 84' lang='grc' dir='ltr'>δ’</span> <span class='ocrx_word' id='word_1_639' title='bbox 1547 2139 1651 2166; x_wconf 86' lang='grc' dir='ltr'>οἰκείων</span> <span class='ocrx_word' id='word_1_640' title='bbox 1680 2137 1795 2173; x_wconf 83' lang='grc' dir='ltr'>καρπῶν</span> <span class='ocrx_word' id='word_1_641' title='bbox 1820 2136 1855 2167; x_wconf 82' lang='grc' dir='ltr'>ὡς</span> <span class='ocrx_word' id='word_1_642' title='bbox 1872 2133 1902 2160; x_wconf 85' lang='lat' dir='ltr'><strong>av</strong></span> 
     </span>
    </p>
   </div>
   <div class='ocr_carea' id='block_1_89' title="bbox 1122 2182 1903 2221">
    <p class='ocr_par' dir='ltr' id='par_1_89' title="bbox 1122 2182 1903 2221">
     <span class='ocr_line' id='line_1_89' title="bbox 1122 2182 1903 2221; baseline -0.008 -9"><span class='ocrx_word' id='word_1_643' title='bbox 1122 2186 1225 2212; x_wconf 76' lang='grc' dir='ltr'>τέκνων</span> <span class='ocrx_word' id='word_1_644' title='bbox 1245 2185 1477 2221; x_wconf 74' lang='grc' dir='ltr'>ἁπεστερημένης.</span> <span class='ocrx_word' id='word_1_645' title='bbox 1494 2185 1563 2220; x_wconf 81' lang='grc' dir='ltr'><strong>Ἔαρ</strong></span> <span class='ocrx_word' id='word_1_646' title='bbox 1591 2184 1623 2219; x_wconf 81' lang='grc' dir='ltr'>δὴ</span> <span class='ocrx_word' id='word_1_647' title='bbox 1654 2183 1776 2210; x_wconf 80' lang='grc' dir='ltr'>λείπεται</span> <span class='ocrx_word' id='word_1_648' title='bbox 1802 2182 1831 2208; x_wconf 80' lang='grc' dir='ltr'>τὸ</span> <span class='ocrx_word' id='word_1_649' title='bbox 1846 2189 1903 2215; x_wconf 88' lang='grc' dir='ltr'>φαι-</span> 
     </span>
    </p>
   </div>
   <div class='ocr_carea' id='block_1_90' title="bbox 1122 2227 1902 2267">
    <p class='ocr_par' dir='ltr' id='par_1_90' title="bbox 1122 2227 1902 2267">
     <span class='ocr_line' id='line_1_90' title="bbox 1122 2227 1902 2267; baseline -0.005 -9"><span class='ocrx_word' id='word_1_650' title='bbox 1122 2231 1193 2267; x_wconf 81' lang='grc' dir='ltr'>δρὸν,</span> <span class='ocrx_word' id='word_1_651' title='bbox 1209 2231 1222 2258; x_wconf 88' lang='grc' dir='ltr'><strong>ὂ</strong></span> <span class='ocrx_word' id='word_1_652' title='bbox 1235 2231 1322 2266; x_wconf 75' lang='grc' dir='ltr'>δήτοῦ</span> <span class='ocrx_word' id='word_1_653' title='bbox 1337 2231 1436 2263; x_wconf 80' lang='grc' dir='ltr'>παντὸς</span> <span class='ocrx_word' id='word_1_654' title='bbox 1449 2231 1524 2262; x_wconf 73' lang='grc' dir='ltr'>ἔτους</span> <span class='ocrx_word' id='word_1_655' title='bbox 1544 2229 1647 2266; x_wconf 71' lang='grc' dir='ltr'>κεφαλή</span> <span class='ocrx_word' id='word_1_656' title='bbox 1661 2238 1702 2261; x_wconf 84' lang='grc' dir='ltr'><strong>τις</strong></span> <span class='ocrx_word' id='word_1_657' title='bbox 1718 2227 1763 2256; x_wconf 80' lang='grc' dir='ltr'><strong>οία</strong></span> <span class='ocrx_word' id='word_1_658' title='bbox 1785 2228 1902 2263; x_wconf 88' lang='grc' dir='ltr'>σώματος</span> 
     </span>
    </p>
   </div>
   <div class='ocr_carea' id='block_1_91' title="bbox 284 2273 1071 2313">
    <p class='ocr_par' dir='ltr' id='par_1_91' title="bbox 284 2274 1070 2310">
     <span class='ocr_line' id='line_1_91' title="bbox 284 2274 1070 2310; baseline -0.001 -7"><span class='ocrx_word' id='word_1_659' title='bbox 284 2283 393 2303; x_wconf 84' lang='lat' dir='ltr'><strong>cursum</strong></span> <span class='ocrx_word' id='word_1_660' title='bbox 411 2275 436 2301; x_wconf 95' lang='lat' dir='ltr'><strong>in</strong></span> <span class='ocrx_word' id='word_1_661' title='bbox 449 2274 567 2302; x_wconf 86' lang='lat' dir='ltr'><strong>lucidum</strong></span> <span class='ocrx_word' id='word_1_662' title='bbox 581 2274 759 2301; x_wconf 72' lang='lat' dir='ltr'><strong>transformat</strong></span> <span class='ocrx_word' id='word_1_663' title='bbox 773 2275 854 2302; x_wconf 91' lang='lat' dir='ltr'><strong>diem.</strong></span> <span class='ocrx_word' id='word_1_664' title='bbox 870 2276 933 2307; x_wconf 79' lang='lat' dir='ltr'><strong>Ver.</strong></span> <span class='ocrx_word' id='word_1_665' title='bbox 949 2275 1070 2310; x_wconf 88' lang='lat' dir='ltr'><strong>inquam,</strong></span> 
     </span>
    </p>
   </div>
   <div class='ocr_carea' id='block_1_92' title="bbox 1122 2273 1902 2313">
    <p class='ocr_par' dir='ltr' id='par_1_92' title="bbox 1124 2273 1902 2313">
     <span class='ocr_line' id='line_1_92' title="bbox 1124 2273 1902 2313; baseline -0.006 -9"><span class='ocrx_word' id='word_1_666' title='bbox 1124 2279 1240 2312; x_wconf 74' lang='grc' dir='ltr'>ἡγεῖται,</span> <span class='ocrx_word' id='word_1_667' title='bbox 1259 2278 1334 2313; x_wconf 59' lang='grc' dir='ltr'><strong>⁴ἡλίου</strong></span> <span class='ocrx_word' id='word_1_668' title='bbox 1364 2278 1412 2312; x_wconf 84' lang='grc' dir='ltr'>μὲν</span> <span class='ocrx_word' id='word_1_669' title='bbox 1434 2277 1466 2311; x_wconf 85' lang='grc' dir='ltr'>δὴ</span> <span class='ocrx_word' id='word_1_670' title='bbox 1490 2277 1551 2312; x_wconf 80' lang='grc' dir='ltr'>ἄρτι</span> <span class='ocrx_word' id='word_1_671' title='bbox 1567 2276 1598 2303; x_wconf 76' lang='grc' dir='ltr'>τὸ</span> <span class='ocrx_word' id='word_1_672' title='bbox 1610 2276 1715 2313; x_wconf 82' lang='grc' dir='ltr'>πρῶτον</span> <span class='ocrx_word' id='word_1_673' title='bbox 1729 2275 1826 2311; x_wconf 80' lang='grc' dir='ltr'>τμῆμα</span> <span class='ocrx_word' id='word_1_674' title='bbox 1837 2273 1902 2300; x_wconf 85' lang='grc' dir='ltr'>διιπ-</span> 
     </span>
    </p>
   </div>
   <div class='ocr_carea' id='block_1_93' title="bbox 284 2319 1070 2354">
    <p class='ocr_par' dir='ltr' id='par_1_93' title="bbox 284 2319 1070 2354">
     <span class='ocr_line' id='line_1_93' title="bbox 284 2319 1070 2354; baseline 0 -6"><span class='ocrx_word' id='word_1_675' title='bbox 284 2320 440 2349; x_wconf 89' lang='lat' dir='ltr'><strong>hiemalium</strong></span> <span class='ocrx_word' id='word_1_676' title='bbox 469 2320 650 2347; x_wconf 87' lang='lat' dir='ltr'><strong>tonitruorum</strong></span> <span class='ocrx_word' id='word_1_677' title='bbox 683 2319 902 2348; x_wconf 85' lang='lat' dir='ltr'><strong>terriculamenta</strong></span> <span class='ocrx_word' id='word_1_678' title='bbox 935 2321 1070 2354; x_wconf 84' lang='lat' dir='ltr'><strong>discutit,</strong></span> 
     </span>
    </p>
   </div>
   <div class='ocr_carea' id='block_1_94' title="bbox 284 2365 1071 2401">
    <p class='ocr_par' dir='ltr' id='par_1_94' title="bbox 284 2365 1071 2401">
     <span class='ocr_line' id='line_1_94' title="bbox 284 2365 1071 2401; baseline 0.001 -8"><span class='ocrx_word' id='word_1_679' title='bbox 284 2365 363 2401; x_wconf 83' lang='lat' dir='ltr'><strong>longa</strong></span> <span class='ocrx_word' id='word_1_680' title='bbox 385 2365 539 2401; x_wconf 85' lang='lat' dir='ltr'><strong>(noctium)</strong></span> <span class='ocrx_word' id='word_1_681' title='bbox 572 2366 717 2392; x_wconf 82' lang='lat' dir='ltr'><strong>interstitia</strong></span> <span class='ocrx_word' id='word_1_682' title='bbox 735 2366 815 2398; x_wconf 84' lang='lat' dir='ltr'><strong>tollit,</strong></span> <span class='ocrx_word' id='word_1_683' title='bbox 837 2373 969 2400; x_wconf 86' lang='lat' dir='ltr'><strong>aquarum</strong></span> <span class='ocrx_word' id='word_1_684' title='bbox 985 2375 1071 2394; x_wconf 77' lang='lat' dir='ltr'><strong>exun-</strong></span> 
     </span>
    </p>
   </div>
   <div class='ocr_carea' id='block_1_95' title="bbox 283 2410 1071 2446">
    <p class='ocr_par' dir='ltr' id='par_1_95' title="bbox 283 2410 1071 2446">
     <span class='ocr_line' id='line_1_95' title="bbox 283 2410 1071 2446; baseline 0.003 -8"><span class='ocrx_word' id='word_1_685' title='bbox 283 2412 407 2440; x_wconf 84' lang='lat' dir='ltr'><strong>dationes</strong></span> <span class='ocrx_word' id='word_1_686' title='bbox 423 2411 541 2438; x_wconf 84' lang='lat' dir='ltr'><strong>cohibet.</strong></span> <span class='ocrx_word' id='word_1_687' title='bbox 563 2410 678 2446; x_wconf 73' lang='lat' dir='ltr'><strong>Jamque</strong></span> <span class='ocrx_word' id='word_1_688' title='bbox 702 2419 771 2438; x_wconf 90' lang='lat' dir='ltr'><strong>nova</strong></span> <span class='ocrx_word' id='word_1_689' title='bbox 791 2411 949 2445; x_wconf 83' lang='lat' dir='ltr'><strong>splendente</strong></span> <span class='ocrx_word' id='word_1_690' title='bbox 967 2413 1071 2440; x_wconf 89' lang='lat' dir='ltr'><strong>sereni-</strong></span> 
     </span>
    </p>
   </div>
   <div class='ocr_carea' id='block_1_96' title="bbox 283 2457 1068 2493">
    <p class='ocr_par' dir='ltr' id='par_1_96' title="bbox 283 2457 1068 2493">
     <span class='ocr_line' id='line_1_96' title="bbox 283 2457 1068 2493; baseline 0.003 -9"><span class='ocrx_word' id='word_1_691' title='bbox 283 2462 350 2490; x_wconf 86' lang='lat' dir='ltr'><strong>tate,</strong></span> <span class='ocrx_word' id='word_1_692' title='bbox 367 2457 511 2492; x_wconf 86' lang='lat' dir='ltr'><strong>tranquilla</strong></span> <span class='ocrx_word' id='word_1_693' title='bbox 530 2457 595 2484; x_wconf 85' lang='lat' dir='ltr'><strong>fiunt</strong></span> <span class='ocrx_word' id='word_1_694' title='bbox 614 2457 803 2492; x_wconf 81' lang='lat' dir='ltr'><strong>navigantibus</strong></span> <span class='ocrx_word' id='word_1_695' title='bbox 818 2458 914 2489; x_wconf 81' lang='lat' dir='ltr'><strong>maria,</strong></span> <span class='ocrx_word' id='word_1_696' title='bbox 931 2459 1068 2493; x_wconf 85' lang='lat' dir='ltr'><strong>sudusqne</strong></span> 
     </span>
    </p>
   </div>
   <div class='ocr_carea' id='block_1_97' title="bbox 284 2503 1069 2539">
    <p class='ocr_par' dir='ltr' id='par_1_97' title="bbox 284 2503 1069 2539">
     <span class='ocr_line' id='line_1_97' title="bbox 284 2503 1069 2539; baseline 0 -8"><span class='ocrx_word' id='word_1_697' title='bbox 284 2511 331 2531; x_wconf 84' lang='lat' dir='ltr'><strong>aer</strong></span> <span class='ocrx_word' id='word_1_698' title='bbox 345 2509 415 2531; x_wconf 86' lang='lat' dir='ltr'><strong>terra</strong></span> <span class='ocrx_word' id='word_1_699' title='bbox 430 2504 482 2530; x_wconf 85' lang='lat' dir='ltr'><strong>iter</strong></span> <span class='ocrx_word' id='word_1_700' title='bbox 496 2503 668 2530; x_wconf 78' lang='lat' dir='ltr'><strong>facientibus.</strong></span> <span class='ocrx_word' id='word_1_701' title='bbox 685 2503 817 2538; x_wconf 77' lang='lat' dir='ltr'><strong>[legiunes</strong></span> <span class='ocrx_word' id='word_1_702' title='bbox 835 2504 942 2531; x_wconf 87' lang='lat' dir='ltr'><strong>interim</strong></span> <span class='ocrx_word' id='word_1_703' title='bbox 958 2504 984 2530; x_wconf 91' lang='lat' dir='ltr'><strong>in</strong></span> <span class='ocrx_word' id='word_1_704' title='bbox 996 2505 1069 2539; x_wconf 74' lang='lat' dir='ltr'><strong>agris</strong></span> 
     </span>
    </p>
   </div>
   <div class='ocr_carea' id='block_1_98' title="bbox 281 2550 1068 2586">
    <p class='ocr_par' dir='ltr' id='par_1_98' title="bbox 281 2550 1068 2586">
     <span class='ocr_line' id='line_1_98' title="bbox 281 2550 1068 2586; baseline 0.004 -10"><span class='ocrx_word' id='word_1_705' title='bbox 281 2550 459 2586; x_wconf 77' lang='lat' dir='ltr'><strong>gravidantnr</strong></span> <span class='ocrx_word' id='word_1_706' title='bbox 492 2550 668 2582; x_wconf 84' lang='lat' dir='ltr'><strong>seminibus,</strong></span> <span class='ocrx_word' id='word_1_707' title='bbox 700 2555 727 2577; x_wconf 90' lang='lat' dir='ltr'><strong>et</strong></span> <span class='ocrx_word' id='word_1_708' title='bbox 764 2550 897 2577; x_wconf 83' lang='lat' dir='ltr'><strong>fructibus</strong></span> <span class='ocrx_word' id='word_1_709' title='bbox 934 2556 1068 2579; x_wconf 78' lang='lat' dir='ltr'><strong>tumentes</strong></span> 
     </span>
    </p>
   </div>
   <div class='ocr_carea' id='block_1_99' title="bbox 282 2591 1068 2629">
    <p class='ocr_par' dir='ltr' id='par_1_99' title="bbox 282 2591 1068 2629">
     <span class='ocr_line' id='line_1_99' title="bbox 282 2591 1068 2629; baseline 0.001 -6"><span class='ocrx_word' id='word_1_710' title='bbox 282 2597 406 2626; x_wconf 86' lang='lat' dir='ltr'><strong>arbores.</strong></span> <span class='ocrx_word' id='word_1_711' title='bbox 432 2595 479 2623; x_wconf 88' lang='lat' dir='ltr'><strong>Dei</strong></span> <span class='ocrx_word' id='word_1_712' title='bbox 507 2595 585 2623; x_wconf 84' lang='lat' dir='ltr'><strong>donis</strong></span> <span class='ocrx_word' id='word_1_713' title='bbox 610 2591 766 2627; x_wconf 54' lang='lat' dir='ltr'><strong>exornataé,</strong></span> <span class='ocrx_word' id='word_1_714' title='bbox 793 2597 918 2629; x_wconf 73' lang='lat' dir='ltr'><strong>agricolis</strong></span> <span class='ocrx_word' id='word_1_715' title='bbox 948 2597 1068 2625; x_wconf 88' lang='lat' dir='ltr'><strong>laborum</strong></span> 
     </span>
    </p>
   </div>
   <div class='ocr_carea' id='block_1_100' title="bbox 282 2640 826 2675">
    <p class='ocr_par' dir='ltr' id='par_1_100' title="bbox 282 2640 826 2675">
     <span class='ocr_line' id='line_1_100' title="bbox 282 2640 826 2675; baseline -0.004 -7"><span class='ocrx_word' id='word_1_716' title='bbox 282 2641 436 2668; x_wconf 87' lang='lat' dir='ltr'><strong>mercedem</strong></span> <span class='ocrx_word' id='word_1_717' title='bbox 454 2640 480 2668; x_wconf 88' lang='lat' dir='ltr'><strong>in</strong></span> <span class='ocrx_word' id='word_1_718' title='bbox 497 2640 685 2668; x_wconf 85' lang='lat' dir='ltr'><strong>benedictione</strong></span> <span class='ocrx_word' id='word_1_719' title='bbox 697 2640 826 2675; x_wconf 63' lang='lat' dir='ltr'><strong>pratbent.</strong></span> 
     </span>
    </p>
   </div>
   <div class='ocr_carea' id='block_1_101' title="bbox 1122 2317 1902 2359">
    <p class='ocr_par' dir='ltr' id='par_1_101' title="bbox 1122 2317 1902 2359">
     <span class='ocr_line' id='line_1_101' title="bbox 1122 2317 1902 2359; baseline -0.005 -9"><span class='ocrx_word' id='word_1_720' title='bbox 1122 2323 1259 2355; x_wconf 81' lang='grc' dir='ltr'>πεύοντος,</span> <span class='ocrx_word' id='word_1_721' title='bbox 1279 2323 1391 2359; x_wconf 83' lang='grc' dir='ltr'>σελήνης</span> <span class='ocrx_word' id='word_1_722' title='bbox 1410 2323 1432 2350; x_wconf 79' lang='grc' dir='ltr'>δ’</span> <span class='ocrx_word' id='word_1_723' title='bbox 1449 2324 1481 2349; x_wconf 79' lang='grc' dir='ltr'>ἐκ</span> <span class='ocrx_word' id='word_1_724' title='bbox 1500 2322 1671 2358; x_wconf 74' lang='grc' dir='ltr'>παραλλήλου</span> <span class='ocrx_word' id='word_1_725' title='bbox 1694 2321 1842 2356; x_wconf 81' lang='grc' dir='ltr'>πλησιφαεῖ</span> <span class='ocrx_word' id='word_1_726' title='bbox 1866 2317 1902 2352; x_wconf 79' lang='grc' dir='ltr'>τῷ</span> 
     </span>
    </p>
   </div>
   <div class='ocr_carea' id='block_1_102' title="bbox 1122 2364 1902 2404">
    <p class='ocr_par' dir='ltr' id='par_1_102' title="bbox 1122 2364 1902 2404">
     <span class='ocr_line' id='line_1_102' title="bbox 1122 2364 1902 2404; baseline -0.004 -8"><span class='ocrx_word' id='word_1_727' title='bbox 1122 2370 1191 2404; x_wconf 78' lang='grc' dir='ltr'>φωτὶ</span> <span class='ocrx_word' id='word_1_728' title='bbox 1202 2369 1247 2396; x_wconf 82' lang='grc' dir='ltr'><strong>τὸν</strong></span> <span class='ocrx_word' id='word_1_729' title='bbox 1261 2370 1310 2404; x_wconf 79' lang='grc' dir='ltr'>τῆς</span> <span class='ocrx_word' id='word_1_730' title='bbox 1323 2369 1418 2400; x_wconf 74' lang='grc' dir='ltr'>νυκτὸς</span> <span class='ocrx_word' id='word_1_731' title='bbox 1431 2369 1529 2404; x_wconf 86' lang='grc' dir='ltr'>δρόμον</span> <span class='ocrx_word' id='word_1_732' title='bbox 1541 2370 1580 2400; x_wconf 85' lang='grc' dir='ltr'><strong>εις</strong></span> <span class='ocrx_word' id='word_1_733' title='bbox 1591 2368 1719 2404; x_wconf 77' lang='grc' dir='ltr'>λαμπρὰν</span> <span class='ocrx_word' id='word_1_734' title='bbox 1738 2364 1902 2403; x_wconf 71' lang='grc' dir='ltr'>μεθαρμοξοο</span> 
     </span>
    </p>
   </div>
   <div class='ocr_carea' id='block_1_103' title="bbox 1123 2411 1901 2453">
    <p class='ocr_par' dir='ltr' id='par_1_103' title="bbox 1123 2411 1901 2453">
     <span class='ocr_line' id='line_1_103' title="bbox 1123 2411 1901 2453; baseline -0.01 -9"><span class='ocrx_word' id='word_1_735' title='bbox 1123 2417 1206 2453; x_wconf 73' lang='grc' dir='ltr'>μένης</span> <span class='ocrx_word' id='word_1_736' title='bbox 1228 2417 1345 2452; x_wconf 74' lang='grc' dir='ltr'>ἡμέραν.</span> <span class='ocrx_word' id='word_1_737' title='bbox 1375 2415 1460 2442; x_wconf 79' lang='grc' dir='ltr'>Τοῦτο</span> <span class='ocrx_word' id='word_1_738' title='bbox 1482 2414 1540 2441; x_wconf 86' lang='grc' dir='ltr'>λύει</span> <span class='ocrx_word' id='word_1_739' title='bbox 1561 2415 1610 2450; x_wconf 84' lang='grc' dir='ltr'>μὲν</span> <span class='ocrx_word' id='word_1_740' title='bbox 1635 2414 1746 2441; x_wconf 77' lang='grc' dir='ltr'>κτύπων</span> <span class='ocrx_word' id='word_1_741' title='bbox 1760 2411 1901 2448; x_wconf 85' lang='grc' dir='ltr'>χειμερίων</span> 
     </span>
    </p>
   </div>
   <div class='ocr_carea' id='block_1_104' title="bbox 1122 2457 1901 2498">
    <p class='ocr_par' dir='ltr' id='par_1_104' title="bbox 1122 2457 1901 2498">
     <span class='ocr_line' id='line_1_104' title="bbox 1122 2457 1901 2498; baseline -0.008 -10"><span class='ocrx_word' id='word_1_742' title='bbox 1122 2461 1244 2498; x_wconf 76' lang='grc' dir='ltr'>φόϐητρα</span> <span class='ocrx_word' id='word_1_743' title='bbox 1257 2461 1324 2497; x_wconf 68' lang='grc'>(26),</span> <span class='ocrx_word' id='word_1_744' title='bbox 1334 2461 1391 2487; x_wconf 86' lang='grc' dir='ltr'>λύει</span> <span class='ocrx_word' id='word_1_745' title='bbox 1402 2461 1430 2487; x_wconf 86' lang='grc' dir='ltr'><strong>δε</strong></span> <span class='ocrx_word' id='word_1_746' title='bbox 1444 2459 1535 2496; x_wconf 88' lang='grc' dir='ltr'>μακρὰ</span> <span class='ocrx_word' id='word_1_747' title='bbox 1547 2459 1726 2495; x_wconf 79' lang='grc' dir='ltr'>διαστήματα,</span> <span class='ocrx_word' id='word_1_748' title='bbox 1740 2457 1901 2494; x_wconf 79' lang='grc' dir='ltr'>πλημμύρας</span> 
     </span>
    </p>
   </div>
   <div class='ocr_carea' id='block_1_105' title="bbox 1122 2501 1901 2540">
    <p class='ocr_par' dir='ltr' id='par_1_105' title="bbox 1122 2501 1901 2540">
     <span class='ocr_line' id='line_1_105' title="bbox 1122 2501 1901 2540; baseline -0.006 -8"><span class='ocrx_word' id='word_1_749' title='bbox 1122 2506 1226 2533; x_wconf 81' lang='grc' dir='ltr'>ὑδάτων</span> <span class='ocrx_word' id='word_1_750' title='bbox 1241 2504 1411 2540; x_wconf 82' lang='grc' dir='ltr'>μεταϐάλλει.</span> <span class='ocrx_word' id='word_1_751' title='bbox 1432 2505 1502 2540; x_wconf 84' lang='grc' dir='ltr'>Ἤδη</span> <span class='ocrx_word' id='word_1_752' title='bbox 1526 2503 1553 2531; x_wconf 79' lang='grc' dir='ltr'>δὲ</span> <span class='ocrx_word' id='word_1_753' title='bbox 1577 2505 1677 2540; x_wconf 80' lang='grc' dir='ltr'>νεαρᾶς</span> <span class='ocrx_word' id='word_1_754' title='bbox 1700 2501 1901 2537; x_wconf 81' lang='grc' dir='ltr'>ὲπιλαμποὺσης</span> 
     </span>
    </p>
   </div>
   <div class='ocr_carea' id='block_1_106' title="bbox 1123 2543 1901 2586">
    <p class='ocr_par' dir='ltr' id='par_1_106' title="bbox 1123 2543 1901 2586">
     <span class='ocr_line' id='line_1_106' title="bbox 1123 2543 1901 2586; baseline -0.008 -9"><span class='ocrx_word' id='word_1_755' title='bbox 1123 2551 1241 2586; x_wconf 71' lang='grc' dir='ltr'>αἰθρίας,</span> <span class='ocrx_word' id='word_1_756' title='bbox 1255 2550 1359 2586; x_wconf 87' lang='grc' dir='ltr'>γαλήνη</span> <span class='ocrx_word' id='word_1_757' title='bbox 1374 2549 1421 2585; x_wconf 79' lang='grc' dir='ltr'>μὲν</span> <span class='ocrx_word' id='word_1_758' title='bbox 1441 2551 1497 2581; x_wconf 90' lang='grc' dir='ltr'>τοῖς</span> <span class='ocrx_word' id='word_1_759' title='bbox 1509 2549 1700 2576; x_wconf 83' lang='grc' dir='ltr'>θαλαττεύουσι</span> <span class='ocrx_word' id='word_1_760' title='bbox 1718 2548 1857 2582; x_wconf 85' lang='grc' dir='ltr'>καθίστησι</span> <span class='ocrx_word' id='word_1_761' title='bbox 1870 2543 1901 2571; x_wconf 77' lang='grc' dir='ltr'><strong>τὰ</strong></span> 
     </span>
    </p>
   </div>
   <div class='ocr_carea' id='block_1_107' title="bbox 1124 2593 1900 2631">
    <p class='ocr_par' dir='ltr' id='par_1_107' title="bbox 1124 2593 1900 2631">
     <span class='ocr_line' id='line_1_107' title="bbox 1124 2593 1900 2631; baseline -0.005 -8"><span class='ocrx_word' id='word_1_762' title='bbox 1124 2595 1240 2631; x_wconf 82' lang='grc' dir='ltr'>πελάγη,</span> <span class='ocrx_word' id='word_1_763' title='bbox 1256 2595 1341 2622; x_wconf 80' lang='grc' dir='ltr'>εὕδιον</span> <span class='ocrx_word' id='word_1_764' title='bbox 1354 2595 1381 2622; x_wconf 76' lang='grc' dir='ltr'>δὲ</span> <span class='ocrx_word' id='word_1_765' title='bbox 1394 2595 1461 2631; x_wconf 84' lang='grc' dir='ltr'>ἀέρα</span> <span class='ocrx_word' id='word_1_766' title='bbox 1472 2597 1526 2628; x_wconf 79' lang='grc' dir='ltr'>τοῖς</span> <span class='ocrx_word' id='word_1_767' title='bbox 1541 2595 1610 2623; x_wconf 76' lang='grc' dir='ltr'>κατὰ</span> <span class='ocrx_word' id='word_1_768' title='bbox 1624 2595 1675 2631; x_wconf 81' lang='grc' dir='ltr'>γῆν</span> <span class='ocrx_word' id='word_1_769' title='bbox 1696 2594 1842 2630; x_wconf 83' lang='grc' dir='ltr'>ὁδοιπόροις</span> <span class='ocrx_word' id='word_1_770' title='bbox 1861 2593 1900 2618; x_wconf 81' lang='grc' dir='ltr'><strong>ὲν-</strong></span> 
     </span>
    </p>
   </div>
   <div class='ocr_carea' id='block_1_108' title="bbox 1123 2637 1899 2678">
    <p class='ocr_par' dir='ltr' id='par_1_108' title="bbox 1123 2637 1899 2678">
     <span class='ocr_line' id='line_1_108' title="bbox 1123 2637 1899 2678; baseline -0.003 -10"><span class='ocrx_word' id='word_1_771' title='bbox 1123 2642 1224 2669; x_wconf 81' lang='grc' dir='ltr'>δίδωσι.</span> <span class='ocrx_word' id='word_1_772' title='bbox 1240 2642 1334 2678; x_wconf 85' lang='grc' dir='ltr'>Χῶραι</span> <span class='ocrx_word' id='word_1_773' title='bbox 1348 2641 1370 2668; x_wconf 74' lang='grc' dir='ltr'><strong>δ¹</strong></span> <span class='ocrx_word' id='word_1_774' title='bbox 1385 2642 1414 2668; x_wconf 75' lang='grc' dir='ltr'>ἐν</span> <span class='ocrx_word' id='word_1_775' title='bbox 1436 2641 1523 2677; x_wconf 84' lang='grc' dir='ltr'>τούτῳ</span> <span class='ocrx_word' id='word_1_776' title='bbox 1546 2642 1606 2667; x_wconf 86' lang='grc' dir='ltr'>κατ’</span> <span class='ocrx_word' id='word_1_777' title='bbox 1629 2641 1730 2676; x_wconf 80' lang='grc' dir='ltr'>ἀγροὺς</span> <span class='ocrx_word' id='word_1_778' title='bbox 1757 2637 1899 2673; x_wconf 67' lang='grc' dir='ltr'>ἐγκύμονες</span> 
     </span>
    </p>
   </div>
   <div class='ocr_carea' id='block_1_109' title="bbox 282 2685 1899 2725">
    <p class='ocr_par' dir='ltr' id='par_1_109' title="bbox 282 2685 1899 2725">
     <span class='ocr_line' id='line_1_109' title="bbox 282 2685 1899 2725; baseline 0.001 -13"><span class='ocrx_word' id='word_1_779' title='bbox 282 2687 458 2722; x_wconf 83' lang='grc' dir='ltr'>σπερμάτων,</span> <span class='ocrx_word' id='word_1_780' title='bbox 475 2687 522 2715; x_wconf 75' lang='grc' dir='ltr'><strong>καὶ</strong></span> <span class='ocrx_word' id='word_1_781' title='bbox 553 2687 667 2722; x_wconf 83' lang='grc' dir='ltr'>καρπῶν</span> <span class='ocrx_word' id='word_1_782' title='bbox 693 2687 855 2724; x_wconf 77' lang='grc' dir='ltr'>σπαργῶντα</span> <span class='ocrx_word' id='word_1_783' title='bbox 877 2688 947 2722; x_wconf 85' lang='grc' dir='ltr'><strong>φυτά</strong></span> <span class='ocrx_word' id='word_1_784' title='bbox 968 2691 1023 2722; x_wconf 87' lang='grc' dir='ltr'>τοῖς</span> <span class='ocrx_word' id='word_1_785' title='bbox 1037 2691 1068 2717; x_wconf 81' lang='grc' dir='ltr'>ὲκ</span> <span class='ocrx_word' id='word_1_786' title='bbox 1088 2690 1155 2718; x_wconf 83' lang='grc' dir='ltr'>Θεοῦ</span> <span class='ocrx_word' id='word_1_787' title='bbox 1188 2689 1284 2725; x_wconf 87' lang='grc' dir='ltr'>δώροις</span> <span class='ocrx_word' id='word_1_788' title='bbox 1316 2689 1496 2725; x_wconf 80' lang='grc' dir='ltr'>ἀγαλλόμενα,</span> <span class='ocrx_word' id='word_1_789' title='bbox 1514 2689 1645 2725; x_wconf 76' lang='grc' dir='ltr'>γεωργοῖς</span> <span class='ocrx_word' id='word_1_790' title='bbox 1662 2690 1748 2715; x_wconf 86' lang='grc' dir='ltr'>πόνων</span> <span class='ocrx_word' id='word_1_791' title='bbox 1759 2686 1810 2718; x_wconf 74' lang='grc' dir='ltr'><strong>τὰς</strong></span> <span class='ocrx_word' id='word_1_792' title='bbox 1825 2685 1899 2720; x_wconf 81' lang='grc' dir='ltr'>ἀμοι-</span> 
     </span>
    </p>
   </div>
   <div class='ocr_carea' id='block_1_110' title="bbox 280 2733 657 2771">
    <p class='ocr_par' dir='ltr' id='par_1_110' title="bbox 280 2733 657 2771">
     <span class='ocr_line' id='line_1_110' title="bbox 280 2733 657 2771; baseline 0.003 -11"><span class='ocrx_word' id='word_1_793' title='bbox 280 2733 331 2766; x_wconf 75' lang='grc' dir='ltr'><strong>ϐὰς</strong></span> <span class='ocrx_word' id='word_1_794' title='bbox 345 2735 374 2761; x_wconf 79' lang='grc' dir='ltr'>ὲν</span> <span class='ocrx_word' id='word_1_795' title='bbox 385 2735 521 2770; x_wconf 81' lang='grc' dir='ltr'>εὐλογίαις</span> <span class='ocrx_word' id='word_1_796' title='bbox 534 2736 657 2771; x_wconf 77' lang='grc' dir='ltr'>παρέχει.</span> 
     </span>
    </p>
   </div>
   <div class='ocr_carea' id='block_1_111' title="bbox 318 2780 1071 2817">
    <p class='ocr_par' dir='ltr' id='par_1_111' title="bbox 318 2780 1033 2817">
     <span class='ocr_line' id='line_1_111' title="bbox 318 2780 1033 2817; baseline 0.006 -10"><span class='ocrx_word' id='word_1_797' title='bbox 318 2780 341 2796; x_wconf 83' lang='grc'><strong><em>⁸³</em></strong></span> <span class='ocrx_word' id='word_1_798' title='bbox 359 2780 368 2807; x_wconf 86' lang='grc'><strong>1</strong></span> <span class='ocrx_word' id='word_1_799' title='bbox 384 2781 446 2808; x_wconf 89' lang='lat' dir='ltr'><strong>Cor.</strong></span> <span class='ocrx_word' id='word_1_800' title='bbox 463 2789 491 2815; x_wconf 68' lang='grc' dir='ltr'>ι,</span> <span class='ocrx_word' id='word_1_801' title='bbox 508 2783 552 2809; x_wconf 87' lang='lat' dir='ltr'><strong>ll.</strong></span> <span class='ocrx_word' id='word_1_802' title='bbox 590 2783 611 2798; x_wconf 84' lang='lat'>“</span> <span class='ocrx_word' id='word_1_803' title='bbox 629 2783 637 2809; x_wconf 93' lang='grc' dir='ltr'><strong>Ι</strong></span> <span class='ocrx_word' id='word_1_804' title='bbox 653 2783 716 2810; x_wconf 90' lang='lat' dir='ltr'><strong>Cor.</strong></span> <span class='ocrx_word' id='word_1_805' title='bbox 731 2791 758 2815; x_wconf 82' lang='grc' dir='ltr'><strong>ν,</strong></span> <span class='ocrx_word' id='word_1_806' title='bbox 771 2782 795 2809; x_wconf 91' lang='grc'><strong>7.</strong></span> <span class='ocrx_word' id='word_1_807' title='bbox 835 2783 856 2799; x_wconf 73' lang='grc' dir='ltr'><strong>θ’</strong></span> <span class='ocrx_word' id='word_1_808' title='bbox 867 2782 944 2810; x_wconf 72' lang='lat' dir='ltr'><strong>Joan.</strong></span> <span class='ocrx_word' id='word_1_809' title='bbox 961 2783 1033 2817; x_wconf 67' lang='lat'><strong>1,29.</strong></span> 
     </span>
    </p>
   </div>
   <div class='ocr_carea' id='block_1_112' title="bbox 1122 2780 1280 2817">
    <p class='ocr_par' dir='ltr' id='par_1_112' title="bbox 1122 2780 1280 2814">
     <span class='ocr_line' id='line_1_112' title="bbox 1122 2780 1280 2814; baseline -0.032 -3"><span class='ocrx_word' id='word_1_810' title='bbox 1122 2782 1165 2811; x_wconf 82' lang='lat' dir='ltr'><strong>sai.</strong></span> <span class='ocrx_word' id='word_1_811' title='bbox 1180 2789 1238 2814; x_wconf 80' lang='lat' dir='ltr'><strong>un,</strong></span> <span class='ocrx_word' id='word_1_812' title='bbox 1252 2780 1280 2807; x_wconf 67' lang='grc'><strong>4.</strong></span> 
     </span>
    </p>
   </div>
   <div class='ocr_carea' id='block_1_113' title="bbox 316 2827 1062 2866">
    <p class='ocr_par' dir='ltr' id='par_1_113' title="bbox 316 2827 1062 2866">
     <span class='ocr_line' id='line_1_113' title="bbox 316 2827 1062 2866; baseline 0.005 -12"><span class='ocrx_word' id='word_1_813' title='bbox 316 2827 374 2862; x_wconf 72' lang='grc' dir='ltr'>(ει.)</span> <span class='ocrx_word' id='word_1_814' title='bbox 382 2828 448 2866; x_wconf 80' lang='lat' dir='ltr'><strong>Cod.</strong></span> <span class='ocrx_word' id='word_1_815' title='bbox 461 2829 601 2857; x_wconf 84' lang='lat' dir='ltr'><strong>evidenter</strong></span> <span class='ocrx_word' id='word_1_816' title='bbox 609 2831 708 2866; x_wconf 78' lang='grc' dir='ltr'>τροφή,</span> <span class='ocrx_word' id='word_1_817' title='bbox 721 2830 865 2858; x_wconf 84' lang='lat' dir='ltr'><strong>manifesto</strong></span> <span class='ocrx_word' id='word_1_818' title='bbox 873 2835 961 2857; x_wconf 88' lang='lat' dir='ltr'><strong>tamen</strong></span> <span class='ocrx_word' id='word_1_819' title='bbox 971 2831 1062 2858; x_wconf 70' lang='grc' dir='ltr'>ιιιοιιιίξ</span> 
     </span>
    </p>
   </div>
   <div class='ocr_carea' id='block_1_114' title="bbox 281 2864 1065 2934">
    <p class='ocr_par' dir='ltr' id='par_1_114' title="bbox 281 2864 1065 2934">
     <span class='ocr_line' id='line_1_114' title="bbox 281 2864 694 2899; baseline 0 -9"><span class='ocrx_word' id='word_1_820' title='bbox 281 2869 330 2898; x_wconf 79' lang='lat' dir='ltr'><strong>pro</strong></span> <span class='ocrx_word' id='word_1_821' title='bbox 345 2864 443 2899; x_wconf 85' lang='grc' dir='ltr'>τροπή.</span> <span class='ocrx_word' id='word_1_822' title='bbox 666 2864 670 2866; x_wconf 19' lang='grc' dir='ltr'><strong>Ἴ</strong></span> <span class='ocrx_word' id='word_1_823' title='bbox 691 2864 694 2866; x_wconf 74' lang='grc'><em>’</em></span> 
     </span>
     <span class='ocr_line' id='line_1_115' title="bbox 315 2898 1065 2934; baseline 0.004 -10"><span class='ocrx_word' id='word_1_824' title='bbox 315 2898 372 2933; x_wconf 70' lang='lat'><strong>(25)</strong></span> <span class='ocrx_word' id='word_1_825' title='bbox 393 2898 523 2932; x_wconf 80' lang='lat' dir='ltr'><strong>Loquitur</strong></span> <span class='ocrx_word' id='word_1_826' title='bbox 540 2900 689 2933; x_wconf 86' lang='lat' dir='ltr'><strong>priscorum</strong></span> <span class='ocrx_word' id='word_1_827' title='bbox 717 2907 806 2932; x_wconf 82' lang='lat' dir='ltr'><strong>tnore,</strong></span> <span class='ocrx_word' id='word_1_828' title='bbox 829 2899 898 2934; x_wconf 77' lang='lat' dir='ltr'><strong>apud</strong></span> <span class='ocrx_word' id='word_1_829' title='bbox 919 2907 986 2933; x_wconf 84' lang='lat' dir='ltr'><strong>quos</strong></span> <span class='ocrx_word' id='word_1_830' title='bbox 1003 2907 1065 2927; x_wconf 87' lang='lat' dir='ltr'><strong>cum</strong></span> 
     </span>
    </p>
   </div>
   <div class='ocr_carea' id='block_1_115' title="bbox 280 2934 1065 2964">
    <p class='ocr_par' dir='ltr' id='par_1_115' title="bbox 280 2934 1065 2964">
     <span class='ocr_line' id='line_1_116' title="bbox 280 2934 1065 2964; baseline 0.003 -4"><span class='ocrx_word' id='word_1_831' title='bbox 280 2937 334 2961; x_wconf 80' lang='lat' dir='ltr'><strong>tam</strong></span> <span class='ocrx_word' id='word_1_832' title='bbox 349 2938 443 2961; x_wconf 71' lang='lat' dir='ltr'><strong>aestate</strong></span> <span class='ocrx_word' id='word_1_833' title='bbox 460 2940 541 2964; x_wconf 80' lang='lat' dir='ltr'><strong>quam</strong></span> <span class='ocrx_word' id='word_1_834' title='bbox 563 2934 652 2962; x_wconf 85' lang='lat' dir='ltr'><strong>hieme</strong></span> <span class='ocrx_word' id='word_1_835' title='bbox 673 2935 731 2963; x_wconf 83' lang='lat' dir='ltr'><strong>dies</strong></span> <span class='ocrx_word' id='word_1_836' title='bbox 755 2935 884 2962; x_wconf 86' lang='lat' dir='ltr'><strong>duodenis</strong></span> <span class='ocrx_word' id='word_1_837' title='bbox 904 2935 979 2963; x_wconf 88' lang='lat' dir='ltr'><strong>horis</strong></span> <span class='ocrx_word' id='word_1_838' title='bbox 1000 2943 1065 2962; x_wconf 87' lang='lat' dir='ltr'><strong>con-</strong></span> 
     </span>
    </p>
   </div>
   <div class='ocr_carea' id='block_1_116' title="bbox 1122 2821 1894 2860">
    <p class='ocr_par' dir='ltr' id='par_1_116' title="bbox 1122 2821 1894 2860">
     <span class='ocr_line' id='line_1_117' title="bbox 1122 2821 1894 2860; baseline -0.016 -3"><span class='ocrx_word' id='word_1_839' title='bbox 1122 2835 1196 2857; x_wconf 86' lang='lat' dir='ltr'><strong>stare</strong></span> <span class='ocrx_word' id='word_1_840' title='bbox 1216 2829 1348 2860; x_wconf 68' lang='lat' dir='ltr'><strong>dt-heret,</strong></span> <span class='ocrx_word' id='word_1_841' title='bbox 1381 2827 1422 2854; x_wconf 77' lang='lat' dir='ltr'><strong>ha:</strong></span> <span class='ocrx_word' id='word_1_842' title='bbox 1445 2826 1599 2854; x_wconf 76' lang='lat' dir='ltr'><strong>necessario</strong></span> <span class='ocrx_word' id='word_1_843' title='bbox 1630 2828 1722 2852; x_wconf 67' lang='lat' dir='ltr'><strong>testate</strong></span> <span class='ocrx_word' id='word_1_844' title='bbox 1748 2821 1894 2857; x_wconf 71' lang='lat' dir='ltr'><strong>longioresv</strong></span> 
     </span>
    </p>
   </div>
   <div class='ocr_carea' id='block_1_117' title="bbox 1119 2863 1851 2896">
    <p class='ocr_par' dir='ltr' id='par_1_117' title="bbox 1119 2863 1851 2896">
     <span class='ocr_line' id='line_1_118' title="bbox 1119 2863 1851 2896; baseline -0.01 -4"><span class='ocrx_word' id='word_1_845' title='bbox 1119 2865 1209 2892; x_wconf 75' lang='lat' dir='ltr'><strong>hieme</strong></span> <span class='ocrx_word' id='word_1_846' title='bbox 1224 2863 1361 2889; x_wconf 79' lang='lat' dir='ltr'><strong>breviores</strong></span> <span class='ocrx_word' id='word_1_847' title='bbox 1374 2863 1611 2896; x_wconf 85' lang='lat' dir='ltr'><strong>compntabantnr.</strong></span> <span class='ocrx_word' id='word_1_848' title='bbox 1714 2895 1718 2896; x_wconf 22' lang='grc' dir='ltr'><em>ν</em></span> <span class='ocrx_word' id='word_1_849' title='bbox 1734 2895 1739 2896; x_wconf 20' lang='grc' dir='ltr'><strong>γ</strong></span> <span class='ocrx_word' id='word_1_850' title='bbox 1837 2889 1851 2896; x_wconf 20' lang='grc' dir='ltr'>ν,</span> 
     </span>
    </p>
   </div>
   <div class='ocr_carea' id='block_1_118' title="bbox 1157 2894 1895 2933">
    <p class='ocr_par' dir='ltr' id='par_1_118' title="bbox 1157 2894 1895 2933">
     <span class='ocr_line' id='line_1_119' title="bbox 1157 2894 1895 2933; baseline -0.009 -8"><span class='ocrx_word' id='word_1_851' title='bbox 1157 2899 1212 2933; x_wconf 64' lang='grc'>(26)</span> <span class='ocrx_word' id='word_1_852' title='bbox 1237 2897 1374 2925; x_wconf 67' lang='grc' dir='ltr'>Αἰεῑυοείε</span> <span class='ocrx_word' id='word_1_853' title='bbox 1397 2894 1469 2926; x_wconf 81' lang='lat' dir='ltr'><strong>enim</strong></span> <span class='ocrx_word' id='word_1_854' title='bbox 1487 2897 1513 2925; x_wconf 92' lang='lat' dir='ltr'><strong>in</strong></span> <span class='ocrx_word' id='word_1_855' title='bbox 1535 2896 1689 2932; x_wconf 80' lang='lat' dir='ltr'><strong>regionibus</strong></span> <span class='ocrx_word' id='word_1_856' title='bbox 1713 2895 1799 2922; x_wconf 83' lang='lat' dir='ltr'><strong>hieme</strong></span> <span class='ocrx_word' id='word_1_857' title='bbox 1817 2894 1895 2919; x_wconf 74' lang='lat' dir='ltr'><strong>ettam</strong></span> 
     </span>
    </p>
   </div>
   <div class='ocr_carea' id='block_1_119' title="bbox 1121 2933 1409 2962">
    <p class='ocr_par' dir='ltr' id='par_1_119' title="bbox 1121 2933 1409 2962">
     <span class='ocr_line' id='line_1_120' title="bbox 1121 2933 1409 2962; baseline -0.007 -1"><span class='ocrx_word' id='word_1_858' title='bbox 1121 2935 1238 2962; x_wconf 85' lang='lat' dir='ltr'><strong>tonitrua</strong></span> <span class='ocrx_word' id='word_1_859' title='bbox 1252 2933 1409 2960; x_wconf 85' lang='lat' dir='ltr'><strong>audiuntur.</strong></span> 
     </span>
    </p>
   </div>
  </div>
