2045 3215
129 212 180 236 W7

702 209 747 237 DE
767 204 1014 239 εοιειιΝιτΑτΕ
1033 208 1215 238 PASCHALI.

1715 207 1769 238 898

164 271 200 302 γ’.
217 264 304 301 Οὗτος
325 268 340 295 ὁ
357 268 406 304 τῆς
427 268 524 305 ἑορτῆς
551 268 663 303 καιρὸς,
691 269 850 304 Αἰγυπτίοις
879 269 929 305 μὲν

1016 271 1043 299 5.
1071 270 1127 298 Hoc
1146 268 1325 297 solemuitatis
1350 273 1456 304 tempus
1483 267 1616 304 Egyptlis
1634 268 1770 305 quidem,

129 314 242 351 ϐλεθρον
256 316 314 347 τοῖς
329 315 464 351 δαιμόνων
488 315 587 350 φίλοις,
613 315 752 351 Ἑϐραίοις
775 315 805 342 δὲ
829 316 926 352 ἑορτά-

131 361 207 394 ζουσι
239 361 280 397 τῷ
304 361 373 397 Θεῷ,
397 361 490 388 κακῶν
520 361 677 398 ἐλευθερίαν
702 362 861 397 προύξένει·
882 359 926 389 οὗ·

131 416 177 440 τος
190 405 313 443 (26⁸)ηῆν
333 408 415 440 αὐτὸς
432 409 546 439 ἐκεῖνος,
560 408 574 434 ὁ
585 408 617 444 δὴ
632 408 678 435 καὶ
695 409 740 435 ἐπὶ
751 409 801 444 τῆς
815 408 926 444 πρώτης

132 454 178 482 τοῦ
196 455 296 487 παντὸς
307 455 486 490 κοσμογονίας
510 455 706 491 τετηρημένος,
720 455 781 482 καθ’
802 455 831 481 ὃν
851 456 868 491 ἡ
888 455 925 490 γῆ

133 502 296 537 ἐϐλάστησε,
310 502 370 529 καθ’
381 503 410 529 ὃν
423 503 446 529 oi
461 502 604 538 φωστῆρες
618 502 751 536 ἐγένοντο,
761 502 821 528 καθ’
834 502 864 528 ὃν
881 502 927 528 οὐ-

134 550 214 586 ρανδς
227 549 273 576 καὶ
281 549 315 585 γῆ
322 549 502 584 παρήχθησαν
511 549 557 575 καὶ
567 548 655 575 πάντα
667 548 700 575 τὰ
711 549 738 575 ὲν
746 549 846 580 αὐτοῖς·
857 547 926 574 κατὰ

133 595 226 623 τοῦτον
238 595 284 622 καὶ
298 595 311 621 ὁ
320 594 414 629 Σωτὴρ
427 594 475 621 τοῦ
490 594 646 630 σύμπαντος
661 594 763 629 κόσμου
777 593 806 620 τὸ
823 594 872 629 τῆς
887 595 926 621 οἰ-

133 640 210 672 κείας
220 640 316 675 ἑορτῆς
329 639 467 672 ἐξετέλεσε
477 640 635 675 μυστήριον,
650 640 696 666 καὶ
705 640 754 675 τὴν
764 640 925 675 οἰκουμένην

134 688 211 723 ('27)6
224 688 311 723 μέγας
325 687 447 723 φωστὴρ,
459 687 597 719 εὐσεϐείας
608 687 706 721 αὐγαῖς
717 686 925 722 κατελάμπρυνε

134 733 180 760 καὶ
189 733 220 768 δὴ
228 732 364 767 γενέθλιον
375 732 477 767 κόσμου
486 732 500 758 ὁ
508 731 602 767 καιρὸς
613 731 752 767 περιέχειν
760 731 840 757 ἔοικε.
849 731 926 758 Κατὰ

133 780 226 807 τοῦτον
241 779 270 806 δὲ
289 779 335 806 τὸν
349 779 445 815 καιρὸν
459 779 506 805 καὶ
517 778 601 810 τύπος
617 778 741 808 ἐτελεῖτο,
757 777 788 804 τὸ
812 777 927 804 παλαιὸν

133 825 240 860 Πάσχα,
252 824 266 850 ὃ
284 825 330 852 καὶ
345 824 519 860 διαϐατήριον
530 823 638 859 εἴρηται
651 832 657 839 ·
679 822 747 849 ἀλλὰ
762 824 809 849 καὶ
823 823 926 858 προϐά-

133 881 180 898 του
195 871 303 906 σφαγῆς
317 870 451 906 σύμϐολον
464 870 578 906 ἔφερεν·
599 869 665 896 ἀλλὰ
679 869 725 896 καὶ
743 868 847 904 τροφῆς
863 868 927 900 ἀζύ-

135 926 193 952 μων
206 916 296 952 ἄρτων
312 916 433 951 ᾐνίττετο
449 915 550 941 εἰκόνα.
563 914 654 941 Ταῦτα
666 914 694 940 δὲ
711 914 756 940 ἐπὶ
768 913 816 945 τὴν
839 913 927 948 σωτή-

135 971 192 998 ριον
207 962 304 998 ἑορτὴν
327 962 435 988 ἅπαντα
454 960 672 996 συνεπληροῦτο”
688 960 758 986 τότε
777 958 831 993 γὰρ
856 958 924 993 πρό-

133 1007 214 1034 ϐατον
227 1007 308 1038 αὐτὸς
322 1004 357 1042 ἦν
375 1006 435 1032 καθ’
455 1006 468 1032 ὅ
490 1005 643 1041 περιέκειτο
658 1005 749 1040 σῶμα.
769 1004 853 1035 Αὐτὸς
878 1003 925 1030 καὶ

133 1054 209 1089 ἥλιος
223 1054 406 1088 δικαιοσύνης,
424 1053 502 1088 ἔαρος
518 1052 585 1087 δῆτα
608 1052 680 1078 Θείου
712 1051 759 1078 καὶ
788 1051 923 1087 σωτηρίου

133 1101 239 1136 τροπῆς
254 1100 308 1127 ἀπὸ
323 1100 452 1135 χειρόνων
467 1099 512 1126 ἐπὶ
530 1098 563 1125 τὰ
577 1099 692 1134 κρείττω
705 1097 749 1124 τὸν
762 1096 816 1122 τῶν
824 1095 926 1131 ἀνθρώ-

135 1156 193 1174 πων
211 1147 266 1182 βίον
292 1146 481 1180 διαλαϐούοης.
496 1145 653 1178 Αἰγυπτίων
669 1144 717 1179 μὲν
730 1142 854 1177 δαίμοσιν
871 1142 926 1167 εἰσ-

134 1196 174 1221 έτι
187 1195 233 1220 καὶ
255 1193 302 1220 νῦν
311 1193 434 1227 Θεήλατοι
457 1193 587 1228 μάστιγες
609 1190 843 1224 καταπέμπονται,
865 1187 925 1214 λαοὶ

134 1240 162 1266 δὲ
179 1239 316 1274 πανταχοῦ
331 1239 384 1274 γῆς
398 1238 535 1269 οἰκοῦντες
552 1237 601 1272 τὴν
618 1235 692 1270 σφῶν
704 1234 859 1270 ἐλευθερίαν
877 1232 925 1268 τὴν

136 1288 168 1313 ἐκ
178 1287 229 1321 τῆς
254 1285 439 1316 πολυπλανοῦς
450 1285 595 1319 ἀθεότητος
612 1281 781 1318 ἑορτάζουσι.
794 1280 854 1306 Τῶν
866 1279 927 1305 λαο-

135 1330 244 1357 πλανῶν
258 1331 287 1356 δὲ
308 1330 471 1364 πνευμάτων
498 1328 697 1363 πεπαυμένων.
726 1327 773 1352 καὶ
795 1324 927 1361 χειμῶνος

138 1377 240 1409 κακῶν,
256 1375 357 1403 καινῶν
375 1375 488 1410 καρπῶν
511 1374 625 1410 εὐφορία
636 1373 772 1409 διαφόροις
794 1372 929 1407 χαρίσμα-

138 1432 178 1450 σιν
195 1423 273 1457 ἁγίου
282 1422 441 1457 Πνεὺματος
453 1421 502 1458 τὴν
528 1420 690 1455 Ἐκκλησίαν
710 1419 757 1446 τοῦ
774 1419 842 1445 Θεοῦ
869 1426 930 1444 στε-

136 1469 231 1504 φανοῖ·
247 1469 294 1495 καὶ
308 1467 400 1499 ἁπλῶς
418 1468 471 1494 πᾶν
486 1467 563 1501 γένος
577 1466 729 1502 ἀνθρώπων
753 1465 799 1491 ἐπὶ
812 1464 843 1491 τὸ
859 1464 929 1500 ὴμέ-

136 1523 216 1550 τερον
230 1513 427 1548 μεταϐέϐληται
438 1521 444 1527 ·
459 1513 547 1548 χῶραι
560 1512 588 1539 δὲ
600 1513 697 1541 πᾶσαι,
710 1511 777 1547 πρὸς
788 1510 835 1538 τοῦ
844 1519 931 1546 γεωρ-

137 1560 188 1595 γοῦ
216 1560 300 1594 Λόγου
321 1559 370 1595 τῆς
387 1559 455 1586 κατὰ
482 1559 570 1594 ψυχὴν
595 1558 732 1593 γεωργίας
743 1557 883 1593 τυχοῦσαι,
898 1556 931 1583 τὰ

136 1608 227 1643 ὡραῖα
246 1607 294 1642 τῆς
316 1606 416 1642 ἀρετῆς
437 1605 504 1640 ἄνθη
522 1605 736 1640 βεϐλαστήκασιν
750 1612 756 1620 ·
786 1603 853 1631 ἀλλὰ
884 1603 931 1629 καὶ

942 955 962 983 Β

136 1654 191 1681 τῶν
203 1653 251 1680 τοῦ
275 1653 388 1684 σκότους
407 1652 500 1679 κακῶν
523 1651 752 1686 ἠλευθερωμένοι,
784 1648 872 1685 φωτὸς
899 1649 928 1675 ἐν
942 1643 963 1671 C

137 1701 228 1737 ἡμέρᾳ
242 1699 311 1727 Θεοῦ
323 1699 450 1735 γνώσεως
469 1698 687 1734 κατηξιώθημεν.

175 1748 207 1774 δ’.
215 1746 335 1773 Τοιαῦτα
350 1745 384 1773 τὰ
393 1745 473 1772 καινὰ
484 1745 633 1780 μαθήματα
645 1744 728 1771 πάλαι
738 1744 786 1779 μὲν
800 1744 843 1771 διὰ
860 1752 929 1780 συμ-

138 1794 223 1820 ϐόλων
245 1792 458 1828 ὲπεσκιασμένα,
486 1791 583 1818 νεωστὶ
608 1791 636 1817 δὲ
651 1792 691 1822 εις
707 1791 765 1825 φῶς
795 1791 931 1819 ἀνακεκα-

138 1839 274 1875 λυμμένα.
291 1840 345 1866 Καὶ
359 1838 391 1874 δὴ
406 1839 454 1865 καὶ
467 1839 549 1873 ἡμεῖς
559 1837 589 1863 τὸ
608 1837 753 1872 κεφάλαιον
773 1838 823 1872 τῆς
835 1837 931 1872 ἑορτῆς

139 1886 247 1914 κύκλων
264 1886 320 1922 (28)
338 1885 471 1922 περιόδοις
482 1885 541 1911 καθ’
550 1885 664 1911 ἕκαστον
674 1885 732 1916 ἔτος
739 1884 932 1920 ἀναζωπυροῦ⁹

141 1941 201 1965 μεν,
210 1932 348 1968 προέορτα
368 1931 417 1967 μὲν
435 1931 665 1967 προπαρασκευῆς
675 1931 756 1957 ἕνεκα
767 1931 816 1966 τὴν
832 1939 932 1956 τεσσα-

141 1979 258 2016 ρακονθή
263 1987 345 2014 μερον
352 1978 467 2013 ἄσκησιν
477 1977 736 2013 παραλαμϐάνοντες
746 1976 817 2002 κατὰ
827 1976 871 2002 τὸν
879 1976 933 2002 τῶν

141 2026 228 2060 ἁγίων
244 2025 324 2060 ζῆλον
341 2024 479 2055 Μωῦσὲως
495 2023 541 2050 καὶ
561 2023 661 2055 Ἡλίου,
677 2023 726 2058 τὴν
737 2022 764 2048 δὲ
779 2023 874 2058 ἑορτὴν
886 2022 934 2048 αὑ-

142 2073 190 2108 τὴν
201 2073 242 2105 είς
258 2071 373 2107 ἄληστον
393 2070 479 2097 αἰῶνα
494 2069 695 2104 ἀνανεούμενοι.
710 2068 765 2104 Τὴν
783 2068 848 2103 γοῦν
865 2068 934 2103 πρὸς

142 2120 187 2146 τὸν
213 2118 281 2144 Θεὸν
298 2116 410 2153 πορείαν
436 2115 617 2150 στελλόμενοι,
642 2115 691 2147 τὰς
719 2115 768 2150 μὲν
789 2114 873 2149 ὀσφῦς
903 2112 933 2141 εὖ

144 2165 217 2201 μάλα
234 2163 328 2198 δεσμῷ
358 2162 534 2198 σωφροσύνης
556 2161 749 2197 περιδούμεθα,
776 2160 811 2187 τὰ
834 2161 861 2187 δὲ
886 2161 935 2197 τῆς

142 2211 232 2246 ψυχῆς
258 2209 410 2245 βαδίσματα
428 2209 457 2235 ἐν
474 2207 608 2243 ἀσφαλείᾳ
632 2207 822 2241 φυλάττοντες.
841 2206 935 2243 ὥσπερ

143 2259 173 2284 ὲν
187 2257 341 2292 ὑποδήμασι
368 2255 400 2291 δὴ
423 2256 468 2282 τὸν
484 2255 584 2291 δρόμον
607 2254 657 2289 τῆς
672 2254 797 2289 οὐρανίου
815 2253 937 2288 κλήσεως

145 2303 402 2339 παρασκευάζομεν·
419 2302 554 2337 βακτηρίᾳ
573 2300 602 2327 δὲ
619 2300 698 2335 λόγου
715 2300 788 2327 Θείου
804 2301 833 2327 ἐν
850 2299 937 2335 εὐχῶν

143 2350 260 2385 δυνάμει
282 2349 350 2385 πρὸς
377 2349 483 2384 ἄμυναν
504 2347 609 2383 ἐχθρῶν
633 2346 780 2383 χρώμενοι,
796 2347 844 2373 σὺν
862 2346 937 2382 πάσῃ

144 2396 285 2433 προθυμίᾳ
298 2395 471 2431 διαϐαίνομεν
482 2395 530 2430 τὴν
539 2395 579 2426 εἰς
587 2394 719 2429 οὐρανοὺς
730 2394 865 2430 φέρουσαν
878 2393 936 2420 διά-

145 2443 235 2475 ϐασιν,
251 2442 411 2473 σπεύδοντες
424 2441 478 2467 ἀπὺ
490 2440 544 2467 τῶν
561 2439 623 2475 τῇδε
641 2439 688 2466 ἐπὶ
702 2439 736 2466 τὰ
750 2440 871 2475 οὐράνια,
889 2439 937 2466 καὶ

144 2489 199 2516 ἀπὸ
208 2488 282 2523 ζωῆς
296 2488 397 2524 θνητῆς
409 2487 455 2514 ἐπὶ
471 2487 520 2522 τὴν
537 2486 679 2513 ἀθάνατον·
696 2485 768 2512 οὕτω
782 2486 837 2522 γὰρ
851 2485 937 2512 διαδὲ-

146 2535 220 2568 ξεται
244 2535 318 2570 ἡμᾶς
332 2534 456 2561 ἐντεῦθεν
475 2533 510 2560 τὰ
530 2533 694 2568 διαϐατήρια
719 2530 748 2559 εὖ
777 2532 824 2558 καὶ
848 2531 938 2564 καλῶς

146 2580 344 2616 διαϐεϐηκότας
364 2580 431 2615 ἄλλη
455 2588 497 2611 τις
515 2580 615 2615 μείζων
639 2579 729 2615 ἑορτή·
749 2579 938 2614 Πεντηκοστὴν

147 2627 232 2662 αὐτὴν
249 2626 363 2662 ἐπίκλην
380 2626 512 2663 Ἐϐραίων
528 2625 622 2657 παῖδες
644 2624 832 2660 ὀνομάζουσιν,
847 2625 938 2651 εἰκόνα

150 2673 288 2703 φέρουσαν
309 2673 359 2708 τῆς
382 2672 436 2699 τῶν
458 2671 581 2708 οὐρανῶν
608 2671 754 2706 βασιλείας.
772 2670 853 2704 Λέγει
874 2670 939 2706 γοῦν

186 2721 210 2736 ⁸⁵
224 2721 304 2748 Deut.
317 2728 373 2752 nt.
385 2721 414 2750 9.

183 2766 253 2802 (26⁸)
264 2767 415 2800 Sequentes
429 2765 554 2793 versiculi
569 2765 691 2802 undecim
706 2772 792 2802 usque
802 2766 835 2802 ad
847 2765 877 2792 τὸ
890 2775 939 2792 πα-

149 2799 223 2828 λαιὸν
245 2799 363 2837 Πάσχα,
386 2802 504 2837 citantur
528 2809 560 2828 ea:
591 2800 710 2837 Eusebio
724 2800 767 2832 {De
782 2799 936 2837 rl’aﬁschate,

152 2837 283 2864 Εὐσεϐίου
298 2837 362 2873 περ).
375 2836 421 2873 τοῦ
438 2836 545 2873 Πάσχα,
559 2836 641 2862 etiam
659 2836 812 2873 ablacariq
820 2836 938 2873 Chryso-

150 2873 263 2907 rephan
279 2872 304 2899 in
324 2870 373 2899 sua
397 2870 618 2907 inedita'catena
637 2871 699 2907 cod,
713 2871 743 2897 E.
763 2870 782 2897 f.
799 2870 844 2903 95,
865 2870 892 2903 li.
910 2877 937 2899 et

151 2907 258 2940 quidem
271 2915 326 2935 non
339 2907 398 2934 sine
415 2906 506 2933 verbis
526 2906 606 2939 pattlo
621 2906 744 2941 pluribus
756 2914 835 2940 quam
858 2914 872 2933 a
891 2906 935 2933 Ni-

151 2947 227 2977 ceta;
248 2942 424 2979 quamobrem
440 2949 473 2970 ex
494 2941 610 2970 Eusebio
625 2941 715 2977 potius
734 2942 792 2977 ipso
806 2949 886 2977 quam
902 2950 935 2970 ex

953 2316 976 2345 D

976 322 1070 352 utpote
1090 317 1244 343 daemonum
1256 314 1366 347 amicis,
1380 314 1516 346 exitium;
1534 313 1654 343 Hebraeis
1676 321 1767 344 autem

977 364 1062 391 Deum
1081 363 1149 390 festo
1162 363 1216 389 ritu
1231 361 1443 393 celebrantibus,
1453 361 1586 388 malorum
1601 361 1680 389 tinent
1698 368 1767 390 attu-

976 410 1015 437 lit.
1034 410 1089 437 Hoc
1111 409 1181 436 idettt
1200 413 1260 436 erat
1276 407 1339 434 anui
1355 412 1473 442 tempus,
1494 407 1565 440 quod
1583 407 1610 434 in
1632 408 1768 444 primitiva

975 457 1058 483 etiam
1077 455 1195 483 universi
1214 454 1352 493 creatione
1375 453 1551 486 decurrebat,
1572 461 1626 489 quo
1649 459 1770 489 tempore

978 507 1050 529 terra
1075 501 1246 537 germinavit.
1271 505 1298 527 et
1329 499 1473 527 luminaria
1501 500 1663 527 exstiterunt
1687 508 1694 527 :
1716 507 1770 535 quo

978 553 1099 582 tetupore
1114 547 1222 578 malum,
1240 551 1330 578 terra,
1351 549 1378 572 et
1397 545 1488 572 omnia
1506 553 1568 580 qua:
1586 545 1613 572 in
1633 547 1673 574 eis
1691 552 1769 580 sunt,

977 593 1106 628 producta
1126 592 1247 619 fuerunt.
1264 591 1320 618 lloc
1334 591 1392 625 ipso
1409 595 1530 625 tempore
1547 591 1664 619 universi
1677 592 1769 620 mundi

977 640 1106 667 Servator
1121 637 1302 665 solumuitatis
1316 645 1371 664 suae
1387 637 1545 671 mysterium
1560 638 1674 673 peregit;
1689 642 1771 673 atque

977 685 1069 712 orbem
1085 689 1220 711 terrarum
1240 683 1373 710 luminare
1394 691 1519 716 maguum
1536 690 1607 711 verm
1632 684 1771 719 religionis

977 731 1168 766 splendorihus
1182 730 1346 761 illustravit,
1362 729 1511 763 mundique
1537 730 1627 757 natale
1642 730 1772 758 reducere

976 778 1064 805 visunt
1082 781 1134 805 est.
1160 776 1216 803 Hoc
1233 780 1356 810 lentpore
1375 775 1459 809 ﬁgura
1477 776 1678 809 perficiebatur,
1694 782 1772 805 vetus

978 824 1104 851 nimirum
1119 822 1224 849 Pascha
1239 829 1286 849 seu
1304 821 1436 848 transitus
1455 830 1461 848 ε
1480 822 1590 856 insuper
1605 822 1686 849 etiam
1703 830 1773 859 synt-

978 868 1068 896 bulttttt
1083 876 1159 895 (τηειρ
1172 868 1230 895 ovis
1247 868 1345 898 liehat;
1358 867 1476 902 denique
1495 868 1583 902 azymi
1600 868 1677 902 panis
1699 876 1772 900 esus,

979 915 1104 948 imaginis
1118 913 1258 947 cujusdam
1277 913 1365 939 instar
1378 917 1446 939 erat.
1466 913 1531 945 Quae
1552 914 1643 941 omnia
1658 914 1684 941 itt
1710 914 1774 942 Ser-

976 963 1077 989 vatoris
1102 962 1276 990 solemnitate
1303 960 1437 994 completa
1470 965 1546 988 sunt.
1576 959 1699 996 Namque
1729 961 1772 988 illa

976 1009 1046 1041 ovis,
1076 1008 1133 1039 ipse
1159 1012 1229 1039 erat,
1252 1012 1386 1042 quatenus
1419 1014 1519 1041 corpus
1550 1006 1772 1041 circumpositum

977 1055 1105 1082 habebat.
1121 1055 1180 1088 ipse
1197 1054 1279 1080 etiam
1294 1053 1334 1079 sol
1345 1052 1459 1085 justitia:
1472 1074 1479 1085 ,
1498 1060 1560 1079 cum
1576 1053 1632 1087 jam
1648 1060 1695 1079 ver
1707 1053 1774 1080 divi-

978 1109 1020 1128 na:
1034 1101 1215 1135 salutaris-que
1231 1099 1421 1128 conversionis
1436 1107 1450 1125 a
1470 1099 1653 1126 deterioribus
1674 1099 1700 1125 ltt
1714 1107 1773 1126 mc-

978 1148 1057 1179 liora,
1077 1148 1216 1174 hominum
1240 1145 1362 1173 tttoribus
1384 1145 1552 1179 supervenit.
1584 1144 1773 1181 Egyptiorum

978 1194 1071 1227 utique
1091 1193 1260 1219 dauuonibus
1288 1199 1362 1218 nunc
1378 1191 1461 1218 etiam
1483 1191 1568 1226 plaga:
1583 1191 1771 1226 imponuntur,

979 1240 1070 1274 populi
1083 1240 1183 1274 tibique
1200 1244 1335 1265 terrarum
1354 1237 1506 1264 incolentes
1521 1237 1676 1265 libertatem
1697 1245 1773 1265 suant

979 1295 992 1312 a
1020 1285 1181 1313 multiformi
1211 1284 1421 1318 irreligiositatis
1438 1290 1532 1310 errore
1560 1283 1683 1311 hilariter
1704 1283 1775 1312 cele-

980 1333 1068 1360 brant.
1105 1332 1274 1365 Compressis
1297 1337 1362 1364 ergo
1390 1329 1581 1363 dcceptorihus
1614 1329 1773 1364 populorum

980 1379 1121 1413 spiritibus
1142 1383 1168 1404 et
1193 1366 1325 1404 malorum
1354 1376 1454 1407 hietue,
1480 1383 1610 1403 novorum
1636 1375 1774 1403 fructuum

981 1426 1088 1451 ubertas
1100 1423 1183 1450 variis
1205 1423 1292 1450 sancti
1317 1422 1437 1457 Spiritus
1459 1421 1538 1448 donis
1556 1421 1603 1448 Dei
1624 1421 1774 1449 Ecclesiam

981 1475 1114 1503 exornat;
1143 1475 1226 1504 atque
1252 1473 1283 1495 ιιι
1310 1467 1467 1496 summatim
1493 1467 1594 1500 dicam,
1619 1467 1775 1496 univertum

983 1517 1123 1544 hominum
1149 1523 1234 1550 genus
1262 1515 1296 1542 ad
1328 1518 1420 1548 partes

982 1568 1087 1590 cuncta:
1104 1563 1229 1598 regiones
1243 1570 1256 1589 a
1277 1562 1365 1588 Verbo
1380 1560 1498 1596 agricola
1522 1561 1619 1588 animae
1643 1560 1775 1587 culturam

984 1615 1112 1645 expertm,
1126 1609 1255 1644 pulchros
1269 1609 1378 1635 virtutis
1391 1608 1472 1635 ﬂores
1484 1607 1671 1643 gertninarunt
1689 1615 1697 1634 :
1715 1614 1777 1633 nos-

980 1664 1032 1691 que
1058 1656 1177 1683 tenebris
1206 1657 1340 1683 malorum
1371 1655 1476 1688 erepti,
1506 1654 1566 1681 luce
1592 1653 1664 1687 digni
1691 1653 1776 1681 habiti

982 1704 1081 1729 fuinuts
1092 1710 1144 1737 qua
1162 1702 1206 1729 die
1224 1701 1270 1728 Dei
1288 1701 1413 1728 notitiam
1430 1701 1579 1727 hausimus.

1016 1749 1042 1775 4.
1061 1748 1121 1775 ihec
1141 1753 1204 1775 sunt
1217 1752 1284 1774 nova
1302 1746 1477 1779 documenta,
1495 1746 1558 1772 olittt
1579 1744 1687 1780 quidem
1705 1751 1776 1781 sym-

982 1795 1050 1822 bolis
1063 1794 1234 1824 obuuthrata,
1249 1800 1334 1827 nuper
1349 1797 1439 1818 autent
1454 1793 1480 1819 itt
1496 1792 1583 1819 lucem
1602 1790 1775 1818 manifestam

982 1840 1097 1875 prolata.
1113 1840 1146 1867 Et
1165 1840 1273 1874 quidem
1294 1843 1348 1865 nos’
1356 1838 1436 1865 etiam
1456 1838 1562 1864 initiutn
1582 1838 1662 1872 hujus
1681 1837 1777 1864 solent-

984 1887 1076 1915 nitatis
1101 1886 1238 1922 cyclorum
1262 1886 1380 1921 periodis
1400 1885 1513 1919 singulis
1539 1885 1617 1911 annis
1638 1885 1777 1911 instaura-

985 1943 1064 1967 mus;
1083 1940 1145 1962 ante
1170 1935 1269 1961 festum
1296 1934 1416 1968 quidem,
1443 1933 1649 1968 prmparationis
1675 1940 1777 1966 causa,

984 1981 1218 2016 quadragesimale
1229 1981 1390 2007 exercitium
1401 1985 1582 2012 assumentes,
1590 1984 1699 2007 sanctos
1709 1979 1777 2014 Μογ-

985 2035 1041 2054 sent
1059 2032 1086 2053 et
1101 2025 1204 2053 Heliam
1224 2025 1371 2058 imitantes,
1387 2025 1473 2059 ipsum
1490 2032 1554 2052 vero
1567 2025 1663 2051 festum
1674 2031 1721 2059 per
1738 2023 1778 2050 itt-

985 2072 1115 2100 cessahile
1131 2079 1217 2099 aevum
1245 2076 1407 2106 repetentes.
1437 2071 1507 2105 Ergo
1527 2070 1624 2107 itinere
1639 2070 1672 2097 ad
1694 2070 1778 2096 Deum

985 2125 1121 2154 suscepto,
1140 2119 1247 2146 lumbos
1269 2118 1391 2153 apprime
1414 2118 1602 2152 temperantiae
1627 2125 1693 2144 zona
1712 2125 1779 2152 prm-

986 2166 1131 2200 cingintus,
1155 2165 1253 2192 aniune
1277 2172 1342 2191 vero
1373 2172 1484 2199 gressus
1511 2167 1588 2191 caute
1616 2164 1779 2195 munientesI

988 2217 1117 2246 tanquam
1132 2211 1244 2238 calceati
1262 2210 1383 2238 cmlestis
1398 2210 1550 2237 vocationis
1572 2217 1682 2236 cursum
1705 2209 1780 2235 insti-

989 2257 1091 2284 tuimus
1107 2265 1113 2283 :
1130 2257 1261 2292 virgaque
1286 2256 1369 2282 divini
1396 2255 1484 2287 verbi.
1510 2263 1564 2282 non
1592 2255 1650 2281 sine
1670 2260 1779 2288 precum

990 2305 1100 2335 virtute,
1123 2304 1157 2330 ad
1182 2302 1352 2337 repellendos
1372 2303 1464 2330 hostes
1488 2307 1611 2332 utentes,
1627 2308 1688 2326 cum
1705 2300 1779 2326 omni

990 2350 1130 2377 alacritate
1147 2350 1180 2376 ad
1207 2349 1340 2376 ferentem
1359 2350 1385 2376 in
1408 2350 1492 2376 cmlos
1515 2347 1676 2379 transitum,
1690 2346 1723 2372 ab
1739 2345 1781 2373 his

991 2396 1090 2423 infimis
1102 2395 1134 2423 ad
1149 2403 1278 2430 superna.
1296 2403 1311 2422 a
1331 2394 1438 2422 mortali
1460 2394 1514 2421 vita
1530 2393 1563 2419 ad
1592 2391 1781 2418 immortalita-

992 2447 1044 2468 tetn
1059 2449 1248 2476 properamus.
1260 2441 1305 2468 Sic
1319 2441 1390 2468 enim
1406 2444 1516 2475 peracto
1527 2438 1642 2466 feliciter
1652 2437 1780 2470 transitu,

990 2489 1074 2522 major
1087 2488 1138 2515 alia
1152 2488 1268 2523 excipiet
1278 2495 1327 2516 nos
1334 2487 1491 2515 solemnitas
1499 2487 1589 2520 (quant
1603 2484 1780 2513 Pentecosteu

991 2534 1106 2562 Hebraei
1119 2534 1271 2569 nominant)
1292 2534 1366 2568 regni
1378 2533 1508 2561 caelorum
1523 2532 1669 2566 imaginem
1686 2538 1741 2565 prae
1751 2537 1781 2557 se

990 2580 1092 2607 ferens.
1107 2579 1153 2606 Ait
1170 2579 1262 2613 itaque
1280 2578 1386 2613 Moyses
1405 2576 1468 2604 :Ex
1482 2585 1533 2612 quo
1555 2575 1648 2611 falcem
1667 2576 1694 2602 in
1716 2583 1782 2602 met-

989 2635 1043 2654 aem
1057 2626 1171 2656 miseris,
1185 2624 1336 2652 numerabis
1353 2624 1400 2651 tibi
1415 2630 1509 2659 septem
1533 2623 1719 2655 hebdomadas,
1735 2630 1780 2648 no-

992 2681 1089 2708 tosque
1104 2681 1185 2707 panes
1207 2680 1240 2699 ex
1257 2679 1323 2698 nova
1335 2678 1418 2698 messe
1430 2677 1559 2705 propone:
1576 2674 1637 2696 ante
1651 2668 1734 2696 Deum
1747 2668 1780 2695 “.

994 2765 1086 2792 Niccta
1100 2764 1222 2791 hausisse
1238 2763 1344 2789 videtur
1355 2761 1498 2790 Macarius.

1028 2800 1095 2836 (27))
1105 2799 1174 2836 βοᾷ.
1190 2799 1239 2834 τὴν
1245 2798 1376 2836 ῥφήλιον.

1028 2830 1091 2870 (28"
1104 2833 1174 2860 Dicit
1194 2830 1307 2868 cy‘clum'
1323 2832 1499 2870 paschalemrx
1515 2831 1664 2870 cuiusmodi
1691 2830 1783 2870 plures

993 2871 1019 2897 iu
1033 2866 1161 2903 'antiquis
1175 2866 1359 2895 monumentis
1377 2873 1430 2894 tant
1447 2867 1557 2902 scriptis
1571 2873 1653 2903 quam
1668 2866 1782 2903 sculptis

991 2902 1228 2932 exstantJVidcsis
1241 2904 1363 2938 Inscript.
1378 2903 1437 2931 chr.
1455 2904 1525 2937 apud
1543 2910 1604 2936 nos,
1619 2902 1716 2938 Script.
1733 2906 1781 2929 ut.

992 2945 1010 2968 t.
1033 2940 1065 2971 V.
1084 2948 1109 2972 ι).
1125 2939 1159 2966 70
1173 2945 1200 2967 et
1216 2939 1277 2966 472.

1459 1519 1568 1541 nostras
1608 1513 1775 1543 transilivit:
1804 1528 1811 1533 ι
