2045 3215
258 185 310 212 699

597 180 732 209 EUSEBH
752 180 990 209 CAESARIENSIS
1009 181 1085 209 OPP.
1106 182 1196 210 PARS
1213 181 1258 209 IV.
1283 196 1315 201 —
1334 177 1546 207 DOGMATICA.

1839 178 1891 206 700

260 244 437 280 Signillcabat
448 251 546 280 nempe
569 245 728 280 prophetica
746 245 796 272 bac
811 244 896 279 figura
915 252 962 279 per
983 252 1054 272 mes-

1106 246 1236 280 Μωῡσῆς·
1267 242 1449 278 Ἀρχομένου
1460 249 1519 268 σου
1537 240 1687 274 δρέπανον
1708 239 1754 266 ἐπ’
1771 240 1891 275 ἄμητον,

259 300 316 320 sem
333 291 442 327 quidem
460 292 630 319 vocationem
646 290 778 326 gentium,
790 297 838 325 per
854 298 937 317 novos
956 299 1050 325 panes,

259 337 364 364 animas
378 337 478 364 Christi
494 337 598 364 meritis
608 336 714 363 oblatas
729 335 794 369 Deo,
814 336 1005 371 ecclesiasque
1017 344 1050 363 ex

259 383 376 411 ethnicis
390 382 529 415 conliatas,
545 389 658 417 quarum
682 389 764 409 causa
788 382 935 409 maximum
952 381 1051 409 festum

260 429 332 463 apud
346 429 492 464 benignum
509 429 590 455 Deum
608 427 648 455 lit.
661 427 783 462 Namque
796 427 974 455 ratioaalibus
986 436 1052 463 apo-

260 475 390 503 stolorum
406 475 521 502 falcibus
536 474 665 506 demessi,
683 469 789 501 cuiu-tis
804 474 903 508 ubique
916 480 1050 501 terrarum

259 521 384 548 ecclesiis
414 525 543 554 tauquam
569 520 595 546 in
613 528 676 547 area
705 520 833 554 globatim
862 521 1049 555 congregatis,

260 566 386 595 concordi
403 566 464 594 ﬁdei
484 566 619 593 sententia
643 566 799 600 corporali,
815 565 872 592 sale
896 566 1049 593 divinarum

261 612 444 640 doctrinarum
467 618 499 638 ac
515 611 716 645 disciplinarum
732 611 844 644 conditi,
860 619 928 645 aqua
944 616 972 637 et
991 611 1051 647 igne

260 657 349 683 sancti
378 656 494 690 Spiritus
523 656 683 690 regenerati,
709 663 794 690 panes
813 656 917 684 escales
935 655 1050 690 jucundi

260 702 385 736 gratique
401 701 456 729 Deo
472 709 520 736 per
533 701 670 729 Christum
688 701 838 729 oll‘erinmr.

1104 291 1179 318 ἑπτὰ
1195 289 1362 325 ἑϐδομάδας
1385 287 1560 323 ἀριθμήσι-ις
1584 286 1711 319 σεαυτῷ,
1734 287 1783 313 καὶ
1807 288 1893 321 νέους

1105 335 1214 370 ἄρτους
1227 335 1261 362 ἐκ
1269 335 1346 362 νέων
1354 333 1475 368 ἀμήτων
1484 331 1671 366 παραθήσεις
1684 332 1723 365 τῷ
1735 332 1806 364 Θεῷ.
1818 332 1892 369 Ἐδή-

1103 381 1150 408 λου
1162 381 1191 408 δὲ
1205 381 1260 414 ἄρα
1281 379 1443 416 προφητικῷ
1457 378 1534 414 τύπῳ
1547 378 1652 414 ἄμητον
1674 378 1725 413 μὲν
1739 378 1794 404 τῶν
1812 378 1893 405 ἐθνῶν

1103 428 1153 464 τὴν
1174 427 1281 462 κλῆσιν,
1298 426 1374 458 νέους
1384 425 1412 452 δὲ
1429 425 1528 460 ἄρτους
1540 424 1590 456 τὰς
1600 424 1645 451 διὰ
1656 423 1773 460 Χριστοῦ
1788 423 1826 459 τῷ
1839 424 1894 460 Θεῷ

1104 473 1358 510 προσενηνεγμένας
1371 471 1470 507 ψυχὰς,
1481 471 1530 502 τάς
1543 479 1573 497 τε
1585 470 1614 504 ἐξ
1626 470 1710 497 ἐθνῶν
1741 470 1894 505 ἐκκλησίας,

1103 519 1146 554 ἐφ’
1163 518 1207 551 αἷς
1231 519 1312 554 ἑορτὴ
1338 518 1453 554 μεγίστη
1471 517 1510 553 τῷ
1528 516 1712 552 φιλανθρώπῳ
1731 516 1791 552 Θεῷ
1806 525 1895 544 συντε-

1101 565 1198 592 λεῖται-
1223 565 1247 592 οἳ
1271 566 1331 597 ταῖς
1350 565 1403 591 τῶν
1427 564 1583 591 ἀποστόλων
1602 563 1724 597 λογικαῐς
1746 563 1893 599 δρεπάναις

1102 610 1283 646 θερισθέντες,
1307 611 1354 637 καὶ
1373 610 1466 646 ὥσπερ
1480 610 1520 641 είς
1536 609 1607 641 ἆλως
1617 609 1674 641 τὰς-
1681 609 1837 644 ἁπανταχοῦ
1849 610 1896 644 γῆς

1102 657 1267 692 Ἐκκλησίας
1284 656 1460 692 συναχθέντες
1478 656 1522 690 ὑφ’
1539 656 1578 688 ἓν,
1591 655 1725 691 ὁμοφώνῳ
1736 664 1767 682 τε
1783 655 1897 683 διαθέσει

1103 703 1221 734 πίστεως
1241 702 1521 738 σωματοποιηθέντες,
1539 703 1587 729 καὶ
1603 702 1664 729 ἁλσὶ
1688 704 1745 734 τοῖς
1764 702 1819 729 ἀπὸ
1846 703 1897 729 τῶν

260 747 340 776 θείων
354 748 440 783 λόγων
467 748 626 784 μαθήμασιν
642 748 844 784 ὲξαρτυθέντες,
862 749 895 776 δι’
915 748 1011 781 ὕδατός
1027 758 1057 776 τε
1076 750 1123 776 κα)¹
1149 751 1235 785 πυρὸς
1257 750 1335 784 ἁγίου
1368 749 1526 785 Πνεύματος
1557 749 1797 785 ἀναγεννηθέντες,
1824 749 1898 785 ἄρτοι

260 796 390 832 τρόφιμοι
406 797 552 832 προσηνεῖς
568 797 615 823 καὶ
627 796 738 831 ἀρεστοὶ
754 797 794 832 τῷ
807 797 867 833 Θεῷ
878 797 923 824 διὰ
937 797 1054 833 Χριστοῦ
1076 797 1298 833 προσφερόμεθα.

297 842 324 870 5.
337 842 383 870 Sic
396 850 461 877 ergo
486 842 654 877 propheticis
669 842 767 876 Moysis
790 843 920 878 symbolis
944 844 970 870 in
994 851 1049 870 rem

1136 848 1173 872 ε’.
1189 844 1280 880 Ταύτῃ
1300 851 1338 878 πη
1356 843 1410 869 τῶν
1423 843 1498 878 παρὰ
1515 843 1628 870 Μωῦσεῖ
1640 841 1819 878 προφητικῶν
1834 851 1898 877 συμ-

261 896 353 916 veram
373 889 509 916 sanctiore
532 887 629 916 eﬂ‘ectu
647 888 762 921 collatis,
783 889 914 917 laetiorem
937 898 987 917 nos
1010 898 1054 918 so-

262 934 432 961 lemnitatem
458 941 539 968 agere
567 934 716 961 traditione
738 934 894 967 didicimus,
923 943 974 963 ceu
997 936 1053 970 jam

262 987 322 1006 cum
353 979 499 1006 ServatOre
525 983 620 1006 nostro
647 979 809 1012 coadunati,
832 979 945 1014 ejusque
973 987 1055 1014 regno

263 1025 392 1052 fruentes.
407 1024 554 1060 Propterea
567 1025 641 1052 nullo
652 1024 731 1051 nobis
740 1024 833 1052 labore
842 1027 961 1052 ascetico
972 1026 1054 1053 atteri

263 1071 332 1097 intra
358 1070 409 1097 hoc
426 1069 524 1098 festum
543 1071 712 1102 conceditur,
731 1072 779 1097 sed
806 1076 922 1105 sperata:
934 1072 960 1098 in
974 1071 1055 1098 caelis

262 1117 361 1151 quietis
381 1117 524 1150 imaginem
546 1117 678 1144 exhibere
710 1117 849 1144 docemur.
863 1118 954 1151 Quare
966 1126 1015 1145 nec
1028 1119 1053 1145 in

263 1162 389 1197 precibus
422 1170 495 1196 genu
526 1163 672 1195 ﬂectimus,
695 1170 784 1198 nequc
811 1163 864 1190 cibi
889 1164 1054 1191 abstinentia

263 1212 369 1236 nosmet
389 1208 544 1243 all'ligimus.
563 1209 668 1236 Etenim
691 1218 750 1242 eos,
774 1210 915 1244 quibusin
936 1211 990 1237 Deo
1014 1218 1056 1238 re—

263 1253 391 1287 surgendi
409 1253 496 1288 gratia
509 1254 630 1287 l'uit,jam
645 1263 698 1282 non
714 1255 793 1282 decet
808 1257 896 1282 detiuo
908 1256 981 1282 humi
994 1264 1055 1288 pro-

266 1299 398 1326 cumbere
414 1306 421 1330 ;
437 1306 497 1330 nec,
513 1300 685 1333 passionihus
704 1300 842 1331 liberatos,
860 1301 934 1334 paria
952 1301 1055 1335 perpeti

264 1353 325 1372 cum
354 1345 497 1379 mancipiis
514 1346 703 1380 cupiditatum.
729 1346 911 1379 Quamobrem
927 1352 989 1382 post
1002 1348 1054 1374 Pa-

265 1392 330 1418 scha
347 1391 527 1419 Pentecosten
549 1397 652 1425 septem
670 1393 847 1420 hebdomadis
862 1393 971 1428 integris
982 1394 1055 1420 cele-

265 1435 377 1462 bramtts
393 1444 400 1468 ;
419 1436 488 1462 sicut
517 1436 645 1469 praevium
663 1435 788 1463 Pascltati
815 1441 921 1471 tempus
940 1438 1056 1472 quadra-

266 1481 402 1516 gesimalis
419 1481 539 1508 exercitii
573 1489 620 1508 sex
645 1481 822 1510 hebdomadis
839 1483 954 1510 viriliter
974 1483 1056 1510 susti-

266 1527 384 1554 nuimus.
411 1527 479 1554 Nam
505 1528 629 1555 senarius
654 1536 782 1555 notuerus
811 1534 950 1562 actuosus,
966 1535 995 1556 ut
1018 1529 1053 1556 ita

265 1572 364 1604 dicam,
379 1577 421 1599 est
435 1577 463 1599 et
479 1571 583 1599 eﬂicax.
603 1572 666 1600 ldco
689 1577 716 1599 et
737 1580 783 1600 sex
811 1573 907 1600 diebus
930 1575 1053 1601 universa

265 1617 336 1646 Deus
358 1618 512 1645 condidisse
535 1619 645 1645 dit-itur.
672 1617 822 1646 Laboribus
846 1623 935 1646 autem
962 1620 987 1646 in
1009 1620 1053 1647 illa

267 1665 390 1691 toleratis
417 1665 514 1691 merito
544 1665 672 1692 succedet
698 1666 815 1692 secunda
840 1666 999 1693 solcmuilas
1027 1667 1052 1693 in

265 1714 369 1742 septem
397 1710 583 1742 hebdomadis,
598 1710 777 1746 multiplicata
794 1711 872 1739 nobis
885 1712 988 1746 requie,
1006 1720 1054 1740 cu-

263 1754 308 1789 jus
320 1754 471 1790 symbolum
485 1757 654 1790 septenarius
674 1764 804 1784 numerus
819 1762 870 1784 est.
888 1757 946 1785 Non
964 1763 1053 1785 tatuen

265 1806 298 1826 ex
323 1800 365 1826 his
390 1805 494 1835 septem
516 1801 694 1828 hebdomadis
714 1801 889 1830 Pentecostes
909 1811 956 1830 seu
974 1803 1055 1838 quin~

265 1845 448 1880 quagenarius
471 1853 601 1873 numerus
620 1846 786 1874 adamussim
811 1847 955 1875 coniicitur
969 1857 976 1881 ;
992 1856 1053 1875 nam

267 1896 401 1925 postrema
429 1891 576 1920 excedente
606 1894 737 1925 monatle,
757 1894 783 1920 in
810 1893 860 1921 hac
884 1894 1054 1922 solemnissi-

267 1944 341 1963 mum
357 1936 459 1964 Christi
475 1938 645 1965 ascendentis
668 1939 739 1965 diem
761 1939 945 1973 obsignamus.
958 1940 1055 1968 Merito

267 1981 351 2016 igitur
370 1987 473 2010 sancta:
486 1983 664 2011 Pentecostes
686 1983 781 2011 diebus
800 1984 916 2012 futuram
934 1987 1053 2020 requiem

267 2033 505 2061 repraesentantes,
522 2029 590 2056 laetis
604 2029 702 2056 animis
717 2037 824 2063 sumus,
843 2031 977 2066 simulque
992 2039 1053 2058 cor-

267 2073 326 2107 pori
354 2073 471 2107 quietem
497 2074 676 2109 indulgemus,
699 2076 777 2110 quasi
801 2084 861 2104 cum
878 2076 984 2112 Sponso
997 2078 1053 2112 jam

267 2126 417 2151 versentur,
433 2119 547 2154 ideoque
564 2121 640 2148 nobis
652 2121 778 2155 jejunare
800 2130 853 2150 non
875 2123 964 2151 liceat.

302 2165 329 2192 6.
343 2165 396 2192 Sed
422 2170 510 2193 tamen
531 2167 603 2201 quod
623 2169 694 2195 sacri
714 2169 889 2203 evangelista:
904 2170 1055 2199 Servatoris

268 2211 420 2246 passionem
440 2211 511 2239 circa
541 2213 600 2240 dies
616 2221 774 2248 azymorum
797 2214 900 2242 Judait‘i
919 2215 1057 2245 Paschalis

266 2257 416 2291 coritigisse
428 2263 550 2288 narrent.
570 2266 649 2286 nemo
666 2260 809 2287 dubitabit.
821 2259 883 2288 Haec
894 2262 965 2288 enim
978 2270 1058 2290 causa

267 2304 356 2332 fuerat
381 2305 448 2338 legis
468 2313 483 2332 a
507 2304 599 2340 Moyse
625 2304 695 2338 Ιίιμιι,
713 2313 772 2339 quae
794 2305 893 2332 dicitur
913 2307 1056 2340 paschalis.

266 2350 335 2379 Nam
353 2352 414 2386 quia
432 2351 526 2386 Agnus
553 2350 617 2382 Dei,
635 2356 762 2386 tanquam
775 2352 852 2384 ovis,
878 2354 911 2380 ab
926 2353 992 2387 ipsis
1008 2353 1056 2380 Ju-

267 2398 332 2426 daeis
355 2399 387 2425 ad
410 2395 511 2426 caedem
538 2398 675 2426 ducendus
700 2402 768 2430 erat,
783 2405 862 2433 quam
881 2399 915 2426 ob
931 2407 1055 2426 commu-

266 2451 327 2471 nem
354 2444 491 2471 hominum
519 2444 632 2471 salutem
662 2451 791 2479 passurus
814 2449 884 2476 erat,
909 2445 978 2473 haud
1003 2446 1056 2473 alio

266 2497 346 2524 quam
360 2489 487 2524 przedicto
503 2494 635 2524 tempore,
651 2489 721 2516 Deus
742 2489 859 2517 futuram
877 2499 933 2518 rem
946 2492 1057 2519 demon-

266 2535 387 2563 strativis
408 2536 540 2571 symbolis
556 2543 762 2570 praeoccupans,
784 2536 828 2563 illo
845 2537 904 2571 ipso
925 2541 1055 2573 tempore,

267 2582 338 2615 qttod
360 2581 532 2609 volventibus
560 2590 693 2608 annorum
717 2583 857 2616 periodis,
879 2591 1056 2612 occursurum

267 2632 336 2657 erat,
353 2627 522 2655 materialem
538 2628 572 2655 ab
596 2627 697 2656 Iudaeis
720 2636 818 2663 agnum
838 2630 972 2657 immolari
992 2639 1058 2665 pra:-

267 2673 339 2708 cepit
357 2681 365 2699 :
386 2674 466 2708 idque
481 2674 515 2701 ab
529 2674 568 2701 eis
588 2675 703 2708 singulis
728 2676 807 2702 annis
825 2676 977 2703 factitatum
996 2677 1068 2710 l'uit,.

268 2718 353 2746 donec
383 2720 516 2753 completa
542 2721 642 2748 veritas
663 2726 768 2749 veteres
792 2722 924 2757 imagines
939 2723 1055 2749 circum-

268 2765 387 2798 scripsit.
407 2766 587 2799 Quamobrem
605 2775 638 2794 ex
661 2767 707 2794 illo
726 2774 849 2803 tempore
871 2768 940 2803 apud
965 2774 1058 2803 gentes

267 2811 377 2844 quidem
394 2819 456 2839 vera
476 2815 666 2848 mysteriorum
686 2820 776 2841 manet
792 2815 970 2847 solemnitas;
987 2816 1056 2849 apud

268 2854 378 2883 Judteos
391 2862 480 2884 autem
494 2866 528 2885 ne
542 2859 662 2894 ipsorum
674 2860 783 2893 quidem
801 2860 983 2894 symbolorum
999 2869 1056 2888 me-

269 2903 355 2929 moria
367 2907 499 2936 sttocrest,
509 2905 643 2939 creptoiis
659 2906 717 2933 loco
731 2906 775 2934 ubi
787 2906 847 2933 festi
859 2907 937 2934 ritum
950 2915 1058 2942 perage-

1105 889 1191 916 6όλων
1208 890 1248 921 είς
1268 890 1336 925 ἔργα
1359 889 1533 924 σεμνοτέροις
1547 889 1604 920 τοῖς
1624 887 1828 923 ἀπστελέσμασι
1848 897 1899 922 χω-

1106 936 1233 972 ρούντων,
1248 935 1323 962 αὐτοί
1339 944 1371 969 γε
1388 935 1440 970 μὴν
1451 935 1501 970 τὴν
1516 934 1612 970 ἑορτὴν
1628 933 1811 969 φαιδροτέραν
1826 933 1899 967 ἄγειν

1106 982 1324 1017 παρειλήφαμεν,
1341 980 1378 1012 ὡς
1406 980 1439 1007 ἂν
1455 981 1494 1016 τῷ
1522 980 1629 1015 Σωτῆρι
1655 979 1899 1015 συναγηγερμένοι,

1104 1027 1153 1053 καὶ
1167 1027 1216 1062 τῆς
1228 1026 1311 1053 αὐτοῦ
1325 1026 1461 1061 βασιλείας
1476 1024 1668 1056 ἀπολαύοντες.
1685 1024 1731 1050 Διὸ
1747 1024 1840 1051 οὐκέτι
1855 1032 1900 1049 πο-

1098 1072 1209 1098 νεῖσθαι
1226 1072 1296 1098 κατὰ
1306 1071 1386 1107 τήνδε
1397 1071 1446 1106 τὴν
1459 1070 1554 1106 ἑορτὴν
1569 1069 1797 1105 συγχωρούμεθα,
1812 1069 1861 1103 τῆς
1878 1067 1900 1094 δ’

1105 1118 1288 1153 ἐλπιζομένης
1301 1119 1330 1145 ὲν
1346 1118 1470 1153 οὐρανοῖς
1485 1115 1666 1146 ἀναπαύσεως
1682 1115 1732 1150 τὴν
1748 1114 1843 1141 εἰκόνα
1856 1113 1900 1148 φέ-

1107 1172 1163 1200 ρειν
1177 1163 1368 1198 διδασκόμεθα·
1384 1162 1445 1189 ὅθεν
1461 1162 1515 1188 οὐδ’
1535 1162 1564 1188 ὲν
1583 1163 1643 1193 ταῖς
1657 1161 1750 1195 εὐχαῖς
1766 1160 1830 1194 γόνυ
1846 1159 1900 1186 κλί-

1105 1219 1197 1245 νομεν,
1223 1209 1278 1236 οὐδ’
1298 1210 1416 1240 ἀσιτίαις
1444 1207 1680 1242 καταπονούμεθα·
1699 1207 1763 1238 τοὺς
1779 1206 1834 1241 γὰρ
1852 1205 1898 1240 τῆς

1106 1257 1177 1283 κατὰ
1191 1256 1257 1282 Θεὸν
1274 1256 1448 1286 ἀναστάσεως
1473 1254 1640 1289 ἠξιωμένους
1656 1253 1745 1279 οὐκέτ’
1761 1250 1839 1284 αὖθις
1848 1249 1899 1278 οἷόν

1105 1310 1135 1328 τε
1148 1302 1194 1328 ἐπὶ
1213 1302 1264 1336 γῆς
1277 1302 1395 1328 πίπτειν·
1412 1301 1474 1328 οὐδὲ
1489 1302 1552 1332 τοὺς
1566 1300 1619 1327 τῶν
1639 1299 1733 1326 παθῶν
1750 1298 1900 1334 ἠλευθερω-

1107 1347 1204 1383 μένους
1219 1348 1253 1374 τὰ
1271 1348 1315 1374 ἴσα
1333 1347 1448 1383 πάσχειν
1465 1349 1522 1378 τοῖς
1535 1345 1827 1380 καταδεδουλωμένοις.
1858 1344 1900 1370 Διὸ

1108 1393 1175 1428 μετὰ
1189 1393 1219 1419 τὸ
1235 1393 1330 1428 Πάσχα
1344 1393 1394 1428 τὴν
1408 1392 1597 1428 Πεντηκοστὴν
1612 1392 1640 1418 ὲν
1664 1391 1812 1426 ἑϐδομάσιν
1835 1389 1900 1432 ἑπτά

1105 1438 1221 1470 τελείαις
1239 1438 1414 1474 ἑορτάζομεν,
1426 1439 1471 1464 τὸν
1489 1438 1538 1473 μὲν
1553 1437 1685 1473 πρότερον
1694 1436 1783 1463 αἰῶνα
1790 1436 1837 1471 τῆς
1851 1436 1900 1472 πρὸ

1106 1485 1154 1512 τοῦ
1176 1485 1271 1520 Πάσχα
1296 1484 1586 1520 τεσσαρακονθημέρου
1608 1483 1806 1518 συνασκήσεως
1824 1483 1852 1509 ὲν
1872 1481 1899 1514 ἐξ

1070 1519 1092 1549 c
1109 1519 1255 1566 ἑϐδομάσιν
1282 1519 1483 1566 ἀνδρισάμενοι·
1501 1529 1640 1565 πρακτικὴ
1653 1528 1708 1564 γὰρ
1725 1529 1744 1564 ἡ
1770 1528 1834 1561 ἑξὰς
1857 1528 1901 1554 καὶ

1108 1577 1282 1612 ἐνεργητική·
1294 1577 1335 1603 διὸ
1348 1578 1393 1603 καὶ
1408 1577 1439 1603 ὲν
1453 1575 1483 1608 ἒξ
1496 1575 1614 1611 ἡμέραις
1624 1577 1638 1602 ὁ
1651 1575 1716 1606 Θεὸς
1725 1575 1900 1611 πεποιηκέναι

1108 1623 1218 1657 λέγεται
1232 1623 1266 1649 τὰ
1281 1613 1437 1658 σύμπαντα.
1453 1622 1522 1653 Τοὺς
1536 1621 1558 1648 δ’
1571 1622 1600 1648 έν
1616 1621 1708 1657 ἐκείνῃ
1725 1622 1825 1652 πόνους
1833 1620 1901 1647 εἰκό-

1107 1677 1161 1700 τως
1173 1669 1190 1704 ὴ
1207 1669 1319 1703 δευτέρα
1343 1668 1423 1704 ἑορτὴ
1441 1668 1470 1694 ἐν
1490 1667 1636 1703 ἑϐδομάσιν
1653 1667 1724 1695 ἑπτὰ
1748 1666 1900 1699 διαδέξεται,

1108 1713 1399 1748 πολυπλασιαζομένης
1428 1714 1492 1749 ἡμῖν
1519 1713 1570 1748 τῆς
1591 1713 1785 1745 ἀναπαύσεως,
1812 1711 1845 1749 ἦς
1869 1711 1901 1738 τὰ

1109 1759 1231 1796 σῦμσολα
1255 1762 1271 1796 ἠ
1299 1760 1416 1795 ἑϐδομὰς
1436 1760 1580 1795 σημαίνειν
1603 1759 1686 1786 θέλει.
1713 1760 1754 1786 Οὐ
1783 1759 1836 1796 μὴν
1855 1758 1898 1786 ἐπὶ

1107 1806 1298 1841 ταύταςότῆς
1323 1805 1516 1841 Πεντηκοστῆς
1542 1805 1657 1841 ἀριθμὸς
1684 1806 1805 1833 ἵστασαν
1822 1806 1901 1840 ὑπερ-

1108 1852 1251 1884 ακοντίσας
1278 1852 1368 1883 δὲτὰς
1386 1852 1456 1878 ἑπτὰ
1477 1851 1637 1886 ἑϐδομάδας,
1663 1851 1762 1886 μονάδι
1781 1853 1813 1887 τῇ
1837 1850 1902 1887 μετὰ

1107 1898 1207 1930 ταύτας
1225 1899 1328 1934 ὑστάτῃ
1351 1897 1400 1933 τὴν
1421 1897 1568 1933 πανέορτον
1585 1897 1692 1932 ἡμέραν
1712 1897 1766 1932 τῆς
1789 1896 1899 1932 Χριστοῦ

1107 1944 1264 1980 ἀναλήψεως
1278 1942 1515 1979 ἑπισφραγίζεται.
1533 1943 1653 1975 Εἰκότως
1664 1943 1720 1978 ἄρα
1736 1944 1766 1969 ὲν
1779 1945 1837 1975 ταῖς
1851 1943 1899 1977 τῆς

1109 1991 1189 2025 ἁγίας
1203 1990 1393 2025 Πεντηκοστῆς
1408 1990 1522 2026 ἡμέραις
1533 1989 1581 2025 τὴν
1592 1989 1741 2024 μέλλουσαν
1752 1990 1899 2016 ἀνάπαυσιν

1108 2037 1314 2073 διαγράφοντες,
1331 2037 1381 2069 τὰς
1402 2037 1490 2072 ψυχὰς
1518 2036 1684 2072 γαννύμεθα,
1710 2038 1759 2064 καὶ
1779 2037 1809 2063 τὸ
1825 2037 1900 2072 σῶμα

1107 2083 1319 2119 διαναπαύομεν,
1334 2084 1372 2115 ὡς
1390 2084 1422 2110 ἂν
1431 2083 1504 2118 αὐτῷ
1518 2083 1640 2114 συνόντες
1655 2083 1706 2119 ἤδη
1723 2083 1763 2119 τῷ
1776 2082 1898 2119 Νυμφίῳ.

1109 2129 1156 2156 καὶ
1175 2129 1317 2165 νηστεύειν
1335 2130 1373 2165 μὴ
1384 2129 1536 2165 δυνάμενοι.

1146 2179 1184 2208 ς’.
1211 2176 1284 2211 Πλὴν
1300 2177 1341 2202 ὄτι
1355 2177 1380 2202 οἱ
1409 2176 1474 2212 ἱεροὶ
1502 2175 1695 2210 εὐαγγελισταὶ
1718 2175 1750 2202 τὺ
1773 2175 1899 2211 σωτήριον

1112 2221 1197 2253 πάθος
1210 2222 1280 2248 κατὰ
1302 2221 1351 2254 τὰς
1373 2222 1479 2257 ἡμέρας
1494 2221 1540 2248 τοῦ
1565 2220 1709 2262 Ἰουδαῖκοῦ
1726 2222 1822 2257 Πάσχα
1850 2220 1899 2246 τῶν

1109 2267 1223 2302 ἀζύμων
1249 2267 1395 2302 ίστὸρησαν
1413 2267 1565 2302 γεγονέναι,
1586 2267 1674 2298 οὐδεὶς
1688 2266 1722 2293 ἂν
1743 2265 1897 2302 ἀμφιϐάλοι·

1108 2313 1188 2339 τοῦτο
1197 2313 1252 2348 γὰρ
1266 2311 1300 2349 ἦν
1316 2313 1363 2339 τοῦ
1383 2313 1466 2349 νόμου
1483 2313 1529 2339 τοῦ
1550 2313 1625 2349 παρὰ
1640 2314 1754 2340 Μωῦσεί
1765 2314 1829 2348 περὶ
1855 2311 1897 2338 τοῦ

1108 2359 1204 2394 Πάσχα
1228 2359 1374 2394 λεγομένου
1397 2359 1492 2386 αἴτιον.
1528 2359 1638 2394 Ἐπειδὴ
1661 2359 1716 2394 γὰρ
1748 2358 1856 2394 ἔμελλεν
1884 2359 1897 2384 ὁ

1113 2405 1210 2440 ’Δμνὺς
1231 2405 1277 2432 τοῦ
1291 2405 1358 2432 Θεοῦ
1383 2405 1420 2437 ὡς
1439 2405 1574 2441 πρόϐατον
1599 2406 1646 2432 ἐπὶ
1664 2406 1772 2441 σφαγὴν
1788 2404 1897 2440 ἄγεσθαι

1105 2453 1172 2488 παρ’
1183 2451 1274 2483 αὐτοῖς
1296 2451 1443 2483 Ἰουδαίοις,
1460 2451 1507 2478 καὶ
1529 2451 1608 2478 τοῦτο
1623 2452 1738 2487 πάσχειν
1756 2453 1825 2487 ὑπὲρ
1846 2451 1894 2486 τῆς

1107 2497 1200 2532 κοινῆς
1225 2497 1333 2523 πάντων
1359 2497 1511 2532 άνθρωπων
1537 2498 1684 2533 σωτηρίας,
1698 2498 1747 2524 οὐκ
1763 2497 1853 2524 ἄλλοτε
1879 2495 1894 2531 ἢ

1107 2542 1178 2569 κατὰ
1196 2541 1242 2568 τὸν
1251 2541 1416 2576 δηλούμενον
1431 2541 1539 2577 καιρὸν,
1565 2542 1707 2578 προλαϐὼν
1719 2542 1751 2568 τὸ
1768 2541 1859 2578 μέλλον
1882 2541 1896 2566 ὁ

1107 2587 1173 2619 Θεὸς
1191 2587 1234 2613 διὰ
1248 2587 1388 2623 συμϐόλων
1403 2587 1556 2620 είκονικῶς,
1569 2589 1629 2615 κατ’
1644 2588 1725 2615 αὑτὸν
1742 2589 1843 2615 ἐκεῖνον
1854 2586 1896 2613 τὸν

1110 2634 1241 2669 μέλλοντά
1262 2642 1326 2660 ποτε
1352 2633 1423 2660 κατὰ
1437 2634 1540 2669 χρόνων
1557 2634 1697 2670 περιόδους
1708 2633 1896 2669 ἐπιστήσεσθαι

1108 2679 1213 2714 καιρὸν,
1241 2680 1325 2716 ἀμνὸν
1361 2680 1435 2716 παρὰ
1469 2679 1606 2712 Ἰουδαίοις
1638 2679 1768 2715 αίσθητδν
1791 2679 1894 2706 ἐκέλευε

1108 2725 1229 2753 θύεσθαι’
1242 2726 1289 2753 καὶ
1304 2726 1382 2753 τοῦτο
1395 2727 1486 2758 αὐτοῖς
1500 2727 1559 2754 κατ’
1573 2727 1694 2754 ἐνιαυτὸν
1712 2726 1837 2756 ἐτελεῖτο,
1847 2724 1895 2754 ἓως

1109 2772 1125 2806 ἡ
1142 2771 1256 2808 ἀλήθεια
1271 2771 1513 2807 ἀποπληρωοείσα,
1529 2771 1579 2803 τὰς
1599 2771 1717 2802 παλαιὰς
1731 2770 1836 2801 εἰκόνας
1851 2776 1893 2794 πε-

1111 2817 1266 2853 ριέγραψεν.
1283 2817 1363 2844 Ὅθεν
1378 2817 1406 2851 ἐξ
1421 2818 1525 2844 ἐκείνου
1541 2818 1617 2852 παρὰ
1636 2818 1684 2853 μὲν
1701 2818 1758 2848 τοῖς
1770 2814 1892 2848 έθνεσινή

1111 2863 1213 2899 ἀληθὴς
1226 2864 1280 2890 τῶν
1297 2864 1453 2900 μυστηρίων
1475 2864 1644 2899 κεκράτηκεν
1662 2863 1753 2899 ἑορτὴ,
1772 2861 1846 2897 παρὰ
1866 2859 1892 2886 δὲ

1120 2908 1255 2940 Ἰουδαίοις
1267 2908 1357 2936 οὐκέτι
1376 2909 1429 2936 οὐδ’
1446 2909 1532 2936 αὐτῶν
1550 2910 1565 2944 ὴ
1583 2909 1675 2944 μνήμη
1690 2907 1742 2935 τῶν
1759 2905 1894 2941 συμϐόλων
