2045 3215
293 197 345 222 Ἰυό

628 197 764 226 EUSEBll
783 195 1022 225 CASSARIENSIS
1041 194 1117 223 OPP.
1138 194 1228 222 PARS
1244 193 1290 223 ιν.
1310 209 1345 214 -
1360 193 1571 222 DOGMATICA.

1867 195 1911 224 '10-!

292 256 364 282 enim
378 254 479 283 similia
507 256 592 285 trahit
610 257 644 284 ad
665 257 774 285 similia.
787 257 864 290 Quod
885 257 908 285 si
931 257 994 292 quis
1009 257 1078 285 dicat

1131 254 1205 282 ἕλκει
1223 254 1258 281 τὰ
1273 254 1353 289 ὅμοια
1366 253 1434 288 πρὸς
1451 253 1486 280 τὰ
1493 254 1585 289 ὅμοια,
1600 253 1668 280 Είδέ
1678 262 1721 285 τις
1740 253 1913 292 εῐτωι.ὡςᾰρα

292 301 423 336 scriptum
439 309 501 330 esse
518 311 525 330 :
540 301 629 330 Prima
641 310 798 338 azymorum
814 303 857 330 die
871 303 1031 330 accedentes
1042 303 1083 330 di-

292 347 388 383 scipuli
403 348 533 376 dixerunt
548 349 699 381 Servatori.
713 348 828 377 Ubinam
842 349 882 376 vis
892 355 1019 384 paremus
1035 349 1082 377 tibi

294 395 459 422 manducare
474 395 577 422 Pascha
593 395 662 422 ?ille
678 399 768 422 nul-em
780 395 849 423 duos
862 396 977 423 misitad
989 403 1084 430 quem-

292 441 366 474 dam,
379 446 409 468 ut
423 441 448 468 ei
460 441 581 468 dicerem
596 448 603 467 :
618 441 696 475 Apud
718 446 743 469 te
760 441 831 468 facio
847 441 965 475 Pascha;
981 449 1028 469 nos
1042 449 1084 470 re-

292 486 465 520 spondemus,
481 494 534 513 non
558 487 610 514 hoc
628 487 713 514 fuisse
737 492 914 523 praeceptum,
934 492 980 516 sed
998 489 1084 517 histo-

293 533 360 559 riam
379 539 440 560 esse
457 533 494 560 rei
516 537 598 568 gestae
627 538 749 568 tentpore
771 542 824 569 quo
843 534 972 562 Servatur
988 543 1083 569 passus

292 582 343 605 est.
356 578 434 605 Aliud
448 585 512 605 vero
531 584 573 606 est
587 579 704 613 priscam
721 588 777 607 rem
807 588 930 613 narrare,
950 581 1021 608 aliud
1041 581 1083 609 le-

291 631 352 658 gem
367 623 450 657 ferre,
466 629 494 652 et
509 625 637 652 mandata
654 626 770 661 posteris
787 627 905 655 tradere.

326 715 353 742 9.
369 714 422 742 Sed
438 723 525 751 neque
547 715 677 744 Servator
693 725 754 744 cum
770 716 870 746 ludatis
887 718 989 747 Pascha
1011 720 1082 747 cele-

291 759 380 786 bravit
395 761 531 794 passionis
554 769 609 789 suae
634 767 767 796 tempore.
787 763 843 790 Non
866 764 940 791 enim
966 765 1027 792 dmn
1043 765 1081 792 illi

291 813 369 832 ovem
392 807 578 838 immolabant,
591 807 649 842 ipse
663 815 770 843 quoque
786 817 847 836 cum
864 811 921 837 suis
942 810 1082 846 discipulis

292 851 432 886 proprium
444 851 548 879 Pascha
563 853 676 888 peregit.
697 853 765 881 Nam
786 855 823 882 illi
840 855 883 882 die
903 855 1081 890 Parasceves,

292 898 319 925 in
341 905 394 932 qua
417 898 572 932 patiebatur
598 899 737 933 Servatur,
752 901 945 935 celebrabant;
964 905 1035 930 unde
1054 909 1081 931 et.

292 951 373 971 nemo
387 945 542 979 przetorium
563 951 605 973 est
629 946 781 981 ingressus,
800 948 848 975 sed
870 948 971 976 Pilatus
985 950 1019 978 ad
1034 958 1082 978 eos

273 988 376 1015 uexivit
393 997 400 1016 :
421 989 545 1017 Christus
561 995 650 1018 autem
676 991 719 1019 die
739 993 850 1019 omnino
868 995 961 1029 quinta
980 996 1081 1022 hebdo-

291 1035 377 1061 madas
393 1042 454 1062 cum
473 1037 612 1070 discipulis
628 1037 777 1071 discubuit,
792 1044 820 1066 et
836 1047 1003 1068 convescens
1020 1042 1055 1069 ait
1073 1051 1080 1069 :

292 1080 430 1107 Desiderio
453 1083 601 1110 desideravi
620 1083 668 1110 hac
688 1082 795 1112 Pascha
821 1087 981 1114 manducare
996 1088 1081 1115 vobir

291 1134 360 1152 cum.
384 1126 477 1154 Viden'
491 1129 630 1162 quomodo
654 1129 785 1158 Servator
808 1132 879 1158 haud
899 1141 959 1159 cum
982 1133 1082 1161 Judteis

292 1172 392 1200 Pascha
407 1175 634 1205 manducaverit?
649 1176 717 1209 Quia
735 1185 834 1205 novum
851 1178 916 1212 quid
932 1179 996 1206 illud
1011 1185 1081 1212 erat,

290 1224 317 1245 et
337 1227 351 1245 a
369 1225 498 1247 consuelo
511 1220 625 1249 Iudaico
648 1230 724 1256 more
743 1223 894 1252 abhorrens
906 1245 913 1257 ,
926 1226 1082 1253 necessario

291 1265 392 1291 institit
415 1266 555 1294 dicendo:
578 1266 714 1294 Desiderio
739 1269 884 1296 desideravi
909 1271 956 1297 hoc
977 1269 1082 1298 Pascha

290 1311 448 1338 manducare
459 1312 601 1344 uobiscum.
618 1318 758 1348 antequam
771 1316 857 1348 paliar
870 1316 901 1341 “.
912 1316 980 1343 Nam
993 1317 1080 1350 prisca

292 1355 334 1382 illa
352 1355 392 1382 vel
409 1357 497 1390 potius
509 1358 662 1391 antiquata,
676 1366 736 1393 qute
749 1367 810 1386 cum
826 1360 928 1388 Iudicis
947 1363 1082 1389 comedis-

291 1402 344 1428 set.
357 1407 409 1426 uou
424 1405 503 1427 erant
521 1401 711 1429 desiderabilia
728 1412 735 1430 :
757 1411 855 1431 ttovutn
874 1409 964 1433 autem
982 1411 1082 1442 myste-

290 1445 360 1472 rium
375 1445 443 1473 Novi
457 1447 498 1474 sui
510 1447 642 1480 Federis,
659 1449 729 1483 quod
744 1450 885 1485 discipulis
899 1453 1014 1486 propriis
1028 1457 1082 1480 tra-

291 1491 382 1524 debat,
404 1491 586 1521 desiderabile
612 1494 710 1521 merito
734 1495 784 1529 ipsi
808 1500 892 1522 erat:
912 1497 975 1531 quia
1003 1498 1080 1525 tuulti

290 1541 352 1564 ante
366 1544 428 1565 cum
450 1539 587 1574 prophetae
602 1548 634 1567 ac
650 1539 715 1574 justi
736 1542 828 1569 videre
839 1548 998 1577 optaverant
1014 1543 1080 1571 Novi

290 1582 412 1611 Faaderis
431 1586 558 1619 mysteria
574 1593 579 1612 :
599 1587 685 1621 ipsum
703 1587 757 1614 into
770 1587 886 1616 Verbum
910 1597 1079 1617 communem

290 1629 403 1657 salutem
429 1637 543 1665 prorsus
567 1632 682 1666 sitiens.
699 1635 855 1668 mysterium
874 1636 1007 1669 tradebat,
1024 1645 1079 1672 quo

289 1682 384 1704 clunes
396 1677 519 1705 homines
537 1678 635 1706 festum
655 1685 734 1707 erant
749 1682 847 1712 acturi,
863 1682 943 1717 idque
965 1683 1015 1710 sibi
1032 1685 1079 1711 de-

290 1721 438 1750 sideratum
451 1732 511 1751 esse
528 1724 673 1754 fatebatur.
681 1726 760 1754 Certe
779 1727 878 1762 Moysis
890 1724 993 1757 Pascha
1007 1730 1078 1757 haud

289 1769 394 1797 cunctis
416 1771 542 1803 gentibus
560 1771 685 1799 idoneum
709 1778 778 1806 erat,
793 1775 1011 1809 quandoquidem
1026 1784 1080 1804 uno

290 1814 316 1840 in
334 1815 402 1847 loco,
411 1815 436 1842 id
446 1822 486 1843 est
500 1816 703 1854 Hierosolymis,
715 1819 770 1846 ﬁeri
780 1819 885 1853 jussum
901 1825 970 1848 erat.
981 1822 1081 1855 Quam-

289 1861 382 1888 obrem
405 1863 475 1889 baud
503 1869 562 1890 erat
581 1863 770 1892 desiderabile.
788 1865 840 1893 Sed
857 1866 1012 1895 Servatoris
1025 1876 1081 1904 my-

288 1909 400 1934 s:erium
421 1908 541 1935 ill'NtH‘O
565 1909 678 1937 Fmdere
704 1911 809 1938 eunetis
838 1912 992 1941 hominibus
1014 1922 1080 1942 eon-

289 1961 397 1987 gruum,
406 1954 467 1988 jure
486 1957 590 1990 optimo
601 1956 783 1985 desiderabile
796 1963 865 1985 erat.

1135 300 1340 336 γέγραπται-Τῇ
1348 299 1443 335 πρώτῃ
1451 299 1543 335 ἡμέρᾳ
1551 299 1605 326 τῶν
1615 299 1730 334 ἀζύμων
1736 299 1912 335 προσελθόντες

1134 346 1159 372 οἱ
1175 345 1296 381 μαθηταὶ
1309 343 1385 371 εἷπον
1393 344 1432 380 τῷ
1441 345 1558 381 Σωτῆρι,
1568 345 1623 372 Ποῦ
1639 345 1727 376 Θέλεις
1739 345 1913 381 ἑτοιμάσωμέν

1134 399 1176 417 σοι
1185 392 1282 425 φαγεῖν
1301 390 1332 416 τὸ
1347 390 1461 425 Πάσχα;
1477 390 1505 417 ‘0
1521 390 1549 416 δὲ
1562 391 1631 426 πρὸς
1640 390 1764 418 τὺνδεῖνα
1771 391 1912 427 ἀπέστειλε,

1135 438 1322 474 παραγγείλας
1339 438 1437 465 εἰπεῖν·
1463 438 1535 474 Πρὸς
1551 436 1581 464 σὲ
1595 437 1665 464 ποιῶ
1684 437 1714 464 τὸ
1730 437 1832 473 Πάσχω
1845 439 1914 475 ιροῦ-

1136 495 1196 521 μεν,
1211 486 1252 512 ὅτι
1278 484 1356 512 τοῦτο
1374 484 1559 521 παράγγελμα
1579 485 1630 511 οὐκ
1646 484 1730 516 ἐστιν,
1747 484 1803 511 ἀλλ’
1820 485 1914 521 ἱστορία

1135 531 1297 567 πράγματος
1310 529 1513 566 συμόεὸηκότος
1525 529 1597 556 κατὰ
1609 529 1654 555 τὸν
1669 528 1716 555 τοῦ
1728 529 1857 566 σωτηρίου
1867 530 1914 557 πά-

1134 576 1197 607 θους
1217 576 1321 612 καιρόν.
1349 576 1463 610 Ἕτερον
1485 575 1513 602 δέ
1541 576 1599 602 ἐστι
1624 574 1656 601 τὸ
1680 575 1799 602 παλαιὰν
1826 575 1915 612 πρᾶξιν

1132 621 1295 656 διηγεῖσθαι,
1324 621 1371 648 καὶ
1387 621 1480 656 ἕτερον
1496 620 1526 647 τὸ
1549 620 1704 654 νομοθετεῖν
1718 621 1831 654 καὶτοῖς
1855 621 1915 649 ιιιτά

1133 666 1218 694 ταῦτα
1237 667 1426 703 παραγγελίας
1439 667 1666 703 καταλιμπάνειν.

1168 732 1200 761 θ’.
1225 734 1305 761 Ἀλλὰ
1322 735 1369 761 καὶ
1389 735 1404 761 ὁ
1423 734 1518 770 Σωτὴρ
1543 734 1573 761 οὐ
1591 733 1661 770 μετὰ
1687 734 1821 761 Ἰουδαίων
1831 735 1917 762 tmte-

1131 779 1193 806 λεσε
1222 780 1252 806 τὸ
1281 780 1377 815 Πάσχα
1403 780 1473 807 κατὰ
1501 780 1546 806 τὸν
1578 780 1673 816 καιρὸν
1698 780 1747 807 τοῦ
1779 780 1842 807 ἰδίου
1869 781 1917 808 πά-

1133 824 1205 857 θους.
1231 826 1267 852 οὐ
1288 826 1342 862 γὰρ
1361 826 1406 852 ὅτε
1433 826 1510 852 ἔθυον
1527 826 1627 853 ἐκεῖνοι
1650 826 1680 853 τὸ
1695 825 1840 862 πρόϐατον,
1863 826 1917 853 τότε

1133 871 1181 898 καὶ
1211 870 1292 902 αὐτὸς
1325 871 1393 906 μετὰ
1419 871 1473 897 τῶν
1507 871 1588 898 αὐτοῦ
1621 871 1750 906 μαθητῶν
1773 871 1804 898 τὸ
1829 871 1917 898 ἑαυτοῦ

1097 932 1118 959 Β
1133 917 1220 953 ἦγαγε
1241 917 1348 952 Πάσχα·
1373 918 1397 944 οἱ
1427 918 1476 953 μὲν
1500 918 1554 953 γὰρ
1580 918 1650 944 κατὰ
1666 917 1715 953 τὴν
1735 918 1917 954 Παρασκευὴν,

1133 964 1162 990 ὲν
1240 963 1374 991 πέπονθεν
1403 965 1417 992 ό
1449 965 1555 1001 Σωτὴρ,
1586 965 1658 995 τοῦτ’
1687 964 1840 1001 ἔπραττον
1864 964 1918 996 δθεν

1132 1007 1193 1034 οὐδὲ
1217 1007 1339 1044 είσῆ).θον
1361 1009 1399 1041 είς
1429 1009 1458 1036 τὺ
1485 1008 1660 1045 πραιτώριον,
1685 1009 1743 1036 ἀλλ’
1770 1010 1785 1036 ό
1812 1009 1918 1042 Πιλᾶτος

1133 1050 1202 1085 πρὸς
1225 1051 1325 1084 αὖτοὺς
1347 1051 1455 1085 ἔξεισιν·
1486 1053 1567 1085 αὐτὸς
1590 1054 1618 1080 δὲ
1645 1054 1698 1090 πρὸ
1724 1054 1788 1089 ὅλης
1820 1053 1918 1090 ἡμέρας

1131 1097 1165 1132 τῇ
1199 1096 1313 1134 πέμπτῃ
1344 1098 1391 1125 τοῦ
1412 1098 1550 1126 Σα66ἁτου
1577 1100 1633 1131 τοῖς
1662 1099 1798 1135 μαθηταῖς
1818 1100 1917 1127 συνανέ-

1133 1151 1216 1174 κειτο,
1250 1143 1296 1169 καὶ
1332 1144 1478 1171 συνεσθίων
1507 1145 1599 1176 αὐτοῖς
1631 1145 1735 1180 ἐλεγεψ
1772 1146 1918 1181 Ἐπιθυμίᾳ

1132 1188 1308 1223 ἐπεθύμησα
1331 1190 1419 1217 τοῦτο
1435 1190 1469 1217 τὸ
1494 1191 1603 1225 Πάσχα
1625 1191 1733 1226 φαγεῖν
1749 1193 1814 1226 μεθ’
1834 1191 1917 1227 ὑμῶν.

1138 1234 1220 1270 Ὁρᾷς
1255 1235 1330 1267 ὅπως
1364 1237 1379 1263 ὸ
1412 1237 1508 1273 Σωτὴρ
1546 1237 1576 1264 οὐ
1617 1237 1686 1273 μετὰ
1727 1238 1861 1265 Ἰουδαιων
1892 1237 1918 1264 τὸ

1133 1280 1230 1315 Πάσχα
1248 1281 1358 1316 ἥσθιενς
1383 1283 1491 1319 Ἐπειδὴ
1511 1283 1604 1310 καινὸν
1615 1281 1648 1318 ἦν
1662 1285 1753 1311 ἐκεῖνο
1763 1284 1810 1311 καὶ
1826 1283 1917 1316 ξενίζον

1133 1326 1209 1362 παρὰ
1225 1327 1259 1353 τὰ
1272 1327 1374 1364 συνήθη
1395 1329 1441 1355 καὶ
1464 1329 1596 1356 Ἰουδαϊκὰ
1612 1329 1671 1365 ἔθη,
1687 1330 1845 1365 ἀναγκαίως
1861 1329 1917 1357 ἑπέ-

1134 1380 1233 1406 στησεν
1258 1373 1360 1400 εἰπών’
1386 1374 1540 1409 Ἐπιθυμίᾳ
1565 1375 1744 1410 ἐπεθύμησα
1773 1376 1858 1403 τοῦτο
1888 1375 1917 1402 τὸ

1133 1417 1241 1453 Πάσχα
1249 1419 1356 1454 φαγεῖν
1368 1420 1433 1454 μεθ’
1445 1420 1538 1455 ὑμῶν,
1555 1421 1612 1456 πρὸ
1631 1422 1684 1449 τοῦ
1701 1431 1743 1457 με
1764 1421 1878 1449 nudati"
1887 1421 1917 1448 τὰ

1133 1463 1183 1498 μὲν
1201 1464 1255 1500 γὰρ
1277 1465 1379 1492 παλαιὰ
1398 1465 1449 1502 ἤθη
1475 1465 1539 1493 ὄντα
1556 1467 1602 1494 καὶ
1618 1467 1845 1503 πεπαλαιωμένα,
1862 1466 1878 1494 ἃ
1889 1467 1917 1502 δὴ

1134 1509 1204 1544 μετὰ
1226 1510 1358 1537 Ἰουδαίων
1377 1511 1489 1546 ἤσθιεν,
1526 1513 1576 1540 οὐκ
1599 1510 1634 1548 ἦν
1659 1513 1836 1549 ὲπιθυμητά”
1857 1511 1917 1539 τὸδὲ

1132 1556 1225 1582 καινὸν
1242 1557 1392 1593 μυστήριον
1410 1558 1460 1592 τῆς
1473 1559 1580 1594 Καινῆς
1594 1559 1676 1586 adeo?)
1691 1559 1841 1595 Διαθήκης,
1859 1559 1872 1585 ὃ
1888 1558 1917 1594 δὴ

1094 1605 1115 1633 c
1134 1601 1270 1636 μετεδίδου
1285 1604 1341 1634 τοῖς
1354 1603 1449 1630 ἑαυτοῦ
1468 1604 1613 1640 μαθηταῖς,
1623 1605 1793 1642 ἐπιθυμητὸν
1809 1603 1841 1642 ἦν
1851 1604 1917 1640 αὒτῷ

1132 1647 1244 1679 εἰκότως
1254 1656 1260 1662 ·
1273 1648 1334 1674 ἐπεὶ
1346 1648 1437 1676 πολλοὶ
1451 1650 1504 1685 πρὸ
1519 1650 1600 1677 αὑτοῦ
1614 1650 1755 1686 προφῆται
1766 1651 1812 1678 καὶ
1828 1650 1917 1678 δίκαιοι

1130 1694 1307 1730 ἐπεθύμησαν
1327 1695 1389 1722 ἰδεῖν
1402 1696 1437 1722 τὰ
1450 1696 1498 1732 τῆς
1510 1697 1582 1729 Νέας
1602 1697 1743 1733 Διαθήκης
1769 1697 1899 1734 μυστήρια
1909 1705 1916 1712 '

1131 1737 1178 1763 καὶ
1197 1738 1277 1770 αὐτὸς
1292 1738 1320 1764 δὲ
1331 1739 1345 1765 ὁ
1357 1739 1451 1774 Λόγος,
1473 1742 1588 1768 πάντοτε
1604 1741 1688 1776 διψῶν
1699 1743 1751 1779 τὴν
1762 1742 1854 1779 κοινὴν
1870 1750 1917 1768 σω-

1130 1783 1238 1818 τηρίαν,
1256 1786 1404 1820 μυστήριον
1418 1786 1571 1822 παρεδίδου,
1586 1788 1618 1814 δι’
1631 1785 1661 1815 οὗ
1675 1789 1779 1821 πάντες
1788 1788 1917 1824 ἄνθρωποι

1132 1828 1243 1864 ἔμελλον
1268 1831 1417 1865 ἑορτάζειν,
1447 1832 1616 1869 ἐπιθυμητὸν
1646 1834 1728 1861 τοῦτο
1751 1834 1825 1870 αὐτῷ
1853 1832 1916 1860 εἶναι

1132 1874 1301 1910 ὡμολόγησε.
1324 1875 1360 1903 Τὸ
1384 1877 1434 1912 μὲν
1450 1878 1591 1911 Μωῡσέως
1618 1880 1722 1916 Πάσχα
1749 1881 1799 1916 οὐχ
1820 1880 1916 1917 ἥρμοζε

1133 1922 1202 1947 πᾶσι
1219 1923 1275 1954 τοῖς
1285 1922 1345 1949 τότε
1360 1922 1449 1950 ἔθνεσι
1459 1932 1467 1939 ·
1484 1924 1542 1956 πῶς
1552 1925 1606 1962 γάρ
1618 1927 1716 1958 ;ὀπότε
1729 1928 1773 1962 ὑφ’
1782 1927 1828 1953 ἕνα
1838 1926 1915 1953 τόπον

1133 1966 1179 1992 τὸν
1199 1968 1227 1993 ἐν
1246 1969 1278 2003 τῇ
1300 1968 1477 2005 Ἰερουσαλὴμ
1493 1970 1628 1998 τελεῖσθαι
1649 1973 1858 2008 νενομοθέτητο·
1880 1970 1916 1998 διὸ

287 1998 337 2026 οὐκ
359 1997 393 2034 ἦν
413 2000 595 2054 ὲπιθυμητόὶι·
611 2002 641 2029 τὸ
661 2002 690 2029 δὲ
707 2004 840 2039 σωτήριον
859 2005 1008 2042 μυστήριον
1025 2008 1072 2044 τῆς
1091 2010 1194 2047 Καινῆς
1224 1997 1371 2050 Διαθήκης,
1402 1997 1483 2042 πᾶσιν
1499 2016 1653 2053 ἀνθρώποις
1665 1997 1915 2054 ἐἰκότως

288 2047 362 2082 αὐτῷ
377 2047 544 2084 ἐπιθυμητὸν
560 2047 606 2084 ἦν.

324 2093 368 2119 to.
387 2093 441 2120 Sed
469 2094 524 2128 ipse
547 2095 656 2129 quidem
685 2101 828 2131 antequam
850 2102 999 2132 pateretur,
1013 2107 1075 2128 cum

288 2138 345 2166 suis
361 2139 498 2173 discipulis
520 2139 620 2168 Pascha
635 2142 764 2174 comedit,
781 2142 932 2178 festumque
943 2145 1007 2180 egit.
1022 2154 1075 2174 nun

1140 2141 1146 2147 _
1167 2106 1192 2129 ι’.
1214 2103 1282 2130 Ἀλλ’
1302 2105 1382 2137 αὐτὸς
1400 2106 1460 2142 μὲν,
1476 2107 1529 2142 πρὸ
1539 2107 1587 2134 τοῦ
1604 2109 1712 2141 παθεῖν,
1730 2111 1778 2137 σὺν
1790 2112 1845 2143 τοῖς
1857 2112 1915 2137 ἑαυη

1129 2149 1176 2175 τοῦ
1196 2149 1329 2186 μαθηταῖς
1348 2152 1433 2186 ἔφαγε
1449 2153 1479 2180 τὸ
1492 2154 1598 2189 Πάσχα,
1620 2156 1667 2182 καὶ
1683 2156 1734 2192 τὴν
1749 2158 1843 2194 ἑορτὴν
1855 2158 1913 2184 επε-

288 2191 349 2210 cum
363 2184 473 2214 Judmis.
489 2185 595 2220 Reapse
610 2193 752 2222 postquam
767 2191 823 2223 ipse
845 2197 959 2224 vespere
978 2190 1075 2219 festum

1129 2195 1248 2228 τέλεσεν,
1262 2184 1296 2222 οὐ
1309 2184 1379 2232 μετα
1395 2184 1449 2224 τῶν
1473 2184 1622 2226 Ἰουδαίων”
1635 2184 1816 2237 ἑορτάσαντος
1823 2184 1852 2229 δὲ
1867 2203 1913 2229 αὑ-

287 2233 463 2265 eelebrasset,
479 2234 621 2268 pontifices
635 2243 697 2263 cum
721 2238 857 2271 proditore
880 2246 976 2266 manus
995 2241 1019 2266 ei
1035 2240 1077 2266 in-

285 2279 408 2312 jeeerunt
423 2287 431 2305 :
450 2288 503 2306 non
518 2280 590 2307 enim
605 2281 640 2308 illi
653 2289 686 2309 eo
698 2289 810 2317 vespere
832 2282 933 2310 Puscna
953 2284 1077 2311 comede-

287 2326 371 2358 haut;
393 2326 511 2361 alioquin
538 2327 572 2354 ab
599 2328 656 2363 cjus
683 2329 872 2362 persecutione
896 2330 1074 2364 quievissent.

286 2370 371 2403 Quem
387 2379 450 2399 mox
465 2376 572 2407 captum
596 2374 629 2400 ad
654 2372 762 2408 Caipha!
789 2375 899 2401 domum
917 2376 1049 2403 duxerunt
1066 2385 1074 2410 ;

286 2417 331 2444 ubi
351 2424 447 2444 exueta
464 2422 555 2451 nocte,
574 2419 750 2447 illucescente
773 2420 817 2447 die
836 2421 1004 2456 congregati.
1021 2422 1076 2456 pri-

286 2472 358 2491 tuatn
381 2464 407 2491 in
422 2472 482 2492 eum
502 2465 703 2493 damnationem
731 2467 861 2494 tulerunt.
877 2468 979 2496 Deinde
1001 2469 1075 2497 illinc

284 2517 426 2545 surgentes
434 2519 495 2538 cum
503 2512 578 2547 plebe
585 2513 708 2540 eumdem
718 2513 751 2540 ad
764 2513 878 2541 Pilatum
890 2513 912 2530 ⁸⁷
923 2520 1072 2543 traxerunt.

285 2556 361 2584 Tunc
385 2563 474 2584 autem
499 2559 538 2585 ait
563 2557 703 2594 Scriptura
726 2560 752 2586 in
772 2560 928 2593 praetorium
948 2568 996 2588 eos
1019 2570 1072 2590 non

285 2603 427 2638 introisse;
449 2613 482 2633 ne
496 2605 546 2632 sub
563 2606 700 2633 etltuicmu
719 2610 818 2634 tectum
839 2607 964 2642 ingressi.
979 2608 1009 2635 uti
1026 2616 1073 2642 pu-

285 2649 388 2682 tabant,
412 2651 629 2686 inquinarentur,
642 2652 688 2679 sed
704 2653 763 2686 puri
782 2658 921 2680 manentes
941 2653 967 2680 bi
984 2653 1073 2688 impu-

284 2695 396 2730 rissimi,
425 2703 536 2731 vespere
561 2698 719 2725 imminente
743 2697 848 2726 Pascha
874 2699 1071 2734 comederent;

285 2740 311 2766 In
327 2742 373 2776 qui
388 2743 502 2770 culicem
527 2745 701 2776 excolantes.
717 2745 849 2772 camelutn
869 2745 1019 2780 gluticbant
1038 2747 1071 2780 ⁸³,

284 2787 384 2820 quique
409 2788 514 2816 animas
538 2789 618 2817 simul
644 2795 672 2818 et
689 2798 802 2825 corpora
827 2790 983 2818 Servatoris
999 2793 1073 2820 caade

285 2830 441 2866 impiabaut,
465 2834 517 2861 sub
540 2840 640 2863 tectum
665 2836 769 2871 ingredi
796 2837 903 2865 reveriti
928 2839 1071 2870 sttut;sed

1126 2240 1173 2266 τοῦ
1190 2241 1318 2277 ἑσπέρας,
1334 2244 1357 2269 οἱ
1371 2243 1508 2280 ἀρχιερεῖς
1526 2246 1584 2281 ἃμα
1600 2245 1639 2282 τῷ
1657 2248 1774 2285 προδότῃ
1792 2249 1912 2275 ἐπιστάν-

1126 2294 1182 2317 τες,
1198 2287 1329 2315 ὲπὲὄαλον
1345 2289 1388 2315 ἐπ’
1401 2290 1482 2316 αὐτὸν
1502 2291 1551 2323 τὰς
1562 2294 1671 2328 χεῖρας
1689 2295 1722 2320 οὐ
1748 2295 1802 2331 γὰρ
1825 2295 1911 2330 ἤσθιον

1127 2332 1204 2358 αὐτοὶ
1224 2333 1293 2360 κατὰ
1312 2334 1362 2370 τὴν
1384 2335 1504 2371 ἑσπέραν
1521 2337 1550 2363 τὺ
1567 2337 1679 2373 Πάσχα·
1703 2337 1723 2375 ἦ
1750 2340 1804 2376 γὰρ
1820 2340 1851 2367 ἂν
1867 2340 1911 2376 τὴν

1127 2377 1300 2420 σχολὴνῠπερὶ
1316 2381 1395 2408 αὐτὸν
1411 2379 1493 2417 εἴχον-
1517 2383 1563 2409 καὶ
1588 2383 1654 2419 δῆτα
1672 2385 1850 2418 συλλαϐόντες
1864 2387 1911 2413 ἀπ-

1125 2424 1228 2459 ήγαγον
1243 2426 1284 2457 εἰς
1295 2425 1345 2462 τὴν
1355 2427 1443 2454 οὶκίαν
1458 2428 1506 2455 τοῦ
1514 2429 1636 2464 Καῖάφα,
1656 2430 1910 2469 ἔνθα-διανυκτερεύ-

1126 2478 1231 2502 σαντες,
1246 2471 1283 2503 ὼς
1304 2472 1396 2508 ὴμέρα
1413 2474 1531 2508 ἐγένετο,
1551 2477 1733 2512 συνήχθησαν,
1750 2479 1797 2505 καὶ
1804 2478 1910 2514 ἀνακρί-

1124 2524 1215 2542 νουσιν
1225 2517 1308 2544 αὐτὸν
1321 2519 1452 2554 πρότερον
1463 2528 1470 2534 ·
1483 2518 1542 2547 εἶτα
1560 2523 1629 2557 μετά
1647 2524 1734 2551 ταῦτα
1750 2524 1908 2556 ἀναστάντες

1123 2561 1182 2596 ἅμα
1198 2563 1236 2598 τῷ
1252 2563 1348 2600 πλήθει
1358 2565 1460 2599 ήγαγον
1476 2566 1556 2593 αὐτὸν
1564 2567 1631 2603 πρὸς
1642 2569 1768 2597 Πιλάτον.
1787 2570 1840 2597 Καὶ
1851 2569 1907 2596 τότε

1125 2609 1206 2643 φησὶν
1220 2610 1236 2645 ἡ
1252 2609 1359 2645 Γραφὴ,
1375 2611 1416 2637 ὅτι
1432 2610 1469 2646 μὴ
1490 2613 1615 2648 εἰσῆλθον
1633 2616 1673 2647 είς
1691 2615 1722 2642 τὸ
1735 2615 1906 2652 πραιτώριον,

1123 2655 1166 2681 ἴνα
1183 2655 1215 2691 δὴ
1235 2657 1284 2692 μὴ,
1302 2658 1354 2684 ὑπὸ
1375 2659 1474 2695 στέγην
1495 2660 1653 2696 Ἑλληνικὴν
1674 2662 1854 2694 εἰσελθόντες,
1871 2661 1906 2693 ὡς

1122 2707 1153 2734 γε
1166 2700 1260 2735 ᾤοντο,
1274 2702 1416 2737 μιανθῶσι,
1432 2705 1549 2740 καθαροὶ
1558 2705 1586 2732 δὲ
1604 2707 1744 2741 μείναντες
1752 2709 1777 2734 οἱ
1791 2707 1907 2743 παμμία-

1124 2755 1176 2782 ροι,
1194 2747 1313 2784 ἑσπέρας
1332 2749 1493 2786 ἐπιστάσης,
1517 2752 1630 2787 φάγοιεν
1651 2753 1686 2779 τὸ
1701 2753 1808 2790 Πάσχα,
1825 2753 1849 2779 ol
1863 2752 1906 2779 τὸν

1122 2793 1241 2821 κώνωπα
1254 2795 1417 2829 διυλίζοντες
1426 2817 1433 2829 ,
1452 2798 1502 2834 τὴν
1516 2798 1545 2825 δὲ
1565 2799 1687 2836 κάμηλον
1701 2800 1904 2830 καταπίνοντες,

1122 2840 1146 2866 οἱ
1157 2839 1205 2871 τὰς
1220 2840 1307 2876 ψυχὰς
1318 2843 1408 2875 αὐτοῖς
1424 2843 1530 2880 σώμασι
1546 2845 1616 2872 κατὰ
1630 2846 1675 2873 τοῦ
1689 2845 1817 2882 Σωτῆρος
1835 2852 1906 2881 μιαι-

318 2922 340 2941 ⁶⁶
351 2922 418 2951 Luc.
434 2932 501 2955 uti.
516 2924 558 2953 15.
596 2926 617 2941 ⁵⁷
633 2924 710 2953 Joan.
723 2934 798 2968 xvm,
810 2926 853 2954 28.
888 2927 910 2943 ⁸⁸
930 2928 1024 2956 Matth.
1039 2936 1105 2956 xxtu
1116 2950 1123 2959 .
1139 2930 1184 2958 ‘34.
