  <div class='ocr_page' id='page_1' title='image "/cluster/home/n/w/nwhite01/storage/ocr_20150623/24/njp.32101077772513/367.png"; bbox 0 0 2045 3215; ppageno 0'>
   <div class='ocr_carea' id='block_1_1' title="bbox 283 182 330 209">
    <p class='ocr_par' dir='ltr' id='par_1_1' title="bbox 283 182 330 209">
     <span class='ocr_line' id='line_1_1' title="bbox 283 182 330 209; baseline 0.021 -1"><span class='ocrx_word' id='word_1_1' title='bbox 283 182 330 209; x_wconf 70' lang='lat'><strong>719</strong></span> 
     </span>
    </p>
   </div>
   <div class='ocr_carea' id='block_1_2' title="bbox 594 177 1532 207">
    <p class='ocr_par' dir='ltr' id='par_1_2' title="bbox 594 177 1532 207">
     <span class='ocr_line' id='line_1_2' title="bbox 594 177 1532 207; baseline -0.003 0"><span class='ocrx_word' id='word_1_2' title='bbox 594 180 723 207; x_wconf 78' lang='lat' dir='ltr'><strong>EUSEBII</strong></span> <span class='ocrx_word' id='word_1_3' title='bbox 744 179 980 207; x_wconf 61' lang='lat' dir='ltr'><strong>CESABIENSIS</strong></span> <span class='ocrx_word' id='word_1_4' title='bbox 1000 179 1075 206; x_wconf 82' lang='lat' dir='ltr'><strong>OPP.</strong></span> <span class='ocrx_word' id='word_1_5' title='bbox 1095 177 1185 206; x_wconf 75' lang='lat' dir='ltr'><strong>PARS</strong></span> <span class='ocrx_word' id='word_1_6' title='bbox 1203 178 1249 205; x_wconf 92' lang='lat' dir='ltr'><strong>lV.</strong></span> <span class='ocrx_word' id='word_1_7' title='bbox 1266 193 1300 198; x_wconf 85' lang='lat'><strong>-—</strong></span> <span class='ocrx_word' id='word_1_8' title='bbox 1319 177 1532 206; x_wconf 83' lang='lat' dir='ltr'><strong>DOGMATICA.</strong></span> 
     </span>
    </p>
   </div>
   <div class='ocr_carea' id='block_1_3' title="bbox 1840 179 1890 206">
    <p class='ocr_par' dir='ltr' id='par_1_3' title="bbox 1840 179 1890 206">
     <span class='ocr_line' id='line_1_3' title="bbox 1840 179 1890 206; baseline 0.02 -1"><span class='ocrx_word' id='word_1_9' title='bbox 1840 179 1890 206; x_wconf 67' lang='grc' dir='ltr'>τεο</span> 
     </span>
    </p>
   </div>
   <div class='ocr_carea' id='block_1_4' title="bbox 280 238 1067 274">
    <p class='ocr_par' dir='ltr' id='par_1_4' title="bbox 280 239 1047 274">
     <span class='ocr_line' id='line_1_4' title="bbox 280 239 1047 274; baseline -0.004 -5"><span class='ocrx_word' id='word_1_10' title='bbox 280 241 346 269; x_wconf 84' lang='lat' dir='ltr'><strong>uitio</strong></span> <span class='ocrx_word' id='word_1_11' title='bbox 361 241 395 269; x_wconf 86' lang='lat' dir='ltr'><strong>de</strong></span> <span class='ocrx_word' id='word_1_12' title='bbox 411 241 479 268; x_wconf 87' lang='lat' dir='ltr'><strong>Filio</strong></span> <span class='ocrx_word' id='word_1_13' title='bbox 503 239 562 271; x_wconf 87' lang='lat' dir='ltr'><strong>Dei,</strong></span> <span class='ocrx_word' id='word_1_14' title='bbox 576 239 656 274; x_wconf 75' lang='lat' dir='ltr'><strong>longe</strong></span> <span class='ocrx_word' id='word_1_15' title='bbox 673 241 798 274; x_wconf 81' lang='lat' dir='ltr'><strong>quiddam</strong></span> <span class='ocrx_word' id='word_1_16' title='bbox 831 240 917 274; x_wconf 80' lang='lat' dir='ltr'><strong>majus</strong></span> <span class='ocrx_word' id='word_1_17' title='bbox 939 245 966 267; x_wconf 87' lang='lat' dir='ltr'><strong>et</strong></span> <span class='ocrx_word' id='word_1_18' title='bbox 992 247 1047 274; x_wconf 65' lang='lat' dir='ltr'><strong>pre</strong></span> 
     </span>
    </p>
   </div>
   <div class='ocr_carea' id='block_1_5' title="bbox 1119 238 1891 274">
    <p class='ocr_par' dir='ltr' id='par_1_5' title="bbox 1119 238 1891 274">
     <span class='ocr_line' id='line_1_5' title="bbox 1119 238 1891 274; baseline 0.001 -10"><span class='ocrx_word' id='word_1_19' title='bbox 1119 238 1145 266; x_wconf 78' lang='grc' dir='ltr'><strong>ἱτ¹</strong></span> <span class='ocrx_word' id='word_1_20' title='bbox 1159 239 1191 266; x_wconf 85' lang='grc' dir='ltr'>ἂν</span> <span class='ocrx_word' id='word_1_21' title='bbox 1207 239 1406 274; x_wconf 78' lang='grc' dir='ltr'>ὁμολογήσειεν,</span> <span class='ocrx_word' id='word_1_22' title='bbox 1429 238 1582 274; x_wconf 75' lang='grc' dir='ltr'><strong>ἐρωτηθείς.</strong></span> <span class='ocrx_word' id='word_1_23' title='bbox 1598 239 1629 265; x_wconf 81' lang='grc' dir='ltr'>Εἰ</span> <span class='ocrx_word' id='word_1_24' title='bbox 1653 238 1680 265; x_wconf 79' lang='grc' dir='ltr'><strong>δὲ</strong></span> <span class='ocrx_word' id='word_1_25' title='bbox 1703 238 1740 274; x_wconf 84' lang='grc' dir='ltr'>μὴ</span> <span class='ocrx_word' id='word_1_26' title='bbox 1755 239 1891 271; x_wconf 79' lang='grc' dir='ltr'>Ἰουδαῖος,</span> 
     </span>
    </p>
   </div>
   <div class='ocr_carea' id='block_1_6' title="bbox 280 284 1059 319">
    <p class='ocr_par' dir='ltr' id='par_1_6' title="bbox 280 284 1059 319">
     <span class='ocr_line' id='line_1_6' title="bbox 280 284 1059 319; baseline -0.004 -5"><span class='ocrx_word' id='word_1_27' title='bbox 280 287 399 314; x_wconf 82' lang='lat' dir='ltr'><strong>slantius</strong></span> <span class='ocrx_word' id='word_1_28' title='bbox 412 286 542 316; x_wconf 74' lang='lat' dir='ltr'><strong>exhibuit,</strong></span> <span class='ocrx_word' id='word_1_29' title='bbox 557 293 609 319; x_wconf 84' lang='lat' dir='ltr'><strong>qua</strong></span> <span class='ocrx_word' id='word_1_30' title='bbox 623 286 769 312; x_wconf 83' lang='lat' dir='ltr'><strong>edocetnur</strong></span> <span class='ocrx_word' id='word_1_31' title='bbox 783 284 856 311; x_wconf 90' lang='lat' dir='ltr'><strong>illum</strong></span> <span class='ocrx_word' id='word_1_32' title='bbox 875 285 960 319; x_wconf 90' lang='lat' dir='ltr'><strong>ipsum</strong></span> <span class='ocrx_word' id='word_1_33' title='bbox 977 285 1059 311; x_wconf 89' lang='lat' dir='ltr'><strong>Deum</strong></span> 
     </span>
    </p>
   </div>
   <div class='ocr_carea' id='block_1_7' title="bbox 281 329 1061 365">
    <p class='ocr_par' dir='ltr' id='par_1_7' title="bbox 281 329 1061 365">
     <span class='ocr_line' id='line_1_7' title="bbox 281 329 1061 365; baseline -0.001 -6"><span class='ocrx_word' id='word_1_34' title='bbox 281 333 388 360; x_wconf 82' lang='lat' dir='ltr'><strong>Patrem</strong></span> <span class='ocrx_word' id='word_1_35' title='bbox 403 337 510 359; x_wconf 84' lang='lat' dir='ltr'><strong>exstare</strong></span> <span class='ocrx_word' id='word_1_36' title='bbox 537 331 664 365; x_wconf 82' lang='lat' dir='ltr'><strong>unigeniti</strong></span> <span class='ocrx_word' id='word_1_37' title='bbox 679 330 750 362; x_wconf 84' lang='lat' dir='ltr'><strong>Filii,</strong></span> <span class='ocrx_word' id='word_1_38' title='bbox 764 331 807 363; x_wconf 88' lang='lat' dir='ltr'><strong>qui</strong></span> <span class='ocrx_word' id='word_1_39' title='bbox 825 330 963 358; x_wconf 79' lang='lat' dir='ltr'><strong>verissime</strong></span> <span class='ocrx_word' id='word_1_40' title='bbox 977 329 1061 358; x_wconf 86' lang='lat' dir='ltr'><strong>Filius</strong></span> 
     </span>
    </p>
   </div>
   <div class='ocr_carea' id='block_1_8' title="bbox 283 376 1061 410">
    <p class='ocr_par' dir='ltr' id='par_1_8' title="bbox 283 376 1061 410">
     <span class='ocr_line' id='line_1_8' title="bbox 283 376 1061 410; baseline -0.004 -5"><span class='ocrx_word' id='word_1_41' title='bbox 283 379 330 409; x_wconf 87' lang='lat' dir='ltr'><strong>sit.</strong></span> <span class='ocrx_word' id='word_1_42' title='bbox 344 379 421 405; x_wconf 84' lang='lat' dir='ltr'><strong>vivus</strong></span> <span class='ocrx_word' id='word_1_43' title='bbox 436 377 548 404; x_wconf 75' lang='lat' dir='ltr'><strong>exsistat</strong></span> <span class='ocrx_word' id='word_1_44' title='bbox 572 381 598 403; x_wconf 89' lang='lat' dir='ltr'><strong>et</strong></span> <span class='ocrx_word' id='word_1_45' title='bbox 626 376 785 403; x_wconf 74' lang='lat' dir='ltr'><strong>subsistens.</strong></span> <span class='ocrx_word' id='word_1_46' title='bbox 808 376 872 403; x_wconf 85' lang='lat' dir='ltr'><strong>Nam</strong></span> <span class='ocrx_word' id='word_1_47' title='bbox 890 376 1061 410; x_wconf 81' lang='lat' dir='ltr'><strong>quemadmo-</strong></span> 
     </span>
    </p>
   </div>
   <div class='ocr_carea' id='block_1_9' title="bbox 283 421 1064 457">
    <p class='ocr_par' dir='ltr' id='par_1_9' title="bbox 283 421 1064 457">
     <span class='ocr_line' id='line_1_9' title="bbox 283 421 1064 457; baseline -0.001 -7"><span class='ocrx_word' id='word_1_48' title='bbox 283 425 345 450; x_wconf 86' lang='lat' dir='ltr'><strong>dum</strong></span> <span class='ocrx_word' id='word_1_49' title='bbox 364 433 370 450; x_wconf 87' lang='lat'>:</span> <span class='ocrx_word' id='word_1_50' title='bbox 390 423 469 449; x_wconf 78' lang='lat' dir='ltr'><strong>Pater</strong></span> <span class='ocrx_word' id='word_1_51' title='bbox 482 424 560 449; x_wconf 72' lang='lat' dir='ltr'><strong>vitant</strong></span> <span class='ocrx_word' id='word_1_52' title='bbox 578 423 604 448; x_wconf 79' lang='lat' dir='ltr'><strong>in</strong></span> <span class='ocrx_word' id='word_1_53' title='bbox 621 422 704 455; x_wconf 65' lang='lat' dir='ltr'><strong>“ipso</strong></span> <span class='ocrx_word' id='word_1_54' title='bbox 730 421 818 453; x_wconf 79' lang='lat' dir='ltr'><strong>habet,</strong></span> <span class='ocrx_word' id='word_1_55' title='bbox 837 421 949 448; x_wconf 76' lang='lat' dir='ltr'><strong>docebat</strong></span> <span class='ocrx_word' id='word_1_56' title='bbox 964 421 1064 457; x_wconf 77' lang='lat' dir='ltr'><strong>linige-</strong></span> 
     </span>
    </p>
   </div>
   <div class='ocr_carea' id='block_1_10' title="bbox 284 467 1060 503">
    <p class='ocr_par' dir='ltr' id='par_1_10' title="bbox 284 467 1060 503">
     <span class='ocr_line' id='line_1_10' title="bbox 284 467 1060 503; baseline -0.003 -7"><span class='ocrx_word' id='word_1_57' title='bbox 284 470 356 496; x_wconf 88' lang='lat' dir='ltr'><strong>nitns</strong></span> <span class='ocrx_word' id='word_1_58' title='bbox 383 470 439 503; x_wconf 87' lang='lat' dir='ltr'><strong>ipse</strong></span> <span class='ocrx_word' id='word_1_59' title='bbox 463 469 518 500; x_wconf 86' lang='lat' dir='ltr'><strong>Dei,</strong></span> <span class='ocrx_word' id='word_1_60' title='bbox 536 469 573 494; x_wconf 83' lang='lat' dir='ltr'><strong>ita</strong></span> <span class='ocrx_word' id='word_1_61' title='bbox 597 476 697 503; x_wconf 82' lang='lat' dir='ltr'><strong>quoque</strong></span> <span class='ocrx_word' id='word_1_62' title='bbox 722 469 749 494; x_wconf 82' lang='lat' dir='ltr'><strong>in</strong></span> <span class='ocrx_word' id='word_1_63' title='bbox 771 468 855 501; x_wconf 69' lang='lat' dir='ltr'><strong>seipso</strong></span> <span class='ocrx_word' id='word_1_64' title='bbox 873 467 958 495; x_wconf 70' lang='lat' dir='ltr'><strong>Filius</strong></span> <span class='ocrx_word' id='word_1_65' title='bbox 985 469 1060 495; x_wconf 79' lang='lat' dir='ltr'><strong>habet</strong></span> 
     </span>
    </p>
   </div>
   <div class='ocr_carea' id='block_1_11' title="bbox 282 513 1059 547">
    <p class='ocr_par' dir='ltr' id='par_1_11' title="bbox 282 513 1059 547">
     <span class='ocr_line' id='line_1_11' title="bbox 282 513 1059 547; baseline 0 -7"><span class='ocrx_word' id='word_1_66' title='bbox 282 515 362 541; x_wconf 76' lang='lat' dir='ltr'><strong>vitam</strong></span> <span class='ocrx_word' id='word_1_67' title='bbox 375 514 395 541; x_wconf 79' lang='grc' dir='ltr'><strong>ο.</strong></span> <span class='ocrx_word' id='word_1_68' title='bbox 414 513 446 540; x_wconf 82' lang='lat' dir='ltr'><strong>Ut</strong></span> <span class='ocrx_word' id='word_1_69' title='bbox 471 513 506 539; x_wconf 87' lang='lat' dir='ltr'><strong>ita</strong></span> <span class='ocrx_word' id='word_1_70' title='bbox 523 513 602 540; x_wconf 78' lang='lat' dir='ltr'><strong>Pater</strong></span> <span class='ocrx_word' id='word_1_71' title='bbox 621 520 684 540; x_wconf 86' lang='lat' dir='ltr'><strong>vere</strong></span> <span class='ocrx_word' id='word_1_72' title='bbox 707 513 815 547; x_wconf 86' lang='lat' dir='ltr'><strong>quidem</strong></span> <span class='ocrx_word' id='word_1_73' title='bbox 843 513 922 540; x_wconf 83' lang='lat' dir='ltr'><strong>Pater</strong></span> <span class='ocrx_word' id='word_1_74' title='bbox 936 514 1059 545; x_wconf 76' lang='lat' dir='ltr'><strong>exsistat,</strong></span> 
     </span>
    </p>
   </div>
   <div class='ocr_carea' id='block_1_12' title="bbox 284 558 1061 593">
    <p class='ocr_par' dir='ltr' id='par_1_12' title="bbox 284 558 1061 593">
     <span class='ocr_line' id='line_1_12' title="bbox 284 558 1061 593; baseline 0 -7"><span class='ocrx_word' id='word_1_75' title='bbox 284 567 337 588; x_wconf 91' lang='lat' dir='ltr'><strong>non</strong></span> <span class='ocrx_word' id='word_1_76' title='bbox 363 564 450 586; x_wconf 87' lang='lat' dir='ltr'><strong>autem</strong></span> <span class='ocrx_word' id='word_1_77' title='bbox 479 559 562 586; x_wconf 91' lang='lat' dir='ltr'><strong>verbo</strong></span> <span class='ocrx_word' id='word_1_78' title='bbox 593 564 670 586; x_wconf 87' lang='lat' dir='ltr'><strong>tenus</strong></span> <span class='ocrx_word' id='word_1_79' title='bbox 684 558 765 586; x_wconf 78' lang='lat' dir='ltr'><strong>Pater</strong></span> <span class='ocrx_word' id='word_1_80' title='bbox 793 558 889 586; x_wconf 78' lang='lat' dir='ltr'><strong>falsata</strong></span> <span class='ocrx_word' id='word_1_81' title='bbox 918 564 1061 593; x_wconf 86' lang='lat' dir='ltr'><strong>usurpatns</strong></span> 
     </span>
    </p>
   </div>
   <div class='ocr_carea' id='block_1_13' title="bbox 285 604 1061 639">
    <p class='ocr_par' dir='ltr' id='par_1_13' title="bbox 285 604 1061 639">
     <span class='ocr_line' id='line_1_13' title="bbox 285 604 1061 639; baseline -0.001 -7"><span class='ocrx_word' id='word_1_82' title='bbox 285 605 466 632; x_wconf 86' lang='lat' dir='ltr'><strong>nominatione</strong></span> <span class='ocrx_word' id='word_1_83' title='bbox 481 614 487 631; x_wconf 89' lang='lat'><strong><em>:</em></strong></span> <span class='ocrx_word' id='word_1_84' title='bbox 503 606 548 631; x_wconf 90' lang='lat' dir='ltr'><strong>sed</strong></span> <span class='ocrx_word' id='word_1_85' title='bbox 564 605 678 631; x_wconf 85' lang='lat' dir='ltr'><strong>veritate</strong></span> <span class='ocrx_word' id='word_1_86' title='bbox 692 609 719 630; x_wconf 88' lang='lat' dir='ltr'><strong>et</strong></span> <span class='ocrx_word' id='word_1_87' title='bbox 736 605 824 639; x_wconf 87' lang='lat' dir='ltr'><strong>reipsa</strong></span> <span class='ocrx_word' id='word_1_88' title='bbox 854 605 983 639; x_wconf 78' lang='lat' dir='ltr'><strong>unigeniti</strong></span> <span class='ocrx_word' id='word_1_89' title='bbox 1002 604 1061 631; x_wconf 84' lang='lat' dir='ltr'><strong>Filii</strong></span> 
     </span>
    </p>
   </div>
   <div class='ocr_carea' id='block_1_14' title="bbox 283 650 1063 685">
    <p class='ocr_par' dir='ltr' id='par_1_14' title="bbox 283 650 1063 685">
     <span class='ocr_line' id='line_1_14' title="bbox 283 650 1063 685; baseline -0.001 -8"><span class='ocrx_word' id='word_1_90' title='bbox 283 652 382 678; x_wconf 82' lang='lat' dir='ltr'><strong>Pater:</strong></span> <span class='ocrx_word' id='word_1_91' title='bbox 398 657 424 678; x_wconf 91' lang='lat' dir='ltr'><strong>et</strong></span> <span class='ocrx_word' id='word_1_92' title='bbox 441 656 468 678; x_wconf 83' lang='grc' dir='ltr'><strong>ιιι</strong></span> <span class='ocrx_word' id='word_1_93' title='bbox 484 650 567 678; x_wconf 84' lang='lat' dir='ltr'><strong>Filius</strong></span> <span class='ocrx_word' id='word_1_94' title='bbox 593 651 628 677; x_wconf 92' lang='lat' dir='ltr'><strong>sit</strong></span> <span class='ocrx_word' id='word_1_95' title='bbox 652 652 738 685; x_wconf 83' lang='lat' dir='ltr'><strong>rcipsa</strong></span> <span class='ocrx_word' id='word_1_96' title='bbox 767 651 847 677; x_wconf 85' lang='lat' dir='ltr'><strong>etiam</strong></span> <span class='ocrx_word' id='word_1_97' title='bbox 873 650 967 678; x_wconf 84' lang='lat' dir='ltr'><strong>Filius.</strong></span> <span class='ocrx_word' id='word_1_98' title='bbox 985 650 1063 683; x_wconf 88' lang='lat' dir='ltr'><strong>Quis-</strong></span> 
     </span>
    </p>
   </div>
   <div class='ocr_carea' id='block_1_15' title="bbox 283 695 1063 732">
    <p class='ocr_par' dir='ltr' id='par_1_15' title="bbox 283 695 1063 732">
     <span class='ocr_line' id='line_1_15' title="bbox 283 695 1063 732; baseline -0.003 -8"><span class='ocrx_word' id='word_1_99' title='bbox 283 698 344 732; x_wconf 84' lang='lat' dir='ltr'><strong>quis</strong></span> <span class='ocrx_word' id='word_1_100' title='bbox 373 703 462 724; x_wconf 89' lang='lat' dir='ltr'><strong>atttetn</strong></span> <span class='ocrx_word' id='word_1_101' title='bbox 490 697 586 723; x_wconf 82' lang='lat' dir='ltr'><strong>Filium</strong></span> <span class='ocrx_word' id='word_1_102' title='bbox 602 697 701 723; x_wconf 89' lang='lat' dir='ltr'><strong>nttdttm</strong></span> <span class='ocrx_word' id='word_1_103' title='bbox 718 704 779 723; x_wconf 84' lang='lat' dir='ltr'><strong>esse</strong></span> <span class='ocrx_word' id='word_1_104' title='bbox 796 695 905 723; x_wconf 78' lang='lat' dir='ltr'><strong>Verbum</strong></span> <span class='ocrx_word' id='word_1_105' title='bbox 923 697 1063 723; x_wconf 78' lang='lat' dir='ltr'><strong>existima-</strong></span> 
     </span>
    </p>
   </div>
   <div class='ocr_carea' id='block_1_16' title="bbox 285 740 1063 774">
    <p class='ocr_par' dir='ltr' id='par_1_16' title="bbox 285 740 1063 774">
     <span class='ocr_line' id='line_1_16' title="bbox 285 740 1063 774; baseline -0.003 -6"><span class='ocrx_word' id='word_1_106' title='bbox 285 743 364 774; x_wconf 88' lang='lat' dir='ltr'><strong>verit,</strong></span> <span class='ocrx_word' id='word_1_107' title='bbox 394 746 439 768; x_wconf 81' lang='lat' dir='ltr'><strong>aut</strong></span> <span class='ocrx_word' id='word_1_108' title='bbox 467 741 634 768; x_wconf 71' lang='lat' dir='ltr'><strong>solummodo</strong></span> <span class='ocrx_word' id='word_1_109' title='bbox 666 740 773 767; x_wconf 82' lang='lat' dir='ltr'><strong>Verbum</strong></span> <span class='ocrx_word' id='word_1_110' title='bbox 799 741 1019 771; x_wconf 72' lang='lat' dir='ltr'><strong>continuaverit,</strong></span> <span class='ocrx_word' id='word_1_111' title='bbox 1037 745 1063 766; x_wconf 90' lang='lat' dir='ltr'><strong>et</strong></span> 
     </span>
    </p>
   </div>
   <div class='ocr_carea' id='block_1_17' title="bbox 287 785 1063 821">
    <p class='ocr_par' dir='ltr' id='par_1_17' title="bbox 287 785 1063 821">
     <span class='ocr_line' id='line_1_17' title="bbox 287 785 1063 821; baseline -0.004 -7"><span class='ocrx_word' id='word_1_112' title='bbox 287 787 350 820; x_wconf 88' lang='lat' dir='ltr'><strong>illud</strong></span> <span class='ocrx_word' id='word_1_113' title='bbox 372 787 527 821; x_wconf 79' lang='lat' dir='ltr'><strong>frequenter</strong></span> <span class='ocrx_word' id='word_1_114' title='bbox 540 794 589 813; x_wconf 86' lang='lat' dir='ltr'><strong>suo</strong></span> <span class='ocrx_word' id='word_1_115' title='bbox 607 794 654 813; x_wconf 89' lang='lat' dir='ltr'><strong>ore</strong></span> <span class='ocrx_word' id='word_1_116' title='bbox 675 787 856 820; x_wconf 78' lang='lat' dir='ltr'><strong>usurpaverit,</strong></span> <span class='ocrx_word' id='word_1_117' title='bbox 876 785 987 812; x_wconf 85' lang='lat' dir='ltr'><strong>Verbum</strong></span> <span class='ocrx_word' id='word_1_118' title='bbox 1004 791 1063 812; x_wconf 90' lang='lat' dir='ltr'><strong>tan-</strong></span> 
     </span>
    </p>
   </div>
   <div class='ocr_carea' id='block_1_18' title="bbox 284 832 1063 866">
    <p class='ocr_par' dir='ltr' id='par_1_18' title="bbox 284 832 1063 866">
     <span class='ocr_line' id='line_1_18' title="bbox 284 832 1063 866; baseline -0.001 -7"><span class='ocrx_word' id='word_1_119' title='bbox 284 833 422 860; x_wconf 81' lang='lat' dir='ltr'><strong>tummodo</strong></span> <span class='ocrx_word' id='word_1_120' title='bbox 452 832 599 863; x_wconf 78' lang='lat' dir='ltr'><strong>exstitisse,</strong></span> <span class='ocrx_word' id='word_1_121' title='bbox 614 832 696 864; x_wconf 88' lang='lat' dir='ltr'><strong>inttts,</strong></span> <span class='ocrx_word' id='word_1_122' title='bbox 721 833 783 859; x_wconf 91' lang='lat' dir='ltr'><strong>dum</strong></span> <span class='ocrx_word' id='word_1_123' title='bbox 799 832 967 863; x_wconf 81' lang='lat' dir='ltr'><strong>consisteret,</strong></span> <span class='ocrx_word' id='word_1_124' title='bbox 985 832 1063 866; x_wconf 84' lang='lat' dir='ltr'><strong>quie-</strong></span> 
     </span>
    </p>
   </div>
   <div class='ocr_carea' id='block_1_19' title="bbox 283 876 1063 911">
    <p class='ocr_par' dir='ltr' id='par_1_19' title="bbox 283 876 1063 911">
     <span class='ocr_line' id='line_1_19' title="bbox 283 876 1063 911; baseline -0.001 -6"><span class='ocrx_word' id='word_1_125' title='bbox 283 883 375 905; x_wconf 86' lang='lat' dir='ltr'><strong>scente</strong></span> <span class='ocrx_word' id='word_1_126' title='bbox 390 885 439 904; x_wconf 88' lang='lat' dir='ltr'><strong>suo</strong></span> <span class='ocrx_word' id='word_1_127' title='bbox 456 877 536 903; x_wconf 85' lang='lat' dir='ltr'><strong>Patre</strong></span> <span class='ocrx_word' id='word_1_128' title='bbox 552 886 558 903; x_wconf 93' lang='lat'><strong>:</strong></span> <span class='ocrx_word' id='word_1_129' title='bbox 575 882 714 911; x_wconf 85' lang='lat' dir='ltr'><strong>operatum</strong></span> <span class='ocrx_word' id='word_1_130' title='bbox 731 883 794 904; x_wconf 86' lang='lat' dir='ltr'><strong>vero</strong></span> <span class='ocrx_word' id='word_1_131' title='bbox 811 877 881 904; x_wconf 86' lang='lat' dir='ltr'><strong>idem</strong></span> <span class='ocrx_word' id='word_1_132' title='bbox 899 878 984 911; x_wconf 90' lang='lat' dir='ltr'><strong>ipsum</strong></span> <span class='ocrx_word' id='word_1_133' title='bbox 999 876 1063 904; x_wconf 86' lang='lat' dir='ltr'><strong>Ver-</strong></span> 
     </span>
    </p>
   </div>
   <div class='ocr_carea' id='block_1_20' title="bbox 1111 284 1890 321">
    <p class='ocr_par' dir='ltr' id='par_1_20' title="bbox 1111 284 1890 321">
     <span class='ocr_line' id='line_1_20' title="bbox 1111 284 1890 321; baseline -0.003 -9"><span class='ocrx_word' id='word_1_134' title='bbox 1111 286 1167 312; x_wconf 83' lang='grc' dir='ltr'>ὰλλ¹</span> <span class='ocrx_word' id='word_1_135' title='bbox 1182 286 1337 312; x_wconf 73' lang='grc' dir='ltr'>ἐπισκόπων</span> <span class='ocrx_word' id='word_1_136' title='bbox 1345 294 1386 316; x_wconf 82' lang='grc' dir='ltr'><strong>τις</strong></span> <span class='ocrx_word' id='word_1_137' title='bbox 1399 285 1499 319; x_wconf 84' lang='grc' dir='ltr'>ταύτην</span> <span class='ocrx_word' id='word_1_138' title='bbox 1508 284 1575 321; x_wconf 80' lang='lat'><strong>(50‘)</strong></span> <span class='ocrx_word' id='word_1_139' title='bbox 1591 286 1730 319; x_wconf 76' lang='grc' dir='ltr'>εἰσαγάγοι</span> <span class='ocrx_word' id='word_1_140' title='bbox 1742 285 1791 317; x_wconf 81' lang='grc' dir='ltr'>τὴν</span> <span class='ocrx_word' id='word_1_141' title='bbox 1805 285 1890 318; x_wconf 77' lang='grc' dir='ltr'>δόξαν,</span> 
     </span>
    </p>
   </div>
   <div class='ocr_carea' id='block_1_21' title="bbox 1111 330 1890 366">
    <p class='ocr_par' dir='ltr' id='par_1_21' title="bbox 1111 330 1890 366">
     <span class='ocr_line' id='line_1_21' title="bbox 1111 330 1890 366; baseline -0.004 -7"><span class='ocrx_word' id='word_1_142' title='bbox 1111 333 1195 366; x_wconf 85' lang='grc' dir='ltr'><strong>Λόγον</strong></span> <span class='ocrx_word' id='word_1_143' title='bbox 1213 331 1293 358; x_wconf 80' lang='grc' dir='ltr'>αὐτὸν</span> <span class='ocrx_word' id='word_1_144' title='bbox 1316 332 1395 366; x_wconf 88' lang='grc' dir='ltr'>μόνον</span> <span class='ocrx_word' id='word_1_145' title='bbox 1422 331 1509 362; x_wconf 77' lang='grc' dir='ltr'>διδοὺς</span> <span class='ocrx_word' id='word_1_146' title='bbox 1533 330 1669 365; x_wconf 84' lang='grc' dir='ltr'><strong>ἡνωμένον</strong></span> <span class='ocrx_word' id='word_1_147' title='bbox 1685 330 1724 365; x_wconf 83' lang='grc' dir='ltr'>τῷ</span> <span class='ocrx_word' id='word_1_148' title='bbox 1735 330 1795 365; x_wconf 88' lang='grc' dir='ltr'><strong>Θεῷ</strong></span> <span class='ocrx_word' id='word_1_149' title='bbox 1807 338 1814 346; x_wconf 76' lang='grc'><em>’</em></span> <span class='ocrx_word' id='word_1_150' title='bbox 1836 331 1890 365; x_wconf 72' lang='grc'><strong>(51)</strong></span> 
     </span>
    </p>
   </div>
   <div class='ocr_carea' id='block_1_22' title="bbox 1111 375 1891 412">
    <p class='ocr_par' dir='ltr' id='par_1_22' title="bbox 1111 375 1891 412">
     <span class='ocr_line' id='line_1_22' title="bbox 1111 375 1891 412; baseline -0.001 -8"><span class='ocrx_word' id='word_1_151' title='bbox 1111 378 1157 404; x_wconf 73' lang='grc' dir='ltr'><strong>καὶ</strong></span> <span class='ocrx_word' id='word_1_152' title='bbox 1175 377 1266 404; x_wconf 76' lang='grc' dir='ltr'>τοῦτον</span> <span class='ocrx_word' id='word_1_153' title='bbox 1291 375 1359 403; x_wconf 87' lang='grc' dir='ltr'>εἶναι</span> <span class='ocrx_word' id='word_1_154' title='bbox 1377 377 1459 403; x_wconf 76' lang='grc' dir='ltr'>ἀΐδιον</span> <span class='ocrx_word' id='word_1_155' title='bbox 1476 377 1522 402; x_wconf 78' lang='grc' dir='ltr'><strong>καὶ</strong></span> <span class='ocrx_word' id='word_1_156' title='bbox 1538 377 1699 412; x_wconf 81' lang='grc' dir='ltr'><strong>ἀγέννητον,</strong></span> <span class='ocrx_word' id='word_1_157' title='bbox 1725 377 1754 403; x_wconf 72' lang='grc' dir='ltr'>ἓν</span> <span class='ocrx_word' id='word_1_158' title='bbox 1778 386 1806 404; x_wconf 85' lang='grc' dir='ltr'><strong>τε</strong></span> <span class='ocrx_word' id='word_1_159' title='bbox 1823 375 1891 404; x_wconf 76' lang='grc' dir='ltr'>εἶναι</span> 
     </span>
    </p>
   </div>
   <div class='ocr_carea' id='block_1_23' title="bbox 1111 420 1890 457">
    <p class='ocr_par' dir='ltr' id='par_1_23' title="bbox 1111 420 1890 457">
     <span class='ocr_line' id='line_1_23' title="bbox 1111 420 1890 457; baseline -0.004 -8"><span class='ocrx_word' id='word_1_160' title='bbox 1111 422 1165 457; x_wconf 70' lang='lat'><strong>(3&#39;2)</strong></span> <span class='ocrx_word' id='word_1_161' title='bbox 1175 421 1321 449; x_wconf 75' lang='grc' dir='ltr'>καὶταὺτὸν</span> <span class='ocrx_word' id='word_1_162' title='bbox 1330 421 1366 456; x_wconf 81' lang='grc' dir='ltr'>τῷ</span> <span class='ocrx_word' id='word_1_163' title='bbox 1375 420 1434 455; x_wconf 85' lang='grc' dir='ltr'>Θεῷ</span> <span class='ocrx_word' id='word_1_164' title='bbox 1441 420 1553 455; x_wconf 75' lang='grc' dir='ltr'>ὀνόμασι</span> <span class='ocrx_word' id='word_1_165' title='bbox 1564 421 1610 455; x_wconf 78' lang='grc' dir='ltr'>μὲν</span> <span class='ocrx_word' id='word_1_166' title='bbox 1618 421 1766 456; x_wconf 64' lang='grc' dir='ltr'>διαφόροις,</span> <span class='ocrx_word' id='word_1_167' title='bbox 1775 421 1890 456; x_wconf 82' lang='grc' dir='ltr'>Πατρὸς,</span> 
     </span>
    </p>
   </div>
   <div class='ocr_carea' id='block_1_24' title="bbox 1111 466 1892 503">
    <p class='ocr_par' dir='ltr' id='par_1_24' title="bbox 1111 466 1892 503">
     <span class='ocr_line' id='line_1_24' title="bbox 1111 466 1892 503; baseline -0.003 -9"><span class='ocrx_word' id='word_1_168' title='bbox 1111 468 1158 494; x_wconf 70' lang='grc' dir='ltr'>καὶ</span> <span class='ocrx_word' id='word_1_169' title='bbox 1179 468 1244 494; x_wconf 80' lang='grc' dir='ltr'>Υἱοῦ</span> <span class='ocrx_word' id='word_1_170' title='bbox 1263 467 1476 503; x_wconf 76' lang='grc' dir='ltr'><strong>χρηματίζοντα,</strong></span> <span class='ocrx_word' id='word_1_171' title='bbox 1492 467 1570 498; x_wconf 57' lang='grc' dir='ltr'>οὐσία</span> <span class='ocrx_word' id='word_1_172' title='bbox 1590 467 1617 492; x_wconf 79' lang='grc' dir='ltr'><strong>δὲ</strong></span> <span class='ocrx_word' id='word_1_173' title='bbox 1641 466 1687 493; x_wconf 78' lang='grc' dir='ltr'><strong>καὶ</strong></span> <span class='ocrx_word' id='word_1_174' title='bbox 1705 466 1851 493; x_wconf 76' lang='grc' dir='ltr'>ὑποστάσει</span> <span class='ocrx_word' id='word_1_175' title='bbox 1864 466 1892 492; x_wconf 83' lang='grc' dir='ltr'>ἒν</span> 
     </span>
    </p>
   </div>
   <div class='ocr_carea' id='block_1_25' title="bbox 1111 512 1892 547">
    <p class='ocr_par' dir='ltr' id='par_1_25' title="bbox 1111 512 1892 547">
     <span class='ocr_line' id='line_1_25' title="bbox 1111 512 1892 547; baseline -0.001 -8"><span class='ocrx_word' id='word_1_176' title='bbox 1111 513 1183 539; x_wconf 72' lang='grc' dir='ltr'>ὄντα·</span> <span class='ocrx_word' id='word_1_177' title='bbox 1200 512 1257 543; x_wconf 81' lang='grc' dir='ltr'><strong>πῶς</strong></span> <span class='ocrx_word' id='word_1_178' title='bbox 1271 513 1301 538; x_wconf 75' lang='grc' dir='ltr'>οὺ</span> <span class='ocrx_word' id='word_1_179' title='bbox 1315 512 1393 547; x_wconf 75' lang='grc' dir='ltr'>δῆλος</span> <span class='ocrx_word' id='word_1_180' title='bbox 1403 512 1435 538; x_wconf 85' lang='grc' dir='ltr'>ἂν</span> <span class='ocrx_word' id='word_1_181' title='bbox 1450 512 1553 546; x_wconf 82' lang='grc' dir='ltr'>γένοιτο</span> <span class='ocrx_word' id='word_1_182' title='bbox 1565 512 1620 547; x_wconf 80' lang='grc'><strong>(55)</strong></span> <span class='ocrx_word' id='word_1_183' title='bbox 1632 512 1678 538; x_wconf 76' lang='grc' dir='ltr'>τὸν</span> <span class='ocrx_word' id='word_1_184' title='bbox 1692 512 1740 547; x_wconf 80' lang='grc' dir='ltr'>μὲν</span> <span class='ocrx_word' id='word_1_185' title='bbox 1751 512 1892 538; x_wconf 77' lang='grc' dir='ltr'>Σαὸέλλιον</span> 
     </span>
    </p>
   </div>
   <div class='ocr_carea' id='block_1_26' title="bbox 1112 558 1892 594">
    <p class='ocr_par' dir='ltr' id='par_1_26' title="bbox 1112 558 1892 594">
     <span class='ocr_line' id='line_1_26' title="bbox 1112 558 1892 594; baseline 0.001 -10"><span class='ocrx_word' id='word_1_186' title='bbox 1112 559 1300 593; x_wconf 78' lang='grc' dir='ltr'>ὑποδυόμενος·</span> <span class='ocrx_word' id='word_1_187' title='bbox 1315 559 1363 594; x_wconf 77' lang='grc' dir='ltr'><strong>τῆς</strong></span> <span class='ocrx_word' id='word_1_188' title='bbox 1376 558 1404 585; x_wconf 79' lang='grc' dir='ltr'><strong>δὲ</strong></span> <span class='ocrx_word' id='word_1_189' title='bbox 1426 559 1454 585; x_wconf 80' lang='grc' dir='ltr'>ὲν</span> <span class='ocrx_word' id='word_1_190' title='bbox 1469 558 1577 594; x_wconf 80' lang='grc' dir='ltr'><strong>Χριστῷ</strong></span> <span class='ocrx_word' id='word_1_191' title='bbox 1593 558 1718 593; x_wconf 79' lang='grc' dir='ltr'>γνώσεώς</span> <span class='ocrx_word' id='word_1_192' title='bbox 1738 567 1767 585; x_wconf 83' lang='grc' dir='ltr'>τε</span> <span class='ocrx_word' id='word_1_193' title='bbox 1781 559 1827 585; x_wconf 79' lang='grc' dir='ltr'>καὶ</span> <span class='ocrx_word' id='word_1_194' title='bbox 1843 559 1892 594; x_wconf 84' lang='grc' dir='ltr'><strong>χά-</strong></span> 
     </span>
    </p>
   </div>
   <div class='ocr_carea' id='block_1_27' title="bbox 1114 604 1893 640">
    <p class='ocr_par' dir='ltr' id='par_1_27' title="bbox 1114 604 1893 640">
     <span class='ocr_line' id='line_1_27' title="bbox 1114 604 1893 640; baseline 0 -10"><span class='ocrx_word' id='word_1_195' title='bbox 1114 613 1185 640; x_wconf 79' lang='grc' dir='ltr'>ριτος</span> <span class='ocrx_word' id='word_1_196' title='bbox 1199 605 1409 639; x_wconf 78' lang='grc' dir='ltr'>ὴλλοτριωμένος</span> <span class='ocrx_word' id='word_1_197' title='bbox 1429 604 1514 636; x_wconf 78' lang='grc' dir='ltr'><strong>;Οὺδὲ</strong></span> <span class='ocrx_word' id='word_1_198' title='bbox 1536 605 1589 640; x_wconf 84' lang='grc' dir='ltr'>γὰρ</span> <span class='ocrx_word' id='word_1_199' title='bbox 1609 605 1708 640; x_wconf 79' lang='grc' dir='ltr'><strong>ζητεῖν,</strong></span> <span class='ocrx_word' id='word_1_200' title='bbox 1728 605 1788 631; x_wconf 83' lang='grc' dir='ltr'>οὐδὲ</span> <span class='ocrx_word' id='word_1_201' title='bbox 1808 605 1893 640; x_wconf 73' lang='grc' dir='ltr'>ἀμφι-</span> 
     </span>
    </p>
   </div>
   <div class='ocr_carea' id='block_1_28' title="bbox 1113 647 1893 686">
    <p class='ocr_par' dir='ltr' id='par_1_28' title="bbox 1113 647 1893 686">
     <span class='ocr_line' id='line_1_28' title="bbox 1113 647 1893 686; baseline 0 -10"><span class='ocrx_word' id='word_1_202' title='bbox 1113 650 1229 683; x_wconf 72' lang='grc' dir='ltr'>ϐάλλειν,</span> <span class='ocrx_word' id='word_1_203' title='bbox 1252 649 1306 676; x_wconf 77' lang='grc' dir='ltr'>οὐδ’</span> <span class='ocrx_word' id='word_1_204' title='bbox 1331 650 1434 685; x_wconf 75' lang='grc' dir='ltr'>ἐρωτᾷν</span> <span class='ocrx_word' id='word_1_205' title='bbox 1460 651 1515 681; x_wconf 82' lang='grc' dir='ltr'>τοῖς</span> <span class='ocrx_word' id='word_1_206' title='bbox 1544 650 1723 685; x_wconf 81' lang='grc' dir='ltr'>βουλομένοις,</span> <span class='ocrx_word' id='word_1_207' title='bbox 1749 651 1772 676; x_wconf 79' lang='grc' dir='ltr'>εὶ</span> <span class='ocrx_word' id='word_1_208' title='bbox 1793 647 1827 686; x_wconf 77' lang='grc' dir='ltr'>ἦν</span> <span class='ocrx_word' id='word_1_209' title='bbox 1848 650 1893 676; x_wconf 78' lang='grc' dir='ltr'>καὶ</span> 
     </span>
    </p>
   </div>
   <div class='ocr_carea' id='block_1_29' title="bbox 1113 694 1895 732">
    <p class='ocr_par' dir='ltr' id='par_1_29' title="bbox 1113 694 1895 732">
     <span class='ocr_line' id='line_1_29' title="bbox 1113 694 1895 732; baseline 0 -10"><span class='ocrx_word' id='word_1_210' title='bbox 1113 696 1199 731; x_wconf 83' lang='grc' dir='ltr'>προῆν</span> <span class='ocrx_word' id='word_1_211' title='bbox 1224 696 1238 722; x_wconf 83' lang='grc' dir='ltr'><strong>ό</strong></span> <span class='ocrx_word' id='word_1_212' title='bbox 1256 694 1400 730; x_wconf 81' lang='grc' dir='ltr'>μονογενὴς</span> <span class='ocrx_word' id='word_1_213' title='bbox 1430 695 1491 726; x_wconf 81' lang='grc' dir='ltr'>Υἱὸς</span> <span class='ocrx_word' id='word_1_214' title='bbox 1516 695 1562 721; x_wconf 81' lang='grc' dir='ltr'>τοῦ</span> <span class='ocrx_word' id='word_1_215' title='bbox 1586 695 1662 728; x_wconf 75' lang='grc' dir='ltr'>Θεοῦ,</span> <span class='ocrx_word' id='word_1_216' title='bbox 1681 696 1757 731; x_wconf 81' lang='grc' dir='ltr'><strong>ὁτῆς</strong></span> <span class='ocrx_word' id='word_1_217' title='bbox 1784 696 1895 732; x_wconf 79' lang='grc' dir='ltr'><strong>Ἐκκλη-</strong></span> 
     </span>
    </p>
   </div>
   <div class='ocr_carea' id='block_1_30' title="bbox 1113 741 1894 778">
    <p class='ocr_par' dir='ltr' id='par_1_30' title="bbox 1113 741 1894 778">
     <span class='ocr_line' id='line_1_30' title="bbox 1113 741 1894 778; baseline 0 -10"><span class='ocrx_word' id='word_1_218' title='bbox 1113 742 1173 774; x_wconf 84' lang='grc' dir='ltr'>σίας</span> <span class='ocrx_word' id='word_1_219' title='bbox 1187 741 1242 776; x_wconf 66' lang='grc'><strong>(54)</strong></span> <span class='ocrx_word' id='word_1_220' title='bbox 1262 741 1402 777; x_wconf 76' lang='grc' dir='ltr'><strong>ἐπιτρέποι</strong></span> <span class='ocrx_word' id='word_1_221' title='bbox 1415 741 1448 769; x_wconf 81' lang='grc' dir='ltr'><strong>ἂν</strong></span> <span class='ocrx_word' id='word_1_222' title='bbox 1464 741 1571 776; x_wconf 79' lang='grc' dir='ltr'>θεσμός·</span> <span class='ocrx_word' id='word_1_223' title='bbox 1587 741 1787 778; x_wconf 77' lang='grc' dir='ltr'><strong>ὁμολογουμένῃ</strong></span> <span class='ocrx_word' id='word_1_224' title='bbox 1811 742 1838 768; x_wconf 73' lang='grc' dir='ltr'><strong>δὲ</strong></span> <span class='ocrx_word' id='word_1_225' title='bbox 1848 742 1894 769; x_wconf 78' lang='grc' dir='ltr'><strong>καὶ</strong></span> 
     </span>
    </p>
   </div>
   <div class='ocr_carea' id='block_1_31' title="bbox 1113 787 1894 823">
    <p class='ocr_par' dir='ltr' id='par_1_31' title="bbox 1113 787 1894 823">
     <span class='ocr_line' id='line_1_31' title="bbox 1113 787 1894 823; baseline 0 -9"><span class='ocrx_word' id='word_1_226' title='bbox 1113 787 1288 822; x_wconf 80' lang='grc' dir='ltr'>ἀναμφιϐόλῳ</span> <span class='ocrx_word' id='word_1_227' title='bbox 1297 788 1385 814; x_wconf 85' lang='grc' dir='ltr'>πίστει</span> <span class='ocrx_word' id='word_1_228' title='bbox 1398 788 1445 814; x_wconf 76' lang='grc' dir='ltr'>σὺν</span> <span class='ocrx_word' id='word_1_229' title='bbox 1463 787 1551 821; x_wconf 86' lang='grc' dir='ltr'>πολλῷ</span> <span class='ocrx_word' id='word_1_230' title='bbox 1567 787 1624 821; x_wconf 78' lang='grc'><strong>(55)</strong></span> <span class='ocrx_word' id='word_1_231' title='bbox 1640 787 1686 813; x_wconf 71' lang='grc' dir='ltr'><strong>καὶ</strong></span> <span class='ocrx_word' id='word_1_232' title='bbox 1703 788 1843 823; x_wconf 74' lang='grc' dir='ltr'>παρρησίᾳ.</span> <span class='ocrx_word' id='word_1_233' title='bbox 1857 787 1894 814; x_wconf 84' lang='grc' dir='ltr'>δι-</span> 
     </span>
    </p>
   </div>
   <div class='ocr_carea' id='block_1_32' title="bbox 1112 831 1894 868">
    <p class='ocr_par' dir='ltr' id='par_1_32' title="bbox 1112 831 1894 868">
     <span class='ocr_line' id='line_1_32' title="bbox 1112 831 1894 868; baseline 0 -9"><span class='ocrx_word' id='word_1_234' title='bbox 1112 833 1205 860; x_wconf 78' lang='grc' dir='ltr'>δάσκει</span> <span class='ocrx_word' id='word_1_235' title='bbox 1221 833 1266 859; x_wconf 81' lang='grc' dir='ltr'>τὸν</span> <span class='ocrx_word' id='word_1_236' title='bbox 1281 833 1346 860; x_wconf 78' lang='grc' dir='ltr'>Θεὸν</span> <span class='ocrx_word' id='word_1_237' title='bbox 1367 833 1475 868; x_wconf 79' lang='grc' dir='ltr'><strong>Πατέρα</strong></span> <span class='ocrx_word' id='word_1_238' title='bbox 1499 831 1568 859; x_wconf 81' lang='grc' dir='ltr'>εἶναι</span> <span class='ocrx_word' id='word_1_239' title='bbox 1592 832 1655 859; x_wconf 76' lang='grc' dir='ltr'><strong>Υἱοῦ</strong></span> <span class='ocrx_word' id='word_1_240' title='bbox 1671 833 1717 859; x_wconf 72' lang='grc' dir='ltr'>τοῦ</span> <span class='ocrx_word' id='word_1_241' title='bbox 1737 832 1894 868; x_wconf 77' lang='grc' dir='ltr'>μονογενοῦς</span> 
     </span>
    </p>
   </div>
   <div class='ocr_carea' id='block_1_33' title="bbox 1113 877 1893 915">
    <p class='ocr_par' dir='ltr' id='par_1_33' title="bbox 1113 877 1893 915">
     <span class='ocr_line' id='line_1_33' title="bbox 1113 877 1893 915; baseline 0 -10"><span class='ocrx_word' id='word_1_242' title='bbox 1113 880 1263 914; x_wconf 77' lang='grc' dir='ltr'><strong>ὁμολογεῖν,</strong></span> <span class='ocrx_word' id='word_1_243' title='bbox 1284 880 1330 907; x_wconf 80' lang='grc' dir='ltr'><strong>καὶ</strong></span> <span class='ocrx_word' id='word_1_244' title='bbox 1353 881 1420 915; x_wconf 84' lang='grc' dir='ltr'>μήτε</span> <span class='ocrx_word' id='word_1_245' title='bbox 1444 880 1488 906; x_wconf 86' lang='grc' dir='ltr'>τὸν</span> <span class='ocrx_word' id='word_1_246' title='bbox 1509 879 1616 915; x_wconf 82' lang='grc' dir='ltr'>Πατέρα</span> <span class='ocrx_word' id='word_1_247' title='bbox 1630 879 1693 905; x_wconf 76' lang='grc' dir='ltr'>Υεὸν</span> <span class='ocrx_word' id='word_1_248' title='bbox 1706 877 1784 911; x_wconf 84' lang='grc' dir='ltr'>εἶναι,</span> <span class='ocrx_word' id='word_1_249' title='bbox 1806 879 1822 915; x_wconf 77' lang='grc' dir='ltr'>ἢ</span> <span class='ocrx_word' id='word_1_250' title='bbox 1840 879 1893 915; x_wconf 79' lang='lat'><strong>(36)</strong></span> 
     </span>
    </p>
   </div>
   <div class='ocr_carea' id='block_1_34' title="bbox 284 915 1067 961">
    <p class='ocr_par' dir='ltr' id='par_1_34' title="bbox 284 921 1065 958">
     <span class='ocr_line' id='line_1_34' title="bbox 284 921 1065 958; baseline 0 -8"><span class='ocrx_word' id='word_1_251' title='bbox 284 925 360 955; x_wconf 88' lang='lat' dir='ltr'><strong>bum,</strong></span> <span class='ocrx_word' id='word_1_252' title='bbox 373 930 434 950; x_wconf 88' lang='lat' dir='ltr'><strong>cum</strong></span> <span class='ocrx_word' id='word_1_253' title='bbox 458 927 598 949; x_wconf 86' lang='lat' dir='ltr'><strong>creaturas</strong></span> <span class='ocrx_word' id='word_1_254' title='bbox 620 921 764 957; x_wconf 78' lang='lat' dir='ltr'><strong>eﬂigiaret,</strong></span> <span class='ocrx_word' id='word_1_255' title='bbox 776 923 887 957; x_wconf 79' lang='lat' dir='ltr'><strong>perinde</strong></span> <span class='ocrx_word' id='word_1_256' title='bbox 901 931 932 950; x_wconf 85' lang='lat' dir='ltr'><strong>ac</strong></span> <span class='ocrx_word' id='word_1_257' title='bbox 946 930 992 958; x_wconf 88' lang='lat' dir='ltr'><strong>per</strong></span> <span class='ocrx_word' id='word_1_258' title='bbox 1006 931 1065 950; x_wconf 93' lang='lat' dir='ltr'><strong>om-</strong></span> 
     </span>
    </p>
   </div>
   <div class='ocr_carea' id='block_1_35' title="bbox 1119 915 1895 961">
    <p class='ocr_par' dir='ltr' id='par_1_35' title="bbox 1119 925 1895 961">
     <span class='ocr_line' id='line_1_35' title="bbox 1119 925 1895 961; baseline 0 -9"><span class='ocrx_word' id='word_1_259' title='bbox 1119 926 1161 952; x_wconf 69' lang='grc' dir='ltr'>ιιαὶ</span> <span class='ocrx_word' id='word_1_260' title='bbox 1173 926 1218 952; x_wconf 84' lang='grc' dir='ltr'><strong>τὸν</strong></span> <span class='ocrx_word' id='word_1_261' title='bbox 1238 925 1302 953; x_wconf 80' lang='grc' dir='ltr'><strong>Υἵὸν</strong></span> <span class='ocrx_word' id='word_1_262' title='bbox 1319 926 1427 961; x_wconf 81' lang='grc' dir='ltr'><strong>Πατέρα</strong></span> <span class='ocrx_word' id='word_1_263' title='bbox 1438 926 1566 960; x_wconf 73' lang='grc' dir='ltr'>νομίζειψ</span> <span class='ocrx_word' id='word_1_264' title='bbox 1581 925 1648 952; x_wconf 75' lang='grc' dir='ltr'>ἀλλὰ</span> <span class='ocrx_word' id='word_1_265' title='bbox 1660 926 1704 952; x_wconf 85' lang='grc' dir='ltr'><strong>τὸν</strong></span> <span class='ocrx_word' id='word_1_266' title='bbox 1724 926 1772 960; x_wconf 83' lang='grc' dir='ltr'>μὲν</span> <span class='ocrx_word' id='word_1_267' title='bbox 1781 925 1895 961; x_wconf 78' lang='grc' dir='ltr'>ἀγέννη-</span> 
     </span>
    </p>
   </div>
   <div class='ocr_carea' id='block_1_36' title="bbox 286 966 1063 1002">
    <p class='ocr_par' dir='ltr' id='par_1_36' title="bbox 286 966 1063 1002">
     <span class='ocr_line' id='line_1_36' title="bbox 286 966 1063 1002; baseline 0.001 -8"><span class='ocrx_word' id='word_1_268' title='bbox 286 969 329 994; x_wconf 85' lang='lat' dir='ltr'><strong>nia</strong></span> <span class='ocrx_word' id='word_1_269' title='bbox 345 967 370 994; x_wconf 94' lang='lat' dir='ltr'><strong>in</strong></span> <span class='ocrx_word' id='word_1_270' title='bbox 385 967 540 994; x_wconf 83' lang='lat' dir='ltr'><strong>hominibus</strong></span> <span class='ocrx_word' id='word_1_271' title='bbox 554 966 622 993; x_wconf 86' lang='lat' dir='ltr'><strong>solet</strong></span> <span class='ocrx_word' id='word_1_272' title='bbox 637 967 695 993; x_wconf 84' lang='lat' dir='ltr'><strong>ﬁeri</strong></span> <span class='ocrx_word' id='word_1_273' title='bbox 712 976 718 999; x_wconf 87' lang='lat'><strong>;</strong></span> <span class='ocrx_word' id='word_1_274' title='bbox 734 967 777 994; x_wconf 89' lang='lat' dir='ltr'><strong>ubi</strong></span> <span class='ocrx_word' id='word_1_275' title='bbox 794 967 819 994; x_wconf 89' lang='lat' dir='ltr'><strong>itt</strong></span> <span class='ocrx_word' id='word_1_276' title='bbox 847 967 1063 1002; x_wconf 85' lang='lat' dir='ltr'><strong>conquiescenti-</strong></span> 
     </span>
    </p>
   </div>
   <div class='ocr_carea' id='block_1_37' title="bbox 286 1011 1066 1047">
    <p class='ocr_par' dir='ltr' id='par_1_37' title="bbox 286 1011 1066 1047">
     <span class='ocr_line' id='line_1_37' title="bbox 286 1011 1066 1047; baseline 0 -8"><span class='ocrx_word' id='word_1_277' title='bbox 286 1014 336 1039; x_wconf 88' lang='lat' dir='ltr'><strong>bus</strong></span> <span class='ocrx_word' id='word_1_278' title='bbox 360 1012 459 1039; x_wconf 75' lang='lat' dir='ltr'><strong>otiatur</strong></span> <span class='ocrx_word' id='word_1_279' title='bbox 488 1011 615 1042; x_wconf 85' lang='lat' dir='ltr'><strong>Verbum,</strong></span> <span class='ocrx_word' id='word_1_280' title='bbox 641 1016 769 1046; x_wconf 88' lang='lat' dir='ltr'><strong>operatur</strong></span> <span class='ocrx_word' id='word_1_281' title='bbox 785 1016 874 1038; x_wconf 87' lang='lat' dir='ltr'><strong>autem</strong></span> <span class='ocrx_word' id='word_1_282' title='bbox 889 1013 914 1038; x_wconf 91' lang='lat' dir='ltr'><strong>in</strong></span> <span class='ocrx_word' id='word_1_283' title='bbox 932 1012 1066 1047; x_wconf 86' lang='lat' dir='ltr'><strong>loquenti-</strong></span> 
     </span>
    </p>
   </div>
   <div class='ocr_carea' id='block_1_38' title="bbox 287 1057 1064 1092">
    <p class='ocr_par' dir='ltr' id='par_1_38' title="bbox 287 1057 1064 1092">
     <span class='ocr_line' id='line_1_38' title="bbox 287 1057 1064 1092; baseline -0.001 -6"><span class='ocrx_word' id='word_1_284' title='bbox 287 1060 337 1086; x_wconf 85' lang='lat' dir='ltr'><strong>lnts</strong></span> <span class='ocrx_word' id='word_1_285' title='bbox 351 1066 357 1085; x_wconf 90' lang='lat'><strong>:</strong></span> <span class='ocrx_word' id='word_1_286' title='bbox 377 1058 400 1086; x_wconf 97' lang='lat' dir='ltr'><strong>is</strong></span> <span class='ocrx_word' id='word_1_287' title='bbox 413 1057 532 1091; x_wconf 78' lang='lat' dir='ltr'><strong>profecto</strong></span> <span class='ocrx_word' id='word_1_288' title='bbox 547 1057 685 1092; x_wconf 85' lang='lat' dir='ltr'><strong>conspirat</strong></span> <span class='ocrx_word' id='word_1_289' title='bbox 697 1057 917 1085; x_wconf 82' lang='lat' dir='ltr'><strong>manifestissime</strong></span> <span class='ocrx_word' id='word_1_290' title='bbox 929 1065 989 1085; x_wconf 88' lang='lat' dir='ltr'><strong>cum</strong></span> <span class='ocrx_word' id='word_1_291' title='bbox 1002 1065 1064 1085; x_wconf 83' lang='lat' dir='ltr'><strong>sen-</strong></span> 
     </span>
    </p>
   </div>
   <div class='ocr_carea' id='block_1_39' title="bbox 292 1103 1065 1139">
    <p class='ocr_par' dir='ltr' id='par_1_39' title="bbox 292 1103 1065 1139">
     <span class='ocr_line' id='line_1_39' title="bbox 292 1103 1065 1139; baseline 0.003 -9"><span class='ocrx_word' id='word_1_292' title='bbox 292 1105 372 1131; x_wconf 88' lang='lat' dir='ltr'><strong>tentia</strong></span> <span class='ocrx_word' id='word_1_293' title='bbox 398 1103 562 1134; x_wconf 61' lang='lat' dir='ltr'><strong>lumborum,</strong></span> <span class='ocrx_word' id='word_1_294' title='bbox 580 1104 751 1139; x_wconf 78' lang='lat' dir='ltr'><strong>abnegatque</strong></span> <span class='ocrx_word' id='word_1_295' title='bbox 765 1112 837 1136; x_wconf 84' lang='lat' dir='ltr'><strong>eum.</strong></span> <span class='ocrx_word' id='word_1_296' title='bbox 856 1105 900 1139; x_wconf 89' lang='lat' dir='ltr'><strong>qui</strong></span> <span class='ocrx_word' id='word_1_297' title='bbox 926 1112 988 1132; x_wconf 89' lang='lat' dir='ltr'><strong>vere</strong></span> <span class='ocrx_word' id='word_1_298' title='bbox 1019 1105 1065 1132; x_wconf 90' lang='lat' dir='ltr'><strong>Dei</strong></span> 
     </span>
    </p>
   </div>
   <div class='ocr_carea' id='block_1_40' title="bbox 286 1149 1065 1185">
    <p class='ocr_par' dir='ltr' id='par_1_40' title="bbox 286 1149 1065 1185">
     <span class='ocr_line' id='line_1_40' title="bbox 286 1149 1065 1185; baseline 0.001 -8"><span class='ocrx_word' id='word_1_299' title='bbox 286 1150 369 1177; x_wconf 85' lang='lat' dir='ltr'><strong>Filius</strong></span> <span class='ocrx_word' id='word_1_300' title='bbox 385 1156 436 1177; x_wconf 84' lang='lat' dir='ltr'><strong>est.</strong></span> <span class='ocrx_word' id='word_1_301' title='bbox 451 1149 479 1176; x_wconf 89' lang='lat' dir='ltr'><strong>Si</strong></span> <span class='ocrx_word' id='word_1_302' title='bbox 492 1150 553 1184; x_wconf 87' lang='lat' dir='ltr'><strong>quis</strong></span> <span class='ocrx_word' id='word_1_303' title='bbox 566 1149 687 1176; x_wconf 66' lang='lat' dir='ltr'><strong>Judaeum</strong></span> <span class='ocrx_word' id='word_1_304' title='bbox 702 1151 919 1185; x_wconf 77' lang='lat' dir='ltr'><strong>interrogaverit,</strong></span> <span class='ocrx_word' id='word_1_305' title='bbox 935 1158 969 1178; x_wconf 91' lang='lat' dir='ltr'><strong>an</strong></span> <span class='ocrx_word' id='word_1_306' title='bbox 983 1150 1065 1178; x_wconf 88' lang='lat' dir='ltr'><strong>Deunt</strong></span> 
     </span>
    </p>
   </div>
   <div class='ocr_carea' id='block_1_41' title="bbox 286 1196 1066 1231">
    <p class='ocr_par' dir='ltr' id='par_1_41' title="bbox 286 1196 1066 1231">
     <span class='ocr_line' id='line_1_41' title="bbox 286 1196 1066 1231; baseline 0.003 -9"><span class='ocrx_word' id='word_1_307' title='bbox 286 1201 363 1231; x_wconf 83' lang='lat' dir='ltr'><strong>putet</strong></span> <span class='ocrx_word' id='word_1_308' title='bbox 380 1196 496 1224; x_wconf 88' lang='lat' dir='ltr'><strong>Verbum</strong></span> <span class='ocrx_word' id='word_1_309' title='bbox 525 1204 604 1223; x_wconf 90' lang='lat' dir='ltr'><strong>suum</strong></span> <span class='ocrx_word' id='word_1_310' title='bbox 639 1196 902 1228; x_wconf 84' lang='lat' dir='ltr'><strong>habere?0mnino.</strong></span> <span class='ocrx_word' id='word_1_311' title='bbox 922 1202 995 1224; x_wconf 89' lang='lat' dir='ltr'><strong>certe</strong></span> <span class='ocrx_word' id='word_1_312' title='bbox 1023 1204 1066 1224; x_wconf 89' lang='lat' dir='ltr'><strong>re-</strong></span> 
     </span>
    </p>
   </div>
   <div class='ocr_carea' id='block_1_42' title="bbox 286 1242 1068 1278">
    <p class='ocr_par' dir='ltr' id='par_1_42' title="bbox 286 1242 1068 1278">
     <span class='ocr_line' id='line_1_42' title="bbox 286 1242 1068 1278; baseline 0.001 -9"><span class='ocrx_word' id='word_1_313' title='bbox 286 1251 438 1278; x_wconf 82' lang='lat' dir='ltr'><strong>sponsurus</strong></span> <span class='ocrx_word' id='word_1_314' title='bbox 461 1248 513 1275; x_wconf 88' lang='lat' dir='ltr'><strong>est,</strong></span> <span class='ocrx_word' id='word_1_315' title='bbox 543 1248 617 1277; x_wconf 88' lang='lat' dir='ltr'><strong>puto.</strong></span> <span class='ocrx_word' id='word_1_316' title='bbox 635 1242 762 1270; x_wconf 88' lang='lat' dir='ltr'><strong>Libenter</strong></span> <span class='ocrx_word' id='word_1_317' title='bbox 781 1243 913 1277; x_wconf 87' lang='lat' dir='ltr'><strong>siqttidetn</strong></span> <span class='ocrx_word' id='word_1_318' title='bbox 929 1243 1068 1278; x_wconf 80' lang='lat' dir='ltr'><strong>proﬁtetur</strong></span> 
     </span>
    </p>
   </div>
   <div class='ocr_carea' id='block_1_43' title="bbox 286 1288 1067 1324">
    <p class='ocr_par' dir='ltr' id='par_1_43' title="bbox 286 1288 1067 1324">
     <span class='ocr_line' id='line_1_43' title="bbox 286 1288 1067 1324; baseline 0.001 -9"><span class='ocrx_word' id='word_1_319' title='bbox 286 1289 404 1321; x_wconf 73' lang='lat' dir='ltr'><strong>JIIthUS,</strong></span> <span class='ocrx_word' id='word_1_320' title='bbox 421 1296 473 1316; x_wconf 93' lang='lat' dir='ltr'><strong>non</strong></span> <span class='ocrx_word' id='word_1_321' title='bbox 491 1288 600 1315; x_wconf 84' lang='lat' dir='ltr'><strong>Verbum</strong></span> <span class='ocrx_word' id='word_1_322' title='bbox 617 1289 706 1321; x_wconf 86' lang='lat' dir='ltr'><strong>modo,</strong></span> <span class='ocrx_word' id='word_1_323' title='bbox 719 1289 784 1324; x_wconf 89' lang='lat' dir='ltr'><strong>quin</strong></span> <span class='ocrx_word' id='word_1_324' title='bbox 804 1289 887 1316; x_wconf 83' lang='lat' dir='ltr'><strong>Verba</strong></span> <span class='ocrx_word' id='word_1_325' title='bbox 906 1290 1007 1316; x_wconf 86' lang='lat' dir='ltr'><strong>inlinita</strong></span> <span class='ocrx_word' id='word_1_326' title='bbox 1020 1290 1067 1317; x_wconf 87' lang='lat' dir='ltr'><strong>lta-</strong></span> 
     </span>
    </p>
   </div>
   <div class='ocr_carea' id='block_1_44' title="bbox 289 1334 1068 1367">
    <p class='ocr_par' dir='ltr' id='par_1_44' title="bbox 289 1334 1068 1367">
     <span class='ocr_line' id='line_1_44' title="bbox 289 1334 1068 1367; baseline 0.001 -6"><span class='ocrx_word' id='word_1_327' title='bbox 289 1336 351 1362; x_wconf 88' lang='lat' dir='ltr'><strong>bere</strong></span> <span class='ocrx_word' id='word_1_328' title='bbox 374 1335 468 1362; x_wconf 86' lang='lat' dir='ltr'><strong>Deum.</strong></span> <span class='ocrx_word' id='word_1_329' title='bbox 489 1334 566 1367; x_wconf 85' lang='lat' dir='ltr'><strong>Quod</strong></span> <span class='ocrx_word' id='word_1_330' title='bbox 592 1334 614 1361; x_wconf 88' lang='lat' dir='ltr'><strong>si</strong></span> <span class='ocrx_word' id='word_1_331' title='bbox 641 1334 729 1361; x_wconf 88' lang='lat' dir='ltr'><strong>adhuc</strong></span> <span class='ocrx_word' id='word_1_332' title='bbox 747 1335 840 1366; x_wconf 86' lang='lat' dir='ltr'><strong>instes,</strong></span> <span class='ocrx_word' id='word_1_333' title='bbox 858 1342 891 1361; x_wconf 87' lang='lat' dir='ltr'><strong>an</strong></span> <span class='ocrx_word' id='word_1_334' title='bbox 909 1334 1005 1361; x_wconf 85' lang='lat' dir='ltr'><strong>Filium</strong></span> <span class='ocrx_word' id='word_1_335' title='bbox 1022 1335 1068 1362; x_wconf 89' lang='lat' dir='ltr'><strong>Ita-</strong></span> 
     </span>
    </p>
   </div>
   <div class='ocr_carea' id='block_1_45' title="bbox 287 1379 1067 1414">
    <p class='ocr_par' dir='ltr' id='par_1_45' title="bbox 287 1379 1067 1414">
     <span class='ocr_line' id='line_1_45' title="bbox 287 1379 1067 1414; baseline -0.001 -7"><span class='ocrx_word' id='word_1_336' title='bbox 287 1380 366 1408; x_wconf 82' lang='lat' dir='ltr'><strong>beat?</strong></span> <span class='ocrx_word' id='word_1_337' title='bbox 383 1387 434 1407; x_wconf 90' lang='lat' dir='ltr'><strong>non</strong></span> <span class='ocrx_word' id='word_1_338' title='bbox 448 1384 490 1407; x_wconf 72' lang='lat' dir='ltr'><strong>est</strong></span> <span class='ocrx_word' id='word_1_339' title='bbox 508 1381 557 1407; x_wconf 90' lang='lat' dir='ltr'><strong>hoc</strong></span> <span class='ocrx_word' id='word_1_340' title='bbox 571 1380 691 1414; x_wconf 82' lang='lat' dir='ltr'><strong>perinde,</strong></span> <span class='ocrx_word' id='word_1_341' title='bbox 707 1386 777 1411; x_wconf 84' lang='lat' dir='ltr'><strong>reor,</strong></span> <span class='ocrx_word' id='word_1_342' title='bbox 801 1379 986 1407; x_wconf 76' lang='lat' dir='ltr'><strong>confessurus.</strong></span> <span class='ocrx_word' id='word_1_343' title='bbox 1007 1379 1067 1407; x_wconf 81' lang='lat' dir='ltr'><strong>Jam</strong></span> 
     </span>
    </p>
   </div>
   <div class='ocr_carea' id='block_1_46' title="bbox 289 1424 1067 1459">
    <p class='ocr_par' dir='ltr' id='par_1_46' title="bbox 289 1424 1067 1459">
     <span class='ocr_line' id='line_1_46' title="bbox 289 1424 1067 1459; baseline 0.001 -8"><span class='ocrx_word' id='word_1_344' title='bbox 289 1433 362 1457; x_wconf 81' lang='lat' dir='ltr'><strong>vero.</strong></span> <span class='ocrx_word' id='word_1_345' title='bbox 375 1426 397 1452; x_wconf 94' lang='lat' dir='ltr'><strong>si</strong></span> <span class='ocrx_word' id='word_1_346' title='bbox 414 1432 465 1452; x_wconf 86' lang='lat' dir='ltr'><strong>non</strong></span> <span class='ocrx_word' id='word_1_347' title='bbox 483 1424 593 1452; x_wconf 65' lang='lat' dir='ltr'><strong>Iudaeus</strong></span> <span class='ocrx_word' id='word_1_348' title='bbox 606 1425 749 1459; x_wconf 85' lang='lat' dir='ltr'><strong>quispiam,</strong></span> <span class='ocrx_word' id='word_1_349' title='bbox 764 1425 809 1452; x_wconf 87' lang='lat' dir='ltr'><strong>sed</strong></span> <span class='ocrx_word' id='word_1_350' title='bbox 833 1425 856 1451; x_wconf 87' lang='lat' dir='ltr'><strong>is</strong></span> <span class='ocrx_word' id='word_1_351' title='bbox 886 1425 931 1459; x_wconf 91' lang='lat' dir='ltr'><strong>qui</strong></span> <span class='ocrx_word' id='word_1_352' title='bbox 955 1425 991 1451; x_wconf 89' lang='lat' dir='ltr'><strong>sit</strong></span> <span class='ocrx_word' id='word_1_353' title='bbox 1006 1432 1067 1452; x_wconf 90' lang='lat' dir='ltr'><strong>cum</strong></span> 
     </span>
    </p>
   </div>
   <div class='ocr_carea' id='block_1_47' title="bbox 287 1468 1067 1505">
    <p class='ocr_par' dir='ltr' id='par_1_47' title="bbox 287 1468 1067 1505">
     <span class='ocr_line' id='line_1_47' title="bbox 287 1468 1067 1505; baseline -0.001 -7"><span class='ocrx_word' id='word_1_354' title='bbox 287 1471 464 1505; x_wconf 85' lang='lat' dir='ltr'><strong>episcopatu,</strong></span> <span class='ocrx_word' id='word_1_355' title='bbox 492 1470 567 1496; x_wconf 90' lang='lat' dir='ltr'><strong>illam</strong></span> <span class='ocrx_word' id='word_1_356' title='bbox 595 1469 728 1497; x_wconf 79' lang='lat' dir='ltr'><strong>invexerit</strong></span> <span class='ocrx_word' id='word_1_357' title='bbox 751 1469 923 1504; x_wconf 83' lang='lat' dir='ltr'><strong>opinionem,</strong></span> <span class='ocrx_word' id='word_1_358' title='bbox 953 1468 1067 1497; x_wconf 88' lang='lat' dir='ltr'><strong>Verbum</strong></span> 
     </span>
    </p>
   </div>
   <div class='ocr_carea' id='block_1_48' title="bbox 288 1515 1066 1548">
    <p class='ocr_par' dir='ltr' id='par_1_48' title="bbox 288 1515 1066 1548">
     <span class='ocr_line' id='line_1_48' title="bbox 288 1515 1066 1548; baseline 0 -6"><span class='ocrx_word' id='word_1_359' title='bbox 288 1523 346 1543; x_wconf 83' lang='lat' dir='ltr'><strong>esse</strong></span> <span class='ocrx_word' id='word_1_360' title='bbox 373 1516 448 1543; x_wconf 93' lang='lat' dir='ltr'><strong>illum</strong></span> <span class='ocrx_word' id='word_1_361' title='bbox 466 1536 473 1548; x_wconf 89' lang='lat'><strong>,</strong></span> <span class='ocrx_word' id='word_1_362' title='bbox 502 1515 550 1542; x_wconf 86' lang='lat' dir='ltr'><strong>sed</strong></span> <span class='ocrx_word' id='word_1_363' title='bbox 583 1515 636 1542; x_wconf 90' lang='lat' dir='ltr'><strong>Deo</strong></span> <span class='ocrx_word' id='word_1_364' title='bbox 677 1516 861 1543; x_wconf 82' lang='lat' dir='ltr'><strong>tantummodo</strong></span> <span class='ocrx_word' id='word_1_365' title='bbox 903 1515 1066 1543; x_wconf 84' lang='lat' dir='ltr'><strong>adunitttm:</strong></span> 
     </span>
    </p>
   </div>
   <div class='ocr_carea' id='block_1_49' title="bbox 1114 971 1897 1007">
    <p class='ocr_par' dir='ltr' id='par_1_49' title="bbox 1114 971 1897 1007">
     <span class='ocr_line' id='line_1_49' title="bbox 1114 971 1897 1007; baseline 0 -9"><span class='ocrx_word' id='word_1_366' title='bbox 1114 980 1159 998; x_wconf 86' lang='grc' dir='ltr'><strong>τον</strong></span> <span class='ocrx_word' id='word_1_367' title='bbox 1176 972 1223 998; x_wconf 74' lang='grc' dir='ltr'><strong>καὶ</strong></span> <span class='ocrx_word' id='word_1_368' title='bbox 1238 971 1321 998; x_wconf 82' lang='grc' dir='ltr'>ἀΐδιον</span> <span class='ocrx_word' id='word_1_369' title='bbox 1335 972 1380 997; x_wconf 77' lang='grc' dir='ltr'><strong>καὶ</strong></span> <span class='ocrx_word' id='word_1_370' title='bbox 1387 971 1503 1007; x_wconf 80' lang='grc' dir='ltr'>ἄναρχον</span> <span class='ocrx_word' id='word_1_371' title='bbox 1512 972 1558 998; x_wconf 77' lang='grc' dir='ltr'>καὶ</span> <span class='ocrx_word' id='word_1_372' title='bbox 1569 971 1675 1007; x_wconf 84' lang='grc' dir='ltr'>πρῶτον</span> <span class='ocrx_word' id='word_1_373' title='bbox 1688 973 1734 998; x_wconf 77' lang='grc' dir='ltr'>καὶ</span> <span class='ocrx_word' id='word_1_374' title='bbox 1749 972 1828 1007; x_wconf 88' lang='grc' dir='ltr'>μόνον</span> <span class='ocrx_word' id='word_1_375' title='bbox 1842 973 1897 999; x_wconf 84' lang='grc' dir='ltr'><strong>Πα-</strong></span> 
     </span>
    </p>
   </div>
   <div class='ocr_carea' id='block_1_50' title="bbox 1114 1016 1896 1054">
    <p class='ocr_par' dir='ltr' id='par_1_50' title="bbox 1114 1016 1896 1054">
     <span class='ocr_line' id='line_1_50' title="bbox 1114 1016 1896 1054; baseline 0 -11"><span class='ocrx_word' id='word_1_376' title='bbox 1114 1017 1182 1053; x_wconf 87' lang='grc' dir='ltr'>τέρα</span> <span class='ocrx_word' id='word_1_377' title='bbox 1209 1016 1306 1043; x_wconf 77' lang='grc' dir='ltr'>σέϐειψ</span> <span class='ocrx_word' id='word_1_378' title='bbox 1332 1017 1378 1043; x_wconf 80' lang='grc' dir='ltr'>τὸν</span> <span class='ocrx_word' id='word_1_379' title='bbox 1399 1018 1426 1043; x_wconf 80' lang='grc' dir='ltr'><strong>δὲ</strong></span> <span class='ocrx_word' id='word_1_380' title='bbox 1440 1018 1470 1043; x_wconf 82' lang='grc' dir='ltr'><strong>ὲκ</strong></span> <span class='ocrx_word' id='word_1_381' title='bbox 1485 1017 1532 1044; x_wconf 80' lang='grc' dir='ltr'>τοῦ</span> <span class='ocrx_word' id='word_1_382' title='bbox 1549 1017 1653 1053; x_wconf 84' lang='grc' dir='ltr'>Πατρδς</span> <span class='ocrx_word' id='word_1_383' title='bbox 1672 1018 1830 1054; x_wconf 84' lang='grc' dir='ltr'>γεννηθῆναι</span> <span class='ocrx_word' id='word_1_384' title='bbox 1851 1017 1896 1045; x_wconf 69' lang='grc' dir='ltr'>καὶ</span> 
     </span>
    </p>
   </div>
   <div class='ocr_carea' id='block_1_51' title="bbox 1118 1062 1897 1098">
    <p class='ocr_par' dir='ltr' id='par_1_51' title="bbox 1118 1062 1897 1098">
     <span class='ocr_line' id='line_1_51' title="bbox 1118 1062 1897 1098; baseline 0.001 -10"><span class='ocrx_word' id='word_1_385' title='bbox 1118 1062 1277 1097; x_wconf 79' lang='grc' dir='ltr'><strong>ὑποστῆναι,</strong></span> <span class='ocrx_word' id='word_1_386' title='bbox 1301 1063 1347 1089; x_wconf 81' lang='grc' dir='ltr'><strong>καὶ</strong></span> <span class='ocrx_word' id='word_1_387' title='bbox 1361 1062 1440 1097; x_wconf 75' lang='grc' dir='ltr'>μόνον</span> <span class='ocrx_word' id='word_1_388' title='bbox 1465 1062 1528 1088; x_wconf 81' lang='grc' dir='ltr'><strong>Υἱὸν</strong></span> <span class='ocrx_word' id='word_1_389' title='bbox 1543 1062 1597 1097; x_wconf 77' lang='grc'>(57)</span> <span class='ocrx_word' id='word_1_390' title='bbox 1615 1063 1743 1098; x_wconf 73' lang='grc' dir='ltr'>μονογενῆ</span> <span class='ocrx_word' id='word_1_391' title='bbox 1765 1062 1835 1090; x_wconf 78' lang='grc' dir='ltr'>εἶναι</span> <span class='ocrx_word' id='word_1_392' title='bbox 1858 1072 1897 1089; x_wconf 84' lang='grc' dir='ltr'><strong>πι-</strong></span> 
     </span>
    </p>
   </div>
   <div class='ocr_carea' id='block_1_52' title="bbox 1117 1107 1897 1144">
    <p class='ocr_par' dir='ltr' id='par_1_52' title="bbox 1117 1107 1897 1144">
     <span class='ocr_line' id='line_1_52' title="bbox 1117 1107 1897 1144; baseline 0.004 -11"><span class='ocrx_word' id='word_1_393' title='bbox 1117 1107 1220 1134; x_wconf 78' lang='grc' dir='ltr'>στεύειν</span> <span class='ocrx_word' id='word_1_394' title='bbox 1227 1107 1293 1134; x_wconf 87' lang='grc' dir='ltr'>Θεόν</span> <span class='ocrx_word' id='word_1_395' title='bbox 1306 1117 1334 1134; x_wconf 87' lang='grc' dir='ltr'><strong>τε</strong></span> <span class='ocrx_word' id='word_1_396' title='bbox 1347 1108 1426 1134; x_wconf 80' lang='grc' dir='ltr'>αὑτὸν</span> <span class='ocrx_word' id='word_1_397' title='bbox 1434 1109 1471 1139; x_wconf 86' lang='grc' dir='ltr'><strong>ὡς</strong></span> <span class='ocrx_word' id='word_1_398' title='bbox 1479 1108 1585 1143; x_wconf 78' lang='grc' dir='ltr'><strong>ἀληθῶς</strong></span> <span class='ocrx_word' id='word_1_399' title='bbox 1593 1109 1655 1135; x_wconf 72' lang='grc' dir='ltr'>Υἱὺν</span> <span class='ocrx_word' id='word_1_400' title='bbox 1670 1109 1733 1135; x_wconf 78' lang='grc' dir='ltr'>ὄντα</span> <span class='ocrx_word' id='word_1_401' title='bbox 1743 1108 1821 1141; x_wconf 78' lang='grc' dir='ltr'>Θεοῦ,</span> <span class='ocrx_word' id='word_1_402' title='bbox 1829 1118 1897 1144; x_wconf 86' lang='grc' dir='ltr'>γνω-</span> 
     </span>
    </p>
   </div>
   <div class='ocr_carea' id='block_1_53' title="bbox 1117 1152 1898 1190">
    <p class='ocr_par' dir='ltr' id='par_1_53' title="bbox 1117 1152 1898 1190">
     <span class='ocr_line' id='line_1_53' title="bbox 1117 1152 1898 1190; baseline 0.004 -11"><span class='ocrx_word' id='word_1_403' title='bbox 1117 1153 1210 1187; x_wconf 77' lang='grc' dir='ltr'>ρίζειν.</span> <span class='ocrx_word' id='word_1_404' title='bbox 1218 1153 1248 1179; x_wconf 83' lang='grc' dir='ltr'>Εἰ</span> <span class='ocrx_word' id='word_1_405' title='bbox 1255 1153 1286 1189; x_wconf 83' lang='grc' dir='ltr'>δὴ</span> <span class='ocrx_word' id='word_1_406' title='bbox 1295 1153 1349 1189; x_wconf 81' lang='grc'><strong>(58)</strong></span> <span class='ocrx_word' id='word_1_407' title='bbox 1357 1152 1403 1180; x_wconf 81' lang='grc' dir='ltr'><strong>οὖν</strong></span> <span class='ocrx_word' id='word_1_408' title='bbox 1409 1154 1511 1185; x_wconf 76' lang='grc' dir='ltr'>τούτοις</span> <span class='ocrx_word' id='word_1_409' title='bbox 1521 1154 1568 1189; x_wconf 86' lang='grc' dir='ltr'>μὲν</span> <span class='ocrx_word' id='word_1_410' title='bbox 1575 1154 1629 1189; x_wconf 78' lang='grc'><strong>(59)</strong></span> <span class='ocrx_word' id='word_1_411' title='bbox 1637 1154 1783 1189; x_wconf 81' lang='grc' dir='ltr'>ἀντιλέγων</span> <span class='ocrx_word' id='word_1_412' title='bbox 1790 1163 1832 1187; x_wconf 84' lang='grc' dir='ltr'><strong>τις</strong></span> <span class='ocrx_word' id='word_1_413' title='bbox 1841 1155 1898 1190; x_wconf 81' lang='grc' dir='ltr'>φαί-</span> 
     </span>
    </p>
   </div>
   <div class='ocr_carea' id='block_1_54' title="bbox 1116 1197 1898 1234">
    <p class='ocr_par' dir='ltr' id='par_1_54' title="bbox 1116 1197 1898 1234">
     <span class='ocr_line' id='line_1_54' title="bbox 1116 1197 1898 1234; baseline 0.001 -11"><span class='ocrx_word' id='word_1_414' title='bbox 1116 1205 1196 1228; x_wconf 89' lang='grc' dir='ltr'>νοιτο,</span> <span class='ocrx_word' id='word_1_415' title='bbox 1215 1197 1299 1232; x_wconf 83' lang='grc' dir='ltr'>Λόγον</span> <span class='ocrx_word' id='word_1_416' title='bbox 1312 1198 1340 1224; x_wconf 79' lang='grc' dir='ltr'><strong>δὲ</strong></span> <span class='ocrx_word' id='word_1_417' title='bbox 1355 1197 1421 1224; x_wconf 85' lang='grc' dir='ltr'><strong>Θεοῦ</strong></span> <span class='ocrx_word' id='word_1_418' title='bbox 1438 1198 1537 1232; x_wconf 81' lang='grc' dir='ltr'>ὁμοίως</span> <span class='ocrx_word' id='word_1_419' title='bbox 1549 1198 1587 1233; x_wconf 85' lang='grc' dir='ltr'>τῷ</span> <span class='ocrx_word' id='word_1_420' title='bbox 1602 1198 1630 1224; x_wconf 80' lang='grc' dir='ltr'>ὲν</span> <span class='ocrx_word' id='word_1_421' title='bbox 1645 1198 1796 1234; x_wconf 80' lang='grc' dir='ltr'>ἀνθρώποις</span> <span class='ocrx_word' id='word_1_422' title='bbox 1806 1199 1898 1226; x_wconf 80' lang='grc' dir='ltr'>τοῦτον</span> 
     </span>
    </p>
   </div>
   <div class='ocr_carea' id='block_1_55' title="bbox 1117 1241 1897 1281">
    <p class='ocr_par' dir='ltr' id='par_1_55' title="bbox 1117 1241 1897 1281">
     <span class='ocr_line' id='line_1_55' title="bbox 1117 1241 1897 1281; baseline 0.005 -13"><span class='ocrx_word' id='word_1_423' title='bbox 1117 1241 1242 1276; x_wconf 74' lang='grc' dir='ltr'>ὁρίζοιτο,</span> <span class='ocrx_word' id='word_1_424' title='bbox 1255 1243 1305 1269; x_wconf 78' lang='grc' dir='ltr'><strong>οὐκ</strong></span> <span class='ocrx_word' id='word_1_425' title='bbox 1319 1243 1415 1270; x_wconf 67' lang='grc' dir='ltr'>ἐννοῶν</span> <span class='ocrx_word' id='word_1_426' title='bbox 1428 1243 1486 1270; x_wconf 77' lang='grc' dir='ltr'>οὐδὲ</span> <span class='ocrx_word' id='word_1_427' title='bbox 1499 1243 1679 1279; x_wconf 81' lang='grc' dir='ltr'>λογιζόμενος,</span> <span class='ocrx_word' id='word_1_428' title='bbox 1697 1244 1734 1276; x_wconf 83' lang='grc' dir='ltr'>ὡς</span> <span class='ocrx_word' id='word_1_429' title='bbox 1745 1245 1818 1272; x_wconf 80' lang='grc' dir='ltr'>οὐδὲν</span> <span class='ocrx_word' id='word_1_430' title='bbox 1846 1245 1897 1281; x_wconf 83' lang='grc' dir='ltr'>χρὴ</span> 
     </span>
    </p>
   </div>
   <div class='ocr_carea' id='block_1_56' title="bbox 1117 1287 1899 1323">
    <p class='ocr_par' dir='ltr' id='par_1_56' title="bbox 1117 1287 1899 1323">
     <span class='ocr_line' id='line_1_56' title="bbox 1117 1287 1899 1323; baseline 0.001 -8"><span class='ocrx_word' id='word_1_431' title='bbox 1117 1288 1291 1323; x_wconf 77' lang='grc' dir='ltr'>θνητὸν,οὐδὲ</span> <span class='ocrx_word' id='word_1_432' title='bbox 1309 1287 1474 1323; x_wconf 84' lang='grc' dir='ltr'>ἀνθρώπινον</span> <span class='ocrx_word' id='word_1_433' title='bbox 1487 1288 1527 1323; x_wconf 81' lang='grc' dir='ltr'>τῷ</span> <span class='ocrx_word' id='word_1_434' title='bbox 1545 1288 1671 1315; x_wconf 74' lang='grc' dir='ltr'><strong>ἐπέκεινα</strong></span> <span class='ocrx_word' id='word_1_435' title='bbox 1687 1289 1740 1316; x_wconf 86' lang='grc' dir='ltr'>τῶν</span> <span class='ocrx_word' id='word_1_436' title='bbox 1752 1289 1820 1316; x_wconf 83' lang='grc' dir='ltr'>ὅλων</span> <span class='ocrx_word' id='word_1_437' title='bbox 1835 1290 1899 1316; x_wconf 81' lang='grc' dir='ltr'>ἁνα-</span> 
     </span>
    </p>
   </div>
   <div class='ocr_carea' id='block_1_57' title="bbox 1116 1333 1899 1372">
    <p class='ocr_par' dir='ltr' id='par_1_57' title="bbox 1116 1333 1899 1372">
     <span class='ocr_line' id='line_1_57' title="bbox 1116 1333 1899 1372; baseline 0.003 -12"><span class='ocrx_word' id='word_1_438' title='bbox 1116 1333 1218 1360; x_wconf 64' lang='lat' dir='ltr'><strong>metm</strong></span> <span class='ocrx_word' id='word_1_439' title='bbox 1229 1333 1298 1368; x_wconf 80' lang='grc' dir='ltr'>Θεῷ,</span> <span class='ocrx_word' id='word_1_440' title='bbox 1313 1333 1367 1360; x_wconf 81' lang='grc' dir='ltr'><strong>οὐδ’</strong></span> <span class='ocrx_word' id='word_1_441' title='bbox 1377 1333 1444 1365; x_wconf 81' lang='grc' dir='ltr'>ὅλως</span> <span class='ocrx_word' id='word_1_442' title='bbox 1455 1343 1480 1360; x_wconf 88' lang='grc' dir='ltr'><strong>τι</strong></span> <span class='ocrx_word' id='word_1_443' title='bbox 1491 1334 1544 1360; x_wconf 85' lang='grc' dir='ltr'>τῶν</span> <span class='ocrx_word' id='word_1_444' title='bbox 1556 1335 1596 1365; x_wconf 80' lang='grc' dir='ltr'>εις</span> <span class='ocrx_word' id='word_1_445' title='bbox 1609 1335 1743 1371; x_wconf 77' lang='grc' dir='ltr'>ἡμετέραν</span> <span class='ocrx_word' id='word_1_446' title='bbox 1751 1335 1899 1372; x_wconf 77' lang='grc' dir='ltr'>ἐνθύμησιν</span> 
     </span>
    </p>
   </div>
   <div class='ocr_carea' id='block_1_58' title="bbox 1117 1379 1899 1416">
    <p class='ocr_par' dir='ltr' id='par_1_58' title="bbox 1117 1379 1899 1416">
     <span class='ocr_line' id='line_1_58' title="bbox 1117 1379 1899 1416; baseline 0.003 -10"><span class='ocrx_word' id='word_1_447' title='bbox 1117 1379 1254 1410; x_wconf 79' lang='grc' dir='ltr'>ἀνιόντων,</span> <span class='ocrx_word' id='word_1_448' title='bbox 1264 1379 1315 1406; x_wconf 82' lang='grc' dir='ltr'><strong>κᾶν</strong></span> <span class='ocrx_word' id='word_1_449' title='bbox 1330 1379 1357 1406; x_wconf 84' lang='grc' dir='ltr'>αἱ</span> <span class='ocrx_word' id='word_1_450' title='bbox 1371 1379 1440 1406; x_wconf 76' lang='grc' dir='ltr'>θεῖαι</span> <span class='ocrx_word' id='word_1_451' title='bbox 1455 1380 1474 1405; x_wconf 87' lang='grc' dir='ltr'><strong>Γ</strong></span> <span class='ocrx_word' id='word_1_452' title='bbox 1478 1380 1571 1414; x_wconf 74' lang='grc' dir='ltr'>ραφαὶ,</span> <span class='ocrx_word' id='word_1_453' title='bbox 1585 1380 1677 1416; x_wconf 84' lang='grc' dir='ltr'>ὥσπερ</span> <span class='ocrx_word' id='word_1_454' title='bbox 1693 1381 1769 1412; x_wconf 80' lang='grc' dir='ltr'>τινὰς</span> <span class='ocrx_word' id='word_1_455' title='bbox 1788 1380 1899 1416; x_wconf 82' lang='grc' dir='ltr'>νηπίους</span> 
     </span>
    </p>
   </div>
   <div class='ocr_carea' id='block_1_59' title="bbox 1118 1424 1900 1463">
    <p class='ocr_par' dir='ltr' id='par_1_59' title="bbox 1118 1424 1900 1463">
     <span class='ocr_line' id='line_1_59' title="bbox 1118 1424 1900 1463; baseline 0.003 -12"><span class='ocrx_word' id='word_1_456' title='bbox 1118 1424 1337 1459; x_wconf 67' lang='grc' dir='ltr'>παιδαιτωγοῦσαι</span> <span class='ocrx_word' id='word_1_457' title='bbox 1350 1425 1412 1457; x_wconf 77' lang='grc' dir='ltr'>τοὺς</span> <span class='ocrx_word' id='word_1_458' title='bbox 1427 1425 1647 1460; x_wconf 72' lang='grc' dir='ltr'>ἐντυγχάνοντας,</span> <span class='ocrx_word' id='word_1_459' title='bbox 1663 1426 1900 1463; x_wconf 79' lang='grc' dir='ltr'>ἀνθρωπινώτερον</span> 
     </span>
    </p>
   </div>
   <div class='ocr_carea' id='block_1_60' title="bbox 1118 1470 1900 1508">
    <p class='ocr_par' dir='ltr' id='par_1_60' title="bbox 1118 1470 1900 1508">
     <span class='ocr_line' id='line_1_60' title="bbox 1118 1470 1900 1508; baseline 0.003 -11"><span class='ocrx_word' id='word_1_460' title='bbox 1118 1470 1181 1507; x_wconf 70' lang='grc' dir='ltr'>περὶ</span> <span class='ocrx_word' id='word_1_461' title='bbox 1198 1470 1345 1506; x_wconf 68' lang='grc' dir='ltr'><strong>αὐτοῦμο)</strong></span> <span class='ocrx_word' id='word_1_462' title='bbox 1370 1470 1553 1505; x_wconf 74' lang='grc' dir='ltr'>διαλέγωνται,</span> <span class='ocrx_word' id='word_1_463' title='bbox 1575 1473 1666 1507; x_wconf 82' lang='grc' dir='ltr'>χεῖρας</span> <span class='ocrx_word' id='word_1_464' title='bbox 1690 1471 1773 1508; x_wconf 86' lang='grc' dir='ltr'>αὐτῷ,</span> <span class='ocrx_word' id='word_1_465' title='bbox 1792 1473 1839 1499; x_wconf 77' lang='grc' dir='ltr'><strong>καὶ</strong></span> <span class='ocrx_word' id='word_1_466' title='bbox 1854 1473 1900 1499; x_wconf 75' lang='grc' dir='ltr'><strong>πό-</strong></span> 
     </span>
    </p>
   </div>
   <div class='ocr_carea' id='block_1_61' title="bbox 1118 1517 1900 1552">
    <p class='ocr_par' dir='ltr' id='par_1_61' title="bbox 1118 1517 1900 1552">
     <span class='ocr_line' id='line_1_61' title="bbox 1118 1517 1900 1552; baseline 0.003 -8"><span class='ocrx_word' id='word_1_467' title='bbox 1118 1517 1175 1550; x_wconf 82' lang='grc' dir='ltr'>δας,</span> <span class='ocrx_word' id='word_1_468' title='bbox 1187 1518 1233 1544; x_wconf 77' lang='grc' dir='ltr'><strong>καὶ</strong></span> <span class='ocrx_word' id='word_1_469' title='bbox 1244 1517 1407 1552; x_wconf 78' lang='grc' dir='ltr'>ὀφθαλμοὺς,</span> <span class='ocrx_word' id='word_1_470' title='bbox 1426 1517 1473 1544; x_wconf 72' lang='grc' dir='ltr'><strong>καὶ</strong></span> <span class='ocrx_word' id='word_1_471' title='bbox 1482 1518 1580 1552; x_wconf 73' lang='grc' dir='ltr'>φωνὰς,</span> <span class='ocrx_word' id='word_1_472' title='bbox 1596 1519 1642 1544; x_wconf 76' lang='grc' dir='ltr'>καὶ</span> <span class='ocrx_word' id='word_1_473' title='bbox 1660 1518 1764 1552; x_wconf 79' lang='grc' dir='ltr'>λόγους,</span> <span class='ocrx_word' id='word_1_474' title='bbox 1782 1519 1830 1546; x_wconf 78' lang='grc' dir='ltr'><strong>καὶ</strong></span> <span class='ocrx_word' id='word_1_475' title='bbox 1841 1520 1900 1546; x_wconf 68' lang='grc' dir='ltr'>στό-</span> 
     </span>
    </p>
   </div>
   <div class='ocr_carea' id='block_1_62' title="bbox 290 1560 1067 1608">
    <p class='ocr_par' dir='ltr' id='par_1_62' title="bbox 290 1560 1066 1596">
     <span class='ocr_line' id='line_1_62' title="bbox 290 1560 1066 1596; baseline 0.001 -8"><span class='ocrx_word' id='word_1_476' title='bbox 290 1565 318 1593; x_wconf 66' lang='grc' dir='ltr'><strong>»Ῑι</strong></span> <span class='ocrx_word' id='word_1_477' title='bbox 334 1566 463 1588; x_wconf 69' lang='lat' dir='ltr'><strong>:eterntttn</strong></span> <span class='ocrx_word' id='word_1_478' title='bbox 481 1566 568 1588; x_wconf 84' lang='lat' dir='ltr'><strong>tamen</strong></span> <span class='ocrx_word' id='word_1_479' title='bbox 583 1567 609 1587; x_wconf 86' lang='lat' dir='ltr'><strong>et</strong></span> <span class='ocrx_word' id='word_1_480' title='bbox 624 1560 783 1595; x_wconf 74' lang='lat' dir='ltr'><strong>ingenitum,</strong></span> <span class='ocrx_word' id='word_1_481' title='bbox 803 1568 886 1588; x_wconf 90' lang='lat' dir='ltr'><strong>unum</strong></span> <span class='ocrx_word' id='word_1_482' title='bbox 903 1565 981 1596; x_wconf 79' lang='lat' dir='ltr'><strong>atque</strong></span> <span class='ocrx_word' id='word_1_483' title='bbox 996 1561 1066 1589; x_wconf 89' lang='lat' dir='ltr'><strong>idem</strong></span> 
     </span>
    </p>
   </div>
   <div class='ocr_carea' id='block_1_63' title="bbox 1119 1560 1902 1608">
    <p class='ocr_par' dir='ltr' id='par_1_63' title="bbox 1120 1564 1902 1600">
     <span class='ocr_line' id='line_1_63' title="bbox 1120 1564 1902 1600; baseline 0.001 -9"><span class='ocrx_word' id='word_1_484' title='bbox 1120 1572 1201 1600; x_wconf 86' lang='grc' dir='ltr'>ματα,</span> <span class='ocrx_word' id='word_1_485' title='bbox 1224 1564 1271 1590; x_wconf 82' lang='grc' dir='ltr'>καὶ</span> <span class='ocrx_word' id='word_1_486' title='bbox 1298 1564 1452 1599; x_wconf 86' lang='grc' dir='ltr'>πρόσωπον,</span> <span class='ocrx_word' id='word_1_487' title='bbox 1469 1565 1515 1591; x_wconf 77' lang='grc' dir='ltr'><strong>καὶ</strong></span> <span class='ocrx_word' id='word_1_488' title='bbox 1537 1564 1620 1600; x_wconf 85' lang='grc' dir='ltr'>μυρία</span> <span class='ocrx_word' id='word_1_489' title='bbox 1642 1564 1708 1591; x_wconf 81' lang='grc' dir='ltr'>ἄλλα</span> <span class='ocrx_word' id='word_1_490' title='bbox 1732 1565 1843 1592; x_wconf 76' lang='grc' dir='ltr'>τοιαῦτα</span> <span class='ocrx_word' id='word_1_491' title='bbox 1858 1575 1902 1592; x_wconf 79' lang='grc' dir='ltr'><strong>πε-</strong></span> 
     </span>
    </p>
   </div>
   <div class='ocr_carea' id='block_1_64' title="bbox 287 1608 1068 1645">
    <p class='ocr_par' dir='ltr' id='par_1_64' title="bbox 287 1608 1068 1645">
     <span class='ocr_line' id='line_1_64' title="bbox 287 1608 1068 1645; baseline 0.003 -10"><span class='ocrx_word' id='word_1_492' title='bbox 287 1616 400 1636; x_wconf 89' lang='lat' dir='ltr'><strong>nuntero</strong></span> <span class='ocrx_word' id='word_1_493' title='bbox 416 1616 475 1636; x_wconf 88' lang='lat' dir='ltr'><strong>cum</strong></span> <span class='ocrx_word' id='word_1_494' title='bbox 500 1608 565 1642; x_wconf 91' lang='lat' dir='ltr'><strong>Deo,</strong></span> <span class='ocrx_word' id='word_1_495' title='bbox 580 1609 731 1636; x_wconf 89' lang='lat' dir='ltr'><strong>nominibus</strong></span> <span class='ocrx_word' id='word_1_496' title='bbox 751 1609 863 1636; x_wconf 88' lang='lat' dir='ltr'><strong>diversis</strong></span> <span class='ocrx_word' id='word_1_497' title='bbox 882 1608 971 1636; x_wconf 83' lang='lat' dir='ltr'><strong>Patris</strong></span> <span class='ocrx_word' id='word_1_498' title='bbox 989 1614 1068 1645; x_wconf 89' lang='lat' dir='ltr'><strong>atque</strong></span> 
     </span>
    </p>
   </div>
   <div class='ocr_carea' id='block_1_65' title="bbox 288 1654 1068 1690">
    <p class='ocr_par' dir='ltr' id='par_1_65' title="bbox 288 1654 1068 1690">
     <span class='ocr_line' id='line_1_65' title="bbox 288 1654 1068 1690; baseline 0.003 -9"><span class='ocrx_word' id='word_1_499' title='bbox 288 1654 347 1681; x_wconf 82' lang='lat' dir='ltr'><strong>Filii</strong></span> <span class='ocrx_word' id='word_1_500' title='bbox 363 1660 530 1689; x_wconf 85' lang='lat' dir='ltr'><strong>usurpatum,</strong></span> <span class='ocrx_word' id='word_1_501' title='bbox 547 1654 695 1682; x_wconf 77' lang='lat' dir='ltr'><strong>substantia</strong></span> <span class='ocrx_word' id='word_1_502' title='bbox 709 1659 795 1682; x_wconf 89' lang='lat' dir='ltr'><strong>tantett</strong></span> <span class='ocrx_word' id='word_1_503' title='bbox 809 1654 878 1682; x_wconf 88' lang='lat' dir='ltr'><strong>idetn</strong></span> <span class='ocrx_word' id='word_1_504' title='bbox 893 1659 920 1683; x_wconf 86' lang='lat' dir='ltr'><strong>et</strong></span> <span class='ocrx_word' id='word_1_505' title='bbox 932 1655 1068 1690; x_wconf 83' lang='lat' dir='ltr'><strong>hypostasi</strong></span> 
     </span>
    </p>
   </div>
   <div class='ocr_carea' id='block_1_66' title="bbox 327 1725 653 1759">
    <p class='ocr_par' dir='ltr' id='par_1_66' title="bbox 327 1725 653 1759">
     <span class='ocr_line' id='line_1_66' title="bbox 327 1725 653 1759; baseline -0.003 -8"><span class='ocrx_word' id='word_1_506' title='bbox 327 1728 356 1756; x_wconf 48' lang='grc' dir='ltr'><strong>ᾖ</strong></span> <span class='ocrx_word' id='word_1_507' title='bbox 376 1725 422 1752; x_wconf 91' lang='lat' dir='ltr'><strong>Ed.</strong></span> <span class='ocrx_word' id='word_1_508' title='bbox 441 1725 526 1752; x_wconf 75' lang='lat' dir='ltr'><strong>l’aris.</strong></span> <span class='ocrx_word' id='word_1_509' title='bbox 552 1732 613 1759; x_wconf 77' lang='lat' dir='ltr'><strong>pag.</strong></span> <span class='ocrx_word' id='word_1_510' title='bbox 628 1725 653 1752; x_wconf 87' lang='lat'><strong>5.</strong></span> 
     </span>
    </p>
   </div>
   <div class='ocr_carea' id='block_1_67' title="bbox 326 1773 532 1804">
    <p class='ocr_par' dir='ltr' id='par_1_67' title="bbox 326 1773 532 1804">
     <span class='ocr_line' id='line_1_67' title="bbox 326 1773 532 1804; baseline -0.01 -4"><span class='ocrx_word' id='word_1_511' title='bbox 326 1774 335 1788; x_wconf 72' lang='grc'><strong>⁵</strong></span> <span class='ocrx_word' id='word_1_512' title='bbox 351 1773 428 1801; x_wconf 78' lang='lat' dir='ltr'><strong>Joan.</strong></span> <span class='ocrx_word' id='word_1_513' title='bbox 448 1781 473 1804; x_wconf 70' lang='grc' dir='ltr'>γ,</span> <span class='ocrx_word' id='word_1_514' title='bbox 489 1773 532 1799; x_wconf 74' lang='grc'><strong>26.</strong></span> 
     </span>
    </p>
   </div>
   <div class='ocr_carea' id='block_1_68' title="bbox 291 1870 1071 1908">
    <p class='ocr_par' dir='ltr' id='par_1_68' title="bbox 291 1870 1071 1908">
     <span class='ocr_line' id='line_1_68' title="bbox 291 1870 1071 1908; baseline -0.004 -8"><span class='ocrx_word' id='word_1_515' title='bbox 291 1873 410 1908; x_wconf 75' lang='grc' dir='ltr'>ἐνεργῶν</span> <span class='ocrx_word' id='word_1_516' title='bbox 420 1872 458 1905; x_wconf 83' lang='grc' dir='ltr'>δέ,</span> <span class='ocrx_word' id='word_1_517' title='bbox 473 1874 501 1898; x_wconf 81' lang='grc' dir='ltr'>ὲν</span> <span class='ocrx_word' id='word_1_518' title='bbox 511 1873 549 1907; x_wconf 84' lang='grc' dir='ltr'><strong>τῷ</strong></span> <span class='ocrx_word' id='word_1_519' title='bbox 565 1872 611 1907; x_wconf 79' lang='grc' dir='ltr'>τὴν</span> <span class='ocrx_word' id='word_1_520' title='bbox 624 1871 711 1898; x_wconf 74' lang='grc' dir='ltr'>κτίσιν</span> <span class='ocrx_word' id='word_1_521' title='bbox 724 1871 907 1908; x_wconf 75' lang='grc' dir='ltr'>δημιουργεῖν.</span> <span class='ocrx_word' id='word_1_522' title='bbox 923 1870 945 1898; x_wconf 88' lang='grc' dir='ltr'>Ε</span> <span class='ocrx_word' id='word_1_523' title='bbox 956 1878 1071 1908; x_wconf 52' lang='lat' dir='ltr'><strong>sequatv-</strong></span> 
     </span>
    </p>
   </div>
   <div class='ocr_carea' id='block_1_69' title="bbox 293 1905 1073 1942">
    <p class='ocr_par' dir='ltr' id='par_1_69' title="bbox 293 1905 1073 1942">
     <span class='ocr_line' id='line_1_69' title="bbox 293 1905 1073 1942; baseline -0.006 -6"><span class='ocrx_word' id='word_1_524' title='bbox 293 1905 377 1941; x_wconf 75' lang='lat' dir='ltr'><strong>tibtts,</strong></span> <span class='ocrx_word' id='word_1_525' title='bbox 389 1915 482 1935; x_wconf 88' lang='lat' dir='ltr'><strong>vocem</strong></span> <span class='ocrx_word' id='word_1_526' title='bbox 497 1905 570 1934; x_wconf 74' lang='lat' dir='ltr'><strong>illam</strong></span> <span class='ocrx_word' id='word_1_527' title='bbox 591 1905 721 1942; x_wconf 66' lang='grc' dir='ltr'>ἡμετέρῳ</span> <span class='ocrx_word' id='word_1_528' title='bbox 739 1905 872 1942; x_wconf 73' lang='lat' dir='ltr'><strong>librarius</strong></span> <span class='ocrx_word' id='word_1_529' title='bbox 903 1905 1073 1942; x_wconf 73' lang='lat' dir='ltr'><strong>transcripsit</strong></span> 
     </span>
    </p>
   </div>
   <div class='ocr_carea' id='block_1_70' title="bbox 291 1939 1072 1978">
    <p class='ocr_par' dir='ltr' id='par_1_70' title="bbox 291 1939 1072 1978">
     <span class='ocr_line' id='line_1_70' title="bbox 291 1939 1072 1978; baseline -0.006 -7"><span class='ocrx_word' id='word_1_530' title='bbox 291 1939 405 1971; x_wconf 84' lang='lat' dir='ltr'><strong>otiosus.</strong></span> <span class='ocrx_word' id='word_1_531' title='bbox 415 1943 516 1978; x_wconf 73' lang='lat' dir='ltr'><strong>[Delevi</strong></span> <span class='ocrx_word' id='word_1_532' title='bbox 532 1939 696 1978; x_wconf 35' lang='lat' dir='ltr'><strong>eam.&#39;|‘M.—‘-</strong></span> <span class='ocrx_word' id='word_1_533' title='bbox 705 1939 774 1968; x_wconf 70' lang='lat' dir='ltr'><strong>infra</strong></span> <span class='ocrx_word' id='word_1_534' title='bbox 789 1942 912 1972; x_wconf 77' lang='grc' dir='ltr'>Ἰουδαῖος</span> <span class='ocrx_word' id='word_1_535' title='bbox 919 1940 956 1967; x_wconf 80' lang='grc' dir='ltr'>ὢν</span> <span class='ocrx_word' id='word_1_536' title='bbox 966 1939 1072 1975; x_wconf 84' lang='lat' dir='ltr'><strong>scripsi.</strong></span> 
     </span>
    </p>
   </div>
   <div class='ocr_carea' id='block_1_71' title="bbox 329 1978 630 2014">
    <p class='ocr_par' dir='ltr' id='par_1_71' title="bbox 329 1978 630 2014">
     <span class='ocr_line' id='line_1_71' title="bbox 329 1978 630 2014; baseline -0.007 -9"><span class='ocrx_word' id='word_1_537' title='bbox 329 1978 396 2014; x_wconf 83' lang='lat'><strong>(50&#39;)</strong></span> <span class='ocrx_word' id='word_1_538' title='bbox 410 1978 494 2012; x_wconf 76' lang='lat' dir='ltr'><strong>Vulgo</strong></span> <span class='ocrx_word' id='word_1_539' title='bbox 514 1978 630 2011; x_wconf 83' lang='grc' dir='ltr'>εῑσάγοι.</span> 
     </span>
    </p>
   </div>
   <div class='ocr_carea' id='block_1_72' title="bbox 326 2022 1072 2059">
    <p class='ocr_par' dir='ltr' id='par_1_72' title="bbox 326 2022 1072 2059">
     <span class='ocr_line' id='line_1_72' title="bbox 326 2022 1072 2059; baseline -0.004 -8"><span class='ocrx_word' id='word_1_540' title='bbox 326 2025 382 2059; x_wconf 74' lang='grc' dir='ltr'><strong>(ΞΗ)</strong></span> <span class='ocrx_word' id='word_1_541' title='bbox 396 2023 452 2051; x_wconf 76' lang='grc' dir='ltr'><strong>Καὶ</strong></span> <span class='ocrx_word' id='word_1_542' title='bbox 472 2023 578 2050; x_wconf 79' lang='grc' dir='ltr'>τοῦτον</span> <span class='ocrx_word' id='word_1_543' title='bbox 600 2022 676 2059; x_wconf 77' lang='grc' dir='ltr'>εἶναι</span> <span class='ocrx_word' id='word_1_544' title='bbox 705 2023 809 2059; x_wconf 64' lang='grc' dir='ltr'><strong>ἀΐδιονΔ</strong></span> <span class='ocrx_word' id='word_1_545' title='bbox 823 2023 871 2049; x_wconf 81' lang='grc' dir='ltr'><strong>καὶ</strong></span> <span class='ocrx_word' id='word_1_546' title='bbox 884 2057 888 2059; x_wconf 96' lang='lat'>_</span> <span class='ocrx_word' id='word_1_547' title='bbox 899 2023 1072 2059; x_wconf 65' lang='grc' dir='ltr'>ἀγέννητον.</span> 
     </span>
    </p>
   </div>
   <div class='ocr_carea' id='block_1_73' title="bbox 315 2057 1074 2093">
    <p class='ocr_par' dir='ltr' id='par_1_73' title="bbox 315 2057 1074 2093">
     <span class='ocr_line' id='line_1_73' title="bbox 315 2057 1074 2093; baseline -0.001 -8"><span class='ocrx_word' id='word_1_548' title='bbox 315 2057 402 2091; x_wconf 79' lang='lat' dir='ltr'><strong>einpe,</strong></span> <span class='ocrx_word' id='word_1_549' title='bbox 412 2063 543 2093; x_wconf 78' lang='lat' dir='ltr'><strong>quatenus</strong></span> <span class='ocrx_word' id='word_1_550' title='bbox 554 2063 612 2084; x_wconf 87' lang='lat' dir='ltr'><strong>erat</strong></span> <span class='ocrx_word' id='word_1_551' title='bbox 624 2060 649 2085; x_wconf 88' lang='lat' dir='ltr'><strong>itt</strong></span> <span class='ocrx_word' id='word_1_552' title='bbox 663 2058 727 2089; x_wconf 84' lang='lat' dir='ltr'><strong>Deo,</strong></span> <span class='ocrx_word' id='word_1_553' title='bbox 742 2057 815 2093; x_wconf 79' lang='grc' dir='ltr'>αὐτῷ</span> <span class='ocrx_word' id='word_1_554' title='bbox 829 2057 925 2089; x_wconf 83' lang='grc' dir='ltr'>συνὼν,</span> <span class='ocrx_word' id='word_1_555' title='bbox 937 2057 1074 2092; x_wconf 82' lang='grc' dir='ltr'>ἡνωμένος</span> 
     </span>
    </p>
   </div>
   <div class='ocr_carea' id='block_1_74' title="bbox 290 2092 1072 2128">
    <p class='ocr_par' dir='ltr' id='par_1_74' title="bbox 290 2092 1072 2128">
     <span class='ocr_line' id='line_1_74' title="bbox 290 2092 1072 2128; baseline -0.001 -8"><span class='ocrx_word' id='word_1_556' title='bbox 290 2093 374 2128; x_wconf 76' lang='grc' dir='ltr'>αὐτῷ.</span> <span class='ocrx_word' id='word_1_557' title='bbox 391 2092 458 2119; x_wconf 83' lang='lat' dir='ltr'><strong>Nam</strong></span> <span class='ocrx_word' id='word_1_558' title='bbox 479 2092 610 2128; x_wconf 76' lang='lat' dir='ltr'><strong>alioquin,</strong></span> <span class='ocrx_word' id='word_1_559' title='bbox 624 2093 732 2120; x_wconf 78' lang='lat' dir='ltr'><strong>ascribit</strong></span> <span class='ocrx_word' id='word_1_560' title='bbox 758 2092 890 2119; x_wconf 82' lang='lat' dir='ltr'><strong>Eusebius</strong></span> <span class='ocrx_word' id='word_1_561' title='bbox 915 2095 984 2128; x_wconf 71' lang='lat' dir='ltr'><strong>hanc</strong></span> <span class='ocrx_word' id='word_1_562' title='bbox 1013 2093 1072 2127; x_wconf 79' lang='lat' dir='ltr'><strong>opi-</strong></span> 
     </span>
    </p>
   </div>
   <div class='ocr_carea' id='block_1_75' title="bbox 292 2127 1073 2161">
    <p class='ocr_par' dir='ltr' id='par_1_75' title="bbox 292 2127 1073 2161">
     <span class='ocr_line' id='line_1_75' title="bbox 292 2127 1073 2161; baseline -0.001 -6"><span class='ocrx_word' id='word_1_563' title='bbox 292 2127 400 2155; x_wconf 85' lang='lat' dir='ltr'><strong>nionem</strong></span> <span class='ocrx_word' id='word_1_564' title='bbox 413 2127 549 2158; x_wconf 83' lang='lat' dir='ltr'><strong>Marcello,</strong></span> <span class='ocrx_word' id='word_1_565' title='bbox 556 2129 627 2161; x_wconf 85' lang='lat' dir='ltr'><strong>quod</strong></span> <span class='ocrx_word' id='word_1_566' title='bbox 638 2128 863 2161; x_wconf 80' lang='lat' dir='ltr'><strong>quemadmodum</strong></span> <span class='ocrx_word' id='word_1_567' title='bbox 872 2131 947 2154; x_wconf 86' lang='lat' dir='ltr'><strong>extra</strong></span> <span class='ocrx_word' id='word_1_568' title='bbox 955 2127 1073 2157; x_wconf 75' lang='lat' dir='ltr'><strong>Patrem.</strong></span> 
     </span>
    </p>
   </div>
   <div class='ocr_carea' id='block_1_76' title="bbox 293 2162 1074 2196">
    <p class='ocr_par' dir='ltr' id='par_1_76' title="bbox 293 2162 1074 2196">
     <span class='ocr_line' id='line_1_76' title="bbox 293 2162 1074 2196; baseline 0 -7"><span class='ocrx_word' id='word_1_569' title='bbox 293 2170 390 2195; x_wconf 82' lang='lat' dir='ltr'><strong>nempe</strong></span> <span class='ocrx_word' id='word_1_570' title='bbox 403 2163 428 2189; x_wconf 95' lang='lat' dir='ltr'><strong>in</strong></span> <span class='ocrx_word' id='word_1_571' title='bbox 440 2162 567 2193; x_wconf 83' lang='lat' dir='ltr'><strong>creando,</strong></span> <span class='ocrx_word' id='word_1_572' title='bbox 584 2163 721 2196; x_wconf 85' lang='lat' dir='ltr'><strong>inceperat</strong></span> <span class='ocrx_word' id='word_1_573' title='bbox 743 2169 823 2189; x_wconf 84' lang='lat' dir='ltr'><strong>esse:</strong></span> <span class='ocrx_word' id='word_1_574' title='bbox 840 2162 880 2189; x_wconf 85' lang='lat' dir='ltr'><strong>sic</strong></span> <span class='ocrx_word' id='word_1_575' title='bbox 895 2166 921 2189; x_wconf 89' lang='lat' dir='ltr'><strong>et</strong></span> <span class='ocrx_word' id='word_1_576' title='bbox 936 2162 999 2189; x_wconf 92' lang='lat' dir='ltr'><strong>olim</strong></span> <span class='ocrx_word' id='word_1_577' title='bbox 1024 2162 1074 2190; x_wconf 89' lang='lat' dir='ltr'><strong>de-</strong></span> 
     </span>
    </p>
   </div>
   <div class='ocr_carea' id='block_1_77' title="bbox 293 2196 1069 2231">
    <p class='ocr_par' dir='ltr' id='par_1_77' title="bbox 293 2196 1069 2231">
     <span class='ocr_line' id='line_1_77' title="bbox 293 2196 1069 2231; baseline -0.004 -6"><span class='ocrx_word' id='word_1_578' title='bbox 293 2199 397 2225; x_wconf 80' lang='lat' dir='ltr'><strong>sineret</strong></span> <span class='ocrx_word' id='word_1_579' title='bbox 412 2204 472 2224; x_wconf 82' lang='lat' dir='ltr'><strong>esse</strong></span> <span class='ocrx_word' id='word_1_580' title='bbox 491 2197 561 2230; x_wconf 83' lang='lat' dir='ltr'><strong>quod</strong></span> <span class='ocrx_word' id='word_1_581' title='bbox 587 2202 655 2229; x_wconf 87' lang='lat' dir='ltr'><strong>erat,</strong></span> <span class='ocrx_word' id='word_1_582' title='bbox 675 2203 702 2224; x_wconf 90' lang='lat' dir='ltr'><strong>et</strong></span> <span class='ocrx_word' id='word_1_583' title='bbox 719 2197 745 2223; x_wconf 88' lang='lat' dir='ltr'><strong>itt</strong></span> <span class='ocrx_word' id='word_1_584' title='bbox 765 2197 877 2224; x_wconf 88' lang='lat' dir='ltr'><strong>nihilum</strong></span> <span class='ocrx_word' id='word_1_585' title='bbox 892 2196 1069 2231; x_wconf 74' lang='lat' dir='ltr'><strong>redigeretur.</strong></span> 
     </span>
    </p>
   </div>
   <div class='ocr_carea' id='block_1_78' title="bbox 291 2231 1071 2266">
    <p class='ocr_par' dir='ltr' id='par_1_78' title="bbox 291 2231 1071 2266">
     <span class='ocr_line' id='line_1_78' title="bbox 291 2231 1071 2266; baseline -0.001 -7"><span class='ocrx_word' id='word_1_586' title='bbox 291 2232 377 2266; x_wconf 81' lang='lat' dir='ltr'><strong>Quam</strong></span> <span class='ocrx_word' id='word_1_587' title='bbox 392 2239 465 2263; x_wconf 81' lang='lat' dir='ltr'><strong>vere,</strong></span> <span class='ocrx_word' id='word_1_588' title='bbox 479 2233 613 2259; x_wconf 83' lang='lat' dir='ltr'><strong>nescimus</strong></span> <span class='ocrx_word' id='word_1_589' title='bbox 628 2237 718 2258; x_wconf 85' lang='lat' dir='ltr'><strong>:certe</strong></span> <span class='ocrx_word' id='word_1_590' title='bbox 735 2232 863 2259; x_wconf 77' lang='lat' dir='ltr'><strong>Eusebius</strong></span> <span class='ocrx_word' id='word_1_591' title='bbox 873 2231 917 2258; x_wconf 91' lang='lat' dir='ltr'><strong>hic</strong></span> <span class='ocrx_word' id='word_1_592' title='bbox 929 2232 1071 2264; x_wconf 81' lang='lat' dir='ltr'><strong>arianizat,</strong></span> 
     </span>
    </p>
   </div>
   <div class='ocr_carea' id='block_1_79' title="bbox 1122 1608 1902 1645">
    <p class='ocr_par' dir='ltr' id='par_1_79' title="bbox 1122 1608 1902 1645">
     <span class='ocr_line' id='line_1_79' title="bbox 1122 1608 1902 1645; baseline 0 -10"><span class='ocrx_word' id='word_1_593' title='bbox 1122 1609 1291 1645; x_wconf 85' lang='grc' dir='ltr'>ριάπτουσαι·</span> <span class='ocrx_word' id='word_1_594' title='bbox 1308 1609 1326 1635; x_wconf 80' lang='grc' dir='ltr'>ἃ</span> <span class='ocrx_word' id='word_1_595' title='bbox 1340 1608 1371 1644; x_wconf 85' lang='grc' dir='ltr'><strong>δὴ</strong></span> <span class='ocrx_word' id='word_1_596' title='bbox 1384 1608 1438 1644; x_wconf 76' lang='lat' dir='ltr'><strong>(M)</strong></span> <span class='ocrx_word' id='word_1_597' title='bbox 1459 1609 1591 1645; x_wconf 82' lang='grc' dir='ltr'>προσήκει</span> <span class='ocrx_word' id='word_1_598' title='bbox 1608 1609 1769 1644; x_wconf 81' lang='grc' dir='ltr'>μεταφέρειν</span> <span class='ocrx_word' id='word_1_599' title='bbox 1782 1609 1829 1636; x_wconf 64' lang='grc' dir='ltr'><strong>ἐπὶ</strong></span> <span class='ocrx_word' id='word_1_600' title='bbox 1843 1608 1902 1636; x_wconf 67' lang='lat' dir='ltr'><strong>ese-</strong></span> 
     </span>
    </p>
   </div>
   <div class='ocr_carea' id='block_1_80' title="bbox 1121 1655 1903 1691">
    <p class='ocr_par' dir='ltr' id='par_1_80' title="bbox 1121 1655 1903 1691">
     <span class='ocr_line' id='line_1_80' title="bbox 1121 1655 1903 1691; baseline -0.001 -9"><span class='ocrx_word' id='word_1_601' title='bbox 1121 1657 1235 1691; x_wconf 82' lang='grc' dir='ltr'>πρεπείς</span> <span class='ocrx_word' id='word_1_602' title='bbox 1249 1655 1361 1688; x_wconf 75' lang='grc' dir='ltr'>ἐννοίας,</span> <span class='ocrx_word' id='word_1_603' title='bbox 1377 1655 1452 1682; x_wconf 78' lang='grc' dir='ltr'>οὐδὲν</span> <span class='ocrx_word' id='word_1_604' title='bbox 1469 1655 1564 1691; x_wconf 80' lang='grc' dir='ltr'>θνητὸν</span> <span class='ocrx_word' id='word_1_605' title='bbox 1577 1655 1630 1682; x_wconf 80' lang='grc' dir='ltr'><strong>οὐδ’</strong></span> <span class='ocrx_word' id='word_1_606' title='bbox 1641 1655 1808 1691; x_wconf 86' lang='grc' dir='ltr'>ἀνθρώπινον</span> <span class='ocrx_word' id='word_1_607' title='bbox 1821 1656 1850 1682; x_wconf 80' lang='grc' dir='ltr'><strong>έν</strong></span> <span class='ocrx_word' id='word_1_608' title='bbox 1865 1655 1903 1690; x_wconf 85' lang='grc' dir='ltr'><strong>τῷ</strong></span> 
     </span>
    </p>
   </div>
   <div class='ocr_carea' id='block_1_81' title="bbox 1125 1869 1903 1905">
    <p class='ocr_par' dir='ltr' id='par_1_81' title="bbox 1125 1869 1903 1905">
     <span class='ocr_line' id='line_1_81' title="bbox 1125 1869 1903 1905; baseline 0.004 -10"><span class='ocrx_word' id='word_1_609' title='bbox 1125 1869 1186 1905; x_wconf 79' lang='lat' dir='ltr'><strong>dum</strong></span> <span class='ocrx_word' id='word_1_610' title='bbox 1201 1869 1424 1905; x_wconf 73' lang='lat' dir='ltr'><strong>ambigendumve</strong></span> <span class='ocrx_word' id='word_1_611' title='bbox 1446 1878 1452 1896; x_wconf 91' lang='lat'><strong>:</strong></span> <span class='ocrx_word' id='word_1_612' title='bbox 1471 1869 1574 1905; x_wconf 89' lang='lat' dir='ltr'><strong>optimo</strong></span> <span class='ocrx_word' id='word_1_613' title='bbox 1590 1869 1722 1905; x_wconf 81' lang='lat' dir='ltr'><strong>instituto,</strong></span> <span class='ocrx_word' id='word_1_614' title='bbox 1746 1874 1773 1897; x_wconf 87' lang='lat' dir='ltr'><strong>et</strong></span> <span class='ocrx_word' id='word_1_615' title='bbox 1797 1877 1903 1898; x_wconf 86' lang='lat' dir='ltr'><strong>summo</strong></span> 
     </span>
    </p>
   </div>
   <div class='ocr_carea' id='block_1_82' title="bbox 1125 1903 1902 1940">
    <p class='ocr_par' dir='ltr' id='par_1_82' title="bbox 1125 1903 1902 1940">
     <span class='ocr_line' id='line_1_82' title="bbox 1125 1903 1902 1940; baseline 0.004 -10"><span class='ocrx_word' id='word_1_616' title='bbox 1125 1903 1251 1940; x_wconf 77' lang='lat' dir='ltr'><strong>Ecclesia:</strong></span> <span class='ocrx_word' id='word_1_617' title='bbox 1263 1903 1334 1931; x_wconf 77' lang='lat' dir='ltr'><strong>bono</strong></span> <span class='ocrx_word' id='word_1_618' title='bbox 1351 1905 1378 1931; x_wconf 89' lang='lat' dir='ltr'><strong>itt</strong></span> <span class='ocrx_word' id='word_1_619' title='bbox 1394 1911 1469 1931; x_wconf 91' lang='lat' dir='ltr'><strong>usum</strong></span> <span class='ocrx_word' id='word_1_620' title='bbox 1483 1903 1643 1940; x_wconf 76' lang='lat' dir='ltr'><strong>revocando.</strong></span> <span class='ocrx_word' id='word_1_621' title='bbox 1663 1904 1729 1931; x_wconf 87' lang='lat' dir='ltr'><strong>Nam</strong></span> <span class='ocrx_word' id='word_1_622' title='bbox 1754 1905 1902 1940; x_wconf 88' lang='lat' dir='ltr'><strong>cuicunque</strong></span> 
     </span>
    </p>
   </div>
   <div class='ocr_carea' id='block_1_83' title="bbox 1126 1939 1902 1975">
    <p class='ocr_par' dir='ltr' id='par_1_83' title="bbox 1126 1939 1902 1975">
     <span class='ocr_line' id='line_1_83' title="bbox 1126 1939 1902 1975; baseline 0 -8"><span class='ocrx_word' id='word_1_623' title='bbox 1126 1939 1252 1971; x_wconf 86' lang='lat' dir='ltr'><strong>Cerdoni,</strong></span> <span class='ocrx_word' id='word_1_624' title='bbox 1268 1940 1378 1973; x_wconf 87' lang='lat' dir='ltr'><strong>sartori,</strong></span> <span class='ocrx_word' id='word_1_625' title='bbox 1392 1939 1500 1972; x_wconf 74' lang='lat' dir='ltr'><strong>textori,</strong></span> <span class='ocrx_word' id='word_1_626' title='bbox 1510 1939 1543 1966; x_wconf 84' lang='lat' dir='ltr'><strong>de</strong></span> <span class='ocrx_word' id='word_1_627' title='bbox 1561 1940 1641 1975; x_wconf 86' lang='lat' dir='ltr'><strong>rebus</strong></span> <span class='ocrx_word' id='word_1_628' title='bbox 1658 1940 1743 1967; x_wconf 78' lang='lat' dir='ltr'><strong>sacris</strong></span> <span class='ocrx_word' id='word_1_629' title='bbox 1755 1939 1902 1975; x_wconf 68' lang='lat' dir='ltr'><strong>garriendi,</strong></span> 
     </span>
    </p>
   </div>
   <div class='ocr_carea' id='block_1_84' title="bbox 1128 1974 1902 2009">
    <p class='ocr_par' dir='ltr' id='par_1_84' title="bbox 1128 1974 1902 2009">
     <span class='ocr_line' id='line_1_84' title="bbox 1128 1974 1902 2009; baseline -0.001 -7"><span class='ocrx_word' id='word_1_630' title='bbox 1128 1979 1223 2002; x_wconf 89' lang='lat' dir='ltr'><strong>contra</strong></span> <span class='ocrx_word' id='word_1_631' title='bbox 1252 1982 1294 2002; x_wconf 87' lang='lat' dir='ltr'><strong>res</strong></span> <span class='ocrx_word' id='word_1_632' title='bbox 1320 1982 1413 2001; x_wconf 84' lang='lat' dir='ltr'><strong>sacras</strong></span> <span class='ocrx_word' id='word_1_633' title='bbox 1436 1974 1587 2001; x_wconf 86' lang='lat' dir='ltr'><strong>insaniettdi</strong></span> <span class='ocrx_word' id='word_1_634' title='bbox 1605 1974 1713 2008; x_wconf 90' lang='lat' dir='ltr'><strong>impune</strong></span> <span class='ocrx_word' id='word_1_635' title='bbox 1728 1974 1902 2009; x_wconf 81' lang='lat' dir='ltr'><strong>permittitur,</strong></span> 
     </span>
    </p>
   </div>
   <div class='ocr_carea' id='block_1_85' title="bbox 1128 2009 1904 2044">
    <p class='ocr_par' dir='ltr' id='par_1_85' title="bbox 1128 2009 1904 2044">
     <span class='ocr_line' id='line_1_85' title="bbox 1128 2009 1904 2044; baseline 0.001 -9"><span class='ocrx_word' id='word_1_636' title='bbox 1128 2015 1284 2043; x_wconf 81' lang='lat' dir='ltr'><strong>usurpatur,</strong></span> <span class='ocrx_word' id='word_1_637' title='bbox 1293 2009 1378 2036; x_wconf 75' lang='grc' dir='ltr'>ἄδεια..</span> <span class='ocrx_word' id='word_1_638' title='bbox 1391 2010 1501 2036; x_wconf 81' lang='lat' dir='ltr'><strong>Videtur</strong></span> <span class='ocrx_word' id='word_1_639' title='bbox 1511 2009 1696 2044; x_wconf 27' lang='lat' dir='ltr'><strong>hicﬁEusebins</strong></span> <span class='ocrx_word' id='word_1_640' title='bbox 1708 2009 1828 2044; x_wconf 73' lang='lat' dir='ltr'><strong>jugulum</strong></span> <span class='ocrx_word' id='word_1_641' title='bbox 1850 2010 1904 2037; x_wconf 87' lang='lat' dir='ltr'><strong>sal-</strong></span> 
     </span>
    </p>
   </div>
   <div class='ocr_carea' id='block_1_86' title="bbox 1128 2043 1904 2080">
    <p class='ocr_par' dir='ltr' id='par_1_86' title="bbox 1128 2043 1904 2080">
     <span class='ocr_line' id='line_1_86' title="bbox 1128 2043 1904 2080; baseline 0.001 -10"><span class='ocrx_word' id='word_1_642' title='bbox 1128 2048 1180 2070; x_wconf 86' lang='lat' dir='ltr'><strong>tem</strong></span> <span class='ocrx_word' id='word_1_643' title='bbox 1190 2046 1276 2080; x_wconf 83' lang='lat' dir='ltr'><strong>ipsum</strong></span> <span class='ocrx_word' id='word_1_644' title='bbox 1287 2048 1378 2080; x_wconf 80' lang='lat' dir='ltr'><strong>petere</strong></span> <span class='ocrx_word' id='word_1_645' title='bbox 1385 2044 1541 2080; x_wconf 73' lang='lat' dir='ltr'><strong>Ariattismi.</strong></span> <span class='ocrx_word' id='word_1_646' title='bbox 1555 2043 1617 2080; x_wconf 70' lang='lat' dir='ltr'><strong>Erat</strong></span> <span class='ocrx_word' id='word_1_647' title='bbox 1625 2044 1696 2080; x_wconf 78' lang='lat' dir='ltr'><strong>enim</strong></span> <span class='ocrx_word' id='word_1_648' title='bbox 1707 2043 1805 2080; x_wconf 43' lang='lat' dir='ltr'><strong>illud}</strong></span> <span class='ocrx_word' id='word_1_649' title='bbox 1811 2045 1842 2071; x_wconf 93' lang='lat' dir='ltr'><strong>rii</strong></span> <span class='ocrx_word' id='word_1_650' title='bbox 1853 2045 1889 2080; x_wconf 74' lang='grc' dir='ltr'><strong>ψή</strong></span> <span class='ocrx_word' id='word_1_651' title='bbox 1901 2063 1904 2065; x_wconf 97' lang='grc'><strong>-</strong></span> 
     </span>
    </p>
   </div>
   <div class='ocr_carea' id='block_1_87' title="bbox 1127 2077 1902 2115">
    <p class='ocr_par' dir='ltr' id='par_1_87' title="bbox 1127 2077 1902 2115">
     <span class='ocr_line' id='line_1_87' title="bbox 1127 2077 1902 2115; baseline 0.001 -10"><span class='ocrx_word' id='word_1_652' title='bbox 1127 2087 1223 2114; x_wconf 88' lang='grc' dir='ltr'>φισμα,</span> <span class='ocrx_word' id='word_1_653' title='bbox 1242 2079 1268 2106; x_wconf 92' lang='lat' dir='ltr'><strong>in</strong></span> <span class='ocrx_word' id='word_1_654' title='bbox 1285 2077 1379 2113; x_wconf 78' lang='lat' dir='ltr'><strong>primis</strong></span> <span class='ocrx_word' id='word_1_655' title='bbox 1392 2078 1567 2114; x_wconf 65' lang='grc' dir='ltr'>κυριώτατον,</span> <span class='ocrx_word' id='word_1_656' title='bbox 1581 2077 1621 2113; x_wconf 78' lang='grc' dir='ltr'>ἦν</span> <span class='ocrx_word' id='word_1_657' title='bbox 1635 2078 1683 2105; x_wconf 79' lang='grc' dir='ltr'>ὅτε</span> <span class='ocrx_word' id='word_1_658' title='bbox 1699 2080 1753 2106; x_wconf 80' lang='grc' dir='ltr'><strong>οὐκ</strong></span> <span class='ocrx_word' id='word_1_659' title='bbox 1767 2078 1818 2115; x_wconf 70' lang='grc' dir='ltr'>ἦν,</span> <span class='ocrx_word' id='word_1_660' title='bbox 1832 2077 1902 2114; x_wconf 67' lang='lat' dir='ltr'><strong>quod</strong></span> 
     </span>
    </p>
   </div>
   <div class='ocr_carea' id='block_1_88' title="bbox 1126 2113 1904 2148">
    <p class='ocr_par' dir='ltr' id='par_1_88' title="bbox 1126 2113 1904 2148">
     <span class='ocr_line' id='line_1_88' title="bbox 1126 2113 1904 2148; baseline 0.001 -9"><span class='ocrx_word' id='word_1_661' title='bbox 1126 2113 1232 2140; x_wconf 83' lang='lat' dir='ltr'><strong>videtur</strong></span> <span class='ocrx_word' id='word_1_662' title='bbox 1247 2121 1347 2148; x_wconf 73' lang='lat' dir='ltr'><strong>negare</strong></span> <span class='ocrx_word' id='word_1_663' title='bbox 1359 2121 1366 2140; x_wconf 86' lang='lat'><strong>:</strong></span> <span class='ocrx_word' id='word_1_664' title='bbox 1380 2113 1537 2141; x_wconf 47' lang='lat' dir='ltr'><strong>sed&#39;revera</strong></span> <span class='ocrx_word' id='word_1_665' title='bbox 1550 2114 1664 2145; x_wconf 89' lang='lat' dir='ltr'><strong>videtur,</strong></span> <span class='ocrx_word' id='word_1_666' title='bbox 1678 2123 1739 2140; x_wconf 78' lang='lat' dir='ltr'><strong>nztttt</strong></span> <span class='ocrx_word' id='word_1_667' title='bbox 1753 2113 1783 2141; x_wconf 82' lang='lat' dir='ltr'><strong>et</strong></span> <span class='ocrx_word' id='word_1_668' title='bbox 1795 2113 1864 2142; x_wconf 74' lang='grc' dir='ltr'>εἶναι</span> <span class='ocrx_word' id='word_1_669' title='bbox 1877 2120 1904 2141; x_wconf 86' lang='lat' dir='ltr'><strong>et</strong></span> 
     </span>
    </p>
   </div>
   <div class='ocr_carea' id='block_1_89' title="bbox 1125 2148 1903 2183">
    <p class='ocr_par' dir='ltr' id='par_1_89' title="bbox 1125 2148 1903 2183">
     <span class='ocr_line' id='line_1_89' title="bbox 1125 2148 1903 2183; baseline 0.003 -9"><span class='ocrx_word' id='word_1_670' title='bbox 1125 2150 1246 2183; x_wconf 80' lang='grc' dir='ltr'>προεῖναι</span> <span class='ocrx_word' id='word_1_671' title='bbox 1259 2150 1407 2176; x_wconf 87' lang='lat' dir='ltr'><strong>concedere</strong></span> <span class='ocrx_word' id='word_1_672' title='bbox 1418 2148 1491 2175; x_wconf 94' lang='lat' dir='ltr'><strong>illum</strong></span> <span class='ocrx_word' id='word_1_673' title='bbox 1510 2153 1644 2182; x_wconf 87' lang='lat' dir='ltr'><strong>poterant,</strong></span> <span class='ocrx_word' id='word_1_674' title='bbox 1657 2154 1683 2176; x_wconf 90' lang='lat' dir='ltr'><strong>et</strong></span> <span class='ocrx_word' id='word_1_675' title='bbox 1697 2156 1790 2176; x_wconf 85' lang='lat' dir='ltr'><strong>revera</strong></span> <span class='ocrx_word' id='word_1_676' title='bbox 1804 2158 1903 2176; x_wconf 79' lang='lat' dir='ltr'><strong>conce-</strong></span> 
     </span>
    </p>
   </div>
   <div class='ocr_carea' id='block_1_90' title="bbox 1124 2183 1903 2219">
    <p class='ocr_par' dir='ltr' id='par_1_90' title="bbox 1124 2183 1903 2219">
     <span class='ocr_line' id='line_1_90' title="bbox 1124 2183 1903 2219; baseline 0.003 -10"><span class='ocrx_word' id='word_1_677' title='bbox 1124 2183 1233 2219; x_wconf 76' lang='lat' dir='ltr'><strong>debant.</strong></span> <span class='ocrx_word' id='word_1_678' title='bbox 1250 2191 1298 2210; x_wconf 88' lang='lat' dir='ltr'><strong>nec</strong></span> <span class='ocrx_word' id='word_1_679' title='bbox 1311 2185 1450 2219; x_wconf 54' lang='lat' dir='ltr'><strong>tjtntennb</strong></span> <span class='ocrx_word' id='word_1_680' title='bbox 1466 2183 1509 2219; x_wconf 87' lang='lat' dir='ltr'><strong>illa</strong></span> <span class='ocrx_word' id='word_1_681' title='bbox 1533 2183 1597 2219; x_wconf 75' lang='grc' dir='ltr'>δόξᾳ</span> <span class='ocrx_word' id='word_1_682' title='bbox 1624 2183 1707 2219; x_wconf 66' lang='grc' dir='ltr'>κυρία</span> <span class='ocrx_word' id='word_1_683' title='bbox 1730 2185 1903 2216; x_wconf 81' lang='lat' dir='ltr'><strong>recedebant,</strong></span> 
     </span>
    </p>
   </div>
   <div class='ocr_carea' id='block_1_91' title="bbox 1123 2216 1904 2255">
    <p class='ocr_par' dir='ltr' id='par_1_91' title="bbox 1123 2216 1904 2255">
     <span class='ocr_line' id='line_1_91' title="bbox 1123 2216 1904 2255; baseline 0.004 -12"><span class='ocrx_word' id='word_1_684' title='bbox 1123 2218 1175 2252; x_wconf 76' lang='grc' dir='ltr'>πρὸ</span> <span class='ocrx_word' id='word_1_685' title='bbox 1186 2219 1288 2255; x_wconf 74' lang='grc' dir='ltr'>χρόνων</span> <span class='ocrx_word' id='word_1_686' title='bbox 1302 2216 1371 2255; x_wconf 75' lang='grc' dir='ltr'>εἷναι</span> <span class='ocrx_word' id='word_1_687' title='bbox 1387 2218 1432 2244; x_wconf 79' lang='grc' dir='ltr'>τὸν</span> <span class='ocrx_word' id='word_1_688' title='bbox 1456 2218 1518 2255; x_wconf 64' lang='lat' dir='ltr'><strong>rev</strong></span> <span class='ocrx_word' id='word_1_689' title='bbox 1535 2216 1637 2255; x_wconf 71' lang='grc' dir='ltr'>ελεγον,</span> <span class='ocrx_word' id='word_1_690' title='bbox 1650 2216 1825 2255; x_wconf 50' lang='grc' dir='ltr'><strong>Δᾆέποιῆσθαι</strong></span> <span class='ocrx_word' id='word_1_691' title='bbox 1840 2219 1904 2255; x_wconf 87' lang='grc' dir='ltr'>μέν-</span> 
     </span>
    </p>
   </div>
   <div class='ocr_carea' id='block_1_92' title="bbox 292 2253 1067 2302">
    <p class='ocr_par' dir='ltr' id='par_1_92' title="bbox 292 2253 1067 2302">
     <span class='ocr_line' id='line_1_92' title="bbox 292 2253 1067 2302; baseline 0 -8"><span class='ocrx_word' id='word_1_692' title='bbox 292 2253 1067 2302; x_wconf 50' lang='grc' dir='ltr'><strong>ἷῖιῖἴλάἦῦξῖὲιὲῖᾶῗὲἔξῷιἰἕέὲιἰ“εἵ“ἷιῖ”ὲιῗεὶἱνῆξῴ’“ἷίιἰῖίῖξ</strong></span> 
     </span>
    </p>
   </div>
   <div class='ocr_carea' id='block_1_93' title="bbox 1119 2253 1905 2302">
    <p class='ocr_par' dir='ltr' id='par_1_93' title="bbox 1123 2253 1905 2302">
     <span class='ocr_line' id='line_1_93' title="bbox 1123 2253 1905 2302; baseline 0.001 -23"><span class='ocrx_word' id='word_1_693' title='bbox 1123 2253 1292 2302; x_wconf 52' lang='grc' dir='ltr'>τοι,1καὶὲνα</span> <span class='ocrx_word' id='word_1_694' title='bbox 1306 2253 1532 2302; x_wconf 53' lang='grc' dir='ltr'>τῶνρξξισμάτων</span> <span class='ocrx_word' id='word_1_695' title='bbox 1552 2253 1632 2302; x_wconf 49' lang='grc' dir='ltr'>αἰπὺν</span> <span class='ocrx_word' id='word_1_696' title='bbox 1647 2253 1795 2302; x_wconf 50' lang='grc' dir='ltr'>ἐδίδασδξον,</span> <span class='ocrx_word' id='word_1_697' title='bbox 1813 2253 1848 2294; x_wconf 42' lang='grc' dir='ltr'><strong>,υί</strong></span> <span class='ocrx_word' id='word_1_698' title='bbox 1869 2255 1905 2294; x_wconf 79' lang='lat' dir='ltr'><strong>lo-</strong></span> 
     </span>
    </p>
   </div>
   <div class='ocr_carea' id='block_1_94' title="bbox 293 2301 632 2337">
    <p class='ocr_par' dir='ltr' id='par_1_94' title="bbox 293 2301 632 2337">
     <span class='ocr_line' id='line_1_94' title="bbox 293 2301 632 2337; baseline -0.003 -7"><span class='ocrx_word' id='word_1_699' title='bbox 293 2301 364 2337; x_wconf 61' lang='grc' dir='ltr'><strong>(ιυοά</strong></span> <span class='ocrx_word' id='word_1_700' title='bbox 375 2302 510 2330; x_wconf 73' lang='lat' dir='ltr'><strong>faciebant</strong></span> <span class='ocrx_word' id='word_1_701' title='bbox 526 2302 574 2328; x_wconf 89' lang='lat' dir='ltr'><strong>illi.</strong></span> <span class='ocrx_word' id='word_1_702' title='bbox 595 2301 632 2329; x_wconf 84' lang='grc' dir='ltr'><strong>Μ.</strong></span> 
     </span>
    </p>
   </div>
   <div class='ocr_carea' id='block_1_95' title="bbox 291 2347 1073 2418">
    <p class='ocr_par' dir='ltr' id='par_1_95' title="bbox 291 2347 1073 2418">
     <span class='ocr_line' id='line_1_95' title="bbox 291 2347 1073 2418; baseline 0 -44"><span class='ocrx_word' id='word_1_703' title='bbox 291 2391 319 2418; x_wconf 55' lang='lat' dir='ltr'><strong>p.</strong></span> <span class='ocrx_word' id='word_1_704' title='bbox 329 2347 566 2415; x_wconf 46' lang='lat' dir='ltr'><strong>gamma</strong></span> <span class='ocrx_word' id='word_1_705' title='bbox 581 2348 639 2375; x_wconf 86' lang='lat' dir='ltr'><strong>loco</strong></span> <span class='ocrx_word' id='word_1_706' title='bbox 665 2347 713 2374; x_wconf 76' lang='grc' dir='ltr'>καὶ</span> <span class='ocrx_word' id='word_1_707' title='bbox 725 2347 805 2374; x_wconf 75' lang='grc' dir='ltr'>αὐτόν</span> <span class='ocrx_word' id='word_1_708' title='bbox 821 2347 880 2376; x_wconf 88' lang='lat' dir='ltr'><strong>dedi</strong></span> <span class='ocrx_word' id='word_1_709' title='bbox 893 2356 900 2380; x_wconf 88' lang='lat'><strong>;</strong></span> <span class='ocrx_word' id='word_1_710' title='bbox 920 2347 955 2375; x_wconf 79' lang='lat' dir='ltr'><strong>cf.</strong></span> <span class='ocrx_word' id='word_1_711' title='bbox 973 2356 998 2382; x_wconf 93' lang='lat' dir='ltr'><strong>p.</strong></span> <span class='ocrx_word' id='word_1_712' title='bbox 1013 2347 1030 2374; x_wconf 86' lang='lat'><strong>6</strong></span> <span class='ocrx_word' id='word_1_713' title='bbox 1043 2347 1073 2380; x_wconf 84' lang='lat' dir='ltr'><strong>D,</strong></span> 
     </span>
    </p>
   </div>
   <div class='ocr_carea' id='block_1_96' title="bbox 327 2427 1076 2464">
    <p class='ocr_par' dir='ltr' id='par_1_96' title="bbox 327 2427 1076 2464">
     <span class='ocr_line' id='line_1_96' title="bbox 327 2427 1076 2464; baseline 0.001 -10"><span class='ocrx_word' id='word_1_714' title='bbox 327 2428 454 2464; x_wconf 24' lang='lat' dir='ltr'><strong>(55)”Tdr</strong></span> <span class='ocrx_word' id='word_1_715' title='bbox 474 2427 533 2462; x_wconf 81' lang='grc' dir='ltr'>μὲν</span> <span class='ocrx_word' id='word_1_716' title='bbox 548 2427 711 2455; x_wconf 74' lang='grc' dir='ltr'>Σαϐἐλλιον</span> <span class='ocrx_word' id='word_1_717' title='bbox 726 2427 939 2462; x_wconf 77' lang='grc' dir='ltr'>ὑποδυόμενος.</span> <span class='ocrx_word' id='word_1_718' title='bbox 964 2428 1076 2464; x_wconf 69' lang='lat' dir='ltr'><strong>Semper</strong></span> 
     </span>
    </p>
   </div>
   <div class='ocr_carea' id='block_1_97' title="bbox 292 2463 1074 2498">
    <p class='ocr_par' dir='ltr' id='par_1_97' title="bbox 292 2463 1074 2498">
     <span class='ocr_line' id='line_1_97' title="bbox 292 2463 1074 2498; baseline -0.001 -8"><span class='ocrx_word' id='word_1_719' title='bbox 292 2465 365 2490; x_wconf 84' lang='lat' dir='ltr'><strong>hunc</strong></span> <span class='ocrx_word' id='word_1_720' title='bbox 379 2463 505 2490; x_wconf 86' lang='lat' dir='ltr'><strong>Marcello</strong></span> <span class='ocrx_word' id='word_1_721' title='bbox 522 2463 757 2498; x_wconf 75' lang='lat' dir='ltr'><strong>objectatattctor,</strong></span> <span class='ocrx_word' id='word_1_722' title='bbox 778 2465 823 2497; x_wconf 88' lang='lat' dir='ltr'><strong>qui</strong></span> <span class='ocrx_word' id='word_1_723' title='bbox 836 2463 919 2498; x_wconf 85' lang='lat' dir='ltr'><strong>Libya</strong></span> <span class='ocrx_word' id='word_1_724' title='bbox 933 2463 1074 2495; x_wconf 82' lang='lat' dir='ltr'><strong>oriundus,</strong></span> 
     </span>
    </p>
   </div>
   <div class='ocr_carea' id='block_1_98' title="bbox 291 2496 1075 2533">
    <p class='ocr_par' dir='ltr' id='par_1_98' title="bbox 291 2496 1075 2533">
     <span class='ocr_line' id='line_1_98' title="bbox 291 2496 1075 2533; baseline -0.001 -8"><span class='ocrx_word' id='word_1_725' title='bbox 291 2498 458 2525; x_wconf 75' lang='lat' dir='ltr'><strong>Ptolemaide</strong></span> <span class='ocrx_word' id='word_1_726' title='bbox 475 2498 615 2530; x_wconf 89' lang='lat' dir='ltr'><strong>nimirum,</strong></span> <span class='ocrx_word' id='word_1_727' title='bbox 635 2496 713 2525; x_wconf 74' lang='lat' dir='ltr'><strong>Nocti</strong></span> <span class='ocrx_word' id='word_1_728' title='bbox 733 2496 974 2533; x_wconf 42' lang='lat' dir='ltr'><strong>discipulus&#39;erat,</strong></span> <span class='ocrx_word' id='word_1_729' title='bbox 991 2506 1005 2524; x_wconf 86' lang='lat' dir='ltr'><strong>a</strong></span> <span class='ocrx_word' id='word_1_730' title='bbox 1020 2505 1075 2532; x_wconf 91' lang='lat' dir='ltr'><strong>quo</strong></span> 
     </span>
    </p>
   </div>
   <div class='ocr_carea' id='block_1_99' title="bbox 293 2532 1075 2567">
    <p class='ocr_par' dir='ltr' id='par_1_99' title="bbox 293 2532 1075 2567">
     <span class='ocr_line' id='line_1_99' title="bbox 293 2532 1075 2567; baseline 0 -8"><span class='ocrx_word' id='word_1_731' title='bbox 293 2534 458 2567; x_wconf 85' lang='lat' dir='ltr'><strong>impietatem</strong></span> <span class='ocrx_word' id='word_1_732' title='bbox 472 2537 612 2567; x_wconf 83' lang='lat' dir='ltr'><strong>acceptam</strong></span> <span class='ocrx_word' id='word_1_733' title='bbox 629 2532 703 2560; x_wconf 87' lang='lat' dir='ltr'><strong>auxit</strong></span> <span class='ocrx_word' id='word_1_734' title='bbox 717 2538 744 2560; x_wconf 92' lang='lat' dir='ltr'><strong>et</strong></span> <span class='ocrx_word' id='word_1_735' title='bbox 758 2532 890 2564; x_wconf 75' lang='lat' dir='ltr'><strong>dilatavit,</strong></span> <span class='ocrx_word' id='word_1_736' title='bbox 910 2538 938 2560; x_wconf 94' lang='lat' dir='ltr'><strong>ut</strong></span> <span class='ocrx_word' id='word_1_737' title='bbox 959 2540 1007 2560; x_wconf 90' lang='lat' dir='ltr'><strong>usu</strong></span> <span class='ocrx_word' id='word_1_738' title='bbox 1031 2540 1075 2559; x_wconf 84' lang='lat' dir='ltr'><strong>so-</strong></span> 
     </span>
    </p>
   </div>
   <div class='ocr_carea' id='block_1_100' title="bbox 292 2567 1074 2596">
    <p class='ocr_par' dir='ltr' id='par_1_100' title="bbox 292 2567 1074 2596">
     <span class='ocr_line' id='line_1_100' title="bbox 292 2567 1074 2596; baseline -0.001 -2"><span class='ocrx_word' id='word_1_739' title='bbox 292 2569 329 2594; x_wconf 87' lang='lat' dir='ltr'><strong>let</strong></span> <span class='ocrx_word' id='word_1_740' title='bbox 345 2568 436 2595; x_wconf 81' lang='lat' dir='ltr'><strong>venire</strong></span> <span class='ocrx_word' id='word_1_741' title='bbox 454 2568 480 2594; x_wconf 94' lang='lat' dir='ltr'><strong>in</strong></span> <span class='ocrx_word' id='word_1_742' title='bbox 496 2567 640 2595; x_wconf 71' lang='lat' dir='ltr'><strong>haereticis.</strong></span> <span class='ocrx_word' id='word_1_743' title='bbox 662 2567 735 2594; x_wconf 78' lang='lat' dir='ltr'><strong>Vixit</strong></span> <span class='ocrx_word' id='word_1_744' title='bbox 748 2569 821 2596; x_wconf 83' lang='lat' dir='ltr'><strong>circa</strong></span> <span class='ocrx_word' id='word_1_745' title='bbox 845 2575 944 2595; x_wconf 84' lang='lat' dir='ltr'><strong>annum</strong></span> <span class='ocrx_word' id='word_1_746' title='bbox 968 2567 1074 2595; x_wconf 87' lang='lat' dir='ltr'><strong>Domini</strong></span> 
     </span>
    </p>
   </div>
   <div class='ocr_carea' id='block_1_101' title="bbox 290 2602 1075 2637">
    <p class='ocr_par' dir='ltr' id='par_1_101' title="bbox 290 2602 1075 2637">
     <span class='ocr_line' id='line_1_101' title="bbox 290 2602 1075 2637; baseline -0.004 -7"><span class='ocrx_word' id='word_1_747' title='bbox 290 2603 354 2630; x_wconf 63' lang='lat'><strong>“260.</strong></span> <span class='ocrx_word' id='word_1_748' title='bbox 368 2603 528 2630; x_wconf 84' lang='lat' dir='ltr'><strong>Trinitatem</strong></span> <span class='ocrx_word' id='word_1_749' title='bbox 538 2602 564 2628; x_wconf 93' lang='lat' dir='ltr'><strong>itt</strong></span> <span class='ocrx_word' id='word_1_750' title='bbox 581 2603 660 2629; x_wconf 89' lang='lat' dir='ltr'><strong>unius</strong></span> <span class='ocrx_word' id='word_1_751' title='bbox 669 2610 790 2637; x_wconf 66' lang='lat' dir='ltr'><strong>personae</strong></span> <span class='ocrx_word' id='word_1_752' title='bbox 801 2604 941 2636; x_wconf 79' lang='lat' dir='ltr'><strong>angustias</strong></span> <span class='ocrx_word' id='word_1_753' title='bbox 953 2607 1075 2629; x_wconf 81' lang='lat' dir='ltr'><strong>coarcta-</strong></span> 
     </span>
    </p>
   </div>
   <div class='ocr_carea' id='block_1_102' title="bbox 292 2637 1074 2670">
    <p class='ocr_par' dir='ltr' id='par_1_102' title="bbox 292 2637 1074 2670">
     <span class='ocr_line' id='line_1_102' title="bbox 292 2637 1074 2670; baseline 0 -7"><span class='ocrx_word' id='word_1_754' title='bbox 292 2641 340 2670; x_wconf 82' lang='lat' dir='ltr'><strong>vit,</strong></span> <span class='ocrx_word' id='word_1_755' title='bbox 355 2644 382 2665; x_wconf 88' lang='lat' dir='ltr'><strong>et</strong></span> <span class='ocrx_word' id='word_1_756' title='bbox 397 2638 425 2664; x_wconf 78' lang='lat' dir='ltr'><strong>in</strong></span> <span class='ocrx_word' id='word_1_757' title='bbox 443 2637 524 2664; x_wconf 74' lang='lat' dir='ltr'><strong>tribus</strong></span> <span class='ocrx_word' id='word_1_758' title='bbox 538 2637 683 2670; x_wconf 69' lang='lat' dir='ltr'><strong>vocabulis,</strong></span> <span class='ocrx_word' id='word_1_759' title='bbox 699 2638 866 2664; x_wconf 76' lang='lat' dir='ltr'><strong>trinominem</strong></span> <span class='ocrx_word' id='word_1_760' title='bbox 885 2638 976 2668; x_wconf 80' lang='lat' dir='ltr'><strong>Deum,</strong></span> <span class='ocrx_word' id='word_1_761' title='bbox 986 2638 1074 2663; x_wconf 74' lang='lat' dir='ltr'><strong>crede—</strong></span> 
     </span>
    </p>
   </div>
   <div class='ocr_carea' id='block_1_103' title="bbox 291 2671 1073 2704">
    <p class='ocr_par' dir='ltr' id='par_1_103' title="bbox 291 2671 1073 2704">
     <span class='ocr_line' id='line_1_103' title="bbox 291 2671 1073 2704; baseline -0.001 -6"><span class='ocrx_word' id='word_1_762' title='bbox 291 2673 336 2699; x_wconf 66' lang='lat' dir='ltr'><strong>bat</strong></span> <span class='ocrx_word' id='word_1_763' title='bbox 351 2681 360 2698; x_wconf 64' lang='grc' dir='ltr'><em>ε</em></span> <span class='ocrx_word' id='word_1_764' title='bbox 379 2681 437 2699; x_wconf 87' lang='lat' dir='ltr'><strong>cum</strong></span> <span class='ocrx_word' id='word_1_765' title='bbox 454 2671 570 2699; x_wconf 79' lang='lat' dir='ltr'><strong>Ecclesia</strong></span> <span class='ocrx_word' id='word_1_766' title='bbox 582 2680 595 2698; x_wconf 76' lang='grc' dir='ltr'><em>ε</em></span> <span class='ocrx_word' id='word_1_767' title='bbox 608 2678 709 2704; x_wconf 84' lang='lat' dir='ltr'><strong>contra,</strong></span> <span class='ocrx_word' id='word_1_768' title='bbox 721 2677 773 2699; x_wconf 75' lang='lat' dir='ltr'><strong>tres</strong></span> <span class='ocrx_word' id='word_1_769' title='bbox 791 2673 969 2703; x_wconf 69' lang='lat' dir='ltr'><strong>subsistentes,</strong></span> <span class='ocrx_word' id='word_1_770' title='bbox 987 2679 1073 2703; x_wconf 79' lang='lat' dir='ltr'><strong>veras,</strong></span> 
     </span>
    </p>
   </div>
   <div class='ocr_carea' id='block_1_104' title="bbox 290 2707 1073 2742">
    <p class='ocr_par' dir='ltr' id='par_1_104' title="bbox 290 2707 1073 2742">
     <span class='ocr_line' id='line_1_104' title="bbox 290 2707 1073 2742; baseline 0 -10"><span class='ocrx_word' id='word_1_771' title='bbox 290 2708 416 2742; x_wconf 75' lang='lat' dir='ltr'><strong>integras.</strong></span> <span class='ocrx_word' id='word_1_772' title='bbox 428 2712 451 2733; x_wconf 88' lang='lat' dir='ltr'><strong>et</strong></span> <span class='ocrx_word' id='word_1_773' title='bbox 463 2707 591 2741; x_wconf 72' lang='lat' dir='ltr'><strong>perfectas</strong></span> <span class='ocrx_word' id='word_1_774' title='bbox 603 2715 738 2742; x_wconf 71' lang='lat' dir='ltr'><strong>personas,</strong></span> <span class='ocrx_word' id='word_1_775' title='bbox 748 2708 879 2742; x_wconf 72' lang='lat' dir='ltr'><strong>indefessa</strong></span> <span class='ocrx_word' id='word_1_776' title='bbox 891 2716 950 2734; x_wconf 66' lang='grc' dir='ltr'>νοτε</span> <span class='ocrx_word' id='word_1_777' title='bbox 957 2714 1073 2742; x_wconf 77' lang='lat' dir='ltr'><strong>pronun-</strong></span> 
     </span>
    </p>
   </div>
   <div class='ocr_carea' id='block_1_105' title="bbox 291 2742 694 2777">
    <p class='ocr_par' dir='ltr' id='par_1_105' title="bbox 291 2742 694 2777">
     <span class='ocr_line' id='line_1_105' title="bbox 291 2742 694 2777; baseline 0.002 -10"><span class='ocrx_word' id='word_1_778' title='bbox 291 2742 346 2773; x_wconf 82' lang='lat' dir='ltr'><strong>tiet,</strong></span> <span class='ocrx_word' id='word_1_779' title='bbox 359 2743 436 2768; x_wconf 81' lang='lat' dir='ltr'><strong>aitB.</strong></span> <span class='ocrx_word' id='word_1_780' title='bbox 456 2743 642 2777; x_wconf 85' lang='lat' dir='ltr'><strong>Hieronymus.</strong></span> <span class='ocrx_word' id='word_1_781' title='bbox 660 2742 694 2769; x_wconf 89' lang='grc' dir='ltr'><strong>Μ.</strong></span> 
     </span>
    </p>
   </div>
   <div class='ocr_carea' id='block_1_106' title="bbox 276 2776 1075 2812">
    <p class='ocr_par' dir='ltr' id='par_1_106' title="bbox 276 2776 1075 2812">
     <span class='ocr_line' id='line_1_106' title="bbox 276 2776 1075 2812; baseline 0.003 -10"><span class='ocrx_word' id='word_1_782' title='bbox 276 2807 279 2811; x_wconf 33' lang='grc' dir='ltr'>ι</span> <span class='ocrx_word' id='word_1_783' title='bbox 321 2776 383 2811; x_wconf 65' lang='grc'><strong>,(54)</strong></span> <span class='ocrx_word' id='word_1_784' title='bbox 403 2776 565 2812; x_wconf 65' lang='grc' dir='ltr'>Ὲτξιτρέπει</span> <span class='ocrx_word' id='word_1_785' title='bbox 583 2778 704 2812; x_wconf 79' lang='grc' dir='ltr'>θεσμός.</span> <span class='ocrx_word' id='word_1_786' title='bbox 726 2777 792 2804; x_wconf 85' lang='lat' dir='ltr'><strong>Erat</strong></span> <span class='ocrx_word' id='word_1_787' title='bbox 813 2778 885 2804; x_wconf 90' lang='lat' dir='ltr'><strong>enim</strong></span> <span class='ocrx_word' id='word_1_788' title='bbox 904 2778 931 2804; x_wconf 94' lang='lat' dir='ltr'><strong>in</strong></span> <span class='ocrx_word' id='word_1_789' title='bbox 951 2777 1075 2805; x_wconf 80' lang='lat' dir='ltr'><strong>confesso</strong></span> 
     </span>
    </p>
   </div>
   <div class='ocr_carea' id='block_1_107' title="bbox 291 2809 1075 2848">
    <p class='ocr_par' dir='ltr' id='par_1_107' title="bbox 291 2809 1075 2848">
     <span class='ocr_line' id='line_1_107' title="bbox 291 2809 1075 2848; baseline 0.003 -11"><span class='ocrx_word' id='word_1_790' title='bbox 291 2809 418 2845; x_wconf 76' lang='lat' dir='ltr'><strong>positum,</strong></span> <span class='ocrx_word' id='word_1_791' title='bbox 432 2809 502 2848; x_wconf 68' lang='grc' dir='ltr'>εἶναι</span> <span class='ocrx_word' id='word_1_792' title='bbox 521 2817 548 2839; x_wconf 91' lang='lat' dir='ltr'><strong>et</strong></span> <span class='ocrx_word' id='word_1_793' title='bbox 571 2809 692 2848; x_wconf 74' lang='grc' dir='ltr'>προεῗναὶ</span> <span class='ocrx_word' id='word_1_794' title='bbox 712 2812 860 2848; x_wconf 20' lang='grc' dir='ltr'>τόνγΛόγον</span> <span class='ocrx_word' id='word_1_795' title='bbox 881 2812 928 2839; x_wconf 81' lang='grc' dir='ltr'>τοῦ</span> <span class='ocrx_word' id='word_1_796' title='bbox 951 2812 1028 2846; x_wconf 82' lang='grc' dir='ltr'>Θεοῦ,</span> <span class='ocrx_word' id='word_1_797' title='bbox 1048 2818 1075 2839; x_wconf 86' lang='lat' dir='ltr'><strong>et</strong></span> 
     </span>
    </p>
   </div>
   <div class='ocr_carea' id='block_1_108' title="bbox 291 2847 1074 2883">
    <p class='ocr_par' dir='ltr' id='par_1_108' title="bbox 291 2847 1074 2883">
     <span class='ocr_line' id='line_1_108' title="bbox 291 2847 1074 2883; baseline 0.003 -12"><span class='ocrx_word' id='word_1_798' title='bbox 291 2847 448 2883; x_wconf 73' lang='lat' dir='ltr'><strong>qtta:_se_tuel</strong></span> <span class='ocrx_word' id='word_1_799' title='bbox 468 2852 546 2873; x_wconf 82' lang='lat' dir='ltr'><strong>erant</strong></span> <span class='ocrx_word' id='word_1_800' title='bbox 556 2847 646 2874; x_wconf 80' lang='grc' dir='ltr'>πίστει</span> <span class='ocrx_word' id='word_1_801' title='bbox 658 2847 853 2883; x_wconf 83' lang='grc' dir='ltr'>παραδοθέντα,</span> <span class='ocrx_word' id='word_1_802' title='bbox 871 2855 924 2875; x_wconf 86' lang='lat' dir='ltr'><strong>non</strong></span> <span class='ocrx_word' id='word_1_803' title='bbox 937 2851 1016 2875; x_wconf 82' lang='lat' dir='ltr'><strong>erant</strong></span> <span class='ocrx_word' id='word_1_804' title='bbox 1029 2855 1074 2873; x_wconf 90' lang='lat' dir='ltr'><strong>vo-</strong></span> 
     </span>
    </p>
   </div>
   <div class='ocr_carea' id='block_1_109' title="bbox 291 2880 1073 2918">
    <p class='ocr_par' dir='ltr' id='par_1_109' title="bbox 291 2880 1073 2918">
     <span class='ocr_line' id='line_1_109' title="bbox 291 2880 1073 2918; baseline 0.004 -11"><span class='ocrx_word' id='word_1_805' title='bbox 291 2880 379 2908; x_wconf 85' lang='lat' dir='ltr'><strong>canda</strong></span> <span class='ocrx_word' id='word_1_806' title='bbox 394 2880 420 2907; x_wconf 86' lang='lat' dir='ltr'><strong>in</strong></span> <span class='ocrx_word' id='word_1_807' title='bbox 436 2882 613 2916; x_wconf 67' lang='lat' dir='ltr'><strong>quaestionem</strong></span> <span class='ocrx_word' id='word_1_808' title='bbox 632 2880 743 2916; x_wconf 73' lang='lat' dir='ltr'><strong>iterum,</strong></span> <span class='ocrx_word' id='word_1_809' title='bbox 755 2890 808 2910; x_wconf 89' lang='lat' dir='ltr'><strong>non</strong></span> <span class='ocrx_word' id='word_1_810' title='bbox 819 2884 853 2911; x_wconf 89' lang='lat' dir='ltr'><strong>de</strong></span> <span class='ocrx_word' id='word_1_811' title='bbox 867 2883 902 2911; x_wconf 84' lang='lat' dir='ltr'><strong>iis</strong></span> <span class='ocrx_word' id='word_1_812' title='bbox 919 2883 1073 2918; x_wconf 85' lang='lat' dir='ltr'><strong>disquiren-</strong></span> 
     </span>
    </p>
   </div>
   <div class='ocr_carea' id='block_1_110' title="bbox 1553 2288 1902 2322">
    <p class='ocr_par' dir='ltr' id='par_1_110' title="bbox 1553 2288 1902 2322">
     <span class='ocr_line' id='line_1_110' title="bbox 1553 2288 1902 2322; baseline 0.006 -9"><span class='ocrx_word' id='word_1_813' title='bbox 1553 2288 1589 2314; x_wconf 84' lang='lat' dir='ltr'><strong>De</strong></span> <span class='ocrx_word' id='word_1_814' title='bbox 1610 2290 1708 2322; x_wconf 69' lang='lat' dir='ltr'><strong>synodo</strong></span> <span class='ocrx_word' id='word_1_815' title='bbox 1734 2290 1902 2316; x_wconf 73' lang='lat' dir='ltr'><strong>Ariminensi.</strong></span> 
     </span>
    </p>
   </div>
   <div class='ocr_carea' id='block_1_111' title="bbox 1126 2323 1904 2393">
    <p class='ocr_par' dir='ltr' id='par_1_111' title="bbox 1126 2323 1904 2393">
     <span class='ocr_line' id='line_1_111' title="bbox 1126 2323 1904 2358; baseline 0.001 -9"><span class='ocrx_word' id='word_1_816' title='bbox 1126 2323 1236 2358; x_wconf 86' lang='lat' dir='ltr'><strong>Nempe,</strong></span> <span class='ocrx_word' id='word_1_817' title='bbox 1259 2328 1321 2350; x_wconf 84' lang='lat' dir='ltr'><strong>ante</strong></span> <span class='ocrx_word' id='word_1_818' title='bbox 1343 2323 1410 2350; x_wconf 83' lang='lat' dir='ltr'><strong>alias</strong></span> <span class='ocrx_word' id='word_1_819' title='bbox 1434 2330 1527 2350; x_wconf 88' lang='lat' dir='ltr'><strong>omnes</strong></span> <span class='ocrx_word' id='word_1_820' title='bbox 1552 2328 1691 2350; x_wconf 85' lang='lat' dir='ltr'><strong>creaturas</strong></span> <span class='ocrx_word' id='word_1_821' title='bbox 1716 2323 1816 2350; x_wconf 76' lang='lat' dir='ltr'><strong>factum</strong></span> <span class='ocrx_word' id='word_1_822' title='bbox 1838 2323 1904 2351; x_wconf 77' lang='lat' dir='ltr'><strong>fate—</strong></span> 
     </span>
     <span class='ocr_line' id='line_1_112' title="bbox 1126 2357 1904 2393; baseline 0.003 -9"><span class='ocrx_word' id='word_1_823' title='bbox 1126 2357 1235 2390; x_wconf 89' lang='lat' dir='ltr'><strong>bantur,</strong></span> <span class='ocrx_word' id='word_1_824' title='bbox 1252 2365 1304 2385; x_wconf 92' lang='lat' dir='ltr'><strong>non</strong></span> <span class='ocrx_word' id='word_1_825' title='bbox 1326 2363 1414 2385; x_wconf 90' lang='lat' dir='ltr'><strong>tamen</strong></span> <span class='ocrx_word' id='word_1_826' title='bbox 1436 2357 1470 2384; x_wconf 87' lang='lat' dir='ltr'><strong>ab</strong></span> <span class='ocrx_word' id='word_1_827' title='bbox 1490 2363 1601 2393; x_wconf 63' lang='lat' dir='ltr'><strong>aeterno.</strong></span> <span class='ocrx_word' id='word_1_828' title='bbox 1620 2357 1723 2385; x_wconf 84' lang='lat' dir='ltr'><strong>Inﬁnita</strong></span> <span class='ocrx_word' id='word_1_829' title='bbox 1744 2359 1842 2393; x_wconf 88' lang='lat' dir='ltr'><strong>quippe</strong></span> <span class='ocrx_word' id='word_1_830' title='bbox 1858 2366 1904 2386; x_wconf 78' lang='lat' dir='ltr'><strong>sa:-</strong></span> 
     </span>
    </p>
   </div>
   <div class='ocr_carea' id='block_1_112' title="bbox 1228 2373 1904 2390">
    <p class='ocr_par' dir='ltr' id='par_1_112' title="bbox 1228 2373 1904 2390">
     <span class='ocr_line' id='line_1_113' title="bbox 1228 2373 1904 2390; baseline 0.003 -6"><span class='ocrx_word' id='word_1_831' title='bbox 1228 2378 1235 2390; x_wconf 82' lang='lat'><strong>,</strong></span> <span class='ocrx_word' id='word_1_832' title='bbox 1252 2373 1304 2385; x_wconf 88' lang='lat' dir='ltr'><strong>IIUII</strong></span> <span class='ocrx_word' id='word_1_833' title='bbox 1327 2373 1414 2385; x_wconf 67' lang='lat' dir='ltr'><strong>ldlllcll</strong></span> <span class='ocrx_word' id='word_1_834' title='bbox 1436 2373 1470 2384; x_wconf 71' lang='lat' dir='ltr'><strong>du</strong></span> <span class='ocrx_word' id='word_1_835' title='bbox 1490 2373 1601 2384; x_wconf 60' lang='grc' dir='ltr'><strong>ωιιιιιυι</strong></span> <span class='ocrx_word' id='word_1_836' title='bbox 1620 2373 1723 2385; x_wconf 75' lang='lat' dir='ltr'><strong>llllllllld</strong></span> <span class='ocrx_word' id='word_1_837' title='bbox 1744 2373 1842 2390; x_wconf 69' lang='lat' dir='ltr'><strong>qmppc</strong></span> <span class='ocrx_word' id='word_1_838' title='bbox 1858 2373 1904 2386; x_wconf 62' lang='grc' dir='ltr'><strong>θα·</strong></span> 
     </span>
    </p>
   </div>
   <div class='ocr_carea' id='block_1_113' title="bbox 1126 2367 1905 2427">
    <p class='ocr_par' dir='ltr' id='par_1_113' title="bbox 1126 2367 1905 2427">
     <span class='ocr_line' id='line_1_114' title="bbox 1126 2367 1904 2393; baseline 0.003 -9"><span class='ocrx_word' id='word_1_839' title='bbox 1126 2367 1235 2390; x_wconf 67' lang='grc' dir='ltr'>υειηιυτ,</span> <span class='ocrx_word' id='word_1_840' title='bbox 1252 2367 1304 2385; x_wconf 81' lang='grc' dir='ltr'><strong>ῐΙΟΙΙ</strong></span> <span class='ocrx_word' id='word_1_841' title='bbox 1326 2367 1414 2385; x_wconf 83' lang='lat' dir='ltr'><strong>tamen</strong></span> <span class='ocrx_word' id='word_1_842' title='bbox 1436 2367 1470 2384; x_wconf 72' lang='grc' dir='ltr'><strong>ίιυ</strong></span> <span class='ocrx_word' id='word_1_843' title='bbox 1490 2367 1601 2384; x_wconf 63' lang='grc' dir='ltr'>αξιοι-110.</span> <span class='ocrx_word' id='word_1_844' title='bbox 1620 2367 1723 2385; x_wconf 70' lang='grc' dir='ltr'><strong>11111111ῑᾶ</strong></span> <span class='ocrx_word' id='word_1_845' title='bbox 1744 2367 1842 2393; x_wconf 84' lang='lat' dir='ltr'><strong>qmppe</strong></span> <span class='ocrx_word' id='word_1_846' title='bbox 1858 2367 1904 2386; x_wconf 63' lang='grc' dir='ltr'><strong>εκ-</strong></span> 
     </span>
     <span class='ocr_line' id='line_1_115' title="bbox 1126 2392 1905 2427; baseline 0.001 -8"><span class='ocrx_word' id='word_1_847' title='bbox 1126 2393 1216 2419; x_wconf 89' lang='lat' dir='ltr'><strong>culain</strong></span> <span class='ocrx_word' id='word_1_848' title='bbox 1229 2393 1379 2420; x_wconf 74' lang='lat' dir='ltr'><strong>teternitate</strong></span> <span class='ocrx_word' id='word_1_849' title='bbox 1387 2392 1563 2427; x_wconf 79' lang='grc' dir='ltr'>κοσμοποιίαν</span> <span class='ocrx_word' id='word_1_850' title='bbox 1573 2393 1750 2420; x_wconf 86' lang='lat' dir='ltr'><strong>antevertisse</strong></span> <span class='ocrx_word' id='word_1_851' title='bbox 1762 2394 1905 2421; x_wconf 83' lang='lat' dir='ltr'><strong>docebant.</strong></span> 
     </span>
    </p>
   </div>
   <div class='ocr_carea' id='block_1_114' title="bbox 1127 2427 1905 2462">
    <p class='ocr_par' dir='ltr' id='par_1_114' title="bbox 1127 2427 1905 2462">
     <span class='ocr_line' id='line_1_116' title="bbox 1127 2427 1905 2462; baseline 0.003 -8"><span class='ocrx_word' id='word_1_852' title='bbox 1127 2427 1214 2461; x_wconf 73' lang='lat' dir='ltr'><strong>Atque</strong></span> <span class='ocrx_word' id='word_1_853' title='bbox 1231 2428 1268 2454; x_wconf 90' lang='lat' dir='ltr'><strong>ita</strong></span> <span class='ocrx_word' id='word_1_854' title='bbox 1285 2427 1417 2455; x_wconf 86' lang='lat' dir='ltr'><strong>Eusebius</strong></span> <span class='ocrx_word' id='word_1_855' title='bbox 1430 2429 1457 2454; x_wconf 94' lang='lat' dir='ltr'><strong>in</strong></span> <span class='ocrx_word' id='word_1_856' title='bbox 1474 2428 1535 2454; x_wconf 84' lang='lat' dir='ltr'><strong>lidei</strong></span> <span class='ocrx_word' id='word_1_857' title='bbox 1552 2435 1606 2454; x_wconf 74' lang='lat' dir='ltr'><strong>sua:</strong></span> <span class='ocrx_word' id='word_1_858' title='bbox 1626 2427 1748 2460; x_wconf 77' lang='grc' dir='ltr'>ἐκθέσει..</span> <span class='ocrx_word' id='word_1_859' title='bbox 1757 2435 1837 2462; x_wconf 89' lang='lat' dir='ltr'><strong>quam</strong></span> <span class='ocrx_word' id='word_1_860' title='bbox 1858 2429 1905 2456; x_wconf 82' lang='lat' dir='ltr'><strong>Ec-</strong></span> 
     </span>
    </p>
   </div>
   <div class='ocr_carea' id='block_1_115' title="bbox 1125 2462 1905 2498">
    <p class='ocr_par' dir='ltr' id='par_1_115' title="bbox 1125 2462 1905 2498">
     <span class='ocr_line' id='line_1_117' title="bbox 1125 2462 1905 2498; baseline 0.003 -10"><span class='ocrx_word' id='word_1_861' title='bbox 1125 2462 1214 2498; x_wconf 59' lang='lat' dir='ltr'><strong>clesiae</strong></span> <span class='ocrx_word' id='word_1_862' title='bbox 1240 2463 1379 2498; x_wconf 55' lang='lat' dir='ltr'><strong>ascribit,</strong></span> <span class='ocrx_word' id='word_1_863' title='bbox 1398 2462 1481 2498; x_wconf 84' lang='lat' dir='ltr'><strong>Deum</strong></span> <span class='ocrx_word' id='word_1_864' title='bbox 1508 2462 1615 2498; x_wconf 85' lang='lat' dir='ltr'><strong>Patrem</strong></span> <span class='ocrx_word' id='word_1_865' title='bbox 1646 2462 1793 2498; x_wconf 80' lang='grc' dir='ltr'>ἀγέννητον</span> <span class='ocrx_word' id='word_1_866' title='bbox 1818 2469 1905 2494; x_wconf 83' lang='lat' dir='ltr'><strong>vocat.</strong></span> 
     </span>
    </p>
   </div>
   <div class='ocr_carea' id='block_1_116' title="bbox 1125 2496 1905 2533">
    <p class='ocr_par' dir='ltr' id='par_1_116' title="bbox 1125 2496 1905 2533">
     <span class='ocr_line' id='line_1_118' title="bbox 1125 2496 1905 2533; baseline 0.004 -10"><span class='ocrx_word' id='word_1_867' title='bbox 1125 2496 1222 2533; x_wconf 67' lang='lat' dir='ltr'><strong>Eilitttn</strong></span> <span class='ocrx_word' id='word_1_868' title='bbox 1236 2497 1335 2524; x_wconf 82' lang='lat' dir='ltr'><strong>fatetur</strong></span> <span class='ocrx_word' id='word_1_869' title='bbox 1346 2497 1425 2533; x_wconf 86' lang='grc' dir='ltr'>μόνον</span> <span class='ocrx_word' id='word_1_870' title='bbox 1434 2497 1480 2523; x_wconf 79' lang='grc' dir='ltr'><strong>καὶ</strong></span> <span class='ocrx_word' id='word_1_871' title='bbox 1489 2497 1634 2533; x_wconf 63' lang='grc' dir='ltr'>μονογενῆ,</span> <span class='ocrx_word' id='word_1_872' title='bbox 1644 2505 1696 2524; x_wconf 86' lang='lat' dir='ltr'><strong>non</strong></span> <span class='ocrx_word' id='word_1_873' title='bbox 1705 2496 1795 2525; x_wconf 77' lang='lat' dir='ltr'><strong>autem</strong></span> <span class='ocrx_word' id='word_1_874' title='bbox 1804 2498 1905 2530; x_wconf 84' lang='grc' dir='ltr'>ἀῖδιως.</span> 
     </span>
    </p>
   </div>
   <div class='ocr_carea' id='block_1_117' title="bbox 1126 2532 1905 2565">
    <p class='ocr_par' dir='ltr' id='par_1_117' title="bbox 1126 2532 1905 2565">
     <span class='ocr_line' id='line_1_119' title="bbox 1126 2532 1905 2565; baseline 0 -7"><span class='ocrx_word' id='word_1_875' title='bbox 1126 2532 1178 2558; x_wconf 84' lang='lat' dir='ltr'><strong>Sed</strong></span> <span class='ocrx_word' id='word_1_876' title='bbox 1194 2539 1243 2558; x_wconf 85' lang='lat' dir='ltr'><strong>nec</strong></span> <span class='ocrx_word' id='word_1_877' title='bbox 1260 2532 1303 2559; x_wconf 79' lang='lat' dir='ltr'><strong>illa</strong></span> <span class='ocrx_word' id='word_1_878' title='bbox 1321 2532 1380 2565; x_wconf 59' lang='lat' dir='ltr'><strong>qua</strong></span> <span class='ocrx_word' id='word_1_879' title='bbox 1392 2540 1453 2559; x_wconf 85' lang='lat' dir='ltr'><strong>mox</strong></span> <span class='ocrx_word' id='word_1_880' title='bbox 1471 2534 1600 2564; x_wconf 82' lang='lat' dir='ltr'><strong>annectit,</strong></span> <span class='ocrx_word' id='word_1_881' title='bbox 1619 2532 1685 2558; x_wconf 85' lang='grc' dir='ltr'>Θεόν</span> <span class='ocrx_word' id='word_1_882' title='bbox 1710 2541 1739 2559; x_wconf 84' lang='grc' dir='ltr'><strong>τε</strong></span> <span class='ocrx_word' id='word_1_883' title='bbox 1761 2532 1853 2565; x_wconf 82' lang='grc' dir='ltr'>αὑτὸν,</span> <span class='ocrx_word' id='word_1_884' title='bbox 1871 2533 1905 2565; x_wconf 84' lang='grc' dir='ltr'>ὡς</span> 
     </span>
    </p>
   </div>
   <div class='ocr_carea' id='block_1_118' title="bbox 1125 2566 1905 2602">
    <p class='ocr_par' dir='ltr' id='par_1_118' title="bbox 1125 2566 1905 2602">
     <span class='ocr_line' id='line_1_120' title="bbox 1125 2566 1905 2602; baseline 0.001 -10"><span class='ocrx_word' id='word_1_885' title='bbox 1125 2566 1232 2601; x_wconf 83' lang='grc' dir='ltr'><strong>ἀληθῶς</strong></span> <span class='ocrx_word' id='word_1_886' title='bbox 1243 2567 1306 2593; x_wconf 84' lang='grc' dir='ltr'>Υἱὺν</span> <span class='ocrx_word' id='word_1_887' title='bbox 1318 2567 1382 2593; x_wconf 74' lang='grc' dir='ltr'>ὅντα</span> <span class='ocrx_word' id='word_1_888' title='bbox 1401 2566 1479 2599; x_wconf 80' lang='grc' dir='ltr'>Θεοῦ,</span> <span class='ocrx_word' id='word_1_889' title='bbox 1497 2566 1650 2602; x_wconf 79' lang='grc' dir='ltr'>γνωρίζειν,</span> <span class='ocrx_word' id='word_1_890' title='bbox 1664 2567 1697 2594; x_wconf 87' lang='lat' dir='ltr'><strong>ab</strong></span> <span class='ocrx_word' id='word_1_891' title='bbox 1714 2569 1868 2595; x_wconf 81' lang='lat' dir='ltr'><strong>Arianismo</strong></span> <span class='ocrx_word' id='word_1_892' title='bbox 1879 2569 1905 2594; x_wconf 86' lang='lat' dir='ltr'><strong>il-</strong></span> 
     </span>
    </p>
   </div>
   <div class='ocr_carea' id='block_1_119' title="bbox 1126 2601 1907 2636">
    <p class='ocr_par' dir='ltr' id='par_1_119' title="bbox 1126 2601 1907 2636">
     <span class='ocr_line' id='line_1_121' title="bbox 1126 2601 1907 2636; baseline 0.004 -10"><span class='ocrx_word' id='word_1_893' title='bbox 1126 2601 1178 2627; x_wconf 90' lang='lat' dir='ltr'><strong>lunt</strong></span> <span class='ocrx_word' id='word_1_894' title='bbox 1193 2603 1355 2633; x_wconf 81' lang='lat' dir='ltr'><strong>excludunt;</strong></span> <span class='ocrx_word' id='word_1_895' title='bbox 1367 2609 1428 2629; x_wconf 89' lang='lat' dir='ltr'><strong>nam</strong></span> <span class='ocrx_word' id='word_1_896' title='bbox 1442 2603 1533 2628; x_wconf 81' lang='lat' dir='ltr'><strong>Ariani</strong></span> <span class='ocrx_word' id='word_1_897' title='bbox 1549 2601 1719 2636; x_wconf 76' lang='lat' dir='ltr'><strong>liocdabant,</strong></span> <span class='ocrx_word' id='word_1_898' title='bbox 1734 2604 1779 2629; x_wconf 85' lang='lat' dir='ltr'><strong>sed</strong></span> <span class='ocrx_word' id='word_1_899' title='bbox 1789 2607 1907 2630; x_wconf 83' lang='lat' dir='ltr'><strong>creatum</strong></span> 
     </span>
    </p>
   </div>
   <div class='ocr_carea' id='block_1_120' title="bbox 1125 2636 1836 2668">
    <p class='ocr_par' dir='ltr' id='par_1_120' title="bbox 1125 2636 1836 2668">
     <span class='ocr_line' id='line_1_122' title="bbox 1125 2636 1836 2668; baseline 0.003 -5"><span class='ocrx_word' id='word_1_900' title='bbox 1125 2640 1212 2663; x_wconf 72' lang='lat' dir='ltr'><strong>tamen</strong></span> <span class='ocrx_word' id='word_1_901' title='bbox 1225 2645 1232 2668; x_wconf 83' lang='lat'>;</span> <span class='ocrx_word' id='word_1_902' title='bbox 1249 2642 1276 2663; x_wconf 89' lang='lat' dir='ltr'><strong>et</strong></span> <span class='ocrx_word' id='word_1_903' title='bbox 1290 2638 1322 2664; x_wconf 83' lang='lat' dir='ltr'><strong>de</strong></span> <span class='ocrx_word' id='word_1_904' title='bbox 1335 2637 1385 2663; x_wconf 80' lang='grc' dir='ltr'>οὐκ</span> <span class='ocrx_word' id='word_1_905' title='bbox 1397 2636 1481 2663; x_wconf 74' lang='grc' dir='ltr'>ὄντων</span> <span class='ocrx_word' id='word_1_906' title='bbox 1497 2637 1555 2664; x_wconf 90' lang='lat' dir='ltr'><strong>vide</strong></span> <span class='ocrx_word' id='word_1_907' title='bbox 1563 2637 1732 2665; x_wconf 86' lang='lat' dir='ltr'><strong>Athan.orat.</strong></span> <span class='ocrx_word' id='word_1_908' title='bbox 1748 2645 1790 2665; x_wconf 81' lang='lat' dir='ltr'><strong>ut.</strong></span> <span class='ocrx_word' id='word_1_909' title='bbox 1802 2636 1836 2665; x_wconf 74' lang='grc' dir='ltr'><strong>Μ.</strong></span> 
     </span>
    </p>
   </div>
   <div class='ocr_carea' id='block_1_121' title="bbox 1161 2670 1768 2708">
    <p class='ocr_par' dir='ltr' id='par_1_121' title="bbox 1161 2670 1768 2708">
     <span class='ocr_line' id='line_1_123' title="bbox 1161 2670 1768 2708; baseline 0.005 -11"><span class='ocrx_word' id='word_1_910' title='bbox 1161 2670 1215 2708; x_wconf 65' lang='grc' dir='ltr'><strong>(ξῦ)</strong></span> <span class='ocrx_word' id='word_1_911' title='bbox 1234 2671 1334 2707; x_wconf 80' lang='grc' dir='ltr'>Θάρσει</span> <span class='ocrx_word' id='word_1_912' title='bbox 1349 2673 1407 2708; x_wconf 85' lang='lat' dir='ltr'><strong>loco</strong></span> <span class='ocrx_word' id='word_1_913' title='bbox 1423 2671 1518 2707; x_wconf 82' lang='grc' dir='ltr'>θράσει</span> <span class='ocrx_word' id='word_1_914' title='bbox 1531 2679 1563 2700; x_wconf 80' lang='lat' dir='ltr'><strong>ex</strong></span> <span class='ocrx_word' id='word_1_915' title='bbox 1581 2679 1652 2700; x_wconf 87' lang='lat' dir='ltr'><strong>corr.</strong></span> <span class='ocrx_word' id='word_1_916' title='bbox 1670 2672 1768 2708; x_wconf 85' lang='lat' dir='ltr'><strong>recepi.</strong></span> 
     </span>
    </p>
   </div>
   <div class='ocr_carea' id='block_1_122' title="bbox 1161 2707 1371 2741">
    <p class='ocr_par' dir='ltr' id='par_1_122' title="bbox 1161 2707 1371 2741">
     <span class='ocr_line' id='line_1_124' title="bbox 1161 2707 1371 2741; baseline 0 -8"><span class='ocrx_word' id='word_1_917' title='bbox 1161 2707 1218 2741; x_wconf 74' lang='lat'><strong>(56)</strong></span> <span class='ocrx_word' id='word_1_918' title='bbox 1239 2707 1301 2733; x_wconf 86' lang='lat' dir='ltr'><strong>Dele</strong></span> <span class='ocrx_word' id='word_1_919' title='bbox 1312 2707 1371 2733; x_wconf 86' lang='grc' dir='ltr'>καί.</span> 
     </span>
    </p>
   </div>
   <div class='ocr_carea' id='block_1_123' title="bbox 1161 2741 1452 2777">
    <p class='ocr_par' dir='ltr' id='par_1_123' title="bbox 1161 2741 1452 2777">
     <span class='ocr_line' id='line_1_125' title="bbox 1161 2741 1452 2777; baseline 0 -9"><span class='ocrx_word' id='word_1_920' title='bbox 1161 2741 1216 2777; x_wconf 79' lang='grc'><strong>(57)</strong></span> <span class='ocrx_word' id='word_1_921' title='bbox 1230 2741 1316 2777; x_wconf 71' lang='lat' dir='ltr'><strong>Vulgo</strong></span> <span class='ocrx_word' id='word_1_922' title='bbox 1332 2742 1378 2768; x_wconf 74' lang='grc' dir='ltr'>καὶ</span> <span class='ocrx_word' id='word_1_923' title='bbox 1392 2750 1452 2777; x_wconf 89' lang='grc' dir='ltr'>μον.</span> 
     </span>
    </p>
   </div>
   <div class='ocr_carea' id='block_1_124' title="bbox 1161 2776 1373 2811">
    <p class='ocr_par' dir='ltr' id='par_1_124' title="bbox 1161 2776 1373 2811">
     <span class='ocr_line' id='line_1_126' title="bbox 1161 2776 1373 2811; baseline 0.005 -8"><span class='ocrx_word' id='word_1_924' title='bbox 1161 2777 1217 2811; x_wconf 80' lang='grc'><strong>(58)</strong></span> <span class='ocrx_word' id='word_1_925' title='bbox 1230 2776 1315 2811; x_wconf 65' lang='lat' dir='ltr'><strong>vulgo</strong></span> <span class='ocrx_word' id='word_1_926' title='bbox 1333 2776 1373 2804; x_wconf 86' lang='grc' dir='ltr'>δέ.</span> 
     </span>
    </p>
   </div>
   <div class='ocr_carea' id='block_1_125' title="bbox 1160 2811 1487 2848">
    <p class='ocr_par' dir='ltr' id='par_1_125' title="bbox 1160 2811 1487 2848">
     <span class='ocr_line' id='line_1_127' title="bbox 1160 2811 1487 2848; baseline 0 0"><span class='ocrx_word' id='word_1_927' title='bbox 1160 2811 1216 2848; x_wconf 66' lang='lat' dir='ltr'><strong>ea</strong></span> <span class='ocrx_word' id='word_1_928' title='bbox 1231 2811 1317 2848; x_wconf 69' lang='lat' dir='ltr'><strong>Xulso</strong></span> <span class='ocrx_word' id='word_1_929' title='bbox 1328 2811 1487 2848; x_wconf 63' lang='grc' dir='ltr'>ᾴντιλέγειν-</span> 
     </span>
    </p>
   </div>
   <div class='ocr_carea' id='block_1_126' title="bbox 1160 2846 1503 2908">
    <p class='ocr_par' dir='ltr' id='par_1_126' title="bbox 1160 2846 1503 2908">
     <span class='ocr_line' id='line_1_128' title="bbox 1160 2846 1503 2883; baseline 0.006 -10"><span class='ocrx_word' id='word_1_930' title='bbox 1160 2846 1216 2883; x_wconf 74' lang='grc'><strong>(40)</strong></span> <span class='ocrx_word' id='word_1_931' title='bbox 1231 2846 1317 2881; x_wconf 72' lang='lat' dir='ltr'><strong>Vulgo</strong></span> <span class='ocrx_word' id='word_1_932' title='bbox 1327 2846 1503 2882; x_wconf 81' lang='grc' dir='ltr'>διαλέγονται.</span> 
     </span>
     <span class='ocr_line' id='line_1_129' title="bbox 1161 2876 1364 2908; baseline 0 0"><span class='ocrx_word' id='word_1_933' title='bbox 1161 2882 1216 2908; x_wconf 70' lang='grc'><strong>(411</strong></span> <span class='ocrx_word' id='word_1_934' title='bbox 1235 2876 1319 2908; x_wconf 64' lang='grc' dir='ltr'>ῩιιΙυο</span> <span class='ocrx_word' id='word_1_935' title='bbox 1333 2881 1364 2908; x_wconf 67' lang='grc' dir='ltr'>δέ</span> 
     </span>
    </p>
   </div>
   <div class='ocr_carea' id='block_1_127' title="bbox 1126 2289 1533 2349">
    <p class='ocr_par' dir='ltr' id='par_1_127' title="bbox 1126 2289 1533 2349">
     <span class='ocr_line' id='line_1_130' title="bbox 1126 2289 1533 2349; baseline 0 -35"><span class='ocrx_word' id='word_1_936' title='bbox 1126 2289 1219 2349; x_wconf 52' lang='lat' dir='ltr'><strong>gnitur</strong></span> <span class='ocrx_word' id='word_1_937' title='bbox 1237 2296 1348 2323; x_wconf 82' lang='lat' dir='ltr'><strong>magnus</strong></span> <span class='ocrx_word' id='word_1_938' title='bbox 1359 2289 1533 2321; x_wconf 76' lang='lat' dir='ltr'><strong>Athanasius,</strong></span> 
     </span>
     <span class='ocr_line' id='line_1_131' title="bbox 1150 2323 1527 2349; baseline 0 0"><span class='ocrx_word' id='word_1_939' title='bbox 1150 2330 1236 2349; x_wconf 88' lang='lat' dir='ltr'><strong>etnne.</strong></span> <span class='ocrx_word' id='word_1_940' title='bbox 1259 2328 1321 2349; x_wconf 85' lang='lat' dir='ltr'><strong>ante</strong></span> <span class='ocrx_word' id='word_1_941' title='bbox 1343 2323 1410 2349; x_wconf 83' lang='lat' dir='ltr'><strong>alias</strong></span> <span class='ocrx_word' id='word_1_942' title='bbox 1434 2330 1527 2349; x_wconf 91' lang='lat' dir='ltr'><strong>omnes</strong></span> 
     </span>
    </p>
   </div>
   <div class='ocr_carea' id='block_1_128' title="bbox 1235 2876 1364 2909">
    <p class='ocr_par' dir='ltr' id='par_1_128' title="bbox 1235 2876 1364 2909">
     <span class='ocr_line' id='line_1_132' title="bbox 1235 2876 1364 2909; baseline -0.016 0"><span class='ocrx_word' id='word_1_943' title='bbox 1235 2876 1319 2909; x_wconf 61' lang='lat' dir='ltr'><strong>Vul30</strong></span> <span class='ocrx_word' id='word_1_944' title='bbox 1333 2881 1364 2908; x_wconf 66' lang='grc' dir='ltr'>δέ</span> 
     </span>
    </p>
   </div>
  </div>
