  <div class='ocr_page' id='page_1' title='image "/cluster/home/n/w/nwhite01/storage/ocr_20150623/24/njp.32101077772513/372.png"; bbox 0 0 2045 3215; ppageno 0'>
   <div class='ocr_carea' id='block_1_1' title="bbox 709 202 1205 234">
    <p class='ocr_par' dir='ltr' id='par_1_1' title="bbox 709 202 1205 234">
     <span class='ocr_line' id='line_1_1' title="bbox 709 202 1205 234; baseline -0.004 0"><span class='ocrx_word' id='word_1_1' title='bbox 709 203 848 234; x_wconf 76' lang='lat' dir='ltr'><strong>CONTRA</strong></span> <span class='ocrx_word' id='word_1_2' title='bbox 865 202 1080 233; x_wconf 69' lang='lat' dir='ltr'><strong>HABCELLUI</strong></span> <span class='ocrx_word' id='word_1_3' title='bbox 1098 203 1163 233; x_wconf 84' lang='lat' dir='ltr'><strong>LIB.</strong></span> <span class='ocrx_word' id='word_1_4' title='bbox 1185 203 1205 232; x_wconf 84' lang='lat' dir='ltr'><strong>l.</strong></span> 
     </span>
    </p>
   </div>
   <div class='ocr_carea' id='block_1_2' title="bbox 1710 203 1760 233">
    <p class='ocr_par' dir='ltr' id='par_1_2' title="bbox 1710 203 1760 233">
     <span class='ocr_line' id='line_1_2' title="bbox 1710 203 1760 233; baseline 0.04 -2"><span class='ocrx_word' id='word_1_5' title='bbox 1710 203 1760 233; x_wconf 74' lang='lat'><strong>756</strong></span> 
     </span>
    </p>
   </div>
   <div class='ocr_carea' id='block_1_3' title="bbox 144 256 930 295">
    <p class='ocr_par' dir='ltr' id='par_1_3' title="bbox 144 256 930 295">
     <span class='ocr_line' id='line_1_3' title="bbox 144 256 930 295; baseline 0.004 -12"><span class='ocrx_word' id='word_1_6' title='bbox 144 256 264 289; x_wconf 62' lang='grc' dir='ltr'>πλειους,</span> <span class='ocrx_word' id='word_1_7' title='bbox 273 257 374 284; x_wconf 76' lang='grc' dir='ltr'>ὡσανεὶ</span> <span class='ocrx_word' id='word_1_8' title='bbox 387 259 517 295; x_wconf 85' lang='grc' dir='ltr'>περιττὰς</span> <span class='ocrx_word' id='word_1_9' title='bbox 526 260 573 287; x_wconf 80' lang='grc' dir='ltr'><strong>καὶ</strong></span> <span class='ocrx_word' id='word_1_10' title='bbox 588 260 632 288; x_wconf 83' lang='grc' dir='ltr'>διὰ</span> <span class='ocrx_word' id='word_1_11' title='bbox 645 259 699 288; x_wconf 79' lang='grc' dir='ltr'><strong>τῶν</strong></span> <span class='ocrx_word' id='word_1_12' title='bbox 723 259 813 287; x_wconf 78' lang='grc' dir='ltr'>αὐτῶν</span> <span class='ocrx_word' id='word_1_13' title='bbox 826 259 930 295; x_wconf 87' lang='grc' dir='ltr'>χωρού-</span> 
     </span>
    </p>
   </div>
   <div class='ocr_carea' id='block_1_4' title="bbox 983 256 1761 295">
    <p class='ocr_par' dir='ltr' id='par_1_4' title="bbox 983 259 1761 295">
     <span class='ocr_line' id='line_1_4' title="bbox 983 259 1761 295; baseline 0.001 -8"><span class='ocrx_word' id='word_1_14' title='bbox 983 267 1072 295; x_wconf 75' lang='lat' dir='ltr'><strong>perae</strong></span> <span class='ocrx_word' id='word_1_15' title='bbox 1087 266 1140 288; x_wconf 91' lang='lat' dir='ltr'><strong>non</strong></span> <span class='ocrx_word' id='word_1_16' title='bbox 1157 259 1308 288; x_wconf 81' lang='lat' dir='ltr'><strong>subsistens</strong></span> <span class='ocrx_word' id='word_1_17' title='bbox 1332 266 1414 288; x_wconf 86' lang='lat' dir='ltr'><strong>unum</strong></span> <span class='ocrx_word' id='word_1_18' title='bbox 1439 264 1518 295; x_wconf 80' lang='lat' dir='ltr'><strong>atque</strong></span> <span class='ocrx_word' id='word_1_19' title='bbox 1531 259 1602 288; x_wconf 87' lang='lat' dir='ltr'><strong>idem</strong></span> <span class='ocrx_word' id='word_1_20' title='bbox 1625 267 1685 288; x_wconf 90' lang='lat' dir='ltr'><strong>cum</strong></span> <span class='ocrx_word' id='word_1_21' title='bbox 1708 260 1761 289; x_wconf 84' lang='lat' dir='ltr'><strong>Dec</strong></span> 
     </span>
    </p>
   </div>
   <div class='ocr_carea' id='block_1_5' title="bbox 144 301 931 342">
    <p class='ocr_par' dir='ltr' id='par_1_5' title="bbox 144 301 931 342">
     <span class='ocr_line' id='line_1_5' title="bbox 144 301 931 342; baseline 0.003 -13"><span class='ocrx_word' id='word_1_22' title='bbox 144 310 206 334; x_wconf 77' lang='grc' dir='ltr'>σας,</span> <span class='ocrx_word' id='word_1_23' title='bbox 216 301 446 339; x_wconf 78' lang='grc' dir='ltr'>ὑπερθησόμενος.</span> <span class='ocrx_word' id='word_1_24' title='bbox 461 305 517 340; x_wconf 82' lang='grc' dir='ltr'>Πρὸ</span> <span class='ocrx_word' id='word_1_25' title='bbox 530 306 558 332; x_wconf 82' lang='grc' dir='ltr'><strong>δὲ</strong></span> <span class='ocrx_word' id='word_1_26' title='bbox 567 306 616 341; x_wconf 83' lang='grc' dir='ltr'>τῆς</span> <span class='ocrx_word' id='word_1_27' title='bbox 631 306 685 333; x_wconf 83' lang='grc' dir='ltr'><strong>τῶν</strong></span> <span class='ocrx_word' id='word_1_28' title='bbox 699 306 850 342; x_wconf 74' lang='grc' dir='ltr'><strong>εἰρημένων</strong></span> <span class='ocrx_word' id='word_1_29' title='bbox 864 306 931 332; x_wconf 80' lang='grc' dir='ltr'>ἀπο-</span> 
     </span>
    </p>
   </div>
   <div class='ocr_carea' id='block_1_6' title="bbox 144 345 930 387">
    <p class='ocr_par' dir='ltr' id='par_1_6' title="bbox 144 345 930 387">
     <span class='ocr_line' id='line_1_6' title="bbox 144 345 930 387; baseline 0.008 -15"><span class='ocrx_word' id='word_1_30' title='bbox 144 345 254 380; x_wconf 69' lang='grc' dir='ltr'>δείξεως</span> <span class='ocrx_word' id='word_1_31' title='bbox 268 345 345 383; x_wconf 79' lang='grc' dir='ltr'>οἶμαι</span> <span class='ocrx_word' id='word_1_32' title='bbox 359 348 414 376; x_wconf 81' lang='grc' dir='ltr'>δεῖν</span> <span class='ocrx_word' id='word_1_33' title='bbox 427 350 456 376; x_wconf 74' lang='grc' dir='ltr'>ἐν</span> <span class='ocrx_word' id='word_1_34' title='bbox 473 349 591 386; x_wconf 84' lang='grc' dir='ltr'>πρώτοις</span> <span class='ocrx_word' id='word_1_35' title='bbox 609 352 782 387; x_wconf 77' lang='grc' dir='ltr'><strong>παραστῆσαι</strong></span> <span class='ocrx_word' id='word_1_36' title='bbox 805 352 861 383; x_wconf 80' lang='grc' dir='ltr'>τοῖς</span> <span class='ocrx_word' id='word_1_37' title='bbox 885 351 930 377; x_wconf 80' lang='grc' dir='ltr'><strong>ὲν-</strong></span> 
     </span>
    </p>
   </div>
   <div class='ocr_carea' id='block_1_7' title="bbox 144 391 929 433">
    <p class='ocr_par' dir='ltr' id='par_1_7' title="bbox 144 391 929 433">
     <span class='ocr_line' id='line_1_7' title="bbox 144 391 929 433; baseline 0.008 -15"><span class='ocrx_word' id='word_1_38' title='bbox 144 391 324 427; x_wconf 79' lang='grc' dir='ltr'>τυγχάνουσιν</span> <span class='ocrx_word' id='word_1_39' title='bbox 338 394 390 426; x_wconf 82' lang='grc' dir='ltr'>ὅτι,</span> <span class='ocrx_word' id='word_1_40' title='bbox 410 395 477 430; x_wconf 78' lang='grc' dir='ltr'>μηδὲ</span> <span class='ocrx_word' id='word_1_41' title='bbox 501 396 550 428; x_wconf 85' lang='grc' dir='ltr'><strong>τὰς</strong></span> <span class='ocrx_word' id='word_1_42' title='bbox 579 397 739 433; x_wconf 78' lang='grc' dir='ltr'><strong>προχείρους</strong></span> <span class='ocrx_word' id='word_1_43' title='bbox 760 397 846 429; x_wconf 80' lang='grc' dir='ltr'><strong>λέξεις</strong></span> <span class='ocrx_word' id='word_1_44' title='bbox 874 397 929 424; x_wconf 84' lang='grc' dir='ltr'><strong>τῶν</strong></span> 
     </span>
    </p>
   </div>
   <div class='ocr_carea' id='block_1_8' title="bbox 145 435 931 479">
    <p class='ocr_par' dir='ltr' id='par_1_8' title="bbox 145 435 931 479">
     <span class='ocr_line' id='line_1_8' title="bbox 145 435 931 479; baseline 0.009 -16"><span class='ocrx_word' id='word_1_45' title='bbox 145 435 225 464; x_wconf 75' lang='grc' dir='ltr'>Θείων</span> <span class='ocrx_word' id='word_1_46' title='bbox 237 437 382 475; x_wconf 77' lang='grc' dir='ltr'>ὲξηκρισου</span> <span class='ocrx_word' id='word_1_47' title='bbox 400 440 630 476; x_wconf 77' lang='grc' dir='ltr'><strong>ἀναγνωσμάτων,</strong></span> <span class='ocrx_word' id='word_1_48' title='bbox 650 442 688 474; x_wconf 83' lang='grc' dir='ltr'>ὡς</span> <span class='ocrx_word' id='word_1_49' title='bbox 695 442 728 469; x_wconf 82' lang='grc' dir='ltr'>ἂν</span> <span class='ocrx_word' id='word_1_50' title='bbox 745 443 853 479; x_wconf 75' lang='grc' dir='ltr'>γνωσθῇ</span> <span class='ocrx_word' id='word_1_51' title='bbox 876 444 931 475; x_wconf 75' lang='grc' dir='ltr'>τοῖς</span> 
     </span>
    </p>
   </div>
   <div class='ocr_carea' id='block_1_9' title="bbox 144 479 932 524">
    <p class='ocr_par' dir='ltr' id='par_1_9' title="bbox 144 479 932 524">
     <span class='ocr_line' id='line_1_9' title="bbox 144 479 932 524; baseline 0.01 -17"><span class='ocrx_word' id='word_1_52' title='bbox 144 479 186 508; x_wconf 67' lang='lat' dir='ltr'><strong>In</strong></span> <span class='ocrx_word' id='word_1_53' title='bbox 201 481 282 509; x_wconf 79' lang='grc' dir='ltr'>αὐτὸν</span> <span class='ocrx_word' id='word_1_54' title='bbox 296 483 448 517; x_wconf 82' lang='grc' dir='ltr'><strong>ἀγνοοῦσιν,</strong></span> <span class='ocrx_word' id='word_1_55' title='bbox 463 485 552 516; x_wconf 78' lang='grc' dir='ltr'>ὁποῖός</span> <span class='ocrx_word' id='word_1_56' title='bbox 568 495 610 518; x_wconf 83' lang='grc' dir='ltr'><strong>τις</strong></span> <span class='ocrx_word' id='word_1_57' title='bbox 620 485 667 520; x_wconf 82' lang='grc' dir='ltr'>ὢν,</span> <span class='ocrx_word' id='word_1_58' title='bbox 679 487 725 514; x_wconf 72' lang='grc' dir='ltr'><strong>ἐπὶ</strong></span> <span class='ocrx_word' id='word_1_59' title='bbox 736 487 848 523; x_wconf 79' lang='grc' dir='ltr'>τὴντῶν</span> <span class='ocrx_word' id='word_1_60' title='bbox 857 488 932 524; x_wconf 78' lang='grc' dir='ltr'>εἰρη-</span> 
     </span>
    </p>
   </div>
   <div class='ocr_carea' id='block_1_10' title="bbox 145 526 499 566">
    <p class='ocr_par' dir='ltr' id='par_1_10' title="bbox 145 526 499 566">
     <span class='ocr_line' id='line_1_10' title="bbox 145 526 499 566; baseline 0.011 -12"><span class='ocrx_word' id='word_1_61' title='bbox 145 526 235 563; x_wconf 73' lang='grc' dir='ltr'>μένων</span> <span class='ocrx_word' id='word_1_62' title='bbox 252 529 375 565; x_wconf 81' lang='grc' dir='ltr'><strong>προήχθη</strong></span> <span class='ocrx_word' id='word_1_63' title='bbox 387 529 499 566; x_wconf 77' lang='grc' dir='ltr'>τόλμαν.</span> 
     </span>
    </p>
   </div>
   <div class='ocr_carea' id='block_1_11' title="bbox 982 305 1761 340">
    <p class='ocr_par' dir='ltr' id='par_1_11' title="bbox 982 305 1761 340">
     <span class='ocr_line' id='line_1_11' title="bbox 982 305 1761 340; baseline 0 -8"><span class='ocrx_word' id='word_1_64' title='bbox 982 305 1133 337; x_wconf 80' lang='lat' dir='ltr'><strong>exsistens;</strong></span> <span class='ocrx_word' id='word_1_65' title='bbox 1149 312 1236 340; x_wconf 85' lang='lat' dir='ltr'><strong>neque</strong></span> <span class='ocrx_word' id='word_1_66' title='bbox 1249 305 1321 333; x_wconf 89' lang='lat' dir='ltr'><strong>enim</strong></span> <span class='ocrx_word' id='word_1_67' title='bbox 1336 305 1388 333; x_wconf 83' lang='lat' dir='ltr'><strong>hoc</strong></span> <span class='ocrx_word' id='word_1_68' title='bbox 1407 309 1487 340; x_wconf 82' lang='lat' dir='ltr'><strong>pacto</strong></span> <span class='ocrx_word' id='word_1_69' title='bbox 1505 305 1638 332; x_wconf 76' lang='lat' dir='ltr'><strong>mediator</strong></span> <span class='ocrx_word' id='word_1_70' title='bbox 1658 305 1761 339; x_wconf 75' lang='lat' dir='ltr'><strong>aliquo-</strong></span> 
     </span>
    </p>
   </div>
   <div class='ocr_carea' id='block_1_12' title="bbox 983 351 1761 385">
    <p class='ocr_par' dir='ltr' id='par_1_12' title="bbox 983 351 1761 385">
     <span class='ocr_line' id='line_1_12' title="bbox 983 351 1761 385; baseline -0.001 -7"><span class='ocrx_word' id='word_1_71' title='bbox 983 358 1042 378; x_wconf 85' lang='lat' dir='ltr'><strong>rum</strong></span> <span class='ocrx_word' id='word_1_72' title='bbox 1056 358 1117 378; x_wconf 80' lang='lat' dir='ltr'><strong>esse</strong></span> <span class='ocrx_word' id='word_1_73' title='bbox 1136 355 1250 385; x_wconf 83' lang='lat' dir='ltr'><strong>poterat.</strong></span> <span class='ocrx_word' id='word_1_74' title='bbox 1267 351 1333 378; x_wconf 86' lang='lat' dir='ltr'><strong>Erat</strong></span> <span class='ocrx_word' id='word_1_75' title='bbox 1351 355 1459 384; x_wconf 85' lang='lat' dir='ltr'><strong>autem,</strong></span> <span class='ocrx_word' id='word_1_76' title='bbox 1473 354 1502 378; x_wconf 91' lang='lat' dir='ltr'><strong>et</strong></span> <span class='ocrx_word' id='word_1_77' title='bbox 1521 351 1596 385; x_wconf 86' lang='lat' dir='ltr'><strong>prius</strong></span> <span class='ocrx_word' id='word_1_78' title='bbox 1609 354 1685 384; x_wconf 92' lang='lat' dir='ltr'><strong>erat,</strong></span> <span class='ocrx_word' id='word_1_79' title='bbox 1701 354 1761 377; x_wconf 83' lang='lat' dir='ltr'><strong>tan-</strong></span> 
     </span>
    </p>
   </div>
   <div class='ocr_carea' id='block_1_13' title="bbox 981 395 1762 431">
    <p class='ocr_par' dir='ltr' id='par_1_13' title="bbox 981 395 1762 431">
     <span class='ocr_line' id='line_1_13' title="bbox 981 395 1762 431; baseline -0.003 -7"><span class='ocrx_word' id='word_1_80' title='bbox 981 404 1062 431; x_wconf 93' lang='lat' dir='ltr'><strong>quam</strong></span> <span class='ocrx_word' id='word_1_81' title='bbox 1077 396 1178 424; x_wconf 86' lang='lat' dir='ltr'><strong>scilicet</strong></span> <span class='ocrx_word' id='word_1_82' title='bbox 1192 395 1278 423; x_wconf 71' lang='lat' dir='ltr'><strong>Filius</strong></span> <span class='ocrx_word' id='word_1_83' title='bbox 1290 396 1449 431; x_wconf 70' lang='lat' dir='ltr'><strong>unigenitus,</strong></span> <span class='ocrx_word' id='word_1_84' title='bbox 1462 396 1555 431; x_wconf 75' lang='lat' dir='ltr'><strong>plenus</strong></span> <span class='ocrx_word' id='word_1_85' title='bbox 1572 396 1660 431; x_wconf 79' lang='lat' dir='ltr'><strong>gratia</strong></span> <span class='ocrx_word' id='word_1_86' title='bbox 1672 400 1697 422; x_wconf 76' lang='lat' dir='ltr'><strong>et</strong></span> <span class='ocrx_word' id='word_1_87' title='bbox 1717 403 1762 422; x_wconf 76' lang='lat' dir='ltr'><strong>ue-</strong></span> 
     </span>
    </p>
   </div>
   <div class='ocr_carea' id='block_1_14' title="bbox 984 441 1763 478">
    <p class='ocr_par' dir='ltr' id='par_1_14' title="bbox 984 441 1763 478">
     <span class='ocr_line' id='line_1_14' title="bbox 984 441 1763 478; baseline -0.001 -9"><span class='ocrx_word' id='word_1_88' title='bbox 984 442 1106 469; x_wconf 77' lang='lat' dir='ltr'><strong>ritate&quot;.</strong></span> <span class='ocrx_word' id='word_1_89' title='bbox 1124 441 1300 470; x_wconf 88' lang='lat' dir='ltr'><strong>lntermedias</strong></span> <span class='ocrx_word' id='word_1_90' title='bbox 1323 446 1412 470; x_wconf 89' lang='lat' dir='ltr'><strong>autem</strong></span> <span class='ocrx_word' id='word_1_91' title='bbox 1438 446 1528 478; x_wconf 89' lang='lat' dir='ltr'><strong>partes</strong></span> <span class='ocrx_word' id='word_1_92' title='bbox 1554 441 1695 477; x_wconf 76' lang='lat' dir='ltr'><strong>supplebat</strong></span> <span class='ocrx_word' id='word_1_93' title='bbox 1713 447 1763 469; x_wconf 90' lang='lat' dir='ltr'><strong>suo</strong></span> 
     </span>
    </p>
   </div>
   <div class='ocr_carea' id='block_1_15' title="bbox 984 486 1762 522">
    <p class='ocr_par' dir='ltr' id='par_1_15' title="bbox 984 486 1762 522">
     <span class='ocr_line' id='line_1_15' title="bbox 984 486 1762 522; baseline 0 -8"><span class='ocrx_word' id='word_1_94' title='bbox 984 486 1069 520; x_wconf 86' lang='lat' dir='ltr'><strong>Patri,</strong></span> <span class='ocrx_word' id='word_1_95' title='bbox 1086 495 1147 515; x_wconf 90' lang='lat' dir='ltr'><strong>cum</strong></span> <span class='ocrx_word' id='word_1_96' title='bbox 1165 487 1315 516; x_wconf 84' lang='lat' dir='ltr'><strong>ministerio</strong></span> <span class='ocrx_word' id='word_1_97' title='bbox 1330 488 1495 522; x_wconf 77' lang='lat' dir='ltr'><strong>angelorum,</strong></span> <span class='ocrx_word' id='word_1_98' title='bbox 1511 488 1597 522; x_wconf 75' lang='lat' dir='ltr'><strong>legem</strong></span> <span class='ocrx_word' id='word_1_99' title='bbox 1611 487 1762 515; x_wconf 81' lang='lat' dir='ltr'><strong>hominibus</strong></span> 
     </span>
    </p>
   </div>
   <div class='ocr_carea' id='block_1_16' title="bbox 983 531 1763 567">
    <p class='ocr_par' dir='ltr' id='par_1_16' title="bbox 983 531 1763 567">
     <span class='ocr_line' id='line_1_16' title="bbox 983 531 1763 567; baseline 0.003 -9"><span class='ocrx_word' id='word_1_100' title='bbox 983 531 1177 567; x_wconf 73' lang='lat' dir='ltr'><strong>promulgaret.</strong></span> <span class='ocrx_word' id='word_1_101' title='bbox 1189 532 1240 565; x_wconf 96' lang='lat' dir='ltr'><strong>Qui</strong></span> <span class='ocrx_word' id='word_1_102' title='bbox 1256 532 1370 560; x_wconf 88' lang='lat' dir='ltr'><strong>docebat</strong></span> <span class='ocrx_word' id='word_1_103' title='bbox 1389 533 1546 567; x_wconf 78' lang='lat' dir='ltr'><strong>ignorantes</strong></span> <span class='ocrx_word' id='word_1_104' title='bbox 1559 537 1586 560; x_wconf 85' lang='lat' dir='ltr'><strong>et</strong></span> <span class='ocrx_word' id='word_1_105' title='bbox 1604 532 1763 564; x_wconf 85' lang='lat' dir='ltr'><strong>ineruditos.</strong></span> 
     </span>
    </p>
   </div>
   <div class='ocr_carea' id='block_1_17' title="bbox 146 574 1762 616">
    <p class='ocr_par' dir='ltr' id='par_1_17' title="bbox 146 574 1762 616">
     <span class='ocr_line' id='line_1_17' title="bbox 146 574 1762 616; baseline 0.004 -15"><span class='ocrx_word' id='word_1_106' title='bbox 146 574 313 611; x_wconf 79' lang='lat' dir='ltr'><strong>tbeologicas</strong></span> <span class='ocrx_word' id='word_1_107' title='bbox 334 577 368 604; x_wconf 89' lang='lat' dir='ltr'><strong>de</strong></span> <span class='ocrx_word' id='word_1_108' title='bbox 391 577 437 606; x_wconf 85' lang='lat' dir='ltr'><strong>Dei</strong></span> <span class='ocrx_word' id='word_1_109' title='bbox 461 578 529 606; x_wconf 81' lang='lat' dir='ltr'><strong>Filio</strong></span> <span class='ocrx_word' id='word_1_110' title='bbox 564 580 690 614; x_wconf 76' lang='lat' dir='ltr'><strong>rationes,</strong></span> <span class='ocrx_word' id='word_1_111' title='bbox 716 581 858 616; x_wconf 73' lang='lat' dir='ltr'><strong>Apostolus</strong></span> <span class='ocrx_word' id='word_1_112' title='bbox 893 580 963 608; x_wconf 85' lang='lat' dir='ltr'><strong>idem</strong></span> <span class='ocrx_word' id='word_1_113' title='bbox 984 580 1152 615; x_wconf 77' lang='lat' dir='ltr'><strong>consignavit</strong></span> <span class='ocrx_word' id='word_1_114' title='bbox 1173 582 1207 608; x_wconf 86' lang='lat' dir='ltr'><strong>ad</strong></span> <span class='ocrx_word' id='word_1_115' title='bbox 1233 581 1312 608; x_wconf 89' lang='lat' dir='ltr'><strong>istum</strong></span> <span class='ocrx_word' id='word_1_116' title='bbox 1336 582 1443 608; x_wconf 92' lang='lat' dir='ltr'><strong>modum</strong></span> <span class='ocrx_word' id='word_1_117' title='bbox 1470 581 1611 616; x_wconf 80' lang='lat' dir='ltr'><strong>inquiens,</strong></span> <span class='ocrx_word' id='word_1_118' title='bbox 1633 581 1762 608; x_wconf 76' lang='lat' dir='ltr'><strong>Mediator</strong></span> 
     </span>
    </p>
   </div>
   <div class='ocr_carea' id='block_1_18' title="bbox 146 624 1761 662">
    <p class='ocr_par' dir='ltr' id='par_1_18' title="bbox 146 624 1761 662">
     <span class='ocr_line' id='line_1_18' title="bbox 146 624 1761 662; baseline 0.004 -16"><span class='ocrx_word' id='word_1_119' title='bbox 146 625 235 647; x_wconf 82' lang='lat' dir='ltr'><strong>autem</strong></span> <span class='ocrx_word' id='word_1_120' title='bbox 254 629 306 649; x_wconf 84' lang='lat' dir='ltr'><strong>non</strong></span> <span class='ocrx_word' id='word_1_121' title='bbox 329 627 367 650; x_wconf 75' lang='lat' dir='ltr'><strong>est</strong></span> <span class='ocrx_word' id='word_1_122' title='bbox 385 624 461 651; x_wconf 75' lang='lat' dir='ltr'><strong>unius</strong></span> <span class='ocrx_word' id='word_1_123' title='bbox 483 625 620 652; x_wconf 72' lang='lat' dir='ltr'><strong>mediator.</strong></span> <span class='ocrx_word' id='word_1_124' title='bbox 635 626 728 661; x_wconf 78' lang='lat' dir='ltr'><strong>Neque</strong></span> <span class='ocrx_word' id='word_1_125' title='bbox 748 632 820 654; x_wconf 87' lang='lat' dir='ltr'><strong>certe</strong></span> <span class='ocrx_word' id='word_1_126' title='bbox 839 631 934 653; x_wconf 84' lang='lat' dir='ltr'><strong>natura</strong></span> <span class='ocrx_word' id='word_1_127' title='bbox 954 625 991 653; x_wconf 85' lang='lat' dir='ltr'><strong>rei</strong></span> <span class='ocrx_word' id='word_1_128' title='bbox 1016 626 1115 660; x_wconf 84' lang='lat' dir='ltr'><strong>patitur</strong></span> <span class='ocrx_word' id='word_1_129' title='bbox 1150 627 1326 654; x_wconf 83' lang='lat' dir='ltr'><strong>mediatorem</strong></span> <span class='ocrx_word' id='word_1_130' title='bbox 1359 627 1392 655; x_wconf 90' lang='lat' dir='ltr'><strong>de</strong></span> <span class='ocrx_word' id='word_1_131' title='bbox 1413 635 1468 654; x_wconf 92' lang='lat' dir='ltr'><strong>uno</strong></span> <span class='ocrx_word' id='word_1_132' title='bbox 1489 634 1623 662; x_wconf 88' lang='lat' dir='ltr'><strong>quoquam</strong></span> <span class='ocrx_word' id='word_1_133' title='bbox 1646 626 1761 655; x_wconf 82' lang='lat' dir='ltr'><strong>deﬁniri.</strong></span> 
     </span>
    </p>
   </div>
   <div class='ocr_carea' id='block_1_19' title="bbox 145 664 1762 708">
    <p class='ocr_par' dir='ltr' id='par_1_19' title="bbox 145 664 1762 708">
     <span class='ocr_line' id='line_1_19' title="bbox 145 664 1762 708; baseline 0.005 -16"><span class='ocrx_word' id='word_1_134' title='bbox 145 664 208 692; x_wconf 87' lang='lat' dir='ltr'><strong>Ideo</strong></span> <span class='ocrx_word' id='word_1_135' title='bbox 234 674 286 694; x_wconf 90' lang='lat' dir='ltr'><strong>non</strong></span> <span class='ocrx_word' id='word_1_136' title='bbox 305 673 346 695; x_wconf 86' lang='lat' dir='ltr'><strong>est</strong></span> <span class='ocrx_word' id='word_1_137' title='bbox 367 668 448 697; x_wconf 88' lang='lat' dir='ltr'><strong>unius</strong></span> <span class='ocrx_word' id='word_1_138' title='bbox 475 669 586 704; x_wconf 74' lang='lat' dir='ltr'><strong>alicujus</strong></span> <span class='ocrx_word' id='word_1_139' title='bbox 607 672 667 704; x_wconf 87' lang='lat' dir='ltr'><strong>iste,</strong></span> <span class='ocrx_word' id='word_1_140' title='bbox 682 672 729 699; x_wconf 88' lang='lat' dir='ltr'><strong>sed</strong></span> <span class='ocrx_word' id='word_1_141' title='bbox 761 672 865 699; x_wconf 88' lang='lat' dir='ltr'><strong>medius</strong></span> <span class='ocrx_word' id='word_1_142' title='bbox 897 673 1051 700; x_wconf 87' lang='lat' dir='ltr'><strong>necessario</strong></span> <span class='ocrx_word' id='word_1_143' title='bbox 1075 672 1145 699; x_wconf 88' lang='lat' dir='ltr'><strong>inter</strong></span> <span class='ocrx_word' id='word_1_144' title='bbox 1159 672 1235 705; x_wconf 88' lang='lat' dir='ltr'><strong>duos,</strong></span> <span class='ocrx_word' id='word_1_145' title='bbox 1249 672 1282 700; x_wconf 90' lang='lat' dir='ltr'><strong>ab</strong></span> <span class='ocrx_word' id='word_1_146' title='bbox 1298 679 1412 708; x_wconf 89' lang='lat' dir='ltr'><strong>utroque</strong></span> <span class='ocrx_word' id='word_1_147' title='bbox 1435 673 1566 705; x_wconf 85' lang='lat' dir='ltr'><strong>diversus,</strong></span> <span class='ocrx_word' id='word_1_148' title='bbox 1580 681 1693 708; x_wconf 90' lang='lat' dir='ltr'><strong>quorum</strong></span> <span class='ocrx_word' id='word_1_149' title='bbox 1707 677 1762 701; x_wconf 60' lang='grc' dir='ltr'>ξιιμ</span> 
     </span>
    </p>
   </div>
   <div class='ocr_carea' id='block_1_20' title="bbox 146 711 1763 754">
    <p class='ocr_par' dir='ltr' id='par_1_20' title="bbox 146 711 1763 754">
     <span class='ocr_line' id='line_1_20' title="bbox 146 711 1763 754; baseline 0.006 -17"><span class='ocrx_word' id='word_1_150' title='bbox 146 711 232 738; x_wconf 91' lang='lat' dir='ltr'><strong>tuitur</strong></span> <span class='ocrx_word' id='word_1_151' title='bbox 246 712 389 740; x_wconf 77' lang='lat' dir='ltr'><strong>mediator.</strong></span> <span class='ocrx_word' id='word_1_152' title='bbox 403 713 461 742; x_wconf 82' lang='lat' dir='ltr'><strong>Non</strong></span> <span class='ocrx_word' id='word_1_153' title='bbox 474 720 516 742; x_wconf 90' lang='lat' dir='ltr'><strong>est</strong></span> <span class='ocrx_word' id='word_1_154' title='bbox 529 723 592 751; x_wconf 79' lang='lat' dir='ltr'><strong>ergo</strong></span> <span class='ocrx_word' id='word_1_155' title='bbox 606 717 814 744; x_wconf 83' lang='lat' dir='ltr'><strong>existimandum</strong></span> <span class='ocrx_word' id='word_1_156' title='bbox 830 737 838 749; x_wconf 92' lang='lat'><strong>,</strong></span> <span class='ocrx_word' id='word_1_157' title='bbox 854 717 926 744; x_wconf 91' lang='lat' dir='ltr'><strong>hunc</strong></span> <span class='ocrx_word' id='word_1_158' title='bbox 943 725 1002 745; x_wconf 90' lang='lat' dir='ltr'><strong>esse</strong></span> <span class='ocrx_word' id='word_1_159' title='bbox 1017 717 1099 744; x_wconf 89' lang='lat' dir='ltr'><strong>Deum</strong></span> <span class='ocrx_word' id='word_1_160' title='bbox 1124 717 1198 744; x_wconf 91' lang='lat' dir='ltr'><strong>illum</strong></span> <span class='ocrx_word' id='word_1_161' title='bbox 1209 738 1216 750; x_wconf 91' lang='lat'><strong>,</strong></span> <span class='ocrx_word' id='word_1_162' title='bbox 1249 718 1294 753; x_wconf 88' lang='lat' dir='ltr'><strong>qui</strong></span> <span class='ocrx_word' id='word_1_163' title='bbox 1328 723 1371 746; x_wconf 89' lang='lat' dir='ltr'><strong>est</strong></span> <span class='ocrx_word' id='word_1_164' title='bbox 1394 726 1473 754; x_wconf 81' lang='lat' dir='ltr'><strong>supra</strong></span> <span class='ocrx_word' id='word_1_165' title='bbox 1496 720 1585 746; x_wconf 91' lang='lat' dir='ltr'><strong>omnia</strong></span> <span class='ocrx_word' id='word_1_166' title='bbox 1602 719 1673 747; x_wconf 85' lang='lat' dir='ltr'><strong>Deus</strong></span> <span class='ocrx_word' id='word_1_167' title='bbox 1691 727 1698 746; x_wconf 90' lang='lat'><strong>:</strong></span> <span class='ocrx_word' id='word_1_168' title='bbox 1716 727 1763 746; x_wconf 88' lang='lat' dir='ltr'><strong>ne-</strong></span> 
     </span>
    </p>
   </div>
   <div class='ocr_carea' id='block_1_21' title="bbox 146 757 1763 800">
    <p class='ocr_par' dir='ltr' id='par_1_21' title="bbox 146 757 1763 800">
     <span class='ocr_line' id='line_1_21' title="bbox 146 757 1763 800; baseline 0.005 -16"><span class='ocrx_word' id='word_1_169' title='bbox 146 757 209 785; x_wconf 89' lang='lat' dir='ltr'><strong>dum</strong></span> <span class='ocrx_word' id='word_1_170' title='bbox 227 758 262 785; x_wconf 92' lang='lat' dir='ltr'><strong>de</strong></span> <span class='ocrx_word' id='word_1_171' title='bbox 285 767 398 787; x_wconf 88' lang='lat' dir='ltr'><strong>numero</strong></span> <span class='ocrx_word' id='word_1_172' title='bbox 417 761 570 796; x_wconf 71' lang='lat' dir='ltr'><strong>angelorum</strong></span> <span class='ocrx_word' id='word_1_173' title='bbox 592 762 728 798; x_wconf 85' lang='lat' dir='ltr'><strong>aliquem:</strong></span> <span class='ocrx_word' id='word_1_174' title='bbox 744 764 790 790; x_wconf 90' lang='lat' dir='ltr'><strong>sed</strong></span> <span class='ocrx_word' id='word_1_175' title='bbox 813 763 927 790; x_wconf 90' lang='lat' dir='ltr'><strong>medium</strong></span> <span class='ocrx_word' id='word_1_176' title='bbox 948 768 1123 798; x_wconf 84' lang='lat' dir='ltr'><strong>utrorumque</strong></span> <span class='ocrx_word' id='word_1_177' title='bbox 1142 768 1169 791; x_wconf 91' lang='lat' dir='ltr'><strong>et</strong></span> <span class='ocrx_word' id='word_1_178' title='bbox 1201 765 1393 797; x_wconf 86' lang='lat' dir='ltr'><strong>mediatorem,</strong></span> <span class='ocrx_word' id='word_1_179' title='bbox 1416 765 1513 800; x_wconf 84' lang='lat' dir='ltr'><strong>quippe</strong></span> <span class='ocrx_word' id='word_1_180' title='bbox 1535 773 1595 792; x_wconf 91' lang='lat' dir='ltr'><strong>cum</strong></span> <span class='ocrx_word' id='word_1_181' title='bbox 1622 765 1692 793; x_wconf 88' lang='lat' dir='ltr'><strong>inter</strong></span> <span class='ocrx_word' id='word_1_182' title='bbox 1714 764 1763 792; x_wconf 80' lang='lat' dir='ltr'><strong>Pa-</strong></span> 
     </span>
    </p>
   </div>
   <div class='ocr_carea' id='block_1_22' title="bbox 146 807 1763 846">
    <p class='ocr_par' dir='ltr' id='par_1_22' title="bbox 146 807 1763 846">
     <span class='ocr_line' id='line_1_22' title="bbox 146 807 1763 846; baseline 0.005 -15"><span class='ocrx_word' id='word_1_183' title='bbox 146 807 216 832; x_wconf 92' lang='lat' dir='ltr'><strong>trem</strong></span> <span class='ocrx_word' id='word_1_184' title='bbox 231 812 308 832; x_wconf 85' lang='lat' dir='ltr'><strong>suum</strong></span> <span class='ocrx_word' id='word_1_185' title='bbox 321 811 349 833; x_wconf 86' lang='lat' dir='ltr'><strong>et</strong></span> <span class='ocrx_word' id='word_1_186' title='bbox 363 807 470 841; x_wconf 76' lang='lat' dir='ltr'><strong>angelos</strong></span> <span class='ocrx_word' id='word_1_187' title='bbox 493 809 641 836; x_wconf 77' lang='lat' dir='ltr'><strong>intercedat</strong></span> <span class='ocrx_word' id='word_1_188' title='bbox 661 809 773 836; x_wconf 82' lang='lat' dir='ltr'><strong>medius.</strong></span> <span class='ocrx_word' id='word_1_189' title='bbox 792 809 833 836; x_wconf 82' lang='lat' dir='ltr'><strong>Ad</strong></span> <span class='ocrx_word' id='word_1_190' title='bbox 849 811 970 837; x_wconf 90' lang='lat' dir='ltr'><strong>eumdem</strong></span> <span class='ocrx_word' id='word_1_191' title='bbox 992 811 1096 837; x_wconf 90' lang='lat' dir='ltr'><strong>modum</strong></span> <span class='ocrx_word' id='word_1_192' title='bbox 1112 811 1219 843; x_wconf 84' lang='lat' dir='ltr'><strong>iterum,</strong></span> <span class='ocrx_word' id='word_1_193' title='bbox 1244 811 1289 839; x_wconf 91' lang='lat' dir='ltr'><strong>ubi</strong></span> <span class='ocrx_word' id='word_1_194' title='bbox 1305 811 1350 839; x_wconf 87' lang='lat' dir='ltr'><strong>Dei</strong></span> <span class='ocrx_word' id='word_1_195' title='bbox 1371 816 1452 846; x_wconf 90' lang='lat' dir='ltr'><strong>atque</strong></span> <span class='ocrx_word' id='word_1_196' title='bbox 1478 812 1616 839; x_wconf 83' lang='lat' dir='ltr'><strong>hominum</strong></span> <span class='ocrx_word' id='word_1_197' title='bbox 1632 811 1763 840; x_wconf 81' lang='lat' dir='ltr'><strong>mediator</strong></span> 
     </span>
    </p>
   </div>
   <div class='ocr_carea' id='block_1_23' title="bbox 146 850 1763 890">
    <p class='ocr_par' dir='ltr' id='par_1_23' title="bbox 146 850 1763 890">
     <span class='ocr_line' id='line_1_23' title="bbox 146 850 1763 890; baseline 0.006 -14"><span class='ocrx_word' id='word_1_198' title='bbox 146 850 178 877; x_wconf 88' lang='lat' dir='ltr'><strong>iit</strong></span> <span class='ocrx_word' id='word_1_199' title='bbox 202 851 273 877; x_wconf 89' lang='lat' dir='ltr'><strong>inter</strong></span> <span class='ocrx_word' id='word_1_200' title='bbox 297 852 418 879; x_wconf 89' lang='lat' dir='ltr'><strong>ordinem</strong></span> <span class='ocrx_word' id='word_1_201' title='bbox 444 856 589 888; x_wconf 85' lang='lat' dir='ltr'><strong>utrumque</strong></span> <span class='ocrx_word' id='word_1_202' title='bbox 619 854 806 887; x_wconf 83' lang='lat' dir='ltr'><strong>intermedins,</strong></span> <span class='ocrx_word' id='word_1_203' title='bbox 821 855 918 882; x_wconf 88' lang='lat' dir='ltr'><strong>nullius</strong></span> <span class='ocrx_word' id='word_1_204' title='bbox 947 856 1041 884; x_wconf 93' lang='lat' dir='ltr'><strong>borum</strong></span> <span class='ocrx_word' id='word_1_205' title='bbox 1061 862 1112 890; x_wconf 82' lang='lat' dir='ltr'><strong>est,</strong></span> <span class='ocrx_word' id='word_1_206' title='bbox 1127 857 1260 885; x_wconf 82' lang='lat' dir='ltr'><strong>exsistens</strong></span> <span class='ocrx_word' id='word_1_207' title='bbox 1278 858 1417 886; x_wconf 82' lang='lat' dir='ltr'><strong>mediator.</strong></span> <span class='ocrx_word' id='word_1_208' title='bbox 1435 857 1492 885; x_wconf 87' lang='lat' dir='ltr'><strong>Non</strong></span> <span class='ocrx_word' id='word_1_209' title='bbox 1512 863 1554 886; x_wconf 88' lang='lat' dir='ltr'><strong>est</strong></span> <span class='ocrx_word' id='word_1_210' title='bbox 1585 858 1629 886; x_wconf 89' lang='lat' dir='ltr'><strong>ille</strong></span> <span class='ocrx_word' id='word_1_211' title='bbox 1648 866 1718 886; x_wconf 93' lang='lat' dir='ltr'><strong>unus</strong></span> <span class='ocrx_word' id='word_1_212' title='bbox 1737 864 1763 886; x_wconf 91' lang='lat' dir='ltr'><strong>et</strong></span> 
     </span>
    </p>
   </div>
   <div class='ocr_carea' id='block_1_24' title="bbox 146 896 1763 938">
    <p class='ocr_par' dir='ltr' id='par_1_24' title="bbox 146 896 1763 938">
     <span class='ocr_line' id='line_1_24' title="bbox 146 896 1763 938; baseline 0.006 -16"><span class='ocrx_word' id='word_1_213' title='bbox 146 896 222 923; x_wconf 71' lang='lat' dir='ltr'><strong>solus</strong></span> <span class='ocrx_word' id='word_1_214' title='bbox 248 897 318 924; x_wconf 84' lang='lat' dir='ltr'><strong>Deus</strong></span> <span class='ocrx_word' id='word_1_215' title='bbox 342 906 350 925; x_wconf 88' lang='lat'><strong>:</strong></span> <span class='ocrx_word' id='word_1_216' title='bbox 375 906 429 926; x_wconf 90' lang='lat' dir='ltr'><strong>non</strong></span> <span class='ocrx_word' id='word_1_217' title='bbox 446 899 543 932; x_wconf 81' lang='lat' dir='ltr'><strong>homo,</strong></span> <span class='ocrx_word' id='word_1_218' title='bbox 567 908 619 934; x_wconf 90' lang='lat' dir='ltr'><strong>quo</strong></span> <span class='ocrx_word' id='word_1_219' title='bbox 646 901 726 928; x_wconf 92' lang='lat' dir='ltr'><strong>modo</strong></span> <span class='ocrx_word' id='word_1_220' title='bbox 748 901 838 928; x_wconf 64' lang='lat' dir='ltr'><strong>caeteri</strong></span> <span class='ocrx_word' id='word_1_221' title='bbox 860 901 982 929; x_wconf 87' lang='lat' dir='ltr'><strong>homines</strong></span> <span class='ocrx_word' id='word_1_222' title='bbox 1009 906 1082 929; x_wconf 84' lang='lat' dir='ltr'><strong>sunt.</strong></span> <span class='ocrx_word' id='word_1_223' title='bbox 1103 903 1172 936; x_wconf 84' lang='lat' dir='ltr'><strong>Quid</strong></span> <span class='ocrx_word' id='word_1_224' title='bbox 1198 904 1323 936; x_wconf 88' lang='lat' dir='ltr'><strong>tandem,</strong></span> <span class='ocrx_word' id='word_1_225' title='bbox 1351 904 1374 932; x_wconf 94' lang='lat' dir='ltr'><strong>si</strong></span> <span class='ocrx_word' id='word_1_226' title='bbox 1405 904 1471 931; x_wconf 93' lang='lat' dir='ltr'><strong>nihil</strong></span> <span class='ocrx_word' id='word_1_227' title='bbox 1500 905 1614 938; x_wconf 90' lang='lat' dir='ltr'><strong>horum,</strong></span> <span class='ocrx_word' id='word_1_228' title='bbox 1641 904 1763 932; x_wconf 71' lang='lat' dir='ltr'><strong>exsistit?</strong></span> 
     </span>
    </p>
   </div>
   <div class='ocr_carea' id='block_1_25' title="bbox 148 942 1763 982">
    <p class='ocr_par' dir='ltr' id='par_1_25' title="bbox 148 942 1763 982">
     <span class='ocr_line' id='line_1_25' title="bbox 148 942 1763 982; baseline 0.005 -12"><span class='ocrx_word' id='word_1_229' title='bbox 148 942 227 970; x_wconf 85' lang='lat' dir='ltr'><strong>Certe</strong></span> <span class='ocrx_word' id='word_1_230' title='bbox 255 943 301 970; x_wconf 88' lang='lat' dir='ltr'><strong>Dei</strong></span> <span class='ocrx_word' id='word_1_231' title='bbox 331 943 414 971; x_wconf 87' lang='lat' dir='ltr'><strong>l-‘ilius</strong></span> <span class='ocrx_word' id='word_1_232' title='bbox 436 945 600 979; x_wconf 79' lang='lat' dir='ltr'><strong>unigenitus,</strong></span> <span class='ocrx_word' id='word_1_233' title='bbox 617 945 672 980; x_wconf 87' lang='lat' dir='ltr'><strong>jam</strong></span> <span class='ocrx_word' id='word_1_234' title='bbox 699 948 860 977; x_wconf 84' lang='lat' dir='ltr'><strong>constitutus</strong></span> <span class='ocrx_word' id='word_1_235' title='bbox 891 948 937 975; x_wconf 83' lang='lat' dir='ltr'><strong>Dei</strong></span> <span class='ocrx_word' id='word_1_236' title='bbox 962 952 986 975; x_wconf 87' lang='lat' dir='ltr'><strong>et</strong></span> <span class='ocrx_word' id='word_1_237' title='bbox 1016 949 1153 976; x_wconf 89' lang='lat' dir='ltr'><strong>hominum</strong></span> <span class='ocrx_word' id='word_1_238' title='bbox 1182 949 1315 977; x_wconf 80' lang='lat' dir='ltr'><strong>mediator</strong></span> <span class='ocrx_word' id='word_1_239' title='bbox 1339 960 1346 978; x_wconf 86' lang='lat'><strong>:</strong></span> <span class='ocrx_word' id='word_1_240' title='bbox 1376 950 1439 977; x_wconf 94' lang='lat' dir='ltr'><strong>olim</strong></span> <span class='ocrx_word' id='word_1_241' title='bbox 1459 957 1524 978; x_wconf 75' lang='lat' dir='ltr'><strong>vero</strong></span> <span class='ocrx_word' id='word_1_242' title='bbox 1555 953 1584 982; x_wconf 58' lang='lat' dir='ltr'><strong>vis</strong></span> <span class='ocrx_word' id='word_1_243' title='bbox 1614 950 1664 978; x_wconf 90' lang='lat' dir='ltr'><strong>sub</strong></span> <span class='ocrx_word' id='word_1_244' title='bbox 1695 956 1763 978; x_wconf 92' lang='lat' dir='ltr'><strong>tem-</strong></span> 
     </span>
    </p>
   </div>
   <div class='ocr_carea' id='block_1_26' title="bbox 147 989 1764 1031">
    <p class='ocr_par' dir='ltr' id='par_1_26' title="bbox 147 989 1764 1031">
     <span class='ocr_line' id='line_1_26' title="bbox 147 989 1764 1031; baseline 0.006 -15"><span class='ocrx_word' id='word_1_245' title='bbox 147 989 258 1026; x_wconf 84' lang='lat' dir='ltr'><strong>poribus</strong></span> <span class='ocrx_word' id='word_1_246' title='bbox 280 990 414 1024; x_wconf 78' lang='lat' dir='ltr'><strong>Iiosaicis,</strong></span> <span class='ocrx_word' id='word_1_247' title='bbox 439 991 484 1018; x_wconf 86' lang='lat' dir='ltr'><strong>Dei</strong></span> <span class='ocrx_word' id='word_1_248' title='bbox 506 993 638 1020; x_wconf 73' lang='lat' dir='ltr'><strong>mediator</strong></span> <span class='ocrx_word' id='word_1_249' title='bbox 659 1000 686 1020; x_wconf 89' lang='lat' dir='ltr'><strong>et</strong></span> <span class='ocrx_word' id='word_1_250' title='bbox 707 996 874 1028; x_wconf 74' lang='lat' dir='ltr'><strong>angelorum.</strong></span> <span class='ocrx_word' id='word_1_251' title='bbox 911 995 974 1023; x_wconf 78' lang='lat' dir='ltr'><strong>[hec</strong></span> <span class='ocrx_word' id='word_1_252' title='bbox 1002 1000 1066 1022; x_wconf 87' lang='lat' dir='ltr'><strong>sunt</strong></span> <span class='ocrx_word' id='word_1_253' title='bbox 1096 995 1140 1022; x_wconf 89' lang='lat' dir='ltr'><strong>illa</strong></span> <span class='ocrx_word' id='word_1_254' title='bbox 1160 1003 1220 1031; x_wconf 61' lang='lat' dir='ltr'><strong>quae</strong></span> <span class='ocrx_word' id='word_1_255' title='bbox 1242 1004 1355 1031; x_wconf 79' lang='lat' dir='ltr'><strong>magnus</strong></span> <span class='ocrx_word' id='word_1_256' title='bbox 1383 996 1525 1031; x_wconf 79' lang='lat' dir='ltr'><strong>Apostolus</strong></span> <span class='ocrx_word' id='word_1_257' title='bbox 1544 996 1588 1023; x_wconf 90' lang='lat' dir='ltr'><strong>ille</strong></span> <span class='ocrx_word' id='word_1_258' title='bbox 1607 997 1639 1023; x_wconf 91' lang='lat' dir='ltr'><strong>ad</strong></span> <span class='ocrx_word' id='word_1_259' title='bbox 1656 995 1764 1025; x_wconf 83' lang='lat' dir='ltr'><strong>Galatas</strong></span> 
     </span>
    </p>
   </div>
   <div class='ocr_carea' id='block_1_27' title="bbox 148 1035 1763 1076">
    <p class='ocr_par' dir='ltr' id='par_1_27' title="bbox 148 1035 1763 1076">
     <span class='ocr_line' id='line_1_27' title="bbox 148 1035 1763 1076; baseline 0.003 -14"><span class='ocrx_word' id='word_1_260' title='bbox 148 1035 288 1069; x_wconf 70' lang='lat' dir='ltr'><strong>scriptura:</strong></span> <span class='ocrx_word' id='word_1_261' title='bbox 316 1036 434 1069; x_wconf 87' lang='lat' dir='ltr'><strong>tradidit,</strong></span> <span class='ocrx_word' id='word_1_262' title='bbox 464 1036 518 1064; x_wconf 75' lang='lat' dir='ltr'><strong>Lex</strong></span> <span class='ocrx_word' id='word_1_263' title='bbox 544 1046 589 1071; x_wconf 78' lang='lat' dir='ltr'><strong>per</strong></span> <span class='ocrx_word' id='word_1_264' title='bbox 613 1039 718 1072; x_wconf 77' lang='lat' dir='ltr'><strong>angelos</strong></span> <span class='ocrx_word' id='word_1_265' title='bbox 749 1040 881 1073; x_wconf 81' lang='lat' dir='ltr'><strong>ordinata,</strong></span> <span class='ocrx_word' id='word_1_266' title='bbox 916 1042 941 1067; x_wconf 86' lang='lat' dir='ltr'><strong>in</strong></span> <span class='ocrx_word' id='word_1_267' title='bbox 974 1048 1054 1067; x_wconf 84' lang='lat' dir='ltr'><strong>manu</strong></span> <span class='ocrx_word' id='word_1_268' title='bbox 1090 1041 1254 1073; x_wconf 73' lang='lat' dir='ltr'><strong>mediatoris,</strong></span> <span class='ocrx_word' id='word_1_269' title='bbox 1287 1042 1411 1076; x_wconf 87' lang='lat' dir='ltr'><strong>inquiens</strong></span> <span class='ocrx_word' id='word_1_270' title='bbox 1440 1041 1601 1069; x_wconf 80' lang='lat' dir='ltr'><strong>:Medialor</strong></span> <span class='ocrx_word' id='word_1_271' title='bbox 1620 1042 1697 1068; x_wconf 79' lang='lat' dir='ltr'><strong>unius</strong></span> <span class='ocrx_word' id='word_1_272' title='bbox 1715 1041 1763 1068; x_wconf 73' lang='lat' dir='ltr'><strong>ali~</strong></span> 
     </span>
    </p>
   </div>
   <div class='ocr_carea' id='block_1_28' title="bbox 148 1080 1763 1124">
    <p class='ocr_par' dir='ltr' id='par_1_28' title="bbox 148 1080 1763 1124">
     <span class='ocr_line' id='line_1_28' title="bbox 148 1080 1763 1124; baseline 0.004 -17"><span class='ocrx_word' id='word_1_273' title='bbox 148 1080 224 1115; x_wconf 67' lang='lat' dir='ltr'><strong>cujus</strong></span> <span class='ocrx_word' id='word_1_274' title='bbox 244 1089 297 1108; x_wconf 80' lang='lat' dir='ltr'><strong>non</strong></span> <span class='ocrx_word' id='word_1_275' title='bbox 311 1086 349 1110; x_wconf 76' lang='lat' dir='ltr'><strong>eu</strong></span> <span class='ocrx_word' id='word_1_276' title='bbox 364 1089 378 1113; x_wconf 91' lang='lat'><strong>_:</strong></span> <span class='ocrx_word' id='word_1_277' title='bbox 394 1082 462 1110; x_wconf 80' lang='lat' dir='ltr'><strong>Deus</strong></span> <span class='ocrx_word' id='word_1_278' title='bbox 490 1089 577 1111; x_wconf 79' lang='lat' dir='ltr'><strong>autem</strong></span> <span class='ocrx_word' id='word_1_279' title='bbox 601 1092 668 1111; x_wconf 77' lang='lat' dir='ltr'><strong>unus</strong></span> <span class='ocrx_word' id='word_1_280' title='bbox 691 1091 740 1113; x_wconf 79' lang='lat' dir='ltr'><strong>est.</strong></span> <span class='ocrx_word' id='word_1_281' title='bbox 756 1086 830 1113; x_wconf 88' lang='lat' dir='ltr'><strong>Unus</strong></span> <span class='ocrx_word' id='word_1_282' title='bbox 848 1087 937 1120; x_wconf 83' lang='lat' dir='ltr'><strong>itaque</strong></span> <span class='ocrx_word' id='word_1_283' title='bbox 957 1086 1027 1113; x_wconf 84' lang='lat' dir='ltr'><strong>Deus</strong></span> <span class='ocrx_word' id='word_1_284' title='bbox 1041 1090 1131 1119; x_wconf 88' lang='lat' dir='ltr'><strong>est,et</strong></span> <span class='ocrx_word' id='word_1_285' title='bbox 1151 1095 1221 1115; x_wconf 88' lang='lat' dir='ltr'><strong>unus</strong></span> <span class='ocrx_word' id='word_1_286' title='bbox 1245 1089 1379 1115; x_wconf 88' lang='lat' dir='ltr'><strong>mediator</strong></span> <span class='ocrx_word' id='word_1_287' title='bbox 1396 1089 1442 1116; x_wconf 89' lang='lat' dir='ltr'><strong>Dei</strong></span> <span class='ocrx_word' id='word_1_288' title='bbox 1476 1093 1557 1124; x_wconf 85' lang='lat' dir='ltr'><strong>atque</strong></span> <span class='ocrx_word' id='word_1_289' title='bbox 1571 1089 1722 1119; x_wconf 85' lang='lat' dir='ltr'><strong>hominum,</strong></span> <span class='ocrx_word' id='word_1_290' title='bbox 1738 1092 1763 1114; x_wconf 84' lang='lat' dir='ltr'><strong>et</strong></span> 
     </span>
    </p>
   </div>
   <div class='ocr_carea' id='block_1_29' title="bbox 148 1127 1763 1168">
    <p class='ocr_par' dir='ltr' id='par_1_29' title="bbox 148 1127 1763 1168">
     <span class='ocr_line' id='line_1_29' title="bbox 148 1127 1763 1168; baseline 0.007 -14"><span class='ocrx_word' id='word_1_291' title='bbox 148 1127 268 1155; x_wconf 90' lang='lat' dir='ltr'><strong>omnium</strong></span> <span class='ocrx_word' id='word_1_292' title='bbox 293 1128 405 1164; x_wconf 87' lang='lat' dir='ltr'><strong>insuper</strong></span> <span class='ocrx_word' id='word_1_293' title='bbox 426 1137 638 1165; x_wconf 76' lang='lat' dir='ltr'><strong>generatorum:</strong></span> <span class='ocrx_word' id='word_1_294' title='bbox 659 1133 703 1168; x_wconf 89' lang='lat' dir='ltr'><strong>qui</strong></span> <span class='ocrx_word' id='word_1_295' title='bbox 722 1141 774 1159; x_wconf 88' lang='lat' dir='ltr'><strong>non</strong></span> <span class='ocrx_word' id='word_1_296' title='bbox 795 1141 868 1161; x_wconf 91' lang='lat' dir='ltr'><strong>nunc</strong></span> <span class='ocrx_word' id='word_1_297' title='bbox 880 1134 994 1168; x_wconf 89' lang='lat' dir='ltr'><strong>primum</strong></span> <span class='ocrx_word' id='word_1_298' title='bbox 1026 1135 1219 1162; x_wconf 75' lang='lat' dir='ltr'><strong>exordiebatur</strong></span> <span class='ocrx_word' id='word_1_299' title='bbox 1245 1134 1436 1163; x_wconf 89' lang='lat' dir='ltr'><strong>mediationem</strong></span> <span class='ocrx_word' id='word_1_300' title='bbox 1455 1142 1531 1162; x_wconf 82' lang='lat' dir='ltr'><strong>suam</strong></span> <span class='ocrx_word' id='word_1_301' title='bbox 1563 1135 1596 1162; x_wconf 90' lang='lat' dir='ltr'><strong>ad</strong></span> <span class='ocrx_word' id='word_1_302' title='bbox 1636 1134 1763 1166; x_wconf 76' lang='lat' dir='ltr'><strong>salutem.</strong></span> 
     </span>
    </p>
   </div>
   <div class='ocr_carea' id='block_1_30' title="bbox 149 1172 1763 1216">
    <p class='ocr_par' dir='ltr' id='par_1_30' title="bbox 149 1172 1763 1216">
     <span class='ocr_line' id='line_1_30' title="bbox 149 1172 1763 1216; baseline 0.005 -17"><span class='ocrx_word' id='word_1_303' title='bbox 149 1172 196 1199; x_wconf 86' lang='lat' dir='ltr'><strong>sed</strong></span> <span class='ocrx_word' id='word_1_304' title='bbox 210 1172 275 1200; x_wconf 90' lang='lat' dir='ltr'><strong>olim</strong></span> <span class='ocrx_word' id='word_1_305' title='bbox 290 1175 416 1201; x_wconf 75' lang='lat' dir='ltr'><strong>exstabat</strong></span> <span class='ocrx_word' id='word_1_306' title='bbox 429 1175 572 1208; x_wconf 81' lang='lat' dir='ltr'><strong>mediator,</strong></span> <span class='ocrx_word' id='word_1_307' title='bbox 589 1185 648 1204; x_wconf 85' lang='lat' dir='ltr'><strong>cum</strong></span> <span class='ocrx_word' id='word_1_308' title='bbox 669 1178 786 1205; x_wconf 87' lang='lat' dir='ltr'><strong>nondum</strong></span> <span class='ocrx_word' id='word_1_309' title='bbox 803 1179 872 1206; x_wconf 90' lang='lat' dir='ltr'><strong>inter</strong></span> <span class='ocrx_word' id='word_1_310' title='bbox 888 1179 1011 1207; x_wconf 87' lang='lat' dir='ltr'><strong>homines</strong></span> <span class='ocrx_word' id='word_1_311' title='bbox 1025 1185 1106 1208; x_wconf 89' lang='lat' dir='ltr'><strong>natus</strong></span> <span class='ocrx_word' id='word_1_312' title='bbox 1119 1185 1293 1209; x_wconf 83' lang='lat' dir='ltr'><strong>versaretur:</strong></span> <span class='ocrx_word' id='word_1_313' title='bbox 1306 1182 1377 1216; x_wconf 90' lang='lat' dir='ltr'><strong>quod</strong></span> <span class='ocrx_word' id='word_1_314' title='bbox 1395 1181 1451 1215; x_wconf 84' lang='lat' dir='ltr'><strong>jam</strong></span> <span class='ocrx_word' id='word_1_315' title='bbox 1483 1181 1570 1216; x_wconf 85' lang='lat' dir='ltr'><strong>prius,</strong></span> <span class='ocrx_word' id='word_1_316' title='bbox 1602 1181 1628 1208; x_wconf 92' lang='lat' dir='ltr'><strong>in</strong></span> <span class='ocrx_word' id='word_1_317' title='bbox 1661 1188 1763 1207; x_wconf 87' lang='lat' dir='ltr'><strong>sermo-</strong></span> 
     </span>
    </p>
   </div>
   <div class='ocr_carea' id='block_1_31' title="bbox 149 1218 1762 1262">
    <p class='ocr_par' dir='ltr' id='par_1_31' title="bbox 149 1218 1762 1262">
     <span class='ocr_line' id='line_1_31' title="bbox 149 1218 1762 1262; baseline 0.006 -18"><span class='ocrx_word' id='word_1_318' title='bbox 149 1224 184 1244; x_wconf 88' lang='lat' dir='ltr'><strong>ne</strong></span> <span class='ocrx_word' id='word_1_319' title='bbox 198 1218 412 1247; x_wconf 82' lang='lat' dir='ltr'><strong>demonstratum</strong></span> <span class='ocrx_word' id='word_1_320' title='bbox 436 1227 487 1249; x_wconf 87' lang='lat' dir='ltr'><strong>est.</strong></span> <span class='ocrx_word' id='word_1_321' title='bbox 510 1222 572 1250; x_wconf 73' lang='lat' dir='ltr'><strong>Haec</strong></span> <span class='ocrx_word' id='word_1_322' title='bbox 588 1228 651 1250; x_wconf 90' lang='lat' dir='ltr'><strong>sunt</strong></span> <span class='ocrx_word' id='word_1_323' title='bbox 672 1223 717 1251; x_wconf 88' lang='lat' dir='ltr'><strong>illa</strong></span> <span class='ocrx_word' id='word_1_324' title='bbox 742 1232 801 1259; x_wconf 75' lang='lat' dir='ltr'><strong>quia:</strong></span> <span class='ocrx_word' id='word_1_325' title='bbox 819 1225 937 1253; x_wconf 83' lang='lat' dir='ltr'><strong>breviter</strong></span> <span class='ocrx_word' id='word_1_326' title='bbox 956 1232 982 1254; x_wconf 92' lang='lat' dir='ltr'><strong>et</strong></span> <span class='ocrx_word' id='word_1_327' title='bbox 996 1235 1045 1262; x_wconf 90' lang='lat' dir='ltr'><strong>per</strong></span> <span class='ocrx_word' id='word_1_328' title='bbox 1058 1227 1245 1262; x_wconf 85' lang='lat' dir='ltr'><strong>compendium</strong></span> <span class='ocrx_word' id='word_1_329' title='bbox 1260 1227 1364 1255; x_wconf 77' lang='lat' dir='ltr'><strong>Galatis</strong></span> <span class='ocrx_word' id='word_1_330' title='bbox 1383 1228 1559 1262; x_wconf 86' lang='lat' dir='ltr'><strong>proponimus</strong></span> <span class='ocrx_word' id='word_1_331' title='bbox 1589 1227 1762 1255; x_wconf 85' lang='lat' dir='ltr'><strong>consideran-</strong></span> 
     </span>
    </p>
   </div>
   <div class='ocr_carea' id='block_1_32' title="bbox 150 1263 1763 1309">
    <p class='ocr_par' dir='ltr' id='par_1_32' title="bbox 150 1263 1763 1309">
     <span class='ocr_line' id='line_1_32' title="bbox 150 1263 1763 1309; baseline 0.006 -20"><span class='ocrx_word' id='word_1_332' title='bbox 150 1263 193 1296; x_wconf 84' lang='lat' dir='ltr'><strong>da,</strong></span> <span class='ocrx_word' id='word_1_333' title='bbox 215 1271 249 1291; x_wconf 81' lang='lat' dir='ltr'><strong>ex</strong></span> <span class='ocrx_word' id='word_1_334' title='bbox 262 1265 306 1292; x_wconf 84' lang='lat' dir='ltr'><strong>illa</strong></span> <span class='ocrx_word' id='word_1_335' title='bbox 322 1266 380 1299; x_wconf 85' lang='lat' dir='ltr'><strong>ipsa</strong></span> <span class='ocrx_word' id='word_1_336' title='bbox 397 1268 429 1294; x_wconf 87' lang='lat' dir='ltr'><strong>ad</strong></span> <span class='ocrx_word' id='word_1_337' title='bbox 442 1267 552 1296; x_wconf 68' lang='lat' dir='ltr'><strong>Galatas</strong></span> <span class='ocrx_word' id='word_1_338' title='bbox 572 1270 684 1304; x_wconf 79' lang='lat' dir='ltr'><strong>epistola</strong></span> <span class='ocrx_word' id='word_1_339' title='bbox 700 1270 788 1303; x_wconf 84' lang='lat' dir='ltr'><strong>Pauli,</strong></span> <span class='ocrx_word' id='word_1_340' title='bbox 802 1272 828 1298; x_wconf 94' lang='lat' dir='ltr'><strong>in</strong></span> <span class='ocrx_word' id='word_1_341' title='bbox 844 1279 895 1306; x_wconf 84' lang='lat' dir='ltr'><strong>qua</strong></span> <span class='ocrx_word' id='word_1_342' title='bbox 927 1272 988 1301; x_wconf 92' lang='lat' dir='ltr'><strong>ﬁdei</strong></span> <span class='ocrx_word' id='word_1_343' title='bbox 1010 1273 1137 1301; x_wconf 88' lang='lat' dir='ltr'><strong>salutaris</strong></span> <span class='ocrx_word' id='word_1_344' title='bbox 1154 1273 1198 1301; x_wconf 89' lang='lat' dir='ltr'><strong>illa</strong></span> <span class='ocrx_word' id='word_1_345' title='bbox 1222 1274 1334 1309; x_wconf 88' lang='lat' dir='ltr'><strong>mystica</strong></span> <span class='ocrx_word' id='word_1_346' title='bbox 1350 1273 1506 1301; x_wconf 80' lang='lat' dir='ltr'><strong>continetur</strong></span> <span class='ocrx_word' id='word_1_347' title='bbox 1527 1273 1707 1308; x_wconf 75' lang='lat' dir='ltr'><strong>regeneratio,</strong></span> <span class='ocrx_word' id='word_1_348' title='bbox 1737 1273 1763 1299; x_wconf 85' lang='lat' dir='ltr'><strong>in</strong></span> 
     </span>
    </p>
   </div>
   <div class='ocr_carea' id='block_1_33' title="bbox 150 1310 1764 1356">
    <p class='ocr_par' dir='ltr' id='par_1_33' title="bbox 150 1310 1764 1356">
     <span class='ocr_line' id='line_1_33' title="bbox 150 1310 1764 1356; baseline 0.006 -19"><span class='ocrx_word' id='word_1_349' title='bbox 150 1311 255 1338; x_wconf 74' lang='lat' dir='ltr'><strong>nomine</strong></span> <span class='ocrx_word' id='word_1_350' title='bbox 267 1310 369 1347; x_wconf 72' lang='lat' dir='ltr'><strong>Patris,</strong></span> <span class='ocrx_word' id='word_1_351' title='bbox 383 1319 406 1341; x_wconf 80' lang='lat' dir='ltr'><strong>et</strong></span> <span class='ocrx_word' id='word_1_352' title='bbox 419 1314 484 1342; x_wconf 81' lang='lat' dir='ltr'><strong>Filii</strong></span> <span class='ocrx_word' id='word_1_353' title='bbox 497 1322 520 1342; x_wconf 83' lang='lat' dir='ltr'><strong>et</strong></span> <span class='ocrx_word' id='word_1_354' title='bbox 540 1316 654 1351; x_wconf 73' lang='lat' dir='ltr'><strong>Spiritus</strong></span> <span class='ocrx_word' id='word_1_355' title='bbox 665 1319 762 1345; x_wconf 72' lang='lat' dir='ltr'><strong>sancti.</strong></span> <span class='ocrx_word' id='word_1_356' title='bbox 778 1318 852 1351; x_wconf 74' lang='lat' dir='ltr'><strong>Quae,</strong></span> <span class='ocrx_word' id='word_1_357' title='bbox 868 1324 1047 1355; x_wconf 64' lang='lat' dir='ltr'><strong>praeterquam</strong></span> <span class='ocrx_word' id='word_1_358' title='bbox 1069 1321 1140 1356; x_wconf 88' lang='lat' dir='ltr'><strong>quod</strong></span> <span class='ocrx_word' id='word_1_359' title='bbox 1171 1321 1226 1349; x_wconf 89' lang='lat' dir='ltr'><strong>sint</strong></span> <span class='ocrx_word' id='word_1_360' title='bbox 1259 1321 1356 1348; x_wconf 83' lang='lat' dir='ltr'><strong>litteris</strong></span> <span class='ocrx_word' id='word_1_361' title='bbox 1377 1321 1474 1349; x_wconf 87' lang='lat' dir='ltr'><strong>divinis</strong></span> <span class='ocrx_word' id='word_1_362' title='bbox 1511 1321 1679 1356; x_wconf 78' lang='lat' dir='ltr'><strong>consignata,</strong></span> <span class='ocrx_word' id='word_1_363' title='bbox 1704 1325 1764 1348; x_wconf 89' lang='lat' dir='ltr'><strong>sunt</strong></span> 
     </span>
    </p>
   </div>
   <div class='ocr_carea' id='block_1_34' title="bbox 150 1356 1764 1405">
    <p class='ocr_par' dir='ltr' id='par_1_34' title="bbox 150 1356 1764 1405">
     <span class='ocr_line' id='line_1_34' title="bbox 150 1356 1764 1405; baseline 0.006 -21"><span class='ocrx_word' id='word_1_364' title='bbox 150 1356 231 1385; x_wconf 81' lang='lat' dir='ltr'><strong>etiam</strong></span> <span class='ocrx_word' id='word_1_365' title='bbox 246 1359 335 1387; x_wconf 81' lang='lat' dir='ltr'><strong>adhuc</strong></span> <span class='ocrx_word' id='word_1_366' title='bbox 351 1361 479 1395; x_wconf 80' lang='lat' dir='ltr'><strong>majorem</strong></span> <span class='ocrx_word' id='word_1_367' title='bbox 492 1363 518 1390; x_wconf 89' lang='lat' dir='ltr'><strong>in</strong></span> <span class='ocrx_word' id='word_1_368' title='bbox 529 1365 636 1391; x_wconf 89' lang='lat' dir='ltr'><strong>modum</strong></span> <span class='ocrx_word' id='word_1_369' title='bbox 651 1365 809 1393; x_wconf 85' lang='lat' dir='ltr'><strong>continuata</strong></span> <span class='ocrx_word' id='word_1_370' title='bbox 842 1374 890 1401; x_wconf 90' lang='lat' dir='ltr'><strong>per</strong></span> <span class='ocrx_word' id='word_1_371' title='bbox 919 1368 1091 1395; x_wconf 86' lang='lat' dir='ltr'><strong>traditionem</strong></span> <span class='ocrx_word' id='word_1_372' title='bbox 1114 1368 1255 1396; x_wconf 67' lang='lat' dir='ltr'><strong>catholicae</strong></span> <span class='ocrx_word' id='word_1_373' title='bbox 1281 1368 1418 1401; x_wconf 68' lang='lat' dir='ltr'><strong>Ecclesiae,</strong></span> <span class='ocrx_word' id='word_1_374' title='bbox 1451 1376 1511 1405; x_wconf 68' lang='lat' dir='ltr'><strong>quae</strong></span> <span class='ocrx_word' id='word_1_375' title='bbox 1528 1378 1542 1396; x_wconf 72' lang='grc' dir='ltr'><strong>ιι</strong></span> <span class='ocrx_word' id='word_1_376' title='bbox 1567 1369 1619 1396; x_wconf 87' lang='lat' dir='ltr'><strong>line</strong></span> <span class='ocrx_word' id='word_1_377' title='bbox 1637 1369 1669 1396; x_wconf 89' lang='lat' dir='ltr'><strong>ad</strong></span> <span class='ocrx_word' id='word_1_378' title='bbox 1685 1368 1764 1395; x_wconf 72' lang='lat' dir='ltr'><strong>“item</strong></span> 
     </span>
    </p>
   </div>
   <div class='ocr_carea' id='block_1_35' title="bbox 151 1406 1763 1450">
    <p class='ocr_par' dir='ltr' id='par_1_35' title="bbox 151 1406 1763 1450">
     <span class='ocr_line' id='line_1_35' title="bbox 151 1406 1763 1450; baseline 0.007 -20"><span class='ocrx_word' id='word_1_379' title='bbox 151 1407 288 1432; x_wconf 81' lang='lat' dir='ltr'><strong>terrarum</strong></span> <span class='ocrx_word' id='word_1_380' title='bbox 305 1406 475 1440; x_wconf 76' lang='lat' dir='ltr'><strong>diliumlitur.</strong></span> <span class='ocrx_word' id='word_1_381' title='bbox 510 1416 570 1443; x_wconf 63' lang='lat' dir='ltr'><strong>quae</strong></span> <span class='ocrx_word' id='word_1_382' title='bbox 605 1418 653 1445; x_wconf 89' lang='lat' dir='ltr'><strong>per</strong></span> <span class='ocrx_word' id='word_1_383' title='bbox 684 1419 736 1439; x_wconf 82' lang='lat' dir='ltr'><strong>nun</strong></span> <span class='ocrx_word' id='word_1_384' title='bbox 755 1413 885 1447; x_wconf 85' lang='lat' dir='ltr'><strong>scriptam</strong></span> <span class='ocrx_word' id='word_1_385' title='bbox 905 1414 1077 1442; x_wconf 85' lang='lat' dir='ltr'><strong>traditionem</strong></span> <span class='ocrx_word' id='word_1_386' title='bbox 1099 1422 1240 1442; x_wconf 86' lang='lat' dir='ltr'><strong>sacrarum</strong></span> <span class='ocrx_word' id='word_1_387' title='bbox 1261 1414 1464 1450; x_wconf 87' lang='lat' dir='ltr'><strong>Scripturarum</strong></span> <span class='ocrx_word' id='word_1_388' title='bbox 1491 1415 1646 1443; x_wconf 87' lang='lat' dir='ltr'><strong>testimonia</strong></span> <span class='ocrx_word' id='word_1_389' title='bbox 1662 1413 1763 1442; x_wconf 82' lang='lat' dir='ltr'><strong>conﬁr-</strong></span> 
     </span>
    </p>
   </div>
   <div class='ocr_carea' id='block_1_36' title="bbox 150 1451 1764 1497">
    <p class='ocr_par' dir='ltr' id='par_1_36' title="bbox 150 1451 1764 1497">
     <span class='ocr_line' id='line_1_36' title="bbox 150 1451 1764 1497; baseline 0.009 -23"><span class='ocrx_word' id='word_1_390' title='bbox 150 1453 208 1476; x_wconf 79' lang='lat' dir='ltr'><strong>mat</strong></span> <span class='ocrx_word' id='word_1_391' title='bbox 229 1454 258 1477; x_wconf 89' lang='lat' dir='ltr'><strong>et</strong></span> <span class='ocrx_word' id='word_1_392' title='bbox 277 1451 414 1497; x_wconf 76' lang='lat' dir='ltr'><strong>obsignat.</strong></span> <span class='ocrx_word' id='word_1_393' title='bbox 431 1452 490 1481; x_wconf 80' lang='lat' dir='ltr'><strong>Jam</strong></span> <span class='ocrx_word' id='word_1_394' title='bbox 509 1462 575 1482; x_wconf 87' lang='lat' dir='ltr'><strong>vero</strong></span> <span class='ocrx_word' id='word_1_395' title='bbox 590 1463 694 1492; x_wconf 81' lang='lat' dir='ltr'><strong>tempus</strong></span> <span class='ocrx_word' id='word_1_396' title='bbox 706 1461 748 1484; x_wconf 86' lang='lat' dir='ltr'><strong>est</strong></span> <span class='ocrx_word' id='word_1_397' title='bbox 763 1462 793 1484; x_wconf 94' lang='lat' dir='ltr'><strong>ut</strong></span> <span class='ocrx_word' id='word_1_398' title='bbox 812 1458 938 1494; x_wconf 74' lang='lat' dir='ltr'><strong>deinceps</strong></span> <span class='ocrx_word' id='word_1_399' title='bbox 950 1459 1066 1487; x_wconf 87' lang='lat' dir='ltr'><strong>Marcelli</strong></span> <span class='ocrx_word' id='word_1_400' title='bbox 1085 1460 1166 1488; x_wconf 73' lang='lat' dir='ltr'><strong>verba</strong></span> <span class='ocrx_word' id='word_1_401' title='bbox 1179 1461 1205 1488; x_wconf 93' lang='lat' dir='ltr'><strong>in</strong></span> <span class='ocrx_word' id='word_1_402' title='bbox 1226 1461 1342 1489; x_wconf 89' lang='lat' dir='ltr'><strong>medium</strong></span> <span class='ocrx_word' id='word_1_403' title='bbox 1354 1461 1523 1497; x_wconf 79' lang='lat' dir='ltr'><strong>proferamus</strong></span> <span class='ocrx_word' id='word_1_404' title='bbox 1538 1465 1566 1488; x_wconf 86' lang='lat' dir='ltr'><strong>et</strong></span> <span class='ocrx_word' id='word_1_405' title='bbox 1579 1468 1640 1496; x_wconf 72' lang='lat' dir='ltr'><strong>quae</strong></span> <span class='ocrx_word' id='word_1_406' title='bbox 1653 1460 1764 1497; x_wconf 84' lang='lat' dir='ltr'><strong>polliciti</strong></span> 
     </span>
    </p>
   </div>
   <div class='ocr_carea' id='block_1_37' title="bbox 151 1495 1764 1544">
    <p class='ocr_par' dir='ltr' id='par_1_37' title="bbox 151 1495 1764 1544">
     <span class='ocr_line' id='line_1_37' title="bbox 151 1495 1764 1544; baseline 0.01 -23"><span class='ocrx_word' id='word_1_407' title='bbox 151 1500 257 1544; x_wconf 53' lang='lat' dir='ltr'><strong>uulnus,</strong></span> <span class='ocrx_word' id='word_1_408' title='bbox 278 1495 517 1532; x_wconf 85' lang='lat' dir='ltr'><strong>demonstratione,</strong></span> <span class='ocrx_word' id='word_1_409' title='bbox 543 1508 726 1536; x_wconf 86' lang='lat' dir='ltr'><strong>proponamus</strong></span> <span class='ocrx_word' id='word_1_410' title='bbox 756 1504 854 1538; x_wconf 83' lang='lat' dir='ltr'><strong>quibus</strong></span> <span class='ocrx_word' id='word_1_411' title='bbox 880 1504 923 1531; x_wconf 89' lang='lat' dir='ltr'><strong>illa</strong></span> <span class='ocrx_word' id='word_1_412' title='bbox 944 1506 1094 1534; x_wconf 85' lang='lat' dir='ltr'><strong>clarissime</strong></span> <span class='ocrx_word' id='word_1_413' title='bbox 1119 1513 1314 1543; x_wconf 89' lang='lat' dir='ltr'><strong>proponuntur,</strong></span> <span class='ocrx_word' id='word_1_414' title='bbox 1329 1495 1390 1544; x_wconf 72' lang='lat' dir='ltr'><strong>qua:</strong></span> <span class='ocrx_word' id='word_1_415' title='bbox 1402 1512 1466 1536; x_wconf 90' lang='lat' dir='ltr'><strong>sunt</strong></span> <span class='ocrx_word' id='word_1_416' title='bbox 1493 1517 1507 1536; x_wconf 87' lang='lat' dir='ltr'><strong>a</strong></span> <span class='ocrx_word' id='word_1_417' title='bbox 1537 1495 1614 1536; x_wconf 80' lang='lat' dir='ltr'><strong>nobis</strong></span> <span class='ocrx_word' id='word_1_418' title='bbox 1634 1495 1764 1537; x_wconf 73' lang='lat' dir='ltr'><strong>hactenus</strong></span> 
     </span>
    </p>
   </div>
   <div class='ocr_carea' id='block_1_38' title="bbox 150 1541 1765 1590">
    <p class='ocr_par' dir='ltr' id='par_1_38' title="bbox 150 1541 1765 1590">
     <span class='ocr_line' id='line_1_38' title="bbox 150 1541 1765 1590; baseline 0.009 -22"><span class='ocrx_word' id='word_1_419' title='bbox 150 1541 349 1590; x_wconf 57' lang='lat' dir='ltr'><strong>disputatum</strong></span> <span class='ocrx_word' id='word_1_420' title='bbox 363 1545 425 1579; x_wconf 86' lang='lat' dir='ltr'><strong>quis</strong></span> <span class='ocrx_word' id='word_1_421' title='bbox 435 1550 508 1580; x_wconf 92' lang='lat' dir='ltr'><strong>putet</strong></span> <span class='ocrx_word' id='word_1_422' title='bbox 521 1554 567 1581; x_wconf 85' lang='lat' dir='ltr'><strong>per</strong></span> <span class='ocrx_word' id='word_1_423' title='bbox 581 1547 761 1575; x_wconf 85' lang='lat' dir='ltr'><strong>calumniandi</strong></span> <span class='ocrx_word' id='word_1_424' title='bbox 797 1550 942 1583; x_wconf 87' lang='lat' dir='ltr'><strong>libidinem,</strong></span> <span class='ocrx_word' id='word_1_425' title='bbox 963 1559 1024 1580; x_wconf 86' lang='lat' dir='ltr'><strong>esse</strong></span> <span class='ocrx_word' id='word_1_426' title='bbox 1053 1541 1177 1581; x_wconf 20' lang='lat' dir='ltr'><strong>haeciin&#39;</strong></span> <span class='ocrx_word' id='word_1_427' title='bbox 1192 1554 1266 1581; x_wconf 91' lang='lat' dir='ltr'><strong>illum</strong></span> <span class='ocrx_word' id='word_1_428' title='bbox 1284 1541 1421 1590; x_wconf 43' lang='lat' dir='ltr'><strong>congesta.</strong></span> <span class='ocrx_word' id='word_1_429' title='bbox 1444 1554 1666 1590; x_wconf 88' lang='lat' dir='ltr'><strong>Quandoquidem</strong></span> <span class='ocrx_word' id='word_1_430' title='bbox 1700 1562 1765 1582; x_wconf 82' lang='lat' dir='ltr'><strong>vero</strong></span> 
     </span>
    </p>
   </div>
   <div class='ocr_carea' id='block_1_39' title="bbox 149 1588 1765 1636">
    <p class='ocr_par' dir='ltr' id='par_1_39' title="bbox 149 1588 1765 1636">
     <span class='ocr_line' id='line_1_39' title="bbox 149 1588 1765 1636; baseline 0.009 -21"><span class='ocrx_word' id='word_1_431' title='bbox 149 1588 218 1616; x_wconf 79' lang='lat' dir='ltr'><strong>mihi</strong></span> <span class='ocrx_word' id='word_1_432' title='bbox 241 1592 408 1636; x_wconf 75' lang='lat' dir='ltr'><strong>propositum</strong></span> <span class='ocrx_word' id='word_1_433' title='bbox 436 1592 472 1619; x_wconf 89' lang='lat' dir='ltr'><strong>sit</strong></span> <span class='ocrx_word' id='word_1_434' title='bbox 496 1593 615 1621; x_wconf 84' lang='lat' dir='ltr'><strong>breviter</strong></span> <span class='ocrx_word' id='word_1_435' title='bbox 648 1595 691 1622; x_wconf 87' lang='lat' dir='ltr'><strong>illa</strong></span> <span class='ocrx_word' id='word_1_436' title='bbox 713 1595 878 1630; x_wconf 83' lang='lat' dir='ltr'><strong>describere,</strong></span> <span class='ocrx_word' id='word_1_437' title='bbox 905 1605 964 1632; x_wconf 70' lang='lat' dir='ltr'><strong>qua:</strong></span> <span class='ocrx_word' id='word_1_438' title='bbox 983 1604 1045 1626; x_wconf 90' lang='lat' dir='ltr'><strong>sunt</strong></span> <span class='ocrx_word' id='word_1_439' title='bbox 1061 1600 1095 1627; x_wconf 86' lang='lat' dir='ltr'><strong>ab</strong></span> <span class='ocrx_word' id='word_1_440' title='bbox 1109 1608 1142 1628; x_wconf 87' lang='lat' dir='ltr'><strong>eo</strong></span> <span class='ocrx_word' id='word_1_441' title='bbox 1157 1601 1239 1634; x_wconf 83' lang='lat' dir='ltr'><strong>dicta,</strong></span> <span class='ocrx_word' id='word_1_442' title='bbox 1252 1609 1304 1628; x_wconf 91' lang='lat' dir='ltr'><strong>non</strong></span> <span class='ocrx_word' id='word_1_443' title='bbox 1321 1588 1409 1630; x_wconf 78' lang='lat' dir='ltr'><strong>tamen</strong></span> <span class='ocrx_word' id='word_1_444' title='bbox 1423 1601 1482 1629; x_wconf 87' lang='lat' dir='ltr'><strong>ideo</strong></span> <span class='ocrx_word' id='word_1_445' title='bbox 1495 1588 1631 1636; x_wconf 78' lang='lat' dir='ltr'><strong>sigillatim</strong></span> <span class='ocrx_word' id='word_1_446' title='bbox 1646 1607 1673 1630; x_wconf 89' lang='lat' dir='ltr'><strong>et</strong></span> <span class='ocrx_word' id='word_1_447' title='bbox 1684 1602 1765 1630; x_wconf 89' lang='lat' dir='ltr'><strong>verbo</strong></span> 
     </span>
    </p>
   </div>
   <div class='ocr_carea' id='block_1_40' title="bbox 151 1635 1764 1682">
    <p class='ocr_par' dir='ltr' id='par_1_40' title="bbox 151 1635 1764 1682">
     <span class='ocr_line' id='line_1_40' title="bbox 151 1635 1764 1682; baseline 0.009 -21"><span class='ocrx_word' id='word_1_448' title='bbox 151 1637 230 1662; x_wconf 84' lang='lat' dir='ltr'><strong>tenus</strong></span> <span class='ocrx_word' id='word_1_449' title='bbox 241 1635 286 1662; x_wconf 83' lang='lat' dir='ltr'><strong>illa</strong></span> <span class='ocrx_word' id='word_1_450' title='bbox 299 1636 417 1665; x_wconf 86' lang='lat' dir='ltr'><strong>arbitror</strong></span> <span class='ocrx_word' id='word_1_451' title='bbox 427 1638 454 1665; x_wconf 91' lang='lat' dir='ltr'><strong>in</strong></span> <span class='ocrx_word' id='word_1_452' title='bbox 466 1640 591 1673; x_wconf 64' lang='lat' dir='ltr'><strong>praesenti</strong></span> <span class='ocrx_word' id='word_1_453' title='bbox 605 1648 666 1667; x_wconf 87' lang='lat' dir='ltr'><strong>esse</strong></span> <span class='ocrx_word' id='word_1_454' title='bbox 682 1642 858 1670; x_wconf 81' lang='lat' dir='ltr'><strong>recensenda.</strong></span> <span class='ocrx_word' id='word_1_455' title='bbox 869 1642 983 1671; x_wconf 84' lang='lat' dir='ltr'><strong>Tantum</strong></span> <span class='ocrx_word' id='word_1_456' title='bbox 1002 1645 1046 1672; x_wconf 90' lang='lat' dir='ltr'><strong>illa</strong></span> <span class='ocrx_word' id='word_1_457' title='bbox 1060 1653 1120 1680; x_wconf 65' lang='lat' dir='ltr'><strong>quin</strong></span> <span class='ocrx_word' id='word_1_458' title='bbox 1140 1647 1274 1682; x_wconf 65' lang='lat' dir='ltr'><strong>praecipua</strong></span> <span class='ocrx_word' id='word_1_459' title='bbox 1308 1652 1381 1680; x_wconf 87' lang='lat' dir='ltr'><strong>sunt,</strong></span> <span class='ocrx_word' id='word_1_460' title='bbox 1410 1653 1438 1675; x_wconf 90' lang='lat' dir='ltr'><strong>et</strong></span> <span class='ocrx_word' id='word_1_461' title='bbox 1461 1635 1569 1675; x_wconf 77' lang='lat' dir='ltr'><strong>causam</strong></span> <span class='ocrx_word' id='word_1_462' title='bbox 1605 1648 1764 1682; x_wconf 76' lang='lat' dir='ltr'><strong>continent,</strong></span> 
     </span>
    </p>
   </div>
   <div class='ocr_carea' id='block_1_41' title="bbox 148 1681 1764 1728">
    <p class='ocr_par' dir='ltr' id='par_1_41' title="bbox 148 1681 1764 1728">
     <span class='ocr_line' id='line_1_41' title="bbox 148 1681 1764 1728; baseline 0.007 -18"><span class='ocrx_word' id='word_1_463' title='bbox 148 1681 297 1715; x_wconf 81' lang='lat' dir='ltr'><strong>advocabo,</strong></span> <span class='ocrx_word' id='word_1_464' title='bbox 314 1684 504 1717; x_wconf 60' lang='lat' dir='ltr'><strong>praetermissis</strong></span> <span class='ocrx_word' id='word_1_465' title='bbox 525 1687 747 1721; x_wconf 88' lang='lat' dir='ltr'><strong>quamplurimis,</strong></span> <span class='ocrx_word' id='word_1_466' title='bbox 766 1695 816 1716; x_wconf 89' lang='lat' dir='ltr'><strong>nec</strong></span> <span class='ocrx_word' id='word_1_467' title='bbox 840 1691 1012 1724; x_wconf 87' lang='lat' dir='ltr'><strong>necessariis,</strong></span> <span class='ocrx_word' id='word_1_468' title='bbox 1024 1696 1052 1719; x_wconf 90' lang='lat' dir='ltr'><strong>et</strong></span> <span class='ocrx_word' id='word_1_469' title='bbox 1065 1692 1091 1719; x_wconf 92' lang='lat' dir='ltr'><strong>in</strong></span> <span class='ocrx_word' id='word_1_470' title='bbox 1107 1693 1177 1720; x_wconf 90' lang='lat' dir='ltr'><strong>idem</strong></span> <span class='ocrx_word' id='word_1_471' title='bbox 1192 1681 1279 1728; x_wconf 80' lang='lat' dir='ltr'><strong>ipsum</strong></span> <span class='ocrx_word' id='word_1_472' title='bbox 1315 1693 1530 1721; x_wconf 88' lang='lat' dir='ltr'><strong>recurrentibus.</strong></span> <span class='ocrx_word' id='word_1_473' title='bbox 1558 1692 1639 1721; x_wconf 86' lang='lat' dir='ltr'><strong>Prius</strong></span> <span class='ocrx_word' id='word_1_474' title='bbox 1675 1681 1764 1721; x_wconf 84' lang='lat' dir='ltr'><strong>tamen</strong></span> 
     </span>
    </p>
   </div>
   <div class='ocr_carea' id='block_1_42' title="bbox 148 1729 1766 1772">
    <p class='ocr_par' dir='ltr' id='par_1_42' title="bbox 148 1729 1766 1772">
     <span class='ocr_line' id='line_1_42' title="bbox 148 1729 1766 1772; baseline 0.007 -17"><span class='ocrx_word' id='word_1_475' title='bbox 148 1735 230 1763; x_wconf 76' lang='lat' dir='ltr'><strong>quam</strong></span> <span class='ocrx_word' id='word_1_476' title='bbox 248 1729 283 1756; x_wconf 79' lang='lat' dir='ltr'><strong>ad</strong></span> <span class='ocrx_word' id='word_1_477' title='bbox 299 1736 357 1756; x_wconf 87' lang='lat' dir='ltr'><strong>rem</strong></span> <span class='ocrx_word' id='word_1_478' title='bbox 378 1731 531 1766; x_wconf 73' lang='lat' dir='ltr'><strong>aggrediar,</strong></span> <span class='ocrx_word' id='word_1_479' title='bbox 545 1739 593 1767; x_wconf 86' lang='lat' dir='ltr'><strong>per</strong></span> <span class='ocrx_word' id='word_1_480' title='bbox 612 1733 868 1762; x_wconf 85' lang='lat' dir='ltr'><strong>demonstrationem</strong></span> <span class='ocrx_word' id='word_1_481' title='bbox 884 1743 994 1764; x_wconf 89' lang='lat' dir='ltr'><strong>necesse</strong></span> <span class='ocrx_word' id='word_1_482' title='bbox 1006 1742 1049 1765; x_wconf 89' lang='lat' dir='ltr'><strong>est</strong></span> <span class='ocrx_word' id='word_1_483' title='bbox 1063 1737 1155 1766; x_wconf 89' lang='lat' dir='ltr'><strong>lectori</strong></span> <span class='ocrx_word' id='word_1_484' title='bbox 1174 1739 1269 1767; x_wconf 81' lang='lat' dir='ltr'><strong>faciam</strong></span> <span class='ocrx_word' id='word_1_485' title='bbox 1296 1738 1481 1772; x_wconf 77' lang='lat' dir='ltr'><strong>manifestum,</strong></span> <span class='ocrx_word' id='word_1_486' title='bbox 1507 1745 1559 1766; x_wconf 93' lang='lat' dir='ltr'><strong>non</strong></span> <span class='ocrx_word' id='word_1_487' title='bbox 1586 1738 1668 1766; x_wconf 80' lang='lat' dir='ltr'><strong>fuisse</strong></span> <span class='ocrx_word' id='word_1_488' title='bbox 1694 1739 1766 1767; x_wconf 88' lang='lat' dir='ltr'><strong>hunc</strong></span> 
     </span>
    </p>
   </div>
   <div class='ocr_carea' id='block_1_43' title="bbox 146 1775 1764 1820">
    <p class='ocr_par' dir='ltr' id='par_1_43' title="bbox 146 1775 1764 1820">
     <span class='ocr_line' id='line_1_43' title="bbox 146 1775 1764 1820; baseline 0.006 -16"><span class='ocrx_word' id='word_1_489' title='bbox 146 1775 287 1804; x_wconf 76' lang='lat' dir='ltr'><strong>hominem</strong></span> <span class='ocrx_word' id='word_1_490' title='bbox 304 1781 457 1804; x_wconf 84' lang='lat' dir='ltr'><strong>assecutum</strong></span> <span class='ocrx_word' id='word_1_491' title='bbox 486 1778 638 1805; x_wconf 88' lang='lat' dir='ltr'><strong>divinarum</strong></span> <span class='ocrx_word' id='word_1_492' title='bbox 661 1779 812 1807; x_wconf 88' lang='lat' dir='ltr'><strong>litterarum</strong></span> <span class='ocrx_word' id='word_1_493' title='bbox 845 1787 962 1809; x_wconf 87' lang='lat' dir='ltr'><strong>mentem</strong></span> <span class='ocrx_word' id='word_1_494' title='bbox 982 1788 1009 1811; x_wconf 85' lang='lat' dir='ltr'><strong>et</strong></span> <span class='ocrx_word' id='word_1_495' title='bbox 1032 1785 1214 1819; x_wconf 84' lang='lat' dir='ltr'><strong>sententiam,</strong></span> <span class='ocrx_word' id='word_1_496' title='bbox 1235 1786 1333 1813; x_wconf 89' lang='lat' dir='ltr'><strong>nedum</strong></span> <span class='ocrx_word' id='word_1_497' title='bbox 1347 1793 1408 1813; x_wconf 91' lang='lat' dir='ltr'><strong>cum</strong></span> <span class='ocrx_word' id='word_1_498' title='bbox 1432 1790 1520 1813; x_wconf 85' lang='lat' dir='ltr'><strong>essent</strong></span> <span class='ocrx_word' id='word_1_499' title='bbox 1543 1784 1697 1820; x_wconf 86' lang='lat' dir='ltr'><strong>cuicunque</strong></span> <span class='ocrx_word' id='word_1_500' title='bbox 1714 1786 1764 1814; x_wconf 89' lang='lat' dir='ltr'><strong>ob-</strong></span> 
     </span>
    </p>
   </div>
   <div class='ocr_carea' id='block_1_44' title="bbox 146 1820 1765 1866">
    <p class='ocr_par' dir='ltr' id='par_1_44' title="bbox 146 1820 1765 1866">
     <span class='ocr_line' id='line_1_44' title="bbox 146 1820 1765 1866; baseline 0.007 -18"><span class='ocrx_word' id='word_1_501' title='bbox 146 1821 198 1849; x_wconf 69' lang='lat' dir='ltr'><strong>viae</strong></span> <span class='ocrx_word' id='word_1_502' title='bbox 211 1829 219 1849; x_wconf 96' lang='lat'>:</span> <span class='ocrx_word' id='word_1_503' title='bbox 233 1825 264 1848; x_wconf 90' lang='lat' dir='ltr'><strong>ut</strong></span> <span class='ocrx_word' id='word_1_504' title='bbox 281 1820 318 1848; x_wconf 92' lang='lat' dir='ltr'><strong>illi</strong></span> <span class='ocrx_word' id='word_1_505' title='bbox 335 1822 381 1856; x_wconf 88' lang='lat' dir='ltr'><strong>qui</strong></span> <span class='ocrx_word' id='word_1_506' title='bbox 397 1823 530 1857; x_wconf 79' lang='lat' dir='ltr'><strong>ignorant,</strong></span> <span class='ocrx_word' id='word_1_507' title='bbox 545 1823 606 1858; x_wconf 88' lang='lat' dir='ltr'><strong>quis</strong></span> <span class='ocrx_word' id='word_1_508' title='bbox 622 1829 650 1852; x_wconf 90' lang='lat' dir='ltr'><strong>et</strong></span> <span class='ocrx_word' id='word_1_509' title='bbox 664 1825 751 1859; x_wconf 85' lang='lat' dir='ltr'><strong>qualis</strong></span> <span class='ocrx_word' id='word_1_510' title='bbox 767 1825 802 1852; x_wconf 87' lang='lat' dir='ltr'><strong>sit</strong></span> <span class='ocrx_word' id='word_1_511' title='bbox 827 1825 924 1861; x_wconf 89' lang='lat' dir='ltr'><strong>adhuc,</strong></span> <span class='ocrx_word' id='word_1_512' title='bbox 944 1828 1095 1865; x_wconf 81' lang='lat' dir='ltr'><strong>intelligant</strong></span> <span class='ocrx_word' id='word_1_513' title='bbox 1115 1830 1232 1863; x_wconf 79' lang='lat' dir='ltr'><strong>tandem,</strong></span> <span class='ocrx_word' id='word_1_514' title='bbox 1245 1835 1345 1865; x_wconf 90' lang='lat' dir='ltr'><strong>quanta</strong></span> <span class='ocrx_word' id='word_1_515' title='bbox 1366 1838 1427 1858; x_wconf 91' lang='lat' dir='ltr'><strong>cum</strong></span> <span class='ocrx_word' id='word_1_516' title='bbox 1446 1830 1556 1858; x_wconf 86' lang='lat' dir='ltr'><strong>audacia</strong></span> <span class='ocrx_word' id='word_1_517' title='bbox 1576 1830 1609 1858; x_wconf 85' lang='lat' dir='ltr'><strong>ad</strong></span> <span class='ocrx_word' id='word_1_518' title='bbox 1631 1831 1687 1866; x_wconf 86' lang='lat' dir='ltr'><strong>ipsa</strong></span> <span class='ocrx_word' id='word_1_519' title='bbox 1706 1831 1765 1860; x_wconf 65' lang='lat' dir='ltr'><strong>haec</strong></span> 
     </span>
    </p>
   </div>
   <div class='ocr_carea' id='block_1_45' title="bbox 145 1866 660 1902">
    <p class='ocr_par' dir='ltr' id='par_1_45' title="bbox 145 1866 660 1902">
     <span class='ocr_line' id='line_1_45' title="bbox 145 1866 660 1902; baseline 0.002 -6"><span class='ocrx_word' id='word_1_520' title='bbox 145 1866 255 1901; x_wconf 77' lang='lat' dir='ltr'><strong>scriptis</strong></span> <span class='ocrx_word' id='word_1_521' title='bbox 269 1868 424 1902; x_wconf 87' lang='lat' dir='ltr'><strong>proruperit</strong></span> <span class='ocrx_word' id='word_1_522' title='bbox 439 1870 660 1898; x_wconf 81' lang='lat' dir='ltr'><strong>commendanda.</strong></span> 
     </span>
    </p>
   </div>
   <div class='ocr_carea' id='block_1_46' title="bbox 469 1915 609 1943">
    <p class='ocr_par' dir='ltr' id='par_1_46' title="bbox 469 1915 609 1943">
     <span class='ocr_line' id='line_1_46' title="bbox 469 1915 609 1943; baseline 0 -1"><span class='ocrx_word' id='word_1_523' title='bbox 469 1916 549 1942; x_wconf 75' lang='grc' dir='ltr'><strong>ΚΕΦ.</strong></span> <span class='ocrx_word' id='word_1_524' title='bbox 571 1915 609 1943; x_wconf 85' lang='lat' dir='ltr'><strong>B&#39;.</strong></span> 
     </span>
    </p>
   </div>
   <div class='ocr_carea' id='block_1_47' title="bbox 193 1925 966 2000">
    <p class='ocr_par' dir='ltr' id='par_1_47' title="bbox 193 1925 966 2000">
     <span class='ocr_line' id='line_1_47' title="bbox 469 1925 609 1943; baseline 0.007 -1"><span class='ocrx_word' id='word_1_525' title='bbox 469 1925 549 1942; x_wconf 70' lang='grc' dir='ltr'>ιιιιιι.</span> <span class='ocrx_word' id='word_1_526' title='bbox 572 1925 591 1941; x_wconf 75' lang='grc' dir='ltr'><strong>υ</strong></span> <span class='ocrx_word' id='word_1_527' title='bbox 602 1936 609 1943; x_wconf 94' lang='grc'>.</span> 
     </span>
     <span class='ocr_line' id='line_1_48' title="bbox 193 1925 966 2000; baseline 0.006 -13"><span class='ocrx_word' id='word_1_528' title='bbox 193 1961 256 1988; x_wconf 82' lang='grc' dir='ltr'>ὀτι</span> <span class='ocrx_word' id='word_1_529' title='bbox 271 1961 343 1988; x_wconf 70' lang='grc' dir='ltr'><strong>οὐδὲ</strong></span> <span class='ocrx_word' id='word_1_530' title='bbox 355 1962 409 1994; x_wconf 83' lang='grc' dir='ltr'>τὰς</span> <span class='ocrx_word' id='word_1_531' title='bbox 425 1962 506 1995; x_wconf 75' lang='grc' dir='ltr'>θείας</span> <span class='ocrx_word' id='word_1_532' title='bbox 515 1962 672 1996; x_wconf 74' lang='grc' dir='ltr'>ὲξηκρίϐου</span> <span class='ocrx_word' id='word_1_533' title='bbox 685 1964 806 1998; x_wconf 66' lang='grc' dir='ltr'>Γραφάς</span> <span class='ocrx_word' id='word_1_534' title='bbox 817 1965 882 2000; x_wconf 82' lang='lat'><strong>(66).</strong></span> <span class='ocrx_word' id='word_1_535' title='bbox 945 1925 966 1953; x_wconf 70' lang='grc' dir='ltr'><strong>Β</strong></span> 
     </span>
    </p>
   </div>
   <div class='ocr_carea' id='block_1_48' title="bbox 1304 1919 1436 1948">
    <p class='ocr_par' dir='ltr' id='par_1_48' title="bbox 1304 1919 1436 1948">
     <span class='ocr_line' id='line_1_49' title="bbox 1304 1919 1436 1948; baseline 0 -1"><span class='ocrx_word' id='word_1_536' title='bbox 1304 1919 1380 1948; x_wconf 80' lang='lat' dir='ltr'><strong>CAP.</strong></span> <span class='ocrx_word' id='word_1_537' title='bbox 1404 1919 1436 1947; x_wconf 91' lang='lat' dir='ltr'><strong>ll.</strong></span> 
     </span>
    </p>
   </div>
   <div class='ocr_carea' id='block_1_49' title="bbox 1001 1948 1747 2000">
    <p class='ocr_par' dir='ltr' id='par_1_49' title="bbox 1001 1965 1747 2000">
     <span class='ocr_line' id='line_1_50' title="bbox 1001 1965 1747 2000; baseline 0.003 -8"><span class='ocrx_word' id='word_1_538' title='bbox 1001 1965 1078 1998; x_wconf 78' lang='lat' dir='ltr'><strong>Quod</strong></span> <span class='ocrx_word' id='word_1_539' title='bbox 1099 1973 1145 1992; x_wconf 79' lang='lat' dir='ltr'><strong>nec</strong></span> <span class='ocrx_word' id='word_1_540' title='bbox 1164 1973 1254 1992; x_wconf 72' lang='lat' dir='ltr'><strong>sacras</strong></span> <span class='ocrx_word' id='word_1_541' title='bbox 1275 1965 1429 2000; x_wconf 66' lang='lat' dir='ltr'><strong>Scriptura:</strong></span> <span class='ocrx_word' id='word_1_542' title='bbox 1447 1966 1512 1993; x_wconf 70' lang='lat' dir='ltr'><strong>satis</strong></span> <span class='ocrx_word' id='word_1_543' title='bbox 1533 1970 1622 1993; x_wconf 67' lang='lat' dir='ltr'><strong>exacte</strong></span> <span class='ocrx_word' id='word_1_544' title='bbox 1640 1966 1747 1994; x_wconf 71' lang='lat' dir='ltr'><strong>callent.</strong></span> 
     </span>
    </p>
   </div>
   <div class='ocr_carea' id='block_1_50' title="bbox 179 2005 932 2045">
    <p class='ocr_par' dir='ltr' id='par_1_50' title="bbox 179 2005 932 2045">
     <span class='ocr_line' id='line_1_51' title="bbox 179 2005 932 2045; baseline 0.005 -11"><span class='ocrx_word' id='word_1_545' title='bbox 179 2007 285 2034; x_wconf 72' lang='grc' dir='ltr'><strong>Αὐτίκα</strong></span> <span class='ocrx_word' id='word_1_546' title='bbox 300 2007 323 2034; x_wconf 79' lang='grc' dir='ltr'><strong>δ’</strong></span> <span class='ocrx_word' id='word_1_547' title='bbox 337 2005 393 2039; x_wconf 78' lang='grc' dir='ltr'>οὖν,</span> <span class='ocrx_word' id='word_1_548' title='bbox 409 2007 457 2034; x_wconf 82' lang='grc' dir='ltr'>τοῦ</span> <span class='ocrx_word' id='word_1_549' title='bbox 468 2009 609 2044; x_wconf 79' lang='grc' dir='ltr'>προφήτου</span> <span class='ocrx_word' id='word_1_550' title='bbox 627 2010 760 2045; x_wconf 83' lang='grc' dir='ltr'><strong>Ζαχαρίου</strong></span> <span class='ocrx_word' id='word_1_551' title='bbox 778 2011 848 2037; x_wconf 82' lang='grc' dir='ltr'>κατὰ</span> <span class='ocrx_word' id='word_1_552' title='bbox 869 2011 932 2044; x_wconf 79' lang='grc' dir='ltr'>τοὺς</span> 
     </span>
    </p>
   </div>
   <div class='ocr_carea' id='block_1_51' title="bbox 144 2052 929 2091">
    <p class='ocr_par' dir='ltr' id='par_1_51' title="bbox 144 2052 929 2091">
     <span class='ocr_line' id='line_1_52' title="bbox 144 2052 929 2091; baseline 0.005 -12"><span class='ocrx_word' id='word_1_553' title='bbox 144 2052 195 2088; x_wconf 80' lang='grc' dir='ltr'>τῆς</span> <span class='ocrx_word' id='word_1_554' title='bbox 209 2052 340 2080; x_wconf 68' lang='grc' dir='ltr'>ἐπανόδου</span> <span class='ocrx_word' id='word_1_555' title='bbox 357 2053 468 2088; x_wconf 85' lang='grc' dir='ltr'>χρόνους</span> <span class='ocrx_word' id='word_1_556' title='bbox 478 2053 528 2088; x_wconf 80' lang='grc' dir='ltr'>τῆς</span> <span class='ocrx_word' id='word_1_557' title='bbox 541 2054 594 2080; x_wconf 83' lang='grc' dir='ltr'><strong>ἀπὸ</strong></span> <span class='ocrx_word' id='word_1_558' title='bbox 607 2054 764 2087; x_wconf 83' lang='grc' dir='ltr'>Βαϐυλῶνος</span> <span class='ocrx_word' id='word_1_559' title='bbox 776 2056 929 2091; x_wconf 82' lang='grc' dir='ltr'>γενομένου,</span> 
     </span>
    </p>
   </div>
   <div class='ocr_carea' id='block_1_52' title="bbox 151 2099 929 2137">
    <p class='ocr_par' dir='ltr' id='par_1_52' title="bbox 151 2099 929 2137">
     <span class='ocr_line' id='line_1_53' title="bbox 151 2099 929 2137; baseline 0.004 -12"><span class='ocrx_word' id='word_1_560' title='bbox 151 2099 239 2135; x_wconf 78' lang='grc' dir='ltr'>Ἰησοῦ</span> <span class='ocrx_word' id='word_1_561' title='bbox 255 2107 285 2126; x_wconf 81' lang='grc' dir='ltr'><strong>τε</strong></span> <span class='ocrx_word' id='word_1_562' title='bbox 304 2100 537 2135; x_wconf 79' lang='grc' dir='ltr'>μνημονεύσαντος</span> <span class='ocrx_word' id='word_1_563' title='bbox 552 2099 599 2127; x_wconf 83' lang='grc' dir='ltr'>τοῦ</span> <span class='ocrx_word' id='word_1_564' title='bbox 614 2101 709 2136; x_wconf 78' lang='grc' dir='ltr'><strong>ἱερέως</strong></span> <span class='ocrx_word' id='word_1_565' title='bbox 731 2101 778 2127; x_wconf 79' lang='grc' dir='ltr'><strong>τοῦ</strong></span> <span class='ocrx_word' id='word_1_566' title='bbox 801 2102 929 2137; x_wconf 79' lang='grc' dir='ltr'><strong>μεγάλου,</strong></span> 
     </span>
    </p>
   </div>
   <div class='ocr_carea' id='block_1_53' title="bbox 144 2143 930 2182">
    <p class='ocr_par' dir='ltr' id='par_1_53' title="bbox 144 2143 930 2182">
     <span class='ocr_line' id='line_1_54' title="bbox 144 2143 930 2182; baseline 0.005 -11"><span class='ocrx_word' id='word_1_567' title='bbox 144 2143 244 2181; x_wconf 72' lang='grc' dir='ltr'>δηλαδὴ</span> <span class='ocrx_word' id='word_1_568' title='bbox 258 2145 305 2171; x_wconf 81' lang='grc' dir='ltr'><strong>τοῦ</strong></span> <span class='ocrx_word' id='word_1_569' title='bbox 321 2144 379 2172; x_wconf 73' lang='grc' dir='ltr'>υἱοῦ</span> <span class='ocrx_word' id='word_1_570' title='bbox 413 2145 545 2178; x_wconf 82' lang='grc' dir='ltr'><strong>Ἰωσεδὲκ,</strong></span> <span class='ocrx_word' id='word_1_571' title='bbox 562 2146 591 2178; x_wconf 87' lang='grc' dir='ltr'>ὃς</span> <span class='ocrx_word' id='word_1_572' title='bbox 620 2146 678 2182; x_wconf 78' lang='grc' dir='ltr'>ἅμα</span> <span class='ocrx_word' id='word_1_573' title='bbox 706 2147 856 2182; x_wconf 76' lang='grc' dir='ltr'>Ζοροϐάϐελ</span> <span class='ocrx_word' id='word_1_574' title='bbox 877 2147 930 2175; x_wconf 77' lang='grc' dir='ltr'><strong>τῶν</strong></span> 
     </span>
    </p>
   </div>
   <div class='ocr_carea' id='block_1_54' title="bbox 145 2189 930 2228">
    <p class='ocr_par' dir='ltr' id='par_1_54' title="bbox 145 2189 930 2228">
     <span class='ocr_line' id='line_1_55' title="bbox 145 2189 930 2228; baseline 0.004 -11"><span class='ocrx_word' id='word_1_575' title='bbox 145 2189 199 2217; x_wconf 75' lang='grc' dir='ltr'><strong>ἀπὸ</strong></span> <span class='ocrx_word' id='word_1_576' title='bbox 210 2189 369 2223; x_wconf 76' lang='grc' dir='ltr'>Βαϐυλῶνος</span> <span class='ocrx_word' id='word_1_577' title='bbox 394 2191 595 2218; x_wconf 72' lang='grc' dir='ltr'>ἐπανελθόντων</span> <span class='ocrx_word' id='word_1_578' title='bbox 620 2193 751 2228; x_wconf 79' lang='grc' dir='ltr'>ἡγήσατο,</span> <span class='ocrx_word' id='word_1_579' title='bbox 769 2194 783 2219; x_wconf 85' lang='grc' dir='ltr'>ὁ</span> <span class='ocrx_word' id='word_1_580' title='bbox 808 2195 930 2227; x_wconf 83' lang='grc' dir='ltr'>γενναῖος</span> 
     </span>
    </p>
   </div>
   <div class='ocr_carea' id='block_1_55' title="bbox 144 2231 929 2275">
    <p class='ocr_par' dir='ltr' id='par_1_55' title="bbox 144 2231 929 2275">
     <span class='ocr_line' id='line_1_56' title="bbox 144 2231 929 2275; baseline 0.005 -13"><span class='ocrx_word' id='word_1_581' title='bbox 144 2231 223 2268; x_wconf 74' lang='grc' dir='ltr'>οὗτος</span> <span class='ocrx_word' id='word_1_582' title='bbox 238 2237 287 2263; x_wconf 74' lang='grc' dir='ltr'><strong>καὶ</strong></span> <span class='ocrx_word' id='word_1_583' title='bbox 315 2236 470 2272; x_wconf 82' lang='grc' dir='ltr'>θαυμαστὸς</span> <span class='ocrx_word' id='word_1_584' title='bbox 495 2238 670 2273; x_wconf 82' lang='grc' dir='ltr'>ὑπογραφεὺς</span> <span class='ocrx_word' id='word_1_585' title='bbox 691 2238 767 2265; x_wconf 81' lang='grc' dir='ltr'>ταῦτ’</span> <span class='ocrx_word' id='word_1_586' title='bbox 784 2240 929 2275; x_wconf 70' lang='grc' dir='ltr'>ἀγνοήσας,</span> 
     </span>
    </p>
   </div>
   <div class='ocr_carea' id='block_1_56' title="bbox 144 2280 931 2320">
    <p class='ocr_par' dir='ltr' id='par_1_56' title="bbox 144 2280 931 2320">
     <span class='ocr_line' id='line_1_57' title="bbox 144 2280 931 2320; baseline 0.005 -13"><span class='ocrx_word' id='word_1_587' title='bbox 144 2280 236 2316; x_wconf 80' lang='grc' dir='ltr'>τίθησι</span> <span class='ocrx_word' id='word_1_588' title='bbox 251 2282 299 2317; x_wconf 83' lang='grc' dir='ltr'>μὲν</span> <span class='ocrx_word' id='word_1_589' title='bbox 311 2282 357 2309; x_wconf 81' lang='grc' dir='ltr'>τοῦ</span> <span class='ocrx_word' id='word_1_590' title='bbox 370 2283 503 2318; x_wconf 84' lang='grc' dir='ltr'>Ζαχαρίου</span> <span class='ocrx_word' id='word_1_591' title='bbox 527 2283 575 2318; x_wconf 82' lang='grc' dir='ltr'><strong>τὴν</strong></span> <span class='ocrx_word' id='word_1_592' title='bbox 591 2284 673 2317; x_wconf 79' lang='grc' dir='ltr'>λέξιν,</span> <span class='ocrx_word' id='word_1_593' title='bbox 688 2285 721 2311; x_wconf 73' lang='grc' dir='ltr'>δι’</span> <span class='ocrx_word' id='word_1_594' title='bbox 736 2282 770 2319; x_wconf 79' lang='grc' dir='ltr'>ἦς</span> <span class='ocrx_word' id='word_1_595' title='bbox 797 2285 931 2320; x_wconf 80' lang='grc' dir='ltr'>μέμνηται</span> 
     </span>
    </p>
   </div>
   <div class='ocr_carea' id='block_1_57' title="bbox 145 2325 931 2365">
    <p class='ocr_par' dir='ltr' id='par_1_57' title="bbox 145 2325 931 2365">
     <span class='ocr_line' id='line_1_58' title="bbox 145 2325 931 2365; baseline 0.006 -13"><span class='ocrx_word' id='word_1_596' title='bbox 145 2325 194 2353; x_wconf 80' lang='grc' dir='ltr'>τοῦ</span> <span class='ocrx_word' id='word_1_597' title='bbox 211 2327 307 2363; x_wconf 74' lang='grc' dir='ltr'>Ἰησοῦ,</span> <span class='ocrx_word' id='word_1_598' title='bbox 326 2328 434 2364; x_wconf 85' lang='grc' dir='ltr'>μακρὰν</span> <span class='ocrx_word' id='word_1_599' title='bbox 449 2328 536 2364; x_wconf 83' lang='grc' dir='ltr'>δὲτῆς</span> <span class='ocrx_word' id='word_1_600' title='bbox 555 2329 674 2365; x_wconf 79' lang='grc' dir='ltr'>ἱστορίας</span> <span class='ocrx_word' id='word_1_601' title='bbox 694 2330 871 2362; x_wconf 79' lang='grc' dir='ltr'>ἀκοντισθεὶς,</span> <span class='ocrx_word' id='word_1_602' title='bbox 888 2330 931 2357; x_wconf 83' lang='grc' dir='ltr'><strong>λέ-</strong></span> 
     </span>
    </p>
   </div>
   <div class='ocr_carea' id='block_1_58' title="bbox 144 2373 930 2411">
    <p class='ocr_par' dir='ltr' id='par_1_58' title="bbox 144 2373 930 2411">
     <span class='ocr_line' id='line_1_59' title="bbox 144 2373 930 2411; baseline 0.005 -12"><span class='ocrx_word' id='word_1_603' title='bbox 144 2380 204 2406; x_wconf 82' lang='grc' dir='ltr'>γειν</span> <span class='ocrx_word' id='word_1_604' title='bbox 218 2373 297 2401; x_wconf 80' lang='grc' dir='ltr'>αὐτὸν</span> <span class='ocrx_word' id='word_1_605' title='bbox 312 2374 446 2409; x_wconf 73' lang='grc' dir='ltr'>ὑπείληφε</span> <span class='ocrx_word' id='word_1_606' title='bbox 461 2374 517 2410; x_wconf 88' lang='grc'><strong>(67)</strong></span> <span class='ocrx_word' id='word_1_607' title='bbox 535 2376 599 2410; x_wconf 68' lang='grc' dir='ltr'>περὶ</span> <span class='ocrx_word' id='word_1_608' title='bbox 621 2375 707 2411; x_wconf 85' lang='grc' dir='ltr'>Ἰησοῦ</span> <span class='ocrx_word' id='word_1_609' title='bbox 721 2376 859 2407; x_wconf 78' lang='grc' dir='ltr'>Μωῦσέως</span> <span class='ocrx_word' id='word_1_610' title='bbox 874 2375 930 2403; x_wconf 80' lang='grc' dir='ltr'>δια-</span> 
     </span>
    </p>
   </div>
   <div class='ocr_carea' id='block_1_59' title="bbox 181 2419 512 2456">
    <p class='ocr_par' dir='ltr' id='par_1_59' title="bbox 181 2419 512 2456">
     <span class='ocr_line' id='line_1_60' title="bbox 181 2419 512 2456; baseline 0.003 -9"><span class='ocrx_word' id='word_1_611' title='bbox 181 2422 212 2451; x_wconf 73' lang='grc' dir='ltr'><strong>›Ι‹</strong></span> <span class='ocrx_word' id='word_1_612' title='bbox 225 2419 273 2447; x_wconf 83' lang='lat' dir='ltr'><strong>Ed.</strong></span> <span class='ocrx_word' id='word_1_613' title='bbox 291 2421 391 2453; x_wconf 58' lang='lat' dir='ltr'><strong>Paris,</strong></span> <span class='ocrx_word' id='word_1_614' title='bbox 409 2429 467 2456; x_wconf 81' lang='lat' dir='ltr'><strong>pag.</strong></span> <span class='ocrx_word' id='word_1_615' title='bbox 485 2422 512 2449; x_wconf 87' lang='lat'><strong>9.</strong></span> 
     </span>
    </p>
   </div>
   <div class='ocr_carea' id='block_1_60' title="bbox 183 2456 537 2491">
    <p class='ocr_par' dir='ltr' id='par_1_60' title="bbox 183 2456 537 2491">
     <span class='ocr_line' id='line_1_61' title="bbox 183 2456 537 2491; baseline 0.006 -9"><span class='ocrx_word' id='word_1_616' title='bbox 183 2458 212 2486; x_wconf 58' lang='lat' dir='ltr'><strong>at</strong></span> <span class='ocrx_word' id='word_1_617' title='bbox 233 2456 280 2482; x_wconf 78' lang='lat' dir='ltr'><strong>Ed.</strong></span> <span class='ocrx_word' id='word_1_618' title='bbox 301 2456 399 2489; x_wconf 83' lang='lat' dir='ltr'><strong>Paris.,</strong></span> <span class='ocrx_word' id='word_1_619' title='bbox 415 2464 476 2491; x_wconf 77' lang='lat' dir='ltr'><strong>pag.</strong></span> <span class='ocrx_word' id='word_1_620' title='bbox 494 2456 537 2484; x_wconf 76' lang='grc' dir='ltr'>ω.</span> 
     </span>
    </p>
   </div>
   <div class='ocr_carea' id='block_1_61' title="bbox 179 2498 632 2535">
    <p class='ocr_par' dir='ltr' id='par_1_61' title="bbox 179 2498 632 2535">
     <span class='ocr_line' id='line_1_62' title="bbox 179 2498 632 2535; baseline 0.004 -8"><span class='ocrx_word' id='word_1_621' title='bbox 179 2501 202 2518; x_wconf 79' lang='grc'><strong>⁸⁸</strong></span> <span class='ocrx_word' id='word_1_622' title='bbox 218 2498 298 2528; x_wconf 78' lang='lat' dir='ltr'><strong>Joan.</strong></span> <span class='ocrx_word' id='word_1_623' title='bbox 312 2508 331 2533; x_wconf 87' lang='lat' dir='ltr'><strong>t,</strong></span> <span class='ocrx_word' id='word_1_624' title='bbox 346 2499 390 2528; x_wconf 77' lang='grc' dir='ltr'><strong>η.</strong></span> <span class='ocrx_word' id='word_1_625' title='bbox 416 2502 436 2518; x_wconf 85' lang='grc'><strong>²¹</strong></span> <span class='ocrx_word' id='word_1_626' title='bbox 452 2501 535 2528; x_wconf 88' lang='lat' dir='ltr'><strong>Zach.</strong></span> <span class='ocrx_word' id='word_1_627' title='bbox 550 2509 592 2535; x_wconf 85' lang='lat' dir='ltr'><strong>tu,</strong></span> <span class='ocrx_word' id='word_1_628' title='bbox 608 2502 632 2529; x_wconf 89' lang='lat' dir='ltr'><strong>l.</strong></span> 
     </span>
    </p>
   </div>
   <div class='ocr_carea' id='block_1_62' title="bbox 1018 2009 1765 2047">
    <p class='ocr_par' dir='ltr' id='par_1_62' title="bbox 1018 2009 1765 2047">
     <span class='ocr_line' id='line_1_63' title="bbox 1018 2009 1765 2047; baseline 0.001 -10"><span class='ocrx_word' id='word_1_629' title='bbox 1018 2010 1085 2037; x_wconf 86' lang='lat' dir='ltr'><strong>Cum</strong></span> <span class='ocrx_word' id='word_1_630' title='bbox 1101 2009 1230 2045; x_wconf 88' lang='lat' dir='ltr'><strong>propheta</strong></span> <span class='ocrx_word' id='word_1_631' title='bbox 1246 2010 1400 2043; x_wconf 82' lang='lat' dir='ltr'><strong>Zacharias,</strong></span> <span class='ocrx_word' id='word_1_632' title='bbox 1418 2011 1441 2038; x_wconf 83' lang='lat' dir='ltr'><strong>is</strong></span> <span class='ocrx_word' id='word_1_633' title='bbox 1457 2011 1584 2038; x_wconf 81' lang='lat' dir='ltr'><strong>nimirum</strong></span> <span class='ocrx_word' id='word_1_634' title='bbox 1599 2011 1646 2046; x_wconf 90' lang='lat' dir='ltr'><strong>qui</strong></span> <span class='ocrx_word' id='word_1_635' title='bbox 1662 2017 1765 2047; x_wconf 88' lang='lat' dir='ltr'><strong>tempo-</strong></span> 
     </span>
    </p>
   </div>
   <div class='ocr_carea' id='block_1_63' title="bbox 984 2055 1764 2091">
    <p class='ocr_par' dir='ltr' id='par_1_63' title="bbox 984 2055 1764 2091">
     <span class='ocr_line' id='line_1_64' title="bbox 984 2055 1764 2091; baseline 0.003 -8"><span class='ocrx_word' id='word_1_636' title='bbox 984 2063 1013 2083; x_wconf 88' lang='lat' dir='ltr'><strong>re</strong></span> <span class='ocrx_word' id='word_1_637' title='bbox 1031 2056 1133 2083; x_wconf 86' lang='lat' dir='ltr'><strong>reditus</strong></span> <span class='ocrx_word' id='word_1_638' title='bbox 1146 2063 1161 2083; x_wconf 89' lang='lat' dir='ltr'><strong>e</strong></span> <span class='ocrx_word' id='word_1_639' title='bbox 1176 2055 1309 2091; x_wconf 84' lang='lat' dir='ltr'><strong>Babylone</strong></span> <span class='ocrx_word' id='word_1_640' title='bbox 1325 2055 1385 2088; x_wconf 81' lang='lat' dir='ltr'><strong>fuit,</strong></span> <span class='ocrx_word' id='word_1_641' title='bbox 1400 2057 1562 2085; x_wconf 85' lang='lat' dir='ltr'><strong>mentionem</strong></span> <span class='ocrx_word' id='word_1_642' title='bbox 1578 2056 1676 2085; x_wconf 90' lang='lat' dir='ltr'><strong>alicubi</strong></span> <span class='ocrx_word' id='word_1_643' title='bbox 1688 2058 1710 2073; x_wconf 88' lang='lat'>“</span> <span class='ocrx_word' id='word_1_644' title='bbox 1724 2057 1764 2085; x_wconf 77' lang='lat' dir='ltr'><strong>fa-</strong></span> 
     </span>
    </p>
   </div>
   <div class='ocr_carea' id='block_1_64' title="bbox 984 2100 1764 2138">
    <p class='ocr_par' dir='ltr' id='par_1_64' title="bbox 984 2100 1764 2138">
     <span class='ocr_line' id='line_1_65' title="bbox 984 2100 1764 2138; baseline 0.005 -10"><span class='ocrx_word' id='word_1_645' title='bbox 984 2102 1038 2129; x_wconf 85' lang='lat' dir='ltr'><strong>ciat</strong></span> <span class='ocrx_word' id='word_1_646' title='bbox 1058 2100 1121 2130; x_wconf 79' lang='lat' dir='ltr'><strong>Jesu</strong></span> <span class='ocrx_word' id='word_1_647' title='bbox 1136 2102 1274 2137; x_wconf 88' lang='lat' dir='ltr'><strong>pontiﬁcis</strong></span> <span class='ocrx_word' id='word_1_648' title='bbox 1297 2103 1371 2130; x_wconf 87' lang='lat' dir='ltr'><strong>illius</strong></span> <span class='ocrx_word' id='word_1_649' title='bbox 1389 2103 1477 2138; x_wconf 73' lang='lat' dir='ltr'><strong>magni</strong></span> <span class='ocrx_word' id='word_1_650' title='bbox 1489 2123 1497 2136; x_wconf 91' lang='lat'><strong>,</strong></span> <span class='ocrx_word' id='word_1_651' title='bbox 1515 2103 1617 2131; x_wconf 77' lang='lat' dir='ltr'><strong>scilicet</strong></span> <span class='ocrx_word' id='word_1_652' title='bbox 1631 2103 1764 2132; x_wconf 80' lang='lat' dir='ltr'><strong>.losedeeo</strong></span> 
     </span>
    </p>
   </div>
   <div class='ocr_carea' id='block_1_65' title="bbox 982 2148 1766 2185">
    <p class='ocr_par' dir='ltr' id='par_1_65' title="bbox 982 2148 1766 2185">
     <span class='ocr_line' id='line_1_66' title="bbox 982 2148 1766 2185; baseline 0.004 -10"><span class='ocrx_word' id='word_1_653' title='bbox 982 2148 1075 2182; x_wconf 76' lang='lat' dir='ltr'><strong>geniti,</strong></span> <span class='ocrx_word' id='word_1_654' title='bbox 1087 2148 1132 2184; x_wconf 90' lang='lat' dir='ltr'><strong>qui</strong></span> <span class='ocrx_word' id='word_1_655' title='bbox 1150 2156 1202 2176; x_wconf 88' lang='lat' dir='ltr'><strong>una</strong></span> <span class='ocrx_word' id='word_1_656' title='bbox 1222 2156 1282 2176; x_wconf 92' lang='lat' dir='ltr'><strong>curn</strong></span> <span class='ocrx_word' id='word_1_657' title='bbox 1306 2148 1482 2181; x_wconf 77' lang='lat' dir='ltr'><strong>Zorobabelc,</strong></span> <span class='ocrx_word' id='word_1_658' title='bbox 1497 2150 1648 2185; x_wconf 87' lang='lat' dir='ltr'><strong>principatu</strong></span> <span class='ocrx_word' id='word_1_659' title='bbox 1670 2150 1766 2185; x_wconf 76' lang='lat' dir='ltr'><strong>iunge-</strong></span> 
     </span>
    </p>
   </div>
   <div class='ocr_carea' id='block_1_66' title="bbox 983 2194 1765 2232">
    <p class='ocr_par' dir='ltr' id='par_1_66' title="bbox 983 2194 1765 2232">
     <span class='ocr_line' id='line_1_67' title="bbox 983 2194 1765 2232; baseline 0.004 -12"><span class='ocrx_word' id='word_1_660' title='bbox 983 2194 1063 2222; x_wconf 83' lang='lat' dir='ltr'><strong>batur</strong></span> <span class='ocrx_word' id='word_1_661' title='bbox 1088 2195 1159 2222; x_wconf 86' lang='lat' dir='ltr'><strong>inter</strong></span> <span class='ocrx_word' id='word_1_662' title='bbox 1173 2194 1289 2228; x_wconf 66' lang='lat' dir='ltr'><strong>ludens,</strong></span> <span class='ocrx_word' id='word_1_663' title='bbox 1306 2195 1351 2230; x_wconf 91' lang='lat' dir='ltr'><strong>qui</strong></span> <span class='ocrx_word' id='word_1_664' title='bbox 1372 2196 1404 2223; x_wconf 90' lang='lat' dir='ltr'><strong>de</strong></span> <span class='ocrx_word' id='word_1_665' title='bbox 1428 2195 1562 2232; x_wconf 82' lang='lat' dir='ltr'><strong>Babylone</strong></span> <span class='ocrx_word' id='word_1_666' title='bbox 1594 2196 1765 2224; x_wconf 76' lang='lat' dir='ltr'><strong>reverteban-</strong></span> 
     </span>
    </p>
   </div>
   <div class='ocr_carea' id='block_1_67' title="bbox 985 2240 1763 2276">
    <p class='ocr_par' dir='ltr' id='par_1_67' title="bbox 985 2240 1763 2276">
     <span class='ocr_line' id='line_1_68' title="bbox 985 2240 1763 2276; baseline 0 -9"><span class='ocrx_word' id='word_1_667' title='bbox 985 2246 1039 2273; x_wconf 90' lang='lat' dir='ltr'><strong>tur,</strong></span> <span class='ocrx_word' id='word_1_668' title='bbox 1054 2240 1202 2275; x_wconf 61' lang='lat' dir='ltr'><strong>praeclarus</strong></span> <span class='ocrx_word' id='word_1_669' title='bbox 1218 2241 1268 2268; x_wconf 88' lang='lat' dir='ltr'><strong>iste</strong></span> <span class='ocrx_word' id='word_1_670' title='bbox 1283 2245 1310 2268; x_wconf 91' lang='lat' dir='ltr'><strong>et</strong></span> <span class='ocrx_word' id='word_1_671' title='bbox 1324 2241 1452 2269; x_wconf 86' lang='lat' dir='ltr'><strong>miriﬁcus</strong></span> <span class='ocrx_word' id='word_1_672' title='bbox 1466 2249 1531 2269; x_wconf 85' lang='lat' dir='ltr'><strong>sane</strong></span> <span class='ocrx_word' id='word_1_673' title='bbox 1540 2242 1694 2276; x_wconf 63' lang='grc' dir='ltr'>εει-ἰριοτῶ</span> <span class='ocrx_word' id='word_1_674' title='bbox 1712 2241 1763 2268; x_wconf 88' lang='lat' dir='ltr'><strong>ho-</strong></span> 
     </span>
    </p>
   </div>
   <div class='ocr_carea' id='block_1_68' title="bbox 985 2286 1760 2321">
    <p class='ocr_par' dir='ltr' id='par_1_68' title="bbox 985 2286 1760 2321">
     <span class='ocr_line' id='line_1_69' title="bbox 985 2286 1760 2321; baseline 0 -9"><span class='ocrx_word' id='word_1_675' title='bbox 985 2293 1044 2312; x_wconf 91' lang='lat' dir='ltr'><strong>rum</strong></span> <span class='ocrx_word' id='word_1_676' title='bbox 1064 2287 1183 2313; x_wconf 88' lang='lat' dir='ltr'><strong>omnium</strong></span> <span class='ocrx_word' id='word_1_677' title='bbox 1208 2287 1327 2321; x_wconf 79' lang='lat' dir='ltr'><strong>ignarus,</strong></span> <span class='ocrx_word' id='word_1_678' title='bbox 1344 2286 1482 2314; x_wconf 68' lang='lat' dir='ltr'><strong>Zachariae</strong></span> <span class='ocrx_word' id='word_1_679' title='bbox 1501 2287 1582 2313; x_wconf 86' lang='lat' dir='ltr'><strong>verba</strong></span> <span class='ocrx_word' id='word_1_680' title='bbox 1596 2287 1701 2320; x_wconf 86' lang='lat' dir='ltr'><strong>quidem</strong></span> <span class='ocrx_word' id='word_1_681' title='bbox 1718 2286 1760 2312; x_wconf 88' lang='lat' dir='ltr'><strong>illa</strong></span> 
     </span>
    </p>
   </div>
   <div class='ocr_carea' id='block_1_69' title="bbox 985 2331 1763 2366">
    <p class='ocr_par' dir='ltr' id='par_1_69' title="bbox 985 2331 1763 2366">
     <span class='ocr_line' id='line_1_70' title="bbox 985 2331 1763 2366; baseline -0.001 -8"><span class='ocrx_word' id='word_1_682' title='bbox 985 2332 1059 2364; x_wconf 87' lang='lat' dir='ltr'><strong>citat,</strong></span> <span class='ocrx_word' id='word_1_683' title='bbox 1076 2340 1136 2366; x_wconf 76' lang='lat' dir='ltr'><strong>quae</strong></span> <span class='ocrx_word' id='word_1_684' title='bbox 1158 2331 1220 2360; x_wconf 68' lang='lat' dir='ltr'><strong>Iesu</strong></span> <span class='ocrx_word' id='word_1_685' title='bbox 1247 2333 1319 2360; x_wconf 89' lang='lat' dir='ltr'><strong>illius</strong></span> <span class='ocrx_word' id='word_1_686' title='bbox 1342 2332 1531 2364; x_wconf 88' lang='lat' dir='ltr'><strong>meminerunt,</strong></span> <span class='ocrx_word' id='word_1_687' title='bbox 1547 2331 1593 2359; x_wconf 85' lang='lat' dir='ltr'><strong>sed</strong></span> <span class='ocrx_word' id='word_1_688' title='bbox 1608 2339 1622 2357; x_wconf 94' lang='lat' dir='ltr'><strong>a</strong></span> <span class='ocrx_word' id='word_1_689' title='bbox 1640 2338 1719 2358; x_wconf 87' lang='lat' dir='ltr'><strong>sensu</strong></span> <span class='ocrx_word' id='word_1_690' title='bbox 1736 2335 1763 2358; x_wconf 88' lang='lat' dir='ltr'><strong>et</strong></span> 
     </span>
    </p>
   </div>
   <div class='ocr_carea' id='block_1_70' title="bbox 984 2375 1761 2411">
    <p class='ocr_par' dir='ltr' id='par_1_70' title="bbox 984 2375 1761 2411">
     <span class='ocr_line' id='line_1_71' title="bbox 984 2375 1761 2411; baseline -0.001 -8"><span class='ocrx_word' id='word_1_691' title='bbox 984 2377 1119 2404; x_wconf 86' lang='lat' dir='ltr'><strong>sententia</strong></span> <span class='ocrx_word' id='word_1_692' title='bbox 1140 2378 1303 2406; x_wconf 84' lang='lat' dir='ltr'><strong>narrationis</strong></span> <span class='ocrx_word' id='word_1_693' title='bbox 1328 2377 1401 2405; x_wconf 88' lang='lat' dir='ltr'><strong>illius</strong></span> <span class='ocrx_word' id='word_1_694' title='bbox 1420 2377 1521 2405; x_wconf 89' lang='lat' dir='ltr'><strong>recedit</strong></span> <span class='ocrx_word' id='word_1_695' title='bbox 1540 2384 1620 2411; x_wconf 93' lang='lat' dir='ltr'><strong>quam</strong></span> <span class='ocrx_word' id='word_1_696' title='bbox 1636 2375 1761 2411; x_wconf 78' lang='lat' dir='ltr'><strong>longissi-</strong></span> 
     </span>
    </p>
   </div>
   <div class='ocr_carea' id='block_1_71' title="bbox 178 2553 930 2595">
    <p class='ocr_par' dir='ltr' id='par_1_71' title="bbox 178 2556 926 2595">
     <span class='ocr_line' id='line_1_72' title="bbox 178 2556 926 2595; baseline 0.001 -10"><span class='ocrx_word' id='word_1_697' title='bbox 178 2556 382 2595; x_wconf 63' lang='lat' dir='ltr'><strong>(66)_Cont_i_net</strong></span> <span class='ocrx_word' id='word_1_698' title='bbox 396 2556 555 2595; x_wconf 77' lang='lat' dir='ltr'><strong>hoc__caput</strong></span> <span class='ocrx_word' id='word_1_699' title='bbox 575 2558 759 2595; x_wconf 78' lang='lat' dir='ltr'><strong>velitationem</strong></span> <span class='ocrx_word' id='word_1_700' title='bbox 781 2560 926 2593; x_wconf 88' lang='lat' dir='ltr'><strong>quamdam</strong></span> 
     </span>
    </p>
   </div>
   <div class='ocr_carea' id='block_1_72' title="bbox 983 2553 1763 2595">
    <p class='ocr_par' dir='ltr' id='par_1_72' title="bbox 983 2558 1763 2595">
     <span class='ocr_line' id='line_1_73' title="bbox 983 2558 1763 2595; baseline -0.001 -10"><span class='ocrx_word' id='word_1_701' title='bbox 983 2559 1100 2595; x_wconf 60' lang='grc' dir='ltr'>ξνόησεν.</span> <span class='ocrx_word' id='word_1_702' title='bbox 1122 2558 1209 2592; x_wconf 78' lang='lat' dir='ltr'><strong>Male;</strong></span> <span class='ocrx_word' id='word_1_703' title='bbox 1239 2564 1366 2586; x_wconf 76' lang='lat' dir='ltr'><strong>czeterum</strong></span> <span class='ocrx_word' id='word_1_704' title='bbox 1392 2559 1470 2585; x_wconf 81' lang='lat' dir='ltr'><strong>codd.</strong></span> <span class='ocrx_word' id='word_1_705' title='bbox 1491 2558 1601 2584; x_wconf 81' lang='grc' dir='ltr'>ὲλάθετο</span> <span class='ocrx_word' id='word_1_706' title='bbox 1622 2558 1680 2585; x_wconf 88' lang='lat' dir='ltr'><strong>loco</strong></span> <span class='ocrx_word' id='word_1_707' title='bbox 1703 2558 1763 2585; x_wconf 69' lang='grc' dir='ltr'>ἔλα-α</span> 
     </span>
    </p>
   </div>
   <div class='ocr_carea' id='block_1_73' title="bbox 144 2591 925 2628">
    <p class='ocr_par' dir='ltr' id='par_1_73' title="bbox 144 2591 925 2628">
     <span class='ocr_line' id='line_1_74' title="bbox 144 2591 925 2628; baseline 0.004 -10"><span class='ocrx_word' id='word_1_708' title='bbox 144 2592 215 2628; x_wconf 71' lang='lat' dir='ltr'><strong>inter</strong></span> <span class='ocrx_word' id='word_1_709' title='bbox 227 2591 383 2628; x_wconf 66' lang='lat' dir='ltr'><strong>Mart-ellum</strong></span> <span class='ocrx_word' id='word_1_710' title='bbox 398 2597 424 2619; x_wconf 87' lang='lat' dir='ltr'><strong>et</strong></span> <span class='ocrx_word' id='word_1_711' title='bbox 446 2592 603 2628; x_wconf 84' lang='lat' dir='ltr'><strong>Eusebium,</strong></span> <span class='ocrx_word' id='word_1_712' title='bbox 624 2594 656 2620; x_wconf 87' lang='lat' dir='ltr'><strong>de</strong></span> <span class='ocrx_word' id='word_1_713' title='bbox 679 2594 743 2620; x_wconf 84' lang='lat' dir='ltr'><strong>locis</strong></span> <span class='ocrx_word' id='word_1_714' title='bbox 766 2591 925 2628; x_wconf 82' lang='lat' dir='ltr'><strong>quibusdam</strong></span> 
     </span>
    </p>
   </div>
   <div class='ocr_carea' id='block_1_74' title="bbox 144 2626 926 2661">
    <p class='ocr_par' dir='ltr' id='par_1_74' title="bbox 144 2626 926 2661">
     <span class='ocr_line' id='line_1_75' title="bbox 144 2626 926 2661; baseline 0.001 -7"><span class='ocrx_word' id='word_1_715' title='bbox 144 2628 169 2654; x_wconf 88' lang='lat' dir='ltr'><strong>in</strong></span> <span class='ocrx_word' id='word_1_716' title='bbox 182 2626 332 2661; x_wconf 86' lang='lat' dir='ltr'><strong>Scripturis</strong></span> <span class='ocrx_word' id='word_1_717' title='bbox 346 2627 527 2654; x_wconf 84' lang='lat' dir='ltr'><strong>sacrosanctis</strong></span> <span class='ocrx_word' id='word_1_718' title='bbox 543 2635 684 2661; x_wconf 85' lang='lat' dir='ltr'><strong>perperam</strong></span> <span class='ocrx_word' id='word_1_719' title='bbox 707 2626 858 2659; x_wconf 71' lang='lat' dir='ltr'><strong>intellectis,</strong></span> <span class='ocrx_word' id='word_1_720' title='bbox 874 2630 926 2656; x_wconf 71' lang='grc' dir='ltr'><strong>δηι-</strong></span> 
     </span>
    </p>
   </div>
   <div class='ocr_carea' id='block_1_75' title="bbox 145 2662 924 2693">
    <p class='ocr_par' dir='ltr' id='par_1_75' title="bbox 145 2662 924 2693">
     <span class='ocr_line' id='line_1_76' title="bbox 145 2662 924 2693; baseline 0.003 -5"><span class='ocrx_word' id='word_1_721' title='bbox 145 2667 198 2689; x_wconf 90' lang='lat' dir='ltr'><strong>tem</strong></span> <span class='ocrx_word' id='word_1_722' title='bbox 213 2667 243 2688; x_wconf 90' lang='lat' dir='ltr'><strong>ut</strong></span> <span class='ocrx_word' id='word_1_723' title='bbox 267 2666 362 2689; x_wconf 86' lang='lat' dir='ltr'><strong>nostro</strong></span> <span class='ocrx_word' id='word_1_724' title='bbox 377 2662 518 2688; x_wconf 85' lang='lat' dir='ltr'><strong>videbatur</strong></span> <span class='ocrx_word' id='word_1_725' title='bbox 543 2662 667 2693; x_wconf 85' lang='lat' dir='ltr'><strong>Eusebio.</strong></span> <span class='ocrx_word' id='word_1_726' title='bbox 695 2671 709 2690; x_wconf 84' lang='lat' dir='ltr'><strong>a</strong></span> <span class='ocrx_word' id='word_1_727' title='bbox 734 2664 870 2690; x_wconf 84' lang='lat' dir='ltr'><strong>Marcello.</strong></span> <span class='ocrx_word' id='word_1_728' title='bbox 897 2664 924 2690; x_wconf 93' lang='lat' dir='ltr'><strong>In</strong></span> 
     </span>
    </p>
   </div>
   <div class='ocr_carea' id='block_1_76' title="bbox 145 2696 929 2734">
    <p class='ocr_par' dir='ltr' id='par_1_76' title="bbox 145 2696 929 2734">
     <span class='ocr_line' id='line_1_77' title="bbox 145 2696 929 2734; baseline 0.004 -12"><span class='ocrx_word' id='word_1_729' title='bbox 145 2698 244 2734; x_wconf 70' lang='lat' dir='ltr'><strong>quibus</strong></span> <span class='ocrx_word' id='word_1_730' title='bbox 260 2696 418 2734; x_wconf 75' lang='lat' dir='ltr'><strong>plerumque</strong></span> <span class='ocrx_word' id='word_1_731' title='bbox 434 2696 590 2734; x_wconf 60' lang='grc' dir='ltr'>λεῃτολογεϊ</span> <span class='ocrx_word' id='word_1_732' title='bbox 612 2699 625 2724; x_wconf 85' lang='grc' dir='ltr'>ὁ</span> <span class='ocrx_word' id='word_1_733' title='bbox 649 2697 831 2734; x_wconf 72' lang='grc' dir='ltr'>ξυγγραφεὺς,</span> <span class='ocrx_word' id='word_1_734' title='bbox 848 2699 929 2734; x_wconf 19' lang='grc' dir='ltr'>οιγιίο</span> 
     </span>
    </p>
   </div>
   <div class='ocr_carea' id='block_1_77' title="bbox 145 2731 924 2767">
    <p class='ocr_par' dir='ltr' id='par_1_77' title="bbox 145 2731 924 2767">
     <span class='ocr_line' id='line_1_78' title="bbox 145 2731 924 2767; baseline 0.003 -9"><span class='ocrx_word' id='word_1_735' title='bbox 145 2731 206 2759; x_wconf 63' lang='lat' dir='ltr'><strong>lana</strong></span> <span class='ocrx_word' id='word_1_736' title='bbox 220 2731 330 2767; x_wconf 69' lang='lat' dir='ltr'><strong>caprina</strong></span> <span class='ocrx_word' id='word_1_737' title='bbox 341 2732 441 2767; x_wconf 74' lang='lat' dir='ltr'><strong>litigat.</strong></span> <span class='ocrx_word' id='word_1_738' title='bbox 459 2732 601 2759; x_wconf 84' lang='lat' dir='ltr'><strong>Concludit</strong></span> <span class='ocrx_word' id='word_1_739' title='bbox 613 2731 783 2766; x_wconf 66' lang='lat' dir='ltr'><strong>autem‘eum,</strong></span> <span class='ocrx_word' id='word_1_740' title='bbox 798 2734 843 2767; x_wconf 91' lang='lat' dir='ltr'><strong>qui</strong></span> <span class='ocrx_word' id='word_1_741' title='bbox 857 2733 924 2760; x_wconf 84' lang='lat' dir='ltr'><strong>adeo</strong></span> 
     </span>
    </p>
   </div>
   <div class='ocr_carea' id='block_1_78' title="bbox 147 2766 930 2801">
    <p class='ocr_par' dir='ltr' id='par_1_78' title="bbox 147 2766 930 2801">
     <span class='ocr_line' id='line_1_79' title="bbox 147 2766 930 2801; baseline 0.003 -8"><span class='ocrx_word' id='word_1_742' title='bbox 147 2766 287 2801; x_wconf 81' lang='lat' dir='ltr'><strong>pueriliter</strong></span> <span class='ocrx_word' id='word_1_743' title='bbox 304 2766 494 2800; x_wconf 86' lang='lat' dir='ltr'><strong>balluciuetur,</strong></span> <span class='ocrx_word' id='word_1_744' title='bbox 517 2768 626 2794; x_wconf 88' lang='lat' dir='ltr'><strong>minime</strong></span> <span class='ocrx_word' id='word_1_745' title='bbox 645 2766 880 2795; x_wconf 28' lang='lat' dir='ltr'><strong>autliendum’esse</strong></span> <span class='ocrx_word' id='word_1_746' title='bbox 903 2768 930 2795; x_wconf 90' lang='lat' dir='ltr'><strong>iu</strong></span> 
     </span>
    </p>
   </div>
   <div class='ocr_carea' id='block_1_79' title="bbox 143 2801 933 2837">
    <p class='ocr_par' dir='ltr' id='par_1_79' title="bbox 143 2801 933 2837">
     <span class='ocr_line' id='line_1_80' title="bbox 143 2801 933 2837; baseline 0 -8"><span class='ocrx_word' id='word_1_747' title='bbox 143 2807 170 2837; x_wconf 74' lang='lat' dir='ltr'><strong>et</strong></span> <span class='ocrx_word' id='word_1_748' title='bbox 185 2801 220 2829; x_wconf 83' lang='lat' dir='ltr'><strong>de</strong></span> <span class='ocrx_word' id='word_1_749' title='bbox 238 2801 320 2828; x_wconf 84' lang='lat' dir='ltr'><strong>rebus</strong></span> <span class='ocrx_word' id='word_1_750' title='bbox 337 2801 494 2837; x_wconf 77' lang='lat' dir='ltr'><strong>Iheologicis</strong></span> <span class='ocrx_word' id='word_1_751' title='bbox 512 2803 700 2829; x_wconf 85' lang='lat' dir='ltr'><strong>disserentem.</strong></span> <span class='ocrx_word' id='word_1_752' title='bbox 717 2803 819 2830; x_wconf 80' lang='lat' dir='ltr'><strong>Textus</strong></span> <span class='ocrx_word' id='word_1_753' title='bbox 842 2803 878 2830; x_wconf 90' lang='lat' dir='ltr'><strong>illi</strong></span> <span class='ocrx_word' id='word_1_754' title='bbox 899 2803 933 2829; x_wconf 89' lang='lat' dir='ltr'><strong>de</strong></span> 
     </span>
    </p>
   </div>
   <div class='ocr_carea' id='block_1_80' title="bbox 144 2836 932 2878">
    <p class='ocr_par' dir='ltr' id='par_1_80' title="bbox 144 2836 932 2878">
     <span class='ocr_line' id='line_1_81' title="bbox 144 2836 932 2878; baseline 0.001 -14"><span class='ocrx_word' id='word_1_755' title='bbox 144 2836 290 2878; x_wconf 76' lang='lat' dir='ltr'><strong>Scriptnris</strong></span> <span class='ocrx_word' id='word_1_756' title='bbox 313 2836 382 2878; x_wconf 73' lang='lat' dir='ltr'><strong>male</strong></span> <span class='ocrx_word' id='word_1_757' title='bbox 395 2836 497 2878; x_wconf 69' lang='lat' dir='ltr'><strong>accepti</strong></span> <span class='ocrx_word' id='word_1_758' title='bbox 515 2842 672 2878; x_wconf 58' lang='lat' dir='ltr'><strong>sequuttttt-I&#39;.</strong></span> <span class='ocrx_word' id='word_1_759' title='bbox 690 2836 763 2878; x_wconf 61' lang='lat' dir='ltr'><strong>M:—</strong></span> <span class='ocrx_word' id='word_1_760' title='bbox 778 2837 837 2878; x_wconf 42' lang='lat' dir='ltr'><strong>illo;</strong></span> <span class='ocrx_word' id='word_1_761' title='bbox 853 2837 932 2878; x_wconf 66' lang='lat' dir='ltr'><strong>vung</strong></span> 
     </span>
    </p>
   </div>
   <div class='ocr_carea' id='block_1_81' title="bbox 142 2845 930 2912">
    <p class='ocr_par' dir='ltr' id='par_1_81' title="bbox 142 2845 930 2912">
     <span class='ocr_line' id='line_1_82' title="bbox 144 2845 930 2898; baseline 0.001 -34"><span class='ocrx_word' id='word_1_762' title='bbox 144 2845 290 2871; x_wconf 68' lang='grc' dir='ltr'>δοτιριιιηε</span> <span class='ocrx_word' id='word_1_763' title='bbox 313 2845 382 2863; x_wconf 77' lang='lat' dir='ltr'><strong>male</strong></span> <span class='ocrx_word' id='word_1_764' title='bbox 395 2845 497 2870; x_wconf 76' lang='lat' dir='ltr'><strong>accepti</strong></span> <span class='ocrx_word' id='word_1_765' title='bbox 515 2845 672 2878; x_wconf 80' lang='lat' dir='ltr'><strong>sequuntur.</strong></span> <span class='ocrx_word' id='word_1_766' title='bbox 690 2845 763 2863; x_wconf 76' lang='lat' dir='ltr'><strong>at.—</strong></span> <span class='ocrx_word' id='word_1_767' title='bbox 778 2845 837 2864; x_wconf 83' lang='lat' dir='ltr'><strong>:uox</strong></span> <span class='ocrx_word' id='word_1_768' title='bbox 853 2845 930 2898; x_wconf 57' lang='lat' dir='ltr'><strong>vulgo</strong></span> 
     </span>
     <span class='ocr_line' id='line_1_83' title="bbox 142 2870 930 2912; baseline 0.001 -15"><span class='ocrx_word' id='word_1_769' title='bbox 142 2878 195 2912; x_wconf 66' lang='grc' dir='ltr'>γιν.</span> <span class='ocrx_word' id='word_1_770' title='bbox 214 2876 248 2912; x_wconf 55' lang='lat' dir='ltr'><strong>et</strong></span> <span class='ocrx_word' id='word_1_771' title='bbox 258 2870 410 2912; x_wconf 79' lang='grc' dir='ltr'>ἀρχιερέως</span> <span class='ocrx_word' id='word_1_772' title='bbox 426 2871 485 2899; x_wconf 80' lang='lat' dir='ltr'><strong>loco</strong></span> <span class='ocrx_word' id='word_1_773' title='bbox 498 2871 572 2912; x_wconf 41' lang='grc' dir='ltr'><strong>τοῦι..</strong></span> <span class='ocrx_word' id='word_1_774' title='bbox 586 2877 612 2899; x_wconf 83' lang='lat' dir='ltr'><strong>et</strong></span> <span class='ocrx_word' id='word_1_775' title='bbox 634 2871 759 2912; x_wconf 53' lang='grc' dir='ltr'><strong>ςιωσηδξκ</strong></span> <span class='ocrx_word' id='word_1_776' title='bbox 772 2877 798 2899; x_wconf 92' lang='lat' dir='ltr'><strong>et</strong></span> <span class='ocrx_word' id='word_1_777' title='bbox 812 2872 897 2912; x_wconf 75' lang='grc' dir='ltr'>Ζοροῆ</span> <span class='ocrx_word' id='word_1_778' title='bbox 921 2888 930 2893; x_wconf 94' lang='grc'><strong><em>-</em></strong></span> 
     </span>
    </p>
   </div>
   <div class='ocr_carea' id='block_1_82' title="bbox 95 2905 924 2942">
    <p class='ocr_par' dir='ltr' id='par_1_82' title="bbox 95 2905 924 2942">
     <span class='ocr_line' id='line_1_84' title="bbox 95 2905 924 2942; baseline 0.004 -10"><span class='ocrx_word' id='word_1_779' title='bbox 95 2908 107 2918; x_wconf 80' lang='lat'><strong><em>‘</em></strong></span> <span class='ocrx_word' id='word_1_780' title='bbox 143 2905 202 2941; x_wconf 75' lang='grc' dir='ltr'>δηλ.</span> <span class='ocrx_word' id='word_1_781' title='bbox 229 2905 364 2934; x_wconf 76' lang='lat' dir='ltr'><strong>Porro-iu</strong></span> <span class='ocrx_word' id='word_1_782' title='bbox 387 2914 458 2934; x_wconf 86' lang='lat' dir='ltr'><strong>corr.</strong></span> <span class='ocrx_word' id='word_1_783' title='bbox 479 2908 521 2934; x_wconf 85' lang='lat' dir='ltr'><strong>ed.</strong></span> <span class='ocrx_word' id='word_1_784' title='bbox 548 2907 577 2934; x_wconf 83' lang='lat' dir='ltr'><strong>l’.</strong></span> <span class='ocrx_word' id='word_1_785' title='bbox 598 2916 607 2932; x_wconf 78' lang='grc' dir='ltr'><strong>ι</strong></span> <span class='ocrx_word' id='word_1_786' title='bbox 634 2907 662 2934; x_wconf 66' lang='grc' dir='ltr'>ιι.</span> <span class='ocrx_word' id='word_1_787' title='bbox 681 2905 817 2942; x_wconf 59' lang='grc' dir='ltr'>ὲὺνόησεν.</span> <span class='ocrx_word' id='word_1_788' title='bbox 839 2905 924 2935; x_wconf 57' lang='lat' dir='ltr'><strong>{loco</strong></span> 
     </span>
    </p>
   </div>
   <div class='ocr_carea' id='block_1_83' title="bbox 982 2594 1763 2665">
    <p class='ocr_par' dir='ltr' id='par_1_83' title="bbox 982 2594 1763 2665">
     <span class='ocr_line' id='line_1_85' title="bbox 982 2594 1763 2665; baseline 0.009 0"><span class='ocrx_word' id='word_1_789' title='bbox 982 2594 1071 2665; x_wconf 49' lang='lat' dir='ltr'><strong>,ealé&#39;l)</strong></span> <span class='ocrx_word' id='word_1_790' title='bbox 1081 2628 1155 2665; x_wconf 76' lang='grc' dir='ltr'>Περὶ</span> <span class='ocrx_word' id='word_1_791' title='bbox 1170 2628 1265 2665; x_wconf 71' lang='grc' dir='ltr'>Ἰησοῦ</span> <span class='ocrx_word' id='word_1_792' title='bbox 1275 2626 1422 2665; x_wconf 71' lang='grc' dir='ltr'><strong>Μωυσέῳς</strong></span> <span class='ocrx_word' id='word_1_793' title='bbox 1436 2627 1586 2665; x_wconf 64' lang='grc' dir='ltr'>διαδόχουι</span> <span class='ocrx_word' id='word_1_794' title='bbox 1598 2627 1641 2665; x_wconf 62' lang='lat' dir='ltr'><strong>All</strong></span> <span class='ocrx_word' id='word_1_795' title='bbox 1651 2627 1763 2665; x_wconf 58' lang='lat' dir='ltr'><strong>Mem&quot;</strong></span> 
     </span>
    </p>
   </div>
   <div class='ocr_carea' id='block_1_84' title="bbox 980 2663 1762 2698">
    <p class='ocr_par' dir='ltr' id='par_1_84' title="bbox 980 2663 1762 2698">
     <span class='ocr_line' id='line_1_86' title="bbox 980 2663 1762 2698; baseline -0.004 -7"><span class='ocrx_word' id='word_1_796' title='bbox 980 2663 1046 2694; x_wconf 82' lang='lat' dir='ltr'><strong>lum.</strong></span> <span class='ocrx_word' id='word_1_797' title='bbox 1057 2663 1143 2691; x_wconf 79' lang='lat' dir='ltr'><strong>locum</strong></span> <span class='ocrx_word' id='word_1_798' title='bbox 1154 2672 1168 2690; x_wconf 89' lang='lat' dir='ltr'><strong>e</strong></span> <span class='ocrx_word' id='word_1_799' title='bbox 1190 2663 1327 2690; x_wconf 66' lang='lat' dir='ltr'><strong>Zacharim</strong></span> <span class='ocrx_word' id='word_1_800' title='bbox 1337 2663 1416 2689; x_wconf 83' lang='lat' dir='ltr'><strong>tertio</strong></span> <span class='ocrx_word' id='word_1_801' title='bbox 1429 2664 1520 2698; x_wconf 81' lang='lat' dir='ltr'><strong>capit_.,</strong></span> <span class='ocrx_word' id='word_1_802' title='bbox 1531 2670 1602 2689; x_wconf 81' lang='lat' dir='ltr'><strong>vers.</strong></span> <span class='ocrx_word' id='word_1_803' title='bbox 1615 2664 1639 2695; x_wconf 83' lang='lat' dir='ltr'><strong>l,</strong></span> <span class='ocrx_word' id='word_1_804' title='bbox 1650 2663 1693 2698; x_wconf 78' lang='lat' dir='ltr'><strong>ubi</strong></span> <span class='ocrx_word' id='word_1_805' title='bbox 1704 2664 1762 2698; x_wconf 74' lang='lat' dir='ltr'><strong>agi-</strong></span> 
     </span>
    </p>
   </div>
   <div class='ocr_carea' id='block_1_85' title="bbox 983 2695 1763 2732">
    <p class='ocr_par' dir='ltr' id='par_1_85' title="bbox 983 2695 1763 2732">
     <span class='ocr_line' id='line_1_87' title="bbox 983 2695 1763 2732; baseline 0.001 -8"><span class='ocrx_word' id='word_1_806' title='bbox 983 2704 1027 2725; x_wconf 85' lang='lat' dir='ltr'><strong>tur</strong></span> <span class='ocrx_word' id='word_1_807' title='bbox 1036 2699 1068 2725; x_wconf 87' lang='lat' dir='ltr'><strong>de</strong></span> <span class='ocrx_word' id='word_1_808' title='bbox 1084 2698 1146 2726; x_wconf 84' lang='lat' dir='ltr'><strong>Jesu</strong></span> <span class='ocrx_word' id='word_1_809' title='bbox 1162 2698 1292 2728; x_wconf 84' lang='lat' dir='ltr'><strong>Josedeci.</strong></span> <span class='ocrx_word' id='word_1_810' title='bbox 1311 2697 1437 2732; x_wconf 62' lang='lat' dir='ltr'><strong>pontiﬁce</strong></span> <span class='ocrx_word' id='word_1_811' title='bbox 1455 2695 1480 2724; x_wconf 82' lang='lat' dir='ltr'><strong>in</strong></span> <span class='ocrx_word' id='word_1_812' title='bbox 1491 2695 1585 2729; x_wconf 88' lang='lat' dir='ltr'><strong>lsrael,</strong></span> <span class='ocrx_word' id='word_1_813' title='bbox 1600 2698 1626 2724; x_wconf 90' lang='lat' dir='ltr'><strong>in</strong></span> <span class='ocrx_word' id='word_1_814' title='bbox 1640 2695 1734 2724; x_wconf 66' lang='lat' dir='ltr'><strong>reditu&#39;</strong></span> <span class='ocrx_word' id='word_1_815' title='bbox 1747 2706 1763 2725; x_wconf 79' lang='grc' dir='ltr'><strong>ο</strong></span> 
     </span>
    </p>
   </div>
   <div class='ocr_carea' id='block_1_86' title="bbox 982 2731 1762 2768">
    <p class='ocr_par' dir='ltr' id='par_1_86' title="bbox 982 2731 1762 2768">
     <span class='ocr_line' id='line_1_88' title="bbox 982 2731 1762 2768; baseline -0.001 -7"><span class='ocrx_word' id='word_1_816' title='bbox 982 2734 1128 2768; x_wconf 88' lang='lat' dir='ltr'><strong>Babylone,</strong></span> <span class='ocrx_word' id='word_1_817' title='bbox 1144 2735 1178 2759; x_wconf 85' lang='lat' dir='ltr'><strong>ab</strong></span> <span class='ocrx_word' id='word_1_818' title='bbox 1199 2741 1230 2759; x_wconf 87' lang='lat' dir='ltr'><strong>eo</strong></span> <span class='ocrx_word' id='word_1_819' title='bbox 1244 2733 1278 2768; x_wconf 86' lang='lat' dir='ltr'><strong>de</strong></span> <span class='ocrx_word' id='word_1_820' title='bbox 1288 2731 1361 2759; x_wconf 78' lang='lat' dir='ltr'><strong>Jesu.</strong></span> <span class='ocrx_word' id='word_1_821' title='bbox 1381 2731 1447 2768; x_wconf 72' lang='lat' dir='ltr'><strong>Nam</strong></span> <span class='ocrx_word' id='word_1_822' title='bbox 1464 2732 1562 2768; x_wconf 85' lang='lat' dir='ltr'><strong>Moysis</strong></span> <span class='ocrx_word' id='word_1_823' title='bbox 1578 2739 1762 2768; x_wconf 64' lang='lat' dir='ltr'><strong>successuram</strong></span> 
     </span>
    </p>
   </div>
   <div class='ocr_carea' id='block_1_87' title="bbox 984 2767 1762 2802">
    <p class='ocr_par' dir='ltr' id='par_1_87' title="bbox 984 2767 1762 2802">
     <span class='ocr_line' id='line_1_89' title="bbox 984 2767 1762 2802; baseline -0.001 -7"><span class='ocrx_word' id='word_1_824' title='bbox 984 2767 1134 2802; x_wconf 76' lang='lat' dir='ltr'><strong>acceptum.</strong></span> <span class='ocrx_word' id='word_1_825' title='bbox 1149 2768 1228 2795; x_wconf 80' lang='lat' dir='ltr'><strong>Certe</strong></span> <span class='ocrx_word' id='word_1_826' title='bbox 1240 2767 1314 2794; x_wconf 89' lang='lat' dir='ltr'><strong>valde</strong></span> <span class='ocrx_word' id='word_1_827' title='bbox 1332 2773 1391 2794; x_wconf 83' lang='lat' dir='ltr'><strong>erat</strong></span> <span class='ocrx_word' id='word_1_828' title='bbox 1410 2767 1550 2794; x_wconf 85' lang='lat' dir='ltr'><strong>Marcellus</strong></span> <span class='ocrx_word' id='word_1_829' title='bbox 1566 2767 1670 2802; x_wconf 76' lang='grc' dir='ltr'>ἠλίθιος</span> <span class='ocrx_word' id='word_1_830' title='bbox 1680 2772 1708 2794; x_wconf 87' lang='lat' dir='ltr'><strong>et</strong></span> <span class='ocrx_word' id='word_1_831' title='bbox 1719 2768 1762 2794; x_wconf 91' lang='lat' dir='ltr'><strong>iu-</strong></span> 
     </span>
    </p>
   </div>
   <div class='ocr_carea' id='block_1_88' title="bbox 985 2802 1762 2836">
    <p class='ocr_par' dir='ltr' id='par_1_88' title="bbox 985 2802 1762 2836">
     <span class='ocr_line' id='line_1_90' title="bbox 985 2802 1762 2836; baseline 0 -7"><span class='ocrx_word' id='word_1_832' title='bbox 985 2803 1163 2834; x_wconf 81' lang='lat' dir='ltr'><strong>t&#39;antissimus,</strong></span> <span class='ocrx_word' id='word_1_833' title='bbox 1179 2803 1201 2830; x_wconf 89' lang='lat' dir='ltr'><strong>si</strong></span> <span class='ocrx_word' id='word_1_834' title='bbox 1217 2802 1242 2829; x_wconf 88' lang='lat' dir='ltr'><strong>id</strong></span> <span class='ocrx_word' id='word_1_835' title='bbox 1255 2802 1290 2829; x_wconf 90' lang='lat' dir='ltr'><strong>ita</strong></span> <span class='ocrx_word' id='word_1_836' title='bbox 1308 2802 1402 2829; x_wconf 79' lang='lat' dir='ltr'><strong>volunt</strong></span> <span class='ocrx_word' id='word_1_837' title='bbox 1416 2802 1498 2829; x_wconf 83' lang='lat' dir='ltr'><strong>verba</strong></span> <span class='ocrx_word' id='word_1_838' title='bbox 1515 2802 1573 2836; x_wconf 84' lang='lat' dir='ltr'><strong>ejus</strong></span> <span class='ocrx_word' id='word_1_839' title='bbox 1586 2810 1645 2836; x_wconf 69' lang='lat' dir='ltr'><strong>quae</strong></span> <span class='ocrx_word' id='word_1_840' title='bbox 1666 2803 1762 2830; x_wconf 89' lang='lat' dir='ltr'><strong>recitat</strong></span> 
     </span>
    </p>
   </div>
   <div class='ocr_carea' id='block_1_89' title="bbox 986 2837 1760 2872">
    <p class='ocr_par' dir='ltr' id='par_1_89' title="bbox 986 2837 1760 2872">
     <span class='ocr_line' id='line_1_91' title="bbox 986 2837 1760 2872; baseline -0.003 -7"><span class='ocrx_word' id='word_1_841' title='bbox 986 2838 1043 2870; x_wconf 82' lang='lat' dir='ltr'><strong>ipse</strong></span> <span class='ocrx_word' id='word_1_842' title='bbox 1055 2838 1194 2869; x_wconf 81' lang='lat' dir='ltr'><strong>Eusebius,</strong></span> <span class='ocrx_word' id='word_1_843' title='bbox 1210 2845 1262 2864; x_wconf 88' lang='lat' dir='ltr'><strong>non</strong></span> <span class='ocrx_word' id='word_1_844' title='bbox 1279 2837 1329 2872; x_wconf 84' lang='lat' dir='ltr'><strong>hoc</strong></span> <span class='ocrx_word' id='word_1_845' title='bbox 1344 2837 1469 2864; x_wconf 86' lang='lat' dir='ltr'><strong>evincunt</strong></span> <span class='ocrx_word' id='word_1_846' title='bbox 1487 2846 1493 2863; x_wconf 91' lang='lat'>:</span> <span class='ocrx_word' id='word_1_847' title='bbox 1509 2837 1680 2872; x_wconf 73' lang='lat' dir='ltr'><strong>nequeenim</strong></span> <span class='ocrx_word' id='word_1_848' title='bbox 1702 2841 1760 2864; x_wconf 83' lang='lat' dir='ltr'><strong>sta-</strong></span> 
     </span>
    </p>
   </div>
   <div class='ocr_carea' id='block_1_90' title="bbox 986 2871 1757 2906">
    <p class='ocr_par' dir='ltr' id='par_1_90' title="bbox 986 2871 1757 2906">
     <span class='ocr_line' id='line_1_92' title="bbox 986 2871 1757 2906; baseline -0.001 -7"><span class='ocrx_word' id='word_1_849' title='bbox 986 2873 1043 2904; x_wconf 89' lang='lat' dir='ltr'><strong>tim,</strong></span> <span class='ocrx_word' id='word_1_850' title='bbox 1057 2873 1099 2899; x_wconf 90' lang='lat' dir='ltr'><strong>ubi</strong></span> <span class='ocrx_word' id='word_1_851' title='bbox 1115 2876 1207 2905; x_wconf 74' lang='lat' dir='ltr'><strong>egerat</strong></span> <span class='ocrx_word' id='word_1_852' title='bbox 1224 2872 1256 2898; x_wconf 88' lang='lat' dir='ltr'><strong>de</strong></span> <span class='ocrx_word' id='word_1_853' title='bbox 1278 2871 1340 2898; x_wconf 83' lang='lat' dir='ltr'><strong>Jesu</strong></span> <span class='ocrx_word' id='word_1_854' title='bbox 1356 2871 1483 2906; x_wconf 86' lang='lat' dir='ltr'><strong>pontiﬁce</strong></span> <span class='ocrx_word' id='word_1_855' title='bbox 1508 2871 1578 2906; x_wconf 81' lang='lat' dir='ltr'><strong>apud</strong></span> <span class='ocrx_word' id='word_1_856' title='bbox 1598 2871 1757 2898; x_wconf 84' lang='lat' dir='ltr'><strong>Zachariam</strong></span> 
     </span>
    </p>
   </div>
   <div class='ocr_carea' id='block_1_91' title="bbox 985 2907 1758 2941">
    <p class='ocr_par' dir='ltr' id='par_1_91' title="bbox 985 2907 1758 2941">
     <span class='ocr_line' id='line_1_93' title="bbox 985 2907 1758 2941; baseline -0.003 -6"><span class='ocrx_word' id='word_1_857' title='bbox 985 2908 1028 2935; x_wconf 85' lang='lat' dir='ltr'><strong>illa</strong></span> <span class='ocrx_word' id='word_1_858' title='bbox 1043 2907 1184 2939; x_wconf 81' lang='lat' dir='ltr'><strong>subint‘crt,</strong></span> <span class='ocrx_word' id='word_1_859' title='bbox 1202 2914 1260 2941; x_wconf 64' lang='lat' dir='ltr'><strong>quae</strong></span> <span class='ocrx_word' id='word_1_860' title='bbox 1275 2907 1453 2935; x_wconf 80' lang='lat' dir='ltr'><strong>calumniatur</strong></span> <span class='ocrx_word' id='word_1_861' title='bbox 1469 2907 1611 2936; x_wconf 78' lang='lat' dir='ltr'><strong>Eusebius.</strong></span> <span class='ocrx_word' id='word_1_862' title='bbox 1627 2907 1758 2937; x_wconf 78' lang='grc' dir='ltr'>ὅτιαὺτὸς</span> 
     </span>
    </p>
   </div>
  </div>
