2045 3215
154 185 209 213 ’145

723 185 864 214 CONTRA
884 186 1098 215 MARCELLUM
1119 187 1184 216 LIB.
1205 188 1227 216 Ι.

1730 198 1783 226 7M

160 257 169 272 1
189 255 238 276 την
265 246 386 283 Μηδείας
408 247 531 284 ἀνευρεῖν
551 248 707 284 μάχαιραν,
735 249 781 275 καὶ
806 249 873 284 αὐτῇ
900 258 942 276 τυ-

1002 258 1012 275 1
1034 254 1135 277 terram
1149 257 1248 277 erueus
1259 270 1267 282 ,
1284 250 1359 278 ilium
1374 251 1533 281 Medeanum
1547 254 1701 291 detegebat.
1731 266 1786 294 quo

158 296 172 318 σῖ
192 292 283 319 Cium.

198 297 205 318 ᾇ
233 302 242 318 δ
275 313 283 319 .

198 297 309 365 irritas
325 338 365 370 τὺ,
379 339 465 371 ’Ἅλις
487 338 587 373 δρυὸς,
604 339 747 375 σημαίνει;
762 339 828 375 φησι
847 347 899 371 τις·
917 339 947 366 οὐ

161 391 172 409 1
192 383 248 419 γὰρ
263 384 376 411 δυνατὸν
391 385 424 411 ἐκ
435 383 481 411 τοῦ
493 384 638 421 προχείρου
647 384 809 420 γιγνώσκειν
817 385 866 421 τὴν
877 394 947 420 παρ-

160 437 172 454 1
191 429 294 464 οιμίαν.
310 431 342 457 Ol
359 430 479 464 παλαιοὶ,
493 431 531 463 ὼς
544 431 659 466 ἔφασαν.
678 431 731 468 πρὸ
746 432 796 467 τῆς
813 431 860 458 τοῦ
874 431 947 458 σίτου

162 484 172 500 (
193 476 341 511 γεωργίας,
367 477 631 511 βαλανηφαγοῦντες,
649 477 753 512 ἐπειδὴ.
769 478 806 509 ὼς
822 477 915 513 ᾤοντο,
933 479 947 503 ὁ

158 530 171 546 1
193 522 299 557 καρπὸς
312 519 390 555 οὗτος
404 523 516 560 ὕστερον
532 524 642 560 εὑρέθη,
660 525 756 559 ἐκείνῳ
769 524 946 560 προσέχοντες

162 576 171 592 1
191 567 237 593 τὸν
261 568 322 594 νοῦν
342 569 388 595 καὶ
408 571 440 605 τῇ
466 570 600 605 μεταϐολῇ
622 570 847 605 προσ-χαίροντες,
867 570 947 601 ’Ἅλις

162 621 171 637 1
192 612 294 646 δρυὸς,
313 614 416 649 ἔλεγον.
440 616 493 642 Καὶ
509 615 588 642 τοῦτο
608 616 656 651 τὴν
680 615 828 651 παροιμίαν
845 615 946 650 ἔφασαν

160 667 171 683 1
190 656 269 686 εἶναι.
290 658 371 692 Αὖθίς
394 669 423 686 τε
446 661 542 697 ἐτέρας
562 661 725 696 παροιμίας,
749 661 801 687 ὑπὸ
815 661 947 687 πλείστων

160 713 171 730 ‹
191 705 245 731 τῶν
261 706 324 742 παρ’
339 707 432 739 αὐτοῖς
447 708 535 742 σοφῶν
552 709 580 734 ἐν
596 708 731 739 πλείστοις
748 708 795 734 καὶ
809 708 947 743 διαφόροις

158 759 171 776 1
191 750 303 785 βιϐλίοις
323 752 481 788 εἰρημένης,
499 753 560 780 τίνα
586 754 649 789 περὶ
668 753 752 788 αὐτῆς
768 754 945 789 γεγράφασιν.

161 805 171 821 1
190 797 214 823 οἱ
235 797 285 829 τὰς
303 799 452 834 παροιμίας
474 798 639 835 ἑρμηνεῦσαι
662 799 846 835 προελόμενοι,
865 800 947 833 ἀναγ-

160 851 170 867 1
192 844 267 870 καῖον
289 843 345 880 (88)
369 845 398 871 ὲν
420 845 458 880 τῷ
480 846 591 881 παρόντι
609 846 801 881 μνημονεῦσαι.
823 847 890 872 Ἀλλ’
915 847 945 872 ἵν’

160 898 170 914 1
188 889 342 925 ὲλέγξωέιεν
362 891 508 927 Ἀστέριον,
535 892 580 918 καὶ
596 892 649 918 ἀπὸ
672 892 725 919 τῶν
748 892 846 925 ἔξωθεν
866 893 946 920 αὑτὸν

159 944 169 960 1
192 936 361 971 μαθημάτων
378 938 466 964 εἰδότα
485 939 533 972 μὲν
554 939 675 974 ἀκριϐῶς
690 939 720 966 τὸ
735 940 784 975 τῆς
799 941 946 975 παροιμίας

159 990 169 1007 1
188 982 334 1018 ἐξαίρετον,
346 984 375 1011 ἐν
386 984 413 1011 δὲ
424 984 462 1019 τῷ
473 986 586 1020 παρόντι
600 985 710 1019 ἄγνοιαν
719 986 945 1021 προσποιηθέντα,

158 1036 169 1053 1
189 1027 233 1055 ῐνα
252 1029 282 1055 τὸ
305 1029 402 1056 ἑαυτοῦ
421 1030 543 1065 βούλημα
561 1030 605 1057 διὰ
618 1031 667 1065 τῆς
684 1030 730 1057 τοῦ
748 1030 947 1066 παροιμιώδους

158 1083 168 1099 1
188 1075 270 1110 ῥητοῦ
291 1076 414 1111 χρήσεως
428 1076 546 1108 πιθανῶς
559 1076 773 1108 κατασκευάζειν
784 1077 857 1113 δόξῃ.
869 1078 945 1104 Ἔστι

158 1125 167 1142 1
188 1117 227 1150 δὲ,
244 1119 387 1145 Γλαύκου
403 1119 504 1154 τέχνη·
516 1119 617 1155 ταύτης
637 1121 660 1146 οἱ
676 1120 775 1152 ἔξωθεν
798 1122 875 1156 σοφοὶ
897 1122 945 1156 τῆς

154 1173 168 1189 1
188 1165 336 1200 παροιμίας
353 1166 589 1201 μνημονεύσαντες
601 1167 736 1202 διαφόρως
752 1168 835 1203 αὐτὴν
849 1167 946 1204 ἐξηγή-

158 1220 167 1235 1
188 1219 276 1238 σαντο.
301 1212 330 1238 ’0
349 1212 399 1247 μὲν
421 1212 474 1248 γὰρ
493 1213 581 1239 αὐτῶν
602 1222 643 1244 τις
661 1214 730 1248 ἔφη,
753 1213 871 1240 Γλαῦκόν
886 1223 944 1240 τινα

156 1266 167 1282 1
187 1257 358 1293 ἐπιστήμονα
374 1258 471 1293 τέχνης
487 1258 558 1290 τινος
579 1258 718 1292 γεγονότα,
740 1259 844 1285 πολλῶν
862 1258 944 1286 οὖσαν

156 1312 166 1328 1
187 1303 426 1339 θαυμασιωτάτην,
443 1304 589 1332 ἀπολέσθαι
608 1305 745 1340 ἆμα(88“)
761 1306 856 1341 ἐκείνῳ
877 1307 944 1332 κατὰ

157 1359 166 1374 1
188 1349 334 1382 Θάλατταν,
350 1351 461 1386 μηδενός
478 1360 520 1377 πω
532 1352 706 1388 διακηκοότος
723 1352 817 1387 αὐτῆς.
834 1353 944 1387 ’Έτερος

154 1405 168 1421 1
187 1396 226 1427 δὲ,
242 1396 290 1432 τὴν
303 1397 346 1423 ἐπ’
360 1397 443 1433 ἄκρον
461 1398 594 1433 μουσικῆς
610 1399 754 1433 ἐμπειρίαν
767 1400 944 1434 μαρτυρήσας

156 1449 167 1465 1
187 1440 226 1476 τῷ
250 1441 377 1477 Γλαύκῳ,
404 1443 467 1473 τοὺς
495 1443 765 1474 κατασκευασθέντας
790 1444 836 1469 ὑπ’
861 1444 942 1470 αὑτοῦ

158 1495 169 1511 1
191 1486 298 1518 δίσκους
320 1486 434 1522 χαλκοῦς
457 1496 522 1522 φησι
545 1487 690 1522 τέσσαρας,
706 1488 772 1524 πρὸς
783 1488 813 1514 τὸ
837 1487 943 1522 ἐμμελῆ

158 1540 169 1557 1
191 1540 251 1558 τινα
267 1532 315 1567 τῆς
337 1533 474 1568 κρούσεως
496 1533 544 1569 τὴν
564 1534 722 1568 συμφωνίαν
744 1533 797 1560 τῶν
818 1534 943 1567 φθόγγων

156 1587 168 1603 1
190 1578 342 1605 ἀποτελεῖν·
362 1579 437 1605 ἐνθεν
454 1588 482 1606 τε
500 1579 624 1615 εἰρῆσθαι
638 1580 687 1615 τὴν
704 1580 863 1615 παροιμίαν.
879 1579 942 1605 ’Λλ-
956 1599 976 1625 C

157 1633 166 1649 1
187 1623 232 1656 λος
255 1624 283 1651 δέ
305 1633 346 1657 τις
372 1626 554 1652 ’Δλυαττικῶν
579 1626 756 1661 ἁναθεμάτων
777 1626 858 1661 φησὶν
878 1627 941 1653 ἁνα-

153 1679 165 1695 1
186 1670 292 1697 κεῖσθαι
316 1671 442 1707 κρατῆρα
466 1673 513 1698 καὶ
543 1672 744 1708 ύποκρατήριον
772 1671 940 1707 θαυμάσιον,

156 1726 165 1742 1
187 1716 308 1743 Γλαύκου
327 1716 392 1743 Χίου
408 1717 521 1752 ποίημα.
546 1718 658 1753 ’Έτερος
672 1717 710 1749 δὲ,
728 1717 846 1743 Γλαῦκον
861 1718 941 1744 αὐτὴν

155 1771 165 1788 1
185 1763 323 1790 ἀναθεῖναι
337 1765 375 1795 είς
397 1764 513 1798 Δελφοὺς
526 1764 641 1799 τρίποδα
661 1764 787 1799 χαλκοῦν,
805 1763 876 1791 οὕτω
892 1764 940 1800 δη-

153 1819 164 1835 1
184 1811 388 1846 μιουργήσαντα
410 1811 465 1841 τοῖς
487 1810 596 1845 παχέως
618 1819 647 1836 τε
681 1811 861 1846 χρουομένου,
879 1812 941 1842 τούς

154 1866 164 1882 1
183 1865 213 1883 τε
228 1857 322 1888 πόδας,
345 1857 387 1891 ἐφ’
411 1853 450 1882 ὧν
467 1856 577 1892 βέϐηκε,
607 1857 654 1883 καὶ¹
676 1858 722 1883 τὸν
744 1857 800 1883 ἄνω
820 1857 941 1892 περικεί-

152 1911 164 1926 1
185 1912 274 1937 μενον,
292 1903 338 1929 καὶ
354 1903 403 1938 τὴν
417 1903 551 1938 στεφάνην
571 1903 619 1939 τὴν
634 1904 680 1930 ἐπὶ
698 1904 744 1930 τοῦ
758 1904 878 1939 λέϐητος,
893 1905 940 1931 καὶ

152 1958 164 1973 1
182 1949 231 1980 τὰς
259 1949 371 1984 ῥάϐδους
390 1950 434 1976 διὰ
459 1949 540 1984 μέσου
564 1949 746 1984 τεταγμένας,
775 1949 939 1984 φθέγγεσθαι

154 2003 164 2019 1
183 1994 267 2030 λύρας
283 1996 368 2030 φωνῇ.
386 1995 440 2021 Καὶ
454 1993 531 2026 αὖθις
547 1995 649 2031 ἕτερος,
665 1995 718 2021 ἀπὸ
733 1995 852 2021 Γλαύκου
869 1996 939 2027 τινος

153 2050 164 2066 1
184 2041 309 2074 ῶξαντός
330 2050 356 2068 τι
374 2041 452 2067 πλέον
469 2042 645 2077 πεποιηκέναι
658 2042 783 2077 είρῆσθαι
804 2042 852 2077 τὴν
870 2051 939 2076 παρ-

153 2096 164 2112 1
182 2088 287 2122 οιμίαν.

189 2246 199 2262 1
222 2237 303 2272 Ὁρᾷς
313 2236 379 2272 (89),
395 2238 468 2269 ὅπως
482 2237 512 2264 τὸ
525 2238 653 2273 δυσχερὲς
667 2238 717 2273 τῆς
729 2240 876 2274 παροιμίας
891 2240 938 2266 καὶ

1001 305 1011 321 1
1029 295 1232 323 immolabatur.

1035 350 1045 367 1
1063 341 1098 368 At
1115 341 1180 375 quid
1192 341 1244 369 hoc
1259 341 1309 369 sibi
1325 342 1392 376 vult,
1404 343 1508 380 inquiet
1518 345 1628 381 aliquis,
1641 346 1679 375 De
1687 356 1786 383 quercu

1001 396 1011 411 1
1030 387 1113 414 satis!
1123 386 1181 414 Non
1196 392 1238 415 est
1252 387 1332 416 facile
1343 390 1429 416 cuivis
1439 391 1536 419 obvius
1549 392 1662 427 hujusce
1676 401 1785 429 prover-

1001 442 1010 457 1
1032 433 1068 460 bii
1092 440 1198 461 sensus.
1216 432 1302 461 Prisci
1323 434 1361 461 illi
1384 436 1531 470 quondam,
1557 444 1619 467 ante
1635 440 1784 475 agricultu~

1004 488 1010 501 1
1036 486 1092 503 ram
1119 478 1305 512 adinventam,
1321 480 1464 515 glandibus
1489 484 1676 514 vescebantur.
1703 486 1784 514 Post-

1001 533 1009 548 1
1031 532 1111 558 quam
1138 533 1202 552 vero
1227 525 1317 560 fruges
1355 527 1479 562 deinceps
1512 530 1647 564 prodiere.
1664 533 1783 561 animum

1002 579 1010 594 1
1036 570 1109 597 hisce
1138 571 1305 604 applicantes
1332 572 1457 600 dixerunt
1483 574 1625 609 Oblectati,
1645 577 1682 605 De
1705 587 1785 613 quer-

1002 628 1009 640 1
1032 617 1152 643 curatis.
1180 617 1267 651 Atque
1299 618 1368 645 hanc
1395 627 1454 646 esse
1481 626 1598 649 ruentem
1621 629 1650 651 et
1675 632 1782 653 scaten-

1002 670 1009 684 1
1032 662 1095 687 tiam
1130 663 1264 696 prorerbii
1300 664 1451 697 prodidere.
1489 666 1605 695 Necesse
1638 677 1727 699 autent
1757 674 1784 701 in

1001 716 1010 730 1
1030 709 1153 741 praesenti
1182 708 1331 741 habemus,
1367 711 1479 738 alterius
1508 713 1646 747 cujusdam
1674 725 1785 751 prover-

1001 763 1009 778 1
1031 755 1064 781 bii
1093 755 1256 782 mentionem
1278 756 1368 783 faccre
1384 777 1391 789 ,
1415 759 1487 791 quod
1516 759 1541 786 iu
1574 762 1666 790 multis
1695 769 1723 791 et
1747 765 1786 792 di-

1003 809 1011 823 1
1032 802 1117 828 versis
1132 802 1290 830 auctoribus
1313 803 1416 830 Grazcis
1443 805 1572 834 habetur:
1585 813 1611 835 et
1625 810 1688 843 quiti
1702 812 1784 840 etiam

1002 856 1010 870 1
1031 847 1063 873 de
1094 847 1189 874 eodem
1227 848 1263 875 illi
1299 851 1438 877 memoriae
1469 853 1623 886 prodidere.
1656 856 1715 884 Non
1750 859 1786 887 ob

1002 901 1009 916 1
1031 892 1109 919 aliam
1124 901 1243 925 causam,
1262 903 1342 929 quam
1367 902 1396 923 ut
1421 898 1557 926 Asterium
1573 902 1728 930 convictum
1745 909 1786 933 te»

1001 947 1010 963 1
1031 946 1142 966 neamus
1157 948 1164 966 ε
1178 940 1234 974 qui,
1251 948 1323 974 cum,
1348 949 1401 976 qua
1417 948 1458 969 est
1481 945 1634 974 eruditione
1655 949 1785 982 praeditus

1002 994 1011 1009 1
1029 986 1162 1018 saeculari,
1177 988 1354 1021 proverbialis
1364 991 1506 1018 sententia:
1519 994 1702 1025 prastantiam
1721 1004 1783 1026 cum

1001 1040 1009 1054 1
1029 1031 1124 1065 primis
1139 1032 1282 1067 intelligat,
1298 1034 1323 1060 in
1343 1037 1468 1069 praesenti
1486 1042 1577 1065 tamen
1595 1039 1666 1068 illius
1684 1050 1739 1076 pra:
1753 1051 1783 1071 se

1002 1085 1009 1100 1
1031 1075 1082 1102 fert
1099 1077 1296 1111 ignorantiam,
1321 1084 1349 1105 ut
1364 1087 1413 1114 per
1428 1081 1490 1108 dicti
1511 1082 1581 1111 illius
1602 1075 1784 1119 proverbial:

1001 1130 1009 1145 1
1030 1129 1105 1148 usqu
1120 1130 1196 1149 suam
1214 1122 1300 1157 ipsius
1312 1125 1479 1153 voluntatem
1499 1133 1526 1155 et
1538 1131 1700 1158 sententiam
1720 1141 1782 1167 pro-

999 1178 1009 1192 1
1030 1167 1154 1195 babiliter
1167 1174 1291 1197 astruere
1302 1171 1436 1199 videatur.
1450 1172 1499 1201 Est
1512 1180 1601 1203 autern
1614 1176 1688 1210 illud,
1698 1178 1782 1206 Glau-

1000 1223 1008 1238 1
1027 1213 1050 1239 ci
1062 1222 1106 1240 ars
1119 1234 1127 1246 ,
1143 1215 1219 1248 cujus
1233 1223 1295 1242 cum
1309 1218 1482 1246 meminerint
1499 1221 1598 1248 eruditi
1621 1224 1693 1258 apud
1707 1225 1782 1253 Grab-

999 1269 1007 1283 1
1026 1267 1073 1286 cos
1095 1260 1193 1293 multi,
1213 1261 1336 1290 diversas
1352 1264 1504 1292 retulerunt
1530 1267 1778 1302 interpretationes.

1000 1315 1008 1329 1
1029 1308 1058 1337 ᾗ
1074 1305 1123 1333 Est
1142 1308 1214 1334 enim
1226 1308 1271 1341 qui
1297 1309 1385 1341 docet,
1399 1310 1532 1339 Glaucum
1550 1314 1689 1342 exstitisse
1710 1319 1779 1345 artis

999 1359 1008 1375 1
1027 1350 1166 1385 cujusdam
1182 1353 1300 1380 maxime
1316 1355 1437 1382 oumium
1460 1357 1627 1387 admirandae
1646 1362 1780 1395 peritissi-

999 1406 1007 1421 1
1027 1405 1110 1431 mum,
1125 1405 1176 1424 una
1188 1406 1247 1425 cum
1262 1403 1321 1427 arte
1340 1408 1387 1427 sua
1404 1401 1558 1435 interiisse,
1573 1406 1641 1433 mari
1655 1407 1781 1437 submer-

998 1452 1007 1467 1
1026 1451 1083 1470 sum
1097 1463 1104 1475 .
1119 1442 1184 1471 nulli
1198 1452 1311 1479 prorsus
1326 1446 1463 1481 impertita
1476 1448 1598 1483 ejusdem
1614 1454 1778 1487 cognitione.

998 1499 1007 1514 1
1025 1489 1100 1517 Alius
1111 1491 1305 1524 peritissimum
1321 1493 1437 1521 musices
1454 1495 1590 1523 exstitisse
1606 1497 1698 1531 docet,
1709 1502 1781 1528 etab

998 1545 1006 1560 1
1027 1543 1059 1563 eo
1079 1536 1169 1564 discos
1195 1544 1280 1564 aereos
1294 1544 1412 1572 quatuor
1424 1539 1527 1568 alit-bri:
1544 1545 1721 1579 compositus,
1752 1553 1782 1574 ut

998 1591 1006 1606 1
1027 1582 1123 1617 pulsati
1151 1583 1295 1617 quamdam
1323 1585 1510 1620 symphoniam
1539 1596 1605 1616 sono
1636 1598 1781 1621 numeroso

997 1638 1005 1652 1
1025 1629 1157 1658 ederent;
1188 1634 1270 1664 atque
1305 1630 1368 1658 hinc
1404 1633 1575 1665 proverbium
1608 1643 1777 1672 usurpatum.

997 1684 1005 1699 1
1026 1672 1155 1706 Tertius.
1185 1676 1255 1702 inter
1292 1676 1363 1703 dona
1394 1676 1529 1713 Halyattis
1566 1680 1633 1715 Lydi
1668 1683 1780 1719 Delphis

996 1730 1004 1743 1
1026 1720 1166 1751 oblatum,
1190 1724 1217 1747 et
1238 1721 1355 1749 mirandi
1377 1724 1467 1757 operis
1496 1726 1654 1755 subcratera
1683 1737 1776 1764 quem-

997 1776 1005 1791 1
1025 1768 1096 1799 dam,
1130 1766 1225 1794 Glauci
1259 1768 1318 1795 Chii
1361 1777 1440 1804 opus.
1471 1771 1613 1805 Quartus,
1643 1774 1775 1804 Glaucum

997 1821 1005 1837 1
1025 1813 1111 1846 ipsutn
1133 1813 1241 1848 Delphis
1257 1815 1389 1843 obtulisse
1403 1822 1498 1844 narrat
1510 1826 1613 1847 aeneam
1630 1820 1775 1856 tripodem,

995 1867 1003 1883 1
1024 1858 1061 1884 ita
1074 1857 1269 1891 fabrefactam,
1290 1866 1319 1887 ut
1340 1862 1426 1896 siquis
1446 1865 1608 1893 crassiorem
1624 1867 1650 1894 in
1667 1868 1776 1897 modum

995 1914 1002 1927 1
1021 1905 1142 1932 eamdem
1168 1906 1298 1939 pulsaret,
1318 1908 1361 1934 vel
1388 1909 1470 1942 pedes
1487 1910 1513 1937 in
1540 1912 1639 1946 quibus
1665 1916 1775 1950 stabat,

994 1960 1002 1975 1
1021 1951 1060 1978 vel
1073 1952 1144 1986 quod
1165 1960 1271 1980 sursum
1298 1960 1357 1981 erat
1377 1956 1578 1990 redimiculum,
1592 1960 1634 1987 vel
1643 1969 1776 1992 coronam

993 2007 1002 2022 1
1020 1997 1098 2024 leheli
1117 1999 1329 2027 circumductum
1344 2020 1352 2032 ,
1379 2007 1425 2028 aut
1450 2003 1571 2038 virgulas
1597 2013 1645 2041 per
1659 2009 1776 2038 medium

993 2052 1003 2068 1
1021 2051 1080 2071 sese
1104 2044 1300 2078 distendentes,
1329 2046 1393 2083 lyra:
1431 2056 1526 2077 sonum
1556 2059 1776 2087 repraesentaret.

992 2098 1001 2113 1
1021 2089 1096 2116 Alius
1112 2095 1249 2124 poslremo
1266 2094 1440 2126 proverbium
1454 2095 1594 2124 existimat
1613 2101 1750 2134 usurpari,
1761 2110 1777 2129 a

992 2143 1000 2158 π
1018 2134 1122 2161 Glauco
1144 2135 1260 2169 quodam
1281 2137 1445 2170 deductum,
1462 2140 1508 2173 qui
1533 2140 1648 2169 scientia
1664 2148 1777 2173 eet-teras

991 2189 999 2203 ι
1019 2180 1208 2208 antecellebat.

1027 2246 1035 2261 1
1059 2237 1160 2264 Videtis
1174 2243 1262 2265 autem
1280 2241 1486 2273 proverbiorum
1501 2242 1686 2272 dilIicultatem
1697 2246 1775 2273 exin-

153 2292 164 2308 1
179 2282 224 2309 διὰ
239 2283 334 2310 τούτου
355 2283 506 2316 δείκνυται,
521 2284 565 2310 διὰ
578 2283 625 2310 τοῦ
645 2284 711 2319 μηδὲ
732 2285 778 2310 ἐπὶ
792 2285 841 2319 τῆς
855 2285 938 2320 αὐτῆς

996 2291 1002 2306 ι
1021 2283 1055 2308 de
1071 2282 1139 2309 satis
1153 2283 1278 2316 pateﬁeri
1294 2303 1301 2314 .
1324 2286 1395 2319 quod
1419 2293 1590 2321 nequaquam
1614 2289 1776 2324 interpretes

152 2338 164 2355 1
183 2330 330 2365 ἑρμηνείας
343 2330 438 2365 στῆναι
459 2330 521 2361 τοὺς
539 2330 587 2365 τὴν
611 2330 759 2365 παροιμίαν
778 2331 877 2366 ταύτην
896 2332 938 2364 ἐξ·

150 2385 162 2401 1
174 2375 326 2411 ηγήσασθαι
337 2374 523 2410 βουληθέντας.
531 2374 607 2401 Οὕτω
616 2375 779 2410 δυσεύρητόν
787 2383 812 2401 τι
823 2376 937 2410 πρᾶγμα

152 2430 162 2446 1
179 2421 211 2447 τδ
222 2421 273 2455 τῆς
286 2420 433 2456 παροιμίας
445 2420 491 2446 καὶ
504 2419 577 2455 παρὰ
591 2420 647 2449 τοῖς
664 2419 761 2450 ἔξωθεν
772 2417 841 2446 εἶναι
853 2420 934 2447 δοκεῖ.

152 2466 169 2492 ι’
180 2467 226 2493 Διὸ
239 2467 286 2493 καί
298 2475 339 2498 τις
352 2466 406 2492 τῶν
420 2466 485 2500 παρ’
498 2465 590 2496 αὐτοῖς
604 2465 702 2499 σοφῶν,
717 2465 877 2500 συναγαγὼν
889 2467 937 2498 τὰς

183 2556 215 2586 νῙ(
231 2550 282 2580 Ed.
299 2548 397 2582 Paris.,
413 2556 474 2583 pag.
487 2548 529 2575 16.

143 2630 283 2660 eruditum
278 2637 305 2669 με.
322 2632 489 2669 reqlegeral
512 2628 585 2669 enim
608 2628 730 2669 sophista
751 2629 929 2669 professione.

145 2671 173 2695 et
188 2669 255 2693 ante
266 2663 521 2699 ,Cbristianismum.
534 2664 626 2691 ludum
643 2663 669 2690 in
678 2663 846 2699 Cappadocia
866 2672 932 2699 ape-

145 2704 250 2729 ruerat.
265 2698 345 2727 lll.—
355 2699 453 2735 Addidi
466 2706 498 2727 ex
514 2699 592 2727 codd.
611 2698 759 2735 μάχαιραν.
770 2700 840 2735 unde
852 2698 932 2734 supra

145 2735 203 2772 λέγ,
213 2735 268 2773 γάρ
276 2735 335 2763 loco
345 2734 412 2771 φασὶ
422 2734 476 2772 γάρ
484 2735 591 2771 scripsi,
599 2740 627 2762 et
633 2734 668 2761 τά
678 2734 739 2761 ante
750 2734 833 2761 τέκνα
841 2742 932 2762 arces-

145 2780 238 2842 Μῖξε)
258 2805 344 2841 Vulgo
368 2806 527 2841 ἀναγκαίως
553 2811 581 2833 et
605 2813 668 2833 mox
690 2813 810 2842 παρασκ.
838 2810 931 2833 contra

145 2843 224 2869 codd.
242 2842 380 2870 Posterius
391 2842 443 2869 iam
458 2842 511 2876 Mp.
531 2848 604 2869 corr.

182 2877 251 2913 (88‘)
268 2877 322 2912 Mp.
346 2885 405 2913 γρη
418 2874 521 2913 ἐκείνῃ.
544 2876 605 2913 mox
619 2875 700 2913 vulgo
712 2884 763 2913 που
776 2874 932 2903 611161619116-

146 2910 192 2944 τος
216 2910 311 2939 contra
337 2910 417 2940 codd.
445 2910 726 2947 qui"1rto6tax.dant.
752 2911 836 2939 Porro
863 2914 931 2938 male

147 2947 226 2984 vulgo
237 2947 342 2983 ἀκρῶν,
352 2948 424 2982 quod
433 2954 468 2975 ex
483 2948 544 2975 cod.
559 2947 678 2980 correxi,
689 2954 722 2976 ex
733 2954 786 2983 quo
797 2947 856 2975 dcitt
866 2946 932 2982 χαλ-

289 3007 426 3036 ΡΑτιςυι..
442 3007 501 3036 Uu.
522 3005 635 3035 XXIV.

993 2337 1002 2353 1
1025 2328 1104 2362 hujus
1118 2330 1196 2357 unius
1210 2331 1345 2364 proverbii
1365 2332 1435 2358 inter
1457 2340 1486 2359 se
1508 2333 1533 2359 in
1549 2334 1642 2361 eadem
1666 2338 1776 2371 exposi—

993 2383 1001 2399 ε
1023 2375 1099 2401 tione
1116 2377 1298 2403 consentiant.
1316 2376 1390 2404 Adco
1409 2386 1451 2404 res
1466 2384 1523 2405 erat
1536 2379 1579 2406 illa
1599 2380 1777 2410 inextricabi-

993 2433 1001 2447 1
1021 2422 1054 2449 iis
1070 2423 1160 2449 habita
1175 2424 1246 2458 apud
1261 2430 1381 2452 exteros.
1396 2424 1528 2457 Quocirca
1549 2427 1618 2454 inter
1638 2436 1685 2456 eos
1705 2438 1775 2457 unus

993 2479 1003 2495 1
1023 2470 1155 2504 sapientia
1174 2476 1200 2498 et
1211 2471 1365 2500 eruditione
1378 2477 1523 2506 prtestans,
1545 2474 1570 2499 in
1593 2482 1676 2500 umnn
1691 2476 1775 2503 colle-

984 2628 1050 2690 ἒὲἓς
1066 2635 1114 2663 pro
1128 2628 1228 2664 χαλκοῦ
1241 2633 1268 2656 et
1284 2629 1351 2665 πρός
1374 2637 1423 2664 pro
1439 2628 1492 2665 πρὸ
1506 2633 1533 2657 et
1551 2637 1578 2656 τι
1593 2637 1643 2665 pro
1658 2639 1701 2663 τις
1715 2638 1787 2666 posi-

1015 2663 1078 2734 e(se)
1096 2698 1189 2734 Ὁρᾷς,
1199 2699 1279 2732 ὅπως
1287 2699 1321 2726 τὸ
1332 2700 1488 2734 δυσχερές.
1504 2699 1566 2728 Haec
1574 2700 1608 2729 de
1616 2692 1774 2734 diﬂlcultate

987 2734 1196 2770 Proverbiorutn
1210 2743 1226 2762 a
1239 2742 1283 2762 tne
1294 2735 1360 2762 olim
1388 2741 1498 2770 acet-pta
1514 2736 1556 2763 vir
1575 2736 1668 2766 multis
1685 2740 1774 2768 norni-

987 2770 1067 2797 nibns
1090 2769 1268 2801 clarissimus.
1283 2770 1406 2797 Andreas
1430 2769 1572 2804 Séltottus,
1588 2771 1703 2801 inseruit
1717 2781 1774 2803 sua

985 2805 1153 2843 prafationi,
1170 2809 1234 2832 ante
1257 2804 1405 2843 Proverbia
1419 2805 1542 2843 Zenobii,
1561 2806 1731 2843 Diogeniaul,
1745 2816 1774 2840 et

978 2841 1110 2876 Iuliorum.
1126 2840 1204 2876 Sunt
1220 2845 1309 2868 autem
1339 2840 1388 2867 ista
1403 2841 1506 2872 omnia,
1522 2849 1575 2869 non
1589 2840 1709 2876 Eusebii,
1724 2840 1773 2874 sed

985 2875 1106 2903 Marcelli
1131 2875 1164 2902 ab
1183 2874 1299 2903 Eusebio
1321 2876 1430 2910 quidem
1444 2876 1527 2903 relata
1541 2885 1547 2903 :
1560 2884 1680 2906 erratum
1700 2874 1741 2907 est
1756 2889 1771 2908 ι

985 2918 1038 2942 ωε,
1048 2911 1093 2945 qui
1106 2911 1142 2938 illi
1153 2910 1257 2944 optimo
1271 2911 1330 2938 viro
1343 2910 1463 2939 miserim
1481 2916 1509 2940 ut
1524 2912 1687 2941 Eusebiana.
1697 2914 1723 2943 Μ
1736 2927 1772 2936 --

986 2945 1051 2973 Dein
1069 2946 1147 2973 vulgo
1159 2945 1203 2972 διὰ
1218 2945 1258 2973 τό.

1007 2953 1051 2973 ειη
1069 2953 1147 2982 vulgo
1159 2953 1203 2972 οια
1218 2953 1258 2974 το.
