2045 3215
191 188 223 215 ‘Ia
230 186 246 217 3

188 246 328 283 νούμενος,
347 249 436 276 πᾶσαν
454 250 536 277 αὐτοῦ
554 251 601 286 τὴν
618 253 725 288 γραφὴν
742 255 784 281 ἐπ’
796 255 915 292 ὠφελείᾳ.
932 258 979 284 καὶ

189 294 311 329 σωτηρίᾳ
329 295 422 330 ψυχῶν
442 297 481 331 τῷ
502 298 549 333 τῆς
573 298 726 331 θεοσεϐείας
753 302 870 329 ἀνετίθει
896 303 978 339 λόγῳ,

186 340 338 374 γυμνασίου
353 341 375 367 δ’
386 341 478 368 ἕνεκεν
490 344 537 379 τῆς
551 344 603 370 τῶν
617 347 835 382 ἐντυγχανόντων
849 349 977 383 διανοίας,

185 387 334 417 σκοτεινοῖς
350 387 449 422 ἐχρῆτο
465 390 648 425 προϐλήμασι,
665 393 711 418 καὶ
736 393 822 427 λόγων
839 398 976 430 στροφαῖς,

183 431 231 456 καὶ
245 434 347 466 φωναῖς
357 434 390 460 δι’
404 435 574 470 αἰνιγμάτων
587 441 845 474 προενηνεγμὲναις.
861 442 914 467 Καὶ
922 443 979 468 τοῦ-

182 479 213 502 το
228 476 250 502 δ’
266 478 294 503 ἐν
308 479 378 514 ἀρχῇ
391 480 441 515 τῆς
457 481 547 515 βίϐλου
561 483 729 518 μαρτύρεται
744 485 839 519 λέγων·
851 497 860 512 1
878 487 937 514 Τῶν
949 488 977 514 δὲ

185 531 194 546 1
213 524 268 558 γὰρ
284 525 403 558 ἀκούσας
424 527 505 561 σοφὸς
519 529 671 565 σοφώτερος
685 531 774 557 ἔσται’
796 533 810 558 ὁ
824 533 852 559 δὲ
868 534 976 569 νοήμων

183 579 193 594 1
214 570 377 606 κυϐέρνησιν
391 574 531 607 κτήσεται,
549 576 678 610 νοήσειτε
696 579 852 615 παραϐολὴν
869 589 975 607 σκοτει-

182 626 192 642 1
211 617 264 643 νῶν
279 617 376 652 λόγων,
392 620 485 655 ῥήσεις
500 630 528 647 τε
544 622 633 656 σοφῶν
649 625 694 651 καὶ
709 626 867 661 αἰνίγματα.
890 638 899 653 ι
919 629 973 654 Καὶ

180 663 272 695 πάλιν,
292 663 419 696 δέξασθαι
443 668 561 702 στροφὰς
577 669 678 703 λόγων·
701 681 709 695 1
731 672 763 697 Ἃ
781 672 812 707 δὴ
824 673 870 699 καὶ
887 673 974 706 οὕτως

182 719 192 735 1
210 710 306 746 ἔχοντα
320 711 353 738 ἐκ
371 712 424 739 τῶν
440 713 636 750 ἐμφερομένων
655 719 687 752 τῇ
706 717 787 752 βίϐλῳ
805 720 973 754 καταμαθεῖν

181 766 191 782 1
209 757 398 792 ρᾲδιον,ἇλλως
404 760 435 786 οὺ
441 760 504 786 δυνα
509 761 595 795 μένων
601 762 738 798 νοηθῆναι,
745 764 760 799 ἣ
770 764 888 792 διιόντων
895 767 972 801 ἡμῶν

181 811 190 827 1
208 803 240 828 ὲκ
255 803 305 838 τῆς
318 804 463 840 προχείρου
482 805 580 838 λέξεως
594 808 640 833 ἐπὶ
652 808 698 835 τὸν
713 808 742 841 ἐξ
758 810 841 845 αὐτῆς
856 811 971 847 θεωρού-

180 858 189 873 1
210 857 289 884 μενον
307 850 369 877 νοῦν
381 859 387 866 ’
409 849 464 878 οἷόν
476 853 533 878 ἐστι
552 854 592 885 τὸ,
611 854 649 888 Τῇ
660 855 779 890 βδέλλῃ
794 857 872 891 τρεῖς
882 860 972 894 θυγα-

179 904 188 919 1
208 894 289 928 τέρες
305 894 387 931 ἦσαν
402 898 551 932 ἀγαπήσει
563 900 763 935 ἀγαπώμεναι·
782 904 830 929 καὶ
847 905 877 930 ul
891 905 969 939 τρεῖς

178 951 187 966 1
206 939 296 969 αὗται
309 943 363 969 οὐκ
378 943 609 979 ἐνεπίμπλασαν
620 947 727 981 αὐτὴν,
741 948 789 975 καὶ
804 949 821 982 ἡ
844 951 966 986 τετάρτη

177 997 186 1013 1
206 989 262 1014 vim
275 988 418 1023 ἠρκέσθη,
431 991 526 1017 εἰπεῖν·
538 993 652 1020 ἱκανόν.
670 994 723 1020 Καὶ
738 994 769 1022 'H
784 997 877 1030 σοφία
891 997 966 1029 ᾠκο-

176 1043 186 1058 1
205 1033 338 1068 δόμησεν
348 1035 440 1070 ἑαυτῇ
451 1035 544 1067 οἷκον.
557 1038 605 1064 χιιι
614 1038 822 1075 ὐπήρεισε,(95)
834 1042 967 1075 στύλους

175 1089 185 1105 1
203 1080 290 1113 ἑπτὰ,
308 1082 423 1116 ἔσφαξε
437 1083 474 1110 τὰ
484 1084 595 1118 ἑαυτῆς
612 1086 742 1119 θύματα·
759 1087 904 1120 ἐκέρασεν
923 1090 966 1121 εὶς

175 1136 184 1151 1
207 1127 339 1162 κρατῆρα
350 1128 403 1155 τὸν
417 1129 529 1163 ἑαυτῆς
545 1129 639 1158 οἶνον,
653 1132 706 1158 Καὶ
722 1132 771 1158 ὅσα
782 1133 849 1159 ἄλλα
859 1134 965 1166 τούτοις

173 1183 183 1198 1
202 1175 391 1210 παραπλήσια,
418 1176 467 1212 οὐχ
491 1176 591 1212 ἑτέρως
615 1177 714 1204 δυνατὰ
739 1179 867 1211 νοεῖσθαι,
901 1180 963 1206 οὔτε

173 1229 182 1245 1
202 1220 366 1256 προχείρως,
380 1221 441 1248 οὕτε
458 1222 489 1249 ἔκ
500 1231 571 1254 τινος
590 1224 717 1259 ἱστορίας,
734 1226 757 1251 εί
779 1226 816 1261 μὴ
830 1227 899 1253 κατά
914 1228 963 1262 μό-

172 1276 181 1291 1
201 1275 250 1302 νην
265 1268 421 1304 μεταφορὰν
432 1269 478 1295 καὶ
495 1270 668 1305 ἀναστροφὴν
680 1271 728 1306 τῆς
741 1271 849 1304 λέξεως.
871 1282 880 1297 ι
896 1273 927 1299 Αἱ
940 1274 962 1299 δ’

169 1313 321 1340 ἐκτεθεῖσαι
331 1313 384 1340 τῶν
406 1315 539 1350 Ἑλλήνων
561 1317 706 1352 παροιμίαι
727 1318 780 1344 ἀπό
796 1327 876 1345 τινων
890 1320 962 1355 ἱστοῖ-

168 1358 235 1393 ριῶν
263 1358 312 1391 τὰς
331 1359 418 1395 ἀρχὰς
433 1361 570 1396 εἰλήφασι.
589 1363 625 1388 Τὸ
644 1362 708 1399 γὰρ,
723 1364 758 1390 Ἰ]
773 1365 927 1398 τέθνηκεν,
941 1366 960 1400 ἣ

164 1402 302 1430 διδάσκει
328 1404 491 1439 γράμματα,
518 1406 561 1432 διὰ
583 1407 674 1442 τήνδε,
691 1407 783 1442 φησὶν,
800 1407 897 1443 ἐλέχθη
911 1409 960 1444 τὴν

161 1448 299 1483 ’ἰστορίαν,
315 1450 362 1476 καὶ
383 1451 417 1477 δι’
434 1451 530 1486 ἑτέραν
544 1452 625 1478 πάλιν
642 1452 791 1488 γενομένην
805 1454 904 1489 πρᾶξιν
919 1454 958 1486 τὸ,

166 1495 222 1526 Αἲξ
236 1495 293 1529 τὴν
301 1496 461 1531 μάχαιραν,
481 1498 622 1533 εἰρῆσθαι·
641 1498 688 1524 καὶ
702 1498 743 1529 τὸ,
763 1499 844 1532 Ἅλις
858 1499 958 1533 δρυὸς,

165 1539 308 1574 ὡσαύτως,
330 1542 374 1569 διὰ
387 1543 417 1569 τὸ
437 1543 696 1579 βαλανηφαγοῦντάς
716 1553 781 1571 ποτε
804 1545 959 1572 παύσασθαι

159 1586 214 1621 τῆς
228 1587 355 1623 τοιαύτης
365 1589 478 1624 τροφῆς.
497 1589 528 1615 Εἰ
542 1589 569 1615 δὲ
585 1589 632 1616 καὶ
644 1589 765 1621 Γλαῦκός
780 1599 832 1622 τις,
845 1591 958 1627 ἐπιστή-

164 1642 224 1668 μων
243 1633 342 1670 τέχνης
361 1635 432 1667 τινὸς
455 1636 584 1670 γεγονὼς,
607 1636 743 1672 διαφόρως
767 1638 954 1675 ἐμνημονεύθη

160 1679 237 1716 παρὰ
252 1682 308 1713 τοῖς
327 1681 396 1716 μετὰ
408 1682 494 1709 ταῦτα
509 1683 710 1718 διαφωνήσασιν
727 1684 755 1710 ὲν
772 1684 811 1719 τῷ
827 1686 891 1721 περὶ
908 1686 956 1711 αὺ-

158 1726 206 1753 τοῦ
217 1727 299 1762 λόγῳ,
314 1728 340 1753 τί
355 1728 432 1755 τοῦτο
443 1729 510 1764 πρὸς
520 1729 568 1760 τὰς
585 1728 779 1761 θεοπνεύστονς
792 1731 952 1766 παροιμίας;

151 1774 196 1799 ὐὑ
211 1773 266 1809 γὰρ
278 1773 378 1809 ὁμοίως
393 1776 453 1806 ταῖς
470 1774 638 1809 Ἑλληνικαῖς
653 1776 826 1811 παροιμίαις,
842 1778 890 1803 καὶ
910 1775 953 1804 αὗ-

157 1827 201 1846 ται
216 1819 248 1846 ἐκ
260 1828 333 1851 τινος
346 1820 465 1856 ἱστορίας
476 1821 525 1856 τὴν
537 1821 612 1847 λύσιν
625 1822 803 1857 ἐπιδέχονται.
826 1823 951 1858 Ἀμαθῶς

157 1865 212 1901 ἄρα
227 1865 274 1891 καὶ
292 1866 412 1901 ἀπείρως
424 1867 472 1902 τῆς
483 1867 536 1894 τῶν
549 1867 628 1894 θείων
643 1869 760 1903 Γραφῶν
775 1869 890 1904 θεωρίας
918 1870 948 1896 οὐ

158 1911 249 1946 μένον,
264 1911 331 1938 ἀλλὰ
346 1913 392 1938 καὶ
408 1913 537 1945 ἐναντίως
551 1914 589 1949 τῷ
611 1915 773 1949 Ἀποστόλῳ,
788 1915 946 1951 Μάρκελλος

155 1957 220 1988 τοὺς
254 1957 387 1992 Ἑλλήνων
412 1958 520 1991 σοφοὺς,
542 1959 673 1994 τυχόντας
703 1961 762 1991 ταῖς
785 1961 947 1996 Παροιμίαις

154 2001 322 2037 Σολομῶνος,
340 2003 434 2038 μαθεῖν
446 2004 492 2030 καὶ
506 2004 664 2039 ζηλῶσαιτὸ
678 2007 846 2042 προφητικὸν
862 2007 947 2042 γράμ-

157 2056 204 2082 μα,
223 2048 270 2074 καὶ
298 2048 341 2076 τὸν
361 2050 442 2076 αὑτὸν
460 2051 557 2086 ἐκείνῳ
579 2051 683 2086 γράψαι
711 2052 821 2089 τρόπον,
839 2053 946 2088 ἀπεφή-

154 2103 229 2122 νατο.

155 2144 275 2175 indocte,
308 2145 354 2172 sed
382 2152 479 2173 contra
509 2152 626 2174 mentem
648 2148 770 2182 Apostoli
794 2148 944 2177 allirmasse

758 196 899 225 CONTRA
917 198 1129 227 ΜλιιιῖΕι-ιυιι
1151 200 1214 229 LIB.
1236 202 1256 228 Ι.

1768 210 1820 239 750

996 262 1015 288 Α
1034 268 1042 283 1
1068 260 1130 285 dum
1147 260 1322 293 scripserunt.
1340 272 1348 286 I
1370 261 1422 290 Sed
1439 268 1465 290 ct
1488 263 1567 291 aliter
1587 273 1694 301 quoque
1710 276 1724 295 e
1739 269 1820 298 dit-tis

1033 305 1250 335 animadvertere
1274 307 1347 340 licet,
1363 314 1531 345 quantopere
1547 314 1686 340 aberravit
1706 315 1729 341 is
1744 323 1758 342 a
1772 325 1817 342 ve.

1033 350 1121 383 ritate,
1143 360 1203 379 cum
1227 353 1342 382 aﬂirmet
1366 355 1494 387 Graecos,
1526 358 1559 384 ad
1585 360 1710 388 eumdem
1739 362 1819 396 plane

1031 399 1151 431 modum,
1168 406 1222 433 quo
1245 399 1384 434 Salomon,
1404 403 1555 437 scripsisse.
1585 404 1712 433 Salomon
1745 409 1816 434 enim

1029 444 1171 478 sapientia,
1187 453 1248 480 qua:
1264 447 1393 474 divinitus
1407 454 1459 480 est,
1480 449 1623 484 impulsus.
1645 460 1721 479 suam
1748 455 1817 480 seri-

1031 494 1135 522 pturam
1147 491 1314 525 universam,
1331 494 1363 519 ad
1378 494 1522 522 utilitatem
1538 500 1565 523 et.
1579 497 1695 525 salutent
1710 501 1816 526 anima-

1031 544 1088 563 rmn
1104 537 1198 570 pietati
1216 540 1385 566 consecravit
1400 548 1406 566 :
1422 548 1486 568 usus
1504 546 1546 569 est
1560 547 1660 576 autem,
1685 546 1717 571 ad
1741 546 1816 580 inge-

1029 583 1071 608 nia
1096 583 1240 617 legentium
1266 586 1428 617 exercenda,
1449 587 1626 615 tenebricosis
1640 591 1815 623 problemati-

1027 628 1087 659 bus,
1102 631 1273 657 sermonibus
1293 631 1423 658 tortuosis
1446 637 1472 659 et
1487 633 1596 662 vocibus
1609 642 1658 668 per
1669 636 1813 671 aenigmata

1027 676 1246 707 procedentibus.
1263 677 1390 704 Testatur
1403 679 1452 705 hoc
1471 679 1558 714 ipsum
1578 681 1603 706 in
1623 681 1701 708 initio
1719 683 1811 710 statim

1026 720 1098 750 libri.
1111 721 1155 748 ubi
1173 722 1229 749 ait:
1248 732 1257 748 1
1275 722 1321 749 llis
1335 724 1434 751 auditis
1449 725 1557 759 sapiens
1571 726 1719 761 sapientior
1736 729 1787 755 erit
1803 736 1810 755 :

1026 775 1036 792 1
1061 767 1215 802 intelligens
1234 770 1381 802 possidebit
1399 772 1641 805 gubernationem,
1666 779 1694 800 et
1712 774 1812 802 obscu-

1026 822 1036 838 1
1061 821 1151 840 rorunt
1176 815 1319 842 verborum
1345 818 1488 850 parabolas
1524 825 1678 853 cognoscet,
1704 822 1811 855 sapien-

1026 867 1036 884 1
1061 864 1116 886 tuin
1128 868 1236 894 quoque
1244 861 1314 888 dicta
1327 866 1354 888 et
1366 863 1535 896 aenigmata.»
1548 864 1646 892 lterum
1657 873 1764 901 quoque
1776 867 1810 894 ad

1024 907 1222 941 percipiendam
1239 916 1394 936 sermonum
1419 910 1643 946 intelligentiam:
1668 923 1676 939 1
1692 913 1724 941 Et
1744 923 1808 950 pro-

1023 962 1032 978 1
1057 953 1127 980 freto
1145 955 1202 981 haec
1217 955 1252 981 ita
1266 963 1295 982 se
1315 956 1414 983 habere
1432 956 1511 984 facile
1525 958 1608 993 liquet
1628 967 1643 986 e
1671 961 1809 989 contentis

1022 1008 1031 1024 1
1054 999 1184 1033 perillum
1202 1000 1311 1033 librum,
1327 1009 1388 1036 qua:
1401 1011 1453 1029 non
1470 1003 1551 1031 aliter
1565 1012 1709 1038 possumus
1726 1007 1808 1034 intel-

1022 1054 1031 1070 σ
1055 1046 1149 1078 ligere,
1159 1046 1208 1073 nisi
1227 1047 1260 1073 ab
1276 1054 1369 1081 aperta
1383 1049 1498 1077 lectione
1515 1050 1548 1076 ad
1569 1052 1730 1079 Sententiam
1745 1053 1808 1080 inde

1021 1100 1030 1116 1
1053 1092 1213 1120 eliciendam
1247 1102 1295 1121 nos
1323 1095 1508 1123 conferamus.
1537 1096 1659 1131 Exempli
1694 1100 1804 1133 gratia:

1020 1147 1028 1162 1
1055 1137 1137 1163 l-Jrant
1161 1138 1278 1165 ltirudini
1298 1146 1350 1167 tres
1374 1140 1439 1174 ﬁlia:
1458 1141 1560 1168 dilectae
1575 1142 1728 1170 admodum.
1741 1143 1806 1171 Ιειω

1019 1192 1029 1208 1
1052 1190 1138 1211 autem
1152 1190 1214 1216 tres,
1228 1186 1301 1212 illam
1314 1195 1475 1222 nequaquam
1487 1188 1664 1220 adimplebant
1677 1197 1687 1216 ε
1702 1196 1805 1225 quam:

1019 1239 1028 1255 1
1051 1239 1110 1256 vero
1123 1239 1173 1257 non
1187 1231 1342 1266 satisﬁebat,
1363 1241 1443 1268 neque
1461 1233 1573 1266 dicebat,
1585 1235 1649 1261 satis
1663 1241 1686 1262 et
1700 1236 1804 1263 altitude

1018 1284 1026 1300 1
1050 1281 1098 1304 αι,
1118 1280 1147 1308 >14
1163 1278 1226 1305 Item
1241 1288 1248 1305 :
1270 1278 1409 1312 Sapientia
1423 1281 1471 1306 tibi
1487 1280 1593 1307 domum
1609 1281 1760 1315 aedificavit,
1778 1288 1803 1309 et

1016 1330 1024 1345 1
1049 1322 1192 1349 substruzit
1209 1323 1346 1350 columnas
1361 1329 1470 1359 septem,
1494 1325 1629 1359 sacriﬁcia
1654 1335 1703 1353 Jun
1719 1327 1803 1362 jugu-

1016 1374 1025 1391 1
1048 1365 1120 1398 lavit,
1138 1369 1225 1394 viuum
1238 1377 1315 1395 suum
1328 1369 1354 1395 in
1367 1375 1469 1397 cratere
1481 1371 1656 1398 commiscuit.
1671 1372 1735 1400 ltetn
1749 1374 1802 1400 alia

1015 1422 1024 1438 1
1049 1421 1100 1439 non
1118 1421 1202 1448 pattca
1217 1414 1296 1449 hujus
1312 1416 1432 1450 generis,
1451 1424 1512 1449 quae
1525 1424 1577 1444 non
1591 1425 1706 1452 possunt
1722 1419 1801 1447 aliter

1014 1467 1023 1483 1
1048 1460 1252 1493 comprehendi,
1270 1469 1322 1487 tton
1339 1461 1372 1488 de
1397 1461 1523 1490 lectionis
1539 1462 1619 1496 facie,
1637 1472 1689 1490 non
1703 1473 1736 1492 ex
1752 1465 1802 1492 ali-

1015 1513 1023 1529 1
1046 1512 1098 1536 qua
1118 1505 1244 1536 hismria.
1270 1506 1318 1533 sed
1336 1506 1506 1534 solummodo
1530 1515 1578 1542 per
1602 1512 1798 1544 metaphoram,

1013 1558 1022 1574 1
1044 1554 1069 1575 et
1095 1549 1222 1577 dit-tionis
1247 1552 1465 1579 cenvcrsionem.
1487 1563 1496 1578 ι
1514 1553 1549 1580 At
1568 1562 1631 1581 vero
1655 1557 1798 1589 proverbia

971 1617 991 1645 Ο
1010 1593 1165 1622 Graecorum
1191 1596 1235 1622 illa
1262 1597 1296 1623 ab
1320 1597 1433 1625 historia
1451 1599 1566 1632 quadam
1582 1599 1796 1629 deducebantur.

1008 1640 1075 1668 llud
1095 1641 1179 1674 enim,
1198 1641 1243 1668 Vel
1262 1647 1383 1669 "mrtuus
1405 1648 1453 1676 est,
1476 1644 1515 1670 vel
1536 1646 1611 1672 dare!
1624 1646 1743 1679 litteras,
1762 1651 1797 1674 ab

1008 1686 1121 1713 historia
1143 1687 1270 1720 quadam,
1288 1687 1413 1714 concedit
1434 1687 1502 1722 ipse,
1515 1688 1656 1716 oriebatur
1672 1699 1679 1716 :
1695 1691 1729 1717 ab
1743 1691 1795 1718 alia

1009 1732 1119 1763 itidem,
1135 1730 1222 1762 Capra
1245 1732 1424 1766 gludium:et
1449 1732 1520 1759 illius
1547 1735 1634 1766 item,
1663 1733 1736 1762 Salis
1762 1735 1794 1762 de

1005 1786 1114 1812 quercu,
1136 1786 1169 1805 eo
1190 1779 1261 1813 quod
1287 1779 1333 1813 qui
1358 1779 1501 1814 glandibus
1525 1780 1589 1807 olim
1617 1780 1794 1808 vescebantur

1005 1825 1106 1851 diutius
1120 1825 1173 1852 illis
1187 1825 1258 1852 vesci
1278 1825 1448 1852 destiterunt.
1465 1825 1540 1859 Quod
1560 1826 1581 1853 si
1593 1825 1711 1854 Glaucus
1721 1827 1794 1862 quis-

1003 1869 1086 1903 piam,
1109 1869 1207 1896 artifex
1232 1869 1330 1904 aliqu-is
1350 1871 1485 1905 egregius,
1505 1871 1687 1899 diversimode
1708 1872 1741 1900 ab
1759 1872 1792 1900 iis

1003 1915 1152 1947 ferebatur,
1165 1916 1211 1950 qui
1224 1916 1353 1951 deinceps
1364 1917 1390 1943 iii
1407 1916 1559 1944 sententias
1576 1918 1609 1944 de
1627 1917 1673 1945 illo
1687 1918 1791 1945 discre-

1000 1967 1096 1997 pantes
1109 1962 1214 1993 abiere.
1227 1962 1292 1996 quid
1307 1963 1358 1989 hoc
1375 1963 1407 1989 ad
1425 1963 1553 1990 divinitus
1572 1963 1701 1998 inspirata
1723 1963 1790 1991 Pro—

1000 2007 1111 2036 verbia?
1123 2007 1213 2042 Neque
1226 2008 1310 2041 enim,
1325 2013 1354 2035 ut
1368 2008 1393 2035 in
1407 2008 1564 2036 Graecorum
1581 2009 1612 2037 ﬁt
1628 2010 1790 2044 proverbiis,

1000 2054 1034 2081 ab
1046 2053 1156 2082 historia
1167 2054 1283 2089 quadam
1294 2054 1338 2081 illa
1348 2055 1509 2082 solutionem
1522 2056 1675 2083 sortiuntur
1685 2064 1761 2084 suam
1781 2065 1789 2083 :

1001 2105 1030 2127 ut
1041 2107 1152 2127 necesse
1166 2100 1202 2127 sit
1214 2100 1381 2133 Marcellum,
1397 2108 1449 2128 non
1464 2101 1552 2128 solum
1565 2102 1690 2137 imperite
1707 2108 1789 2137 atque

963 2149 1099 2183 sapientes
1120 2147 1287 2181 Graecorum,
1316 2156 1378 2175 cum
1404 2149 1431 2176 in
1460 2148 1607 2177 Proverbia
1635 2149 1789 2178 Salomonis

985 940 1005 966 Β

156 2192 323 2223 incidissent,
345 2193 378 2219 ad
406 2194 585 2222 imitationem
605 2196 770 2229 prophetica:
785 2196 974 2230 scripturzegse
990 2196 1023 2223 ad
1038 2196 1215 2224 scribendum
1236 2196 1412 2231 applicuisse.

189 2239 298 2266 Τούτων
312 2240 376 2275 ἡμῖν
390 2241 541 2275 εἰρημένων
552 2242 591 2273 είς
603 2242 738 2274 ἀπόδειξιν
748 2242 795 2270 τοῦ
809 2243 877 2278 μηδὲ
888 2245 946 2275 ταῖς

152 2285 240 2317 θείαις
261 2287 394 2322 Γραφαὶς,
420 2287 448 2313 ὂν
470 2287 522 2322 χρὴ
539 2288 650 2323 τρόπον,
669 2289 878 2323 ἐντετυχηκέναι
900 2290 945 2315 τὸν

149 2332 246 2368 ἄνδρα,
261 2333 339 2360 καλεῖ
350 2333 382 2368 δὴ
397 2334 491 2369 καιρὸς
502 2335 547 2360 καὶ
557 2334 605 2369 τὴν
617 2335 668 2369 οὐχ
683 2335 747 2370 ὑγιῆ
762 2335 812 2370 τῆς
828 2335 946 2367 πίστεως

148 2379 232 2406 αὐτοῦ
243 2379 320 2412 δόξαν
331 2380 544 2415 ἐπισκέψασθαι·
559 2381 596 2412 ὡς
606 2381 714 2408 ἐναντία
726 2382 752 2417 (9
759 2381 905 2413 ἣδοξάζων
913 2382 944 2416 τῇ

148 2425 363 2461 ἐκκλησιαστικῇ
397 2426 564 2462 διδασκαλίᾳ,
588 2428 673 2463 αὑτήν
692 2437 721 2454 τε
742 2428 788 2454 καὶ
807 2428 869 2458 τοὺς
882 2436 945 2462 προ-

147 2471 269 2504 εστῶτας
284 2473 369 2508 αὐτῆς
385 2473 535 2501 διέϐαλλεν.

482 2533 560 2559 ΚΕΦ.
577 2534 614 2561 Δ’.

143 2579 207 2605 Ὅτι
231 2578 288 2611 τήν
314 2587 345 2605 τε
367 2579 625 2613 ἐκκλησιαστικὴν
644 2579 858 2612 διδασκαλίαν,
888 2580 937 2607 καὶ

251 2613 322 2646 τοὺς
343 2613 533 2648 προεστῶτας
546 2614 641 2649 αὐτῆς
660 2614 827 2642 διέϐαλλεν.

180 2658 236 2695 (95)
247 2658 328 2695 Θήσω
336 2659 364 2686 δὲ
375 2659 481 2695 πρῶτα,
488 2660 521 2686 δι’
526 2656 563 2688 ὧν
572 2662 628 2692 τοῖς
638 2660 726 2696 ὀρθῶς
736 2660 782 2687 καὶ
792 2660 935 2696 ἐκκλησια-

182 2731 212 2760 ιι4
231 2728 279 2755 Ed.
298 2727 399 2762 Paris,
419 2736 481 2765 pag.
500 2729 543 2756 l8.

176 2796 236 2840 195)
253 2797 453 2841 Vulgo-afﬁxa;
467 2803 492 2841 et
499 2799 610 2841 §6~Iazat
622 2797 738 2841 νοεῖσθαι
754 2802 781 2841 et
794 2797 847 2841 τῷν
860 2798 929 2824 ιστο-

143 2834 313 2875 ριῶνιτινων,
323 2839 353 2875 et
367 2834 410 2860 διὰ
420 2834 517 2875 τὴνιδὲ.
532 2841 556 2862 et
574 2842 634 2875 mox
650 2834 701 2875 lup.
715 2834 800 2875 φασίν
814 2834 871 2873 Ioc-9
879 2841 930 2868 φη-

143 2868 270 2905 σίνεγΜοι
287 2869 365 2904 vulgo
383 2868 530 2905 γινομένην
541 2875 568 2897 et
580 2870 661 2896 αὑταὶ
675 2870 707 2895 ἐκ
719 2875 746 2896 et
759 2868 930 2904 Σολομῶντος

141 2908 171 2932 ει
184 2903 213 2930 δὲ
223 2906 237 2931 ὁ
249 2904 354 2949 χρόνος.
446 2903 452 2905 ⁷
507 2903 513 2905 ⁷

176 2939 236 2976 (94)
265 2941 307 2973 Ως
315 2941 446 2975 ἐναντία,
456 2946 520 2973 etc.,
533 2939 694 2967 διαϐάλλει.
705 2954 738 2960 —-
747 2938 802 2975 Ego
811 2946 844 2967 ex
852 2939 931 2967 codd.

1038 2243 1086 2271 His
1097 2244 1122 2270 in
1139 2251 1199 2270 eum
1213 2244 1292 2270 linem
1304 2252 1318 2270 a
1329 2245 1407 2271 nobis
1419 2245 1578 2279 praemissis,
1595 2250 1623 2271 nt
1636 2245 1787 2272 certissime

999 2294 1130 2324 appareat
1142 2290 1279 2318 hominem
1294 2298 1477 2325 nequaquam,
1494 2291 1529 2318 ita
1545 2296 1575 2318 ut
1585 2292 1715 2326 oportuit,
1728 2299 1786 2317 ver-

998 2340 1085 2362 satum
1099 2335 1405 2371 inScripluris,tetnpus
1416 2343 1469 2368 est,
1483 2337 1645 2371 utdeinceps
1661 2337 1739 2363 ﬁdem
1755 2336 1785 2362 il-

998 2380 1060 2414 lius,
1077 2389 1157 2415 quam
1179 2382 1214 2408 sit
1231 2382 1300 2409 tttale
1314 2389 1392 2415 sana,
1410 2382 1614 2409 consideremus
1630 2389 1636 2407 :
1653 2386 1679 2408 et
1703 2389 1784 2416 quam

996 2427 1148 2461 oppositam
1156 2427 1317 2454 sententiam
1327 2432 1433 2454 tueatur
1439 2427 1712 2461 doctrinaqecctesiast
1719 2427 1766 2454 ictu
1775 2437 1781 2454 :

996 2481 1078 2508 quam
1094 2481 1147 2500 una
1167 2481 1228 2500 cum
1247 2474 1368 2507 ejusdem
1383 2473 1554 2501 antistitibus
1570 2480 1693 2501 accusat.

1321 2533 1395 2560 CAP.
1419 2533 1461 2561 IV.

994 2578 1070 2611 Quod
1084 2586 1143 2605 cum
1162 2580 1309 2639 doctrina";
1324 2579 1460 2610 Ecelesiw,
1474 2583 1529 2606 tum
1549 2579 1668 2614 ejusdem
1681 2587 1781 2614 prauu-

1309 2622 1335 2639 εἰ
1349 2620 1464 2639 accuset.

1309 2622 1335 2641 εἰ
1349 2620 1464 2641 accuset.

1025 2664 1094 2689 Ante
1108 2661 1200 2689 omnia
1219 2661 1392 2696 proponenda
1411 2666 1474 2688 sunt
1490 2669 1505 2688 a
1522 2669 1565 2689 me
1588 2661 1644 2694 illa,
1670 2661 1697 2689 in
1717 2649 1782 2696 qui,

964 2256 984 2282 Ι)

982 2799 1043 2826 dedi
1058 2797 1194 2825 διέϐαλλεν
1203 2802 1231 2825 et
1244 2798 1270 2824 in
1286 2797 1411 2825 lemmate
1425 2797 1515 2825 addidi
1530 2806 1559 2824 τε
1571 2801 1632 2832 post
1645 2798 1705 2833 τήν.

1019 2834 1076 2867 (95)
1099 2833 1291 2869 Syllabntnhic
1306 2833 1417 2869 exhibet
1437 2833 1543 2869 illorum
1553 2833 1697 2866 Eusebius,
1709 2840 1778 2868 quos

986 2870 1086 2902 scripto
1101 2867 1149 2895 suo
1163 2869 1200 2895 ait
1222 2867 1377 2904 Marcellum
1393 2868 1558 2904 exagitaSse,
1577 2876 1647 2902 quos
1660 2867 1778 2903 genérap

987 2905 1047 2935 tiut,
1061 2904 1140 2938 λόγου
1160 2903 1313 2939 ἀρξάμενος
1338 2909 1609 2939 commemoraverat.
1627 2904 1712 2930 Erant
1724 2911 1778 2939 Vau-

988 2944 1040 2966 tein
1054 2946 1148 2967 omnes
1164 2938 1325 2967 Arianorum
1341 2938 1480 2975 primipili,
1497 2943 1524 2967 et
1541 2939 1671 2975 acerrimi
1684 2938 1778 2967 defen-
