2045 3215
176 160 205 190 ἹΞ.
212 159 226 187 7

733 164 872 193 CONTRA
892 167 1103 195 MARCELLUM
1122 167 1185 195 [ΛΒ.
1207 170 1225 194 I.

1741 168 1790 195 758

176 228 186 244 1
205 217 358 254 δογματιτιὴ
375 217 428 244 τῶν
445 219 543 254 ἰατρῶν
560 219 652 255 τέχνη·
671 224 804 257 μαρτυρεῖ
817 223 845 249 δὲ
864 224 911 250 ναὶ
924 233 943 250 τε

1011 233 1019 249 1
1037 225 1069 251 dc
1085 217 1242 258 scripturis,
1256 223 1281 249 itl
1293 223 1363 257 quod
1380 224 1468 255 vollet,
1488 230 1603 258 nequeat
1617 224 1788 257 conﬁrmare.

176 273 186 290 1
202 265 256 291 τῶν
270 263 420 299 φιλοσόφων
440 265 592 301 καλούμενα
611 266 762 302 (δόγματα).
782 270 842 296 ’Ὁτι
867 270 894 296 δὲ
909 270 955 297 καὶ

176 318 184 333 1
201 307 236 334 τὰ
252 308 396 344 συγκλήτῳ
406 309 527 342 δόξαντα,
541 310 580 337 ἔτι
595 312 642 338 καὶ
653 312 699 338 νῦν
708 312 830 348 δόγματα
844 316 956 351 συγκλή-

175 363 184 380 ι
202 362 250 380 του
265 353 384 388 λέγεται,
401 355 496 382 οὐδένα
509 356 615 390 ἀγνοεῖν
628 355 713 392 οἶμαι.
735 369 744 384 ι
763 360 817 386 Καὶ
829 360 914 387 ταῦτα
927 361 955 387 δὲ

171 401 568 437 ὀΜάρκελλος,ἀμνημονήσας
586 403 635 438 τῆς
652 404 833 440 ἀπστολικῆς
852 407 952 441 φωνῆς,

170 446 187 481 ἥ
204 455 271 482 φησι
285 447 349 482 περὶ
364 447 411 474 τοῦ
427 447 562 483 Σωτῆρος,
581 448 634 475 τὸν
646 450 738 484 νόμον
752 451 811 478 τῶν
823 452 954 480 ἐντολῶν

169 491 232 524 τοῖς
247 491 374 527 δόγμασι
392 493 592 528 καταργήσας,
619 496 739 532 προήχθη
757 498 852 525 εἰπεῖν.
876 499 954 526 Ἀλλὰ

169 537 216 563 καὶ
226 537 362 572 μέμφεται
373 538 411 574 τῷ
421 537 474 565 δεῖν
483 539 595 566 ἕπεσθαι
607 542 662 572 τοῖς
670 541 802 576 Πατράσι,
814 542 864 577 τῆς
878 543 953 576 θείας

169 581 325 617 φασκούσης
340 582 460 618 Γραφῆς·
479 584 685 618 Ἐπερώτησον
697 585 749 612 τὸν
759 586 870 621 πατέρα
882 595 950 619 σου,

168 626 217 653 καὶ
229 627 389 662 ἀναγγελεῖ
402 636 460 655 σοι·
480 630 549 662 τοὺς
565 631 784 665 πρεσϐυτέρους
801 640 868 664 σου,
903 634 951 660 καὶ

167 672 272 706 ἐροῦσι
288 680 348 700 σοι’
365 674 422 706 καὶ,
434 674 482 708 Μὴ
495 675 612 709 μέταιρε
622 676 687 710 ὅρια
696 676 807 710 αᾱιίννια,
819 677 838 704 ἂ
851 678 952 706 ἔθεντο

166 719 194 744 οι
209 718 341 753 Πατέρες
357 727 425 747 σου.
441 719 497 747 Εῐτ“
510 722 673 755 ἀγανακτῶν
694 723 734 749 ὅτι
756 724 884 751 Παυλῖνον
902 734 953 760 μα-

167 764 261 800 κάριον
276 766 457 800 ἀπεκάλεε-εν,
482 768 549 804 ὁμοῦ
566 777 594 795 τε
611 769 702 801 κακῶς
724 770 854 797 Εὑσεόίου
871 771 951 798 πάλιν

167 811 354 846 μνημονεύων,
372 812 442 840 οὕτω
456 812 571 849 γράφει·
594 824 601 840 1
621 816 804 852 Συνηγορῆσαι
819 817 873 853 γὰρ
888 818 950 852 βου-

167 865 177 880 1
196 855 287 891 ληθεὶς
309 856 348 892 τῷ
370 857 418 893 τὴν
441 858 583 894 ἐπιστολὴν
607 859 698 890 κακῶς
713 859 847 895 γράψαντι
866 861 950 887 Εὐσε-

167 911 177 927 1
197 902 258 938 ϐιῳ,
281 903 388 937 πρῶτον
404 903 442 938 (7)
461 904 519 939 μὲν,
533 904 564 930 οὐ
581 904 776 937 διδασκαλικῶς
794 906 949 940 ἀναπτύξας

167 957 177 973 ι
197 948 240 982 ἐφ’
257 945 276 985 ᾖ
297 949 328 976 τδ
347 949 434 985 δόγμα
449 950 498 986 τὴν
514 951 657 987 ἐπιστολὴν
674 952 832 986 συνέταξεν·
850 954 879 979 οὐ
895 954 949 989 γάρ

166 993 263 1028 «πρὸς
281 995 331 1029 τὴν
351 995 524 1031 Ἐκκλησίαν,
536 997 597 1023 οὐδὲ
617 997 685 1033 πρὸς
705 998 768 1030 τοὺς
787 998 949 1032 ἀγνοοῦντας

166 1048 175 1063 1
194 1038 298 1073 ἐγίνετο
309 1039 340 1066 τὸ
353 1040 479 1076 γράμμα,
491 1041 559 1068 ἀλλὰ
575 1042 642 1078 πρὸς
657 1043 701 1069 τὸν
733 1043 866 1079 μακάριον
880 1045 950 1072 Παυ-

165 1093 174 1110 1
196 1084 277 1111 λῖνον”
296 1086 429 1121 μακάριον
454 1087 535 1114 αὑτὸν
558 1087 601 1114 διὰ
623 1088 701 1115 τοῦτο
721 1089 815 1122 εἰπὼν,
838 1091 878 1117 ὅτι
900 1091 947 1127 τὴν

165 1139 174 1156 1
192 1131 277 1167 αὐτὴν
286 1129 359 1167 εἶχεν
370 1132 499 1169 ’Δοτερίῳ
508 1133 595 1166 δόξαν.
608 1134 712 1161 Οὐκοῦν
725 1135 872 1172 ἐπειδήπερ
885 1138 947 1169 τοὺς

165 1187 174 1203 1
195 1178 367 1213 σοφωτάτους
381 1180 506 1215 Πατέρας
519 1181 656 1216 Ἀστερίου
667 1182 875 1218 μεμαθήκαμεν,
888 1185 947 1211 ἀκό-

163 1232 173 1248 1
195 1223 287 1250 λουθον
310 1224 441 1260 ἡγοῦμαι,
459 1225 550 1260 λέγειν
571 1227 676 1253 καὶτὸν
697 1227 829 1256 Παυλίνου
847 1238 876 1255 τε
900 1230 946 1256 καὶ

163 1278 173 1293 1
193 1268 247 1295 τῶν
261 1269 349 1296 ἄλλων
371 1271 515 1306 γενόμενον
537 1271 706 1299 διδάσκαλον.
736 1273 801 1299 ’Λπο
824 1273 878 1309 γὰρ
888 1265 946 1308 ’τῆς

163 1323 172 1338 1
192 1314 325 1341 Παυλινου
342 1315 497 1351 ἐπιστολῆς,
518 1317 532 1343 ὸ
549 1317 673 1344 κάκείνου
690 1317 848 1351 διδάσκαλος
865 1328 945 1354 γεγο-

163 1369 174 1385 ‹
190 1358 243 1392 νὼς
262 1359 372 1397 εὔδηλος
389 1361 486 1395 γένοιτ’
508 1361 541 1389 ἂν
562 1364 637 1397 ἡμῖν.
656 1373 664 1387 ι
690 1364 743 1390 Καὶ
763 1364 864 1399 μεταξύ
885 1373 945 1392 τινα

159 1405 255 1439 εἰπὼν,
269 1405 315 1432 τδν
329 1407 409 1434 αὑτὸν
422 1405 500 1440 αὖθις
512 1407 658 1440 διαϐάλλει,
671 1409 708 1441 ὡς
720 1410 769 1437 οὐκ
783 1410 870 1446 ὀρθῶς
882 1412 946 1438 ἀπο-

159 1451 304 1487 δεξάμενον
317 1453 363 1479 τδν
376 1454 512 1490 Ὠριγένη,
525 1454 612 1489 λέγων
630 1455 714 1488 οὕτως
727 1465 734 1471 ⁸
752 1466 761 1481 1
783 1457 839 1484 Οὐκ
857 1457 946 1492 Εὐαγ-

163 1507 171 1521 1
193 1497 304 1534 γελικῆς
323 1499 538 1536 ὑπομιμνήσκων
558 1502 729 1535 διδασκαλίας
748 1503 822 1530 ταῦτ’
843 1504 944 1541 ἔγραψε

163 1552 172 1568 1
194 1543 333 1590 Παυλῖνος,
343 1545 482 1580 ὁμολογῶν
494 1547 522 1573 δὲ
536 1547 623 1579 ὲνίους
638 1549 687 1583 μὲν
700 1548 745 1583 ἀφ’
758 1549 862 1577 ἑαυτῶν
873 1550 944 1578 οὕτω
957 1562 978 1590 ρ

161 1597 170 1612 1
193 1588 343 1616 κινεῖσθαι”
368 1590 455 1622 ἐνίους
476 1591 503 1618 δὲ
520 1593 553 1619 ὲκ
575 1593 627 1619 τῶν
649 1593 870 1629 ἀναγνωσμάτων
889 1595 943 1622 τῶν

160 1643 169 1658 1
191 1636 398 1670 προειρημένων
417 1637 520 1672 ἀνδρῶν
534 1638 626 1665 τοῦτον
645 1637 727 1675 ἦχθαι
744 1640 789 1667 τὸν
804 1642 912 1677 τρόπον.
929 1652 939 1669 ι

156 1677 224 1706 Εἶτα
246 1681 332 1713 τέλος,
353 1682 447 1718 ὥσπερ
468 1684 528 1711 τινὰ
555 1685 687 1720 κορωνίδα
705 1687 754 1721 τῆς
780 1687 941 1721 ἀποδείξεως

156 1725 267 1759 ἐπάγων
285 1727 319 1753 ἐκ
339 1727 393 1754 τῶν
415 1729 567 1764 Ὠριγὲνους
591 1731 679 1765 ῥητῶν
701 1731 749 1766 (8),
774 1733 822 1767 τῆς
844 1733 940 1760 ἑαυτοῦ

156 1771 315 1806 ὑπέγραψεν
329 1774 483 1810 ἐπιστολῆς.
502 1775 539 1807 ὡς
557 1775 655 1810 μᾶλλον
673 1778 764 1804 πεῖσαι
780 1778 938 1814 δυναμένου,

154 1817 231 1852 παρά
247 1818 309 1850 τοὺς
325 1819 519 1853 εὐαγγελιστὰς
536 1821 582 1847 καὶ
596 1822 658 1854 τοὺς
674 1822 846 1855 ἀποστόλους.
863 1825 939 1851 Ἐστι

153 1860 182 1888 δὲ
197 1861 232 1889 τὰ
249 1863 319 1897 ῥητὰ
335 1864 427 1891 ταῦτα·
450 1875 458 1890 1
481 1866 551 1902 Ὦρα
574 1867 776 1895 ὲπαναλαϐόντα
797 1870 861 1905 περὶ
884 1871 940 1896 Πα-

157 1916 167 1932 1
189 1907 263 1943 τρὺς,
281 1909 328 1935 καὶ
349 1909 424 1942 Υζοῦ,
443 1911 489 1938 καὶ
513 1912 590 1946 ἀγίου
607 1913 775 1949 Πνεύματος,
793 1915 868 1949 ὀλίγα
887 1916 940 1942 τῶν

156 1960 167 1978 1
188 1953 248 1980 τότε
271 1955 529 1992 παραλελειμμένων
555 1958 708 1992 διεξελθεῖν.
738 1960 805 1995 Περὶ
822 1961 937 1997 Πατρὸς,

156 2006 166 2024 1
184 1997 222 2030 ὡς
238 1999 390 2035 ἀδιαίρετος
405 2001 441 2027 ὢν
459 2002 505 2029 καὶ
519 2003 665 2039 ἀμέριστος
679 2004 743 2031 Υἱοῦ
759 2005 861 2039 γίνεται
881 2006 937 2032 Πα-

155 2053 164 2069 1
184 2045 247 2080 τήρ*
273 2046 304 2072 οὐ
323 2047 466 2082 προϐαλὼν
492 2049 583 2083 αὑτὸν,
606 2050 644 2081 ὡς
668 2050 768 2078 οἴονται
795 2059 876 2083 τινες.
907 2052 938 2078 El

155 2099 165 2116 1
183 2090 237 2126 γὰρ
255 2092 399 2128 πρόὅλημά
418 2093 457 2130 (9)
483 2095 556 2121 ἐστιν
580 2098 594 2123 ὁ
617 2096 680 2128 Υἱὸς
698 2096 744 2123 τοῦ
766 2097 872 2133 Πατρὺς
891 2099 939 2125 καὶ

189 2183 289 2219 ggEd.
308 2183 405 2215 Paris,
418 2192 479 2219 pag.
495 2184 540 2211 29..

187 2217 210 2234 ⁵³
222 2218 321 2254 Epltes.
337 2227 367 2251 tl,
384 2217 427 2247 Ιὸζ
455 2217 573 2248 ’“[)ευι.
585 2228 670 2253 xxx",
680 2220 706 2247 ’1.
741 2220 773 2236 ⁸⁸·
786 2219 865 2250 Prov.
883 2230 952 2254 ιλιι,

1008 278 1016 294 1
1037 269 1070 295 ad
1085 269 1358 303 sapientissiutos,1tti
1373 275 1457 302 retur,
1467 269 1559 297 Patres
1569 271 1701 304 confugit,
1715 277 1742 298 et
1755 271 1790 297 in-

1008 323 1016 339 1
1033 313 1092 348 quit
1106 314 1176 348 quod
1190 314 1382 349 sapientissimi
1396 321 1411 341 e
1427 314 1553 345 Patribus
1568 315 1593 341 in
1609 315 1718 350 scriptis
1734 316 1790 343 suis

1007 368 1016 384 1
1035 359 1234 387 concluserunt.
1242 360 1412 388 Conclusisse
1419 368 1483 388 suos
1492 359 1587 388 Patres
1597 361 1720 388 Asterius
1731 369 1790 396 pro-

1007 415 1015 429 1
1034 405 1084 439 dit,
1102 411 1130 433 et
1144 406 1306 434 sententiam
1325 407 1357 434 tle
1372 406 1426 434 Deo
1441 406 1585 440 protulisse
1603 414 1634 434 ex
1651 415 1700 435 suo
1715 407 1788 442 ipso-

1007 463 1015 478 1
1033 461 1090 480 rum
1099 454 1191 482 attimo
1203 454 1361 482 derivatam.
1373 453 1510 489 Dogmatis
1518 454 1591 482 enim
1602 462 1666 486 vox,
1675 461 1728 490 qua
1740 455 1790 482 uti-

1006 508 1014 523 1
1033 503 1076 526 tur
1098 498 1152 531 ille,
1166 500 1200 528 ab
1212 499 1329 527 humana
1339 499 1480 527 voluntate
1497 503 1524 528 et
1537 499 1663 534 opinione
1677 500 1787 534 pendet.

1005 554 1014 570 1
1029 545 1104 579 Quod
1112 546 1179 573 satis
1187 546 1264 573 docet
1270 553 1325 578 ars,
1331 553 1392 580 qua:
1398 545 1498 573 dicitur
1504 545 1667 580 dogmatica,
1674 545 1789 573 medico-

1005 598 1014 614 1
1032 597 1106 622 rum;
1117 590 1214 618 docent
1224 595 1313 617 autem
1321 594 1348 617 et
1356 597 1415 624 quae
1427 590 1556 617 dicuntur
1564 589 1787 625 philosophorum

1005 644 1014 659 ‹
1033 635 1168 670 dogmata.
1192 634 1284 669 Neque
1299 635 1376 667 latet,
1392 635 1498 669 opinor,
1514 635 1643 670 aliquem,
1659 642 1674 661 a
1690 639 1786 662 senatu

1005 691 1013 706 1
1033 681 1273 714 edita,etiamnum
1285 680 1411 716 dogmata
1418 685 1529 708 senatus
1543 680 1688 708 nominari.
1702 689 1712 706 ι
1723 679 1785 708 Haec

1002 727 1157 761 Marcellus,
1175 734 1271 762 parum
1288 733 1391 754 memor
1404 726 1543 762 apostolici
1557 727 1621 754 dicti
1641 727 1674 753 de
1686 726 1786 754 Serva-

1003 779 1072 806 tore,
1088 773 1180 808 Legem
1194 773 1379 799 mandatorum
1391 773 1502 800 decretis
1515 781 1573 799 cum
1588 779 1734 800 concitasset
1750 772 1782 799 ⁸³.

1001 819 1092 854 Pergit
1103 824 1203 852 autem,
1214 824 1241 846 et
1256 817 1403 853 Scriptura:
1413 819 1499 846 dicam
1518 818 1652 851 inscribit,
1665 826 1723 853 quae
1737 820 1785 845 do-

1001 871 1045 892 cet
1062 865 1213 899 sequendos
1229 872 1289 892 esse
1306 865 1399 891 Patres
1416 874 1421 891 :
1438 863 1576 899 Interroga
1588 869 1686 898 patrem
1699 869 1782 897 tuum,

965 896 986 923 Β
1000 915 1023 937 et
1035 911 1202 938 annuntiabit
1215 909 1282 942 tibi;
1297 911 1412 938 seniores
1428 915 1452 938 et
1464 910 1609 937 narrabant
1626 910 1672 936 tibi
1689 910 1727 942 “;
1745 915 1782 943 et,

1001 954 1135 981 Termino;
1149 955 1270 989 antiquos
1287 963 1318 982 ne
1332 956 1533 989 trumgredt'tor,
1550 963 1615 990 quos
1639 954 1728 982 Patres
1744 955 1784 982 uti

998 1007 1106 1033 posuere
1121 999 1165 1027 δι’.
1176 999 1276 1028 Audito
1292 1000 1388 1028 deinde
1404 1000 1544 1027 Paulinum
1570 1001 1672 1027 beatum
1692 1000 1783 1035 appel-

999 1045 1058 1080 lari,
1075 1046 1250 1082 indignatur:
1265 1051 1292 1074 et
1309 1046 1417 1074 Eusebii
1444 1047 1541 1073 iterum
1575 1047 1698 1074 meminit
1720 1054 1780 1073 cum

998 1093 1159 1120 contumelia
1176 1093 1298 1120 scribens
1310 1092 1355 1129 [Β.
1371 1092 1516 1129 LXXVII]:
1533 1102 1543 1118 1
1559 1092 1720 1120 Consentire
1734 1099 1782 1119 vo-

1001 1149 1009 1163 1
1030 1138 1088 1166 lens
1104 1146 1166 1166 cum
1180 1138 1307 1172 Eusebio,
1326 1139 1372 1173 qui
1402 1139 1473 1165 illam
1499 1138 1607 1173 impiam
1631 1138 1782 1172 scripserat

1000 1193 1008 1209 1
1029 1183 1169 1218 epistolam
1187 1194 1193 1211 :
1210 1183 1335 1219 inprimis
1363 1191 1457 1218 parum
1474 1183 1710 1219 magisterialiter,
1735 1187 1781 1210 aut

999 1238 1008 1254 1
1028 1229 1060 1255 ad
1075 1228 1226 1256 docendum
1251 1233 1314 1263 apte
1330 1228 1459 1263 loquitur,
1475 1229 1520 1263 qui
1538 1228 1634 1262 dogma
1653 1235 1705 1254 non
1730 1235 1779 1254 no-

1000 1283 1007 1298 1
1026 1274 1111 1300 minat
1127 1274 1202 1308 cujus
1218 1274 1303 1309 gratia
1320 1274 1392 1301 illam
1407 1274 1517 1308 scripsit
1536 1274 1677 1308 epistolam
1693 1282 1701 1300 :
1716 1281 1778 1300 cum

999 1329 1007 1343 1
1028 1326 1081 1346 non
1096 1319 1128 1346 ad
1143 1319 1289 1346 Ecclesiam
1307 1320 1373 1347 illud
1388 1319 1535 1354 scriptum,
1554 1326 1641 1355 neque
1653 1319 1686 1345 ad
1702 1319 1778 1353 igno-

998 1374 1007 1389 1
1026 1368 1118 1391 rantes
1145 1364 1306 1399 dirigeretur
1345 1365 1391 1393 sed
1419 1365 1453 1392 ad
1482 1365 1590 1392 beatum
1618 1364 1775 1396 Paulinum,

998 1420 1007 1435 1
1028 1417 1108 1445 quem
1132 1410 1241 1437 beatum
1271 1411 1372 1438 dixisse
1395 1411 1455 1438 ideo
1468 1416 1551 1446 patet.
1568 1411 1639 1445 quod
1655 1410 1776 1438 eamdem

998 1465 1007 1481 1
1028 1463 1088 1483 cum
1104 1455 1212 1484 Asterio
1224 1457 1387 1484 sententiam
1408 1457 1510 1484 foveat.
1541 1456 1686 1491 Postquam
1712 1463 1777 1482 vero

998 1511 1007 1527 1
1024 1501 1238 1536 sapientissimos
1259 1503 1358 1529 Asterii
1379 1502 1472 1530 Patres
1484 1502 1668 1534 didicerimus,
1682 1509 1778 1528 conse-

998 1556 1007 1572 1
1022 1554 1108 1582 quens
1124 1554 1182 1575 esse
1193 1547 1323 1580 arbitror,
1336 1552 1365 1574 ut
1379 1555 1441 1575 cum
1458 1547 1579 1580 Paulini,
1595 1552 1649 1574 tum
1661 1547 1775 1574 aliorqu

997 1603 1006 1619 1
1022 1594 1146 1621 doctores
1167 1594 1346 1621 nominemus.
1373 1593 1438 1620 Nam
1453 1601 1501 1628 per
1514 1593 1653 1628 epistolam
1672 1593 1775 1620 Paulini

996 1649 1005 1665 1
1023 1639 1108 1672 illam,
1123 1639 1226 1674 patebit
1244 1640 1306 1674 quis
1330 1644 1390 1666 erat
1417 1639 1489 1667 illius
1505 1639 1676 1666 informatur.
1695 1649 1704 1664 ι
1724 1639 1774 1667 Ubi

994 1685 1097 1712 interea
1112 1685 1164 1711 alia
1180 1685 1301 1720 quazdam
1313 1692 1374 1712 cum
1393 1685 1604 1717 interseruisset,
1623 1688 1698 1711 taxat
1713 1691 1774 1710 eunt

994 1733 1092 1765 denuo,
1106 1733 1183 1767 quasi
1195 1733 1264 1760 male
1275 1732 1524 1767 cepissetOrigeuis
1540 1731 1775 1766 mentem.Loqui-

994 1782 1038 1805 tur
1056 1783 1145 1806 autent
1161 1779 1199 1807 sic
1215 1779 1259 1815 [Β.
1277 1779 1386 1816 XXXII]
1403 1788 1410 1806 :
1429 1789 1438 1805 1
1451 1779 1633 1815 Scripsithzec
1649 1778 1775 1806 Paulinus

995 1833 1004 1848 1
1023 1823 1120 1858 injecta
1128 1825 1235 1858 quidem
1247 1824 1413 1860 Evangelica:
1428 1825 1558 1852 doctrinae
1569 1823 1713 1856 mentione,
1726 1824 1774 1851 sed

994 1878 1002 1894 1
1022 1869 1119 1896 fatetur
1134 1870 1263 1904 quosdam
1279 1876 1352 1898 motu
1380 1877 1429 1898 suo
1454 1871 1573 1905 proprio.
1594 1869 1724 1904 quosdatn
1740 1869 1773 1896 de

994 1924 1003 1940 1
1024 1915 1138 1943 lectione
1158 1917 1348 1950 praedictorum
1375 1918 1513 1944 hominum
1525 1917 1559 1944 ad
1572 1917 1642 1944 hanc
1658 1915 1773 1944 formam

995 1971 1005 1986 1
1023 1961 1203 1989 descendisse.
1223 1971 1231 1987 ι
1248 1963 1287 1989 Ad
1302 1968 1453 1990 extremum
1464 1962 1537 1990 velut.
1552 1962 1597 1997 qui
1615 1961 1771 1990 coronidem

993 2014 1142 2043 apponeret
1164 2009 1398 2042 demonstrationi,
1426 2011 1459 2038 de
1476 2010 1556 2038 dictis
1578 2010 1749 2045 Origenianis
1764 2029 1771 2041 ,

992 2054 1114 2089 quaedam
1131 2057 1160 2086 ᾖ(
1186 2055 1346 2090 subscripsit
1366 2062 1421 2082 sua?
1446 2056 1585 2091 epistolas:
1611 2055 1688 2090 quasi
1712 2054 1772 2090 plus

993 2099 1037 2126 illa
1055 2105 1176 2140 possent,
1192 2107 1272 2135 quam
1290 2100 1462 2135 evangelista:
1481 2105 1509 2128 et
1530 2101 1658 2135 apostoli.
1687 2099 1772 2127 Verba

968 2221 1013 2249 28.

187 2308 227 2345 (7)
243 2308 363 2345 Πρῶτον
386 2309 444 2345 μὲν
468 2311 504 2337 οὺ
529 2309 758 2344 διδασκαλικῶς.
785 2311 848 2339 Haec
871 2316 934 2338 sunt

994 2311 1020 2338 1b
1033 2310 1145 2337 aliorum
1162 2310 1276 2338 lectione
1288 2315 1407 2338 mutuata
1420 2318 1425 2335 :
1439 2311 1528 2337 statim
1543 2309 1585 2336 ubi
1601 2309 1698 2336 iterum
1710 2311 1769 2337 Ori-

151 2343 282 2375 blaréelli.
300 2345 333 2371 de
348 2343 454 2372 Asterio
474 2345 686 2373 Eusebianorum
710 2343 841 2374 advocato
858 2346 933 2373 illum

150 2379 313 2413 incusantis,
328 2380 398 2414 quod
418 2380 562 2407 Eusebium
584 2388 636 2408 non
660 2382 792 2408 taxaverit
811 2382 844 2409 de
867 2389 933 2409 voce

149 2415 280 2450 dogmatis
299 2420 437 2449 usurpata,
451 2423 532 2450 quam
544 2423 558 2442 a
576 2416 662 2443 sacris
675 2415 719 2442 ille
734 2415 849 2444 alienam
865 2417 933 2443 ima-

149 2449 304 2484 ginabatur.
321 2449 486 2484 Legendum,
506 2450 557 2485 ἔφη
575 2450 720 2486 τὸνδόγμα.
733 2450 779 2478 llla
793 2459 858 2479 vero
875 2459 934 2486 qua:

149 2489 314 2518 sequuntur.
339 2493 390 2511 uott
417 2485 568 2521 cohaerent,
583 2485 695 2521 'videtur
720 2486 817 2521 aliquis
846 2485 934 2514 hiatus

148 2526 230 2546 esse:
250 2526 312 2545 nam
335 2524 399 2546 sunt
415 2520 499 2553 ipsius
522 2520 627 2547 Eusebii
654 2520 698 2547 illa
721 2522 755 2547 ad
768 2520 929 2549 Marcellum

149 2554 336 2588 respondentis
355 2555 406 2581 hoc
422 2555 479 2582 fere
494 2562 573 2582 sensu
586 2564 592 2582 :
606 2555 730 2587 Frustra.
742 2557 776 2583 de
794 2563 861 2583 voce
879 2556 928 2582 do-

146 2589 367 2626 gntateAcavillnrj
383 2589 551 2626 Marcellum,
571 2598 633 2626 cum
657 2594 772 2621 constet.
792 2591 865 2618 illum
882 2591 928 2625 qui

147 2623 291 2661 ἐπιστολὴν
301 2624 453 2661 συνέταξεν,
462 2626 492 2652 οὺ
501 2625 569 2661 πρὸς
574 2623 623 2661 τὴν
631 2625 856 2661 Ἑκκλησίανριο.
866 2623 931 2653 scri-

147 2659 243 2692 psisse,
253 2661 299 2686 sed
315 2660 348 2686 ad
364 2659 622 2692 Paulittu1n,'viruiu
639 2659 783 2688 eruditum.
794 2660 929 2688 M.—Mox

147 2694 225 2729 vulgo
235 2693 274 2729 τῷ
296 2701 359 2721 ante
370 2694 450 2729 V‘AU‘c.
473 2695 534 2723 add.
555 2695 627 2722 Loco
649 2695 728 2727 δόξαν
745 2695 797 2729 Mp.
817 2696 847 2722 τὸ
865 2696 931 2722 αὐτὸ

145 2728 245 2766 δόγμα.
259 2728 342 2757 Porro
356 2728 424 2766 εἶναι
440 2736 501 2756 ante
515 2730 634 2765 ἡγοῦμαι
650 2731 735 2758 delevi
751 2739 759 2760 :
773 2728 838 2758 'dciu
853 2731 932 2766 vulgo

145 2764 299 2800 γενομένων
312 2769 339 2792 et
352 2765 399 2791 τοῦ
411 2770 474 2792 ante
488 2764 630 2792 Παυλίνου.

181 2809 219 2843 (8)
242 2805 412 2844 Ὠριγένους
422 2810 532 2843 ῥητῶν.
557 2809 639 2837 Forte
659 2810 699 2838 sic
720 2810 845 2838 restitues
870 2811 929 2838 τινὰ

146 2844 177 2878 τῇ
195 2845 293 2880 ἑαυτοῦ
304 2845 459 2879 ἐπέγραψεν
469 2845 608 2880 ἐπιστολῇ.
623 2845 654 2872 Ει
664 2846 742 2879 paulo
753 2847 825 2880 prius
838 2855 846 2873 :
859 2847 927 2877 ἔνια,

147 2886 194 2913 pro
207 2879 298 2913 ἐνίοις,
308 2885 335 2908 et
343 2880 399 2907 ἔνια
413 2880 450 2907 δέ.
467 2881 593 2914 Quadam
610 2889 624 2908 ιι
640 2882 927 2916 soim'enta.quacd:un

985 2346 1061 2380 genis
1077 2347 1179 2372 mentio
1187 2350 1213 2372 et
1230 2347 1373 2378 incusatio,
1390 2346 1528 2378 legendum
1549 2344 1586 2380 μὴ
1603 2344 1678 2380 παρὰ
1702 2345 1767 2380 τῶν,

983 2379 1050 2413 étc.,
1061 2380 1118 2416 ἀλλ’
1131 2381 1220 2416 ἐαυτῷ
1237 2379 1365 2416 δεδωκὼς
1375 2380 1404 2406 τὺ
1421 2379 1546 2416 πλεῖστον
1558 2379 1768 2416 ,δευτέρανγύπό-

984 2424 1077 2452 στασιν
1090 2414 1427 2452 διῃτήσαοθαιτοῦγΛόγου,
1445 2415 1481 2451 μὴ
1497 2414 1600 2449 μαθὼν,
1614 2414 1716 2449 τολμᾷ;
1731 2415 1766 2441 ita

982 2451 1054 2479 enim
1069 2451 1240 2478 scribendum
1261 2451 1303 2478 illa
1321 2451 1469 2481 insinuant,
1484 2457 1544 2483 qua:
1559 2454 1765 2484 prmcesserunt,

984 2486 1016 2513 de
1028 2485 1154 2519 Origene,
1171 2494 1187 2513 e
1211 2493 1259 2513 suo
1283 2485 1396 2512 cerebro
1415 2483 1580 2519 scripsisse:
1597 2483 1681 2519 etrvix
1703 2485 1767 2510 edo-

984 2525 1059 2547 ctum
1071 2518 1226 2555 Scripturas
1246 2531 1252 2547 z
1269 2521 1415 2546 ὑπόστασιν
1432 2526 1497 2546 vero
1513 2518 1764 2555 scribendunttmon

983 2555 1109 2582 ὑπόθεσιν
1134 2553 1231 2583 docent
1258 2555 1300 2581 illa
1319 2563 1377 2588 qua:
1392 2561 1454 2582 mox
1476 2559 1640 2588 sequuntur.
1657 2553 1766 2588 μάλισθ·

981 2590 1022 2626 δτι
1043 2590 1082 2625 τῷ
1096 2590 1153 2626 Υἱῷ
1173 2590 1288 2617 δέδωκεν
1313 2590 1470 2626 undi-sumi).
1487 2589 1548 2626 llaec
1569 2589 1766 2626 enim_dicitt_tr

983 2623 1073 2652 fuisse
1089 2623 1206 2653 lllarcelli
1229 2625 1353 2655 haeresis,
1370 2625 1466 2651 Filium
1479 2624 1516 2658 μὴ
1533 2625 1562 2650 ὲν
1581 2623 1633 2659 ἰδίᾳ
1645 2623 1763 2659 ὑᾼποστάο

983 2669 1022 2687 σει
1041 2661 1202 2687 substitisse.
1220 2659 1295 2687 Unde
1311 2659 1340 2686 S.
1358 2659 1470 2686 Basilius
1481 2657 1515 2685 in
1525 2657 1636 2691 epistola
1654 2657 1700 2689 52.
1715 2659 1763 2691 ait,

982 2695 1056 2722 illum
1071 2696 1111 2727 εἰς
1128 2694 1243 2730 ὓπαρξιν
1259 2694 1310 2729 τῆς
1322 2694 1368 2720 τοῦ
1379 2692 1690 2730 Μονογενοῦςγθῇτητος
1701 2693 1764 2730 ἀφε-

982 2730 1054 2761 ϐεἶνς
1071 2738 1151 2764 quatit
1167 2727 1293 2756 bieresim'
1304 2730 1402 2764 ubique
1422 2727 1570 2764 illi'objecit
1581 2727 1761 2756 Eusebius.M.

980 2779 1015 2784 ——
1028 2762 1092 2792 Dein
1101 2766 1134 2800 τῇ
1144 2779 1178 2784 -
1189 2764 1316 2799 ἐπιστολῇ
1331 2762 1404 2792 coni.
1421 2762 1444 2789 Β

1017 2812 1055 2847 (9)
1078 2812 1161 2848 Vulgo
1173 2811 1330 2848 προβολήιοι
1343 2811 1404 2848 dein
1422 2810 1608 2848 προϐάλλοντα
1620 2815 1646 2837 et
1662 2810 1761 2848 ’γέ-γρα-

981 2857 1024 2881 φε,
1042 2844 1201 2882 παράῖιιιῆ
1216 2847 1267 2882 Μρ.
1285 2844 1343 2881 γρη
1358 2846 1394 2881 μή
1407 2844 1474 2879 πώς,
1497 2850 1523 2882 et
1544 2845 1673 2882 δέδωκας.
1691 2844 1762 2874 Infra

983 2883 1014 2910 ll.
1029 2881 1124 2918 μαθεῖν
1136 2882 1198 2915 dcl.,
1214 2882 1274 2909 dciu
1292 2883 1369 2917 vulgo
1388 2883 1463 2915 ὲπιφ.
1481 2881 1519 2917 τῷ
1536 2881 1670 2918 Ὤριγένη.
