  <div class='ocr_page' id='page_1' title='image "/cluster/home/n/w/nwhite01/storage/ocr_20150623/24/njp.32101077772513/389.png"; bbox 0 0 2045 3215; ppageno 0'>
   <div class='ocr_carea' id='block_1_1' title="bbox 299 186 352 214">
    <p class='ocr_par' dir='ltr' id='par_1_1' title="bbox 299 186 352 214">
     <span class='ocr_line' id='line_1_1' title="bbox 299 186 352 214; baseline 0.038 -2"><span class='ocrx_word' id='word_1_1' title='bbox 299 186 352 214; x_wconf 82' lang='grc'><strong>765</strong></span> 
     </span>
    </p>
   </div>
   <div class='ocr_carea' id='block_1_2' title="bbox 633 184 1566 215">
    <p class='ocr_par' dir='ltr' id='par_1_2' title="bbox 633 184 1566 215">
     <span class='ocr_line' id='line_1_2' title="bbox 633 184 1566 215; baseline 0 -4"><span class='ocrx_word' id='word_1_2' title='bbox 633 185 765 214; x_wconf 64' lang='grc' dir='ltr'>Ευδκιιιι</span> <span class='ocrx_word' id='word_1_3' title='bbox 785 186 1021 214; x_wconf 75' lang='lat' dir='ltr'><strong>C:‘ES.~\R|ENSIS</strong></span> <span class='ocrx_word' id='word_1_4' title='bbox 1040 186 1114 215; x_wconf 83' lang='lat' dir='ltr'><strong>OPP.</strong></span> <span class='ocrx_word' id='word_1_5' title='bbox 1135 186 1221 214; x_wconf 64' lang='lat' dir='ltr'><strong>PARS</strong></span> <span class='ocrx_word' id='word_1_6' title='bbox 1241 186 1284 214; x_wconf 85' lang='lat' dir='ltr'><strong>IV.</strong></span> <span class='ocrx_word' id='word_1_7' title='bbox 1305 202 1338 207; x_wconf 88' lang='lat'>——</span> <span class='ocrx_word' id='word_1_8' title='bbox 1357 184 1566 214; x_wconf 79' lang='lat' dir='ltr'><strong>DOGMATICA.</strong></span> 
     </span>
    </p>
   </div>
   <div class='ocr_carea' id='block_1_3' title="bbox 1869 181 1919 211">
    <p class='ocr_par' dir='ltr' id='par_1_3' title="bbox 1869 181 1919 211">
     <span class='ocr_line' id='line_1_3' title="bbox 1869 181 1919 211; baseline 0.02 -1"><span class='ocrx_word' id='word_1_9' title='bbox 1869 181 1919 211; x_wconf 68' lang='grc' dir='ltr'><strong>τοι</strong></span> 
     </span>
    </p>
   </div>
   <div class='ocr_carea' id='block_1_4' title="bbox 303 241 1075 280">
    <p class='ocr_par' dir='ltr' id='par_1_4' title="bbox 303 245 1071 280">
     <span class='ocr_line' id='line_1_4' title="bbox 303 245 1071 280; baseline 0.001 -8"><span class='ocrx_word' id='word_1_10' title='bbox 303 255 313 272; x_wconf 87' lang='lat'><strong>1</strong></span> <span class='ocrx_word' id='word_1_11' title='bbox 331 246 382 273; x_wconf 86' lang='lat' dir='ltr'><strong>sibi</strong></span> <span class='ocrx_word' id='word_1_12' title='bbox 399 250 494 280; x_wconf 87' lang='lat' dir='ltr'><strong>puteos</strong></span> <span class='ocrx_word' id='word_1_13' title='bbox 508 245 670 273; x_wconf 69' lang='lat' dir='ltr'><strong>effoderunt.</strong></span> <span class='ocrx_word' id='word_1_14' title='bbox 693 256 701 272; x_wconf 78' lang='grc' dir='ltr'><strong>ι</strong></span> <span class='ocrx_word' id='word_1_15' title='bbox 726 249 755 278; x_wconf 77' lang='grc' dir='ltr'><strong>›Ῑ‹</strong></span> <span class='ocrx_word' id='word_1_16' title='bbox 773 247 814 272; x_wconf 85' lang='lat' dir='ltr'><strong>Ad</strong></span> <span class='ocrx_word' id='word_1_17' title='bbox 842 247 922 274; x_wconf 89' lang='lat' dir='ltr'><strong>istum</strong></span> <span class='ocrx_word' id='word_1_18' title='bbox 949 254 1012 274; x_wconf 85' lang='lat' dir='ltr'><strong>vero</strong></span> <span class='ocrx_word' id='word_1_19' title='bbox 1028 255 1071 273; x_wconf 93' lang='lat' dir='ltr'><strong>m0</strong></span> 
     </span>
    </p>
   </div>
   <div class='ocr_carea' id='block_1_5' title="bbox 1130 241 1920 280">
    <p class='ocr_par' dir='ltr' id='par_1_5' title="bbox 1137 241 1920 280">
     <span class='ocr_line' id='line_1_5' title="bbox 1137 241 1920 280; baseline -0.005 -8"><span class='ocrx_word' id='word_1_20' title='bbox 1137 255 1146 271; x_wconf 97' lang='lat'><strong>1</strong></span> <span class='ocrx_word' id='word_1_21' title='bbox 1163 255 1209 272; x_wconf 88' lang='grc' dir='ltr'><strong>τον</strong></span> <span class='ocrx_word' id='word_1_22' title='bbox 1230 246 1275 272; x_wconf 79' lang='grc' dir='ltr'><strong>τὸν</strong></span> <span class='ocrx_word' id='word_1_23' title='bbox 1301 245 1366 272; x_wconf 82' lang='grc' dir='ltr'>Θεὸν</span> <span class='ocrx_word' id='word_1_24' title='bbox 1391 244 1436 272; x_wconf 83' lang='grc' dir='ltr'>τοῦ</span> <span class='ocrx_word' id='word_1_25' title='bbox 1460 245 1546 279; x_wconf 86' lang='grc' dir='ltr'>Λόγου</span> <span class='ocrx_word' id='word_1_26' title='bbox 1568 243 1706 280; x_wconf 76' lang='grc' dir='ltr'><strong>διαφέρειν</strong></span> <span class='ocrx_word' id='word_1_27' title='bbox 1728 242 1833 277; x_wconf 80' lang='grc' dir='ltr'><strong>διδάξῃ,</strong></span> <span class='ocrx_word' id='word_1_28' title='bbox 1858 241 1920 269; x_wconf 78' lang='grc' dir='ltr'>ὅσον</span> 
     </span>
    </p>
   </div>
   <div class='ocr_carea' id='block_1_6' title="bbox 300 291 1081 327">
    <p class='ocr_par' dir='ltr' id='par_1_6' title="bbox 300 291 1081 327">
     <span class='ocr_line' id='line_1_6' title="bbox 300 291 1081 327; baseline 0.003 -10"><span class='ocrx_word' id='word_1_29' title='bbox 300 291 363 318; x_wconf 90' lang='lat' dir='ltr'><strong>dum</strong></span> <span class='ocrx_word' id='word_1_30' title='bbox 379 291 568 325; x_wconf 71' lang='lat' dir='ltr'><strong>calumniatus,</strong></span> <span class='ocrx_word' id='word_1_31' title='bbox 579 297 693 319; x_wconf 88' lang='lat' dir='ltr'><strong>conatur</strong></span> <span class='ocrx_word' id='word_1_32' title='bbox 705 292 846 319; x_wconf 78' lang='lat' dir='ltr'><strong>ostendere</strong></span> <span class='ocrx_word' id='word_1_33' title='bbox 858 292 884 319; x_wconf 92' lang='lat' dir='ltr'><strong>in</strong></span> <span class='ocrx_word' id='word_1_34' title='bbox 898 292 1081 327; x_wconf 74' lang='lat' dir='ltr'><strong>sequentibus,</strong></span> 
     </span>
    </p>
   </div>
   <div class='ocr_carea' id='block_1_7' title="bbox 270 337 1079 372">
    <p class='ocr_par' dir='ltr' id='par_1_7' title="bbox 270 337 1079 372">
     <span class='ocr_line' id='line_1_7' title="bbox 270 337 1079 372; baseline 0 -8"><span class='ocrx_word' id='word_1_35' title='bbox 270 349 272 354; x_wconf 92' lang='lat'><strong><em>-</em></strong></span> <span class='ocrx_word' id='word_1_36' title='bbox 299 345 334 364; x_wconf 92' lang='lat' dir='ltr'><strong>ne</strong></span> <span class='ocrx_word' id='word_1_37' title='bbox 347 338 454 372; x_wconf 84' lang='lat' dir='ltr'><strong>quidem</strong></span> <span class='ocrx_word' id='word_1_38' title='bbox 476 347 485 363; x_wconf 97' lang='lat'><strong>1</strong></span> <span class='ocrx_word' id='word_1_39' title='bbox 502 338 646 372; x_wconf 76' lang='lat' dir='ltr'><strong>imaginem</strong></span> <span class='ocrx_word' id='word_1_40' title='bbox 674 339 714 365; x_wconf 89' lang='lat' dir='ltr'><strong>sui</strong></span> <span class='ocrx_word' id='word_1_41' title='bbox 737 337 826 365; x_wconf 85' lang='lat' dir='ltr'><strong>Patris</strong></span> <span class='ocrx_word' id='word_1_42' title='bbox 851 346 911 366; x_wconf 88' lang='lat' dir='ltr'><strong>esse</strong></span> <span class='ocrx_word' id='word_1_43' title='bbox 941 338 1048 365; x_wconf 83' lang='lat' dir='ltr'><strong>Filium.</strong></span> <span class='ocrx_word' id='word_1_44' title='bbox 1070 349 1079 364; x_wconf 75' lang='grc' dir='ltr'><strong>ι</strong></span> 
     </span>
    </p>
   </div>
   <div class='ocr_carea' id='block_1_8' title="bbox 298 383 1083 420">
    <p class='ocr_par' dir='ltr' id='par_1_8' title="bbox 298 383 1083 420">
     <span class='ocr_line' id='line_1_8' title="bbox 298 383 1083 420; baseline 0.004 -11"><span class='ocrx_word' id='word_1_45' title='bbox 298 383 342 410; x_wconf 87' lang='lat' dir='ltr'><strong>Ait</strong></span> <span class='ocrx_word' id='word_1_46' title='bbox 357 389 447 410; x_wconf 87' lang='lat' dir='ltr'><strong>autem</strong></span> <span class='ocrx_word' id='word_1_47' title='bbox 463 383 508 419; x_wconf 72' lang='grc' dir='ltr'><strong>[Β.</strong></span> <span class='ocrx_word' id='word_1_48' title='bbox 525 383 631 420; x_wconf 86' lang='lat' dir='ltr'><strong>LXXX]</strong></span> <span class='ocrx_word' id='word_1_49' title='bbox 648 394 653 411; x_wconf 94' lang='lat'><strong>:</strong></span> <span class='ocrx_word' id='word_1_50' title='bbox 675 394 684 410; x_wconf 89' lang='lat'><strong>1</strong></span> <span class='ocrx_word' id='word_1_51' title='bbox 700 384 875 420; x_wconf 83' lang='lat' dir='ltr'><strong>Consequens</strong></span> <span class='ocrx_word' id='word_1_52' title='bbox 890 392 950 412; x_wconf 86' lang='lat' dir='ltr'><strong>esse</strong></span> <span class='ocrx_word' id='word_1_53' title='bbox 965 385 1083 412; x_wconf 84' lang='lat' dir='ltr'><strong>arbitror</strong></span> 
     </span>
    </p>
   </div>
   <div class='ocr_carea' id='block_1_9' title="bbox 301 429 1079 465">
    <p class='ocr_par' dir='ltr' id='par_1_9' title="bbox 301 429 1079 465">
     <span class='ocr_line' id='line_1_9' title="bbox 301 429 1079 465; baseline 0.004 -10"><span class='ocrx_word' id='word_1_54' title='bbox 301 437 310 453; x_wconf 99' lang='lat'><strong>1</strong></span> <span class='ocrx_word' id='word_1_55' title='bbox 325 429 420 462; x_wconf 83' lang='lat' dir='ltr'><strong>paucis</strong></span> <span class='ocrx_word' id='word_1_56' title='bbox 437 430 470 457; x_wconf 91' lang='lat' dir='ltr'><strong>de</strong></span> <span class='ocrx_word' id='word_1_57' title='bbox 497 431 613 465; x_wconf 80' lang='lat' dir='ltr'><strong>imagine</strong></span> <span class='ocrx_word' id='word_1_58' title='bbox 645 430 820 465; x_wconf 89' lang='lat' dir='ltr'><strong>disceptare:</strong></span> <span class='ocrx_word' id='word_1_59' title='bbox 846 431 956 465; x_wconf 90' lang='lat' dir='ltr'><strong>scripsit</strong></span> <span class='ocrx_word' id='word_1_60' title='bbox 986 431 1079 458; x_wconf 89' lang='lat' dir='ltr'><strong>enim:</strong></span> 
     </span>
    </p>
   </div>
   <div class='ocr_carea' id='block_1_10' title="bbox 301 475 1081 512">
    <p class='ocr_par' dir='ltr' id='par_1_10' title="bbox 301 475 1081 512">
     <span class='ocr_line' id='line_1_10' title="bbox 301 475 1081 512; baseline 0.004 -11"><span class='ocrx_word' id='word_1_61' title='bbox 301 484 310 500; x_wconf 96' lang='lat'><strong>1</strong></span> <span class='ocrx_word' id='word_1_62' title='bbox 326 475 403 502; x_wconf 80' lang='lat' dir='ltr'><strong>Alius</strong></span> <span class='ocrx_word' id='word_1_63' title='bbox 419 476 527 510; x_wconf 82' lang='lat' dir='ltr'><strong>quidem</strong></span> <span class='ocrx_word' id='word_1_64' title='bbox 546 481 588 503; x_wconf 87' lang='lat' dir='ltr'><strong>est</strong></span> <span class='ocrx_word' id='word_1_65' title='bbox 600 476 633 503; x_wconf 85' lang='lat' dir='ltr'><strong>ab</strong></span> <span class='ocrx_word' id='word_1_66' title='bbox 648 476 705 511; x_wconf 86' lang='lat' dir='ltr'><strong>ipso</strong></span> <span class='ocrx_word' id='word_1_67' title='bbox 726 476 843 511; x_wconf 84' lang='lat' dir='ltr'><strong>genitus,</strong></span> <span class='ocrx_word' id='word_1_68' title='bbox 859 477 906 511; x_wconf 86' lang='lat' dir='ltr'><strong>qui</strong></span> <span class='ocrx_word' id='word_1_69' title='bbox 931 482 974 504; x_wconf 89' lang='lat' dir='ltr'><strong>est</strong></span> <span class='ocrx_word' id='word_1_70' title='bbox 989 477 1081 512; x_wconf 81' lang='lat' dir='ltr'><strong>imago</strong></span> 
     </span>
    </p>
   </div>
   <div class='ocr_carea' id='block_1_11' title="bbox 300 521 1082 558">
    <p class='ocr_par' dir='ltr' id='par_1_11' title="bbox 300 521 1082 558">
     <span class='ocr_line' id='line_1_11' title="bbox 300 521 1082 558; baseline 0.004 -11"><span class='ocrx_word' id='word_1_71' title='bbox 300 530 310 545; x_wconf 94' lang='lat'><strong>1</strong></span> <span class='ocrx_word' id='word_1_72' title='bbox 326 521 372 548; x_wconf 91' lang='lat' dir='ltr'><strong>Dei</strong></span> <span class='ocrx_word' id='word_1_73' title='bbox 388 522 542 549; x_wconf 72' lang='lat' dir='ltr'><strong>invisibilis.</strong></span> <span class='ocrx_word' id='word_1_74' title='bbox 562 522 686 549; x_wconf 77' lang='lat' dir='ltr'><strong>Meminit.</strong></span> <span class='ocrx_word' id='word_1_75' title='bbox 707 528 797 550; x_wconf 89' lang='lat' dir='ltr'><strong>autem</strong></span> <span class='ocrx_word' id='word_1_76' title='bbox 811 522 938 558; x_wconf 85' lang='lat' dir='ltr'><strong>imaginis</strong></span> <span class='ocrx_word' id='word_1_77' title='bbox 951 523 997 550; x_wconf 87' lang='lat' dir='ltr'><strong>Dei</strong></span> <span class='ocrx_word' id='word_1_78' title='bbox 1014 523 1082 550; x_wconf 89' lang='lat' dir='ltr'><strong>iuvi-</strong></span> 
     </span>
    </p>
   </div>
   <div class='ocr_carea' id='block_1_12' title="bbox 300 566 1080 603">
    <p class='ocr_par' dir='ltr' id='par_1_12' title="bbox 300 566 1080 603">
     <span class='ocr_line' id='line_1_12' title="bbox 300 566 1080 603; baseline 0.005 -11"><span class='ocrx_word' id='word_1_79' title='bbox 300 575 309 592; x_wconf 95' lang='lat'><strong>1</strong></span> <span class='ocrx_word' id='word_1_80' title='bbox 331 566 416 594; x_wconf 89' lang='lat' dir='ltr'><strong>sibilis</strong></span> <span class='ocrx_word' id='word_1_81' title='bbox 443 568 576 601; x_wconf 82' lang='lat' dir='ltr'><strong>Asterius,</strong></span> <span class='ocrx_word' id='word_1_82' title='bbox 603 574 632 595; x_wconf 92' lang='lat' dir='ltr'><strong>ut</strong></span> <span class='ocrx_word' id='word_1_83' title='bbox 660 568 824 596; x_wconf 82' lang='lat' dir='ltr'><strong>conﬁrmare</strong></span> <span class='ocrx_word' id='word_1_84' title='bbox 837 569 933 603; x_wconf 81' lang='lat' dir='ltr'><strong>possit,</strong></span> <span class='ocrx_word' id='word_1_85' title='bbox 954 569 1037 596; x_wconf 87' lang='lat' dir='ltr'><strong>Deum</strong></span> <span class='ocrx_word' id='word_1_86' title='bbox 1066 577 1080 595; x_wconf 93' lang='lat' dir='ltr'><strong>a</strong></span> 
     </span>
    </p>
   </div>
   <div class='ocr_carea' id='block_1_13' title="bbox 300 611 1082 650">
    <p class='ocr_par' dir='ltr' id='par_1_13' title="bbox 300 611 1082 650">
     <span class='ocr_line' id='line_1_13' title="bbox 300 611 1082 650; baseline 0.005 -12"><span class='ocrx_word' id='word_1_87' title='bbox 300 621 309 637; x_wconf 93' lang='lat'><strong>1</strong></span> <span class='ocrx_word' id='word_1_88' title='bbox 328 611 417 640; x_wconf 82' lang='lat' dir='ltr'><strong>Verbo</strong></span> <span class='ocrx_word' id='word_1_89' title='bbox 441 621 490 641; x_wconf 88' lang='lat' dir='ltr'><strong>suo</strong></span> <span class='ocrx_word' id='word_1_90' title='bbox 505 614 530 640; x_wconf 94' lang='lat' dir='ltr'><strong>in</strong></span> <span class='ocrx_word' id='word_1_91' title='bbox 550 619 653 641; x_wconf 91' lang='lat' dir='ltr'><strong>tantum</strong></span> <span class='ocrx_word' id='word_1_92' title='bbox 670 614 789 647; x_wconf 74' lang='lat' dir='ltr'><strong>dilierre,</strong></span> <span class='ocrx_word' id='word_1_93' title='bbox 808 615 834 641; x_wconf 94' lang='lat' dir='ltr'><strong>in</strong></span> <span class='ocrx_word' id='word_1_94' title='bbox 853 620 982 650; x_wconf 90' lang='lat' dir='ltr'><strong>quantum</strong></span> <span class='ocrx_word' id='word_1_95' title='bbox 1001 615 1082 643; x_wconf 90' lang='lat' dir='ltr'><strong>distet</strong></span> 
     </span>
    </p>
   </div>
   <div class='ocr_carea' id='block_1_14' title="bbox 300 658 1080 696">
    <p class='ocr_par' dir='ltr' id='par_1_14' title="bbox 300 658 1080 696">
     <span class='ocr_line' id='line_1_14' title="bbox 300 658 1080 696; baseline 0.008 -13"><span class='ocrx_word' id='word_1_96' title='bbox 300 667 308 682; x_wconf 90' lang='lat'><strong>1</strong></span> <span class='ocrx_word' id='word_1_97' title='bbox 327 658 362 685; x_wconf 92' lang='lat' dir='ltr'><strong>ab</strong></span> <span class='ocrx_word' id='word_1_98' title='bbox 375 659 492 694; x_wconf 76' lang='lat' dir='ltr'><strong>imagine</strong></span> <span class='ocrx_word' id='word_1_99' title='bbox 505 668 553 687; x_wconf 89' lang='lat' dir='ltr'><strong>sua</strong></span> <span class='ocrx_word' id='word_1_100' title='bbox 569 660 681 694; x_wconf 85' lang='lat' dir='ltr'><strong>quilibet</strong></span> <span class='ocrx_word' id='word_1_101' title='bbox 694 661 784 688; x_wconf 85' lang='lat' dir='ltr'><strong>homo.</strong></span> <span class='ocrx_word' id='word_1_102' title='bbox 802 670 812 686; x_wconf 70' lang='grc' dir='ltr'><strong>ι</strong></span> <span class='ocrx_word' id='word_1_103' title='bbox 832 660 922 694; x_wconf 80' lang='lat' dir='ltr'><strong>Hisce,</strong></span> <span class='ocrx_word' id='word_1_104' title='bbox 937 667 1080 696; x_wconf 82' lang='lat' dir='ltr'><strong>postquam</strong></span> 
     </span>
    </p>
   </div>
   <div class='ocr_carea' id='block_1_15' title="bbox 298 704 1081 742">
    <p class='ocr_par' dir='ltr' id='par_1_15' title="bbox 298 704 1081 742">
     <span class='ocr_line' id='line_1_15' title="bbox 298 704 1081 742; baseline 0.006 -13"><span class='ocrx_word' id='word_1_105' title='bbox 298 704 426 731; x_wconf 88' lang='lat' dir='ltr'><strong>notmulla</strong></span> <span class='ocrx_word' id='word_1_106' title='bbox 441 705 656 740; x_wconf 74' lang='lat' dir='ltr'><strong>inter-posuisset,</strong></span> <span class='ocrx_word' id='word_1_107' title='bbox 673 706 763 733; x_wconf 89' lang='lat' dir='ltr'><strong>addit:</strong></span> <span class='ocrx_word' id='word_1_108' title='bbox 782 716 791 732; x_wconf 97' lang='lat'><strong>1</strong></span> <span class='ocrx_word' id='word_1_109' title='bbox 813 706 928 734; x_wconf 91' lang='lat' dir='ltr'><strong>Omnino</strong></span> <span class='ocrx_word' id='word_1_110' title='bbox 940 707 1022 742; x_wconf 83' lang='lat' dir='ltr'><strong>igitur</strong></span> <span class='ocrx_word' id='word_1_111' title='bbox 1033 715 1081 742; x_wconf 89' lang='lat' dir='ltr'><strong>pa-</strong></span> 
     </span>
    </p>
   </div>
   <div class='ocr_carea' id='block_1_16' title="bbox 299 750 1079 784">
    <p class='ocr_par' dir='ltr' id='par_1_16' title="bbox 299 750 1079 784">
     <span class='ocr_line' id='line_1_16' title="bbox 299 750 1079 784; baseline 0.005 -8"><span class='ocrx_word' id='word_1_112' title='bbox 299 760 308 774; x_wconf 87' lang='lat'><strong>1</strong></span> <span class='ocrx_word' id='word_1_113' title='bbox 329 755 376 782; x_wconf 91' lang='lat' dir='ltr'><strong>tet,</strong></span> <span class='ocrx_word' id='word_1_114' title='bbox 391 750 521 784; x_wconf 85' lang='lat' dir='ltr'><strong>Verbum,</strong></span> <span class='ocrx_word' id='word_1_115' title='bbox 533 759 594 778; x_wconf 89' lang='lat' dir='ltr'><strong>cum</strong></span> <span class='ocrx_word' id='word_1_116' title='bbox 606 752 695 780; x_wconf 84' lang='lat' dir='ltr'><strong>adhuc</strong></span> <span class='ocrx_word' id='word_1_117' title='bbox 707 760 817 780; x_wconf 83' lang='lat' dir='ltr'><strong>carnem</strong></span> <span class='ocrx_word' id='word_1_118' title='bbox 829 753 879 780; x_wconf 87' lang='lat' dir='ltr'><strong>sibi</strong></span> <span class='ocrx_word' id='word_1_119' title='bbox 894 758 1015 780; x_wconf 85' lang='lat' dir='ltr'><strong>nostram</strong></span> <span class='ocrx_word' id='word_1_120' title='bbox 1027 761 1079 780; x_wconf 90' lang='lat' dir='ltr'><strong>non</strong></span> 
     </span>
    </p>
   </div>
   <div class='ocr_carea' id='block_1_17' title="bbox 299 796 1080 834">
    <p class='ocr_par' dir='ltr' id='par_1_17' title="bbox 299 796 1080 834">
     <span class='ocr_line' id='line_1_17' title="bbox 299 796 1080 834; baseline 0.005 -12"><span class='ocrx_word' id='word_1_121' title='bbox 299 806 307 820; x_wconf 92' lang='lat'><strong>1</strong></span> <span class='ocrx_word' id='word_1_122' title='bbox 323 796 500 830; x_wconf 86' lang='lat' dir='ltr'><strong>adunaverat,</strong></span> <span class='ocrx_word' id='word_1_123' title='bbox 515 798 588 825; x_wconf 91' lang='lat' dir='ltr'><strong>nullo</strong></span> <span class='ocrx_word' id='word_1_124' title='bbox 604 798 694 830; x_wconf 84' lang='lat' dir='ltr'><strong>modo,</strong></span> <span class='ocrx_word' id='word_1_125' title='bbox 711 806 759 833; x_wconf 89' lang='lat' dir='ltr'><strong>per</strong></span> <span class='ocrx_word' id='word_1_126' title='bbox 771 806 811 831; x_wconf 84' lang='lat' dir='ltr'><strong>se.</strong></span> <span class='ocrx_word' id='word_1_127' title='bbox 838 799 981 834; x_wconf 77' lang='lat' dir='ltr'><strong>imaginem</strong></span> <span class='ocrx_word' id='word_1_128' title='bbox 995 799 1080 826; x_wconf 79' lang='lat' dir='ltr'><strong>exsti-</strong></span> 
     </span>
    </p>
   </div>
   <div class='ocr_carea' id='block_1_18' title="bbox 299 841 1078 879">
    <p class='ocr_par' dir='ltr' id='par_1_18' title="bbox 299 841 1078 879">
     <span class='ocr_line' id='line_1_18' title="bbox 299 841 1078 879; baseline 0.006 -13"><span class='ocrx_word' id='word_1_129' title='bbox 299 852 307 865; x_wconf 81' lang='grc' dir='ltr'><strong>ι</strong></span> <span class='ocrx_word' id='word_1_130' title='bbox 328 841 393 868; x_wconf 78' lang='lat' dir='ltr'><strong>tisse</strong></span> <span class='ocrx_word' id='word_1_131' title='bbox 421 843 567 869; x_wconf 85' lang='lat' dir='ltr'><strong>invisibilis</strong></span> <span class='ocrx_word' id='word_1_132' title='bbox 582 842 639 869; x_wconf 91' lang='lat' dir='ltr'><strong>Dei.</strong></span> <span class='ocrx_word' id='word_1_133' title='bbox 670 843 723 870; x_wconf 88' lang='lat' dir='ltr'><strong>Par</strong></span> <span class='ocrx_word' id='word_1_134' title='bbox 735 849 777 870; x_wconf 86' lang='lat' dir='ltr'><strong>est</strong></span> <span class='ocrx_word' id='word_1_135' title='bbox 791 843 902 877; x_wconf 88' lang='lat' dir='ltr'><strong>etenim,</strong></span> <span class='ocrx_word' id='word_1_136' title='bbox 927 843 1016 879; x_wconf 80' lang='lat' dir='ltr'><strong>imago</strong></span> <span class='ocrx_word' id='word_1_137' title='bbox 1041 844 1078 871; x_wconf 89' lang='lat' dir='ltr'><strong>uti</strong></span> 
     </span>
    </p>
   </div>
   <div class='ocr_carea' id='block_1_19' title="bbox 299 887 1078 923">
    <p class='ocr_par' dir='ltr' id='par_1_19' title="bbox 299 887 1078 923">
     <span class='ocr_line' id='line_1_19' title="bbox 299 887 1078 923; baseline 0.005 -11"><span class='ocrx_word' id='word_1_138' title='bbox 299 895 308 911; x_wconf 92' lang='lat'><strong>1</strong></span> <span class='ocrx_word' id='word_1_139' title='bbox 329 887 414 914; x_wconf 88' lang='lat' dir='ltr'><strong>oculis</strong></span> <span class='ocrx_word' id='word_1_140' title='bbox 424 892 598 922; x_wconf 85' lang='lat' dir='ltr'><strong>cernatur,ut</strong></span> <span class='ocrx_word' id='word_1_141' title='bbox 611 896 658 922; x_wconf 92' lang='lat' dir='ltr'><strong>per</strong></span> <span class='ocrx_word' id='word_1_142' title='bbox 671 889 827 923; x_wconf 83' lang='lat' dir='ltr'><strong>imaginem,</strong></span> <span class='ocrx_word' id='word_1_143' title='bbox 840 889 864 916; x_wconf 90' lang='lat' dir='ltr'><strong>id</strong></span> <span class='ocrx_word' id='word_1_144' title='bbox 879 889 949 923; x_wconf 86' lang='lat' dir='ltr'><strong>quod</strong></span> <span class='ocrx_word' id='word_1_145' title='bbox 960 894 1016 916; x_wconf 85' lang='lat' dir='ltr'><strong>tum</strong></span> <span class='ocrx_word' id='word_1_146' title='bbox 1027 897 1078 916; x_wconf 88' lang='lat' dir='ltr'><strong>non</strong></span> 
     </span>
    </p>
   </div>
   <div class='ocr_carea' id='block_1_20' title="bbox 1136 288 1915 326">
    <p class='ocr_par' dir='ltr' id='par_1_20' title="bbox 1136 288 1915 326">
     <span class='ocr_line' id='line_1_20' title="bbox 1136 288 1915 326; baseline -0.005 -9"><span class='ocrx_word' id='word_1_147' title='bbox 1136 300 1145 316; x_wconf 92' lang='lat'><strong>1</strong></span> <span class='ocrx_word' id='word_1_148' title='bbox 1165 291 1306 326; x_wconf 78' lang='grc' dir='ltr'>ἄνθρωπος</span> <span class='ocrx_word' id='word_1_149' title='bbox 1330 291 1379 325; x_wconf 84' lang='grc' dir='ltr'>τῆς</span> <span class='ocrx_word' id='word_1_150' title='bbox 1399 290 1496 317; x_wconf 80' lang='grc' dir='ltr'>ἑαυτοῦ</span> <span class='ocrx_word' id='word_1_151' title='bbox 1521 289 1624 320; x_wconf 81' lang='grc' dir='ltr'><strong>εἰκόνος</strong></span> <span class='ocrx_word' id='word_1_152' title='bbox 1643 288 1781 324; x_wconf 76' lang='grc' dir='ltr'><strong>διαφέρειν</strong></span> <span class='ocrx_word' id='word_1_153' title='bbox 1799 288 1882 314; x_wconf 81' lang='grc' dir='ltr'>δοκεῖ.</span> <span class='ocrx_word' id='word_1_154' title='bbox 1906 297 1915 314; x_wconf 74' lang='grc' dir='ltr'><strong>ι</strong></span> 
     </span>
    </p>
   </div>
   <div class='ocr_carea' id='block_1_21' title="bbox 1133 334 1919 372">
    <p class='ocr_par' dir='ltr' id='par_1_21' title="bbox 1133 334 1919 372">
     <span class='ocr_line' id='line_1_21' title="bbox 1133 334 1919 372; baseline -0.004 -9"><span class='ocrx_word' id='word_1_155' title='bbox 1133 337 1187 363; x_wconf 74' lang='grc' dir='ltr'><strong>Καὶ</strong></span> <span class='ocrx_word' id='word_1_156' title='bbox 1203 336 1302 372; x_wconf 79' lang='grc' dir='ltr'>μεταξύ</span> <span class='ocrx_word' id='word_1_157' title='bbox 1315 345 1376 363; x_wconf 83' lang='grc' dir='ltr'>τινα</span> <span class='ocrx_word' id='word_1_158' title='bbox 1387 335 1482 368; x_wconf 85' lang='grc' dir='ltr'>εἰπὼν,</span> <span class='ocrx_word' id='word_1_159' title='bbox 1493 335 1630 370; x_wconf 76' lang='grc' dir='ltr'>ἐπιφέρει·</span> <span class='ocrx_word' id='word_1_160' title='bbox 1649 344 1658 360; x_wconf 94' lang='lat'><strong>1</strong></span> <span class='ocrx_word' id='word_1_161' title='bbox 1672 334 1777 361; x_wconf 81' lang='grc' dir='ltr'>Οὐκοῦν</span> <span class='ocrx_word' id='word_1_162' title='bbox 1789 334 1919 370; x_wconf 79' lang='grc' dir='ltr'>πρόδηλον</span> 
     </span>
    </p>
   </div>
   <div class='ocr_carea' id='block_1_22' title="bbox 1135 379 1920 419">
    <p class='ocr_par' dir='ltr' id='par_1_22' title="bbox 1135 379 1920 419">
     <span class='ocr_line' id='line_1_22' title="bbox 1135 379 1920 419; baseline -0.005 -10"><span class='ocrx_word' id='word_1_163' title='bbox 1135 392 1144 406; x_wconf 95' lang='lat'><strong>1</strong></span> <span class='ocrx_word' id='word_1_164' title='bbox 1162 383 1202 409; x_wconf 83' lang='grc' dir='ltr'>ὅτι</span> <span class='ocrx_word' id='word_1_165' title='bbox 1218 383 1271 419; x_wconf 83' lang='grc' dir='ltr'><strong>πρὸ</strong></span> <span class='ocrx_word' id='word_1_166' title='bbox 1289 383 1340 418; x_wconf 82' lang='grc' dir='ltr'>τῆς</span> <span class='ocrx_word' id='word_1_167' title='bbox 1355 382 1402 409; x_wconf 83' lang='grc' dir='ltr'>τοῦ</span> <span class='ocrx_word' id='word_1_168' title='bbox 1416 381 1550 418; x_wconf 80' lang='grc' dir='ltr'><strong>ἡμετέρου</strong></span> <span class='ocrx_word' id='word_1_169' title='bbox 1574 380 1699 416; x_wconf 83' lang='grc' dir='ltr'>σώματος</span> <span class='ocrx_word' id='word_1_170' title='bbox 1716 379 1886 414; x_wconf 76' lang='grc' dir='ltr'><strong>ἀναλήψεως,</strong></span> <span class='ocrx_word' id='word_1_171' title='bbox 1904 380 1920 406; x_wconf 85' lang='lat'><strong>6</strong></span> 
     </span>
    </p>
   </div>
   <div class='ocr_carea' id='block_1_23' title="bbox 1135 424 1917 463">
    <p class='ocr_par' dir='ltr' id='par_1_23' title="bbox 1135 424 1917 463">
     <span class='ocr_line' id='line_1_23' title="bbox 1135 424 1917 463; baseline -0.006 -7"><span class='ocrx_word' id='word_1_172' title='bbox 1135 439 1143 455; x_wconf 91' lang='lat'><strong>1</strong></span> <span class='ocrx_word' id='word_1_173' title='bbox 1163 429 1258 463; x_wconf 86' lang='grc' dir='ltr'>Λόγος,</span> <span class='ocrx_word' id='word_1_174' title='bbox 1269 429 1330 456; x_wconf 81' lang='grc' dir='ltr'>καθ’</span> <span class='ocrx_word' id='word_1_175' title='bbox 1339 429 1444 461; x_wconf 78' lang='grc' dir='ltr'>ἑαυτὸν,</span> <span class='ocrx_word' id='word_1_176' title='bbox 1457 428 1506 454; x_wconf 85' lang='grc' dir='ltr'><strong>οὐκ</strong></span> <span class='ocrx_word' id='word_1_177' title='bbox 1516 425 1550 463; x_wconf 84' lang='grc' dir='ltr'>ἧν</span> <span class='ocrx_word' id='word_1_178' title='bbox 1561 427 1641 453; x_wconf 86' lang='grc' dir='ltr'>εἰκὼν</span> <span class='ocrx_word' id='word_1_179' title='bbox 1655 425 1702 453; x_wconf 84' lang='grc' dir='ltr'>τοῦ</span> <span class='ocrx_word' id='word_1_180' title='bbox 1713 426 1827 461; x_wconf 83' lang='grc' dir='ltr'><strong>ἀοράτου</strong></span> <span class='ocrx_word' id='word_1_181' title='bbox 1837 424 1917 452; x_wconf 80' lang='grc' dir='ltr'>Θεοῦ·</span> 
     </span>
    </p>
   </div>
   <div class='ocr_carea' id='block_1_24' title="bbox 1134 471 1917 510">
    <p class='ocr_par' dir='ltr' id='par_1_24' title="bbox 1134 471 1917 510">
     <span class='ocr_line' id='line_1_24' title="bbox 1134 471 1917 510; baseline -0.006 -8"><span class='ocrx_word' id='word_1_182' title='bbox 1134 484 1143 501; x_wconf 92' lang='lat'><strong>1</strong></span> <span class='ocrx_word' id='word_1_183' title='bbox 1160 475 1208 510; x_wconf 84' lang='grc' dir='ltr'><strong>τὴν</strong></span> <span class='ocrx_word' id='word_1_184' title='bbox 1234 474 1288 509; x_wconf 84' lang='grc' dir='ltr'><strong>γάρ</strong></span> <span class='ocrx_word' id='word_1_185' title='bbox 1311 475 1402 502; x_wconf 78' lang='grc' dir='ltr'>εἰκόνα</span> <span class='ocrx_word' id='word_1_186' title='bbox 1425 474 1540 510; x_wconf 81' lang='grc' dir='ltr'>ὁρᾶσθαι</span> <span class='ocrx_word' id='word_1_187' title='bbox 1565 473 1709 508; x_wconf 81' lang='grc' dir='ltr'>προσήκει,</span> <span class='ocrx_word' id='word_1_188' title='bbox 1734 473 1777 498; x_wconf 79' lang='grc' dir='ltr'><strong>ἵνα</strong></span> <span class='ocrx_word' id='word_1_189' title='bbox 1801 472 1845 498; x_wconf 77' lang='grc' dir='ltr'>διὰ</span> <span class='ocrx_word' id='word_1_190' title='bbox 1870 471 1917 506; x_wconf 79' lang='grc' dir='ltr'>τῆς</span> 
     </span>
    </p>
   </div>
   <div class='ocr_carea' id='block_1_25' title="bbox 1135 517 1915 555">
    <p class='ocr_par' dir='ltr' id='par_1_25' title="bbox 1135 517 1915 555">
     <span class='ocr_line' id='line_1_25' title="bbox 1135 517 1915 555; baseline -0.005 -9"><span class='ocrx_word' id='word_1_191' title='bbox 1135 530 1143 546; x_wconf 93' lang='lat'><strong>1</strong></span> <span class='ocrx_word' id='word_1_192' title='bbox 1162 521 1265 553; x_wconf 77' lang='grc' dir='ltr'>εἰκόνος</span> <span class='ocrx_word' id='word_1_193' title='bbox 1288 521 1318 548; x_wconf 87' lang='grc' dir='ltr'><strong>τὸ</strong></span> <span class='ocrx_word' id='word_1_194' title='bbox 1339 521 1406 552; x_wconf 82' lang='grc' dir='ltr'>τέως</span> <span class='ocrx_word' id='word_1_195' title='bbox 1426 520 1463 555; x_wconf 85' lang='grc' dir='ltr'><strong>μὴ</strong></span> <span class='ocrx_word' id='word_1_196' title='bbox 1477 518 1614 555; x_wconf 84' lang='grc' dir='ltr'>ὁρώμενον</span> <span class='ocrx_word' id='word_1_197' title='bbox 1634 517 1748 554; x_wconf 80' lang='grc' dir='ltr'>ὁρᾶσθαι</span> <span class='ocrx_word' id='word_1_198' title='bbox 1764 517 1885 552; x_wconf 85' lang='grc' dir='ltr'>δύνηται.</span> <span class='ocrx_word' id='word_1_199' title='bbox 1907 526 1915 542; x_wconf 73' lang='grc' dir='ltr'><strong>ι</strong></span> 
     </span>
    </p>
   </div>
   <div class='ocr_carea' id='block_1_26' title="bbox 1131 559 1917 600">
    <p class='ocr_par' dir='ltr' id='par_1_26' title="bbox 1131 559 1917 600">
     <span class='ocr_line' id='line_1_26' title="bbox 1131 559 1917 600; baseline -0.009 -7"><span class='ocrx_word' id='word_1_200' title='bbox 1131 567 1186 594; x_wconf 53' lang='grc' dir='ltr'><strong>Καὶ⁸</strong></span> <span class='ocrx_word' id='word_1_201' title='bbox 1202 566 1333 600; x_wconf 79' lang='grc' dir='ltr'>ἐπιλέγει·</span> <span class='ocrx_word' id='word_1_202' title='bbox 1358 575 1367 592; x_wconf 96' lang='lat'><strong>1</strong></span> <span class='ocrx_word' id='word_1_203' title='bbox 1384 565 1446 597; x_wconf 86' lang='grc' dir='ltr'>Πῶς</span> <span class='ocrx_word' id='word_1_204' title='bbox 1464 563 1510 591; x_wconf 81' lang='grc' dir='ltr'><strong>οὖν</strong></span> <span class='ocrx_word' id='word_1_205' title='bbox 1527 565 1620 591; x_wconf 79' lang='grc' dir='ltr'>εἰκόνα</span> <span class='ocrx_word' id='word_1_206' title='bbox 1642 562 1691 590; x_wconf 79' lang='grc' dir='ltr'>τοῦ</span> <span class='ocrx_word' id='word_1_207' title='bbox 1713 562 1830 597; x_wconf 82' lang='grc' dir='ltr'>ἀοράτου</span> <span class='ocrx_word' id='word_1_208' title='bbox 1850 559 1917 587; x_wconf 78' lang='grc' dir='ltr'>Θεοῦ</span> 
     </span>
    </p>
   </div>
   <div class='ocr_carea' id='block_1_27' title="bbox 1135 607 1917 646">
    <p class='ocr_par' dir='ltr' id='par_1_27' title="bbox 1135 607 1917 646">
     <span class='ocr_line' id='line_1_27' title="bbox 1135 607 1917 646; baseline -0.009 -6"><span class='ocrx_word' id='word_1_209' title='bbox 1135 623 1143 639; x_wconf 98' lang='lat'><strong>1</strong></span> <span class='ocrx_word' id='word_1_210' title='bbox 1163 613 1207 640; x_wconf 90' lang='grc' dir='ltr'><strong>τὸν</strong></span> <span class='ocrx_word' id='word_1_211' title='bbox 1223 613 1268 639; x_wconf 81' lang='grc' dir='ltr'>τοῦ</span> <span class='ocrx_word' id='word_1_212' title='bbox 1283 612 1350 639; x_wconf 78' lang='grc' dir='ltr'>Θεοῦ</span> <span class='ocrx_word' id='word_1_213' title='bbox 1367 612 1453 646; x_wconf 87' lang='grc' dir='ltr'>Λόγον</span> <span class='ocrx_word' id='word_1_214' title='bbox 1475 610 1613 646; x_wconf 77' lang='grc' dir='ltr'><strong>Ἀστέριος</strong></span> <span class='ocrx_word' id='word_1_215' title='bbox 1628 607 1697 636; x_wconf 75' lang='grc' dir='ltr'>εἶναι</span> <span class='ocrx_word' id='word_1_216' title='bbox 1711 608 1867 643; x_wconf 77' lang='grc' dir='ltr'>γέγραφεν;</span> <span class='ocrx_word' id='word_1_217' title='bbox 1884 607 1917 633; x_wconf 80' lang='grc' dir='ltr'><strong>Δί</strong></span> 
     </span>
    </p>
   </div>
   <div class='ocr_carea' id='block_1_28' title="bbox 1134 654 1918 694">
    <p class='ocr_par' dir='ltr' id='par_1_28' title="bbox 1134 654 1918 694">
     <span class='ocr_line' id='line_1_28' title="bbox 1134 654 1918 694; baseline -0.008 -9"><span class='ocrx_word' id='word_1_218' title='bbox 1134 668 1143 684; x_wconf 93' lang='lat'><strong>1</strong></span> <span class='ocrx_word' id='word_1_219' title='bbox 1161 658 1215 694; x_wconf 82' lang='grc' dir='ltr'><strong>γὰρ</strong></span> <span class='ocrx_word' id='word_1_220' title='bbox 1230 659 1332 690; x_wconf 81' lang='grc' dir='ltr'>εἰκόνες</span> <span class='ocrx_word' id='word_1_221' title='bbox 1348 657 1448 684; x_wconf 84' lang='grc' dir='ltr'>τούτων</span> <span class='ocrx_word' id='word_1_222' title='bbox 1461 654 1499 684; x_wconf 87' lang='grc' dir='ltr'>ὦν</span> <span class='ocrx_word' id='word_1_223' title='bbox 1513 658 1582 683; x_wconf 86' lang='grc' dir='ltr'>εἰσιν</span> <span class='ocrx_word' id='word_1_224' title='bbox 1599 655 1712 687; x_wconf 83' lang='grc' dir='ltr'>εἰκόνες,</span> <span class='ocrx_word' id='word_1_225' title='bbox 1731 655 1778 681; x_wconf 77' lang='grc' dir='ltr'>καὶ</span> <span class='ocrx_word' id='word_1_226' title='bbox 1793 654 1918 680; x_wconf 79' lang='grc' dir='ltr'><strong>ἀπόντων</strong></span> 
     </span>
    </p>
   </div>
   <div class='ocr_carea' id='block_1_29' title="bbox 1134 699 1917 732">
    <p class='ocr_par' dir='ltr' id='par_1_29' title="bbox 1134 699 1917 732">
     <span class='ocr_line' id='line_1_29' title="bbox 1134 699 1917 732; baseline -0.01 1"><span class='ocrx_word' id='word_1_227' title='bbox 1134 716 1143 732; x_wconf 79' lang='grc' dir='ltr'>ί</span> <span class='ocrx_word' id='word_1_228' title='bbox 1162 705 1293 732; x_wconf 85' lang='grc' dir='ltr'>δεικτικαί</span> <span class='ocrx_word' id='word_1_229' title='bbox 1314 705 1397 731; x_wconf 86' lang='grc' dir='ltr'>εἰσιν·</span> <span class='ocrx_word' id='word_1_230' title='bbox 1421 703 1491 729; x_wconf 84' lang='grc' dir='ltr'>ὥστε</span> <span class='ocrx_word' id='word_1_231' title='bbox 1516 703 1562 729; x_wconf 76' lang='grc' dir='ltr'><strong>καὶ</strong></span> <span class='ocrx_word' id='word_1_232' title='bbox 1586 702 1631 728; x_wconf 86' lang='grc' dir='ltr'><strong>τὸν</strong></span> <span class='ocrx_word' id='word_1_233' title='bbox 1654 701 1756 728; x_wconf 81' lang='grc' dir='ltr'><strong>ἀπόντα</strong></span> <span class='ocrx_word' id='word_1_234' title='bbox 1775 700 1808 726; x_wconf 82' lang='grc' dir='ltr'>δι’</span> <span class='ocrx_word' id='word_1_235' title='bbox 1828 699 1917 726; x_wconf 81' lang='grc' dir='ltr'>αὐτῶν</span> 
     </span>
    </p>
   </div>
   <div class='ocr_carea' id='block_1_30' title="bbox 1133 745 1915 787">
    <p class='ocr_par' dir='ltr' id='par_1_30' title="bbox 1133 745 1915 787">
     <span class='ocr_line' id='line_1_30' title="bbox 1133 745 1915 787; baseline -0.009 -9"><span class='ocrx_word' id='word_1_236' title='bbox 1133 762 1143 778; x_wconf 85' lang='grc'><strong>‹</strong></span> <span class='ocrx_word' id='word_1_237' title='bbox 1162 751 1302 787; x_wconf 82' lang='grc' dir='ltr'>φαίνεσθαι</span> <span class='ocrx_word' id='word_1_238' title='bbox 1313 751 1411 778; x_wconf 87' lang='grc' dir='ltr'>δοκεῖν.</span> <span class='ocrx_word' id='word_1_239' title='bbox 1425 750 1456 776; x_wconf 87' lang='grc' dir='ltr'>Εἰ</span> <span class='ocrx_word' id='word_1_240' title='bbox 1467 749 1495 775; x_wconf 84' lang='grc' dir='ltr'>δὲ</span> <span class='ocrx_word' id='word_1_241' title='bbox 1508 748 1553 774; x_wconf 84' lang='grc' dir='ltr'>τοῦ</span> <span class='ocrx_word' id='word_1_242' title='bbox 1565 747 1632 774; x_wconf 80' lang='grc' dir='ltr'>Θεοῦ</span> <span class='ocrx_word' id='word_1_243' title='bbox 1645 746 1692 774; x_wconf 82' lang='grc' dir='ltr'>τοῦ</span> <span class='ocrx_word' id='word_1_244' title='bbox 1704 747 1819 782; x_wconf 86' lang='grc' dir='ltr'>ἀοράτου</span> <span class='ocrx_word' id='word_1_245' title='bbox 1831 745 1915 777; x_wconf 71' lang='grc' dir='ltr'>ὄντος,</span> 
     </span>
    </p>
   </div>
   <div class='ocr_carea' id='block_1_31' title="bbox 1133 791 1917 834">
    <p class='ocr_par' dir='ltr' id='par_1_31' title="bbox 1133 791 1917 834">
     <span class='ocr_line' id='line_1_31' title="bbox 1133 791 1917 834; baseline -0.01 -9"><span class='ocrx_word' id='word_1_246' title='bbox 1133 808 1142 824; x_wconf 83' lang='lat'><strong>1</strong></span> <span class='ocrx_word' id='word_1_247' title='bbox 1159 799 1272 834; x_wconf 86' lang='grc' dir='ltr'>ἀόρατον</span> <span class='ocrx_word' id='word_1_248' title='bbox 1289 795 1357 823; x_wconf 80' lang='grc' dir='ltr'>εἴναι</span> <span class='ocrx_word' id='word_1_249' title='bbox 1373 795 1478 822; x_wconf 76' lang='grc' dir='ltr'>καὶτὸν</span> <span class='ocrx_word' id='word_1_250' title='bbox 1493 794 1579 828; x_wconf 90' lang='grc' dir='ltr'>Λόγον</span> <span class='ocrx_word' id='word_1_251' title='bbox 1595 793 1748 829; x_wconf 80' lang='grc' dir='ltr'>συμϐαίνει,</span> <span class='ocrx_word' id='word_1_252' title='bbox 1763 792 1822 824; x_wconf 87' lang='grc' dir='ltr'><strong>πῶς</strong></span> <span class='ocrx_word' id='word_1_253' title='bbox 1836 791 1917 818; x_wconf 84' lang='grc' dir='ltr'>εἰκὼν</span> 
     </span>
    </p>
   </div>
   <div class='ocr_carea' id='block_1_32' title="bbox 1132 835 1916 877">
    <p class='ocr_par' dir='ltr' id='par_1_32' title="bbox 1132 835 1916 877">
     <span class='ocr_line' id='line_1_32' title="bbox 1132 835 1916 877; baseline -0.008 -8"><span class='ocrx_word' id='word_1_254' title='bbox 1132 852 1142 868; x_wconf 93' lang='lat'><strong>1</strong></span> <span class='ocrx_word' id='word_1_255' title='bbox 1160 842 1207 869; x_wconf 85' lang='grc' dir='ltr'>τοῦ</span> <span class='ocrx_word' id='word_1_256' title='bbox 1227 842 1341 877; x_wconf 81' lang='grc' dir='ltr'>ἀοράτου</span> <span class='ocrx_word' id='word_1_257' title='bbox 1356 840 1422 867; x_wconf 83' lang='grc' dir='ltr'>Θεοῦ</span> <span class='ocrx_word' id='word_1_258' title='bbox 1437 840 1451 866; x_wconf 98' lang='lat'><strong>6</strong></span> <span class='ocrx_word' id='word_1_259' title='bbox 1465 839 1550 873; x_wconf 89' lang='grc' dir='ltr'>Λόγος</span> <span class='ocrx_word' id='word_1_260' title='bbox 1565 838 1625 865; x_wconf 87' lang='grc' dir='ltr'>καθ’</span> <span class='ocrx_word' id='word_1_261' title='bbox 1645 838 1739 864; x_wconf 75' lang='grc' dir='ltr'>ἑαυτὸν</span> <span class='ocrx_word' id='word_1_262' title='bbox 1754 835 1823 864; x_wconf 77' lang='grc' dir='ltr'>εῖναι</span> <span class='ocrx_word' id='word_1_263' title='bbox 1836 836 1916 863; x_wconf 80' lang='grc' dir='ltr'>δύνα-</span> 
     </span>
    </p>
   </div>
   <div class='ocr_carea' id='block_1_33' title="bbox 1133 881 1915 921">
    <p class='ocr_par' dir='ltr' id='par_1_33' title="bbox 1133 881 1915 921">
     <span class='ocr_line' id='line_1_33' title="bbox 1133 881 1915 921; baseline -0.008 -6"><span class='ocrx_word' id='word_1_264' title='bbox 1133 898 1142 914; x_wconf 93' lang='lat'><strong>1</strong></span> <span class='ocrx_word' id='word_1_265' title='bbox 1159 897 1214 920; x_wconf 88' lang='grc' dir='ltr'>ται,</span> <span class='ocrx_word' id='word_1_266' title='bbox 1236 888 1282 914; x_wconf 80' lang='grc' dir='ltr'>καὶ</span> <span class='ocrx_word' id='word_1_267' title='bbox 1302 886 1383 918; x_wconf 82' lang='grc' dir='ltr'>αὐτὸς</span> <span class='ocrx_word' id='word_1_268' title='bbox 1404 885 1519 921; x_wconf 84' lang='grc' dir='ltr'>ἀόρατος</span> <span class='ocrx_word' id='word_1_269' title='bbox 1539 885 1590 918; x_wconf 62' lang='lat' dir='ltr'><strong>div;</strong></span> <span class='ocrx_word' id='word_1_270' title='bbox 1615 894 1624 910; x_wconf 71' lang='grc' dir='ltr'><strong>ι</strong></span> <span class='ocrx_word' id='word_1_271' title='bbox 1646 884 1701 911; x_wconf 77' lang='grc' dir='ltr'><strong>Καὶ</strong></span> <span class='ocrx_word' id='word_1_272' title='bbox 1721 883 1823 920; x_wconf 82' lang='grc' dir='ltr'>προῖὼν</span> <span class='ocrx_word' id='word_1_273' title='bbox 1839 881 1915 915; x_wconf 73' lang='grc' dir='ltr'>αὖθις</span> 
     </span>
    </p>
   </div>
   <div class='ocr_carea' id='block_1_34' title="bbox 299 918 1075 971">
    <p class='ocr_par' dir='ltr' id='par_1_34' title="bbox 299 933 1075 970">
     <span class='ocr_line' id='line_1_34' title="bbox 299 933 1075 970; baseline 0.006 -14"><span class='ocrx_word' id='word_1_274' title='bbox 299 941 308 956; x_wconf 83' lang='lat'><strong>1</strong></span> <span class='ocrx_word' id='word_1_275' title='bbox 327 937 473 966; x_wconf 84' lang='lat' dir='ltr'><strong>usurpatur</strong></span> <span class='ocrx_word' id='word_1_276' title='bbox 483 933 579 966; x_wconf 84' lang='lat' dir='ltr'><strong>oculis,</strong></span> <span class='ocrx_word' id='word_1_277' title='bbox 606 934 690 961; x_wconf 89' lang='lat' dir='ltr'><strong>videri</strong></span> <span class='ocrx_word' id='word_1_278' title='bbox 708 939 795 961; x_wconf 89' lang='lat' dir='ltr'><strong>tamen</strong></span> <span class='ocrx_word' id='word_1_279' title='bbox 817 935 914 968; x_wconf 89' lang='lat' dir='ltr'><strong>possit.</strong></span> <span class='ocrx_word' id='word_1_280' title='bbox 929 944 939 960; x_wconf 72' lang='grc' dir='ltr'><strong>ι</strong></span> <span class='ocrx_word' id='word_1_281' title='bbox 952 935 1075 970; x_wconf 81' lang='lat' dir='ltr'><strong>Adjungil</strong></span> 
     </span>
    </p>
   </div>
   <div class='ocr_carea' id='block_1_35' title="bbox 1130 918 1916 971">
    <p class='ocr_par' dir='ltr' id='par_1_35' title="bbox 1130 918 1916 971">
     <span class='ocr_line' id='line_1_35' title="bbox 1130 918 1916 971; baseline -0.008 -9"><span class='ocrx_word' id='word_1_282' title='bbox 1130 918 1252 971; x_wconf 82' lang='grc' dir='ltr'>λοιδορεῖ,</span> <span class='ocrx_word' id='word_1_283' title='bbox 1270 934 1356 968; x_wconf 86' lang='grc' dir='ltr'>λέγων</span> <span class='ocrx_word' id='word_1_284' title='bbox 1378 918 1457 960; x_wconf 73' lang='grc' dir='ltr'>οὕτω·</span> <span class='ocrx_word' id='word_1_285' title='bbox 1483 942 1492 959; x_wconf 97' lang='lat'><strong>1</strong></span> <span class='ocrx_word' id='word_1_286' title='bbox 1515 932 1578 963; x_wconf 85' lang='grc' dir='ltr'><strong>Πῶς</strong></span> <span class='ocrx_word' id='word_1_287' title='bbox 1595 929 1641 958; x_wconf 76' lang='grc' dir='ltr'><strong>οὖν</strong></span> <span class='ocrx_word' id='word_1_288' title='bbox 1663 932 1688 958; x_wconf 89' lang='grc' dir='ltr'>οἱ</span> <span class='ocrx_word' id='word_1_289' title='bbox 1712 918 1827 967; x_wconf 80' lang='grc' dir='ltr'>πλήρεις</span> <span class='ocrx_word' id='word_1_290' title='bbox 1840 930 1916 957; x_wconf 80' lang='grc' dir='ltr'>δόλου</span> 
     </span>
    </p>
   </div>
   <div class='ocr_carea' id='block_1_36' title="bbox 295 977 1080 1016">
    <p class='ocr_par' dir='ltr' id='par_1_36' title="bbox 295 977 1080 1016">
     <span class='ocr_line' id='line_1_36' title="bbox 295 977 1080 1016; baseline 0.006 -13"><span class='ocrx_word' id='word_1_291' title='bbox 295 983 385 1004; x_wconf 86' lang='lat' dir='ltr'><strong>autem</strong></span> <span class='ocrx_word' id='word_1_292' title='bbox 399 977 443 1014; x_wconf 76' lang='grc' dir='ltr'><strong>[Β.</strong></span> <span class='ocrx_word' id='word_1_293' title='bbox 460 979 588 1011; x_wconf 70' lang='lat' dir='ltr'><strong>LXXXII,</strong></span> <span class='ocrx_word' id='word_1_294' title='bbox 602 980 638 1007; x_wconf 71' lang='lat' dir='ltr'><strong>cf.</strong></span> <span class='ocrx_word' id='word_1_295' title='bbox 654 988 680 1014; x_wconf 90' lang='lat' dir='ltr'><strong>p.</strong></span> <span class='ocrx_word' id='word_1_296' title='bbox 695 980 730 1007; x_wconf 77' lang='grc'><strong>35</strong></span> <span class='ocrx_word' id='word_1_297' title='bbox 746 981 775 1012; x_wconf 87' lang='lat' dir='ltr'><strong>D,</strong></span> <span class='ocrx_word' id='word_1_298' title='bbox 789 980 823 1007; x_wconf 67' lang='grc'><strong>47</strong></span> <span class='ocrx_word' id='word_1_299' title='bbox 838 980 873 1016; x_wconf 80' lang='grc' dir='ltr'><strong>Α]</strong></span> <span class='ocrx_word' id='word_1_300' title='bbox 889 990 896 1007; x_wconf 87' lang='lat'>:</span> <span class='ocrx_word' id='word_1_301' title='bbox 915 990 923 1005; x_wconf 93' lang='lat'><strong>1</strong></span> <span class='ocrx_word' id='word_1_302' title='bbox 942 980 1080 1014; x_wconf 82' lang='lat' dir='ltr'><strong>Quomodo</strong></span> 
     </span>
    </p>
   </div>
   <div class='ocr_carea' id='block_1_37' title="bbox 297 1022 1080 1056">
    <p class='ocr_par' dir='ltr' id='par_1_37' title="bbox 297 1022 1080 1056">
     <span class='ocr_line' id='line_1_37' title="bbox 297 1022 1080 1056; baseline 0.008 -9"><span class='ocrx_word' id='word_1_303' title='bbox 297 1032 306 1046; x_wconf 82' lang='lat'><strong>1</strong></span> <span class='ocrx_word' id='word_1_304' title='bbox 327 1022 408 1056; x_wconf 77' lang='lat' dir='ltr'><strong>igitur</strong></span> <span class='ocrx_word' id='word_1_305' title='bbox 421 1024 543 1051; x_wconf 82' lang='lat' dir='ltr'><strong>Asterius</strong></span> <span class='ocrx_word' id='word_1_306' title='bbox 563 1026 701 1052; x_wconf 78' lang='lat' dir='ltr'><strong>scribebat</strong></span> <span class='ocrx_word' id='word_1_307' title='bbox 722 1025 839 1053; x_wconf 82' lang='lat' dir='ltr'><strong>Verbum</strong></span> <span class='ocrx_word' id='word_1_308' title='bbox 866 1026 912 1053; x_wconf 85' lang='lat' dir='ltr'><strong>Dei</strong></span> <span class='ocrx_word' id='word_1_309' title='bbox 939 1033 999 1053; x_wconf 89' lang='lat' dir='ltr'><strong>esse</strong></span> <span class='ocrx_word' id='word_1_310' title='bbox 1014 1026 1080 1053; x_wconf 83' lang='lat' dir='ltr'><strong>ima-</strong></span> 
     </span>
    </p>
   </div>
   <div class='ocr_carea' id='block_1_38' title="bbox 297 1068 1079 1106">
    <p class='ocr_par' dir='ltr' id='par_1_38' title="bbox 297 1068 1079 1106">
     <span class='ocr_line' id='line_1_38' title="bbox 297 1068 1079 1106; baseline 0.006 -13"><span class='ocrx_word' id='word_1_311' title='bbox 297 1077 306 1091; x_wconf 95' lang='lat'><strong>1</strong></span> <span class='ocrx_word' id='word_1_312' title='bbox 325 1068 414 1102; x_wconf 80' lang='lat' dir='ltr'><strong>ginem</strong></span> <span class='ocrx_word' id='word_1_313' title='bbox 432 1069 575 1097; x_wconf 88' lang='lat' dir='ltr'><strong>invisibilis</strong></span> <span class='ocrx_word' id='word_1_314' title='bbox 601 1069 671 1097; x_wconf 83' lang='lat' dir='ltr'><strong>Dei?</strong></span> <span class='ocrx_word' id='word_1_315' title='bbox 698 1071 799 1098; x_wconf 87' lang='lat' dir='ltr'><strong>Eorum</strong></span> <span class='ocrx_word' id='word_1_316' title='bbox 813 1072 898 1103; x_wconf 88' lang='lat' dir='ltr'><strong>enim,</strong></span> <span class='ocrx_word' id='word_1_317' title='bbox 919 1077 946 1098; x_wconf 88' lang='lat' dir='ltr'><strong>et</strong></span> <span class='ocrx_word' id='word_1_318' title='bbox 971 1071 1079 1106; x_wconf 85' lang='lat' dir='ltr'><strong>quidem</strong></span> 
     </span>
    </p>
   </div>
   <div class='ocr_carea' id='block_1_39' title="bbox 297 1115 1080 1152">
    <p class='ocr_par' dir='ltr' id='par_1_39' title="bbox 297 1115 1080 1152">
     <span class='ocr_line' id='line_1_39' title="bbox 297 1115 1080 1152; baseline 0.005 -12"><span class='ocrx_word' id='word_1_319' title='bbox 297 1122 306 1138; x_wconf 82' lang='lat'><strong>1</strong></span> <span class='ocrx_word' id='word_1_320' title='bbox 326 1115 445 1141; x_wconf 68' lang='lat' dir='ltr'><strong>omnium:</strong></span> <span class='ocrx_word' id='word_1_321' title='bbox 458 1117 617 1147; x_wconf 86' lang='lat' dir='ltr'><strong>universim,</strong></span> <span class='ocrx_word' id='word_1_322' title='bbox 628 1117 758 1151; x_wconf 83' lang='lat' dir='ltr'><strong>imagines</strong></span> <span class='ocrx_word' id='word_1_323' title='bbox 769 1118 912 1144; x_wconf 72' lang='lat' dir='ltr'><strong>ostensivm</strong></span> <span class='ocrx_word' id='word_1_324' title='bbox 927 1122 999 1150; x_wconf 78' lang='lat' dir='ltr'><strong>sunt,</strong></span> <span class='ocrx_word' id='word_1_325' title='bbox 1014 1126 1080 1152; x_wconf 84' lang='lat' dir='ltr'><strong>quo-</strong></span> 
     </span>
    </p>
   </div>
   <div class='ocr_carea' id='block_1_40' title="bbox 297 1162 1079 1198">
    <p class='ocr_par' dir='ltr' id='par_1_40' title="bbox 297 1162 1079 1198">
     <span class='ocr_line' id='line_1_40' title="bbox 297 1162 1079 1198; baseline 0.006 -13"><span class='ocrx_word' id='word_1_326' title='bbox 297 1168 306 1183; x_wconf 92' lang='lat'><strong>1</strong></span> <span class='ocrx_word' id='word_1_327' title='bbox 327 1167 384 1186; x_wconf 88' lang='lat' dir='ltr'><strong>rum</strong></span> <span class='ocrx_word' id='word_1_328' title='bbox 400 1168 460 1188; x_wconf 85' lang='lat' dir='ltr'><strong>esse</strong></span> <span class='ocrx_word' id='word_1_329' title='bbox 476 1162 606 1196; x_wconf 80' lang='lat' dir='ltr'><strong>imagines</strong></span> <span class='ocrx_word' id='word_1_330' title='bbox 623 1162 809 1197; x_wconf 86' lang='lat' dir='ltr'><strong>intelliguntur</strong></span> <span class='ocrx_word' id='word_1_331' title='bbox 823 1173 828 1190; x_wconf 85' lang='lat'>:</span> <span class='ocrx_word' id='word_1_332' title='bbox 858 1163 925 1190; x_wconf 87' lang='lat' dir='ltr'><strong>adeo</strong></span> <span class='ocrx_word' id='word_1_333' title='bbox 941 1168 970 1190; x_wconf 92' lang='lat' dir='ltr'><strong>ut</strong></span> <span class='ocrx_word' id='word_1_334' title='bbox 987 1171 1034 1198; x_wconf 86' lang='lat' dir='ltr'><strong>per</strong></span> <span class='ocrx_word' id='word_1_335' title='bbox 1048 1163 1079 1190; x_wconf 94' lang='lat' dir='ltr'><strong>il-</strong></span> 
     </span>
    </p>
   </div>
   <div class='ocr_carea' id='block_1_41' title="bbox 296 1204 1077 1242">
    <p class='ocr_par' dir='ltr' id='par_1_41' title="bbox 296 1204 1077 1242">
     <span class='ocr_line' id='line_1_41' title="bbox 296 1204 1077 1242; baseline 0.006 -11"><span class='ocrx_word' id='word_1_336' title='bbox 296 1214 304 1228; x_wconf 91' lang='lat'><strong>1</strong></span> <span class='ocrx_word' id='word_1_337' title='bbox 325 1204 374 1235; x_wconf 87' lang='lat' dir='ltr'><strong>las,</strong></span> <span class='ocrx_word' id='word_1_338' title='bbox 394 1206 417 1232; x_wconf 92' lang='lat' dir='ltr'><strong>is</strong></span> <span class='ocrx_word' id='word_1_339' title='bbox 432 1207 476 1240; x_wconf 84' lang='lat' dir='ltr'><strong>qui</strong></span> <span class='ocrx_word' id='word_1_340' title='bbox 490 1212 532 1233; x_wconf 86' lang='lat' dir='ltr'><strong>est</strong></span> <span class='ocrx_word' id='word_1_341' title='bbox 547 1208 654 1241; x_wconf 87' lang='lat' dir='ltr'><strong>absens,</strong></span> <span class='ocrx_word' id='word_1_342' title='bbox 667 1210 800 1236; x_wconf 86' lang='lat' dir='ltr'><strong>videatur.</strong></span> <span class='ocrx_word' id='word_1_343' title='bbox 815 1209 890 1242; x_wconf 88' lang='lat' dir='ltr'><strong>Quod</strong></span> <span class='ocrx_word' id='word_1_344' title='bbox 902 1209 923 1235; x_wconf 87' lang='lat' dir='ltr'><strong>si</strong></span> <span class='ocrx_word' id='word_1_345' title='bbox 939 1216 1003 1236; x_wconf 88' lang='lat' dir='ltr'><strong>vero</strong></span> <span class='ocrx_word' id='word_1_346' title='bbox 1019 1209 1077 1242; x_wconf 81' lang='lat' dir='ltr'><strong>Dei,</strong></span> 
     </span>
    </p>
   </div>
   <div class='ocr_carea' id='block_1_42' title="bbox 297 1250 1078 1288">
    <p class='ocr_par' dir='ltr' id='par_1_42' title="bbox 297 1250 1078 1288">
     <span class='ocr_line' id='line_1_42' title="bbox 297 1250 1078 1288; baseline 0.006 -13"><span class='ocrx_word' id='word_1_347' title='bbox 297 1259 306 1274; x_wconf 87' lang='lat'><strong>1</strong></span> <span class='ocrx_word' id='word_1_348' title='bbox 325 1250 369 1284; x_wconf 91' lang='lat' dir='ltr'><strong>qui</strong></span> <span class='ocrx_word' id='word_1_349' title='bbox 388 1250 467 1282; x_wconf 85' lang='lat' dir='ltr'><strong>plane</strong></span> <span class='ocrx_word' id='word_1_350' title='bbox 485 1252 627 1279; x_wconf 87' lang='lat' dir='ltr'><strong>invisibilis</strong></span> <span class='ocrx_word' id='word_1_351' title='bbox 642 1258 694 1285; x_wconf 85' lang='lat' dir='ltr'><strong>est,</strong></span> <span class='ocrx_word' id='word_1_352' title='bbox 710 1252 828 1280; x_wconf 82' lang='lat' dir='ltr'><strong>Verbum</strong></span> <span class='ocrx_word' id='word_1_353' title='bbox 841 1261 949 1288; x_wconf 90' lang='lat' dir='ltr'><strong>quoque</strong></span> <span class='ocrx_word' id='word_1_354' title='bbox 961 1261 1021 1281; x_wconf 88' lang='lat' dir='ltr'><strong>esse</strong></span> <span class='ocrx_word' id='word_1_355' title='bbox 1035 1254 1078 1280; x_wconf 92' lang='lat' dir='ltr'><strong>in-</strong></span> 
     </span>
    </p>
   </div>
   <div class='ocr_carea' id='block_1_43' title="bbox 295 1295 1078 1333">
    <p class='ocr_par' dir='ltr' id='par_1_43' title="bbox 295 1295 1078 1333">
     <span class='ocr_line' id='line_1_43' title="bbox 295 1295 1078 1333; baseline 0.009 -14"><span class='ocrx_word' id='word_1_356' title='bbox 295 1303 305 1319; x_wconf 77' lang='grc' dir='ltr'><strong>ι</strong></span> <span class='ocrx_word' id='word_1_357' title='bbox 325 1295 430 1322; x_wconf 89' lang='lat' dir='ltr'><strong>visibile</strong></span> <span class='ocrx_word' id='word_1_358' title='bbox 449 1297 591 1331; x_wconf 87' lang='lat' dir='ltr'><strong>contingit,</strong></span> <span class='ocrx_word' id='word_1_359' title='bbox 607 1305 661 1332; x_wconf 93' lang='lat' dir='ltr'><strong>quo</strong></span> <span class='ocrx_word' id='word_1_360' title='bbox 685 1304 762 1333; x_wconf 89' lang='lat' dir='ltr'><strong>pacto</strong></span> <span class='ocrx_word' id='word_1_361' title='bbox 778 1303 867 1332; x_wconf 87' lang='lat' dir='ltr'><strong>potest</strong></span> <span class='ocrx_word' id='word_1_362' title='bbox 882 1306 941 1326; x_wconf 87' lang='lat' dir='ltr'><strong>esse</strong></span> <span class='ocrx_word' id='word_1_363' title='bbox 960 1299 1078 1327; x_wconf 82' lang='lat' dir='ltr'><strong>Verbum</strong></span> 
     </span>
    </p>
   </div>
   <div class='ocr_carea' id='block_1_44' title="bbox 295 1342 1078 1379">
    <p class='ocr_par' dir='ltr' id='par_1_44' title="bbox 295 1342 1078 1379">
     <span class='ocr_line' id='line_1_44' title="bbox 295 1342 1078 1379; baseline 0.01 -14"><span class='ocrx_word' id='word_1_364' title='bbox 295 1349 304 1365; x_wconf 90' lang='lat'><strong>1</strong></span> <span class='ocrx_word' id='word_1_365' title='bbox 328 1347 375 1374; x_wconf 89' lang='lat' dir='ltr'><strong>per</strong></span> <span class='ocrx_word' id='word_1_366' title='bbox 390 1348 420 1367; x_wconf 86' lang='lat' dir='ltr'><strong>se</strong></span> <span class='ocrx_word' id='word_1_367' title='bbox 445 1342 534 1376; x_wconf 76' lang='lat' dir='ltr'><strong>imago</strong></span> <span class='ocrx_word' id='word_1_368' title='bbox 551 1343 598 1369; x_wconf 88' lang='lat' dir='ltr'><strong>Dei</strong></span> <span class='ocrx_word' id='word_1_369' title='bbox 613 1344 765 1377; x_wconf 75' lang='lat' dir='ltr'><strong>invisibilis,</strong></span> <span class='ocrx_word' id='word_1_370' title='bbox 778 1353 840 1371; x_wconf 90' lang='lat' dir='ltr'><strong>cum</strong></span> <span class='ocrx_word' id='word_1_371' title='bbox 852 1350 879 1372; x_wconf 89' lang='lat' dir='ltr'><strong>et</strong></span> <span class='ocrx_word' id='word_1_372' title='bbox 890 1345 976 1379; x_wconf 88' lang='lat' dir='ltr'><strong>ipsum</strong></span> <span class='ocrx_word' id='word_1_373' title='bbox 987 1346 1021 1372; x_wconf 87' lang='lat' dir='ltr'><strong>sit</strong></span> <span class='ocrx_word' id='word_1_374' title='bbox 1035 1345 1078 1372; x_wconf 92' lang='lat' dir='ltr'><strong>in-</strong></span> 
     </span>
    </p>
   </div>
   <div class='ocr_carea' id='block_1_45' title="bbox 295 1385 1078 1422">
    <p class='ocr_par' dir='ltr' id='par_1_45' title="bbox 295 1385 1078 1422">
     <span class='ocr_line' id='line_1_45' title="bbox 295 1385 1078 1422; baseline 0.009 -13"><span class='ocrx_word' id='word_1_375' title='bbox 295 1393 305 1409; x_wconf 86' lang='lat'><strong>1</strong></span> <span class='ocrx_word' id='word_1_376' title='bbox 324 1385 452 1412; x_wconf 87' lang='lat' dir='ltr'><strong>visibile?</strong></span> <span class='ocrx_word' id='word_1_377' title='bbox 471 1395 481 1411; x_wconf 82' lang='grc'>›</span> <span class='ocrx_word' id='word_1_378' title='bbox 501 1386 592 1420; x_wconf 76' lang='lat' dir='ltr'><strong>Pergit</strong></span> <span class='ocrx_word' id='word_1_379' title='bbox 624 1388 650 1414; x_wconf 89' lang='lat' dir='ltr'><strong>in</strong></span> <span class='ocrx_word' id='word_1_380' title='bbox 677 1389 853 1422; x_wconf 88' lang='lat' dir='ltr'><strong>sequentibus</strong></span> <span class='ocrx_word' id='word_1_381' title='bbox 880 1389 968 1416; x_wconf 92' lang='lat' dir='ltr'><strong>denuo</strong></span> <span class='ocrx_word' id='word_1_382' title='bbox 983 1390 1078 1416; x_wconf 90' lang='lat' dir='ltr'><strong>convi-</strong></span> 
     </span>
    </p>
   </div>
   <div class='ocr_carea' id='block_1_46' title="bbox 291 1430 1077 1469">
    <p class='ocr_par' dir='ltr' id='par_1_46' title="bbox 291 1430 1077 1469">
     <span class='ocr_line' id='line_1_46' title="bbox 291 1430 1077 1469; baseline 0.008 -13"><span class='ocrx_word' id='word_1_383' title='bbox 291 1430 358 1457; x_wconf 79' lang='lat' dir='ltr'><strong>ciari</strong></span> <span class='ocrx_word' id='word_1_384' title='bbox 378 1431 425 1466; x_wconf 86' lang='lat' dir='ltr'><strong>[R.</strong></span> <span class='ocrx_word' id='word_1_385' title='bbox 448 1431 542 1468; x_wconf 78' lang='lat' dir='ltr'><strong>XXIV]</strong></span> <span class='ocrx_word' id='word_1_386' title='bbox 557 1442 564 1460; x_wconf 89' lang='lat'><strong>:</strong></span> <span class='ocrx_word' id='word_1_387' title='bbox 582 1442 591 1458; x_wconf 98' lang='lat'><strong>1</strong></span> <span class='ocrx_word' id='word_1_388' title='bbox 611 1433 687 1461; x_wconf 86' lang='lat' dir='ltr'><strong>Unde</strong></span> <span class='ocrx_word' id='word_1_389' title='bbox 704 1434 786 1469; x_wconf 81' lang='lat' dir='ltr'><strong>igitur</strong></span> <span class='ocrx_word' id='word_1_390' title='bbox 800 1434 861 1462; x_wconf 85' lang='lat' dir='ltr'><strong>dolo</strong></span> <span class='ocrx_word' id='word_1_391' title='bbox 879 1435 971 1469; x_wconf 91' lang='lat' dir='ltr'><strong>repleti</strong></span> <span class='ocrx_word' id='word_1_392' title='bbox 989 1440 1017 1462; x_wconf 86' lang='lat' dir='ltr'><strong>et</strong></span> <span class='ocrx_word' id='word_1_393' title='bbox 1031 1443 1077 1462; x_wconf 87' lang='lat' dir='ltr'><strong>va-</strong></span> 
     </span>
    </p>
   </div>
   <div class='ocr_carea' id='block_1_47' title="bbox 295 1475 1078 1515">
    <p class='ocr_par' dir='ltr' id='par_1_47' title="bbox 295 1475 1078 1515">
     <span class='ocr_line' id='line_1_47' title="bbox 295 1475 1078 1515; baseline 0.008 -13"><span class='ocrx_word' id='word_1_394' title='bbox 295 1486 304 1501; x_wconf 93' lang='lat'><strong>1</strong></span> <span class='ocrx_word' id='word_1_395' title='bbox 324 1475 407 1509; x_wconf 82' lang='lat' dir='ltr'><strong>fritie,</strong></span> <span class='ocrx_word' id='word_1_396' title='bbox 426 1483 456 1504; x_wconf 92' lang='lat' dir='ltr'><strong>ut</strong></span> <span class='ocrx_word' id='word_1_397' title='bbox 468 1486 529 1505; x_wconf 87' lang='lat' dir='ltr'><strong>cum</strong></span> <span class='ocrx_word' id='word_1_398' title='bbox 545 1479 676 1513; x_wconf 83' lang='lat' dir='ltr'><strong>Apostolo</strong></span> <span class='ocrx_word' id='word_1_399' title='bbox 687 1479 710 1496; x_wconf 73' lang='grc' dir='ltr'>ἰ’</span> <span class='ocrx_word' id='word_1_400' title='bbox 725 1480 832 1515; x_wconf 83' lang='lat' dir='ltr'><strong>loquar,</strong></span> <span class='ocrx_word' id='word_1_401' title='bbox 845 1481 949 1508; x_wconf 91' lang='lat' dir='ltr'><strong>dictum</strong></span> <span class='ocrx_word' id='word_1_402' title='bbox 961 1480 1078 1508; x_wconf 62' lang='lat' dir='ltr'><strong>transfeo</strong></span> 
     </span>
    </p>
   </div>
   <div class='ocr_carea' id='block_1_48' title="bbox 294 1523 1077 1560">
    <p class='ocr_par' dir='ltr' id='par_1_48' title="bbox 294 1523 1077 1560">
     <span class='ocr_line' id='line_1_48' title="bbox 294 1523 1077 1560; baseline 0.009 -14"><span class='ocrx_word' id='word_1_403' title='bbox 294 1530 303 1546; x_wconf 95' lang='lat'><strong>1</strong></span> <span class='ocrx_word' id='word_1_404' title='bbox 325 1527 388 1548; x_wconf 91' lang='lat' dir='ltr'><strong>runt</strong></span> <span class='ocrx_word' id='word_1_405' title='bbox 401 1523 434 1549; x_wconf 88' lang='lat' dir='ltr'><strong>ad</strong></span> <span class='ocrx_word' id='word_1_406' title='bbox 447 1523 531 1558; x_wconf 88' lang='lat' dir='ltr'><strong>ipsius</strong></span> <span class='ocrx_word' id='word_1_407' title='bbox 545 1524 637 1556; x_wconf 85' lang='lat' dir='ltr'><strong>Verbi,</strong></span> <span class='ocrx_word' id='word_1_408' title='bbox 650 1529 679 1552; x_wconf 92' lang='lat' dir='ltr'><strong>ut</strong></span> <span class='ocrx_word' id='word_1_409' title='bbox 692 1530 797 1558; x_wconf 89' lang='lat' dir='ltr'><strong>rentur,</strong></span> <span class='ocrx_word' id='word_1_410' title='bbox 813 1525 928 1560; x_wconf 87' lang='lat' dir='ltr'><strong>primam</strong></span> <span class='ocrx_word' id='word_1_411' title='bbox 943 1525 1077 1553; x_wconf 91' lang='lat' dir='ltr'><strong>conditio-</strong></span> 
     </span>
    </p>
   </div>
   <div class='ocr_carea' id='block_1_49' title="bbox 294 1570 1075 1606">
    <p class='ocr_par' dir='ltr' id='par_1_49' title="bbox 294 1570 1075 1606">
     <span class='ocr_line' id='line_1_49' title="bbox 294 1570 1075 1606; baseline 0.008 -13"><span class='ocrx_word' id='word_1_412' title='bbox 294 1576 304 1592; x_wconf 94' lang='lat'><strong>1</strong></span> <span class='ocrx_word' id='word_1_413' title='bbox 324 1576 396 1600; x_wconf 88' lang='lat' dir='ltr'><strong>nem,</strong></span> <span class='ocrx_word' id='word_1_414' title='bbox 410 1576 471 1596; x_wconf 90' lang='lat' dir='ltr'><strong>cum</strong></span> <span class='ocrx_word' id='word_1_415' title='bbox 489 1570 522 1597; x_wconf 87' lang='lat' dir='ltr'><strong>de</strong></span> <span class='ocrx_word' id='word_1_416' title='bbox 535 1571 711 1605; x_wconf 79' lang='lat' dir='ltr'><strong>generatione</strong></span> <span class='ocrx_word' id='word_1_417' title='bbox 726 1571 782 1603; x_wconf 89' lang='lat' dir='ltr'><strong>illa,</strong></span> <span class='ocrx_word' id='word_1_418' title='bbox 799 1579 859 1606; x_wconf 66' lang='lat' dir='ltr'><strong>qua:</strong></span> <span class='ocrx_word' id='word_1_419' title='bbox 870 1577 912 1599; x_wconf 91' lang='lat' dir='ltr'><strong>est</strong></span> <span class='ocrx_word' id='word_1_420' title='bbox 928 1572 1075 1599; x_wconf 88' lang='lat' dir='ltr'><strong>secundum</strong></span> 
     </span>
    </p>
   </div>
   <div class='ocr_carea' id='block_1_50' title="bbox 294 1615 1076 1652">
    <p class='ocr_par' dir='ltr' id='par_1_50' title="bbox 294 1615 1076 1652">
     <span class='ocr_line' id='line_1_50' title="bbox 294 1615 1076 1652; baseline 0.008 -13"><span class='ocrx_word' id='word_1_421' title='bbox 294 1622 303 1638; x_wconf 92' lang='lat'><strong>1</strong></span> <span class='ocrx_word' id='word_1_422' title='bbox 320 1621 441 1646; x_wconf 83' lang='lat' dir='ltr'><strong>carnem,</strong></span> <span class='ocrx_word' id='word_1_423' title='bbox 454 1615 547 1649; x_wconf 82' lang='lat' dir='ltr'><strong>David,</strong></span> <span class='ocrx_word' id='word_1_424' title='bbox 560 1617 598 1643; x_wconf 92' lang='lat' dir='ltr'><strong>uti</strong></span> <span class='ocrx_word' id='word_1_425' title='bbox 611 1621 727 1649; x_wconf 83' lang='lat' dir='ltr'><strong>constat,</strong></span> <span class='ocrx_word' id='word_1_426' title='bbox 740 1617 804 1644; x_wconf 87' lang='lat' dir='ltr'><strong>illud</strong></span> <span class='ocrx_word' id='word_1_427' title='bbox 816 1618 954 1652; x_wconf 89' lang='lat' dir='ltr'><strong>usurparit</strong></span> <span class='ocrx_word' id='word_1_428' title='bbox 967 1619 978 1644; x_wconf 70' lang='grc' dir='ltr'>’ἰ</span> <span class='ocrx_word' id='word_1_429' title='bbox 990 1617 1076 1645; x_wconf 71' lang='grc' dir='ltr'><strong>»ιοη-</strong></span> 
     </span>
    </p>
   </div>
   <div class='ocr_carea' id='block_1_51' title="bbox 291 1661 1073 1702">
    <p class='ocr_par' dir='ltr' id='par_1_51' title="bbox 291 1661 1073 1702">
     <span class='ocr_line' id='line_1_51' title="bbox 291 1661 1073 1702; baseline 0.008 -16"><span class='ocrx_word' id='word_1_430' title='bbox 291 1667 352 1695; x_wconf 86' lang='lat' dir='ltr'><strong>gum</strong></span> <span class='ocrx_word' id='word_1_431' title='bbox 365 1661 492 1696; x_wconf 86' lang='lat' dir='ltr'><strong>deinceps</strong></span> <span class='ocrx_word' id='word_1_432' title='bbox 502 1663 668 1691; x_wconf 81' lang='lat' dir='ltr'><strong>intertcxens</strong></span> <span class='ocrx_word' id='word_1_433' title='bbox 680 1671 831 1691; x_wconf 88' lang='lat' dir='ltr'><strong>sermonem</strong></span> <span class='ocrx_word' id='word_1_434' title='bbox 845 1664 936 1700; x_wconf 78' lang='lat' dir='ltr'><strong>ait[R.</strong></span> <span class='ocrx_word' id='word_1_435' title='bbox 950 1664 1073 1702; x_wconf 82' lang='lat' dir='ltr'><strong>LXXV]:</strong></span> 
     </span>
    </p>
   </div>
   <div class='ocr_carea' id='block_1_52' title="bbox 295 1706 1073 1744">
    <p class='ocr_par' dir='ltr' id='par_1_52' title="bbox 295 1706 1073 1744">
     <span class='ocr_line' id='line_1_52' title="bbox 295 1706 1073 1744; baseline 0.008 -12"><span class='ocrx_word' id='word_1_436' title='bbox 295 1715 305 1732; x_wconf 94' lang='lat'><strong>1</strong></span> <span class='ocrx_word' id='word_1_437' title='bbox 325 1706 394 1739; x_wconf 78' lang='lat' dir='ltr'><strong>Quid</strong></span> <span class='ocrx_word' id='word_1_438' title='bbox 412 1707 446 1734; x_wconf 89' lang='lat' dir='ltr'><strong>ad</strong></span> <span class='ocrx_word' id='word_1_439' title='bbox 460 1708 510 1735; x_wconf 87' lang='lat' dir='ltr'><strong>ista</strong></span> <span class='ocrx_word' id='word_1_440' title='bbox 526 1709 607 1744; x_wconf 79' lang='lat' dir='ltr'><strong>igitur</strong></span> <span class='ocrx_word' id='word_1_441' title='bbox 627 1710 750 1738; x_wconf 90' lang='lat' dir='ltr'><strong>dicturus</strong></span> <span class='ocrx_word' id='word_1_442' title='bbox 764 1711 828 1738; x_wconf 86' lang='lat' dir='ltr'><strong>est?</strong></span> <span class='ocrx_word' id='word_1_443' title='bbox 851 1710 929 1738; x_wconf 87' lang='lat' dir='ltr'><strong>Certe</strong></span> <span class='ocrx_word' id='word_1_444' title='bbox 947 1711 1073 1744; x_wconf 86' lang='lat' dir='ltr'><strong>arbitror,</strong></span> 
     </span>
    </p>
   </div>
   <div class='ocr_carea' id='block_1_53' title="bbox 294 1753 1074 1792">
    <p class='ocr_par' dir='ltr' id='par_1_53' title="bbox 294 1753 1074 1792">
     <span class='ocr_line' id='line_1_53' title="bbox 294 1753 1074 1792; baseline 0.008 -14"><span class='ocrx_word' id='word_1_445' title='bbox 294 1761 303 1778; x_wconf 85' lang='lat'><strong>1</strong></span> <span class='ocrx_word' id='word_1_446' title='bbox 322 1753 388 1780; x_wconf 84' lang='lat' dir='ltr'><strong>nihil</strong></span> <span class='ocrx_word' id='word_1_447' title='bbox 403 1754 503 1782; x_wconf 87' lang='lat' dir='ltr'><strong>habere</strong></span> <span class='ocrx_word' id='word_1_448' title='bbox 515 1755 590 1782; x_wconf 90' lang='lat' dir='ltr'><strong>illum</strong></span> <span class='ocrx_word' id='word_1_449' title='bbox 607 1756 678 1790; x_wconf 91' lang='lat' dir='ltr'><strong>quod</strong></span> <span class='ocrx_word' id='word_1_450' title='bbox 693 1757 865 1792; x_wconf 82' lang='lat' dir='ltr'><strong>respondeat.</strong></span> <span class='ocrx_word' id='word_1_451' title='bbox 890 1756 981 1791; x_wconf 79' lang='lat' dir='ltr'><strong>Neque</strong></span> <span class='ocrx_word' id='word_1_452' title='bbox 993 1757 1074 1784; x_wconf 83' lang='lat' dir='ltr'><strong>credo</strong></span> 
     </span>
    </p>
   </div>
   <div class='ocr_carea' id='block_1_54' title="bbox 293 1798 1074 1836">
    <p class='ocr_par' dir='ltr' id='par_1_54' title="bbox 293 1798 1074 1836">
     <span class='ocr_line' id='line_1_54' title="bbox 293 1798 1074 1836; baseline 0.006 -12"><span class='ocrx_word' id='word_1_453' title='bbox 293 1807 303 1824; x_wconf 96' lang='lat'><strong>1</strong></span> <span class='ocrx_word' id='word_1_454' title='bbox 322 1798 347 1825; x_wconf 94' lang='lat' dir='ltr'><strong>in</strong></span> <span class='ocrx_word' id='word_1_455' title='bbox 364 1804 456 1834; x_wconf 85' lang='lat' dir='ltr'><strong>aperta</strong></span> <span class='ocrx_word' id='word_1_456' title='bbox 472 1801 644 1829; x_wconf 77' lang='lat' dir='ltr'><strong>confessione</strong></span> <span class='ocrx_word' id='word_1_457' title='bbox 658 1809 750 1828; x_wconf 87' lang='lat' dir='ltr'><strong>coram</strong></span> <span class='ocrx_word' id='word_1_458' title='bbox 759 1801 820 1829; x_wconf 86' lang='lat' dir='ltr'><strong>aliis</strong></span> <span class='ocrx_word' id='word_1_459' title='bbox 833 1802 909 1829; x_wconf 92' lang='lat' dir='ltr'><strong>illum</strong></span> <span class='ocrx_word' id='word_1_460' title='bbox 923 1802 1074 1836; x_wconf 91' lang='lat' dir='ltr'><strong>positurum</strong></span> 
     </span>
    </p>
   </div>
   <div class='ocr_carea' id='block_1_55' title="bbox 292 1840 1074 1885">
    <p class='ocr_par' dir='ltr' id='par_1_55' title="bbox 292 1840 1074 1885">
     <span class='ocr_line' id='line_1_55' title="bbox 292 1840 1074 1885; baseline 0.004 -12"><span class='ocrx_word' id='word_1_461' title='bbox 292 1855 303 1872; x_wconf 93' lang='lat'><strong>1</strong></span> <span class='ocrx_word' id='word_1_462' title='bbox 317 1854 377 1881; x_wconf 64' lang='lat' dir='ltr'><strong>quae</strong></span> <span class='ocrx_word' id='word_1_463' title='bbox 388 1840 468 1875; x_wconf 78' lang='lat' dir='ltr'><strong>tacita</strong></span> <span class='ocrx_word' id='word_1_464' title='bbox 484 1849 554 1883; x_wconf 87' lang='lat' dir='ltr'><strong>apud</strong></span> <span class='ocrx_word' id='word_1_465' title='bbox 569 1857 599 1877; x_wconf 91' lang='lat' dir='ltr'><strong>se</strong></span> <span class='ocrx_word' id='word_1_466' title='bbox 613 1849 684 1877; x_wconf 87' lang='lat' dir='ltr'><strong>celat</strong></span> <span class='ocrx_word' id='word_1_467' title='bbox 699 1849 865 1885; x_wconf 82' lang='lat' dir='ltr'><strong>cogitatione</strong></span> <span class='ocrx_word' id='word_1_468' title='bbox 881 1858 888 1875; x_wconf 78' lang='grc' dir='ltr'><strong>ι</strong></span> <span class='ocrx_word' id='word_1_469' title='bbox 908 1849 935 1876; x_wconf 84' lang='lat' dir='ltr'><strong>id</strong></span> <span class='ocrx_word' id='word_1_470' title='bbox 950 1850 1022 1884; x_wconf 89' lang='lat' dir='ltr'><strong>quod</strong></span> <span class='ocrx_word' id='word_1_471' title='bbox 1035 1851 1074 1876; x_wconf 86' lang='lat' dir='ltr'><strong>vi-</strong></span> 
     </span>
    </p>
   </div>
   <div class='ocr_carea' id='block_1_56' title="bbox 292 1893 1073 1931">
    <p class='ocr_par' dir='ltr' id='par_1_56' title="bbox 292 1893 1073 1931">
     <span class='ocr_line' id='line_1_56' title="bbox 292 1893 1073 1931; baseline 0.001 -10"><span class='ocrx_word' id='word_1_472' title='bbox 292 1901 302 1918; x_wconf 84' lang='lat'><strong>1</strong></span> <span class='ocrx_word' id='word_1_473' title='bbox 325 1893 389 1922; x_wconf 87' lang='lat' dir='ltr'><strong>dere</strong></span> <span class='ocrx_word' id='word_1_474' title='bbox 403 1895 490 1922; x_wconf 88' lang='lat' dir='ltr'><strong>cuivis</strong></span> <span class='ocrx_word' id='word_1_475' title='bbox 502 1895 564 1923; x_wconf 86' lang='lat' dir='ltr'><strong>licet</strong></span> <span class='ocrx_word' id='word_1_476' title='bbox 583 1904 617 1923; x_wconf 79' lang='lat' dir='ltr'><strong>ex</strong></span> <span class='ocrx_word' id='word_1_477' title='bbox 631 1896 664 1923; x_wconf 91' lang='lat' dir='ltr'><strong>iis</strong></span> <span class='ocrx_word' id='word_1_478' title='bbox 677 1903 737 1930; x_wconf 79' lang='lat' dir='ltr'><strong>qua:</strong></span> <span class='ocrx_word' id='word_1_479' title='bbox 752 1894 870 1931; x_wconf 65' lang='lat' dir='ltr'><strong>s&#39;cripsit.</strong></span> <span class='ocrx_word' id='word_1_480' title='bbox 894 1895 1006 1929; x_wconf 86' lang='lat' dir='ltr'><strong>Scripsit</strong></span> <span class='ocrx_word' id='word_1_481' title='bbox 1024 1903 1073 1922; x_wconf 87' lang='lat' dir='ltr'><strong>au-</strong></span> 
     </span>
    </p>
   </div>
   <div class='ocr_carea' id='block_1_57' title="bbox 292 1941 1073 1978">
    <p class='ocr_par' dir='ltr' id='par_1_57' title="bbox 292 1941 1073 1978">
     <span class='ocr_line' id='line_1_57' title="bbox 292 1941 1073 1978; baseline 0.005 -13"><span class='ocrx_word' id='word_1_482' title='bbox 292 1948 302 1965; x_wconf 94' lang='lat'><strong>1</strong></span> <span class='ocrx_word' id='word_1_483' title='bbox 320 1944 395 1968; x_wconf 91' lang='lat' dir='ltr'><strong>tem:</strong></span> <span class='ocrx_word' id='word_1_484' title='bbox 423 1941 497 1969; x_wconf 81' lang='lat' dir='ltr'><strong>Alius</strong></span> <span class='ocrx_word' id='word_1_485' title='bbox 520 1946 563 1970; x_wconf 90' lang='lat' dir='ltr'><strong>est</strong></span> <span class='ocrx_word' id='word_1_486' title='bbox 579 1942 658 1970; x_wconf 86' lang='lat' dir='ltr'><strong>Pater</strong></span> <span class='ocrx_word' id='word_1_487' title='bbox 680 1943 725 1977; x_wconf 90' lang='lat' dir='ltr'><strong>qui</strong></span> <span class='ocrx_word' id='word_1_488' title='bbox 744 1943 826 1978; x_wconf 81' lang='lat' dir='ltr'><strong>gignit</strong></span> <span class='ocrx_word' id='word_1_489' title='bbox 852 1951 886 1970; x_wconf 79' lang='lat' dir='ltr'><strong>ex</strong></span> <span class='ocrx_word' id='word_1_490' title='bbox 899 1950 929 1970; x_wconf 91' lang='lat' dir='ltr'><strong>se</strong></span> <span class='ocrx_word' id='word_1_491' title='bbox 955 1942 1073 1969; x_wconf 90' lang='lat' dir='ltr'><strong>Verbum</strong></span> 
     </span>
    </p>
   </div>
   <div class='ocr_carea' id='block_1_58' title="bbox 291 1987 1073 2023">
    <p class='ocr_par' dir='ltr' id='par_1_58' title="bbox 291 1987 1073 2023">
     <span class='ocr_line' id='line_1_58' title="bbox 291 1987 1073 2023; baseline 0.004 -11"><span class='ocrx_word' id='word_1_492' title='bbox 291 1994 301 2011; x_wconf 97' lang='lat'><strong>1</strong></span> <span class='ocrx_word' id='word_1_493' title='bbox 318 1987 498 2022; x_wconf 82' lang='lat' dir='ltr'><strong>unigenitum,</strong></span> <span class='ocrx_word' id='word_1_494' title='bbox 515 1993 543 2015; x_wconf 91' lang='lat' dir='ltr'><strong>et</strong></span> <span class='ocrx_word' id='word_1_495' title='bbox 569 1989 658 2016; x_wconf 85' lang='lat' dir='ltr'><strong>omnis</strong></span> <span class='ocrx_word' id='word_1_496' title='bbox 687 1994 819 2016; x_wconf 69' lang='lat' dir='ltr'><strong>creatura:</strong></span> <span class='ocrx_word' id='word_1_497' title='bbox 844 1988 1073 2023; x_wconf 85' lang='lat' dir='ltr'><strong>primogenitum,</strong></span> 
     </span>
    </p>
   </div>
   <div class='ocr_carea' id='block_1_59' title="bbox 291 2032 1073 2070">
    <p class='ocr_par' dir='ltr' id='par_1_59' title="bbox 291 2032 1073 2070">
     <span class='ocr_line' id='line_1_59' title="bbox 291 2032 1073 2070; baseline 0.003 -12"><span class='ocrx_word' id='word_1_498' title='bbox 291 2041 301 2057; x_wconf 94' lang='lat'><strong>1</strong></span> <span class='ocrx_word' id='word_1_499' title='bbox 324 2032 400 2059; x_wconf 86' lang='lat' dir='ltr'><strong>solus</strong></span> <span class='ocrx_word' id='word_1_500' title='bbox 427 2034 525 2067; x_wconf 86' lang='lat' dir='ltr'><strong>solum,</strong></span> <span class='ocrx_word' id='word_1_501' title='bbox 544 2035 682 2069; x_wconf 80' lang='lat' dir='ltr'><strong>perfectus</strong></span> <span class='ocrx_word' id='word_1_502' title='bbox 702 2035 869 2070; x_wconf 77' lang='lat' dir='ltr'><strong>perfectum,</strong></span> <span class='ocrx_word' id='word_1_503' title='bbox 894 2043 942 2062; x_wconf 86' lang='lat' dir='ltr'><strong>rex</strong></span> <span class='ocrx_word' id='word_1_504' title='bbox 966 2041 1073 2069; x_wconf 75' lang='lat' dir='ltr'><strong>regem,</strong></span> 
     </span>
    </p>
   </div>
   <div class='ocr_carea' id='block_1_60' title="bbox 291 2077 872 2112">
    <p class='ocr_par' dir='ltr' id='par_1_60' title="bbox 291 2077 872 2112">
     <span class='ocr_line' id='line_1_60' title="bbox 291 2077 872 2112; baseline 0.009 -10"><span class='ocrx_word' id='word_1_505' title='bbox 291 2086 301 2102; x_wconf 94' lang='lat'><strong>1</strong></span> <span class='ocrx_word' id='word_1_506' title='bbox 324 2077 454 2106; x_wconf 88' lang='lat' dir='ltr'><strong>Dominus</strong></span> <span class='ocrx_word' id='word_1_507' title='bbox 483 2079 637 2112; x_wconf 90' lang='lat' dir='ltr'><strong>Dominum,</strong></span> <span class='ocrx_word' id='word_1_508' title='bbox 663 2081 733 2108; x_wconf 90' lang='lat' dir='ltr'><strong>Deus</strong></span> <span class='ocrx_word' id='word_1_509' title='bbox 763 2081 872 2108; x_wconf 83' lang='lat' dir='ltr'><strong>Deum:</strong></span> 
     </span>
    </p>
   </div>
   <div class='ocr_carea' id='block_1_61' title="bbox 291 2123 1072 2160">
    <p class='ocr_par' dir='ltr' id='par_1_61' title="bbox 291 2123 1072 2160">
     <span class='ocr_line' id='line_1_61' title="bbox 291 2123 1072 2160; baseline 0.001 -10"><span class='ocrx_word' id='word_1_510' title='bbox 291 2131 302 2147; x_wconf 93' lang='lat'><strong>1</strong></span> <span class='ocrx_word' id='word_1_511' title='bbox 322 2123 440 2156; x_wconf 84' lang='lat' dir='ltr'><strong>consilii,</strong></span> <span class='ocrx_word' id='word_1_512' title='bbox 452 2125 556 2158; x_wconf 69' lang='lat' dir='ltr'><strong>gloriae,</strong></span> <span class='ocrx_word' id='word_1_513' title='bbox 570 2127 698 2159; x_wconf 80' lang='lat' dir='ltr'><strong>potentia:</strong></span> <span class='ocrx_word' id='word_1_514' title='bbox 713 2126 857 2160; x_wconf 83' lang='lat' dir='ltr'><strong>imaginem</strong></span> <span class='ocrx_word' id='word_1_515' title='bbox 875 2125 1072 2152; x_wconf 85' lang='lat' dir='ltr'><strong>invariabilem.</strong></span> 
     </span>
    </p>
   </div>
   <div class='ocr_carea' id='block_1_62' title="bbox 292 2167 1074 2206">
    <p class='ocr_par' dir='ltr' id='par_1_62' title="bbox 292 2167 1074 2206">
     <span class='ocr_line' id='line_1_62' title="bbox 292 2167 1074 2206; baseline 0.001 -12"><span class='ocrx_word' id='word_1_516' title='bbox 292 2177 303 2194; x_wconf 91' lang='lat'><strong>1</strong></span> <span class='ocrx_word' id='word_1_517' title='bbox 317 2167 382 2202; x_wconf 74' lang='lat' dir='ltr'><strong>Qua:</strong></span> <span class='ocrx_word' id='word_1_518' title='bbox 397 2169 504 2202; x_wconf 81' lang='lat' dir='ltr'><strong>quidem</strong></span> <span class='ocrx_word' id='word_1_519' title='bbox 529 2171 564 2197; x_wconf 91' lang='lat' dir='ltr'><strong>ita</strong></span> <span class='ocrx_word' id='word_1_520' title='bbox 588 2172 622 2198; x_wconf 85' lang='lat' dir='ltr'><strong>ab</strong></span> <span class='ocrx_word' id='word_1_521' title='bbox 640 2171 685 2198; x_wconf 92' lang='lat' dir='ltr'><strong>illo</strong></span> <span class='ocrx_word' id='word_1_522' title='bbox 706 2171 805 2206; x_wconf 87' lang='lat' dir='ltr'><strong>posita,</strong></span> <span class='ocrx_word' id='word_1_523' title='bbox 831 2170 976 2198; x_wconf 81' lang='lat' dir='ltr'><strong>manifeste</strong></span> <span class='ocrx_word' id='word_1_524' title='bbox 993 2177 1074 2197; x_wconf 84' lang='lat' dir='ltr'><strong>coar-</strong></span> 
     </span>
    </p>
   </div>
   <div class='ocr_carea' id='block_1_63' title="bbox 326 2270 1047 2306">
    <p class='ocr_par' dir='ltr' id='par_1_63' title="bbox 326 2270 1047 2306">
     <span class='ocr_line' id='line_1_63' title="bbox 326 2270 1047 2306; baseline 0.001 -8"><span class='ocrx_word' id='word_1_525' title='bbox 326 2274 355 2304; x_wconf 68' lang='lat' dir='ltr'><strong>&gt;I1</strong></span> <span class='ocrx_word' id='word_1_526' title='bbox 374 2270 422 2298; x_wconf 84' lang='lat' dir='ltr'><strong>Ed.</strong></span> <span class='ocrx_word' id='word_1_527' title='bbox 439 2270 537 2303; x_wconf 82' lang='lat' dir='ltr'><strong>Paris.,</strong></span> <span class='ocrx_word' id='word_1_528' title='bbox 556 2279 618 2306; x_wconf 84' lang='lat' dir='ltr'><strong>pag.</strong></span> <span class='ocrx_word' id='word_1_529' title='bbox 637 2272 682 2300; x_wconf 63' lang='grc' dir='ltr'><strong>Ἡ.</strong></span> <span class='ocrx_word' id='word_1_530' title='bbox 827 2271 850 2288; x_wconf 77' lang='grc'><strong>’⁸⁸</strong></span> <span class='ocrx_word' id='word_1_531' title='bbox 866 2272 946 2299; x_wconf 75' lang='lat' dir='ltr'><strong>Rom.</strong></span> <span class='ocrx_word' id='word_1_532' title='bbox 966 2280 986 2303; x_wconf 85' lang='grc' dir='ltr'><strong>ι,</strong></span> <span class='ocrx_word' id='word_1_533' title='bbox 1001 2271 1047 2299; x_wconf 77' lang='grc'><strong>29.</strong></span> 
     </span>
    </p>
   </div>
   <div class='ocr_carea' id='block_1_64' title="bbox 903 2075 1080 2113">
    <p class='ocr_par' dir='ltr' id='par_1_64' title="bbox 903 2075 1080 2113">
     <span class='ocr_line' id='line_1_64' title="bbox 903 2075 1080 2113; baseline -0.011 -6"><span class='ocrx_word' id='word_1_534' title='bbox 903 2075 1080 2113; x_wconf 50' lang='lat' dir='ltr'><strong>substantiae;</strong></span> 
     </span>
    </p>
   </div>
   <div class='ocr_carea' id='block_1_65' title="bbox 1133 977 1916 1017">
    <p class='ocr_par' dir='ltr' id='par_1_65' title="bbox 1133 977 1916 1017">
     <span class='ocr_line' id='line_1_65' title="bbox 1133 977 1916 1017; baseline -0.006 -8"><span class='ocrx_word' id='word_1_535' title='bbox 1133 992 1142 1008; x_wconf 97' lang='lat'><strong>1</strong></span> <span class='ocrx_word' id='word_1_536' title='bbox 1159 983 1204 1009; x_wconf 68' lang='grc' dir='ltr'><strong>καὶ</strong></span> <span class='ocrx_word' id='word_1_537' title='bbox 1221 981 1403 1017; x_wconf 69' lang='grc' dir='ltr'>ῥᾳδιουργίας,</span> <span class='ocrx_word' id='word_1_538' title='bbox 1418 979 1603 1011; x_wconf 82' lang='grc' dir='ltr'>ἀποστολικῶς</span> <span class='ocrx_word' id='word_1_539' title='bbox 1618 978 1780 1014; x_wconf 78' lang='grc' dir='ltr'>(Η)εἰπεῖν,</span> <span class='ocrx_word' id='word_1_540' title='bbox 1799 977 1916 1013; x_wconf 73' lang='grc' dir='ltr'>μεταφέο</span> 
     </span>
    </p>
   </div>
   <div class='ocr_carea' id='block_1_66' title="bbox 1133 1024 1914 1065">
    <p class='ocr_par' dir='ltr' id='par_1_66' title="bbox 1133 1024 1914 1065">
     <span class='ocr_line' id='line_1_66' title="bbox 1133 1024 1914 1065; baseline -0.006 -10"><span class='ocrx_word' id='word_1_541' title='bbox 1133 1039 1142 1055; x_wconf 91' lang='lat'><strong>1</strong></span> <span class='ocrx_word' id='word_1_542' title='bbox 1162 1037 1238 1065; x_wconf 79' lang='grc' dir='ltr'>ρουσι</span> <span class='ocrx_word' id='word_1_543' title='bbox 1254 1028 1283 1055; x_wconf 72' lang='grc' dir='ltr'><strong>τὸ</strong></span> <span class='ocrx_word' id='word_1_544' title='bbox 1300 1028 1381 1064; x_wconf 75' lang='grc' dir='ltr'>ῥητὸν</span> <span class='ocrx_word' id='word_1_545' title='bbox 1395 1029 1435 1059; x_wconf 82' lang='grc' dir='ltr'><strong>εἰς</strong></span> <span class='ocrx_word' id='word_1_546' title='bbox 1448 1027 1496 1063; x_wconf 84' lang='grc' dir='ltr'><strong>τὴν</strong></span> <span class='ocrx_word' id='word_1_547' title='bbox 1510 1027 1622 1063; x_wconf 82' lang='grc' dir='ltr'>πρώτην</span> <span class='ocrx_word' id='word_1_548' title='bbox 1635 1024 1727 1057; x_wconf 74' lang='grc' dir='ltr'>αὑτοῦ,</span> <span class='ocrx_word' id='word_1_549' title='bbox 1752 1024 1789 1056; x_wconf 85' lang='grc' dir='ltr'>ὡς</span> <span class='ocrx_word' id='word_1_550' title='bbox 1803 1024 1914 1057; x_wconf 81' lang='grc' dir='ltr'>οἴονται,</span> 
     </span>
    </p>
   </div>
   <div class='ocr_carea' id='block_1_67' title="bbox 1132 1070 1915 1110">
    <p class='ocr_par' dir='ltr' id='par_1_67' title="bbox 1132 1070 1915 1110">
     <span class='ocr_line' id='line_1_67' title="bbox 1132 1070 1915 1110; baseline -0.006 -8"><span class='ocrx_word' id='word_1_551' title='bbox 1132 1085 1142 1102; x_wconf 92' lang='lat'><strong>1</strong></span> <span class='ocrx_word' id='word_1_552' title='bbox 1161 1076 1249 1102; x_wconf 78' lang='grc' dir='ltr'>κτίσιν</span> <span class='ocrx_word' id='word_1_553' title='bbox 1275 1074 1343 1110; x_wconf 79' lang='lat' dir='ltr'><strong>(l5),</strong></span> <span class='ocrx_word' id='word_1_554' title='bbox 1359 1074 1405 1101; x_wconf 78' lang='grc' dir='ltr'><strong>καὶ</strong></span> <span class='ocrx_word' id='word_1_555' title='bbox 1426 1074 1513 1100; x_wconf 79' lang='grc' dir='ltr'>ταῦτα</span> <span class='ocrx_word' id='word_1_556' title='bbox 1537 1073 1583 1099; x_wconf 78' lang='grc' dir='ltr'>τοῦ</span> <span class='ocrx_word' id='word_1_557' title='bbox 1602 1071 1684 1098; x_wconf 77' lang='grc' dir='ltr'><strong>Δαυῖδ</strong></span> <span class='ocrx_word' id='word_1_558' title='bbox 1710 1071 1765 1107; x_wconf 80' lang='grc'>(16)</span> <span class='ocrx_word' id='word_1_559' title='bbox 1779 1071 1845 1107; x_wconf 78' lang='grc' dir='ltr'>περὶ</span> <span class='ocrx_word' id='word_1_560' title='bbox 1867 1070 1915 1106; x_wconf 75' lang='grc' dir='ltr'>τῆς</span> 
     </span>
    </p>
   </div>
   <div class='ocr_carea' id='block_1_68' title="bbox 1132 1117 1914 1157">
    <p class='ocr_par' dir='ltr' id='par_1_68' title="bbox 1132 1117 1914 1157">
     <span class='ocr_line' id='line_1_68' title="bbox 1132 1117 1914 1157; baseline -0.008 -8"><span class='ocrx_word' id='word_1_561' title='bbox 1132 1132 1141 1148; x_wconf 96' lang='lat'><strong>1</strong></span> <span class='ocrx_word' id='word_1_562' title='bbox 1160 1122 1230 1149; x_wconf 86' lang='grc' dir='ltr'><strong>κατά</strong></span> <span class='ocrx_word' id='word_1_563' title='bbox 1244 1122 1331 1157; x_wconf 82' lang='grc' dir='ltr'>σάρκα</span> <span class='ocrx_word' id='word_1_564' title='bbox 1347 1120 1429 1147; x_wconf 77' lang='grc' dir='ltr'>αὑτοῦ</span> <span class='ocrx_word' id='word_1_565' title='bbox 1449 1119 1601 1155; x_wconf 78' lang='grc' dir='ltr'>γεννήσεως</span> <span class='ocrx_word' id='word_1_566' title='bbox 1617 1118 1710 1153; x_wconf 72' lang='grc' dir='ltr'>σαφῶς</span> <span class='ocrx_word' id='word_1_567' title='bbox 1723 1117 1886 1153; x_wconf 83' lang='grc' dir='ltr'>εἰρηκότος;</span> <span class='ocrx_word' id='word_1_568' title='bbox 1902 1126 1914 1142; x_wconf 70' lang='grc' dir='ltr'><strong>ι</strong></span> 
     </span>
    </p>
   </div>
   <div class='ocr_carea' id='block_1_69' title="bbox 1129 1162 1913 1200">
    <p class='ocr_par' dir='ltr' id='par_1_69' title="bbox 1129 1162 1913 1200">
     <span class='ocr_line' id='line_1_69' title="bbox 1129 1162 1913 1200; baseline -0.005 -8"><span class='ocrx_word' id='word_1_569' title='bbox 1129 1167 1184 1192; x_wconf 75' lang='grc' dir='ltr'><strong>Καὶ</strong></span> <span class='ocrx_word' id='word_1_570' title='bbox 1205 1165 1305 1200; x_wconf 75' lang='grc' dir='ltr'>μεταξὺ</span> <span class='ocrx_word' id='word_1_571' title='bbox 1328 1164 1430 1191; x_wconf 87' lang='grc' dir='ltr'>τούτων</span> <span class='ocrx_word' id='word_1_572' title='bbox 1449 1164 1553 1199; x_wconf 82' lang='grc' dir='ltr'>μακρὸν</span> <span class='ocrx_word' id='word_1_573' title='bbox 1578 1163 1739 1194; x_wconf 79' lang='grc' dir='ltr'>κατατείνας</span> <span class='ocrx_word' id='word_1_574' title='bbox 1755 1162 1833 1196; x_wconf 87' lang='grc' dir='ltr'>λόγον</span> <span class='ocrx_word' id='word_1_575' title='bbox 1854 1163 1913 1189; x_wconf 77' lang='grc' dir='ltr'>ἔπι-</span> 
     </span>
    </p>
   </div>
   <div class='ocr_carea' id='block_1_70' title="bbox 1129 1205 1914 1246">
    <p class='ocr_par' dir='ltr' id='par_1_70' title="bbox 1129 1205 1914 1246">
     <span class='ocr_line' id='line_1_70' title="bbox 1129 1205 1914 1246; baseline -0.004 -9"><span class='ocrx_word' id='word_1_576' title='bbox 1129 1211 1223 1246; x_wconf 79' lang='grc' dir='ltr'>φὲρει·</span> <span class='ocrx_word' id='word_1_577' title='bbox 1246 1220 1255 1236; x_wconf 96' lang='lat'><strong>1</strong></span> <span class='ocrx_word' id='word_1_578' title='bbox 1272 1210 1303 1237; x_wconf 87' lang='grc' dir='ltr'>Τί</span> <span class='ocrx_word' id='word_1_579' title='bbox 1317 1208 1362 1236; x_wconf 78' lang='grc' dir='ltr'><strong>οὖν</strong></span> <span class='ocrx_word' id='word_1_580' title='bbox 1378 1210 1444 1245; x_wconf 82' lang='grc' dir='ltr'>πρὸς</span> <span class='ocrx_word' id='word_1_581' title='bbox 1460 1209 1545 1236; x_wconf 82' lang='grc' dir='ltr'>ταῦτα</span> <span class='ocrx_word' id='word_1_582' title='bbox 1559 1209 1644 1242; x_wconf 82' lang='grc' dir='ltr'>λέξει;</span> <span class='ocrx_word' id='word_1_583' title='bbox 1660 1209 1691 1235; x_wconf 85' lang='grc' dir='ltr'><strong>οὐ</strong></span> <span class='ocrx_word' id='word_1_584' title='bbox 1708 1209 1763 1244; x_wconf 88' lang='grc' dir='ltr'><strong>γάρ</strong></span> <span class='ocrx_word' id='word_1_585' title='bbox 1777 1205 1853 1243; x_wconf 67' lang='grc' dir='ltr'>οἶμαι</span> <span class='ocrx_word' id='word_1_586' title='bbox 1869 1208 1914 1234; x_wconf 86' lang='grc' dir='ltr'>αὑ-</span> 
     </span>
    </p>
   </div>
   <div class='ocr_carea' id='block_1_71' title="bbox 1132 1253 1914 1290">
    <p class='ocr_par' dir='ltr' id='par_1_71' title="bbox 1132 1253 1914 1290">
     <span class='ocr_line' id='line_1_71' title="bbox 1132 1253 1914 1290; baseline 0 -10"><span class='ocrx_word' id='word_1_587' title='bbox 1132 1264 1142 1280; x_wconf 90' lang='lat'><strong>1</strong></span> <span class='ocrx_word' id='word_1_588' title='bbox 1160 1255 1205 1282; x_wconf 83' lang='grc' dir='ltr'><strong>τὸν</strong></span> <span class='ocrx_word' id='word_1_589' title='bbox 1223 1255 1294 1290; x_wconf 72' lang='grc' dir='ltr'>ἔχειν</span> <span class='ocrx_word' id='word_1_590' title='bbox 1307 1264 1332 1280; x_wconf 89' lang='grc' dir='ltr'><strong>τι</strong></span> <span class='ocrx_word' id='word_1_591' title='bbox 1348 1255 1412 1290; x_wconf 80' lang='grc' dir='ltr'>περὶ</span> <span class='ocrx_word' id='word_1_592' title='bbox 1427 1254 1521 1280; x_wconf 85' lang='grc' dir='ltr'>τούτου</span> <span class='ocrx_word' id='word_1_593' title='bbox 1536 1254 1636 1288; x_wconf 84' lang='grc' dir='ltr'>λέγειν.</span> <span class='ocrx_word' id='word_1_594' title='bbox 1649 1253 1732 1280; x_wconf 79' lang='grc' dir='ltr'>Οὐδὲν</span> <span class='ocrx_word' id='word_1_595' title='bbox 1751 1253 1807 1289; x_wconf 88' lang='grc' dir='ltr'>γὰρ</span> <span class='ocrx_word' id='word_1_596' title='bbox 1823 1253 1914 1288; x_wconf 78' lang='grc' dir='ltr'>σαφῶς</span> 
     </span>
    </p>
   </div>
   <div class='ocr_carea' id='block_1_72' title="bbox 1131 1298 1914 1336">
    <p class='ocr_par' dir='ltr' id='par_1_72' title="bbox 1131 1298 1914 1336">
     <span class='ocr_line' id='line_1_72' title="bbox 1131 1298 1914 1336; baseline -0.003 -9"><span class='ocrx_word' id='word_1_597' title='bbox 1131 1310 1140 1327; x_wconf 97' lang='lat'><strong>1</strong></span> <span class='ocrx_word' id='word_1_598' title='bbox 1158 1301 1238 1327; x_wconf 82' lang='grc' dir='ltr'>αὑτὸν</span> <span class='ocrx_word' id='word_1_599' title='bbox 1253 1301 1299 1326; x_wconf 81' lang='grc' dir='ltr'>καὶ</span> <span class='ocrx_word' id='word_1_600' title='bbox 1313 1300 1555 1336; x_wconf 84' lang='grc' dir='ltr'>ἀπαρακαλύπτως</span> <span class='ocrx_word' id='word_1_601' title='bbox 1570 1298 1700 1334; x_wconf 77' lang='grc' dir='ltr'>ἡγοῦμαι,</span> <span class='ocrx_word' id='word_1_602' title='bbox 1715 1299 1762 1326; x_wconf 76' lang='grc' dir='ltr'>καὶ</span> <span class='ocrx_word' id='word_1_603' title='bbox 1775 1299 1844 1334; x_wconf 84' lang='grc' dir='ltr'>πρὸς</span> <span class='ocrx_word' id='word_1_604' title='bbox 1859 1298 1914 1325; x_wconf 79' lang='grc' dir='ltr'>ἑτέ-</span> 
     </span>
    </p>
   </div>
   <div class='ocr_carea' id='block_1_73' title="bbox 1132 1343 1915 1382">
    <p class='ocr_par' dir='ltr' id='par_1_73' title="bbox 1132 1343 1915 1382">
     <span class='ocr_line' id='line_1_73' title="bbox 1132 1343 1915 1382; baseline 0 -10"><span class='ocrx_word' id='word_1_605' title='bbox 1132 1356 1140 1377; x_wconf 62' lang='lat'><strong>;</strong></span> <span class='ocrx_word' id='word_1_606' title='bbox 1162 1355 1225 1382; x_wconf 84' lang='grc' dir='ltr'>ρους</span> <span class='ocrx_word' id='word_1_607' title='bbox 1240 1346 1405 1382; x_wconf 83' lang='grc' dir='ltr'>ὁμολογῆσαι</span> <span class='ocrx_word' id='word_1_608' title='bbox 1419 1346 1452 1373; x_wconf 82' lang='grc' dir='ltr'><strong>ἂν</strong></span> <span class='ocrx_word' id='word_1_609' title='bbox 1468 1347 1536 1381; x_wconf 81' lang='grc' dir='ltr'>ὅπερ</span> <span class='ocrx_word' id='word_1_610' title='bbox 1557 1345 1638 1377; x_wconf 77' lang='grc' dir='ltr'>αὐτὸς</span> <span class='ocrx_word' id='word_1_611' title='bbox 1651 1347 1679 1372; x_wconf 82' lang='grc' dir='ltr'>ὲν</span> <span class='ocrx_word' id='word_1_612' title='bbox 1689 1347 1722 1381; x_wconf 87' lang='grc' dir='ltr'>τῇ</span> <span class='ocrx_word' id='word_1_613' title='bbox 1738 1345 1835 1372; x_wconf 77' lang='grc' dir='ltr'>ἑαυτοῦ</span> <span class='ocrx_word' id='word_1_614' title='bbox 1848 1343 1915 1381; x_wconf 78' lang='grc' dir='ltr'>κρύ-</span> 
     </span>
    </p>
   </div>
   <div class='ocr_carea' id='block_1_74' title="bbox 1131 1388 1916 1428">
    <p class='ocr_par' dir='ltr' id='par_1_74' title="bbox 1131 1388 1916 1428">
     <span class='ocr_line' id='line_1_74' title="bbox 1131 1388 1916 1428; baseline -0.001 -9"><span class='ocrx_word' id='word_1_615' title='bbox 1131 1401 1140 1418; x_wconf 93' lang='lat'><strong>1</strong></span> <span class='ocrx_word' id='word_1_616' title='bbox 1159 1401 1220 1419; x_wconf 87' lang='grc' dir='ltr'>πτει</span> <span class='ocrx_word' id='word_1_617' title='bbox 1232 1392 1346 1428; x_wconf 73' lang='grc' dir='ltr'>διανοίᾳ·</span> <span class='ocrx_word' id='word_1_618' title='bbox 1359 1393 1398 1424; x_wconf 87' lang='grc' dir='ltr'>ὡς</span> <span class='ocrx_word' id='word_1_619' title='bbox 1413 1392 1470 1419; x_wconf 76' lang='grc' dir='ltr'>ἔστι</span> <span class='ocrx_word' id='word_1_620' title='bbox 1486 1391 1579 1427; x_wconf 83' lang='grc' dir='ltr'>σαφῶς</span> <span class='ocrx_word' id='word_1_621' title='bbox 1593 1392 1638 1426; x_wconf 75' lang='grc' dir='ltr'><strong>ἀφ’</strong></span> <span class='ocrx_word' id='word_1_622' title='bbox 1652 1388 1689 1418; x_wconf 84' lang='grc' dir='ltr'>ὧν</span> <span class='ocrx_word' id='word_1_623' title='bbox 1702 1392 1838 1427; x_wconf 78' lang='grc' dir='ltr'>γέγραφε,</span> <span class='ocrx_word' id='word_1_624' title='bbox 1853 1399 1916 1427; x_wconf 81' lang='grc' dir='ltr'>μαν-</span> 
     </span>
    </p>
   </div>
   <div class='ocr_carea' id='block_1_75' title="bbox 1131 1437 1916 1474">
    <p class='ocr_par' dir='ltr' id='par_1_75' title="bbox 1131 1437 1916 1474">
     <span class='ocr_line' id='line_1_75' title="bbox 1131 1437 1916 1474; baseline 0 -10"><span class='ocrx_word' id='word_1_625' title='bbox 1131 1447 1141 1464; x_wconf 85' lang='lat'><strong>1</strong></span> <span class='ocrx_word' id='word_1_626' title='bbox 1159 1438 1258 1465; x_wconf 80' lang='grc' dir='ltr'>Θάνειν.</span> <span class='ocrx_word' id='word_1_627' title='bbox 1279 1439 1374 1470; x_wconf 83' lang='grc' dir='ltr'>Ἀλλος</span> <span class='ocrx_word' id='word_1_628' title='bbox 1395 1439 1443 1474; x_wconf 78' lang='grc' dir='ltr'><strong>μὲν</strong></span> <span class='ocrx_word' id='word_1_629' title='bbox 1464 1438 1528 1473; x_wconf 77' lang='grc' dir='ltr'><strong>γὰρ⁷</strong></span> <span class='ocrx_word' id='word_1_630' title='bbox 1556 1439 1647 1474; x_wconf 77' lang='grc' dir='ltr'>φησὶν,</span> <span class='ocrx_word' id='word_1_631' title='bbox 1665 1437 1738 1464; x_wconf 78' lang='grc' dir='ltr'>ἐστιν</span> <span class='ocrx_word' id='word_1_632' title='bbox 1757 1438 1772 1464; x_wconf 90' lang='lat'><strong>6</strong></span> <span class='ocrx_word' id='word_1_633' title='bbox 1786 1437 1883 1473; x_wconf 78' lang='grc' dir='ltr'>Πατὴρ</span> <span class='ocrx_word' id='word_1_634' title='bbox 1902 1437 1916 1464; x_wconf 90' lang='lat'><strong>6</strong></span> 
     </span>
    </p>
   </div>
   <div class='ocr_carea' id='block_1_76' title="bbox 1132 1483 1916 1520">
    <p class='ocr_par' dir='ltr' id='par_1_76' title="bbox 1132 1483 1916 1520">
     <span class='ocr_line' id='line_1_76' title="bbox 1132 1483 1916 1520; baseline 0 -10"><span class='ocrx_word' id='word_1_635' title='bbox 1132 1494 1141 1510; x_wconf 98' lang='lat'><strong>1</strong></span> <span class='ocrx_word' id='word_1_636' title='bbox 1158 1485 1290 1519; x_wconf 76' lang='grc' dir='ltr'>γεννήσας</span> <span class='ocrx_word' id='word_1_637' title='bbox 1303 1484 1332 1517; x_wconf 80' lang='grc' dir='ltr'><strong>ἐξ</strong></span> <span class='ocrx_word' id='word_1_638' title='bbox 1346 1485 1427 1511; x_wconf 76' lang='grc' dir='ltr'>αὐτοῦ</span> <span class='ocrx_word' id='word_1_639' title='bbox 1445 1485 1490 1511; x_wconf 83' lang='grc' dir='ltr'><strong>τὸν</strong></span> <span class='ocrx_word' id='word_1_640' title='bbox 1508 1485 1639 1520; x_wconf 84' lang='grc' dir='ltr'>μονογενῆ</span> <span class='ocrx_word' id='word_1_641' title='bbox 1651 1484 1737 1519; x_wconf 84' lang='grc' dir='ltr'>Λόγον</span> <span class='ocrx_word' id='word_1_642' title='bbox 1750 1484 1797 1511; x_wconf 76' lang='grc' dir='ltr'><strong>καὶ</strong></span> <span class='ocrx_word' id='word_1_643' title='bbox 1810 1483 1916 1520; x_wconf 80' lang='grc' dir='ltr'>πρωτό-</span> 
     </span>
    </p>
   </div>
   <div class='ocr_carea' id='block_1_77' title="bbox 1132 1528 1916 1565">
    <p class='ocr_par' dir='ltr' id='par_1_77' title="bbox 1132 1528 1916 1565">
     <span class='ocr_line' id='line_1_77' title="bbox 1132 1528 1916 1565; baseline -0.001 -9"><span class='ocrx_word' id='word_1_644' title='bbox 1132 1539 1140 1555; x_wconf 97' lang='lat'><strong>1</strong></span> <span class='ocrx_word' id='word_1_645' title='bbox 1159 1538 1237 1556; x_wconf 86' lang='grc' dir='ltr'>τοκον</span> <span class='ocrx_word' id='word_1_646' title='bbox 1258 1530 1366 1565; x_wconf 80' lang='grc' dir='ltr'>ἀπάσης</span> <span class='ocrx_word' id='word_1_647' title='bbox 1387 1530 1512 1562; x_wconf 77' lang='grc' dir='ltr'>κτίσεως,</span> <span class='ocrx_word' id='word_1_648' title='bbox 1538 1530 1616 1565; x_wconf 87' lang='grc' dir='ltr'>μόνος</span> <span class='ocrx_word' id='word_1_649' title='bbox 1638 1529 1729 1564; x_wconf 82' lang='grc' dir='ltr'>μόνον,</span> <span class='ocrx_word' id='word_1_650' title='bbox 1749 1529 1852 1560; x_wconf 83' lang='grc' dir='ltr'>τέλειος</span> <span class='ocrx_word' id='word_1_651' title='bbox 1870 1528 1916 1555; x_wconf 77' lang='grc' dir='ltr'>τέ-</span> 
     </span>
    </p>
   </div>
   <div class='ocr_carea' id='block_1_78' title="bbox 1133 1572 1915 1610">
    <p class='ocr_par' dir='ltr' id='par_1_78' title="bbox 1133 1572 1915 1610">
     <span class='ocr_line' id='line_1_78' title="bbox 1133 1572 1915 1610; baseline -0.003 -8"><span class='ocrx_word' id='word_1_652' title='bbox 1133 1585 1142 1602; x_wconf 82' lang='grc'><strong>(</strong></span> <span class='ocrx_word' id='word_1_653' title='bbox 1161 1575 1241 1608; x_wconf 87' lang='grc' dir='ltr'>λειον,</span> <span class='ocrx_word' id='word_1_654' title='bbox 1256 1575 1381 1610; x_wconf 70' lang='grc' dir='ltr'>βασιλεὺς</span> <span class='ocrx_word' id='word_1_655' title='bbox 1393 1575 1515 1610; x_wconf 81' lang='grc' dir='ltr'>βασιλέα,</span> <span class='ocrx_word' id='word_1_656' title='bbox 1527 1575 1628 1610; x_wconf 82' lang='grc' dir='ltr'>Κύριος</span> <span class='ocrx_word' id='word_1_657' title='bbox 1637 1574 1749 1610; x_wconf 76' lang='grc' dir='ltr'>Κύριον,</span> <span class='ocrx_word' id='word_1_658' title='bbox 1761 1573 1828 1606; x_wconf 86' lang='grc' dir='ltr'>Θεὸς</span> <span class='ocrx_word' id='word_1_659' title='bbox 1839 1572 1915 1605; x_wconf 78' lang='grc' dir='ltr'>Θεὸν,</span> 
     </span>
    </p>
   </div>
   <div class='ocr_carea' id='block_1_79' title="bbox 1131 1620 1916 1657">
    <p class='ocr_par' dir='ltr' id='par_1_79' title="bbox 1131 1620 1916 1657">
     <span class='ocr_line' id='line_1_79' title="bbox 1131 1620 1916 1657; baseline -0.001 -9"><span class='ocrx_word' id='word_1_660' title='bbox 1131 1631 1141 1648; x_wconf 94' lang='lat'><strong>1</strong></span> <span class='ocrx_word' id='word_1_661' title='bbox 1159 1621 1252 1653; x_wconf 81' lang='grc' dir='ltr'>οὐσίας</span> <span class='ocrx_word' id='word_1_662' title='bbox 1261 1622 1341 1648; x_wconf 77' lang='grc' dir='ltr'>τεκαὶ</span> <span class='ocrx_word' id='word_1_663' title='bbox 1354 1622 1460 1657; x_wconf 84' lang='grc' dir='ltr'>βουλῆς,</span> <span class='ocrx_word' id='word_1_664' title='bbox 1469 1622 1515 1648; x_wconf 77' lang='grc' dir='ltr'>καὶ</span> <span class='ocrx_word' id='word_1_665' title='bbox 1526 1621 1614 1656; x_wconf 80' lang='grc' dir='ltr'>δόξης,</span> <span class='ocrx_word' id='word_1_666' title='bbox 1622 1621 1669 1648; x_wconf 56' lang='grc' dir='ltr'><strong>καὶ¹</strong></span> <span class='ocrx_word' id='word_1_667' title='bbox 1680 1620 1823 1656; x_wconf 84' lang='grc' dir='ltr'>δυνάμεως</span> <span class='ocrx_word' id='word_1_668' title='bbox 1831 1621 1916 1656; x_wconf 58' lang='lat' dir='ltr'><strong>amp</strong></span> 
     </span>
    </p>
   </div>
   <div class='ocr_carea' id='block_1_80' title="bbox 1132 1666 1915 1703">
    <p class='ocr_par' dir='ltr' id='par_1_80' title="bbox 1132 1666 1915 1703">
     <span class='ocr_line' id='line_1_80' title="bbox 1132 1666 1915 1703; baseline 0 -10"><span class='ocrx_word' id='word_1_669' title='bbox 1132 1676 1140 1693; x_wconf 96' lang='lat'><strong>1</strong></span> <span class='ocrx_word' id='word_1_670' title='bbox 1160 1668 1290 1695; x_wconf 83' lang='grc' dir='ltr'>ἀλλακτον</span> <span class='ocrx_word' id='word_1_671' title='bbox 1304 1668 1405 1695; x_wconf 81' lang='grc' dir='ltr'>εἰκόνα.</span> <span class='ocrx_word' id='word_1_672' title='bbox 1415 1667 1509 1694; x_wconf 78' lang='grc' dir='ltr'>Ταῦτα</span> <span class='ocrx_word' id='word_1_673' title='bbox 1516 1667 1550 1694; x_wconf 83' lang='grc' dir='ltr'><strong>τά</strong></span> <span class='ocrx_word' id='word_1_674' title='bbox 1563 1667 1632 1703; x_wconf 78' lang='grc' dir='ltr'><strong>ῥητὰ</strong></span> <span class='ocrx_word' id='word_1_675' title='bbox 1648 1668 1743 1702; x_wconf 84' lang='grc' dir='ltr'>σαφῶς</span> <span class='ocrx_word' id='word_1_676' title='bbox 1752 1667 1802 1702; x_wconf 87' lang='grc' dir='ltr'><strong>τὴν</strong></span> <span class='ocrx_word' id='word_1_677' title='bbox 1811 1666 1915 1702; x_wconf 77' lang='grc' dir='ltr'>φαύλην</span> 
     </span>
    </p>
   </div>
   <div class='ocr_carea' id='block_1_81' title="bbox 1131 1711 1917 1749">
    <p class='ocr_par' dir='ltr' id='par_1_81' title="bbox 1131 1711 1917 1749">
     <span class='ocr_line' id='line_1_81' title="bbox 1131 1711 1917 1749; baseline -0.003 -9"><span class='ocrx_word' id='word_1_678' title='bbox 1131 1723 1140 1740; x_wconf 93' lang='lat'><strong>1</strong></span> <span class='ocrx_word' id='word_1_679' title='bbox 1159 1713 1241 1740; x_wconf 76' lang='grc' dir='ltr'>αὑτοῦ</span> <span class='ocrx_word' id='word_1_680' title='bbox 1250 1714 1313 1749; x_wconf 79' lang='grc' dir='ltr'>περὶ</span> <span class='ocrx_word' id='word_1_681' title='bbox 1326 1713 1452 1748; x_wconf 86' lang='grc' dir='ltr'>θεότητος</span> <span class='ocrx_word' id='word_1_682' title='bbox 1465 1712 1573 1747; x_wconf 76' lang='grc' dir='ltr'>ἐλέγχει</span> <span class='ocrx_word' id='word_1_683' title='bbox 1589 1712 1677 1745; x_wconf 83' lang='grc' dir='ltr'>δόξαν.</span> <span class='ocrx_word' id='word_1_684' title='bbox 1690 1712 1752 1743; x_wconf 88' lang='grc' dir='ltr'><strong>Πῶς</strong></span> <span class='ocrx_word' id='word_1_685' title='bbox 1770 1711 1826 1748; x_wconf 87' lang='grc' dir='ltr'>γὰρ</span> <span class='ocrx_word' id='word_1_686' title='bbox 1838 1712 1853 1738; x_wconf 89' lang='lat'><strong>6</strong></span> <span class='ocrx_word' id='word_1_687' title='bbox 1862 1711 1917 1738; x_wconf 80' lang='grc' dir='ltr'><strong>Κύ-</strong></span> 
     </span>
    </p>
   </div>
   <div class='ocr_carea' id='block_1_82' title="bbox 1131 1755 1913 1793">
    <p class='ocr_par' dir='ltr' id='par_1_82' title="bbox 1131 1755 1913 1793">
     <span class='ocr_line' id='line_1_82' title="bbox 1131 1755 1913 1793; baseline -0.001 -10"><span class='ocrx_word' id='word_1_688' title='bbox 1131 1766 1140 1783; x_wconf 92' lang='lat'><strong>1</strong></span> <span class='ocrx_word' id='word_1_689' title='bbox 1161 1766 1217 1793; x_wconf 85' lang='grc' dir='ltr'>ριος</span> <span class='ocrx_word' id='word_1_690' title='bbox 1226 1757 1366 1793; x_wconf 82' lang='grc' dir='ltr'>γεννηθεὶς</span> <span class='ocrx_word' id='word_1_691' title='bbox 1384 1758 1430 1784; x_wconf 81' lang='grc' dir='ltr'>καὶ</span> <span class='ocrx_word' id='word_1_692' title='bbox 1449 1757 1526 1789; x_wconf 84' lang='grc' dir='ltr'><strong>Θεὸς⁷</strong></span> <span class='ocrx_word' id='word_1_693' title='bbox 1542 1757 1580 1789; x_wconf 85' lang='grc' dir='ltr'><strong>ὡς</strong></span> <span class='ocrx_word' id='word_1_694' title='bbox 1595 1757 1677 1788; x_wconf 82' lang='grc' dir='ltr'>αὐτὸς</span> <span class='ocrx_word' id='word_1_695' title='bbox 1693 1755 1837 1792; x_wconf 77' lang='grc' dir='ltr'>προλαϐὼν</span> <span class='ocrx_word' id='word_1_696' title='bbox 1851 1756 1913 1791; x_wconf 80' lang='grc' dir='ltr'><strong>ἔφη,</strong></span> 
     </span>
    </p>
   </div>
   <div class='ocr_carea' id='block_1_83' title="bbox 1130 1801 1921 1838">
    <p class='ocr_par' dir='ltr' id='par_1_83' title="bbox 1130 1801 1921 1838">
     <span class='ocr_line' id='line_1_83' title="bbox 1130 1801 1921 1838; baseline 0.001 -10"><span class='ocrx_word' id='word_1_697' title='bbox 1130 1812 1139 1828; x_wconf 96' lang='lat'><strong>1</strong></span> <span class='ocrx_word' id='word_1_698' title='bbox 1158 1802 1269 1829; x_wconf 85' lang='grc' dir='ltr'>δύναται</span> <span class='ocrx_word' id='word_1_699' title='bbox 1282 1802 1364 1828; x_wconf 77' lang='grc' dir='ltr'>εἰκὼν</span> <span class='ocrx_word' id='word_1_700' title='bbox 1375 1802 1442 1828; x_wconf 81' lang='grc' dir='ltr'>Θεοῦ</span> <span class='ocrx_word' id='word_1_701' title='bbox 1453 1801 1538 1835; x_wconf 80' lang='grc' dir='ltr'>εἷναι;</span> <span class='ocrx_word' id='word_1_702' title='bbox 1556 1802 1669 1838; x_wconf 84' lang='grc' dir='ltr'>Ἕτερον</span> <span class='ocrx_word' id='word_1_703' title='bbox 1679 1802 1733 1837; x_wconf 84' lang='grc' dir='ltr'>γὰρ</span> <span class='ocrx_word' id='word_1_704' title='bbox 1743 1802 1826 1829; x_wconf 81' lang='grc' dir='ltr'>εἰκὼν</span> <span class='ocrx_word' id='word_1_705' title='bbox 1837 1801 1921 1834; x_wconf 76' lang='grc' dir='ltr'>Θεοῦ,</span> 
     </span>
    </p>
   </div>
   <div class='ocr_carea' id='block_1_84' title="bbox 1131 1847 1920 1883">
    <p class='ocr_par' dir='ltr' id='par_1_84' title="bbox 1131 1847 1920 1883">
     <span class='ocr_line' id='line_1_84' title="bbox 1131 1847 1920 1883; baseline 0.001 -10"><span class='ocrx_word' id='word_1_706' title='bbox 1131 1855 1140 1873; x_wconf 84' lang='grc' dir='ltr'><strong>ι</strong></span> <span class='ocrx_word' id='word_1_707' title='bbox 1157 1848 1205 1874; x_wconf 79' lang='grc' dir='ltr'>καὶ</span> <span class='ocrx_word' id='word_1_708' title='bbox 1219 1847 1312 1883; x_wconf 72' lang='grc' dir='ltr'>ἕτερον</span> <span class='ocrx_word' id='word_1_709' title='bbox 1323 1849 1337 1874; x_wconf 90' lang='lat'><strong>6</strong></span> <span class='ocrx_word' id='word_1_710' title='bbox 1348 1848 1424 1879; x_wconf 83' lang='grc' dir='ltr'>Θεός.</span> <span class='ocrx_word' id='word_1_711' title='bbox 1441 1848 1522 1874; x_wconf 80' lang='grc' dir='ltr'>Ὥστε</span> <span class='ocrx_word' id='word_1_712' title='bbox 1535 1849 1559 1874; x_wconf 83' lang='grc' dir='ltr'><strong>εἰ</strong></span> <span class='ocrx_word' id='word_1_713' title='bbox 1575 1848 1624 1883; x_wconf 85' lang='grc' dir='ltr'>μὲν</span> <span class='ocrx_word' id='word_1_714' title='bbox 1642 1847 1736 1880; x_wconf 86' lang='grc' dir='ltr'>εἰκὼν,</span> <span class='ocrx_word' id='word_1_715' title='bbox 1754 1848 1785 1874; x_wconf 88' lang='grc' dir='ltr'>οὺ</span> <span class='ocrx_word' id='word_1_716' title='bbox 1801 1847 1920 1883; x_wconf 79' lang='grc' dir='ltr'>Κύριος,</span> 
     </span>
    </p>
   </div>
   <div class='ocr_carea' id='block_1_85' title="bbox 1129 1893 1921 1929">
    <p class='ocr_par' dir='ltr' id='par_1_85' title="bbox 1129 1893 1921 1929">
     <span class='ocr_line' id='line_1_85' title="bbox 1129 1893 1921 1929; baseline 0.001 -10"><span class='ocrx_word' id='word_1_717' title='bbox 1129 1903 1138 1919; x_wconf 93' lang='lat'><strong>1</strong></span> <span class='ocrx_word' id='word_1_718' title='bbox 1155 1893 1216 1920; x_wconf 80' lang='grc' dir='ltr'>οὐδὲ</span> <span class='ocrx_word' id='word_1_719' title='bbox 1229 1894 1305 1926; x_wconf 84' lang='grc' dir='ltr'>Θεὸς,</span> <span class='ocrx_word' id='word_1_720' title='bbox 1315 1893 1372 1921; x_wconf 87' lang='grc' dir='ltr'>ἀλλ’</span> <span class='ocrx_word' id='word_1_721' title='bbox 1386 1893 1468 1920; x_wconf 85' lang='grc' dir='ltr'>εἰκὼν</span> <span class='ocrx_word' id='word_1_722' title='bbox 1483 1893 1586 1929; x_wconf 86' lang='grc' dir='ltr'>Κυρίου</span> <span class='ocrx_word' id='word_1_723' title='bbox 1602 1894 1650 1920; x_wconf 77' lang='grc' dir='ltr'>καὶ</span> <span class='ocrx_word' id='word_1_724' title='bbox 1662 1893 1741 1920; x_wconf 75' lang='grc' dir='ltr'>Θεοῦ·</span> <span class='ocrx_word' id='word_1_725' title='bbox 1754 1893 1788 1927; x_wconf 29' lang='grc' dir='ltr'><strong>,εἰ</strong></span> <span class='ocrx_word' id='word_1_726' title='bbox 1811 1893 1840 1920; x_wconf 77' lang='grc' dir='ltr'>δὲ</span> <span class='ocrx_word' id='word_1_727' title='bbox 1861 1893 1921 1920; x_wconf 82' lang='grc' dir='ltr'><strong>Κύ-</strong></span> 
     </span>
    </p>
   </div>
   <div class='ocr_carea' id='block_1_86' title="bbox 1130 1938 1920 1976">
    <p class='ocr_par' dir='ltr' id='par_1_86' title="bbox 1130 1938 1920 1976">
     <span class='ocr_line' id='line_1_86' title="bbox 1130 1938 1920 1976; baseline -0.003 -9"><span class='ocrx_word' id='word_1_728' title='bbox 1130 1947 1139 1966; x_wconf 83' lang='grc'><strong>‹</strong></span> <span class='ocrx_word' id='word_1_729' title='bbox 1161 1948 1219 1976; x_wconf 87' lang='grc' dir='ltr'>ριος</span> <span class='ocrx_word' id='word_1_730' title='bbox 1230 1939 1315 1971; x_wconf 83' lang='grc' dir='ltr'>όντως</span> <span class='ocrx_word' id='word_1_731' title='bbox 1339 1940 1386 1966; x_wconf 79' lang='grc' dir='ltr'><strong>καὶ</strong></span> <span class='ocrx_word' id='word_1_732' title='bbox 1407 1939 1488 1971; x_wconf 87' lang='grc' dir='ltr'>Θεὸς,</span> <span class='ocrx_word' id='word_1_733' title='bbox 1501 1939 1592 1966; x_wconf 79' lang='grc' dir='ltr'>οὐκέτι</span> <span class='ocrx_word' id='word_1_734' title='bbox 1604 1938 1629 1974; x_wconf 89' lang='lat'><em>[6</em></span> <span class='ocrx_word' id='word_1_735' title='bbox 1639 1939 1742 1975; x_wconf 86' lang='grc' dir='ltr'>Κύριος</span> <span class='ocrx_word' id='word_1_736' title='bbox 1754 1938 1802 1965; x_wconf 74' lang='grc' dir='ltr'>καὶ</span> <span class='ocrx_word' id='word_1_737' title='bbox 1813 1939 1828 1965; x_wconf 91' lang='lat'><strong>6</strong></span> <span class='ocrx_word' id='word_1_738' title='bbox 1838 1938 1920 1975; x_wconf 79' lang='grc' dir='ltr'>Θεὸς]</span> 
     </span>
    </p>
   </div>
   <div class='ocr_carea' id='block_1_87' title="bbox 1130 1984 1921 2022">
    <p class='ocr_par' dir='ltr' id='par_1_87' title="bbox 1130 1984 1921 2022">
     <span class='ocr_line' id='line_1_87' title="bbox 1130 1984 1921 2022; baseline -0.001 -10"><span class='ocrx_word' id='word_1_739' title='bbox 1130 1995 1140 2012; x_wconf 91' lang='lat'><strong>1</strong></span> <span class='ocrx_word' id='word_1_740' title='bbox 1155 1986 1236 2012; x_wconf 81' lang='grc' dir='ltr'>εἰκὼν</span> <span class='ocrx_word' id='word_1_741' title='bbox 1245 1986 1346 2022; x_wconf 86' lang='grc' dir='ltr'>Κυρίου</span> <span class='ocrx_word' id='word_1_742' title='bbox 1355 1987 1401 2013; x_wconf 79' lang='grc' dir='ltr'><strong>καὶ</strong></span> <span class='ocrx_word' id='word_1_743' title='bbox 1407 1985 1473 2012; x_wconf 80' lang='grc' dir='ltr'>Θεοῦ</span> <span class='ocrx_word' id='word_1_744' title='bbox 1480 1984 1674 2012; x_wconf 75' lang='grc' dir='ltr'>εἷναιδύναται.</span> <span class='ocrx_word' id='word_1_745' title='bbox 1681 1985 1750 2013; x_wconf 77' lang='grc' dir='ltr'><strong>»Καὶ</strong></span> <span class='ocrx_word' id='word_1_746' title='bbox 1757 1984 1844 2011; x_wconf 82' lang='grc' dir='ltr'>ταῦτα</span> <span class='ocrx_word' id='word_1_747' title='bbox 1853 1986 1921 2020; x_wconf 78' lang='grc' dir='ltr'>σφό-</span> 
     </span>
    </p>
   </div>
   <div class='ocr_carea' id='block_1_88' title="bbox 1126 2031 1918 2068">
    <p class='ocr_par' dir='ltr' id='par_1_88' title="bbox 1126 2031 1918 2068">
     <span class='ocr_line' id='line_1_88' title="bbox 1126 2031 1918 2068; baseline -0.001 -10"><span class='ocrx_word' id='word_1_748' title='bbox 1126 2032 1177 2068; x_wconf 88' lang='grc' dir='ltr'><strong>δρα</strong></span> <span class='ocrx_word' id='word_1_749' title='bbox 1184 2032 1714 2068; x_wconf 75' lang='grc' dir='ltr'>ἀϐλεπτῶν(17)εῖρηκεν,οὺκἐννοήσας,</span> <span class='ocrx_word' id='word_1_750' title='bbox 1723 2031 1761 2062; x_wconf 87' lang='grc' dir='ltr'>ὡς</span> <span class='ocrx_word' id='word_1_751' title='bbox 1769 2032 1818 2057; x_wconf 75' lang='grc' dir='ltr'><strong>καὶ</strong></span> <span class='ocrx_word' id='word_1_752' title='bbox 1829 2032 1845 2058; x_wconf 89' lang='lat'><strong>6</strong></span> <span class='ocrx_word' id='word_1_753' title='bbox 1853 2031 1918 2063; x_wconf 77' lang='grc' dir='ltr'>Υἱὸς</span> 
     </span>
    </p>
   </div>
   <div class='ocr_carea' id='block_1_89' title="bbox 1125 2076 1920 2114">
    <p class='ocr_par' dir='ltr' id='par_1_89' title="bbox 1125 2076 1920 2114">
     <span class='ocr_line' id='line_1_89' title="bbox 1125 2076 1920 2114; baseline -0.004 -9"><span class='ocrx_word' id='word_1_754' title='bbox 1125 2079 1237 2105; x_wconf 85' lang='grc' dir='ltr'>δύναται</span> <span class='ocrx_word' id='word_1_755' title='bbox 1253 2078 1374 2114; x_wconf 75' lang='grc' dir='ltr'>ἔμψυχός</span> <span class='ocrx_word' id='word_1_756' title='bbox 1394 2087 1458 2105; x_wconf 78' lang='grc' dir='ltr'>ποτε</span> <span class='ocrx_word' id='word_1_757' title='bbox 1483 2078 1564 2105; x_wconf 85' lang='grc' dir='ltr'>εἰκὼν</span> <span class='ocrx_word' id='word_1_758' title='bbox 1582 2077 1629 2104; x_wconf 79' lang='grc' dir='ltr'>τοῦ</span> <span class='ocrx_word' id='word_1_759' title='bbox 1654 2077 1719 2104; x_wconf 83' lang='grc' dir='ltr'>ἰδίου</span> <span class='ocrx_word' id='word_1_760' title='bbox 1739 2077 1847 2112; x_wconf 84' lang='grc' dir='ltr'>Πατρὸς</span> <span class='ocrx_word' id='word_1_761' title='bbox 1872 2076 1920 2103; x_wconf 82' lang='grc' dir='ltr'>λε-</span> 
     </span>
    </p>
   </div>
   <div class='ocr_carea' id='block_1_90' title="bbox 1127 2123 1920 2161">
    <p class='ocr_par' dir='ltr' id='par_1_90' title="bbox 1127 2123 1920 2161">
     <span class='ocr_line' id='line_1_90' title="bbox 1127 2123 1920 2161; baseline -0.003 -10"><span class='ocrx_word' id='word_1_762' title='bbox 1127 2124 1234 2160; x_wconf 84' lang='grc' dir='ltr'>χθῆναι,</span> <span class='ocrx_word' id='word_1_763' title='bbox 1249 2124 1358 2151; x_wconf 79' lang='grc' dir='ltr'>ἐπειδὰν</span> <span class='ocrx_word' id='word_1_764' title='bbox 1403 2125 1442 2160; x_wconf 86' lang='grc' dir='ltr'><strong>τῷ</strong></span> <span class='ocrx_word' id='word_1_765' title='bbox 1461 2125 1549 2160; x_wconf 71' lang='lat' dir='ltr'><strong>Ila-cpt</strong></span> <span class='ocrx_word' id='word_1_766' title='bbox 1564 2125 1731 2160; x_wconf 86' lang='grc' dir='ltr'>ὁμοιότατος.</span> <span class='ocrx_word' id='word_1_767' title='bbox 1749 2123 1836 2150; x_wconf 79' lang='grc' dir='ltr'>Τοῦτο</span> <span class='ocrx_word' id='word_1_768' title='bbox 1850 2123 1920 2157; x_wconf 78' lang='grc' dir='ltr'>γοῦν</span> 
     </span>
    </p>
   </div>
   <div class='ocr_carea' id='block_1_91' title="bbox 1127 2167 1918 2206">
    <p class='ocr_par' dir='ltr' id='par_1_91' title="bbox 1127 2167 1918 2206">
     <span class='ocr_line' id='line_1_91' title="bbox 1127 2167 1918 2206; baseline 0 -10"><span class='ocrx_word' id='word_1_769' title='bbox 1127 2170 1174 2197; x_wconf 75' lang='grc' dir='ltr'>καὶ</span> <span class='ocrx_word' id='word_1_770' title='bbox 1191 2172 1208 2206; x_wconf 83' lang='grc' dir='ltr'><strong>ή</strong></span> <span class='ocrx_word' id='word_1_771' title='bbox 1223 2170 1317 2206; x_wconf 71' lang='grc' dir='ltr'>Γραφὴ</span> <span class='ocrx_word' id='word_1_772' title='bbox 1337 2171 1457 2198; x_wconf 78' lang='grc' dir='ltr'>διδάσκει</span> <span class='ocrx_word' id='word_1_773' title='bbox 1474 2171 1492 2206; x_wconf 78' lang='grc' dir='ltr'><strong>ἡ</strong></span> <span class='ocrx_word' id='word_1_774' title='bbox 1506 2169 1621 2204; x_wconf 82' lang='grc' dir='ltr'>λέγουσα</span> <span class='ocrx_word' id='word_1_775' title='bbox 1632 2179 1638 2185; x_wconf 92' lang='grc'>·</span> <span class='ocrx_word' id='word_1_776' title='bbox 1657 2168 1763 2203; x_wconf 82' lang='grc' dir='ltr'>Ἕζησε</span> <span class='ocrx_word' id='word_1_777' title='bbox 1775 2168 1810 2195; x_wconf 84' lang='grc' dir='ltr'>δὲ</span> <span class='ocrx_word' id='word_1_778' title='bbox 1830 2167 1918 2204; x_wconf 79' lang='grc' dir='ltr'>Ἀδὰμ</span> 
     </span>
    </p>
   </div>
   <div class='ocr_carea' id='block_1_92' title="bbox 323 2370 1075 2410">
    <p class='ocr_par' dir='ltr' id='par_1_92' title="bbox 323 2375 1075 2410">
     <span class='ocr_line' id='line_1_92' title="bbox 323 2375 1075 2410; baseline 0.003 -10"><span class='ocrx_word' id='word_1_779' title='bbox 323 2375 380 2410; x_wconf 74' lang='grc'><strong>(14)</strong></span> <span class='ocrx_word' id='word_1_780' title='bbox 408 2375 624 2409; x_wconf 74' lang='grc' dir='ltr'>Ἀποστολικῶς</span> <span class='ocrx_word' id='word_1_781' title='bbox 643 2376 748 2403; x_wconf 81' lang='grc' dir='ltr'>εἰπεῖν.</span> <span class='ocrx_word' id='word_1_782' title='bbox 773 2377 811 2403; x_wconf 88' lang='lat' dir='ltr'><strong>ita</strong></span> <span class='ocrx_word' id='word_1_783' title='bbox 831 2376 902 2404; x_wconf 90' lang='lat' dir='ltr'><strong>enim</strong></span> <span class='ocrx_word' id='word_1_784' title='bbox 930 2376 1075 2410; x_wconf 80' lang='lat' dir='ltr'><strong>alloquitur</strong></span> 
     </span>
    </p>
   </div>
   <div class='ocr_carea' id='block_1_93' title="bbox 1130 2370 1916 2410">
    <p class='ocr_par' dir='ltr' id='par_1_93' title="bbox 1130 2370 1916 2410">
     <span class='ocr_line' id='line_1_93' title="bbox 1130 2370 1916 2410; baseline -0.006 -9"><span class='ocrx_word' id='word_1_785' title='bbox 1130 2380 1213 2410; x_wconf 71' lang='lat' dir='ltr'><strong>ptum</strong></span> <span class='ocrx_word' id='word_1_786' title='bbox 1229 2382 1281 2401; x_wconf 93' lang='lat' dir='ltr'><strong>non</strong></span> <span class='ocrx_word' id='word_1_787' title='bbox 1301 2373 1425 2407; x_wconf 79' lang='lat' dir='ltr'><strong>anposuit</strong></span> <span class='ocrx_word' id='word_1_788' title='bbox 1443 2372 1636 2410; x_wconf 69' lang='lat' dir='ltr'><strong>Iestimoninm,</strong></span> <span class='ocrx_word' id='word_1_789' title='bbox 1654 2379 1702 2410; x_wconf 71' lang='lat' dir='ltr'><strong>nec</strong></span> <span class='ocrx_word' id='word_1_790' title='bbox 1718 2371 1782 2410; x_wconf 57' lang='lat' dir='ltr'><strong>ejus</strong></span> <span class='ocrx_word' id='word_1_791' title='bbox 1795 2370 1916 2410; x_wconf 56' lang='lat' dir='ltr'><strong>applica-</strong></span> 
     </span>
    </p>
   </div>
   <div class='ocr_carea' id='block_1_94' title="bbox 288 2409 1074 2446">
    <p class='ocr_par' dir='ltr' id='par_1_94' title="bbox 288 2409 1074 2446">
     <span class='ocr_line' id='line_1_94' title="bbox 288 2409 1074 2446; baseline 0.004 -11"><span class='ocrx_word' id='word_1_792' title='bbox 288 2418 395 2444; x_wconf 73' lang='lat' dir='ltr'><strong>n-agnm</strong></span> <span class='ocrx_word' id='word_1_793' title='bbox 412 2411 533 2446; x_wconf 77' lang='lat' dir='ltr'><strong>Elymum</strong></span> <span class='ocrx_word' id='word_1_794' title='bbox 551 2413 644 2438; x_wconf 82' lang='lat' dir='ltr'><strong>beatus</strong></span> <span class='ocrx_word' id='word_1_795' title='bbox 659 2412 767 2445; x_wconf 80' lang='lat' dir='ltr'><strong>l’aulus,</strong></span> <span class='ocrx_word' id='word_1_796' title='bbox 782 2413 841 2439; x_wconf 79' lang='lat' dir='ltr'><strong>Art.</strong></span> <span class='ocrx_word' id='word_1_797' title='bbox 858 2420 915 2444; x_wconf 79' lang='lat' dir='ltr'><strong>xm.</strong></span> <span class='ocrx_word' id='word_1_798' title='bbox 932 2412 1028 2445; x_wconf 74' lang='lat'><strong>10,“.</strong></span> <span class='ocrx_word' id='word_1_799' title='bbox 1039 2409 1074 2438; x_wconf 81' lang='grc' dir='ltr'><strong>Μ.</strong></span> 
     </span>
    </p>
   </div>
   <div class='ocr_carea' id='block_1_95' title="bbox 324 2478 1076 2512">
    <p class='ocr_par' dir='ltr' id='par_1_95' title="bbox 324 2478 1076 2512">
     <span class='ocr_line' id='line_1_95' title="bbox 324 2478 1076 2512; baseline 0.003 -8"><span class='ocrx_word' id='word_1_800' title='bbox 324 2478 379 2512; x_wconf 77' lang='lat' dir='ltr'><strong>(l5)</strong></span> <span class='ocrx_word' id='word_1_801' title='bbox 401 2478 522 2512; x_wconf 80' lang='grc' dir='ltr'>Πρώτην</span> <span class='ocrx_word' id='word_1_802' title='bbox 530 2479 624 2506; x_wconf 78' lang='grc' dir='ltr'>αὐτοῦ</span> <span class='ocrx_word' id='word_1_803' title='bbox 638 2480 747 2505; x_wconf 77' lang='grc' dir='ltr'>κτίσιν.</span> <span class='ocrx_word' id='word_1_804' title='bbox 766 2478 990 2510; x_wconf 66' lang='lat' dir='ltr'><strong>Deitatenndicla</strong></span> <span class='ocrx_word' id='word_1_805' title='bbox 1005 2479 1076 2512; x_wconf 85' lang='grc' dir='ltr'>πρώ-</span> 
     </span>
    </p>
   </div>
   <div class='ocr_carea' id='block_1_96' title="bbox 286 2489 1072 2550">
    <p class='ocr_par' dir='ltr' id='par_1_96' title="bbox 286 2489 1072 2550">
     <span class='ocr_line' id='line_1_96' title="bbox 324 2489 1072 2512; baseline 0.003 -8"><span class='ocrx_word' id='word_1_806' title='bbox 324 2489 379 2512; x_wconf 78' lang='grc' dir='ltr'>μοι</span> <span class='ocrx_word' id='word_1_807' title='bbox 401 2489 624 2512; x_wconf 74' lang='grc' dir='ltr'>ιιρωϊηναυτου</span> <span class='ocrx_word' id='word_1_808' title='bbox 638 2489 747 2505; x_wconf 78' lang='grc' dir='ltr'>κτισιν.</span> <span class='ocrx_word' id='word_1_809' title='bbox 767 2489 990 2510; x_wconf 62' lang='grc' dir='ltr'>υυιιιιιειιιμιιιῐιᾶ</span> <span class='ocrx_word' id='word_1_810' title='bbox 1005 2489 1025 2506; x_wconf 84' lang='grc' dir='ltr'>π</span> <span class='ocrx_word' id='word_1_811' title='bbox 1044 2489 1072 2506; x_wconf 86' lang='grc' dir='ltr'>ω·</span> 
     </span>
     <span class='ocr_line' id='line_1_97' title="bbox 286 2489 1072 2550; baseline 0.001 -10"><span class='ocrx_word' id='word_1_812' title='bbox 286 2523 319 2550; x_wconf 77' lang='grc' dir='ltr'>τη</span> <span class='ocrx_word' id='word_1_813' title='bbox 336 2514 424 2545; x_wconf 80' lang='grc' dir='ltr'>κτεσις</span> <span class='ocrx_word' id='word_1_814' title='bbox 445 2520 576 2550; x_wconf 74' lang='lat' dir='ltr'><strong>respectu</strong></span> <span class='ocrx_word' id='word_1_815' title='bbox 603 2515 809 2541; x_wconf 89' lang='lat' dir='ltr'><strong>incarnationis.</strong></span> <span class='ocrx_word' id='word_1_816' title='bbox 829 2514 895 2540; x_wconf 80' lang='lat' dir='ltr'><strong>Nam</strong></span> <span class='ocrx_word' id='word_1_817' title='bbox 915 2514 1007 2540; x_wconf 84' lang='lat' dir='ltr'><strong>Ariani</strong></span> <span class='ocrx_word' id='word_1_818' title='bbox 1028 2489 1072 2542; x_wconf 58' lang='grc' dir='ltr'><strong>βί-</strong></span> 
     </span>
    </p>
   </div>
   <div class='ocr_carea' id='block_1_97' title="bbox 287 2549 1071 2584">
    <p class='ocr_par' dir='ltr' id='par_1_97' title="bbox 287 2549 1071 2584">
     <span class='ocr_line' id='line_1_98' title="bbox 287 2549 1071 2584; baseline -0.001 -9"><span class='ocrx_word' id='word_1_819' title='bbox 287 2549 352 2575; x_wconf 87' lang='lat' dir='ltr'><strong>lium</strong></span> <span class='ocrx_word' id='word_1_820' title='bbox 378 2549 560 2584; x_wconf 63' lang='lat' dir='ltr'><strong>praedicabunt</strong></span> <span class='ocrx_word' id='word_1_821' title='bbox 575 2554 740 2581; x_wconf 71' lang='lat' dir='ltr'><strong>creaturam,</strong></span> <span class='ocrx_word' id='word_1_822' title='bbox 757 2550 904 2576; x_wconf 84' lang='lat' dir='ltr'><strong>secundum</strong></span> <span class='ocrx_word' id='word_1_823' title='bbox 926 2549 1071 2582; x_wconf 72' lang='lat' dir='ltr'><strong>deitatmo;</strong></span> 
     </span>
    </p>
   </div>
   <div class='ocr_carea' id='block_1_98' title="bbox 287 2584 1072 2620">
    <p class='ocr_par' dir='ltr' id='par_1_98' title="bbox 287 2584 1072 2620">
     <span class='ocr_line' id='line_1_99' title="bbox 287 2584 1072 2620; baseline 0.003 -10"><span class='ocrx_word' id='word_1_824' title='bbox 287 2584 320 2610; x_wconf 87' lang='lat' dir='ltr'><strong>ad</strong></span> <span class='ocrx_word' id='word_1_825' title='bbox 338 2585 460 2620; x_wconf 74' lang='lat' dir='ltr'><strong>eumdem</strong></span> <span class='ocrx_word' id='word_1_826' title='bbox 476 2585 584 2612; x_wconf 88' lang='lat' dir='ltr'><strong>modum</strong></span> <span class='ocrx_word' id='word_1_827' title='bbox 599 2585 666 2612; x_wconf 79' lang='lat' dir='ltr'><strong>dixit</strong></span> <span class='ocrx_word' id='word_1_828' title='bbox 680 2584 858 2620; x_wconf 83' lang='grc' dir='ltr'>ἀναγὲννησιν</span> <span class='ocrx_word' id='word_1_829' title='bbox 869 2605 876 2618; x_wconf 90' lang='grc'><strong>,</strong></span> <span class='ocrx_word' id='word_1_830' title='bbox 889 2591 1010 2619; x_wconf 79' lang='lat' dir='ltr'><strong>respectu</strong></span> <span class='ocrx_word' id='word_1_831' title='bbox 1024 2585 1072 2620; x_wconf 84' lang='grc' dir='ltr'>τῆς</span> 
     </span>
    </p>
   </div>
   <div class='ocr_carea' id='block_1_99' title="bbox 287 2619 425 2647">
    <p class='ocr_par' dir='ltr' id='par_1_99' title="bbox 287 2619 425 2647">
     <span class='ocr_line' id='line_1_100' title="bbox 287 2619 425 2647; baseline 0.014 -2"><span class='ocrx_word' id='word_1_832' title='bbox 287 2619 370 2646; x_wconf 80' lang='grc' dir='ltr'>κάτω.</span> <span class='ocrx_word' id='word_1_833' title='bbox 389 2619 425 2647; x_wconf 88' lang='grc' dir='ltr'><strong>Μ.</strong></span> 
     </span>
    </p>
   </div>
   <div class='ocr_carea' id='block_1_100' title="bbox 322 2689 1074 2722">
    <p class='ocr_par' dir='ltr' id='par_1_100' title="bbox 322 2689 1074 2722">
     <span class='ocr_line' id='line_1_101' title="bbox 322 2689 1074 2722; baseline 0.001 -7"><span class='ocrx_word' id='word_1_834' title='bbox 322 2689 377 2722; x_wconf 78' lang='lat' dir='ltr'><strong>(lii)</strong></span> <span class='ocrx_word' id='word_1_835' title='bbox 398 2689 451 2715; x_wconf 80' lang='lat' dir='ltr'><strong>Kal</strong></span> <span class='ocrx_word' id='word_1_836' title='bbox 475 2689 564 2715; x_wconf 77' lang='grc' dir='ltr'>τοῦτο</span> <span class='ocrx_word' id='word_1_837' title='bbox 586 2689 639 2716; x_wconf 77' lang='grc' dir='ltr'>τοῦ</span> <span class='ocrx_word' id='word_1_838' title='bbox 668 2689 768 2716; x_wconf 81' lang='grc' dir='ltr'><strong>Δαυΐδ.</strong></span> <span class='ocrx_word' id='word_1_839' title='bbox 787 2690 882 2722; x_wconf 77' lang='grc' dir='ltr'>Τοῦτο,</span> <span class='ocrx_word' id='word_1_840' title='bbox 910 2689 1074 2722; x_wconf 86' lang='lat' dir='ltr'><strong>Quodnam?</strong></span> 
     </span>
    </p>
   </div>
   <div class='ocr_carea' id='block_1_101' title="bbox 287 2723 1070 2759">
    <p class='ocr_par' dir='ltr' id='par_1_101' title="bbox 287 2723 1070 2759">
     <span class='ocr_line' id='line_1_102' title="bbox 287 2723 1070 2759; baseline 0.001 -10"><span class='ocrx_word' id='word_1_841' title='bbox 287 2723 428 2750; x_wconf 75' lang='lat' dir='ltr'><strong>Ubinam?</strong></span> <span class='ocrx_word' id='word_1_842' title='bbox 454 2724 524 2751; x_wconf 82' lang='lat' dir='ltr'><strong>Nihil</strong></span> <span class='ocrx_word' id='word_1_843' title='bbox 544 2725 615 2750; x_wconf 88' lang='lat' dir='ltr'><strong>cnim</strong></span> <span class='ocrx_word' id='word_1_844' title='bbox 641 2725 682 2751; x_wconf 81' lang='lat' dir='ltr'><strong>hic</strong></span> <span class='ocrx_word' id='word_1_845' title='bbox 698 2726 809 2751; x_wconf 85' lang='lat' dir='ltr'><strong>citatum</strong></span> <span class='ocrx_word' id='word_1_846' title='bbox 832 2725 944 2759; x_wconf 73' lang='lat' dir='ltr'><strong>legimus</strong></span> <span class='ocrx_word' id='word_1_847' title='bbox 960 2733 974 2751; x_wconf 84' lang='lat' dir='ltr'><strong>e</strong></span> <span class='ocrx_word' id='word_1_848' title='bbox 994 2724 1070 2751; x_wconf 74' lang='lat' dir='ltr'><strong>Psal~</strong></span> 
     </span>
    </p>
   </div>
   <div class='ocr_carea' id='block_1_102' title="bbox 287 2760 1069 2794">
    <p class='ocr_par' dir='ltr' id='par_1_102' title="bbox 287 2760 1069 2794">
     <span class='ocr_line' id='line_1_103' title="bbox 287 2760 1069 2794; baseline 0 -9"><span class='ocrx_word' id='word_1_849' title='bbox 287 2761 347 2786; x_wconf 86' lang='lat' dir='ltr'><strong>mis.</strong></span> <span class='ocrx_word' id='word_1_850' title='bbox 365 2760 429 2785; x_wconf 87' lang='lat' dir='ltr'><strong>illud</strong></span> <span class='ocrx_word' id='word_1_851' title='bbox 446 2762 529 2788; x_wconf 80' lang='lat' dir='ltr'><strong>enim.</strong></span> <span class='ocrx_word' id='word_1_852' title='bbox 549 2760 642 2794; x_wconf 78' lang='lat' dir='ltr'><strong>Imago</strong></span> <span class='ocrx_word' id='word_1_853' title='bbox 666 2760 815 2792; x_wconf 53' lang='lat' dir='ltr'><strong>inet-sibila,</strong></span> <span class='ocrx_word' id='word_1_854' title='bbox 830 2761 862 2785; x_wconf 85' lang='lat' dir='ltr'><strong>ab</strong></span> <span class='ocrx_word' id='word_1_855' title='bbox 878 2760 1004 2793; x_wconf 78' lang='lat' dir='ltr'><strong>Apostolo</strong></span> <span class='ocrx_word' id='word_1_856' title='bbox 1018 2766 1069 2791; x_wconf 74' lang='lat' dir='ltr'><strong>est,</strong></span> 
     </span>
    </p>
   </div>
   <div class='ocr_carea' id='block_1_103' title="bbox 286 2795 1068 2828">
    <p class='ocr_par' dir='ltr' id='par_1_103' title="bbox 286 2795 1068 2828">
     <span class='ocr_line' id='line_1_104' title="bbox 286 2795 1068 2828; baseline 0.001 -9"><span class='ocrx_word' id='word_1_857' title='bbox 286 2796 355 2827; x_wconf 77' lang='lat' dir='ltr'><strong>apud</strong></span> <span class='ocrx_word' id='word_1_858' title='bbox 371 2803 430 2820; x_wconf 76' lang='lat' dir='ltr'><strong>eum</strong></span> <span class='ocrx_word' id='word_1_859' title='bbox 442 2795 680 2828; x_wconf 69' lang='lat' dir='ltr'><strong>lt&#39;glllll‘CUlOSSJ,</strong></span> <span class='ocrx_word' id='word_1_860' title='bbox 692 2795 734 2822; x_wconf 76' lang='grc'><strong>15.</strong></span> <span class='ocrx_word' id='word_1_861' title='bbox 746 2795 832 2821; x_wconf 77' lang='lat' dir='ltr'><strong>Credo</strong></span> <span class='ocrx_word' id='word_1_862' title='bbox 848 2796 912 2821; x_wconf 81' lang='lat' dir='ltr'><strong>illud</strong></span> <span class='ocrx_word' id='word_1_863' title='bbox 928 2795 1068 2824; x_wconf 73' lang='lat' dir='ltr'><strong>insinuari.</strong></span> 
     </span>
    </p>
   </div>
   <div class='ocr_carea' id='block_1_104' title="bbox 286 2829 1069 2864">
    <p class='ocr_par' dir='ltr' id='par_1_104' title="bbox 286 2829 1069 2864">
     <span class='ocr_line' id='line_1_105' title="bbox 286 2829 1069 2864; baseline 0.001 -9"><span class='ocrx_word' id='word_1_864' title='bbox 286 2838 301 2855; x_wconf 76' lang='lat'><strong>1-.</strong></span> <span class='ocrx_word' id='word_1_865' title='bbox 317 2829 383 2863; x_wconf 76' lang='lat' dir='ltr'><strong>psal.</strong></span> <span class='ocrx_word' id='word_1_866' title='bbox 399 2838 453 2860; x_wconf 70' lang='lat' dir='ltr'><strong>CIX,</strong></span> <span class='ocrx_word' id='word_1_867' title='bbox 465 2830 502 2856; x_wconf 82' lang='lat' dir='ltr'><strong>De</strong></span> <span class='ocrx_word' id='word_1_868' title='bbox 513 2836 586 2857; x_wconf 78' lang='lat' dir='ltr'><strong>utero</strong></span> <span class='ocrx_word' id='word_1_869' title='bbox 597 2835 657 2857; x_wconf 80' lang='lat' dir='ltr'><strong>ante</strong></span> <span class='ocrx_word' id='word_1_870' title='bbox 667 2830 815 2864; x_wconf 74' lang='lat' dir='ltr'><strong>Luciferum</strong></span> <span class='ocrx_word' id='word_1_871' title='bbox 828 2831 902 2864; x_wconf 79' lang='lat' dir='ltr'><strong>genui</strong></span> <span class='ocrx_word' id='word_1_872' title='bbox 918 2836 950 2857; x_wconf 83' lang='lat' dir='ltr'><strong>le.</strong></span> <span class='ocrx_word' id='word_1_873' title='bbox 960 2830 1012 2857; x_wconf 73' lang='lat' dir='ltr'><strong>Sed</strong></span> <span class='ocrx_word' id='word_1_874' title='bbox 1029 2830 1069 2856; x_wconf 85' lang='lat' dir='ltr'><strong>vel</strong></span> 
     </span>
    </p>
   </div>
   <div class='ocr_carea' id='block_1_105' title="bbox 287 2864 1069 2898">
    <p class='ocr_par' dir='ltr' id='par_1_105' title="bbox 287 2864 1069 2898">
     <span class='ocr_line' id='line_1_106' title="bbox 287 2864 1069 2898; baseline -0.003 -7"><span class='ocrx_word' id='word_1_875' title='bbox 287 2864 347 2891; x_wconf 80' lang='lat' dir='ltr'><strong>libri</strong></span> <span class='ocrx_word' id='word_1_876' title='bbox 360 2865 477 2898; x_wconf 65' lang='lat' dir='ltr'><strong>corrupti</strong></span> <span class='ocrx_word' id='word_1_877' title='bbox 494 2870 566 2896; x_wconf 63' lang='lat' dir='ltr'><strong>Putut,</strong></span> <span class='ocrx_word' id='word_1_878' title='bbox 581 2865 619 2891; x_wconf 80' lang='lat' dir='ltr'><strong>vel</strong></span> <span class='ocrx_word' id='word_1_879' title='bbox 631 2867 774 2892; x_wconf 77' lang='lat' dir='ltr'><strong>admodum</strong></span> <span class='ocrx_word' id='word_1_880' title='bbox 786 2866 959 2898; x_wconf 65' lang='lat' dir='ltr'><strong>negligenter.</strong></span> <span class='ocrx_word' id='word_1_881' title='bbox 976 2874 1069 2891; x_wconf 66' lang='lat' dir='ltr'><strong>set-ure</strong></span> 
     </span>
    </p>
   </div>
   <div class='ocr_carea' id='block_1_106' title="bbox 286 2900 1066 2935">
    <p class='ocr_par' dir='ltr' id='par_1_106' title="bbox 286 2900 1066 2935">
     <span class='ocr_line' id='line_1_107' title="bbox 286 2900 1066 2935; baseline 0.003 -9"><span class='ocrx_word' id='word_1_882' title='bbox 286 2907 312 2926; x_wconf 83' lang='lat' dir='ltr'><strong>et</strong></span> <span class='ocrx_word' id='word_1_883' title='bbox 337 2900 474 2931; x_wconf 73' lang='lat' dir='ltr'><strong>dissolute,</strong></span> <span class='ocrx_word' id='word_1_884' title='bbox 495 2905 615 2927; x_wconf 63' lang='lat' dir='ltr'><strong>versatus</strong></span> <span class='ocrx_word' id='word_1_885' title='bbox 638 2902 681 2928; x_wconf 87' lang='lat' dir='ltr'><strong>hic</strong></span> <span class='ocrx_word' id='word_1_886' title='bbox 701 2908 739 2928; x_wconf 67' lang='lat' dir='ltr'><strong>cst</strong></span> <span class='ocrx_word' id='word_1_887' title='bbox 758 2902 886 2927; x_wconf 76' lang='lat' dir='ltr'><strong>Luscbins</strong></span> <span class='ocrx_word' id='word_1_888' title='bbox 903 2909 907 2926; x_wconf 94' lang='lat'><strong>:</strong></span> <span class='ocrx_word' id='word_1_889' title='bbox 926 2901 970 2935; x_wconf 83' lang='lat' dir='ltr'><strong>qui</strong></span> <span class='ocrx_word' id='word_1_890' title='bbox 997 2902 1066 2928; x_wconf 74' lang='lat' dir='ltr'><strong>Scri—</strong></span> 
     </span>
    </p>
   </div>
   <div class='ocr_carea' id='block_1_107' title="bbox 1131 2405 1915 2443">
    <p class='ocr_par' dir='ltr' id='par_1_107' title="bbox 1131 2405 1915 2443">
     <span class='ocr_line' id='line_1_108' title="bbox 1131 2405 1915 2443; baseline -0.006 -7"><span class='ocrx_word' id='word_1_891' title='bbox 1131 2405 1242 2439; x_wconf 78' lang='lat' dir='ltr'><strong>iionem.</strong></span> <span class='ocrx_word' id='word_1_892' title='bbox 1269 2410 1302 2436; x_wconf 81' lang='lat' dir='ltr'><strong>ad</strong></span> <span class='ocrx_word' id='word_1_893' title='bbox 1326 2405 1396 2443; x_wconf 88' lang='lat' dir='ltr'><strong>quod</strong></span> <span class='ocrx_word' id='word_1_894' title='bbox 1419 2407 1517 2443; x_wconf 12' lang='lat' dir='ltr'><strong>referri,</strong></span> <span class='ocrx_word' id='word_1_895' title='bbox 1540 2407 1635 2434; x_wconf 77' lang='lat' dir='ltr'><strong>debeat</strong></span> <span class='ocrx_word' id='word_1_896' title='bbox 1660 2407 1747 2443; x_wconf 67' lang='lat' dir='ltr'><strong>illud:</strong></span> <span class='ocrx_word' id='word_1_897' title='bbox 1762 2405 1825 2443; x_wconf 54' lang='grc' dir='ltr'><strong>ΚαὶΔ</strong></span> <span class='ocrx_word' id='word_1_898' title='bbox 1836 2405 1915 2432; x_wconf 76' lang='grc' dir='ltr'>τοῦτο</span> 
     </span>
    </p>
   </div>
   <div class='ocr_carea' id='block_1_108' title="bbox 1129 2441 1913 2480">
    <p class='ocr_par' dir='ltr' id='par_1_108' title="bbox 1129 2441 1913 2480">
     <span class='ocr_line' id='line_1_109' title="bbox 1129 2441 1913 2480; baseline -0.006 -9"><span class='ocrx_word' id='word_1_899' title='bbox 1129 2445 1174 2471; x_wconf 78' lang='grc' dir='ltr'>τοῦ</span> <span class='ocrx_word' id='word_1_900' title='bbox 1189 2444 1279 2477; x_wconf 81' lang='grc' dir='ltr'>Δαυῒδ,</span> <span class='ocrx_word' id='word_1_901' title='bbox 1295 2441 1358 2480; x_wconf 71' lang='grc' dir='ltr'>περὶ</span> <span class='ocrx_word' id='word_1_902' title='bbox 1378 2443 1427 2480; x_wconf 75' lang='grc' dir='ltr'>τῆς</span> <span class='ocrx_word' id='word_1_903' title='bbox 1455 2442 1526 2480; x_wconf 84' lang='grc' dir='ltr'><strong>κατά</strong></span> <span class='ocrx_word' id='word_1_904' title='bbox 1547 2443 1635 2480; x_wconf 66' lang='grc' dir='ltr'>σάρκα</span> <span class='ocrx_word' id='word_1_905' title='bbox 1649 2441 1730 2480; x_wconf 57' lang='grc' dir='ltr'>αὐτου</span> <span class='ocrx_word' id='word_1_906' title='bbox 1749 2441 1913 2480; x_wconf 75' lang='grc' dir='ltr'>γεννήσεως,</span> 
     </span>
    </p>
   </div>
   <div class='ocr_carea' id='block_1_109' title="bbox 1130 2477 1916 2515">
    <p class='ocr_par' dir='ltr' id='par_1_109' title="bbox 1130 2477 1916 2515">
     <span class='ocr_line' id='line_1_110' title="bbox 1130 2477 1916 2515; baseline -0.008 -8"><span class='ocrx_word' id='word_1_907' title='bbox 1130 2480 1222 2515; x_wconf 77' lang='grc' dir='ltr'>σαφῶς</span> <span class='ocrx_word' id='word_1_908' title='bbox 1235 2477 1384 2515; x_wconf 75' lang='grc' dir='ltr'>εἰρηκότος,</span> <span class='ocrx_word' id='word_1_909' title='bbox 1395 2479 1569 2515; x_wconf 70' lang='grc' dir='ltr'>Μ.-5ει·ἱρεί</span> <span class='ocrx_word' id='word_1_910' title='bbox 1578 2477 1676 2515; x_wconf 59' lang='grc' dir='ltr'>ταῦ-τας</span> <span class='ocrx_word' id='word_1_911' title='bbox 1686 2478 1746 2503; x_wconf 70' lang='lat' dir='ltr'><strong>dein</strong></span> <span class='ocrx_word' id='word_1_912' title='bbox 1757 2477 1916 2515; x_wconf 42' lang='lat' dir='ltr'><strong>vnlgoﬁm’</strong></span> 
     </span>
    </p>
   </div>
   <div class='ocr_carea' id='block_1_110' title="bbox 1129 2511 1916 2551">
    <p class='ocr_par' dir='ltr' id='par_1_110' title="bbox 1129 2511 1916 2551">
     <span class='ocr_line' id='line_1_111' title="bbox 1129 2511 1916 2551; baseline -0.008 -9"><span class='ocrx_word' id='word_1_913' title='bbox 1129 2511 1301 2551; x_wconf 70' lang='grc' dir='ltr'>ριιξαλύπτως</span> <span class='ocrx_word' id='word_1_914' title='bbox 1319 2521 1346 2542; x_wconf 89' lang='lat' dir='ltr'><strong>et</strong></span> <span class='ocrx_word' id='word_1_915' title='bbox 1367 2511 1562 2551; x_wconf 34' lang='grc' dir='ltr'>πρωτζπάσής</span> <span class='ocrx_word' id='word_1_916' title='bbox 1576 2513 1722 2551; x_wconf 60' lang='grc' dir='ltr'>κτ.-])ιιιί⁴ιι</span> <span class='ocrx_word' id='word_1_917' title='bbox 1741 2512 1819 2551; x_wconf 80' lang='lat' dir='ltr'><strong>vulgo</strong></span> <span class='ocrx_word' id='word_1_918' title='bbox 1837 2511 1851 2536; x_wconf 88' lang='lat'><strong>6</strong></span> <span class='ocrx_word' id='word_1_919' title='bbox 1867 2520 1916 2537; x_wconf 85' lang='grc' dir='ltr'>κυ-</span> 
     </span>
    </p>
   </div>
   <div class='ocr_carea' id='block_1_111' title="bbox 1129 2547 1914 2585">
    <p class='ocr_par' dir='ltr' id='par_1_111' title="bbox 1129 2547 1914 2585">
     <span class='ocr_line' id='line_1_112' title="bbox 1129 2547 1914 2585; baseline -0.008 -8"><span class='ocrx_word' id='word_1_920' title='bbox 1129 2547 1193 2585; x_wconf 79' lang='grc' dir='ltr'>ρίως</span> <span class='ocrx_word' id='word_1_921' title='bbox 1210 2559 1278 2585; x_wconf 88' lang='grc' dir='ltr'>γεν.,</span> <span class='ocrx_word' id='word_1_922' title='bbox 1295 2550 1364 2582; x_wconf 82' lang='lat' dir='ltr'><strong>quod</strong></span> <span class='ocrx_word' id='word_1_923' title='bbox 1381 2547 1432 2576; x_wconf 73' lang='lat' dir='ltr'><strong>iam</strong></span> <span class='ocrx_word' id='word_1_924' title='bbox 1455 2549 1487 2575; x_wconf 77' lang='grc' dir='ltr'><strong>[ι.</strong></span> <span class='ocrx_word' id='word_1_925' title='bbox 1505 2547 1562 2585; x_wconf 77' lang='lat' dir='ltr'><strong>cor.</strong></span> <span class='ocrx_word' id='word_1_926' title='bbox 1576 2548 1601 2574; x_wconf 91' lang='lat' dir='ltr'><strong>in</strong></span> <span class='ocrx_word' id='word_1_927' title='bbox 1614 2547 1726 2585; x_wconf 38' lang='grc' dir='ltr'>ΑΚυριος</span> <span class='ocrx_word' id='word_1_928' title='bbox 1742 2548 1805 2585; x_wconf 49' lang='lat' dir='ltr'><strong>cod:</strong></span> <span class='ocrx_word' id='word_1_929' title='bbox 1819 2553 1914 2585; x_wconf 49' lang='lat' dir='ltr'><strong>auctth</strong></span> 
     </span>
    </p>
   </div>
   <div class='ocr_carea' id='block_1_112' title="bbox 1128 2581 1914 2619">
    <p class='ocr_par' dir='ltr' id='par_1_112' title="bbox 1128 2581 1914 2619">
     <span class='ocr_line' id='line_1_113' title="bbox 1128 2581 1914 2619; baseline -0.006 -7"><span class='ocrx_word' id='word_1_930' title='bbox 1128 2581 1205 2613; x_wconf 74' lang='lat' dir='ltr'><strong>ritate</strong></span> <span class='ocrx_word' id='word_1_931' title='bbox 1215 2581 1353 2618; x_wconf 64' lang='lat' dir='ltr'><strong>resoripsi.</strong></span> <span class='ocrx_word' id='word_1_932' title='bbox 1373 2585 1469 2611; x_wconf 84' lang='lat' dir='ltr'><strong>Statim</strong></span> <span class='ocrx_word' id='word_1_933' title='bbox 1486 2583 1564 2619; x_wconf 81' lang='lat' dir='ltr'><strong>vulgo</strong></span> <span class='ocrx_word' id='word_1_934' title='bbox 1577 2585 1591 2610; x_wconf 93' lang='lat'><strong>6</strong></span> <span class='ocrx_word' id='word_1_935' title='bbox 1609 2581 1676 2615; x_wconf 79' lang='grc' dir='ltr'>Θεὸς</span> <span class='ocrx_word' id='word_1_936' title='bbox 1688 2588 1716 2610; x_wconf 84' lang='lat' dir='ltr'><strong>et</strong></span> <span class='ocrx_word' id='word_1_937' title='bbox 1730 2582 1778 2608; x_wconf 76' lang='grc' dir='ltr'>καὶ</span> <span class='ocrx_word' id='word_1_938' title='bbox 1787 2581 1851 2613; x_wconf 82' lang='grc' dir='ltr'>Θεὸς</span> <span class='ocrx_word' id='word_1_939' title='bbox 1864 2581 1914 2608; x_wconf 80' lang='grc' dir='ltr'><strong>οὐκ</strong></span> 
     </span>
    </p>
   </div>
   <div class='ocr_carea' id='block_1_113' title="bbox 1126 2620 1248 2648">
    <p class='ocr_par' dir='ltr' id='par_1_113' title="bbox 1126 2620 1248 2648">
     <span class='ocr_line' id='line_1_114' title="bbox 1126 2620 1248 2648; baseline -0.008 -1"><span class='ocrx_word' id='word_1_940' title='bbox 1126 2620 1208 2648; x_wconf 81' lang='grc' dir='ltr'>εἰκὼν</span> <span class='ocrx_word' id='word_1_941' title='bbox 1222 2630 1248 2647; x_wconf 90' lang='grc' dir='ltr'>κ.</span> 
     </span>
    </p>
   </div>
   <div class='ocr_carea' id='block_1_114' title="bbox 1161 2651 1916 2692">
    <p class='ocr_par' dir='ltr' id='par_1_114' title="bbox 1161 2651 1916 2692">
     <span class='ocr_line' id='line_1_115' title="bbox 1161 2651 1916 2692; baseline -0.008 -9"><span class='ocrx_word' id='word_1_942' title='bbox 1161 2657 1218 2692; x_wconf 76' lang='grc' dir='ltr'>(ιτ)</span> <span class='ocrx_word' id='word_1_943' title='bbox 1238 2656 1291 2683; x_wconf 78' lang='grc' dir='ltr'><strong>Καὶ</strong></span> <span class='ocrx_word' id='word_1_944' title='bbox 1304 2655 1396 2682; x_wconf 79' lang='grc' dir='ltr'>ταῦτα</span> <span class='ocrx_word' id='word_1_945' title='bbox 1406 2654 1523 2689; x_wconf 63' lang='grc' dir='ltr'>σφόδρα</span> <span class='ocrx_word' id='word_1_946' title='bbox 1539 2652 1785 2692; x_wconf 50' lang='grc' dir='ltr'><strong>ἀϐλείτῶν.η11ωε</strong></span> <span class='ocrx_word' id='word_1_947' title='bbox 1806 2651 1916 2692; x_wconf 58' lang='lat' dir='ltr'><strong>Eusebii</strong></span> 
     </span>
    </p>
   </div>
   <div class='ocr_carea' id='block_1_115' title="bbox 1125 2688 1914 2724">
    <p class='ocr_par' dir='ltr' id='par_1_115' title="bbox 1125 2688 1914 2724">
     <span class='ocr_line' id='line_1_116' title="bbox 1125 2688 1914 2724; baseline -0.009 -6"><span class='ocrx_word' id='word_1_948' title='bbox 1125 2688 1240 2723; x_wconf 32' lang='lat' dir='ltr'><strong>Suntfet</strong></span> <span class='ocrx_word' id='word_1_949' title='bbox 1262 2692 1402 2717; x_wconf 80' lang='lat' dir='ltr'><strong>continent</strong></span> <span class='ocrx_word' id='word_1_950' title='bbox 1427 2688 1553 2724; x_wconf 69' lang='lat' dir='ltr'><strong>superius</strong></span> <span class='ocrx_word' id='word_1_951' title='bbox 1575 2699 1588 2715; x_wconf 74' lang='grc' dir='ltr'>η</span> <span class='ocrx_word' id='word_1_952' title='bbox 1614 2688 1740 2716; x_wconf 84' lang='lat' dir='ltr'><strong>Marcello</strong></span> <span class='ocrx_word' id='word_1_953' title='bbox 1764 2688 1914 2724; x_wconf 73' lang='lat' dir='ltr'><strong>positorum</strong></span> 
     </span>
    </p>
   </div>
   <div class='ocr_carea' id='block_1_116' title="bbox 1124 2722 1913 2761">
    <p class='ocr_par' dir='ltr' id='par_1_116' title="bbox 1124 2722 1913 2761">
     <span class='ocr_line' id='line_1_117' title="bbox 1124 2722 1913 2761; baseline -0.009 -7"><span class='ocrx_word' id='word_1_954' title='bbox 1124 2722 1279 2758; x_wconf 70' lang='lat' dir='ltr'><strong>censuram,</strong></span> <span class='ocrx_word' id='word_1_955' title='bbox 1301 2722 1478 2752; x_wconf 80' lang='lat' dir='ltr'><strong>orthodoxam</strong></span> <span class='ocrx_word' id='word_1_956' title='bbox 1495 2731 1521 2751; x_wconf 81' lang='lat' dir='ltr'><strong>et</strong></span> <span class='ocrx_word' id='word_1_957' title='bbox 1537 2732 1626 2751; x_wconf 79' lang='lat' dir='ltr'><strong>veram</strong></span> <span class='ocrx_word' id='word_1_958' title='bbox 1643 2723 1830 2761; x_wconf 50' lang='lat' dir='ltr'><strong>qu:_r&#39;.etnts_ail</strong></span> <span class='ocrx_word' id='word_1_959' title='bbox 1847 2722 1913 2761; x_wconf 83' lang='lat' dir='ltr'><strong>ima-</strong></span> 
     </span>
    </p>
   </div>
   <div class='ocr_carea' id='block_1_117' title="bbox 1125 2757 1911 2792">
    <p class='ocr_par' dir='ltr' id='par_1_117' title="bbox 1125 2757 1911 2792">
     <span class='ocr_line' id='line_1_118' title="bbox 1125 2757 1911 2792; baseline -0.009 -4"><span class='ocrx_word' id='word_1_960' title='bbox 1125 2765 1225 2792; x_wconf 69' lang='lat' dir='ltr'><strong>ginem.</strong></span> <span class='ocrx_word' id='word_1_961' title='bbox 1239 2763 1318 2788; x_wconf 75' lang='lat' dir='ltr'><strong>etiam</strong></span> <span class='ocrx_word' id='word_1_962' title='bbox 1337 2762 1485 2787; x_wconf 82' lang='lat' dir='ltr'><strong>secundum</strong></span> <span class='ocrx_word' id='word_1_963' title='bbox 1503 2761 1642 2790; x_wconf 73' lang='lat' dir='ltr'><strong>tll‘ilillt&#39;ln,</strong></span> <span class='ocrx_word' id='word_1_964' title='bbox 1653 2758 1736 2785; x_wconf 79' lang='lat' dir='ltr'><strong>Filius</strong></span> <span class='ocrx_word' id='word_1_965' title='bbox 1751 2758 1791 2784; x_wconf 88' lang='lat' dir='ltr'><strong>sui</strong></span> <span class='ocrx_word' id='word_1_966' title='bbox 1810 2757 1911 2783; x_wconf 83' lang='lat' dir='ltr'><strong>Patris.</strong></span> 
     </span>
    </p>
   </div>
   <div class='ocr_carea' id='block_1_118' title="bbox 1125 2795 1913 2832">
    <p class='ocr_par' dir='ltr' id='par_1_118' title="bbox 1125 2795 1913 2832">
     <span class='ocr_line' id='line_1_119' title="bbox 1125 2795 1913 2832; baseline -0.008 -9"><span class='ocrx_word' id='word_1_967' title='bbox 1125 2797 1216 2832; x_wconf 75' lang='lat' dir='ltr'><strong>Imago</strong></span> <span class='ocrx_word' id='word_1_968' title='bbox 1229 2798 1299 2823; x_wconf 86' lang='lat' dir='ltr'><strong>enim</strong></span> <span class='ocrx_word' id='word_1_969' title='bbox 1317 2797 1424 2830; x_wconf 81' lang='lat' dir='ltr'><strong>proprie</strong></span> <span class='ocrx_word' id='word_1_970' title='bbox 1447 2800 1498 2826; x_wconf 71' lang='lat' dir='ltr'><strong>est,</strong></span> <span class='ocrx_word' id='word_1_971' title='bbox 1517 2800 1545 2821; x_wconf 87' lang='lat' dir='ltr'><strong>ut</strong></span> <span class='ocrx_word' id='word_1_972' title='bbox 1569 2795 1731 2832; x_wconf 69' lang='lat' dir='ltr'><strong>qutittnll_tr,_</strong></span> <span class='ocrx_word' id='word_1_973' title='bbox 1743 2798 1913 2832; x_wconf 72' lang='lat' dir='ltr'><strong>qn:e_proce_-</strong></span> 
     </span>
    </p>
   </div>
   <div class='ocr_carea' id='block_1_119' title="bbox 1123 2827 1911 2864">
    <p class='ocr_par' dir='ltr' id='par_1_119' title="bbox 1123 2827 1911 2864">
     <span class='ocr_line' id='line_1_120' title="bbox 1123 2827 1911 2864; baseline -0.01 -6"><span class='ocrx_word' id='word_1_974' title='bbox 1123 2833 1162 2858; x_wconf 87' lang='lat' dir='ltr'><strong>dit</strong></span> <span class='ocrx_word' id='word_1_975' title='bbox 1178 2827 1209 2858; x_wconf 62' lang='lat'><strong>:31:</strong></span> <span class='ocrx_word' id='word_1_976' title='bbox 1228 2827 1432 2858; x_wconf 58' lang='lat' dir='ltr'><strong>similitmlt&#39;m-m</strong></span> <span class='ocrx_word' id='word_1_977' title='bbox 1449 2831 1472 2856; x_wconf 86' lang='lat' dir='ltr'><strong>al</strong></span> <span class='ocrx_word' id='word_1_978' title='bbox 1486 2833 1567 2857; x_wconf 75' lang='lat' dir='ltr'><strong>crius.</strong></span> <span class='ocrx_word' id='word_1_979' title='bbox 1587 2829 1620 2855; x_wconf 83' lang='grc' dir='ltr'><strong>Μ.</strong></span> <span class='ocrx_word' id='word_1_980' title='bbox 1638 2844 1672 2848; x_wconf 86' lang='grc'><strong>-</strong></span> <span class='ocrx_word' id='word_1_981' title='bbox 1687 2828 1750 2854; x_wconf 80' lang='lat' dir='ltr'><strong>Dein</strong></span> <span class='ocrx_word' id='word_1_982' title='bbox 1763 2827 1847 2864; x_wconf 12' lang='lat' dir='ltr'><strong>ivulgo</strong></span> <span class='ocrx_word' id='word_1_983' title='bbox 1863 2827 1911 2864; x_wconf 66' lang='grc' dir='ltr'>τοῦ</span> 
     </span>
    </p>
   </div>
   <div class='ocr_carea' id='block_1_120' title="bbox 1124 2862 1909 2900">
    <p class='ocr_par' dir='ltr' id='par_1_120' title="bbox 1124 2862 1909 2900">
     <span class='ocr_line' id='line_1_121' title="bbox 1124 2862 1909 2900; baseline -0.006 -8"><span class='ocrx_word' id='word_1_984' title='bbox 1124 2872 1186 2893; x_wconf 82' lang='lat' dir='ltr'><strong>ante</strong></span> <span class='ocrx_word' id='word_1_985' title='bbox 1202 2867 1265 2893; x_wconf 74' lang='grc' dir='ltr'>ἰδίου</span> <span class='ocrx_word' id='word_1_986' title='bbox 1280 2867 1361 2893; x_wconf 66' lang='lat' dir='ltr'><strong>«let-sl.</strong></span> <span class='ocrx_word' id='word_1_987' title='bbox 1381 2866 1449 2892; x_wconf 79' lang='lat' dir='ltr'><strong>Infra</strong></span> <span class='ocrx_word' id='word_1_988' title='bbox 1468 2867 1547 2900; x_wconf 74' lang='lat' dir='ltr'><strong>vulgo</strong></span> <span class='ocrx_word' id='word_1_989' title='bbox 1559 2865 1607 2899; x_wconf 75' lang='grc' dir='ltr'>τὴν</span> <span class='ocrx_word' id='word_1_990' title='bbox 1624 2863 1714 2890; x_wconf 74' lang='grc' dir='ltr'>εἰκόνα</span> <span class='ocrx_word' id='word_1_991' title='bbox 1728 2863 1789 2890; x_wconf 78' lang='grc' dir='ltr'>Υἰὸν</span> <span class='ocrx_word' id='word_1_992' title='bbox 1802 2862 1849 2889; x_wconf 73' lang='grc' dir='ltr'><strong>καὶ</strong></span> <span class='ocrx_word' id='word_1_993' title='bbox 1863 2862 1909 2887; x_wconf 61' lang='grc' dir='ltr'><strong>ἐπ.</strong></span> 
     </span>
    </p>
   </div>
   <div class='ocr_carea' id='block_1_121' title="bbox 1123 2901 1433 2936">
    <p class='ocr_par' dir='ltr' id='par_1_121' title="bbox 1123 2901 1433 2936">
     <span class='ocr_line' id='line_1_122' title="bbox 1123 2901 1433 2936; baseline -0.013 -6"><span class='ocrx_word' id='word_1_994' title='bbox 1123 2908 1148 2930; x_wconf 77' lang='lat' dir='ltr'><strong>ct</strong></span> <span class='ocrx_word' id='word_1_995' title='bbox 1163 2902 1331 2936; x_wconf 71' lang='grc' dir='ltr'>ἀπαύγασμα</span> <span class='ocrx_word' id='word_1_996' title='bbox 1346 2901 1433 2936; x_wconf 67' lang='grc' dir='ltr'>δόξης.</span> 
     </span>
    </p>
   </div>
  </div>
