2045 3215
166 190 220 220 ’16ίῖ

737 197 876 226 CONTRA
896 198 1109 228 MARCELLUM
1128 200 1192 229 LIB.
1213 200 1233 229 I.

1737 206 1791 234 766

165 249 323 283 τριάκοντα
342 236 391 278 κά)
410 251 549 280 διακόσια
567 254 629 287 ἐτη,
647 254 695 280 καὶ
716 254 862 289 ἐγέννησε
881 264 945 282 κατι

1011 265 1021 282 ι
1037 262 1124 291 guunt
1139 265 1222 292 quam
1237 258 1347 292 impiam
1364 262 1471 286 tueatur
1486 258 1511 287 is
1529 259 1674 288 de-deitate
1686 250 1798 296 opinio?

165 295 222 329 τὴν
237 296 320 323 ἰδέαν
339 298 433 325 αὑτοῦ
450 299 498 325 καὶ
517 300 591 326 κατὰ
609 299 665 334 τὴν
674 301 777 328 εἰκόνα
790 302 893 333 αὐτοῦ,
906 302 955 329 καὶ

161 341 339 376 ἐπωνόμασε
352 343 385 370 τὸ
394 343 487 379 ὄνομα
494 345 586 372 αὑτοῦ
594 346 665 379 Σὴθ.
676 347 729 372 Καὶ
736 346 800 382 περὶ
809 347 855 382 τῆς
864 346 956 381 θεότηη

163 395 210 418 τος
224 387 252 413 δὲ
267 387 312 414 τοῦ
331 387 396 414 Υίοῦ
417 389 431 415 ὁ
454 389 612 422 ’Λπόστολος
629 390 758 422 διδάσκει,
777 391 879 425 λέγων·
903 392 955 424 Ὃς

162 432 198 458 ἑν
210 432 314 467 μορφῇ
332 433 406 460 Θεοῦ
419 434 561 469 ὑπάρχων
576 436 632 470 οὺχ
650 436 806 471 ἁρπαγμὸν
820 435 955 471 ἡγήσατο

161 477 195 503 τὸ
210 475 287 504 εἷναι
301 478 354 505 ἶσα
370 479 442 512 Θεῷ,
459 481 528 507 ἀλλ’
548 481 656 507 ἑαυτὸν
668 480 797 508 ὲκένωσε
807 490 813 496 ·
838 482 885 508 καὶ
902 482 953 508 πά-

136 560 139 562 _
160 524 202 550 λιν
214 532 222 539 ·
241 525 294 557 ’ος
308 523 351 551 ὢν
366 526 548 561 ἀπαύγασμα
564 526 618 561 τῆς
634 527 725 561 δόξης
739 528 788 555 καὶ
802 529 953 563 χαρακτὴρ

138 599 141 602 ,
160 570 216 604 τῆς
228 571 436 605 ὑποστάσεως.
453 573 507 600 Καὶ
518 574 546 600 ὲν
558 574 601 600 ἑτέ
607 583 661 610 ροις
675 574 832 610 δὲ,εῐρηται·
851 576 953 604 Ἄπαύ-

137 645 140 648 ,
160 626 262 651 γασμα
275 618 331 652 γάρ
343 619 407 645 ἐστι
419 620 517 653 φωτὸς
525 620 633 652 ἀϊδίου,
648 621 697 648 καὶ
707 622 868 655 εῑσοπτρον
880 622 952 655 ἀκη-

156 662 288 690 ,ιε’δωτυν
307 663 360 698 τῆς
380 665 432 691 τοῦ
459 665 532 692 Θεοῦ
550 666 710 701 ἐνεργείας,
725 667 773 694 καὶ
787 667 874 694 εἰκὼν
898 667 952 701 τῆς

157 709 343 743 ἀγαθότητος
360 711 463 737 αὑτοῦ·
485 709 562 743 αὖθις
578 712 605 738 δὲ
625 713 639 737 ὁ
661 712 833 744 Ἀπόστολος·
857 713 951 740 Ἀπεκ-

158 754 323 790 ὃυο-ἀμενοι
338 756 391 783 τὸν
403 757 534 785 παλαιὸν
546 757 712 791 ἄνθρωπον,
728 758 777 785 καὶ
790 758 950 793 ἐνδυσάμε-

158 809 206 827 νοι
217 802 271 828 τὸν
288 801 368 835 νέον,
385 802 438 829 τὸν
451 803 707 838 ἀνακαινούμενον
721 806 763 837 εἰς
776 805 949 838 ἐπίγνωσιν,

158 847 224 874 κατ’
237 847 339 875 εἰκόνα
354 848 406 875 τοῦ
422 850 592 883 κτίσαντος,
610 850 707 884 λέγων,
724 850 803 885 δῆλός
820 852 902 883 ἐστιν,
919 851 949 877 οὐ

158 892 208 927 τὴν
231 892 319 928 σάρκα
338 893 463 929 εἰρῆσθαι
482 894 614 921 διδάσκων
636 895 684 930 τὴν
703 895 794 922 εἰκόνα
818 893 886 922 εἶναι
903 895 948 921 τοῦ

157 938 237 965 θεοῦ.
251 939 380 971 Μεταϐὰς
396 939 423 966 δὲ
439 938 516 972 αὖθις
528 941 686 976 Μάρκελλος
697 942 744 968 ἐπὶ
760 942 822 973 τοὺς
837 942 948 968 ἐπισκό-
965 931 985 959 Β

157 992 236 1017 πους,
255 981 306 1011 ὦδε
326 985 441 1021 γράφει·
462 996 470 1012 ι
507 986 571 1014 Ἰδοὺ
595 987 650 1024 γὰρ
665 988 695 1014 τὺ
718 988 789 1014 κατὰ
812 988 948 1023 Ἀστέριον

160 1039 171 1056 ε
192 1031 265 1070 ἡμᾶς
282 1031 338 1067 (l8)
358 1032 387 1058 οὐ
403 1032 529 1059 τοσοῦτον
549 1033 638 1065 λυπεῖ,
656 1034 680 1059 εί
694 1033 806 1060 τοιαῦτα
823 1033 946 1069 προήχθη

161 1086 170 1101 ι
190 1076 318 1112 γράφειν,
331 1077 388 1103 ἀλλ’
401 1078 441 1104 ὅτι
454 1078 500 1104 καί
515 1087 587 1110 τινες
600 1079 653 1105 τῶν
667 1079 830 1115 προεστάναι
840 1079 947 1106 δοκούν-

159 1132 169 1148 ι
189 1131 243 1149 των
252 1123 301 1159 τῆς
320 1123 494 1158 Ἐκκλησίας,
503 1125 552 1159 τῆς
566 1124 614 1159 μὲν
624 1125 806 1160 ἀποπολικῆς
820 1125 946 1152 ἐπιλαθό-

159 1175 169 1192 l
191 1175 266 1202 μενοι
276 1167 461 1203 παραδόσεως,
478 1169 510 1195 τὰ
522 1169 550 1194 δὲ
567 1169 666 1202 ἔξωθεν
681 1169 735 1196 τῶν
755 1170 834 1197 θείων
850 1179 945 1207 προτι-

159 1222 169 1237 ι
192 1213 337 1248 μήσαντες,
351 1214 461 1241 τοιαῦτά
473 1223 532 1241 τινα
546 1215 650 1251 γράψαι
661 1224 690 1242 τε
702 1216 749 1243 καὶ
758 1217 861 1250 διδάξαι
873 1217 946 1244 ὲτόλ-

159 1267 169 1284 ι
191 1267 292 1294 μησαν,
318 1259 336 1286 ἂ
361 1259 436 1286 οὐδὲν
457 1260 566 1287 ἔλαττον
589 1261 639 1296 τῆς
660 1262 715 1288 τῶν
738 1263 945 1299 προειρημένων

159 1314 169 1332 ι
189 1303 279 1342 ἔχεται
292 1306 406 1342 πλάνης.
428 1318 437 1334 ›
454 1309 508 1335 Καὶ
529 1309 586 1344 μεθ’
601 1309 683 1346 ἕτερα
696 1310 828 1344 ἐπιλέγει·
848 1320 857 1337 ι
888 1312 945 1337 Ἐν-

158 1361 168 1378 (
187 1352 276 1388 τυχὼν
288 1353 343 1388 γὰρ
358 1354 513 1389 Ναρκίσσου
530 1354 577 1381 τοῦ
593 1356 760 1390 Νερωνιάδπ
775 1358 944 1393 προεστῶτος

157 1407 167 1423 ε
188 1399 326 1435 ἐπιστολῇ,
339 1401 371 1435 ἢν
383 1401 504 1436 γέγραφε
517 1402 585 1437 πρὸς
599 1403 722 1438 Χρηστόν
738 1403 793 1439 (I9)
807 1413 877 1437 τινα,
898 1405 944 1431 καὶ

157 1455 167 1470 ι
188 1446 346 1485 Εὐφρόνιον,
359 1447 404 1474 καὶ
418 1447 557 1480 Εὐσέϐιον,
571 1448 608 1480 ὡς
628 1449 716 1475 Ὀσίου
729 1449 777 1476 τοῦ
793 1450 943 1478 ἐπισκόπου

158 1499 169 1516 ι
189 1491 373 1527 ἐρωτήσαντος
389 1492 481 1525 αὐτὸν,
495 1494 531 1525 εἰ,
545 1493 639 1530 ὥσπερ
654 1494 782 1527 Εὐσέϐιος
793 1496 808 1522 ὁ
821 1496 870 1531 τῆς
887 1497 943 1524 Πα-

159 1547 169 1562 ‹
191 1537 329 1572 λαιστίνης
340 1538 385 1565 δύο
399 1539 494 1571 οὐσίας
512 1537 581 1566 εἷναί
604 1549 695 1575 φησιν,
712 1540 783 1568 οὕτω
803 1543 849 1570 καὶ
862 1543 942 1575 αὐτὸς

158 1593 168 1609 ι
189 1583 274 1619 λέγοι.
288 1585 391 1619 Ἔγνων
404 1586 485 1613 αὑτὸν
495 1586 550 1622 (20)
559 1586 613 1613 ἀπὺ
629 1587 682 1613 τῶν
690 1588 858 1623 γραφέντων,
869 1590 942 1625 τρεῖς
955 1603 976 1631 C

156 1641 166 1656 ι
187 1629 256 1658 εἶναι
271 1632 407 1659 πιστεύειν
422 1633 515 1665 οὐσίας
537 1634 758 1669 ἀποκρινόμενον.
779 1644 788 1660 ι
805 1634 886 1662 Ταῦτ’
902 1637 941 1662 ει-

154 1677 223 1710 πὼν,
238 1678 292 1704 ἀπὸ
310 1678 356 1705 τοῦ
374 1678 529 1715 Ναρκίσσου
544 1680 589 1706 ἐπὶ
607 1680 653 1706 τὸν
672 1680 800 1707 Εὐσέϐιον
817 1682 942 1716 μεταϐαί-

152 1732 203 1757 νει,
224 1724 395 1760 κατηγορῶν,
413 1725 453 1751 ὅτι
467 1724 512 1751 τὸν
527 1725 612 1760 Λόγον
628 1726 675 1752 τοῦ
693 1725 759 1752 Θεοῦ
769 1746 776 1758 ,
793 1726 858 1753 Θεὸν
873 1725 941 1754 εἶναι

151 1770 288 1805 ὁμολογεῖ.
313 1771 416 1807 Γράφει
432 1771 460 1797 δὲ
477 1771 523 1798 καὶ
537 1771 601 1806 περὶ
618 1771 700 1798 αὐτοῦ
725 1771 811 1798 ταῦτα
824 1781 830 1787 ·
857 1783 865 1797 ι
885 1774 941 1799 Διε-

156 1826 164 1841 ι
185 1815 241 1842 λεῖν
255 1817 311 1852 γὰρ
322 1816 368 1843 τὸν
381 1817 466 1851 Λόγον
484 1816 530 1843 τοῦ
544 1816 610 1843 Θεοῦ
626 1817 772 1853 τολμήσας,
787 1818 833 1844 καὶ
848 1818 942 1854 ἕτερον

155 1872 165 1888 ι
185 1863 253 1890 Θεὸν
269 1864 315 1890 τὸν
338 1863 423 1897 Λόγον
443 1863 584 1898 ὀνομάσαι,
610 1863 689 1898 οὐσίᾳ
710 1872 739 1890 τε
760 1865 807 1890 καὶ
829 1864 941 1899 δυνάμει

155 1920 165 1936 α
184 1910 318 1937 διεστῶτα
342 1909 389 1936 τοῦ
406 1910 526 1946 Πατρὲις,
544 1911 583 1941 εἰς
607 1910 671 1945 ὅσην
696 1910 870 1946 βλασφημίαν
894 1912 940 1937 ἐκ-

156 1967 166 1982 ι
185 1956 340 1988 πέπτωκεν,
357 1957 444 1983 ἔνεστι
458 1957 550 1991 σαφῶς
565 1957 611 1983 ἀπ’
625 1957 713 1983 αὐτῶν
727 1957 781 1984 τῶν
795 1958 840 1984 ὐπ’
860 1958 941 1985 αὐτοῦ

155 2011 165 2027 ι
185 2002 346 2038 γραφέντων
369 2002 457 2037 ῥητῶν
482 2003 580 2038 ῥᾳδίως
602 2002 756 2038 μανθάνειν.
786 2013 794 2028 ι
817 2003 940 2039 Γέγραφε

151 2048 181 2074 δὲ
197 2049 292 2080 αὐταῖς
302 2048 405 2081 λέξεσιν
419 2048 505 2080 οὕτως
515 2058 521 2063 ·
539 2058 548 2073 ι
568 2049 605 2075 Οὐ
622 2049 653 2083 δή
667 2057 718 2075 που
730 2049 758 2075 δὲ
802 2049 883 2076 εἰκὼν
895 2051 941 2076 καὶ

153 2106 162 2120 ι
182 2095 213 2122 τδ
231 2093 262 2122 οὗ
288 2096 362 2122 ἐστιν
387 2097 403 2131 ἡ
423 2095 513 2126 εἰκὼν.
532 2095 560 2122 ἓν
586 2096 631 2122 καὶ
653 2095 751 2122 ταύτὸν
773 2097 937 2123 ἐπινοεῖται·

155 2151 164 2167 ι
183 2141 251 2168 ἁ).λά
264 2142 311 2169 δύο
327 2142 376 2177 μὲν
391 2142 491 2173 οὐσίαι,
510 2142 556 2168 καὶ
575 2142 621 2168 δύο
639 2142 805 2177 πράγματα,
826 2143 873 2169 καὶ
895 2143 941 2169 δύο

153 2197 162 2211 ι
182 2186 328 2222 δυνάμεις,
350 2183 387 2213 ὦν
407 2187 453 2213 καὶ
485 2186 611 2213 τοσαῦται
635 2186 825 2222 προσηγορίαι.
851 2196 859 2212 ι
885 2187 940 2213 Καὶ

150 2231 238 2258 ταῦτα
268 2232 305 2264 ὡς
336 2232 426 2264 καλῶς
458 2232 607 2258 διαϐάλλων
643 2232 804 2268 προστίθησι
833 2232 936 2267 λέγων·

1010 313 1019 329 ι
1039 311 1111 331 nem.
1123 305 1191 332 Nam
1207 305 1252 339 qui
1267 309 1357 340 potest
1375 304 1442 333 illud
1459 305 1530 339 ﬂeri,
1543 310 1574 333 ut
1589 306 1634 341 qui
1661 307 1790 335 Dominus

1008 359 1018 376 ι
1034 356 1062 378 et
1076 351 1146 379 Deus
1158 355 1239 378 natus
1255 356 1308 384 est,
1323 352 1394 386 quod
1407 356 1465 379 eral
1479 352 1513 379 ab
1528 352 1575 380 illo
1590 353 1617 379 in
1634 353 1789 387 praeceden-

1009 406 1017 422 l
1041 397 1112 424 tibus
1142 397 1270 432 positum.
1298 397 1344 425 Dei
1376 398 1466 433 imago
1488 398 1642 426 diceretur?
1654 398 1733 425 Aliud
1750 403 1792 425 est

1008 449 1017 465 ‹
1039 441 1138 475 quippe
1154 442 1222 467 Deus
1239 450 1246 468 :
1262 446 1288 468 et
1303 441 1390 475 imago
1405 442 1452 468 Dei
1469 442 1631 477 aliud.Ergo
1642 443 1687 477 qui
1703 443 1791 477 imago

1007 495 1016 511 ‹
1031 491 1073 513 est
1088 506 1096 519 ,
1115 494 1167 513 non
1190 491 1231 514 est
1246 487 1268 514 is
1284 487 1375 521 utique
1401 487 1531 515 Dominus
1557 492 1604 515 aut
1627 488 1714 516 Deus:
1744 490 1791 516 sed

1007 541 1017 558 ι
1040 532 1145 559 Domini
1160 532 1259 567 imago,
1277 538 1358 567 atque
1376 533 1434 562 Dei.
1456 533 1534 566 Quod
1562 533 1584 561 si
1600 533 1731 562 Dominus
1747 542 1791 561 re--

1006 588 1014 604 ι
1036 585 1098 605 vera
1117 579 1151 606 sit
1164 584 1192 606 et
1206 578 1287 611 Deus,
1302 587 1354 607 non
1367 584 1456 614 potest
1466 587 1528 607 esse
1542 580 1631 615 imago
1645 579 1690 607 Dei
1707 584 1789 615 atque

1006 633 1015 649 ι
1031 624 1145 652 Domini.
1167 634 1175 650 ι
1193 624 1254 652 11ωο
1271 625 1546 653 inconsideratissime
1561 625 1600 653 sic
1621 626 1655 653 ab
1669 625 1714 653 illo
1730 631 1788 654 sta-

1003 675 1130 697 tuuntur:
1156 671 1268 698 minime
1291 676 1381 699 autem
1411 671 1554 704 intellexit,
1587 679 1665 706 posse
1689 671 1787 699 Filium

1004 718 1033 746 vi
1049 715 1111 748 dici,
1126 716 1214 742 vivam
1238 716 1384 751 imaginem
1405 716 1496 744 Patris
1520 717 1583 749 sui,
1608 725 1669 743 cum
1685 718 1722 744 sit
1739 725 1789 744 suo

1003 759 1075 787 Patri
1093 768 1173 795 quam
1191 761 1357 788 simillimus.
1382 761 1439 789 Hoc
1458 768 1484 789 et
1507 762 1647 796 Scriptura
1674 767 1789 790 testatur

1002 806 1126 840 inquiens
1143 816 1149 833 :
1173 806 1240 834 Vixit
1264 813 1351 834 autem
1369 809 1451 834 Adam
1463 808 1588 834 ducentos
1603 817 1691 841 annos
1703 814 1727 835 et
1745 810 1789 835 tri-

1000 852 1082 886 ginta,
1098 858 1120 880 et
1141 855 1227 888 genuit
1240 854 1382 881 secundum
1399 855 1539 889 imaginem
1551 860 1574 881 et
1587 855 1788 882 similitudinem

1001 907 1075 926 suam
1101 899 1197 934 ﬁlium,
1224 908 1334 936 eumque
1362 902 1506 928 nominavit
1532 901 1593 928 Selii
1614 902 1647 928 ‘7.
1664 902 1700 928 De
1725 901 1786 928 Filii

1000 949 1089 972 autem
1104 945 1246 976 divinitate
1260 946 1404 981 Apostolus
1422 947 1512 980 docet,
1533 947 1645 974 dicens:
1662 947 1713 980 Qui
1729 956 1788 974 cum

1000 992 1026 1017 in
1045 991 1131 1025 {arma
1148 991 1195 1018 Dei
1214 993 1419 1024 exsisteret,non
1436 993 1525 1027 utique
1539 994 1659 1027 rapinam
1675 994 1789 1020 arbitra-

999 1041 1040 1062 tus
1057 1041 1093 1063 est
1103 1057 1110 1069 ,
1122 1045 1176 1063 esse
1183 1045 1210 1063 ae
1223 1038 1348 1071 wqualem
1365 1037 1419 1064 Deo
1430 1045 1439 1063 :
1453 1038 1498 1064 sed
1515 1038 1681 1071 semetipsum
1697 1039 1789 1065 exina-

999 1082 1062 1108 nivit
1079 1082 1119 1114 “‘;
1136 1087 1163 1109 et
1181 1082 1277 1109 iterum
1295 1090 1302 1108 :
1316 1082 1381 1109 Cum
1392 1088 1456 1110 esset
1470 1084 1563 1118 gloriae
1575 1085 1785 1118 resptemlescen-

998 1128 1035 1153 tia
1061 1132 1085 1154 et
1098 1129 1242 1161 emanatio,
1257 1134 1281 1156 et
1295 1130 1433 1156 character
1452 1130 1601 1164 hypostasis
1615 1130 1649 1156 δ’.
1673 1130 1706 1157 Ει
1722 1131 1786 1157 :lIIIlI

997 1173 1095 1200 dicitur
1113 1183 1120 1200 :
1137 1173 1214 1201 Lucis
1232 1176 1326 1202 etenim
1336 1181 1441 1202 interna:
1457 1182 1493 1202 est
1506 1177 1649 1209 emanatio,
1659 1182 1682 1203 et
1696 1185 1787 1210 specu-

996 1218 1050 1245 lum
1075 1220 1272 1247 immaculatum
1290 1220 1338 1247 Dei
1354 1222 1522 1255 operationis,
1545 1226 1570 1248 et
1592 1222 1679 1255 imago
1703 1222 1788 1256 ipsius

995 1265 1119 1292 bonitatis
1133 1267 1176 1299 ⁸ος
1197 1271 1224 1294 et
1242 1268 1387 1301 Apostolus
1404 1267 1491 1294 adhuc
1509 1277 1514 1294 :
1536 1267 1659 1294 Deveuiti
1678 1272 1788 1294 veterem

995 1311 1135 1344 hominem,
1151 1317 1174 1339 et
1191 1321 1286 1340 navum
1298 1313 1384 1340 induti
1399 1314 1444 1347 qui
1460 1319 1604 1340 renovatur
1620 1314 1646 1340 in
1658 1314 1788 1348 cognitio-

995 1365 1063 1389 nem,
1087 1358 1230 1384 secundum
1246 1359 1386 1393 imaginem
1400 1359 1554 1386 Conditoris
1568 1361 1602 1385 ιι.
1634 1359 1700 1393 Quae
1725 1367 1787 1387 cum

994 1402 1078 1436 dicat,
1111 1404 1177 1431 satis
1204 1408 1279 1438 patet
1310 1413 1362 1431 non
1395 1405 1511 1433 voluisse
1538 1406 1613 1433 illum
1637 1406 1789 1442 intelligere

994 1456 1104 1477 carnem
1121 1456 1181 1477 esse
1198 1449 1345 1482 imaginem
1361 1450 1417 1479 Dei.
1436 1450 1583 1479 Transiens
1600 1452 1663 1479 hinc
1678 1452 1788 1480 Marcel-

993 1494 1037 1522 lus
1047 1495 1080 1521 ad
1091 1494 1236 1529 episcopos‘
1249 1494 1285 1522 ita
1300 1495 1394 1522 scribit
1414 1495 1461 1531 [IL
1479 1496 1636 1533 LXXXVII]
1654 1506 1661 1524 :
1683 1507 1692 1523 ι
1716 1497 1787 1525 Ecce

996 1550 1006 1567 ι
1025 1548 1100 1574 vero,
1117 1549 1168 1569 non
1186 1547 1240 1569 tam
1264 1542 1363 1569 Asterii
1380 1550 1461 1570 causa
1484 1551 1535 1570 nos
1551 1550 1668 1571 mterore
1691 1543 1784 1574 allicit.

996 1597 1006 1613 ι
1026 1588 1048 1616 si
1076 1588 1139 1615 talia
1160 1588 1258 1615 litteris
1275 1589 1429 1621 mandavit,
1456 1597 1537 1624 quam
1564 1590 1635 1624 quod
1662 1589 1783 1616 nonnulli

998 1645 1007 1662 ι
1029 1636 1074 1671 qui
1085 1643 1201 1671 praeesse
1210 1636 1336 1663 videntur
1344 1636 1484 1669 Ecclesiae,
1496 1636 1650 1671 apostolica:
1664 1636 1786 1663 traditio-

996 1690 1006 1706 ι
1029 1680 1073 1707 nis
1088 1680 1177 1712 obliti.
1193 1685 1221 1707 et
1237 1681 1376 1708 smcularia
1392 1681 1490 1709 divinis
1504 1681 1691 1716 praeferentes,
1709 1682 1784 1716 cjus-

996 1736 1004 1751 ι
1025 1727 1128 1753 ρθηιοιιῐ
1144 1727 1265 1761 quaedam
1283 1727 1404 1754 scribere
1419 1732 1446 1754 et
1461 1727 1559 1754 docere
1579 1727 1668 1762 palam
1685 1727 1785 1754 fuerint

996 1781 1006 1797 ι
1029 1773 1098 1805 ausi,
1119 1781 1178 1807 qua:
1191 1781 1243 1799 non
1259 1773 1350 1800 minus
1367 1780 1447 1807 quam
1460 1773 1639 1806 praecedentia
1662 1780 1783 1800 errorem

995 1828 1003 1843 ι
1029 1819 1176 1853 implicant.
1192 1829 1201 1845 ›
1213 1819 1314 1847 Deinde
1324 1819 1462 1854 subiungit
1480 1824 1541 1855 post
1553 1819 1679 1846 nonnulla
1693 1819 1783 1846 inter-

989 1866 1080 1900 jccta:
1101 1866 1204 1892 «Incidi
1224 1866 1369 1899 aliquando
1393 1866 1420 1892 in
1449 1865 1590 1900 epistolam
1614 1873 1628 1892 a
1656 1864 1783 1892 Narcisso

995 1923 1003 1938 ι
1027 1912 1156 1947 scriptam
1172 1912 1332 1940 Neroniadis
1345 1913 1482 1947 episcopo,
1496 1920 1577 1947 quam
1588 1912 1620 1938 ad
1635 1911 1781 1939 Chrestum

994 1968 1003 1984 ‹
1026 1959 1170 1994 quemdam
1190 1959 1289 1986 direxit
1303 1963 1330 1986 et
1345 1959 1528 1993 Euphronium
1542 1978 1549 1991 ,
1567 1963 1595 1986 et
1618 1958 1763 1985 Eusebium
1774 1977 1782 1990 ,

995 2015 1004 2030 ι
1028 2005 1104 2040 quasi
1119 2005 1258 2040 proposita
1275 2005 1325 2040 ipsi
1339 2005 1373 2032 ab
1385 2004 1467 2032 Hosio
1482 2004 1608 2040 episcopo
1623 2003 1782 2038 quaestione,

994 2061 1003 2077 ι
1028 2056 1118 2078 utrum
1142 2052 1217 2086 ipse,
1245 2051 1326 2078 veluti
1354 2051 1487 2079 Eusebius
1518 2046 1690 2083 Palaestinos,
1717 2051 1784 2078 duas

995 2106 1003 2122 l
1027 2097 1193 2125 substantias
1207 2097 1349 2125 fateretur.
1361 2097 1435 2125 Hanc
1448 2097 1493 2124 ubi
1509 2097 1638 2132 legeram,
1659 2097 1782 2124 animad-

994 2153 1003 2168 ‹
1028 2143 1098 2170 verti
1133 2148 1160 2171 et
1178 2143 1265 2178 ipsum
1285 2143 1388 2178 scripto
1408 2143 1453 2171 illo
1470 2151 1520 2171 suo
1545 2148 1600 2171 tres
1615 2144 1783 2171 substantias

994 2198 1002 2215 ι
1026 2189 1136 2216 omnino
1155 2189 1292 2217 conﬁteri.
1306 2199 1318 2215 ι-
1336 2189 1398 2217 Ilaec
1413 2189 1457 2217 ubi
1476 2190 1554 2222 dixit,
1568 2196 1582 2216 a
1598 2189 1726 2217 Narcisso
1749 2189 1782 2215 ad

992 2234 1136 2262 Eusebium
1163 2235 1339 2267 transcendit,
1362 2242 1477 2270 eumque
1503 2239 1614 2263 accusat
1638 2242 1672 2262 eo
1695 2235 1782 2261 nomi-

122 2310 127 2317 '
154 2287 164 2303 ι
183 2278 247 2310 Πῶς
264 2275 310 2304 οὖν
325 2278 355 2304 οὐ
372 2277 419 2313 τὴν
434 2278 519 2313 αὐτὴν
535 2275 605 2305 οὗτοι
626 2280 681 2310 τοῖς
695 2278 793 2310 ἔξωθεν
807 2279 942 2313 κακίστην

999 2289 1035 2314 te,
1065 2281 1135 2316 quod
1156 2280 1272 2308 Verbum
1301 2281 1347 2309 Dei
1377 2281 1538 2316 proﬁteatur
1559 2280 1654 2307 Deum.
1683 2279 1783 2306 Scribit

154 2332 163 2348 ι
183 2322 243 2349 ὁδὸν
265 2322 430 2358 τραπέντας,
449 2323 484 2349 τὰ
505 2323 572 2350 αὐτὰ
593 2323 694 2357 διδάξαι
719 2333 749 2350 τε
767 2326 812 2351 καὶ
835 2325 937 2361 γράψαι

185 2395 215 2423 >3
235 2392 284 2419 Ed.
299 2391 400 2425 Paria,
412 2400 473 2427 pag.
486 2394 532 2420 ‘35.

185 2427 208 2443 ⁸⁷
225 2427 294 2455 Gen.
320 2434 346 2459 ν,
371 2428 398 2455 3.
436 2428 458 2444 ⁸⁸
473 2428 569 2464 Philip.
591 2437 622 2463 ιι,
641 2429 668 2462 6,
685 2430 711 2457 7.
749 2431 771 2447 ⁸³
788 2430 869 2459 Hebr.
883 2440 901 2465 ι,
924 2432 951 2459 '5.

186 2494 244 2559 (18?
259 2496 306 2537 ὀὐ
320 2496 468 2524 τοσοῦτον
492 2497 571 2532 ἡμᾶς
593 2497 694 2538 avni.
721 2494 851 2540 $cilicet,
877 2498 941 2540 quia

186 2537 210 2558 at
239 2538 327 2559 ancus.
353 2539 422 2559 nene
440 2540 561 2559 oaaanus
578 2533 622 2559 hic
645 2535 779 2559 Asterius.
805 2533 872 2559 Nam
898 2535 941 2559 hic

149 2531 210 2559 erat
229 2531 338 2567 laicus,
353 2539 422 2566 pene
440 2531 561 2567 paganus
578 2533 622 2560 hic
645 2534 779 2561 Asterius.
805 2533 872 2561 Nam
888 2531 942 2562 "hic

150 2566 447 2604 r_nanil'este_docetur;
474 2566 526 2595 non
556 2568 641 2596 fuisse
666 2568 741 2604 illum
772 2569 938 2604 episcopum.

148 2600 285 2638 Porrorex
303 2601 345 2638 his
369 2610 429 2636 qua:
450 2608 613 2638 sequuntur,
631 2600 832 2631 manifestarius
857 2600 941 2632 litera-

150 2637 220 2664 licus
233 2637 444 2670 deprehenditur
456 2637 610 2671 Marcellus,
625 2639 646 2666 si
660 2646 723 2666 vere
735 2639 856 2666 retulerit
869 2639 941 2667 illius

148 2672 221 2710 dicta
241 2672 395 2710 scriptaque
409 2673 549 2710 Eusebius.
559 2673 594 2700 Μ.
604 2689 640 2694 —-
650 2673 716 2710 Dein
729 2673 808 2708 vulgo
823 2674 940 2710 γράφειν

148 2712 176 2734 et
188 2707 241 2744 τῆς
256 2707 354 2744 ἀποστ.
366 2712 394 2734 et
406 2716 460 2737 om.
473 2709 528 2744 γάρ
546 2713 610 2744 post
621 2707 749 2744 ἐντυχών.

188 2716 241 2770 ττὸς
256 2716 354 2734 αποστ.
366 2716 394 2734 ει
406 2716 460 2737 om.
473 2716 528 2744 γαρ
546 2716 607 2743 post
621 2716 749 2744 εντυχων.

185 2743 209 2777 (l
234 2744 244 2777 )
264 2743 343 2776 Πρὸς
356 2744 495 2777 Χρηστόν
510 2752 586 2771 τινα.
605 2743 671 2770 Erat
691 2744 861 2777 Euphronius
880 2744 937 2779 epi-

150 2784 249 2812 scopus
271 2779 466 2811 Antioclienus,
492 2786 634 2807 successor
651 2779 770 2806 Flaccilli
787 2790 793 2807 :
816 2779 884 2813 ejus,
899 2780 934 2807 ad

149 2820 230 2849 quem
256 2817 313 2842 tres
338 2813 420 2841 hosce
445 2814 609 2849 posteriores
635 2822 700 2841 suos
725 2814 808 2842 libros
836 2819 931 2842 contra

149 2847 323 2879 lucellum,
352 2849 425 2876 misit
447 2847 588 2876 Eusebius
617 2849 773 2882 dedicatos;
800 2849 931 2877 Glirestus

149 2889 214 2911 vero
227 2884 370 2918 episcopus
385 2884 521 2919 Nysscnus
536 2885 563 2911 in
579 2884 666 2911 locum
682 2884 847 2919 Theognidis
860 2885 928 2919 pulsi

150 2925 166 2945 a
180 2919 372 2952 Constantino,
387 2924 413 2947 et
426 2919 489 2947 olim
505 2920 616 2954 depositi
630 2927 644 2946 a
662 2920 776 2948 concilio
790 2930 795 2947 ς
810 2920 857 2948 sed
871 2927 931 2948 cum

991 2330 1080 2354 autem
1098 2327 1130 2353 ad
1143 2326 1214 2354 hunc
1232 2326 1340 2355 modum
1358 2336 1365 2354 :
1390 2326 1436 2362 [IL
1449 2325 1555 2361 LXXII]
1575 2334 1584 2351 ι
1597 2324 1715 2352 Verbum
1733 2322 1781 2350 Dei

989 2432 1011 2450 ιο
1028 2431 1093 2466 Sap.
1109 2439 1143 2459 vn
1155 2452 1162 2464 ,
1179 2432 1224 2459 26.
1263 2433 1283 2447 ⁵¹
1300 2432 1356 2459 Col.
1377 2439 1417 2462 ιιι,
1430 2431 1456 2463 9,
1471 2430 1515 2458 10.

994 2499 1119 2527 videatur
1142 2499 1187 2527 hic
1202 2499 1330 2531 Arianus,
1352 2503 1380 2526 et
1394 2499 1427 2526 de
1440 2505 1473 2525 eo
1495 2502 1624 2532 tanquam
1646 2504 1695 2532 per
1716 2504 1780 2524 con-
1804 2494 1816 2532 ἵ

993 2538 1125 2570 temptem
1143 2535 1270 2570 loquatur
1286 2533 1440 2565 Marcellus,
1458 2533 1566 2567 opinor.
1580 2532 1662 2559 alium
1679 2532 1713 2559 ab
1727 2532 1780 2560 isto

991 2569 1220 2640 vuiéili'LEra-wr
1236 2604 1336 2640 αὐτόν.
1362 2603 1493 2638 Loquitur
1510 2602 1659 2640 Marcellus
1669 2602 1781 2640 lle-Eu-

990 2637 1080 2673 sebio,"
1089 2644 1117 2666 et
1135 2637 1227 2666 verum
1241 2644 1293 2672 est,
1307 2637 1477 2666 fatetur’tres
1491 2638 1595 2670 οὐσίας,
1609 2638 1656 2665 sed
1668 2637 1779 2673 Filium,

991 2679 1020 2702 et
1043 2674 1172 2709 Spiritum
1198 2680 1321 2701 sanctum
1348 2679 1457 2701 creatas
1483 2673 1659 2709 substantias.
1682 2672 1780 2709 Filium
1808 2685 1810 2687 -

991 2707 1073 2737 Patre
1093 2709 1236 2748 minorem.
1262 2708 1392 2743 Spiritum
1417 2712 1539 2748 sanctum
1554 2707 1632 2740 Filio,
1657 2708 1778 2748 liunc'in

991 2749 1122 2779 tempore,
1146 2744 1219 2779 illum
1237 2749 1299 2771 ante
1317 2750 1449 2778 tempora,
1465 2744 1667 2779 sedrcreatum;
1684 2744 1778 2779 statim

989 2777 1100 2807 accusat
1112 2787 1173 2807 eum
1188 2778 1329 2806 Marcellus
1339 2777 1435 2806 de’hoc
1448 2778 1687 2813 ipsorblaspliemo,
1698 2777 1778 2813 οὐσίᾳ

988 2815 1035 2841 καὶ
1045 2814 1156 2850 δυνάμει
1171 2814 1302 2841 διεστῶτα
1311 2812 1358 2840 τοῦ
1368 2812 1483 2850 ῌατρός.
1493 2812 1547 2840 Nec
1559 2812 1684 2850 amolitur
1694 2812 1771 2850 Ense

988 2850 1050 2877 bins
1065 2847 1134 2885 hanc
1148 2850 1359 2885 accusationem.
1374 2849 1409 2877 M.
1423 2847 1457 2869 '—
1473 2849 1536 2876 Dein
1554 2849 1635 2885 vulgo
1653 2848 1707 2876 ἀπὸ
1723 2847 1773 2875 τῶν

988 2885 1033 2912 ὐπ’
1053 2884 1133 2912 αὐτοῦ
1147 2890 1172 2912 et
1182 2881 1219 2911 ὧν
1232 2885 1278 2911 καὶ
1291 2893 1347 2912 τος,
1358 2890 1384 2912 ct
1397 2884 1558 2920 τραπόντας.

1801 2565 1813 2591 9
