2045 3215
127 176 179 205 7θ9

123 236 240 271 πικρῶς,
255 237 295 271 τῷ
308 236 391 271 μηδὲν
404 238 525 273 εἰρηκότι
540 238 641 270 πλεῖον,
656 239 693 271 ὠς
707 240 788 272 αὐτὸς
801 241 911 276 γράφει,

122 282 140 317 ἦ
156 281 187 308 τὸ
201 282 380 309 άποστολικόν
398 284 490 318 ῥητόν,
506 285 561 310 Καὶ
578 285 625 311 νῦν
647 285 698 320 μὲν
716 286 762 312 δύο
777 286 854 319 θεοὺς
870 287 912 314 λέ-

122 336 182 361 γειν
194 327 241 354 τὸν
255 328 384 355 Εὐσέϐιον
401 329 536 364 ὁμολογεῖ,
552 330 590 361 ὡς
600 331 633 357 ἂν
644 331 690 358 τὸν
704 332 767 359 Υἱὸν
778 332 825 359 τοῦ
844 334 911 359 Θεοῦ

121 372 299 407 θεολογοῡντα
316 374 364 400 σὺν
380 374 419 409 τῷ
437 375 523 411 Πατρί
534 384 540 391 ·
558 375 660 412 προῖὼν
675 378 697 404 δ’
717 379 746 405 ἐν
764 381 819 410 τοῖς
836 379 909 414 ἑξῆς,

121 418 217 454 ὥσπερ
233 419 444 455 ἐπιλελησμένος
467 419 505 449 ὦν
527 423 643 450 ἐνταῦθα
659 425 831 461 κατηγόρηκε
841 445 848 457 ,
866 426 911 453 τὸν

119 464 202 490 αὐτὸν
224 465 351 499 πειρᾶται
372 466 524 494 διαϐάλλειν
546 468 584 500 ὡς
602 468 679 503 ψιλὸν
700 470 843 506 ἄνθρωπον
866 471 911 498 τὸν

82 500 85 502 ’
119 510 238 546 Χριστὸν
245 510 315 538 εἶναι
327 512 449 546 λέγοντα.
460 513 538 549 Ἑξῆς
545 513 574 540 δὲ
582 500 637 547 τοῖς
647 500 838 551 προκειμένοις
849 517 910 543 ὲπι-

121 555 252 582 συνάπτει
262 556 361 592 πολλήν
370 566 430 584 τινα
442 560 489 586 καὶ
498 560 606 595 μακρὰν
615 560 759 597 φλυαρίαν,
767 562 801 589 τά
809 571 837 588 τε
845 562 909 589 ὅντα

119 602 154 628 τά
160 610 190 628 τε
199 602 236 638 μὴ
244 602 309 629 ὄντα
315 603 403 638 ἑαυτῷ
411 605 611 640 συνείρων(25)”
623 608 764 642 μονονουχὶ
771 607 841 634 κατὰ
848 609 909 640 τοὺς

119 648 270 683 φήσαντας.
287 648 324 675 Τὰ
334 650 420 684 χείλη
434 650 518 685 ἡμῶν
528 651 596 685 παρ’
608 652 679 686 ἡμῖν
686 653 761 685 ἐστι,
773 654 819 686 τίς
826 653 909 688 ἡμῶν

119 692 223 726 κύριός
245 692 328 725 ἐστι;
355 694 394 719 Δι’
409 691 446 720 ὧν
466 695 618 727 δείκνυται,
643 697 733 730 καθὼς
760 698 909 734 ἀρχόμενος

117 738 186 773 ἔφην
208 738 256 765 τοῦ
280 740 504 775 συγγράμματος,
528 741 558 774 ἐξ
571 742 792 780 ὑπερϐαλλούσης
809 745 908 781 ἔχθρας

118 793 147 810 τε
165 785 212 811 καὶ
229 786 405 822 μισαδελφίας
421 788 591 823 ἐπιπηδήσας
605 790 637 824 τῇ
655 791 757 826 γραφῇ.
778 791 908 823 Μεταὸὰς

117 831 140 857 δ’
163 831 196 857 ἐκ
220 831 331 865 τούτων,
359 834 494 870 Ἀστέριον
523 833 600 866 αὖθις
625 836 767 870 τραγῳδεῖ,
799 837 906 872 μακρὰν

118 877 269 905 ἀποτείνων
287 880 335 905 καὶ
357 880 421 915 περ).
444 880 526 906 αὑτοῦ
541 880 677 916 διήγησιν,
701 882 774 913 ὅπως
791 891 820 908 τε
837 884 905 909 ἁπο-

685 175 1057 212 (ΞΟΝΤΒΚΜΑΒΕΕΜΑΠΜ
1077 183 1142 212 LIB.
1163 202 1184 212 ..

1697 190 1750 218 770

927 256 950 284 Α
964 242 1102 276 transiret,
1119 243 1153 272 ,in
1166 242 1280 271 ecclesia
1291 243 1503 272 concionaretur
1517 254 1524 273 :
1538 247 1610 280 quod
1627 254 1656 275 se
1670 248 1750 277 rando

964 288 1099 316 audivisse
1116 288 1249 323 allirmat,
1278 294 1361 324 atque
1382 297 1416 317 ex
1445 291 1629 326 indignatione
1656 295 1751 323 scribit

966 333 1015 368 lit.
1036 333 1157 370 LXXIII]
1174 343 1180 361 :
1200 343 1210 360 ε
1227 334 1372 371 Apostolus
1389 336 1543 370 huiusmodi
1565 338 1748 367 testimonium

968 387 976 403 ι
999 378 1155 406 Galatarum
1172 380 1233 408 Iidei
1248 381 1373 415 perhibet
1387 390 1394 409 :
1411 382 1543 410 Eusebius
1558 389 1649 411 autem
1661 404 1669 417 .
1687 393 1749 420 pet--

964 431 974 447 t
998 431 1076 450 verso
1086 432 1167 451 sensu
1182 425 1340 460 apostolico,
1353 434 1408 461 quo
1422 427 1532 463 scripsit
1550 437 1557 456 :
1572 429 1750 465 Filioli,quos

964 476 973 493 ι
997 469 1094 496 iterum
1110 470 1243 504 parturio,
1267 471 1353 499 donec
1371 471 1529 500 eﬂormetur
1544 475 1570 500 In
1584 473 1659 502 vobis
1673 475 1750 502 Chri-

963 523 972 538 ι
996 519 1064 548 stus,
1079 514 1183 542 Galatis
1198 517 1364 544 obtrectatus
1385 522 1448 551 est,
1476 522 1504 544 ut
1528 519 1617 547 minus
1631 525 1704 548 recte
1716 522 1750 548 de

963 567 972 584 ‹
996 559 1049 586 Deo
1081 561 1272 589 sentientibus.
1294 571 1304 588 ›
1335 561 1416 590 Certe
1452 563 1577 598 inquiens
1605 567 1750 600 parturivit

960 606 1088 632 acerbum
1104 608 1247 641 quemdam
1265 613 1293 635 et
1316 608 1536 637 molestissimum
1560 616 1668 645 partum
1692 618 1747 640 tum

959 658 1019 677 ctltll
1045 652 1192 680 reaciverat
1205 653 1329 686 Galatas,
1352 662 1404 682 non
1421 655 1468 685 ita.
1495 662 1523 683 ut
1546 657 1613 691 ipse.
1639 658 1672 686 de
1696 658 1749 687 lida

959 697 1105 724 statuisse:
1126 701 1156 729 ᾖ(
1179 707 1233 726 non
1264 699 1333 727 duas
1360 701 1529 729 substantias
1558 703 1720 732 conﬁtentes
1737 724 1746 737 .

959 749 1065 771 nonres
1083 744 1149 771 duas
1163 749 1189 771 et
1201 746 1346 780 potentias,
1367 754 1420 774 non
1438 747 1505 774 duos
1521 748 1586 776 deos
1599 756 1749 784 agnoscen-

959 792 1007 815 tes.
1022 788 1088 816 Nota
1103 791 1168 817 mihi
1188 797 1280 819 autem
1296 798 1397 827 quanto
1411 800 1472 820 cum
1488 794 1549 822 felle
1562 800 1588 822 et
1600 796 1748 824 acerbitate

957 834 1124 862 convicietur
1139 836 1175 869 ei,
1194 837 1239 870 qui
1262 837 1331 865 nihil
1353 846 1465 873 prorsus
1485 839 1511 866 in
1524 841 1624 875 scripta
1645 842 1746 875 retulit,

957 884 1055 913 printer
1088 881 1160 908 nuda
1192 882 1383 918 ipsissimaque
1404 885 1526 919 Apostoli
1552 888 1644 920 verba.
1667 888 1746 923 idque

116 923 200 959 δημεῖ
214 924 281 959 (26),
297 926 345 952 καὶ
362 927 417 958 ποῖ,
439 927 486 953 καὶ
498 927 576 959 πότε,
600 928 646 954 καὶ
663 927 732 963 πρὸς
746 927 830 960 τίνας.
852 929 901 955 Kal

957 924 1038 951 etiam
1054 927 1112 960 ipso
1127 926 1235 955 favente
1247 934 1417 957 accusatore.
1430 931 1464 958 Et
1479 931 1568 960 adhuc
1583 933 1629 968 qui
1645 933 1749 963 fatetur

115 968 212 995 τούτου
228 969 256 995 δὲ
273 969 423 1006 ἀφέμενος,
438 969 515 1003 αὖθις
538 971 585 997 ἐπὶ
604 972 649 998 τὸν
668 972 714 998 τοῦ
731 973 798 999 Θεοῦ
819 974 903 1009 ἄνδρα

118 1015 249 1041 Παυλῖνον
267 1016 409 1052 τρέπεται,
427 1017 513 1044 ταῦτα
530 1018 643 1053 γράφων
667 1019 759 1051 αὐτοῖς
781 1020 901 1055 ῥήμασι·

120 1070 128 1084 ι
145 1060 256 1093 Τούτοις
268 1061 297 1088 δὲ
313 1063 369 1093 τοῖς
385 1063 477 1098 ρητοῖς
492 1064 538 1090 καὶ
557 1065 571 1090 ὸ
586 1064 681 1091 τούτου
700 1065 790 1101 πατὴρ
814 1065 903 1092 πειθό-

119 1113 128 1128 t
149 1112 238 1139 μενος,
251 1105 392 1138 Παυλῖνος,
410 1106 495 1133 ταῦτα
513 1107 601 1142 λέγειν
618 1117 648 1135 τε
665 1109 712 1135 καὶ
727 1110 843 1145 γράφειν
853 1111 903 1137 οὐκ

118 1158 128 1172 ι
147 1149 232 1181 ὀκνεῖ,
247 1151 311 1178 ποτὲ
331 1151 380 1186 μὲν
395 1152 520 1189 δεύτερον
533 1154 598 1180 Θεὸν
612 1155 699 1189 λέγων
714 1156 760 1183 τὸν
774 1157 901 1192 Χριστὸν,

118 1203 127 1218 t
149 1195 196 1222 καὶ
218 1195 311 1224 τοῦτον
339 1197 583 1236 ἀνθρωπικώτερον
614 1202 793 1237 γεγεννῆσθαι
818 1203 900 1230 Θεόν·

118 1250 127 1264 ‹
149 1241 214 1267 ποτὲ
227 1241 256 1268 δὲ
270 1242 317 1270 καὶ
334 1244 435 1279 κτίσμα
450 1246 530 1272 αὐτὸν
544 1244 613 1273 εἶναι
633 1247 824 1283 διοριζόμενος.
842 1250 902 1277 ’Ὁτι

118 1295 127 1310 t
147 1286 176 1313 δὲ
195 1287 268 1314 τοῦθ’
282 1288 369 1321 οὕτως
390 1289 463 1325 ἔχει,
487 1292 533 1318 καὶ
560 1292 629 1328 πρὸς
650 1294 725 1328 ἡμᾶς
748 1303 828 1327 ποτε,
854 1295 902 1331 τὴν

117 1340 126 1357 t
146 1332 280 1368 Ἀγκύραν
293 1333 379 1365 διῖὼν,
392 1335 493 1370 κτίσμα
502 1336 570 1363 εἶναι
579 1337 624 1363 τὸν
638 1337 753 1373 Χριστὸν
762 1339 873 1374 ἔφασκε.
890 1350 899 1366 ι

114 1377 170 1403 Καὶ
187 1377 269 1406 πάλιν
289 1379 445 1415 μυθολογῶν
461 1381 594 1418 διελέχθαι
612 1383 652 1419 τῷ
670 1384 794 1420 Παυλίνῳ
809 1387 901 1420 φησίν.

115 1424 231 1451 Ἔπειτα
250 1424 386 1453 διαϐάλλει
401 1427 446 1454 τὸν
470 1429 613 1464 μακάριον,
631 1430 669 1462 ὡς
692 1430 769 1463 θεοὺς
789 1431 902 1464 πολλοὺς

111 1470 261 1506 εἰρηκότα,
278 1472 325 1499 καὶ
349 1473 504 1501 καταλιπὼν
521 1474 567 1501 τὸν
590 1475 731 1509 Παυλῖνον,
758 1477 839 1504 πάλιν
863 1476 902 1512 τῷ

112 1517 238 1553 Εὐσεὸίῳ
254 1519 374 1554 σχολάζει
404 1521 531 1555 φάσκων·
550 1532 559 1548 t
578 1523 656 1550 οὓτω
669 1524 697 1550 δὲ
713 1524 761 1550 καὶ
773 1524 902 1556 Euax-56w;

113 1573 123 1588 ι
146 1563 161 1590 ό
179 1563 230 1599 τῆς
249 1565 414 1602 Καισαρείας
429 1569 550 1605 γέγραφε
571 1569 617 1596 καὶ
637 1570 728 1602 αὐτὸς,
751 1569 801 1606 τὴν
818 1570 902 1606 αὐτὴν

956 971 1007 998 hoc
1022 972 1124 1000 inloco
1142 973 1289 1002 Eusebium
1314 976 1382 1004 duos
1406 976 1472 1005 deos
1497 979 1629 1012 profiteri,
1650 984 1746 1015 utputa

954 1016 998 1051 qui
1022 1025 1082 1045 cum
1098 1018 1180 1047 Patre
1202 1028 1261 1054 suo,
1289 1029 1341 1048 una
1370 1027 1398 1050 et
1412 1022 1510 1050 Filium
1536 1032 1643 1059 quoque
1659 1025 1744 1053 Deum

954 1068 1083 1098 agnoscat
1096 1072 1167 1098 esse,
1183 1073 1298 1101 pergens
1314 1076 1395 1103 porro
1408 1069 1433 1096 in
1450 1071 1642 1105 sequentibus.
1660 1073 1744 1100 veluti

953 1109 994 1135 sui
1015 1109 1125 1142 oblitus,
1149 1116 1178 1139 et
1208 1114 1403 1147 accusationis,
1422 1122 1538 1144 conatur
1561 1117 1686 1145 eumdem
1716 1124 1745 1146 et

953 1154 1124 1189 calumniari,
1137 1158 1209 1192 quod
1227 1159 1329 1186 ttudum
1346 1166 1450 1188 tantum
1475 1162 1610 1190 hominem
1629 1163 1745 1192 allirmet

952 1209 1012 1230 esse
1038 1203 1190 1232 Christum.
1210 1206 1364 1235 Antedictis
1384 1209 1506 1236 annectit
1524 1209 1550 1237 in
1567 1211 1744 1245 sequentibus

954 1248 1129 1284 multiplicem
1150 1255 1178 1278 et
1198 1251 1305 1287 longam
1328 1255 1473 1288 quamdam
1500 1256 1743 1291 vaniloquentiam,

953 1294 1025 1321 entia
1041 1299 1068 1322 et
1081 1303 1133 1323 non
1143 1297 1214 1324 entia
1228 1299 1410 1333 aggregando,
1425 1304 1528 1327 tantum
1538 1309 1591 1328 non
1606 1302 1640 1329 ad
1648 1309 1743 1330 eorum

953 1347 1054 1367 morem
1068 1341 1114 1375 qui
1126 1342 1202 1370 aiunt
1216 1352 1223 1370 :
1235 1342 1317 1370 Labia
1327 1350 1416 1371 nostra
1429 1354 1507 1378 penu
1517 1354 1565 1373 nos
1576 1347 1645 1381 ipso:
1659 1352 1722 1374 sunt
1733 1355 1743 1374 :

952 1382 1038 1422 milia
1062 1389 1145 1415 nostri
1167 1389 1320 1416 dominatur
1338 1391 1383 1418 ⁵⁸7
1413 1391 1481 1420 llinc
1513 1398 1641 1428 apparet,
1672 1396 1743 1430 quod

953 1434 1062 1460 memini
1077 1435 1223 1470 scripsisse
1249 1443 1292 1463 tne
1309 1437 1343 1464 ab
1362 1437 1441 1466 initio
1462 1440 1568 1474 operis,
1597 1440 1631 1467 ab
1650 1440 1744 1469 hostili

953 1479 1092 1508 inimicitia
1104 1486 1132 1508 et
1147 1481 1268 1509 fraterno
1278 1483 1340 1510 odio
1355 1484 1389 1511 ad
1398 1485 1571 1513 scribendum
1585 1488 1743 1521 prosiluisse

952 1524 1118 1554 Marcellum.
1138 1526 1206 1554 Hinc
1223 1527 1362 1560 digreSsus
1378 1529 1404 1556 in
1423 1530 1560 1558 Asterium
1576 1532 1664 1560 denuo
1686 1539 1742 1561 tra-

952 1571 1012 1605 gice
1037 1572 1212 1607 ampullatur,
1241 1574 1309 1601 bene
1326 1574 1434 1609 longam
1462 1576 1495 1604 de
1521 1577 1567 1604 illo
1598 1579 1743 1608 instituens

114 1618 123 1633 ε
144 1608 215 1643 ἔχων
229 1609 351 1647 Παυλίνῳ
362 1620 392 1638 τε
404 1613 450 1639 καὶ
465 1615 521 1645 τοῖς
535 1612 633 1646 ἔξωθεν
650 1615 715 1650 περὶ
729 1615 796 1641 Θεοῦ
813 1615 901 1648 δόξαν.

955 1618 1150 1644 narrationem.
1163 1617 1261 1645 Narrat
1272 1622 1407 1652 quomodo
1423 1621 1523 1654 passim
1541 1625 1742 1658 peregrinetur,

113 1664 123 1680 ι
143 1655 268 1691 Γέγραφε
284 1657 349 1693 γὰρ,
363 1659 412 1694 οὐχ
432 1659 469 1690 ὡς
485 1659 561 1692 ὄντος
578 1661 658 1695 μόνου
673 1660 750 1693 Θεοῦ,
768 1661 825 1688 ἀλλ’
843 1662 902 1693 ἐνὸς

115 1709 123 1726 ι
142 1701 218 1734 ὄντος
231 1703 279 1729 τοῦ
297 1705 378 1740 μόνου
395 1705 522 1741 ἀληθινοῦ
545 1706 624 1733 Θεοῦ.
643 1707 724 1735 ’Ὅθεν
740 1708 829 1735 τοίνυν
848 1718 900 1744 μα-

115 1756 124 1772 t
144 1747 199 1774 θὼν
221 1749 268 1776 καὶ
285 1751 299 1776 ὸ
329 1751 467 1786 Ἀστερίου
492 1753 581 1788 πατὴρ
605 1753 736 1785 Παυλῖνος
755 1754 902 1790 νεωτέρους

113 1803 122 1818 t
143 1793 221 1828 θεοὺς
241 1795 310 1824 εἶναι
326 1797 403 1832 ᾤετο.
420 1808 429 1824 ι
444 1799 497 1826 Καὶ
515 1800 543 1825 ἐν
560 1800 664 1832 τούτοις
678 1800 706 1827 δὲ
719 1802 756 1832 ὡς
772 1800 840 1827 θεῶν
860 1801 903 1828 δό-

110 1838 159 1872 ξας
187 1840 346 1876 εἰσάγοντας
375 1844 506 1876 αἰτιᾶται,
535 1845 701 1880 ἀρνούμενος
736 1846 816 1878 αὐτὸς
852 1845 901 1881 τὴν

110 1885 224 1921 θεότητα
245 1887 290 1914 τοῦ
318 1889 393 1916 Υίοῦ·
420 1891 468 1916 καὶ
488 1891 675 1926 παραθέμενος
696 1892 746 1927 τὴν
771 1893 900 1919 Εὑσεὸίου

109 1931 193 1966 λέξιν,
209 1933 340 1969 συνίησιν,
358 1935 396 1967 ὡς
414 1937 463 1963 οὐκ
476 1945 509 1972 ην
524 1937 606 1964 αὑτοῦ
628 1938 644 1973 ἡ
660 1937 706 1965 τὸν
726 1939 836 1974 Πατέρα
853 1939 901 1974 μό⁴

110 1986 154 2005 νον
168 1978 294 2015 ἀληθινὸν
309 1981 374 2007 Θεὸν
392 1982 555 2009 διδάσκουσα
571 1983 657 2018 φωνὴ,
672 1983 718 2010 τοῦ
732 1983 760 2010 δὲ
775 1985 900 2020 Σωτῆρος

109 2023 187 2058 ἡμῶν
200 2024 352 2060 εἰρηκότος,
367 2027 418 2053 ἵνα
430 2027 600 2062 γινώσκωσι
612 2037 648 2055 σε
660 2029 713 2055 τεν
722 2030 820 2063 μόνον
831 2030 901 2064 ἀλη-

108 2069 193 2096 θινὸν
222 2071 311 2098 θεόν·
337 2073 384 2099 καὶ
417 2073 477 2108 μεθ’
502 2075 582 2110 ἕτερα
613 2074 774 2111 προστίθησι
803 2075 898 2109 λέγων·

111 2125 118 2139 ι
145 2115 223 2142 Ἐπεὶ
238 2117 320 2144 πόθεν
337 2119 402 2154 ἡμῖν
423 2120 454 2145 ὲκ
470 2119 525 2146 τῶν
543 2120 623 2147 θείων
638 2121 798 2156 δυνήσονται
814 2121 900 2155 δεῖξαι

110 2171 119 2186 t
142 2162 248 2198 ῥητῶν,
275 2164 316 2191 ὅτι
333 2162 374 2197 εἷς
398 2166 447 2201 μὲν
465 2166 623 2202 άγέννητος,
643 2164 683 2199 εἷς
707 2167 735 2193 δὲ
760 2167 899 2202 γεννητὸς,

110 2217 118 2231 ι
138 2207 177 2239 ὡς
197 2209 273 2236 αὐτοὶ
291 2211 469 2246 γεγεννῆσθαι
491 2213 572 2239 αὑτὸν
589 2213 819 2246 πεπιστεύκασιν;
837 2213 898 2240 οὕτε

109 2263 118 2278 ε
141 2255 296 2290 προφητῶν,
314 2256 375 2283 οὔτε
395 2257 605 2292 εὐαγγελιστῶν,
628 2258 644 2294 ἢ
662 2259 818 2286 ἀποστόλων
842 2259 897 2295 (27)

109 2309 118 2325 ‹
138 2299 211 2326 τοῦτ’
229 2302 388 2337 είρηκότων.
410 2312 419 2328 ι
439 2302 494 2330 Εἶθ’
509 2303 603 2340 ὥσπερ
618 2305 648 2332 ὲν
663 2304 754 2337 ἄθλοις
774 2306 897 2341 ἀπογρα-

105 2346 236 2382 ψάμενος,
247 2349 314 2384 ὁμοῦ
331 2350 397 2385 πρὸς
408 2350 528 2382 ἃπαντας
542 2350 796 2386 διαπληκτίσασϐαι,
814 2360 895 2387 μετα-

106 2393 194 2420 ῦαίνει
210 2395 256 2421 ἐπὶ
271 2396 316 2422 τὸν
332 2396 498 2432 Νάρκισσον,
515 2397 562 2424 καί
586 2406 668 2433 φησιν
679 2406 685 2413 ·
709 2408 718 2424 ι
738 2399 819 2424 Ὥστε
845 2398 896 2425 κᾶν

108 2449 118 2465 t
139 2441 228 2468 ἐκεῖνό
238 2450 280 2474 τις
295 2442 379 2477 λέγοι,
392 2444 604 2477 κατασκευάζων
619 2444 726 2480 πρῶτον
738 2442 808 2471 εἶναι
819 2444 896 2477 Θεὸν,

108 2497 118 2525 ς
139 2489 186 2515 καὶ
206 2488 345 2525 δεύτερον,
371 2490 409 2522 ὼς
433 2491 587 2526 Νάρκισσος
613 2492 707 2523 αὑταῖς
734 2491 823 2523 λέξεσι
849 2490 896 2525 γέ-

143 2584 172 2614 ﬁt
190 2581 241 2609 Ed.
256 2580 357 2615 Paris.,
371 2590 430 2616 pag.
449 2582 494 2609 Ξῖ.
543 2582 646 2610 "I’sal.
658 2591 694 2615 xl,
708 2583 734 2609 5.

140 2661 324 2698 (25)]Ειτυντῷ
352 2662 510 2696 συνείρων.
534 2661 617 2691 Forte
644 2663 684 2694 εἰς
709 2662 775 2691 αὐτὸ
800 2663 891 2690 συνεί-

162 2718 169 2726 .
186 2697 220 2726 II.
234 2697 338 2724 —Mox
353 2698 432 2732 vulgo
444 2697 529 2725 ἔσται.

140 2733 197 2770 (‘26)
219 2732 314 2770 ’ξοπως
326 2741 359 2760 τε
369 2732 525 2770 ὰποδῃμεῖ.
541 2733 597 2760 Ilnc
608 2737 649 2760 est
664 2732 737 2770 quod
750 2732 818 2765 dixi,
830 2741 892 2761 cur-

103 2767 350 2809 sitasselAsteI-inm
364 2775 373 2809 :_
389 2767 490 2809 ῤεῦόν
505 2768 756 2809 ει-περιφοιτητήν,
771 2770 892 2809 ιμμυιΙ-ιιο

103 2803 149 2844 illo
169 2803 511 2844 Athytaﬁusﬂgbéeryavit.
533 2803 701 2844 Περιήρχετο
718 2803 768 2835 τὰς
793 2803 893 2844 ἐνΠΣυς

123 2838 169 2874 ia.
191 2839 239 2866 καὶ
254 2838 304 2870 τὰς
326 2837 409 2870 ἄλλας
429 2837 590 2874 ἐκκλησίας,
611 2837 664 2865 etc.
686 2837 802 2880 Iterum,
824 2838 892 2865 Θεοῦ

102 2847 173 2901 ςνήο
191 2874 317 2901 I'aulinus
327 2879 379 2901 est.
394 2874 483 2901 IIIIIIIIS
502 2874 589 2900 ntalus
602 2880 682 2901 titiam
697 2879 799 2901 caeteri.
812 2874 845 2900 Μ.
857 2889 892 2894 -—

122 2875 173 2910 νήρ
191 2874 317 2901 I'aulinus
327 2874 483 2917 estut-Inus
502 2874 682 2917 ILI‘HIIIS‘QINIIII
697 2874 845 2917 creteriAM'.
857 2889 892 2917 -έ

104 2908 173 2936 Infra
197 2910 276 2944 vulgo
300 2915 361 2943 γεγ.
381 2908 447 2935 Θεὸν
464 2918 494 2936 π.
507 2908 535 2935 δὲ
558 2908 605 2935 καὶ
628 2916 670 2934 κτ.
683 2916 710 2937 et
730 2908 767 2940 ὡς
786 2909 852 2941 Θεός
867 2916 893 2937 ει

953 1662 1008 1693 ubi,
1022 1663 1139 1697 quando,
1163 1668 1190 1690 et
1211 1664 1244 1690 ad
1265 1672 1333 1698 quos
1357 1665 1414 1692 itet.
1435 1665 1551 1694 Dimisso
1568 1667 1601 1694 de
1617 1670 1741 1698 manibus

953 1707 1048 1734 iterutn
1061 1708 1116 1740 illo,
1130 1709 1155 1736 in
1166 1709 1305 1736 Paulinum
1315 1710 1402 1737 denuo
1414 1712 1592 1744 convertitur,
1603 1714 1738 1742 hominem

953 1751 1009 1784 Dei,
1027 1753 1118 1781 verbis
1140 1755 1249 1781 totidem
1265 1755 1443 1791 sct‘ibens[lI.
1460 1756 1580 1793 XXXIII]
1600 1767 1607 1785 :
1628 1768 1637 1783 ι
1659 1759 1740 1786 Dictis

955 1806 964 1823 ε
986 1798 1059 1825 hisce
1071 1800 1168 1827 'ductns
1182 1801 1296 1835 ethujus
1309 1806 1394 1835 pater,
1411 1801 1549 1836 Paulinus,
1568 1811 1620 1831 non
1633 1811 1740 1832 verezur

955 1853 964 1869 t
987 1845 1217 1881 dictisetscriptis
1229 1848 1349 1882 proliteri
1365 1849 1738 1880 interdumChristumDeum

954 1898 964 1915 t
987 1898 1048 1918 esse
1075 1892 1171 1918 ordine
1206 1893 1374 1925 secundum;
1411 1895 1590 1930 eumdetnqne
1620 1897 1739 1925 humano

953 1944 963 1961 ι
987 1944 1060 1963 more
1074 1935 1158 1964 Deum
1169 1939 1288 1973 genitum
1305 1947 1310 1965 :
1327 1940 1462 1967 interdum
1485 1949 1548 1968 vero
1571 1942 1739 1970 determinat

954 1991 962 2007 t
987 1982 1059 2010 illum
1072 1991 1132 2011 csse
1147 1989 1307 2012 creaturam.
1326 1985 1408 2020 quue
1436 1987 1473 2014 ita
1497 1993 1526 2015 ut
1540 1996 1601 2016 esse
1619 1995 1737 2021 constet.

953 2036 963 2053 ι
990 2029 1128 2055 sciendum
1149 2034 1190 2056 est
1204 2030 1278 2057 illum
1295 2031 1410 2066 Ancyrae
1427 2032 1565 2060 nobiscum
1584 2042 1737 2062 versantem

953 2082 962 2099 ι
984 2073 1148 2108 aliquando,
1174 2075 1312 2103 Christum
1340 2078 1503 2112 praedicasse
1526 2086 1684 2108 creaturam
1701 2092 1708 2110 :
1725 2092 1735 2109 ι

950 2128 1033 2156 seque
1052 2129 1112 2148 cum
1127 2129 1159 2149 eo
1175 2122 1269 2150 iniisse
1291 2123 1500 2158 disputationem
1519 2127 1660 2154 mentitur.
1686 2128 1739 2155 Ac-

951 2171 1030 2194 cusat
1043 2167 1155 2202 insuper
1172 2168 1243 2196 hunc
1259 2168 1367 2196 beatum
1383 2170 1484 2203 virum,
1498 2172 1576 2206 quasi
1589 2173 1655 2200 deos
1671 2175 1738 2200 mul-

951 2216 994 2239 tos
1009 2213 1159 2241 statuisset.
1176 2213 1281 2241 Ποικιιο
1294 2215 1401 2242 demum
1413 2215 1535 2249 Paulino,
1549 2218 1647 2245 iterum
1658 2224 1737 2246 vacat

951 2258 1065 2286 Eusebio
1072 2260 1243 2295 exagitanda,
1254 2261 1378 2296 inquiens
1385 2261 1427 2298 [ιι.
1439 2262 1484 2290 LX
1490 2263 1560 2300 XIV]
1568 2273 1590 2291 ε(
1598 2265 1654 2292 Hoc
1666 2265 1735 2292 idem

955 2313 964 2329 t
985 2306 1094 2339 scripsit
1108 2311 1136 2333 et
1151 2307 1282 2335 Eusebius
1294 2308 1479 2341 Cwsariensis,
1502 2311 1624 2338 eatndem
1642 2312 1736 2339 fovens

952 2359 961 2375 ι
985 2359 1047 2378 cum
1065 2351 1177 2379 I’aulino
1193 2358 1220 2380 et
1234 2361 1248 2380 a
1269 2354 1320 2381 title
1341 2354 1437 2382 alienis
1452 2355 1485 2382 de
1498 2355 1552 2383 Deo
1568 2356 1733 2391 opinionem.

952 2405 961 2421 t
986 2395 1103 2432 Scripsit
1126 2399 1216 2431 enim,
1235 2407 1287 2426 non
1311 2401 1386 2434 quasi
1413 2406 1483 2427 esset
1497 2402 1571 2428 solus
1590 2402 1670 2435 Deus,
1687 2404 1733 2430 sed

953 2451 962 2468 ι
987 2451 1055 2470 unus
1081 2450 1154 2472 esset
1177 2453 1258 2473 vcrus
1274 2447 1347 2474 solus
1366 2448 1444 2474 Deus.
1474 2447 1549 2475 Unde
1570 2448 1688 2480 edoctus.
1707 2454 1734 2476 et

951 2500 960 2516 ι
985 2491 1083 2518 Asterii
1103 2497 1178 2527 pater
1199 2492 1335 2526 Paulinus,
1360 2493 1483 2527 iuniores
1508 2495 1641 2529 quosdam
1669 2496 1735 2522 deos

945 2661 1032 2698 Ila-o1.
1045 2669 1079 2698 τε
1089 2660 1158 2698 ἔχων
1170 2666 1196 2698 et
1210 2661 1284 2694 όντος
1300 2662 1380 2698 μόνου
1394 2663 1440 2690 τοῦ
1454 2668 1481 2690 et
1495 2663 1542 2690 καὶ
1560 2663 1633 2690 Ἀστ,

981 2697 1037 2741 (Ξῖ)
1058 2696 1144 2741 νιιίβο
1167 2696 1347 2741 ηηάποστξεξ
1369 2698 1589 2741 άξλῃκτίσασθαι
1612 2703 1636 2741 et
1662 2697 1734 2740 ὥστε

944 2732 996 2803 Si.“
1008 2731 1567 2803 ξμέξέξῗ⁰ἐμ(ίῧῗῆξὲ⁶ἶξ.ἐπεξεληῗθῖίὲκ
1577 2733 1734 2803 Ἔξῆἓοῗέᾱ

945 2802 1010 2829 Εὖσ.
1026 2802 1106 2828 πάλιν
1118 2807 1143 2828 et
1156 2802 1306 2838 άπ;κοῆσαι
1317 2803 1389 2839 βούλ.
1403 2810 1429 2830 et
1445 2803 1569 2865 éﬁgxeew
1583 2802 1734 2839 dein’vulgo

945 2836 1005 2864 εἶτα
1024 2837 1073 2865 μὲν
1091 2845 1116 2864 τ.
1128 2836 1175 2864 ἕνα
1192 2837 1223 2864 Θ.
1237 2844 1264 2864 et
1284 2839 1408 2865 κάκεῖνος
1430 2845 1454 2865 et
1516 2839 1565 2865 τὴν
1585 2838 1666 2865 ὲλπ..
1688 2842 1734 2865 tle-

945 2836 1005 2864 εἶτα
1024 2837 1073 2872 μὲν
1091 2845 1116 2878 τ.
1128 2836 1175 2878 ἕνα
1237 2836 1264 2864 et
1276 2836 1408 2878 fixeivoq
1430 2836 1565 2878 end-rip
1585 2838 1646 2866 ὲλπ.
1657 2859 1666 2872 ,
1688 2836 1734 2878 die-

945 2881 1027 2916 nnpte
1057 2872 1134 2907 vulgo
1158 2872 1350 2908 ὁμολογοῦντι,
1377 2872 1554 2911 μεμψάμενόέ
1580 2882 1613 2909 γε
1634 2881 1661 2902 et
1686 2873 1735 2903 νῦν

946 2917 996 2935 αυτ
1004 2916 1037 2934 νν.
