  <div class='ocr_page' id='page_1' title='image "/cluster/home/n/w/nwhite01/storage/ocr_20150623/24/njp.32101077772513/393.png"; bbox 0 0 2045 3215; ppageno 0'>
   <div class='ocr_carea' id='block_1_1' title="bbox 283 171 1552 210">
    <p class='ocr_par' dir='ltr' id='par_1_1' title="bbox 283 171 1552 210">
     <span class='ocr_line' id='line_1_1' title="bbox 283 171 1552 210; baseline -0.009 -1"><span class='ocrx_word' id='word_1_1' title='bbox 283 183 331 210; x_wconf 72' lang='grc'><strong>771</strong></span> <span class='ocrx_word' id='word_1_2' title='bbox 617 178 751 207; x_wconf 83' lang='lat' dir='ltr'><strong>EUSEBII</strong></span> <span class='ocrx_word' id='word_1_3' title='bbox 771 174 1004 205; x_wconf 65' lang='grc' dir='ltr'><strong>(ΞίΕδΑΒΙΕΝΒΙΞ</strong></span> <span class='ocrx_word' id='word_1_4' title='bbox 1021 173 1096 202; x_wconf 81' lang='lat' dir='ltr'><strong>OPP&#39;.</strong></span> <span class='ocrx_word' id='word_1_5' title='bbox 1116 173 1206 201; x_wconf 76' lang='lat' dir='ltr'><strong>PARS</strong></span> <span class='ocrx_word' id='word_1_6' title='bbox 1225 173 1268 200; x_wconf 87' lang='lat' dir='ltr'><strong>IV.</strong></span> <span class='ocrx_word' id='word_1_7' title='bbox 1290 187 1323 192; x_wconf 86' lang='lat'><strong>——</strong></span> <span class='ocrx_word' id='word_1_8' title='bbox 1343 171 1552 199; x_wconf 79' lang='lat' dir='ltr'><strong>DOGMATICA.</strong></span> 
     </span>
    </p>
   </div>
   <div class='ocr_carea' id='block_1_2' title="bbox 1854 172 1906 199">
    <p class='ocr_par' dir='ltr' id='par_1_2' title="bbox 1854 172 1906 199">
     <span class='ocr_line' id='line_1_2' title="bbox 1854 172 1906 199; baseline 0.038 -2"><span class='ocrx_word' id='word_1_9' title='bbox 1854 172 1906 199; x_wconf 71' lang='lat'><strong>772</strong></span> 
     </span>
    </p>
   </div>
   <div class='ocr_carea' id='block_1_3' title="bbox 284 230 1070 271">
    <p class='ocr_par' dir='ltr' id='par_1_3' title="bbox 284 233 1068 271">
     <span class='ocr_line' id='line_1_3' title="bbox 284 233 1068 271; baseline -0.01 -4"><span class='ocrx_word' id='word_1_10' title='bbox 284 251 294 267; x_wconf 72' lang='grc' dir='ltr'><strong>ι</strong></span> <span class='ocrx_word' id='word_1_11' title='bbox 317 241 467 268; x_wconf 75' lang='lat' dir='ltr'><strong>arbitratus</strong></span> <span class='ocrx_word' id='word_1_12' title='bbox 485 243 608 267; x_wconf 85' lang='lat' dir='ltr'><strong>estesse.</strong></span> <span class='ocrx_word' id='word_1_13' title='bbox 623 247 632 264; x_wconf 78' lang='grc' dir='ltr'><strong>ι</strong></span> <span class='ocrx_word' id='word_1_14' title='bbox 648 238 733 271; x_wconf 81' lang='lat' dir='ltr'><strong>Quos,</strong></span> <span class='ocrx_word' id='word_1_15' title='bbox 747 237 827 263; x_wconf 77' lang='lat' dir='ltr'><strong>voluti</strong></span> <span class='ocrx_word' id='word_1_16' title='bbox 849 236 883 262; x_wconf 90' lang='lat' dir='ltr'><strong>de</strong></span> <span class='ocrx_word' id='word_1_17' title='bbox 897 234 948 262; x_wconf 87' lang='lat' dir='ltr'><strong>diis</strong></span> <span class='ocrx_word' id='word_1_18' title='bbox 965 233 1068 268; x_wconf 87' lang='lat' dir='ltr'><strong>opinio-</strong></span> 
     </span>
    </p>
   </div>
   <div class='ocr_carea' id='block_1_4' title="bbox 1124 230 1904 271">
    <p class='ocr_par' dir='ltr' id='par_1_4' title="bbox 1124 230 1904 268">
     <span class='ocr_line' id='line_1_4' title="bbox 1124 230 1904 268; baseline -0.001 -9"><span class='ocrx_word' id='word_1_19' title='bbox 1124 242 1131 258; x_wconf 88' lang='lat' dir='ltr'><strong>t</strong></span> <span class='ocrx_word' id='word_1_20' title='bbox 1153 241 1266 268; x_wconf 82' lang='grc' dir='ltr'><strong>γραφεν.</strong></span> <span class='ocrx_word' id='word_1_21' title='bbox 1281 231 1363 258; x_wconf 82' lang='grc' dir='ltr'><strong>Οὐδὲν</strong></span> <span class='ocrx_word' id='word_1_22' title='bbox 1384 231 1438 266; x_wconf 89' lang='grc' dir='ltr'><strong>γὰρ</strong></span> <span class='ocrx_word' id='word_1_23' title='bbox 1454 230 1712 266; x_wconf 71' lang='grc' dir='ltr'><strong>αυγχωρεῐὸλέγων·</strong></span> <span class='ocrx_word' id='word_1_24' title='bbox 1729 230 1904 266; x_wconf 75' lang='grc' dir='ltr'><strong>Ποιήσωμεν</strong></span> 
     </span>
    </p>
   </div>
   <div class='ocr_carea' id='block_1_5' title="bbox 283 281 1068 315">
    <p class='ocr_par' dir='ltr' id='par_1_5' title="bbox 283 281 1068 315">
     <span class='ocr_line' id='line_1_5' title="bbox 283 281 1068 315; baseline -0.011 -1"><span class='ocrx_word' id='word_1_25' title='bbox 283 296 330 315; x_wconf 85' lang='lat' dir='ltr'><strong>nes</strong></span> <span class='ocrx_word' id='word_1_26' title='bbox 350 287 555 314; x_wconf 83' lang='lat' dir='ltr'><strong>introducentes</strong></span> <span class='ocrx_word' id='word_1_27' title='bbox 571 289 689 315; x_wconf 83' lang='lat' dir='ltr'><strong>accusat,</strong></span> <span class='ocrx_word' id='word_1_28' title='bbox 705 291 766 310; x_wconf 89' lang='lat' dir='ltr'><strong>cum</strong></span> <span class='ocrx_word' id='word_1_29' title='bbox 779 282 839 309; x_wconf 85' lang='lat' dir='ltr'><strong>Filii</strong></span> <span class='ocrx_word' id='word_1_30' title='bbox 854 281 979 308; x_wconf 89' lang='lat' dir='ltr'><strong>deitatem</strong></span> <span class='ocrx_word' id='word_1_31' title='bbox 991 284 1068 314; x_wconf 78' lang='lat' dir='ltr'><strong>neget</strong></span> 
     </span>
    </p>
   </div>
   <div class='ocr_carea' id='block_1_6' title="bbox 282 326 1067 366">
    <p class='ocr_par' dir='ltr' id='par_1_6' title="bbox 282 326 1067 366">
     <span class='ocr_line' id='line_1_6' title="bbox 282 326 1067 366; baseline -0.009 -7"><span class='ocrx_word' id='word_1_32' title='bbox 282 335 350 366; x_wconf 86' lang='lat' dir='ltr'><strong>ipse.</strong></span> <span class='ocrx_word' id='word_1_33' title='bbox 372 332 422 364; x_wconf 86' lang='lat' dir='ltr'><strong>Qui</strong></span> <span class='ocrx_word' id='word_1_34' title='bbox 438 332 459 358; x_wconf 89' lang='lat' dir='ltr'><strong>si</strong></span> <span class='ocrx_word' id='word_1_35' title='bbox 476 331 558 357; x_wconf 85' lang='lat' dir='ltr'><strong>verba</strong></span> <span class='ocrx_word' id='word_1_36' title='bbox 587 329 736 356; x_wconf 86' lang='lat' dir='ltr'><strong>Eusebiana</strong></span> <span class='ocrx_word' id='word_1_37' title='bbox 752 334 902 362; x_wconf 85' lang='lat' dir='ltr'><strong>proponere</strong></span> <span class='ocrx_word' id='word_1_38' title='bbox 927 326 1067 356; x_wconf 84' lang='lat' dir='ltr'><strong>voluisset.</strong></span> 
     </span>
    </p>
   </div>
   <div class='ocr_carea' id='block_1_7' title="bbox 283 370 1066 410">
    <p class='ocr_par' dir='ltr' id='par_1_7' title="bbox 283 370 1066 410">
     <span class='ocr_line' id='line_1_7' title="bbox 283 370 1066 410; baseline -0.01 -6"><span class='ocrx_word' id='word_1_39' title='bbox 283 377 460 404; x_wconf 81' lang='lat' dir='ltr'><strong>intellexisset</strong></span> <span class='ocrx_word' id='word_1_40' title='bbox 476 375 568 410; x_wconf 80' lang='lat' dir='ltr'><strong>procul</strong></span> <span class='ocrx_word' id='word_1_41' title='bbox 585 374 666 400; x_wconf 88' lang='lat' dir='ltr'><strong>dubio</strong></span> <span class='ocrx_word' id='word_1_42' title='bbox 682 379 734 399; x_wconf 87' lang='lat' dir='ltr'><strong>non</strong></span> <span class='ocrx_word' id='word_1_43' title='bbox 750 372 795 399; x_wconf 86' lang='lat' dir='ltr'><strong>illa</strong></span> <span class='ocrx_word' id='word_1_44' title='bbox 805 379 876 404; x_wconf 78' lang='lat' dir='ltr'><strong>esse,</strong></span> <span class='ocrx_word' id='word_1_45' title='bbox 885 378 945 405; x_wconf 66' lang='lat' dir='ltr'><strong>quae</strong></span> <span class='ocrx_word' id='word_1_46' title='bbox 959 370 1066 397; x_wconf 80' lang='lat' dir='ltr'><strong>Patrem</strong></span> 
     </span>
    </p>
   </div>
   <div class='ocr_carea' id='block_1_8' title="bbox 282 417 1067 452">
    <p class='ocr_par' dir='ltr' id='par_1_8' title="bbox 282 417 1067 452">
     <span class='ocr_line' id='line_1_8' title="bbox 282 417 1067 452; baseline -0.009 -3"><span class='ocrx_word' id='word_1_47' title='bbox 282 423 369 449; x_wconf 86' lang='lat' dir='ltr'><strong>solum</strong></span> <span class='ocrx_word' id='word_1_48' title='bbox 382 430 475 448; x_wconf 73' lang='lat' dir='ltr'><strong>verum</strong></span> <span class='ocrx_word' id='word_1_49' title='bbox 484 421 566 447; x_wconf 91' lang='lat' dir='ltr'><strong>Deum</strong></span> <span class='ocrx_word' id='word_1_50' title='bbox 577 420 741 452; x_wconf 88' lang='lat' dir='ltr'><strong>docuissent,</strong></span> <span class='ocrx_word' id='word_1_51' title='bbox 753 426 813 445; x_wconf 92' lang='lat' dir='ltr'><strong>cum</strong></span> <span class='ocrx_word' id='word_1_52' title='bbox 823 425 838 444; x_wconf 90' lang='lat' dir='ltr'><strong>a</strong></span> <span class='ocrx_word' id='word_1_53' title='bbox 848 417 993 444; x_wconf 86' lang='lat' dir='ltr'><strong>Servatorc</strong></span> <span class='ocrx_word' id='word_1_54' title='bbox 1005 423 1067 451; x_wconf 88' lang='lat' dir='ltr'><strong>pro-</strong></span> 
     </span>
    </p>
   </div>
   <div class='ocr_carea' id='block_1_9' title="bbox 282 461 1067 500">
    <p class='ocr_par' dir='ltr' id='par_1_9' title="bbox 282 461 1067 500">
     <span class='ocr_line' id='line_1_9' title="bbox 282 461 1067 500; baseline -0.009 -5"><span class='ocrx_word' id='word_1_55' title='bbox 282 467 366 494; x_wconf 88' lang='lat' dir='ltr'><strong>latum</strong></span> <span class='ocrx_word' id='word_1_56' title='bbox 376 468 410 495; x_wconf 87' lang='lat' dir='ltr'><strong>sit</strong></span> <span class='ocrx_word' id='word_1_57' title='bbox 425 467 501 499; x_wconf 87' lang='lat' dir='ltr'><strong>illud,</strong></span> <span class='ocrx_word' id='word_1_58' title='bbox 510 471 536 492; x_wconf 86' lang='lat' dir='ltr'><strong>ut</strong></span> <span class='ocrx_word' id='word_1_59' title='bbox 548 473 572 492; x_wconf 76' lang='lat' dir='ltr'><strong>te</strong></span> <span class='ocrx_word' id='word_1_60' title='bbox 584 469 740 500; x_wconf 77' lang='lat' dir='ltr'><strong>cognoscant</strong></span> <span class='ocrx_word' id='word_1_61' title='bbox 750 463 835 490; x_wconf 71' lang='lat' dir='ltr'><strong>solum</strong></span> <span class='ocrx_word' id='word_1_62' title='bbox 848 471 935 490; x_wconf 84' lang='lat' dir='ltr'><strong>verum</strong></span> <span class='ocrx_word' id='word_1_63' title='bbox 944 462 1025 489; x_wconf 83' lang='lat' dir='ltr'><strong>Deum</strong></span> <span class='ocrx_word' id='word_1_64' title='bbox 1033 461 1067 488; x_wconf 74' lang='grc'><strong>⁵⁸.</strong></span> 
     </span>
    </p>
   </div>
   <div class='ocr_carea' id='block_1_10' title="bbox 282 507 1065 545">
    <p class='ocr_par' dir='ltr' id='par_1_10' title="bbox 282 507 1065 545">
     <span class='ocr_line' id='line_1_10' title="bbox 282 507 1065 545; baseline -0.009 -4"><span class='ocrx_word' id='word_1_65' title='bbox 282 514 349 541; x_wconf 86' lang='lat' dir='ltr'><strong>Post</strong></span> <span class='ocrx_word' id='word_1_66' title='bbox 370 512 501 540; x_wconf 88' lang='lat' dir='ltr'><strong>nonnulla</strong></span> <span class='ocrx_word' id='word_1_67' title='bbox 527 511 664 539; x_wconf 86' lang='lat' dir='ltr'><strong>subnectit</strong></span> <span class='ocrx_word' id='word_1_68' title='bbox 696 510 821 545; x_wconf 87' lang='lat' dir='ltr'><strong>inquiens</strong></span> <span class='ocrx_word' id='word_1_69' title='bbox 852 509 898 545; x_wconf 78' lang='grc' dir='ltr'><strong>[Β.</strong></span> <span class='ocrx_word' id='word_1_70' title='bbox 927 507 1032 543; x_wconf 77' lang='lat' dir='ltr'><strong>XXVII]</strong></span> <span class='ocrx_word' id='word_1_71' title='bbox 1059 517 1065 534; x_wconf 91' lang='lat'>:</span> 
     </span>
    </p>
   </div>
   <div class='ocr_carea' id='block_1_11' title="bbox 285 554 1068 594">
    <p class='ocr_par' dir='ltr' id='par_1_11' title="bbox 285 554 1068 594">
     <span class='ocr_line' id='line_1_11' title="bbox 285 554 1068 594; baseline -0.008 -8"><span class='ocrx_word' id='word_1_72' title='bbox 285 569 295 586; x_wconf 75' lang='grc' dir='ltr'><strong>ι</strong></span> <span class='ocrx_word' id='word_1_73' title='bbox 319 559 439 594; x_wconf 88' lang='lat' dir='ltr'><strong>Namque</strong></span> <span class='ocrx_word' id='word_1_74' title='bbox 463 558 534 585; x_wconf 87' lang='lat' dir='ltr'><strong>unde</strong></span> <span class='ocrx_word' id='word_1_75' title='bbox 563 557 609 585; x_wconf 91' lang='lat' dir='ltr'><strong>ille</strong></span> <span class='ocrx_word' id='word_1_76' title='bbox 629 557 708 584; x_wconf 91' lang='lat' dir='ltr'><strong>nobis</strong></span> <span class='ocrx_word' id='word_1_77' title='bbox 726 557 912 583; x_wconf 84' lang='lat' dir='ltr'><strong>demonstrare</strong></span> <span class='ocrx_word' id='word_1_78' title='bbox 936 554 1035 589; x_wconf 88' lang='lat' dir='ltr'><strong>poterit</strong></span> <span class='ocrx_word' id='word_1_79' title='bbox 1053 561 1068 580; x_wconf 90' lang='lat' dir='ltr'><strong>e</strong></span> 
     </span>
    </p>
   </div>
   <div class='ocr_carea' id='block_1_12' title="bbox 285 601 1068 640">
    <p class='ocr_par' dir='ltr' id='par_1_12' title="bbox 285 601 1068 640">
     <span class='ocr_line' id='line_1_12' title="bbox 285 601 1068 640; baseline -0.006 -8"><span class='ocrx_word' id='word_1_80' title='bbox 285 615 295 632; x_wconf 74' lang='grc' dir='ltr'><strong>ι</strong></span> <span class='ocrx_word' id='word_1_81' title='bbox 319 604 468 640; x_wconf 87' lang='lat' dir='ltr'><strong>Seripturis</strong></span> <span class='ocrx_word' id='word_1_82' title='bbox 485 604 588 634; x_wconf 85' lang='lat' dir='ltr'><strong>sacris,</strong></span> <span class='ocrx_word' id='word_1_83' title='bbox 608 610 692 629; x_wconf 89' lang='lat' dir='ltr'><strong>unum</strong></span> <span class='ocrx_word' id='word_1_84' title='bbox 719 609 779 629; x_wconf 87' lang='lat' dir='ltr'><strong>esse</strong></span> <span class='ocrx_word' id='word_1_85' title='bbox 802 601 948 636; x_wconf 74' lang='lat' dir='ltr'><strong>ingenitum</strong></span> <span class='ocrx_word' id='word_1_86' title='bbox 961 619 969 632; x_wconf 83' lang='lat'><strong>,</strong></span> <span class='ocrx_word' id='word_1_87' title='bbox 985 608 1068 627; x_wconf 89' lang='lat' dir='ltr'><strong>unum</strong></span> 
     </span>
    </p>
   </div>
   <div class='ocr_carea' id='block_1_13' title="bbox 285 647 1067 685">
    <p class='ocr_par' dir='ltr' id='par_1_13' title="bbox 285 647 1067 685">
     <span class='ocr_line' id='line_1_13' title="bbox 285 647 1067 685; baseline -0.008 -7"><span class='ocrx_word' id='word_1_88' title='bbox 285 661 294 678; x_wconf 78' lang='grc' dir='ltr'><strong>ι</strong></span> <span class='ocrx_word' id='word_1_89' title='bbox 318 652 381 678; x_wconf 87' lang='lat' dir='ltr'><strong>item</strong></span> <span class='ocrx_word' id='word_1_90' title='bbox 395 649 514 685; x_wconf 78' lang='lat' dir='ltr'><strong>genitum</strong></span> <span class='ocrx_word' id='word_1_91' title='bbox 530 651 559 680; x_wconf 57' lang='grc' dir='ltr'><em>»Β</em></span> <span class='ocrx_word' id='word_1_92' title='bbox 573 649 616 683; x_wconf 86' lang='lat' dir='ltr'><strong>(eo</strong></span> <span class='ocrx_word' id='word_1_93' title='bbox 630 647 711 674; x_wconf 90' lang='lat' dir='ltr'><strong>modo</strong></span> <span class='ocrx_word' id='word_1_94' title='bbox 725 648 854 674; x_wconf 87' lang='lat' dir='ltr'><strong>nimirum</strong></span> <span class='ocrx_word' id='word_1_95' title='bbox 867 654 921 681; x_wconf 87' lang='lat' dir='ltr'><strong>quo</strong></span> <span class='ocrx_word' id='word_1_96' title='bbox 934 653 995 674; x_wconf 88' lang='lat' dir='ltr'><strong>esse</strong></span> <span class='ocrx_word' id='word_1_97' title='bbox 1007 653 1067 673; x_wconf 89' lang='lat' dir='ltr'><strong>eum</strong></span> 
     </span>
    </p>
   </div>
   <div class='ocr_carea' id='block_1_14' title="bbox 285 696 1068 734">
    <p class='ocr_par' dir='ltr' id='par_1_14' title="bbox 285 696 1068 734">
     <span class='ocr_line' id='line_1_14' title="bbox 285 696 1068 734; baseline -0.003 -10"><span class='ocrx_word' id='word_1_98' title='bbox 285 709 293 724; x_wconf 76' lang='grc' dir='ltr'><strong>ε</strong></span> <span class='ocrx_word' id='word_1_99' title='bbox 317 700 434 734; x_wconf 73' lang='lat' dir='ltr'><strong>genitum</strong></span> <span class='ocrx_word' id='word_1_100' title='bbox 449 698 499 734; x_wconf 88' lang='lat' dir='ltr'><strong>ipsi</strong></span> <span class='ocrx_word' id='word_1_101' title='bbox 514 698 686 731; x_wconf 85' lang='lat' dir='ltr'><strong>autumant),</strong></span> <span class='ocrx_word' id='word_1_102' title='bbox 698 704 759 724; x_wconf 90' lang='lat' dir='ltr'><strong>cum</strong></span> <span class='ocrx_word' id='word_1_103' title='bbox 774 697 966 732; x_wconf 87' lang='lat' dir='ltr'><strong>prophetarum</strong></span> <span class='ocrx_word' id='word_1_104' title='bbox 980 696 1068 722; x_wconf 87' lang='lat' dir='ltr'><strong>nullus</strong></span> 
     </span>
    </p>
   </div>
   <div class='ocr_carea' id='block_1_15' title="bbox 285 741 1069 779">
    <p class='ocr_par' dir='ltr' id='par_1_15' title="bbox 285 741 1069 779">
     <span class='ocr_line' id='line_1_15' title="bbox 285 741 1069 779; baseline -0.004 -9"><span class='ocrx_word' id='word_1_105' title='bbox 285 754 294 770; x_wconf 74' lang='grc' dir='ltr'><strong>ι</strong></span> <span class='ocrx_word' id='word_1_106' title='bbox 317 750 364 772; x_wconf 90' lang='lat' dir='ltr'><strong>aut</strong></span> <span class='ocrx_word' id='word_1_107' title='bbox 382 744 622 779; x_wconf 78' lang='lat' dir='ltr'><strong>evangelistarum,</strong></span> <span class='ocrx_word' id='word_1_108' title='bbox 637 743 727 770; x_wconf 91' lang='lat' dir='ltr'><strong>nullus</strong></span> <span class='ocrx_word' id='word_1_109' title='bbox 742 742 925 777; x_wconf 87' lang='lat' dir='ltr'><strong>apostolorum</strong></span> <span class='ocrx_word' id='word_1_110' title='bbox 949 742 974 768; x_wconf 92' lang='lat' dir='ltr'><strong>id</strong></span> <span class='ocrx_word' id='word_1_111' title='bbox 997 741 1069 768; x_wconf 85' lang='lat' dir='ltr'><strong>alIlr-</strong></span> 
     </span>
    </p>
   </div>
   <div class='ocr_carea' id='block_1_16' title="bbox 284 787 1068 825">
    <p class='ocr_par' dir='ltr' id='par_1_16' title="bbox 284 787 1068 825">
     <span class='ocr_line' id='line_1_16' title="bbox 284 787 1068 825; baseline -0.004 -9"><span class='ocrx_word' id='word_1_112' title='bbox 284 800 294 816; x_wconf 86' lang='grc'><em>‹</em></span> <span class='ocrx_word' id='word_1_113' title='bbox 318 791 403 818; x_wconf 72' lang='lat' dir='ltr'><strong>met?)</strong></span> <span class='ocrx_word' id='word_1_114' title='bbox 421 791 561 825; x_wconf 87' lang='lat' dir='ltr'><strong>Deinceps,</strong></span> <span class='ocrx_word' id='word_1_115' title='bbox 582 797 636 817; x_wconf 91' lang='lat' dir='ltr'><strong>non</strong></span> <span class='ocrx_word' id='word_1_116' title='bbox 649 796 729 816; x_wconf 90' lang='lat' dir='ltr'><strong>secus</strong></span> <span class='ocrx_word' id='word_1_117' title='bbox 742 796 823 823; x_wconf 91' lang='lat' dir='ltr'><strong>quam</strong></span> <span class='ocrx_word' id='word_1_118' title='bbox 837 788 882 822; x_wconf 91' lang='lat' dir='ltr'><strong>qui</strong></span> <span class='ocrx_word' id='word_1_119' title='bbox 901 787 927 814; x_wconf 92' lang='lat' dir='ltr'><strong>in</strong></span> <span class='ocrx_word' id='word_1_120' title='bbox 942 787 1068 814; x_wconf 88' lang='lat' dir='ltr'><strong>certami-</strong></span> 
     </span>
    </p>
   </div>
   <div class='ocr_carea' id='block_1_17' title="bbox 281 834 1067 868">
    <p class='ocr_par' dir='ltr' id='par_1_17' title="bbox 281 834 1067 868">
     <span class='ocr_line' id='line_1_17' title="bbox 281 834 1067 868; baseline -0.006 -4"><span class='ocrx_word' id='word_1_121' title='bbox 281 837 361 865; x_wconf 87' lang='lat' dir='ltr'><strong>nibus</strong></span> <span class='ocrx_word' id='word_1_122' title='bbox 376 835 552 868; x_wconf 85' lang='lat' dir='ltr'><strong>describitur,</strong></span> <span class='ocrx_word' id='word_1_123' title='bbox 571 835 605 863; x_wconf 84' lang='lat' dir='ltr'><strong>ad</strong></span> <span class='ocrx_word' id='word_1_124' title='bbox 624 842 732 862; x_wconf 90' lang='lat' dir='ltr'><strong>manum</strong></span> <span class='ocrx_word' id='word_1_125' title='bbox 753 841 814 861; x_wconf 89' lang='lat' dir='ltr'><strong>cum</strong></span> <span class='ocrx_word' id='word_1_126' title='bbox 834 834 959 860; x_wconf 84' lang='lat' dir='ltr'><strong>omnibus</strong></span> <span class='ocrx_word' id='word_1_127' title='bbox 971 839 1067 860; x_wconf 85' lang='lat' dir='ltr'><strong>conse—</strong></span> 
     </span>
    </p>
   </div>
   <div class='ocr_carea' id='block_1_18' title="bbox 282 877 1065 914">
    <p class='ocr_par' dir='ltr' id='par_1_18' title="bbox 282 877 1065 914">
     <span class='ocr_line' id='line_1_18' title="bbox 282 877 1065 914; baseline -0.006 -5"><span class='ocrx_word' id='word_1_128' title='bbox 282 883 404 913; x_wconf 82' lang='lat' dir='ltr'><strong>rendam,</strong></span> <span class='ocrx_word' id='word_1_129' title='bbox 422 881 528 908; x_wconf 78' lang='lat' dir='ltr'><strong>confert</strong></span> <span class='ocrx_word' id='word_1_130' title='bbox 540 888 569 909; x_wconf 89' lang='lat' dir='ltr'><strong>se</strong></span> <span class='ocrx_word' id='word_1_131' title='bbox 582 881 614 907; x_wconf 88' lang='lat' dir='ltr'><strong>ad</strong></span> <span class='ocrx_word' id='word_1_132' title='bbox 636 880 791 907; x_wconf 81' lang='lat' dir='ltr'><strong>Narcissum</strong></span> <span class='ocrx_word' id='word_1_133' title='bbox 804 884 831 906; x_wconf 89' lang='lat' dir='ltr'><strong>et</strong></span> <span class='ocrx_word' id='word_1_134' title='bbox 847 878 946 914; x_wconf 82' lang='lat' dir='ltr'><strong>ai&#39;.[R.</strong></span> <span class='ocrx_word' id='word_1_135' title='bbox 963 877 1065 913; x_wconf 76' lang='lat' dir='ltr'><strong>LXX]:</strong></span> 
     </span>
    </p>
   </div>
   <div class='ocr_carea' id='block_1_19' title="bbox 284 914 1108 960">
    <p class='ocr_par' dir='ltr' id='par_1_19' title="bbox 284 914 1108 960">
     <span class='ocr_line' id='line_1_19' title="bbox 284 914 1108 960; baseline -0.001 -9"><span class='ocrx_word' id='word_1_136' title='bbox 284 935 294 951; x_wconf 75' lang='grc' dir='ltr'><strong>ι</strong></span> <span class='ocrx_word' id='word_1_137' title='bbox 317 926 384 960; x_wconf 80' lang='lat' dir='ltr'><strong>Quis</strong></span> <span class='ocrx_word' id='word_1_138' title='bbox 400 932 489 953; x_wconf 88' lang='lat' dir='ltr'><strong>autem</strong></span> <span class='ocrx_word' id='word_1_139' title='bbox 514 926 581 952; x_wconf 91' lang='lat' dir='ltr'><strong>illud</strong></span> <span class='ocrx_word' id='word_1_140' title='bbox 602 925 732 957; x_wconf 83' lang='lat' dir='ltr'><strong>aIIirmat,</strong></span> <span class='ocrx_word' id='word_1_141' title='bbox 753 925 849 951; x_wconf 87' lang='lat' dir='ltr'><strong>nedum</strong></span> <span class='ocrx_word' id='word_1_142' title='bbox 866 925 1022 956; x_wconf 86' lang='lat' dir='ltr'><strong>contendit,</strong></span> <span class='ocrx_word' id='word_1_143' title='bbox 1043 928 1072 950; x_wconf 93' lang='lat' dir='ltr'><strong>ut</strong></span> <span class='ocrx_word' id='word_1_144' title='bbox 1087 914 1108 943; x_wconf 72' lang='grc' dir='ltr'><strong>Β</strong></span> 
     </span>
    </p>
   </div>
   <div class='ocr_carea' id='block_1_20' title="bbox 285 970 1072 1005">
    <p class='ocr_par' dir='ltr' id='par_1_20' title="bbox 285 970 1072 1005">
     <span class='ocr_line' id='line_1_20' title="bbox 285 970 1072 1005; baseline -0.004 -6"><span class='ocrx_word' id='word_1_145' title='bbox 285 982 294 999; x_wconf 77' lang='grc' dir='ltr'><strong>ι</strong></span> <span class='ocrx_word' id='word_1_146' title='bbox 318 972 461 1000; x_wconf 86' lang='lat' dir='ltr'><strong>Narcissus</strong></span> <span class='ocrx_word' id='word_1_147' title='bbox 478 972 587 1000; x_wconf 87' lang='lat' dir='ltr'><strong>disertis</strong></span> <span class='ocrx_word' id='word_1_148' title='bbox 607 971 700 998; x_wconf 84' lang='lat' dir='ltr'><strong>verbis</strong></span> <span class='ocrx_word' id='word_1_149' title='bbox 725 971 841 1003; x_wconf 85' lang='lat' dir='ltr'><strong>asserit,</strong></span> <span class='ocrx_word' id='word_1_150' title='bbox 869 970 988 1005; x_wconf 89' lang='lat' dir='ltr'><strong>primum</strong></span> <span class='ocrx_word' id='word_1_151' title='bbox 1012 977 1072 997; x_wconf 83' lang='lat' dir='ltr'><strong>esse</strong></span> 
     </span>
    </p>
   </div>
   <div class='ocr_carea' id='block_1_21' title="bbox 285 1015 1071 1050">
    <p class='ocr_par' dir='ltr' id='par_1_21' title="bbox 285 1015 1071 1050">
     <span class='ocr_line' id='line_1_21' title="bbox 285 1015 1071 1050; baseline -0.003 -6"><span class='ocrx_word' id='word_1_152' title='bbox 285 1028 295 1043; x_wconf 75' lang='grc' dir='ltr'><strong>ι</strong></span> <span class='ocrx_word' id='word_1_153' title='bbox 319 1018 414 1050; x_wconf 86' lang='lat' dir='ltr'><strong>Deum,</strong></span> <span class='ocrx_word' id='word_1_154' title='bbox 439 1021 466 1044; x_wconf 90' lang='lat' dir='ltr'><strong>et</strong></span> <span class='ocrx_word' id='word_1_155' title='bbox 481 1017 643 1044; x_wconf 90' lang='lat' dir='ltr'><strong>secundum.</strong></span> <span class='ocrx_word' id='word_1_156' title='bbox 668 1015 726 1042; x_wconf 85' lang='lat' dir='ltr'><strong>Non</strong></span> <span class='ocrx_word' id='word_1_157' title='bbox 750 1020 826 1043; x_wconf 89' lang='lat' dir='ltr'><strong>certe</strong></span> <span class='ocrx_word' id='word_1_158' title='bbox 847 1015 991 1043; x_wconf 84' lang='lat' dir='ltr'><strong>conﬁrmat</strong></span> <span class='ocrx_word' id='word_1_159' title='bbox 1019 1015 1071 1042; x_wconf 88' lang='lat' dir='ltr'><strong>hoc</strong></span> 
     </span>
    </p>
   </div>
   <div class='ocr_carea' id='block_1_22' title="bbox 287 1061 1072 1098">
    <p class='ocr_par' dir='ltr' id='par_1_22' title="bbox 287 1061 1072 1098">
     <span class='ocr_line' id='line_1_22' title="bbox 287 1061 1072 1098; baseline -0.004 -8"><span class='ocrx_word' id='word_1_160' title='bbox 287 1073 296 1090; x_wconf 75' lang='grc' dir='ltr'><strong>ε</strong></span> <span class='ocrx_word' id='word_1_161' title='bbox 320 1065 392 1098; x_wconf 90' lang='lat' dir='ltr'><strong>quod</strong></span> <span class='ocrx_word' id='word_1_162' title='bbox 408 1063 519 1096; x_wconf 85' lang='lat' dir='ltr'><strong>dicitur,</strong></span> <span class='ocrx_word' id='word_1_163' title='bbox 534 1063 610 1095; x_wconf 85' lang='lat' dir='ltr'><strong>illud,</strong></span> <span class='ocrx_word' id='word_1_164' title='bbox 634 1061 778 1090; x_wconf 74' lang='lat' dir='ltr'><strong>Faciamus</strong></span> <span class='ocrx_word' id='word_1_165' title='bbox 801 1063 931 1089; x_wconf 80' lang='lat' dir='ltr'><strong>hominem</strong></span> <span class='ocrx_word' id='word_1_166' title='bbox 949 1061 983 1088; x_wconf 84' lang='lat' dir='ltr'><strong>ad</strong></span> <span class='ocrx_word' id='word_1_167' title='bbox 1003 1062 1072 1088; x_wconf 88' lang='lat' dir='ltr'><strong>ima-</strong></span> 
     </span>
    </p>
   </div>
   <div class='ocr_carea' id='block_1_23' title="bbox 287 1107 1069 1144">
    <p class='ocr_par' dir='ltr' id='par_1_23' title="bbox 287 1107 1069 1144">
     <span class='ocr_line' id='line_1_23' title="bbox 287 1107 1069 1144; baseline -0.004 -8"><span class='ocrx_word' id='word_1_168' title='bbox 287 1119 296 1135; x_wconf 79' lang='lat' dir='ltr'><strong>t</strong></span> <span class='ocrx_word' id='word_1_169' title='bbox 320 1117 404 1144; x_wconf 78' lang='lat' dir='ltr'><strong>ginem</strong></span> <span class='ocrx_word' id='word_1_170' title='bbox 432 1113 548 1135; x_wconf 75' lang='lat' dir='ltr'><strong>nostram</strong></span> <span class='ocrx_word' id='word_1_171' title='bbox 574 1113 600 1135; x_wconf 81' lang='lat' dir='ltr'><strong>et</strong></span> <span class='ocrx_word' id='word_1_172' title='bbox 621 1109 818 1135; x_wconf 78' lang='lat' dir='ltr'><strong>similitudinem</strong></span> <span class='ocrx_word' id='word_1_173' title='bbox 844 1108 879 1123; x_wconf 70' lang='grc' dir='ltr'><strong>ιε’</strong></span> <span class='ocrx_word' id='word_1_174' title='bbox 905 1107 976 1142; x_wconf 87' lang='lat' dir='ltr'><strong>(ipse</strong></span> <span class='ocrx_word' id='word_1_175' title='bbox 996 1107 1069 1133; x_wconf 84' lang='lat' dir='ltr'><strong>euint</strong></span> 
     </span>
    </p>
   </div>
   <div class='ocr_carea' id='block_1_24' title="bbox 284 1154 1072 1189">
    <p class='ocr_par' dir='ltr' id='par_1_24' title="bbox 284 1154 1072 1189">
     <span class='ocr_line' id='line_1_24' title="bbox 284 1154 1072 1189; baseline -0.004 -7"><span class='ocrx_word' id='word_1_176' title='bbox 284 1155 415 1182; x_wconf 88' lang='lat' dir='ltr'><strong>Dominus</strong></span> <span class='ocrx_word' id='word_1_177' title='bbox 440 1159 565 1187; x_wconf 83' lang='lat' dir='ltr'><strong>testatur,</strong></span> <span class='ocrx_word' id='word_1_178' title='bbox 581 1159 609 1181; x_wconf 92' lang='lat' dir='ltr'><strong>et</strong></span> <span class='ocrx_word' id='word_1_179' title='bbox 635 1155 732 1189; x_wconf 85' lang='lat' dir='ltr'><strong>partim</strong></span> <span class='ocrx_word' id='word_1_180' title='bbox 755 1154 906 1181; x_wconf 85' lang='lat' dir='ltr'><strong>audivimus</strong></span> <span class='ocrx_word' id='word_1_181' title='bbox 932 1161 947 1180; x_wconf 87' lang='lat' dir='ltr'><strong>a</strong></span> <span class='ocrx_word' id='word_1_182' title='bbox 970 1154 1072 1180; x_wconf 85' lang='lat' dir='ltr'><strong>sanctis</strong></span> 
     </span>
    </p>
   </div>
   <div class='ocr_carea' id='block_1_25' title="bbox 284 1199 1071 1236">
    <p class='ocr_par' dir='ltr' id='par_1_25' title="bbox 284 1199 1071 1236">
     <span class='ocr_line' id='line_1_25' title="bbox 284 1199 1071 1236; baseline -0.004 -8"><span class='ocrx_word' id='word_1_183' title='bbox 284 1202 442 1236; x_wconf 80' lang='lat' dir='ltr'><strong>Scripturis,</strong></span> <span class='ocrx_word' id='word_1_184' title='bbox 456 1202 518 1236; x_wconf 85' lang='lat' dir='ltr'><strong>quia</strong></span> <span class='ocrx_word' id='word_1_185' title='bbox 542 1202 600 1236; x_wconf 82' lang='lat' dir='ltr'><strong>ipse</strong></span> <span class='ocrx_word' id='word_1_186' title='bbox 617 1201 753 1235; x_wconf 87' lang='lat' dir='ltr'><strong>ipsiusque</strong></span> <span class='ocrx_word' id='word_1_187' title='bbox 773 1200 854 1227; x_wconf 82' lang='lat' dir='ltr'><strong>Pater</strong></span> <span class='ocrx_word' id='word_1_188' title='bbox 875 1201 928 1226; x_wconf 90' lang='lat' dir='ltr'><strong>duo</strong></span> <span class='ocrx_word' id='word_1_189' title='bbox 952 1204 1024 1227; x_wconf 86' lang='lat' dir='ltr'><strong>sunt.</strong></span> <span class='ocrx_word' id='word_1_190' title='bbox 1043 1199 1071 1226; x_wconf 88' lang='lat' dir='ltr'><strong>Si</strong></span> 
     </span>
    </p>
   </div>
   <div class='ocr_carea' id='block_1_26' title="bbox 284 1244 1071 1283">
    <p class='ocr_par' dir='ltr' id='par_1_26' title="bbox 284 1244 1071 1283">
     <span class='ocr_line' id='line_1_26' title="bbox 284 1244 1071 1283; baseline -0.006 -8"><span class='ocrx_word' id='word_1_191' title='bbox 284 1256 352 1283; x_wconf 66' lang='lat' dir='ltr'><strong>ergo</strong></span> <span class='ocrx_word' id='word_1_192' title='bbox 366 1247 509 1274; x_wconf 85' lang='lat' dir='ltr'><strong>Narcissus</strong></span> <span class='ocrx_word' id='word_1_193' title='bbox 521 1247 622 1273; x_wconf 88' lang='lat' dir='ltr'><strong>idcirco</strong></span> <span class='ocrx_word' id='word_1_194' title='bbox 637 1246 701 1273; x_wconf 88' lang='lat' dir='ltr'><strong>velit</strong></span> <span class='ocrx_word' id='word_1_195' title='bbox 714 1246 810 1273; x_wconf 84' lang='lat' dir='ltr'><strong>Filium</strong></span> <span class='ocrx_word' id='word_1_196' title='bbox 826 1253 840 1272; x_wconf 88' lang='lat' dir='ltr'><strong>a</strong></span> <span class='ocrx_word' id='word_1_197' title='bbox 860 1244 940 1271; x_wconf 83' lang='lat' dir='ltr'><strong>Patre</strong></span> <span class='ocrx_word' id='word_1_198' title='bbox 952 1245 1071 1278; x_wconf 82' lang='lat' dir='ltr'><strong>potentia</strong></span> 
     </span>
    </p>
   </div>
   <div class='ocr_carea' id='block_1_27' title="bbox 285 1289 1072 1326">
    <p class='ocr_par' dir='ltr' id='par_1_27' title="bbox 285 1289 1072 1326">
     <span class='ocr_line' id='line_1_27' title="bbox 285 1289 1072 1326; baseline -0.006 -6"><span class='ocrx_word' id='word_1_199' title='bbox 285 1293 423 1325; x_wconf 84' lang='lat' dir='ltr'><strong>dividere,</strong></span> <span class='ocrx_word' id='word_1_200' title='bbox 449 1293 556 1319; x_wconf 88' lang='lat' dir='ltr'><strong>noverit</strong></span> <span class='ocrx_word' id='word_1_201' title='bbox 577 1292 640 1326; x_wconf 87' lang='lat' dir='ltr'><strong>quia</strong></span> <span class='ocrx_word' id='word_1_202' title='bbox 669 1291 712 1318; x_wconf 90' lang='lat' dir='ltr'><strong>ille</strong></span> <span class='ocrx_word' id='word_1_203' title='bbox 736 1291 782 1325; x_wconf 85' lang='lat' dir='ltr'><strong>qui</strong></span> <span class='ocrx_word' id='word_1_204' title='bbox 808 1290 917 1323; x_wconf 87' lang='lat' dir='ltr'><strong>scripsit</strong></span> <span class='ocrx_word' id='word_1_205' title='bbox 944 1289 1072 1324; x_wconf 81' lang='lat' dir='ltr'><strong>propheta</strong></span> 
     </span>
    </p>
   </div>
   <div class='ocr_carea' id='block_1_28' title="bbox 287 1335 1074 1374">
    <p class='ocr_par' dir='ltr' id='par_1_28' title="bbox 287 1335 1074 1374">
     <span class='ocr_line' id='line_1_28' title="bbox 287 1335 1074 1374; baseline -0.006 -8"><span class='ocrx_word' id='word_1_206' title='bbox 287 1340 364 1374; x_wconf 81' lang='lat' dir='ltr'><strong>quasi</strong></span> <span class='ocrx_word' id='word_1_207' title='bbox 382 1340 451 1366; x_wconf 87' lang='lat' dir='ltr'><strong>Deus</strong></span> <span class='ocrx_word' id='word_1_208' title='bbox 471 1339 570 1365; x_wconf 85' lang='lat' dir='ltr'><strong>dixerit</strong></span> <span class='ocrx_word' id='word_1_209' title='bbox 589 1346 596 1364; x_wconf 92' lang='lat'>:</span> <span class='ocrx_word' id='word_1_210' title='bbox 623 1337 765 1364; x_wconf 72' lang='lat' dir='ltr'><strong>Faciamus</strong></span> <span class='ocrx_word' id='word_1_211' title='bbox 778 1337 907 1363; x_wconf 74' lang='lat' dir='ltr'><strong>hominem</strong></span> <span class='ocrx_word' id='word_1_212' title='bbox 925 1337 959 1362; x_wconf 80' lang='lat' dir='ltr'><strong>ad</strong></span> <span class='ocrx_word' id='word_1_213' title='bbox 981 1335 1074 1374; x_wconf 71' lang='lat' dir='ltr'><strong>imagi-</strong></span> 
     </span>
    </p>
   </div>
   <div class='ocr_carea' id='block_1_29' title="bbox 288 1373 1071 1417">
    <p class='ocr_par' dir='ltr' id='par_1_29' title="bbox 288 1373 1071 1417">
     <span class='ocr_line' id='line_1_29' title="bbox 288 1373 1071 1417; baseline -0.005 -5"><span class='ocrx_word' id='word_1_214' title='bbox 288 1373 303 1411; x_wconf 23' lang='lat' dir='ltr'><strong>ti</strong></span> <span class='ocrx_word' id='word_1_215' title='bbox 319 1393 376 1412; x_wconf 84' lang='lat' dir='ltr'><strong>nem</strong></span> <span class='ocrx_word' id='word_1_216' title='bbox 401 1389 520 1411; x_wconf 67' lang='lat' dir='ltr'><strong>nostram</strong></span> <span class='ocrx_word' id='word_1_217' title='bbox 544 1389 568 1411; x_wconf 81' lang='lat' dir='ltr'><strong>et</strong></span> <span class='ocrx_word' id='word_1_218' title='bbox 594 1383 815 1417; x_wconf 63' lang='lat' dir='ltr'><strong>similitudinem),</strong></span> <span class='ocrx_word' id='word_1_219' title='bbox 847 1383 904 1416; x_wconf 88' lang='lat' dir='ltr'><strong>ipse</strong></span> <span class='ocrx_word' id='word_1_220' title='bbox 920 1382 981 1408; x_wconf 85' lang='lat' dir='ltr'><strong>ait:</strong></span> <span class='ocrx_word' id='word_1_221' title='bbox 1004 1390 1013 1406; x_wconf 74' lang='grc' dir='ltr'>α</span> <span class='ocrx_word' id='word_1_222' title='bbox 1038 1373 1071 1408; x_wconf 70' lang='lat' dir='ltr'><strong>Et</strong></span> 
     </span>
    </p>
   </div>
   <div class='ocr_carea' id='block_1_30' title="bbox 290 1428 1072 1466">
    <p class='ocr_par' dir='ltr' id='par_1_30' title="bbox 290 1428 1072 1466">
     <span class='ocr_line' id='line_1_30' title="bbox 290 1428 1072 1466; baseline -0.005 -8"><span class='ocrx_word' id='word_1_223' title='bbox 290 1441 300 1458; x_wconf 72' lang='grc' dir='ltr'><strong>ε</strong></span> <span class='ocrx_word' id='word_1_224' title='bbox 321 1431 383 1466; x_wconf 66' lang='grc' dir='ltr'><strong>[πει</strong></span> <span class='ocrx_word' id='word_1_225' title='bbox 419 1431 552 1458; x_wconf 82' lang='lat' dir='ltr'><strong>hominem</strong></span> <span class='ocrx_word' id='word_1_226' title='bbox 581 1430 661 1456; x_wconf 73' lang='lat' dir='ltr'><strong>Deus.</strong></span> <span class='ocrx_word' id='word_1_227' title='bbox 695 1439 704 1455; x_wconf 79' lang='grc' dir='ltr'><strong>ι</strong></span> <span class='ocrx_word' id='word_1_228' title='bbox 734 1429 838 1456; x_wconf 69' lang='lat' dir='ltr'><strong>Relicto</strong></span> <span class='ocrx_word' id='word_1_229' title='bbox 867 1428 1013 1460; x_wconf 74' lang='lat' dir='ltr'><strong>Narcisso.</strong></span> <span class='ocrx_word' id='word_1_230' title='bbox 1046 1428 1072 1455; x_wconf 94' lang='lat' dir='ltr'><strong>in</strong></span> 
     </span>
    </p>
   </div>
   <div class='ocr_carea' id='block_1_31' title="bbox 287 1474 1071 1512">
    <p class='ocr_par' dir='ltr' id='par_1_31' title="bbox 287 1474 1071 1512">
     <span class='ocr_line' id='line_1_31' title="bbox 287 1474 1071 1512; baseline -0.005 -8"><span class='ocrx_word' id='word_1_231' title='bbox 287 1477 422 1505; x_wconf 80' lang='lat' dir='ltr'><strong>Asterium</strong></span> <span class='ocrx_word' id='word_1_232' title='bbox 439 1477 535 1504; x_wconf 89' lang='lat' dir='ltr'><strong>scribit</strong></span> <span class='ocrx_word' id='word_1_233' title='bbox 552 1476 598 1512; x_wconf 71' lang='grc' dir='ltr'><strong>[Β.</strong></span> <span class='ocrx_word' id='word_1_234' title='bbox 618 1474 710 1511; x_wconf 78' lang='lat' dir='ltr'>LXIII]</span> <span class='ocrx_word' id='word_1_235' title='bbox 731 1483 764 1501; x_wconf 71' lang='grc' dir='ltr'>τι</span> <span class='ocrx_word' id='word_1_236' title='bbox 786 1475 874 1502; x_wconf 90' lang='lat' dir='ltr'><strong>Unum</strong></span> <span class='ocrx_word' id='word_1_237' title='bbox 900 1480 981 1509; x_wconf 86' lang='lat' dir='ltr'><strong>atque</strong></span> <span class='ocrx_word' id='word_1_238' title='bbox 1001 1475 1071 1501; x_wconf 85' lang='lat' dir='ltr'><strong>idem</strong></span> 
     </span>
    </p>
   </div>
   <div class='ocr_carea' id='block_1_32' title="bbox 288 1521 1073 1556">
    <p class='ocr_par' dir='ltr' id='par_1_32' title="bbox 288 1521 1073 1556">
     <span class='ocr_line' id='line_1_32' title="bbox 288 1521 1073 1556; baseline -0.003 -8"><span class='ocrx_word' id='word_1_239' title='bbox 288 1532 297 1548; x_wconf 80' lang='grc' dir='ltr'>ι</span> <span class='ocrx_word' id='word_1_240' title='bbox 317 1529 376 1550; x_wconf 87' lang='lat' dir='ltr'><strong>esse</strong></span> <span class='ocrx_word' id='word_1_241' title='bbox 383 1523 539 1556; x_wconf 84' lang='lat' dir='ltr'><strong>pronuntiat</strong></span> <span class='ocrx_word' id='word_1_242' title='bbox 550 1522 683 1553; x_wconf 80' lang='lat' dir='ltr'><strong>Asterius,</strong></span> <span class='ocrx_word' id='word_1_243' title='bbox 694 1521 801 1548; x_wconf 87' lang='lat' dir='ltr'><strong>Patrem</strong></span> <span class='ocrx_word' id='word_1_244' title='bbox 813 1521 981 1548; x_wconf 85' lang='lat' dir='ltr'><strong>solummodo</strong></span> <span class='ocrx_word' id='word_1_245' title='bbox 993 1527 1073 1555; x_wconf 91' lang='lat' dir='ltr'><strong>atque</strong></span> 
     </span>
    </p>
   </div>
   <div class='ocr_carea' id='block_1_33' title="bbox 288 1565 1072 1602">
    <p class='ocr_par' dir='ltr' id='par_1_33' title="bbox 288 1565 1072 1602">
     <span class='ocr_line' id='line_1_33' title="bbox 288 1565 1072 1602; baseline 0.001 -11"><span class='ocrx_word' id='word_1_246' title='bbox 288 1576 297 1591; x_wconf 76' lang='grc' dir='ltr'><strong>ι</strong></span> <span class='ocrx_word' id='word_1_247' title='bbox 317 1565 415 1594; x_wconf 82' lang='lat' dir='ltr'><strong>Filium</strong></span> <span class='ocrx_word' id='word_1_248' title='bbox 444 1566 470 1593; x_wconf 87' lang='lat' dir='ltr'><strong>in</strong></span> <span class='ocrx_word' id='word_1_249' title='bbox 496 1573 529 1594; x_wconf 91' lang='lat' dir='ltr'><strong>eo</strong></span> <span class='ocrx_word' id='word_1_250' title='bbox 552 1566 623 1602; x_wconf 91' lang='lat' dir='ltr'><strong>quod</strong></span> <span class='ocrx_word' id='word_1_251' title='bbox 653 1574 700 1601; x_wconf 84' lang='lat' dir='ltr'><strong>per</strong></span> <span class='ocrx_word' id='word_1_252' title='bbox 724 1566 813 1592; x_wconf 91' lang='lat' dir='ltr'><strong>omnia</strong></span> <span class='ocrx_word' id='word_1_253' title='bbox 845 1566 1019 1593; x_wconf 85' lang='lat' dir='ltr'><strong>consentiant</strong></span> <span class='ocrx_word' id='word_1_254' title='bbox 1044 1570 1072 1593; x_wconf 93' lang='lat' dir='ltr'><strong>et</strong></span> 
     </span>
    </p>
   </div>
   <div class='ocr_carea' id='block_1_34' title="bbox 288 1611 1068 1646">
    <p class='ocr_par' dir='ltr' id='par_1_34' title="bbox 288 1611 1068 1646">
     <span class='ocr_line' id='line_1_34' title="bbox 288 1611 1068 1646; baseline 0.001 -9"><span class='ocrx_word' id='word_1_255' title='bbox 288 1621 297 1636; x_wconf 72' lang='grc' dir='ltr'><strong>ε</strong></span> <span class='ocrx_word' id='word_1_256' title='bbox 320 1612 498 1646; x_wconf 88' lang='lat' dir='ltr'><strong>conspirent;</strong></span> <span class='ocrx_word' id='word_1_257' title='bbox 533 1612 572 1639; x_wconf 87' lang='lat' dir='ltr'><strong>ait</strong></span> <span class='ocrx_word' id='word_1_258' title='bbox 591 1613 664 1639; x_wconf 90' lang='lat' dir='ltr'><strong>enim</strong></span> <span class='ocrx_word' id='word_1_259' title='bbox 686 1621 693 1638; x_wconf 88' lang='lat'>:</span> <span class='ocrx_word' id='word_1_260' title='bbox 720 1611 835 1646; x_wconf 86' lang='lat' dir='ltr'><strong>Propter</strong></span> <span class='ocrx_word' id='word_1_261' title='bbox 865 1613 1068 1639; x_wconf 80' lang='lat' dir='ltr'><strong>exactissiinam</strong></span> 
     </span>
    </p>
   </div>
   <div class='ocr_carea' id='block_1_35' title="bbox 288 1657 1070 1690">
    <p class='ocr_par' dir='ltr' id='par_1_35' title="bbox 288 1657 1070 1690">
     <span class='ocr_line' id='line_1_35' title="bbox 288 1657 1070 1690; baseline 0 -7"><span class='ocrx_word' id='word_1_262' title='bbox 288 1667 297 1682; x_wconf 74' lang='grc' dir='ltr'><strong>ι</strong></span> <span class='ocrx_word' id='word_1_263' title='bbox 324 1657 396 1684; x_wconf 84' lang='lat' dir='ltr'><strong>illam</strong></span> <span class='ocrx_word' id='word_1_264' title='bbox 430 1657 636 1685; x_wconf 86' lang='lat' dir='ltr'><strong>consonantiam</strong></span> <span class='ocrx_word' id='word_1_265' title='bbox 667 1660 692 1683; x_wconf 92' lang='lat' dir='ltr'><strong>in</strong></span> <span class='ocrx_word' id='word_1_266' title='bbox 725 1657 850 1684; x_wconf 90' lang='lat' dir='ltr'><strong>omnibus</strong></span> <span class='ocrx_word' id='word_1_267' title='bbox 879 1657 960 1684; x_wconf 87' lang='lat' dir='ltr'><strong>dictis</strong></span> <span class='ocrx_word' id='word_1_268' title='bbox 990 1662 1070 1690; x_wconf 87' lang='lat' dir='ltr'><strong>atque</strong></span> 
     </span>
    </p>
   </div>
   <div class='ocr_carea' id='block_1_36' title="bbox 289 1701 1068 1737">
    <p class='ocr_par' dir='ltr' id='par_1_36' title="bbox 289 1701 1068 1737">
     <span class='ocr_line' id='line_1_36' title="bbox 289 1701 1068 1737; baseline -0.001 -9"><span class='ocrx_word' id='word_1_269' title='bbox 289 1712 298 1728; x_wconf 79' lang='grc' dir='ltr'>ι</span> <span class='ocrx_word' id='word_1_270' title='bbox 322 1704 410 1736; x_wconf 73' lang='lat' dir='ltr'><strong>factis,</strong></span> <span class='ocrx_word' id='word_1_271' title='bbox 438 1703 537 1730; x_wconf 90' lang='lat' dir='ltr'><strong>dicitur</strong></span> <span class='ocrx_word' id='word_1_272' title='bbox 551 1711 558 1730; x_wconf 88' lang='lat'><strong>:</strong></span> <span class='ocrx_word' id='word_1_273' title='bbox 573 1701 628 1737; x_wconf 83' lang='lat' dir='ltr'><strong>Ego</strong></span> <span class='ocrx_word' id='word_1_274' title='bbox 644 1708 667 1729; x_wconf 85' lang='lat' dir='ltr'><strong>et</strong></span> <span class='ocrx_word' id='word_1_275' title='bbox 689 1701 770 1728; x_wconf 81' lang='lat' dir='ltr'><strong>Pater</strong></span> <span class='ocrx_word' id='word_1_276' title='bbox 793 1709 873 1728; x_wconf 86' lang='lat' dir='ltr'><strong>unum</strong></span> <span class='ocrx_word' id='word_1_277' title='bbox 890 1709 979 1728; x_wconf 77' lang='lat' dir='ltr'><strong>sumus</strong></span> <span class='ocrx_word' id='word_1_278' title='bbox 1005 1701 1038 1728; x_wconf 80' lang='grc'><strong>⁸⁷.</strong></span> <span class='ocrx_word' id='word_1_279' title='bbox 1059 1711 1068 1727; x_wconf 75' lang='grc' dir='ltr'><strong>ι</strong></span> 
     </span>
    </p>
   </div>
   <div class='ocr_carea' id='block_1_37' title="bbox 286 1747 1069 1783">
    <p class='ocr_par' dir='ltr' id='par_1_37' title="bbox 286 1747 1069 1783">
     <span class='ocr_line' id='line_1_37' title="bbox 286 1747 1069 1783; baseline -0.003 -7"><span class='ocrx_word' id='word_1_280' title='bbox 286 1749 422 1777; x_wconf 85' lang='lat' dir='ltr'><strong>Invehitur</strong></span> <span class='ocrx_word' id='word_1_281' title='bbox 442 1750 539 1777; x_wconf 91' lang='lat' dir='ltr'><strong>deinde</strong></span> <span class='ocrx_word' id='word_1_282' title='bbox 564 1749 590 1776; x_wconf 92' lang='lat' dir='ltr'><strong>in</strong></span> <span class='ocrx_word' id='word_1_283' title='bbox 618 1748 762 1776; x_wconf 80' lang='lat' dir='ltr'><strong>Eusebium</strong></span> <span class='ocrx_word' id='word_1_284' title='bbox 788 1749 824 1774; x_wconf 86' lang='lat' dir='ltr'><strong>ita</strong></span> <span class='ocrx_word' id='word_1_285' title='bbox 839 1747 883 1783; x_wconf 72' lang='grc' dir='ltr'><strong>[Β.</strong></span> <span class='ocrx_word' id='word_1_286' title='bbox 901 1747 1044 1783; x_wconf 75' lang='lat' dir='ltr'><strong>LXXXIX]</strong></span> <span class='ocrx_word' id='word_1_287' title='bbox 1062 1756 1069 1774; x_wconf 91' lang='lat'>:</span> 
     </span>
    </p>
   </div>
   <div class='ocr_carea' id='block_1_38' title="bbox 289 1790 1072 1829">
    <p class='ocr_par' dir='ltr' id='par_1_38' title="bbox 289 1790 1072 1829">
     <span class='ocr_line' id='line_1_38' title="bbox 289 1790 1072 1829; baseline -0.004 -5"><span class='ocrx_word' id='word_1_288' title='bbox 289 1806 298 1823; x_wconf 73' lang='grc' dir='ltr'><strong>ι</strong></span> <span class='ocrx_word' id='word_1_289' title='bbox 323 1797 497 1824; x_wconf 85' lang='lat' dir='ltr'><strong>Servatorem</strong></span> <span class='ocrx_word' id='word_1_290' title='bbox 517 1796 654 1823; x_wconf 84' lang='lat' dir='ltr'><strong>hominem</strong></span> <span class='ocrx_word' id='word_1_291' title='bbox 672 1795 756 1822; x_wconf 82' lang='lat' dir='ltr'><strong>fui55e</strong></span> <span class='ocrx_word' id='word_1_292' title='bbox 774 1795 872 1822; x_wconf 87' lang='lat' dir='ltr'><strong>docet:</strong></span> <span class='ocrx_word' id='word_1_293' title='bbox 891 1790 1072 1829; x_wconf 62' lang='lat' dir='ltr'><strong>idque&#39;liquet</strong></span> 
     </span>
    </p>
   </div>
   <div class='ocr_carea' id='block_1_39' title="bbox 288 1841 1070 1877">
    <p class='ocr_par' dir='ltr' id='par_1_39' title="bbox 288 1841 1070 1877">
     <span class='ocr_line' id='line_1_39' title="bbox 288 1841 1070 1877; baseline -0.004 -7"><span class='ocrx_word' id='word_1_294' title='bbox 288 1853 297 1869; x_wconf 73' lang='grc' dir='ltr'><strong>ε</strong></span> <span class='ocrx_word' id='word_1_295' title='bbox 324 1844 349 1870; x_wconf 93' lang='lat' dir='ltr'><strong>in</strong></span> <span class='ocrx_word' id='word_1_296' title='bbox 373 1851 406 1870; x_wconf 93' lang='lat' dir='ltr'><strong>eo</strong></span> <span class='ocrx_word' id='word_1_297' title='bbox 429 1843 500 1877; x_wconf 91' lang='lat' dir='ltr'><strong>quod</strong></span> <span class='ocrx_word' id='word_1_298' title='bbox 527 1843 674 1870; x_wconf 83' lang='lat' dir='ltr'><strong>vaferrime</strong></span> <span class='ocrx_word' id='word_1_299' title='bbox 701 1842 863 1869; x_wconf 82' lang='lat' dir='ltr'><strong>sententiam</strong></span> <span class='ocrx_word' id='word_1_300' title='bbox 896 1841 1070 1876; x_wconf 85' lang='lat' dir='ltr'><strong>apostolicam</strong></span> 
     </span>
    </p>
   </div>
   <div class='ocr_carea' id='block_1_40' title="bbox 288 1887 1070 1917">
    <p class='ocr_par' dir='ltr' id='par_1_40' title="bbox 288 1887 1070 1917">
     <span class='ocr_line' id='line_1_40' title="bbox 288 1887 1070 1917; baseline -0.003 -2"><span class='ocrx_word' id='word_1_301' title='bbox 288 1899 297 1915; x_wconf 79' lang='grc' dir='ltr'><strong>ι</strong></span> <span class='ocrx_word' id='word_1_302' title='bbox 321 1890 440 1917; x_wconf 87' lang='lat' dir='ltr'><strong>traducit</strong></span> <span class='ocrx_word' id='word_1_303' title='bbox 454 1889 590 1916; x_wconf 87' lang='lat' dir='ltr'><strong>Eusebius</strong></span> <span class='ocrx_word' id='word_1_304' title='bbox 607 1889 640 1915; x_wconf 85' lang='lat' dir='ltr'><strong>ad</strong></span> <span class='ocrx_word' id='word_1_305' title='bbox 654 1896 729 1916; x_wconf 87' lang='lat' dir='ltr'><strong>suam</strong></span> <span class='ocrx_word' id='word_1_306' title='bbox 745 1888 913 1915; x_wconf 81' lang='lat' dir='ltr'><strong>voluntatem</strong></span> <span class='ocrx_word' id='word_1_307' title='bbox 931 1887 1070 1914; x_wconf 86' lang='lat' dir='ltr'><strong>constabi-</strong></span> 
     </span>
    </p>
   </div>
   <div class='ocr_carea' id='block_1_41' title="bbox 287 1934 1070 1969">
    <p class='ocr_par' dir='ltr' id='par_1_41' title="bbox 287 1934 1070 1969">
     <span class='ocr_line' id='line_1_41' title="bbox 287 1934 1070 1969; baseline -0.005 -6"><span class='ocrx_word' id='word_1_308' title='bbox 287 1944 298 1962; x_wconf 74' lang='lat' dir='ltr'><strong>t</strong></span> <span class='ocrx_word' id='word_1_309' title='bbox 320 1936 450 1963; x_wconf 87' lang='lat' dir='ltr'><strong>Iiendam.</strong></span> <span class='ocrx_word' id='word_1_310' title='bbox 469 1935 556 1962; x_wconf 81' lang='lat' dir='ltr'><strong>Veluti</strong></span> <span class='ocrx_word' id='word_1_311' title='bbox 568 1935 640 1962; x_wconf 89' lang='lat' dir='ltr'><strong>enim</strong></span> <span class='ocrx_word' id='word_1_312' title='bbox 653 1935 699 1969; x_wconf 91' lang='lat' dir='ltr'><strong>qui</strong></span> <span class='ocrx_word' id='word_1_313' title='bbox 710 1934 766 1969; x_wconf 88' lang='lat' dir='ltr'><strong>jam</strong></span> <span class='ocrx_word' id='word_1_314' title='bbox 781 1934 882 1960; x_wconf 86' lang='lat' dir='ltr'><strong>dudum</strong></span> <span class='ocrx_word' id='word_1_315' title='bbox 895 1934 1070 1968; x_wconf 85' lang='lat' dir='ltr'><strong>parturierat,</strong></span> 
     </span>
    </p>
   </div>
   <div class='ocr_carea' id='block_1_42' title="bbox 288 1979 1071 2015">
    <p class='ocr_par' dir='ltr' id='par_1_42' title="bbox 288 1979 1071 2015">
     <span class='ocr_line' id='line_1_42' title="bbox 288 1979 1071 2015; baseline -0.004 -7"><span class='ocrx_word' id='word_1_316' title='bbox 288 1991 299 2008; x_wconf 75' lang='grc' dir='ltr'><strong>ι</strong></span> <span class='ocrx_word' id='word_1_317' title='bbox 323 1987 352 2008; x_wconf 95' lang='lat' dir='ltr'><strong>ut</strong></span> <span class='ocrx_word' id='word_1_318' title='bbox 374 1982 400 2008; x_wconf 93' lang='lat' dir='ltr'><strong>in</strong></span> <span class='ocrx_word' id='word_1_319' title='bbox 423 1981 508 2008; x_wconf 90' lang='lat' dir='ltr'><strong>lucem</strong></span> <span class='ocrx_word' id='word_1_320' title='bbox 530 1981 728 2015; x_wconf 83' lang='lat' dir='ltr'><strong>blasphemiam</strong></span> <span class='ocrx_word' id='word_1_321' title='bbox 743 1980 907 2006; x_wconf 88' lang='lat' dir='ltr'><strong>horrendam</strong></span> <span class='ocrx_word' id='word_1_322' title='bbox 924 1979 1071 2014; x_wconf 89' lang='lat' dir='ltr'><strong>productu-</strong></span> 
     </span>
    </p>
   </div>
   <div class='ocr_carea' id='block_1_43' title="bbox 289 2024 1070 2061">
    <p class='ocr_par' dir='ltr' id='par_1_43' title="bbox 289 2024 1070 2061">
     <span class='ocr_line' id='line_1_43' title="bbox 289 2024 1070 2061; baseline -0.004 -8"><span class='ocrx_word' id='word_1_323' title='bbox 289 2038 297 2053; x_wconf 77' lang='grc' dir='ltr'><strong>ε</strong></span> <span class='ocrx_word' id='word_1_324' title='bbox 324 2035 378 2058; x_wconf 80' lang='lat' dir='ltr'><strong>rus,</strong></span> <span class='ocrx_word' id='word_1_325' title='bbox 391 2028 427 2054; x_wconf 89' lang='lat' dir='ltr'><strong>ita</strong></span> <span class='ocrx_word' id='word_1_326' title='bbox 443 2028 476 2054; x_wconf 89' lang='lat' dir='ltr'><strong>de</strong></span> <span class='ocrx_word' id='word_1_327' title='bbox 495 2035 544 2054; x_wconf 79' lang='lat' dir='ltr'><strong>suo</strong></span> <span class='ocrx_word' id='word_1_328' title='bbox 560 2027 669 2061; x_wconf 88' lang='lat' dir='ltr'><strong>proprio</strong></span> <span class='ocrx_word' id='word_1_329' title='bbox 684 2026 810 2052; x_wconf 84' lang='lat' dir='ltr'><strong>thesauro</strong></span> <span class='ocrx_word' id='word_1_330' title='bbox 824 2024 918 2052; x_wconf 83' lang='lat' dir='ltr'><strong>eIIudit</strong></span> <span class='ocrx_word' id='word_1_331' title='bbox 929 2025 1070 2058; x_wconf 86' lang='lat' dir='ltr'><strong>Inalilialn,</strong></span> 
     </span>
    </p>
   </div>
   <div class='ocr_carea' id='block_1_44' title="bbox 288 2072 1072 2107">
    <p class='ocr_par' dir='ltr' id='par_1_44' title="bbox 288 2072 1072 2107">
     <span class='ocr_line' id='line_1_44' title="bbox 288 2072 1072 2107; baseline -0.001 -9"><span class='ocrx_word' id='word_1_332' title='bbox 288 2082 298 2098; x_wconf 69' lang='lat' dir='ltr'><strong>c</strong></span> <span class='ocrx_word' id='word_1_333' title='bbox 317 2073 393 2107; x_wconf 76' lang='lat' dir='ltr'><strong>juxta</strong></span> <span class='ocrx_word' id='word_1_334' title='bbox 405 2073 505 2099; x_wconf 89' lang='lat' dir='ltr'><strong>dictum</strong></span> <span class='ocrx_word' id='word_1_335' title='bbox 514 2073 678 2100; x_wconf 83' lang='lat' dir='ltr'><strong>Servatoris.</strong></span> <span class='ocrx_word' id='word_1_336' title='bbox 689 2072 810 2106; x_wconf 86' lang='lat' dir='ltr'><strong>Namque</strong></span> <span class='ocrx_word' id='word_1_337' title='bbox 819 2076 977 2098; x_wconf 83' lang='lat' dir='ltr'><strong>ostensurus</strong></span> <span class='ocrx_word' id='word_1_338' title='bbox 987 2072 1072 2098; x_wconf 89' lang='lat' dir='ltr'><strong>homi-</strong></span> 
     </span>
    </p>
   </div>
   <div class='ocr_carea' id='block_1_45' title="bbox 288 2118 1072 2150">
    <p class='ocr_par' dir='ltr' id='par_1_45' title="bbox 288 2118 1072 2150">
     <span class='ocr_line' id='line_1_45' title="bbox 288 2118 1072 2150; baseline 0 -6"><span class='ocrx_word' id='word_1_339' title='bbox 288 2128 298 2144; x_wconf 87' lang='grc'><strong>‹</strong></span> <span class='ocrx_word' id='word_1_340' title='bbox 324 2126 384 2144; x_wconf 90' lang='lat' dir='ltr'><strong>nem</strong></span> <span class='ocrx_word' id='word_1_341' title='bbox 404 2118 490 2145; x_wconf 87' lang='lat' dir='ltr'><strong>solutn</strong></span> <span class='ocrx_word' id='word_1_342' title='bbox 522 2118 696 2146; x_wconf 83' lang='lat' dir='ltr'><strong>Servatorem</strong></span> <span class='ocrx_word' id='word_1_343' title='bbox 725 2118 879 2150; x_wconf 82' lang='lat' dir='ltr'><strong>exstitisse,</strong></span> <span class='ocrx_word' id='word_1_344' title='bbox 909 2126 962 2145; x_wconf 91' lang='lat' dir='ltr'><strong>non</strong></span> <span class='ocrx_word' id='word_1_345' title='bbox 992 2118 1072 2145; x_wconf 86' lang='lat' dir='ltr'><strong>aliter</strong></span> 
     </span>
    </p>
   </div>
   <div class='ocr_carea' id='block_1_46' title="bbox 289 2163 1074 2199">
    <p class='ocr_par' dir='ltr' id='par_1_46' title="bbox 289 2163 1074 2199">
     <span class='ocr_line' id='line_1_46' title="bbox 289 2163 1074 2199; baseline 0 -9"><span class='ocrx_word' id='word_1_346' title='bbox 289 2174 299 2190; x_wconf 78' lang='grc' dir='ltr'>ι</span> <span class='ocrx_word' id='word_1_347' title='bbox 322 2172 402 2197; x_wconf 87' lang='lat' dir='ltr'><strong>qttatn</strong></span> <span class='ocrx_word' id='word_1_348' title='bbox 416 2164 462 2198; x_wconf 86' lang='lat' dir='ltr'><strong>qui</strong></span> <span class='ocrx_word' id='word_1_349' title='bbox 478 2164 636 2198; x_wconf 86' lang='lat' dir='ltr'><strong>mysterium</strong></span> <span class='ocrx_word' id='word_1_350' title='bbox 648 2163 838 2191; x_wconf 85' lang='lat' dir='ltr'><strong>absconditum</strong></span> <span class='ocrx_word' id='word_1_351' title='bbox 853 2163 975 2199; x_wconf 79' lang='lat' dir='ltr'><strong>Apostoli</strong></span> <span class='ocrx_word' id='word_1_352' title='bbox 990 2165 1074 2191; x_wconf 77' lang='lat' dir='ltr'><strong>mani—</strong></span> 
     </span>
    </p>
   </div>
   <div class='ocr_carea' id='block_1_47' title="bbox 289 2210 1073 2246">
    <p class='ocr_par' dir='ltr' id='par_1_47' title="bbox 289 2210 1073 2246">
     <span class='ocr_line' id='line_1_47' title="bbox 289 2210 1073 2246; baseline 0.001 -10"><span class='ocrx_word' id='word_1_353' title='bbox 289 2220 298 2236; x_wconf 77' lang='grc' dir='ltr'><strong>ι</strong></span> <span class='ocrx_word' id='word_1_354' title='bbox 324 2210 470 2238; x_wconf 79' lang='lat' dir='ltr'><strong>festaturus</strong></span> <span class='ocrx_word' id='word_1_355' title='bbox 486 2216 556 2243; x_wconf 86' lang='lat' dir='ltr'><strong>erat,</strong></span> <span class='ocrx_word' id='word_1_356' title='bbox 571 2212 614 2246; x_wconf 83' lang='lat' dir='ltr'><strong>,ita</strong></span> <span class='ocrx_word' id='word_1_357' title='bbox 640 2211 729 2245; x_wconf 87' lang='lat' dir='ltr'><strong>inquit</strong></span> <span class='ocrx_word' id='word_1_358' title='bbox 744 2222 750 2238; x_wconf 88' lang='lat'>:</span> <span class='ocrx_word' id='word_1_359' title='bbox 766 2211 935 2246; x_wconf 86' lang='lat' dir='ltr'><strong>Quapropter</strong></span> <span class='ocrx_word' id='word_1_360' title='bbox 959 2212 1073 2245; x_wconf 87' lang='lat' dir='ltr'><strong>apertis-</strong></span> 
     </span>
    </p>
   </div>
   <div class='ocr_carea' id='block_1_48' title="bbox 1123 276 1900 313">
    <p class='ocr_par' dir='ltr' id='par_1_48' title="bbox 1123 276 1900 313">
     <span class='ocr_line' id='line_1_48' title="bbox 1123 276 1900 313; baseline 0.003 -10"><span class='ocrx_word' id='word_1_361' title='bbox 1123 288 1131 303; x_wconf 78' lang='grc' dir='ltr'><strong>ι</strong></span> <span class='ocrx_word' id='word_1_362' title='bbox 1152 278 1308 312; x_wconf 77' lang='grc' dir='ltr'><strong>ἄνθρωπον</strong></span> <span class='ocrx_word' id='word_1_363' title='bbox 1321 279 1383 304; x_wconf 75' lang='grc' dir='ltr'><strong>κατ’</strong></span> <span class='ocrx_word' id='word_1_364' title='bbox 1391 278 1492 304; x_wconf 73' lang='grc' dir='ltr'><strong>εἰκόνα</strong></span> <span class='ocrx_word' id='word_1_365' title='bbox 1506 277 1652 312; x_wconf 70' lang='grc' dir='ltr'><strong>ἡμετέραν</strong></span> <span class='ocrx_word' id='word_1_366' title='bbox 1663 277 1712 304; x_wconf 74' lang='grc' dir='ltr'><strong>καὶ</strong></span> <span class='ocrx_word' id='word_1_367' title='bbox 1723 276 1787 304; x_wconf 81' lang='grc' dir='ltr'><strong>καθ’</strong></span> <span class='ocrx_word' id='word_1_368' title='bbox 1803 279 1900 313; x_wconf 70' lang='grc' dir='ltr'><strong>ὁμοίω</strong></span> 
     </span>
    </p>
   </div>
   <div class='ocr_carea' id='block_1_49' title="bbox 1122 322 1905 358">
    <p class='ocr_par' dir='ltr' id='par_1_49' title="bbox 1122 322 1905 358">
     <span class='ocr_line' id='line_1_49' title="bbox 1122 322 1905 358; baseline 0 -8"><span class='ocrx_word' id='word_1_369' title='bbox 1122 333 1131 349; x_wconf 79' lang='lat' dir='ltr'><strong>t</strong></span> <span class='ocrx_word' id='word_1_370' title='bbox 1152 332 1205 350; x_wconf 84' lang='grc' dir='ltr'><strong>σιν</strong></span> <span class='ocrx_word' id='word_1_371' title='bbox 1212 324 1262 358; x_wconf 83' lang='grc' dir='ltr'><strong>(ὃτι</strong></span> <span class='ocrx_word' id='word_1_372' title='bbox 1273 324 1321 358; x_wconf 77' lang='grc' dir='ltr'><strong>μὲν</strong></span> <span class='ocrx_word' id='word_1_373' title='bbox 1330 322 1411 354; x_wconf 79' lang='grc' dir='ltr'><strong>αὐτὸς</strong></span> <span class='ocrx_word' id='word_1_374' title='bbox 1419 323 1485 350; x_wconf 80' lang='grc' dir='ltr'><strong>καὶὸ</strong></span> <span class='ocrx_word' id='word_1_375' title='bbox 1494 322 1588 358; x_wconf 83' lang='grc' dir='ltr'><strong>Πατὴρ</strong></span> <span class='ocrx_word' id='word_1_376' title='bbox 1594 322 1675 349; x_wconf 85' lang='grc' dir='ltr'><strong>αὐτοῦ</strong></span> <span class='ocrx_word' id='word_1_377' title='bbox 1682 323 1728 349; x_wconf 78' lang='grc' dir='ltr'><strong>δύο</strong></span> <span class='ocrx_word' id='word_1_378' title='bbox 1734 324 1813 355; x_wconf 81' lang='grc' dir='ltr'><strong>εἰσὶν,</strong></span> <span class='ocrx_word' id='word_1_379' title='bbox 1823 323 1905 350; x_wconf 78' lang='grc' dir='ltr'><strong>αὐτοῦ</strong></span> 
     </span>
    </p>
   </div>
   <div class='ocr_carea' id='block_1_50' title="bbox 1122 368 1904 406">
    <p class='ocr_par' dir='ltr' id='par_1_50' title="bbox 1122 368 1904 406">
     <span class='ocr_line' id='line_1_50' title="bbox 1122 368 1904 406; baseline 0 -10"><span class='ocrx_word' id='word_1_380' title='bbox 1122 379 1131 395; x_wconf 84' lang='grc'><strong><em>‹</em></strong></span> <span class='ocrx_word' id='word_1_381' title='bbox 1152 369 1198 396; x_wconf 83' lang='grc' dir='ltr'><strong>τοῦ</strong></span> <span class='ocrx_word' id='word_1_382' title='bbox 1223 369 1326 404; x_wconf 77' lang='grc' dir='ltr'>Κυρίου</span> <span class='ocrx_word' id='word_1_383' title='bbox 1346 368 1545 403; x_wconf 78' lang='grc' dir='ltr'><strong>μαρτυροῦντος</strong></span> <span class='ocrx_word' id='word_1_384' title='bbox 1572 369 1619 395; x_wconf 75' lang='grc' dir='ltr'><strong>καὶ</strong></span> <span class='ocrx_word' id='word_1_385' title='bbox 1642 368 1696 395; x_wconf 84' lang='grc' dir='ltr'><strong>τῶν</strong></span> <span class='ocrx_word' id='word_1_386' title='bbox 1725 368 1812 403; x_wconf 80' lang='grc' dir='ltr'><strong>ἁγίων</strong></span> <span class='ocrx_word' id='word_1_387' title='bbox 1836 370 1904 406; x_wconf 86' lang='grc' dir='ltr'><strong>Γρα-</strong></span> 
     </span>
    </p>
   </div>
   <div class='ocr_carea' id='block_1_51' title="bbox 1122 415 1905 451">
    <p class='ocr_par' dir='ltr' id='par_1_51' title="bbox 1122 415 1905 451">
     <span class='ocr_line' id='line_1_51' title="bbox 1122 415 1905 451; baseline 0 -9"><span class='ocrx_word' id='word_1_388' title='bbox 1122 425 1132 442; x_wconf 74' lang='grc' dir='ltr'>ι</span> <span class='ocrx_word' id='word_1_389' title='bbox 1152 416 1210 450; x_wconf 82' lang='grc' dir='ltr'><strong>φῶν</strong></span> <span class='ocrx_word' id='word_1_390' title='bbox 1227 417 1258 443; x_wconf 81' lang='grc' dir='ltr'><strong>ἐκ</strong></span> <span class='ocrx_word' id='word_1_391' title='bbox 1276 415 1375 451; x_wconf 80' lang='grc' dir='ltr'><strong>μέρους</strong></span> <span class='ocrx_word' id='word_1_392' title='bbox 1394 415 1561 450; x_wconf 76' lang='grc' dir='ltr'><strong>ἠκούσαμεν.</strong></span> <span class='ocrx_word' id='word_1_393' title='bbox 1586 415 1617 441; x_wconf 73' lang='lat' dir='ltr'><strong>Ei</strong></span> <span class='ocrx_word' id='word_1_394' title='bbox 1637 415 1727 442; x_wconf 85' lang='grc' dir='ltr'><strong>τοίνυν</strong></span> <span class='ocrx_word' id='word_1_395' title='bbox 1750 415 1905 451; x_wconf 81' lang='grc' dir='ltr'><strong>Νάρκισσος</strong></span> 
     </span>
    </p>
   </div>
   <div class='ocr_carea' id='block_1_52' title="bbox 1121 461 1905 498">
    <p class='ocr_par' dir='ltr' id='par_1_52' title="bbox 1121 461 1905 498">
     <span class='ocr_line' id='line_1_52' title="bbox 1121 461 1905 498; baseline -0.003 -9"><span class='ocrx_word' id='word_1_396' title='bbox 1121 473 1130 488; x_wconf 80' lang='lat' dir='ltr'>l</span> <span class='ocrx_word' id='word_1_397' title='bbox 1150 462 1194 489; x_wconf 83' lang='grc' dir='ltr'>διὰ</span> <span class='ocrx_word' id='word_1_398' title='bbox 1213 462 1292 488; x_wconf 71' lang='grc' dir='ltr'><strong>τοῦτο</strong></span> <span class='ocrx_word' id='word_1_399' title='bbox 1307 462 1421 497; x_wconf 85' lang='grc' dir='ltr'><strong>διαιρεῖν</strong></span> <span class='ocrx_word' id='word_1_400' title='bbox 1439 461 1552 496; x_wconf 86' lang='grc' dir='ltr'><strong>δυνάμει</strong></span> <span class='ocrx_word' id='word_1_401' title='bbox 1566 462 1612 487; x_wconf 80' lang='grc' dir='ltr'><strong>τὸν</strong></span> <span class='ocrx_word' id='word_1_402' title='bbox 1628 461 1712 496; x_wconf 82' lang='grc' dir='ltr'><strong>Λόγον</strong></span> <span class='ocrx_word' id='word_1_403' title='bbox 1727 461 1774 488; x_wconf 85' lang='grc' dir='ltr'><strong>τοῦ</strong></span> <span class='ocrx_word' id='word_1_404' title='bbox 1798 462 1905 498; x_wconf 62' lang='lat' dir='ltr'><strong>Harpe;</strong></span> 
     </span>
    </p>
   </div>
   <div class='ocr_carea' id='block_1_53' title="bbox 1122 508 1906 544">
    <p class='ocr_par' dir='ltr' id='par_1_53' title="bbox 1122 508 1906 544">
     <span class='ocr_line' id='line_1_53' title="bbox 1122 508 1906 544; baseline 0.001 -9"><span class='ocrx_word' id='word_1_405' title='bbox 1122 519 1130 535; x_wconf 80' lang='grc' dir='ltr'><strong>ι</strong></span> <span class='ocrx_word' id='word_1_406' title='bbox 1151 510 1250 540; x_wconf 78' lang='grc' dir='ltr'><strong>ἐθέλοι,</strong></span> <span class='ocrx_word' id='word_1_407' title='bbox 1265 509 1360 544; x_wconf 82' lang='grc' dir='ltr'>γνώτω</span> <span class='ocrx_word' id='word_1_408' title='bbox 1373 509 1413 535; x_wconf 84' lang='grc' dir='ltr'><strong>ὅτι</strong></span> <span class='ocrx_word' id='word_1_409' title='bbox 1426 510 1441 535; x_wconf 82' lang='grc' dir='ltr'>ὁ</span> <span class='ocrx_word' id='word_1_410' title='bbox 1453 508 1558 544; x_wconf 77' lang='grc' dir='ltr'><strong>γράψας</strong></span> <span class='ocrx_word' id='word_1_411' title='bbox 1571 511 1713 544; x_wconf 74' lang='grc' dir='ltr'><strong>προφήτης</strong></span> <span class='ocrx_word' id='word_1_412' title='bbox 1724 509 1762 540; x_wconf 83' lang='grc' dir='ltr'><strong>ὡς</strong></span> <span class='ocrx_word' id='word_1_413' title='bbox 1773 509 1821 536; x_wconf 73' lang='grc' dir='ltr'><strong>τοῦ</strong></span> <span class='ocrx_word' id='word_1_414' title='bbox 1837 509 1906 536; x_wconf 81' lang='grc' dir='ltr'><strong>Θεοῦ</strong></span> 
     </span>
    </p>
   </div>
   <div class='ocr_carea' id='block_1_54' title="bbox 1121 556 1906 593">
    <p class='ocr_par' dir='ltr' id='par_1_54' title="bbox 1121 556 1906 593">
     <span class='ocr_line' id='line_1_54' title="bbox 1121 556 1906 593; baseline -0.001 -9"><span class='ocrx_word' id='word_1_415' title='bbox 1121 568 1130 583; x_wconf 76' lang='lat' dir='ltr'><strong>t</strong></span> <span class='ocrx_word' id='word_1_416' title='bbox 1151 558 1305 593; x_wconf 79' lang='grc' dir='ltr'><strong>εἰρηκότος·</strong></span> <span class='ocrx_word' id='word_1_417' title='bbox 1330 557 1505 592; x_wconf 78' lang='grc' dir='ltr'><strong>Ποιήσωμεν</strong></span> <span class='ocrx_word' id='word_1_418' title='bbox 1531 557 1687 591; x_wconf 78' lang='grc' dir='ltr'><strong>ἄνθρωπον</strong></span> <span class='ocrx_word' id='word_1_419' title='bbox 1711 556 1774 583; x_wconf 81' lang='grc' dir='ltr'><strong>κατ’</strong></span> <span class='ocrx_word' id='word_1_420' title='bbox 1804 557 1906 583; x_wconf 74' lang='grc' dir='ltr'><strong>εἰκόνα</strong></span> 
     </span>
    </p>
   </div>
   <div class='ocr_carea' id='block_1_55' title="bbox 1122 603 1904 639">
    <p class='ocr_par' dir='ltr' id='par_1_55' title="bbox 1122 603 1904 639">
     <span class='ocr_line' id='line_1_55' title="bbox 1122 603 1904 639; baseline -0.001 -9"><span class='ocrx_word' id='word_1_421' title='bbox 1122 614 1131 629; x_wconf 86' lang='grc'><strong><em>‹</em></strong></span> <span class='ocrx_word' id='word_1_422' title='bbox 1151 604 1297 638; x_wconf 74' lang='grc' dir='ltr'><strong>ἡμετέραν</strong></span> <span class='ocrx_word' id='word_1_423' title='bbox 1324 603 1374 630; x_wconf 79' lang='grc' dir='ltr'><strong>καὶ</strong></span> <span class='ocrx_word' id='word_1_424' title='bbox 1399 603 1464 630; x_wconf 80' lang='grc' dir='ltr'><strong>καθ’</strong></span> <span class='ocrx_word' id='word_1_425' title='bbox 1489 603 1651 637; x_wconf 76' lang='grc' dir='ltr'><strong>ὁμοίωσιν),</strong></span> <span class='ocrx_word' id='word_1_426' title='bbox 1666 603 1746 634; x_wconf 70' lang='grc' dir='ltr'><strong>αὐτὸς</strong></span> <span class='ocrx_word' id='word_1_427' title='bbox 1767 603 1904 639; x_wconf 72' lang='grc' dir='ltr'><strong>γέγραφε”</strong></span> 
     </span>
    </p>
   </div>
   <div class='ocr_carea' id='block_1_56' title="bbox 1122 648 1905 684">
    <p class='ocr_par' dir='ltr' id='par_1_56' title="bbox 1122 648 1905 684">
     <span class='ocr_line' id='line_1_56' title="bbox 1122 648 1905 684; baseline 0.001 -10"><span class='ocrx_word' id='word_1_428' title='bbox 1122 659 1130 674; x_wconf 74' lang='grc' dir='ltr'><strong>ι</strong></span> <span class='ocrx_word' id='word_1_429' title='bbox 1150 649 1205 676; x_wconf 78' lang='grc' dir='ltr'><strong>Καὶ</strong></span> <span class='ocrx_word' id='word_1_430' title='bbox 1218 649 1362 683; x_wconf 77' lang='grc' dir='ltr'><strong>ἐποίησεν</strong></span> <span class='ocrx_word' id='word_1_431' title='bbox 1377 650 1393 676; x_wconf 80' lang='grc' dir='ltr'><strong><em>ό</em></strong></span> <span class='ocrx_word' id='word_1_432' title='bbox 1404 649 1475 682; x_wconf 82' lang='grc' dir='ltr'><strong>Θεὸς</strong></span> <span class='ocrx_word' id='word_1_433' title='bbox 1488 648 1540 675; x_wconf 79' lang='grc' dir='ltr'><strong>τὸν</strong></span> <span class='ocrx_word' id='word_1_434' title='bbox 1556 648 1720 683; x_wconf 80' lang='grc' dir='ltr'><strong>ἄνθρωπον.</strong></span> <span class='ocrx_word' id='word_1_435' title='bbox 1736 658 1746 674; x_wconf 78' lang='grc' dir='ltr'><strong>ι</strong></span> <span class='ocrx_word' id='word_1_436' title='bbox 1755 649 1811 675; x_wconf 78' lang='grc' dir='ltr'><strong>Καὶ</strong></span> <span class='ocrx_word' id='word_1_437' title='bbox 1823 657 1905 684; x_wconf 81' lang='grc' dir='ltr'><strong>μετα-</strong></span> 
     </span>
    </p>
   </div>
   <div class='ocr_carea' id='block_1_57' title="bbox 1119 694 1905 731">
    <p class='ocr_par' dir='ltr' id='par_1_57' title="bbox 1119 694 1905 731">
     <span class='ocr_line' id='line_1_57' title="bbox 1119 694 1905 731; baseline 0 -10"><span class='ocrx_word' id='word_1_438' title='bbox 1119 695 1170 727; x_wconf 77' lang='grc' dir='ltr'><strong>ϐὰς</strong></span> <span class='ocrx_word' id='word_1_439' title='bbox 1182 695 1235 721; x_wconf 80' lang='grc' dir='ltr'><strong>ἀπὸ</strong></span> <span class='ocrx_word' id='word_1_440' title='bbox 1249 695 1404 730; x_wconf 83' lang='grc' dir='ltr'>Ναρκίσσου</span> <span class='ocrx_word' id='word_1_441' title='bbox 1423 695 1468 721; x_wconf 66' lang='grc' dir='ltr'><strong>ἐπὶ</strong></span> <span class='ocrx_word' id='word_1_442' title='bbox 1480 695 1525 721; x_wconf 83' lang='grc' dir='ltr'><strong>τὸν</strong></span> <span class='ocrx_word' id='word_1_443' title='bbox 1542 695 1687 730; x_wconf 72' lang='grc' dir='ltr'><strong>’Λπέριον,</strong></span> <span class='ocrx_word' id='word_1_444' title='bbox 1698 694 1784 722; x_wconf 81' lang='grc' dir='ltr'><strong>ταῦτα</strong></span> <span class='ocrx_word' id='word_1_445' title='bbox 1794 695 1905 731; x_wconf 81' lang='grc' dir='ltr'><strong>γράφει·</strong></span> 
     </span>
    </p>
   </div>
   <div class='ocr_carea' id='block_1_58' title="bbox 1122 739 1907 777">
    <p class='ocr_par' dir='ltr' id='par_1_58' title="bbox 1122 739 1907 777">
     <span class='ocr_line' id='line_1_58' title="bbox 1122 739 1907 777; baseline 0.003 -11"><span class='ocrx_word' id='word_1_446' title='bbox 1122 749 1131 766; x_wconf 88' lang='grc'><em>‹</em></span> <span class='ocrx_word' id='word_1_447' title='bbox 1155 741 1202 767; x_wconf 85' lang='grc' dir='ltr'><strong>Ἓν</strong></span> <span class='ocrx_word' id='word_1_448' title='bbox 1227 741 1281 776; x_wconf 81' lang='grc' dir='ltr'><strong>γὰρ</strong></span> <span class='ocrx_word' id='word_1_449' title='bbox 1301 739 1370 767; x_wconf 82' lang='grc' dir='ltr'><strong>εἶναι</strong></span> <span class='ocrx_word' id='word_1_450' title='bbox 1390 742 1436 768; x_wconf 83' lang='grc' dir='ltr'><strong>καὶ</strong></span> <span class='ocrx_word' id='word_1_451' title='bbox 1458 741 1556 767; x_wconf 80' lang='grc' dir='ltr'><strong>ταύτὸν</strong></span> <span class='ocrx_word' id='word_1_452' title='bbox 1581 742 1717 777; x_wconf 83' lang='grc' dir='ltr'><strong>Ἀστέριος</strong></span> <span class='ocrx_word' id='word_1_453' title='bbox 1738 741 1810 768; x_wconf 82' lang='grc' dir='ltr'><strong>κατά</strong></span> <span class='ocrx_word' id='word_1_454' title='bbox 1827 741 1907 768; x_wconf 80' lang='grc' dir='ltr'><strong>τοῦτο</strong></span> 
     </span>
    </p>
   </div>
   <div class='ocr_carea' id='block_1_59' title="bbox 1122 787 1906 822">
    <p class='ocr_par' dir='ltr' id='par_1_59' title="bbox 1122 787 1906 822">
     <span class='ocr_line' id='line_1_59' title="bbox 1122 787 1906 822; baseline 0.003 -10"><span class='ocrx_word' id='word_1_455' title='bbox 1122 796 1131 812; x_wconf 79' lang='grc' dir='ltr'><strong>ι</strong></span> <span class='ocrx_word' id='word_1_456' title='bbox 1152 787 1310 822; x_wconf 82' lang='grc' dir='ltr'><strong>ἀπεφήνατο</strong></span> <span class='ocrx_word' id='word_1_457' title='bbox 1328 787 1407 822; x_wconf 84' lang='grc' dir='ltr'><strong>μόνον</strong></span> <span class='ocrx_word' id='word_1_458' title='bbox 1426 787 1470 813; x_wconf 83' lang='grc' dir='ltr'><strong>τὸν</strong></span> <span class='ocrx_word' id='word_1_459' title='bbox 1497 787 1606 822; x_wconf 85' lang='grc' dir='ltr'>Πατέρα</span> <span class='ocrx_word' id='word_1_460' title='bbox 1625 788 1672 814; x_wconf 71' lang='grc' dir='ltr'><strong>καὶ</strong></span> <span class='ocrx_word' id='word_1_461' title='bbox 1688 788 1733 814; x_wconf 82' lang='grc' dir='ltr'><strong>τὸν</strong></span> <span class='ocrx_word' id='word_1_462' title='bbox 1752 788 1826 820; x_wconf 75' lang='grc' dir='ltr'><strong>Υἱὸν,</strong></span> <span class='ocrx_word' id='word_1_463' title='bbox 1844 787 1906 814; x_wconf 77' lang='grc' dir='ltr'><strong>καθ’</strong></span> 
     </span>
    </p>
   </div>
   <div class='ocr_carea' id='block_1_60' title="bbox 1122 832 1907 870">
    <p class='ocr_par' dir='ltr' id='par_1_60' title="bbox 1122 832 1907 870">
     <span class='ocr_line' id='line_1_60' title="bbox 1122 832 1907 870; baseline 0.005 -12"><span class='ocrx_word' id='word_1_464' title='bbox 1122 841 1131 857; x_wconf 79' lang='lat' dir='ltr'><strong>t</strong></span> <span class='ocrx_word' id='word_1_465' title='bbox 1151 832 1165 859; x_wconf 84' lang='grc' dir='ltr'><strong>ὃ</strong></span> <span class='ocrx_word' id='word_1_466' title='bbox 1180 834 1209 859; x_wconf 89' lang='grc' dir='ltr'><strong>ἐν</strong></span> <span class='ocrx_word' id='word_1_467' title='bbox 1224 833 1291 859; x_wconf 83' lang='grc' dir='ltr'>πᾶσι</span> <span class='ocrx_word' id='word_1_468' title='bbox 1306 833 1506 868; x_wconf 68' lang='grc' dir='ltr'><strong>συμφωνοῦσιν.</strong></span> <span class='ocrx_word' id='word_1_469' title='bbox 1524 833 1602 860; x_wconf 74' lang='grc' dir='ltr'><strong>Οὕτω</strong></span> <span class='ocrx_word' id='word_1_470' title='bbox 1624 834 1678 870; x_wconf 87' lang='grc' dir='ltr'><strong>γὰρ</strong></span> <span class='ocrx_word' id='word_1_471' title='bbox 1700 833 1767 870; x_wconf 78' lang='grc' dir='ltr'><strong>ἔφη·</strong></span> <span class='ocrx_word' id='word_1_472' title='bbox 1788 834 1844 861; x_wconf 78' lang='grc' dir='ltr'><strong>Καὶ</strong></span> <span class='ocrx_word' id='word_1_473' title='bbox 1863 834 1907 862; x_wconf 73' lang='grc' dir='ltr'><strong>διὰ</strong></span> 
     </span>
    </p>
   </div>
   <div class='ocr_carea' id='block_1_61' title="bbox 1123 878 1907 916">
    <p class='ocr_par' dir='ltr' id='par_1_61' title="bbox 1123 878 1907 916">
     <span class='ocr_line' id='line_1_61' title="bbox 1123 878 1907 916; baseline 0.003 -12"><span class='ocrx_word' id='word_1_474' title='bbox 1123 887 1132 903; x_wconf 87' lang='grc'><strong>(</strong></span> <span class='ocrx_word' id='word_1_475' title='bbox 1153 878 1203 914; x_wconf 81' lang='grc' dir='ltr'><strong>τὴν</strong></span> <span class='ocrx_word' id='word_1_476' title='bbox 1219 879 1249 905; x_wconf 88' lang='grc' dir='ltr'><strong>ἐν</strong></span> <span class='ocrx_word' id='word_1_477' title='bbox 1264 880 1330 905; x_wconf 81' lang='grc' dir='ltr'>πᾶσι</span> <span class='ocrx_word' id='word_1_478' title='bbox 1341 878 1429 913; x_wconf 81' lang='grc' dir='ltr'><strong>λόγοις</strong></span> <span class='ocrx_word' id='word_1_479' title='bbox 1451 888 1480 905; x_wconf 87' lang='grc' dir='ltr'><strong>τε</strong></span> <span class='ocrx_word' id='word_1_480' title='bbox 1496 879 1544 906; x_wconf 81' lang='grc' dir='ltr'><strong>καὶ</strong></span> <span class='ocrx_word' id='word_1_481' title='bbox 1567 879 1657 915; x_wconf 78' lang='grc' dir='ltr'><strong>ἔργοις</strong></span> <span class='ocrx_word' id='word_1_482' title='bbox 1677 880 1776 916; x_wconf 82' lang='grc' dir='ltr'><strong>ἀκριϐῆ</strong></span> <span class='ocrx_word' id='word_1_483' title='bbox 1793 888 1907 916; x_wconf 80' lang='grc' dir='ltr'><strong>συμφω-</strong></span> 
     </span>
    </p>
   </div>
   <div class='ocr_carea' id='block_1_62' title="bbox 1125 925 1907 961">
    <p class='ocr_par' dir='ltr' id='par_1_62' title="bbox 1125 925 1907 961">
     <span class='ocr_line' id='line_1_62' title="bbox 1125 925 1907 961; baseline 0.001 -10"><span class='ocrx_word' id='word_1_484' title='bbox 1125 934 1134 950; x_wconf 78' lang='lat' dir='ltr'><strong>t</strong></span> <span class='ocrx_word' id='word_1_485' title='bbox 1152 925 1221 957; x_wconf 87' lang='grc' dir='ltr'><strong>νίαν,</strong></span> <span class='ocrx_word' id='word_1_486' title='bbox 1243 925 1316 960; x_wconf 73' lang='grc' dir='ltr'><strong>Ἐγὼ</strong></span> <span class='ocrx_word' id='word_1_487' title='bbox 1330 926 1377 952; x_wconf 77' lang='grc' dir='ltr'><strong>καὶ</strong></span> <span class='ocrx_word' id='word_1_488' title='bbox 1398 927 1415 952; x_wconf 84' lang='grc' dir='ltr'><em>ὁ</em></span> <span class='ocrx_word' id='word_1_489' title='bbox 1429 926 1530 960; x_wconf 77' lang='grc' dir='ltr'><strong>Πατὴρ</strong></span> <span class='ocrx_word' id='word_1_490' title='bbox 1551 926 1586 953; x_wconf 81' lang='grc' dir='ltr'><strong>ἓν</strong></span> <span class='ocrx_word' id='word_1_491' title='bbox 1600 926 1703 961; x_wconf 78' lang='grc' dir='ltr'><strong>ἐσμεν.</strong></span> <span class='ocrx_word' id='word_1_492' title='bbox 1725 936 1734 952; x_wconf 72' lang='grc' dir='ltr'><strong>ι</strong></span> <span class='ocrx_word' id='word_1_493' title='bbox 1752 927 1806 954; x_wconf 77' lang='grc' dir='ltr'><strong>Καὶ</strong></span> <span class='ocrx_word' id='word_1_494' title='bbox 1823 927 1907 953; x_wconf 80' lang='grc' dir='ltr'><strong>Εὐσε-</strong></span> 
     </span>
    </p>
   </div>
   <div class='ocr_carea' id='block_1_63' title="bbox 1123 970 1906 1008">
    <p class='ocr_par' dir='ltr' id='par_1_63' title="bbox 1123 970 1906 1008">
     <span class='ocr_line' id='line_1_63' title="bbox 1123 970 1906 1008; baseline 0.004 -12"><span class='ocrx_word' id='word_1_495' title='bbox 1123 970 1180 997; x_wconf 77' lang='grc' dir='ltr'><strong>ϐῐου</strong></span> <span class='ocrx_word' id='word_1_496' title='bbox 1196 970 1277 997; x_wconf 80' lang='grc' dir='ltr'><strong>πάλιν</strong></span> <span class='ocrx_word' id='word_1_497' title='bbox 1289 970 1454 997; x_wconf 81' lang='grc' dir='ltr'><strong>καθάπτεται</strong></span> <span class='ocrx_word' id='word_1_498' title='bbox 1470 971 1555 1006; x_wconf 84' lang='grc' dir='ltr'><strong>λέγων</strong></span> <span class='ocrx_word' id='word_1_499' title='bbox 1568 980 1573 987; x_wconf 91' lang='grc'>·</span> <span class='ocrx_word' id='word_1_500' title='bbox 1590 981 1599 997; x_wconf 81' lang='lat' dir='ltr'><strong>t</strong></span> <span class='ocrx_word' id='word_1_501' title='bbox 1618 972 1776 1008; x_wconf 70' lang='grc' dir='ltr'><strong>Ἄνθρωπον</strong></span> <span class='ocrx_word' id='word_1_502' title='bbox 1790 971 1845 1008; x_wconf 83' lang='grc' dir='ltr'><strong>γὰρ</strong></span> <span class='ocrx_word' id='word_1_503' title='bbox 1860 971 1906 999; x_wconf 77' lang='grc' dir='ltr'><strong>τὸν</strong></span> 
     </span>
    </p>
   </div>
   <div class='ocr_carea' id='block_1_64' title="bbox 1125 1015 1907 1055">
    <p class='ocr_par' dir='ltr' id='par_1_64' title="bbox 1125 1015 1907 1055">
     <span class='ocr_line' id='line_1_64' title="bbox 1125 1015 1907 1055; baseline 0.004 -11"><span class='ocrx_word' id='word_1_504' title='bbox 1125 1027 1134 1043; x_wconf 78' lang='grc' dir='ltr'>ἰ</span> <span class='ocrx_word' id='word_1_505' title='bbox 1155 1017 1269 1053; x_wconf 86' lang='grc' dir='ltr'><strong>Σωτῆρα</strong></span> <span class='ocrx_word' id='word_1_506' title='bbox 1288 1015 1356 1044; x_wconf 75' lang='grc' dir='ltr'><strong>εἶναι</strong></span> <span class='ocrx_word' id='word_1_507' title='bbox 1374 1017 1506 1052; x_wconf 81' lang='grc' dir='ltr'><strong>βούλεται.</strong></span> <span class='ocrx_word' id='word_1_508' title='bbox 1529 1018 1612 1054; x_wconf 84' lang='grc' dir='ltr'><strong>Δῆλον</strong></span> <span class='ocrx_word' id='word_1_509' title='bbox 1627 1019 1655 1045; x_wconf 83' lang='grc' dir='ltr'><strong>δέ</strong></span> <span class='ocrx_word' id='word_1_510' title='bbox 1676 1019 1722 1053; x_wconf 80' lang='grc' dir='ltr'><strong>ἀφ’</strong></span> <span class='ocrx_word' id='word_1_511' title='bbox 1736 1016 1773 1046; x_wconf 85' lang='grc' dir='ltr'><strong>ὧν</strong></span> <span class='ocrx_word' id='word_1_512' title='bbox 1789 1019 1907 1055; x_wconf 72' lang='grc' dir='ltr'><strong>πανοὺρο</strong></span> 
     </span>
    </p>
   </div>
   <div class='ocr_carea' id='block_1_65' title="bbox 1125 1064 1907 1102">
    <p class='ocr_par' dir='ltr' id='par_1_65' title="bbox 1125 1064 1907 1102">
     <span class='ocr_line' id='line_1_65' title="bbox 1125 1064 1907 1102; baseline 0.005 -13"><span class='ocrx_word' id='word_1_513' title='bbox 1125 1074 1133 1089; x_wconf 80' lang='lat' dir='ltr'><strong>t</strong></span> <span class='ocrx_word' id='word_1_514' title='bbox 1153 1073 1208 1098; x_wconf 90' lang='grc' dir='ltr'><strong>γως</strong></span> <span class='ocrx_word' id='word_1_515' title='bbox 1234 1064 1268 1091; x_wconf 80' lang='grc' dir='ltr'><strong>τὰ</strong></span> <span class='ocrx_word' id='word_1_516' title='bbox 1286 1065 1333 1091; x_wconf 83' lang='grc' dir='ltr'><strong>τοῦ</strong></span> <span class='ocrx_word' id='word_1_517' title='bbox 1350 1065 1509 1092; x_wconf 84' lang='grc' dir='ltr'><strong>Ἀποστόλου</strong></span> <span class='ocrx_word' id='word_1_518' title='bbox 1536 1065 1605 1101; x_wconf 75' lang='grc' dir='ltr'><strong>ῥητὰ</strong></span> <span class='ocrx_word' id='word_1_519' title='bbox 1630 1065 1758 1097; x_wconf 77' lang='grc' dir='ltr'><strong>Εὐσέϐιος</strong></span> <span class='ocrx_word' id='word_1_520' title='bbox 1782 1065 1851 1102; x_wconf 78' lang='grc' dir='ltr'><strong>πρὸς</strong></span> <span class='ocrx_word' id='word_1_521' title='bbox 1878 1066 1907 1093; x_wconf 82' lang='grc' dir='ltr'><strong>τὸ</strong></span> 
     </span>
    </p>
   </div>
   <div class='ocr_carea' id='block_1_66' title="bbox 1126 1110 1907 1148">
    <p class='ocr_par' dir='ltr' id='par_1_66' title="bbox 1126 1110 1907 1148">
     <span class='ocr_line' id='line_1_66' title="bbox 1126 1110 1907 1148; baseline 0.004 -12"><span class='ocrx_word' id='word_1_522' title='bbox 1126 1119 1134 1135; x_wconf 77' lang='grc' dir='ltr'><strong>ι</strong></span> <span class='ocrx_word' id='word_1_523' title='bbox 1154 1110 1250 1137; x_wconf 78' lang='grc' dir='ltr'><strong>ἑαυτοῦ</strong></span> <span class='ocrx_word' id='word_1_524' title='bbox 1271 1111 1421 1146; x_wconf 81' lang='grc' dir='ltr'><strong>μετήνεγκε</strong></span> <span class='ocrx_word' id='word_1_525' title='bbox 1443 1111 1575 1147; x_wconf 80' lang='grc' dir='ltr'><strong>βούλημα.</strong></span> <span class='ocrx_word' id='word_1_526' title='bbox 1604 1112 1647 1144; x_wconf 78' lang='grc' dir='ltr'><strong>Ὡς</strong></span> <span class='ocrx_word' id='word_1_527' title='bbox 1665 1112 1718 1148; x_wconf 79' lang='grc' dir='ltr'><strong>γὰρ</strong></span> <span class='ocrx_word' id='word_1_528' title='bbox 1738 1114 1770 1138; x_wconf 89' lang='grc' dir='ltr'><strong>ἐκ</strong></span> <span class='ocrx_word' id='word_1_529' title='bbox 1790 1112 1907 1144; x_wconf 77' lang='grc' dir='ltr'><strong>παλαιᾶς</strong></span> 
     </span>
    </p>
   </div>
   <div class='ocr_carea' id='block_1_67' title="bbox 1126 1157 1908 1194">
    <p class='ocr_par' dir='ltr' id='par_1_67' title="bbox 1126 1157 1908 1194">
     <span class='ocr_line' id='line_1_67' title="bbox 1126 1157 1908 1194; baseline 0.003 -11"><span class='ocrx_word' id='word_1_530' title='bbox 1126 1166 1134 1182; x_wconf 77' lang='grc' dir='ltr'><strong>ι</strong></span> <span class='ocrx_word' id='word_1_531' title='bbox 1155 1165 1225 1188; x_wconf 88' lang='grc' dir='ltr'><strong>τινος</strong></span> <span class='ocrx_word' id='word_1_532' title='bbox 1235 1157 1338 1189; x_wconf 81' lang='grc' dir='ltr'><strong>ὠδῖνος,</strong></span> <span class='ocrx_word' id='word_1_533' title='bbox 1350 1157 1480 1193; x_wconf 77' lang='grc' dir='ltr'><strong>μεγίστην</strong></span> <span class='ocrx_word' id='word_1_534' title='bbox 1492 1158 1646 1194; x_wconf 81' lang='grc' dir='ltr'><strong>ἀποκυῆσαι</strong></span> <span class='ocrx_word' id='word_1_535' title='bbox 1659 1157 1816 1194; x_wconf 75' lang='grc' dir='ltr'><strong>βουλόμενος</strong></span> <span class='ocrx_word' id='word_1_536' title='bbox 1827 1158 1908 1193; x_wconf 74' lang='grc' dir='ltr'><strong>βλασ-</strong></span> 
     </span>
    </p>
   </div>
   <div class='ocr_carea' id='block_1_68' title="bbox 1126 1203 1908 1240">
    <p class='ocr_par' dir='ltr' id='par_1_68' title="bbox 1126 1203 1908 1240">
     <span class='ocr_line' id='line_1_68' title="bbox 1126 1203 1908 1240; baseline 0.004 -12"><span class='ocrx_word' id='word_1_537' title='bbox 1126 1211 1134 1227; x_wconf 77' lang='lat' dir='ltr'><strong>t</strong></span> <span class='ocrx_word' id='word_1_538' title='bbox 1154 1203 1270 1238; x_wconf 81' lang='grc' dir='ltr'><strong>φημίαν,</strong></span> <span class='ocrx_word' id='word_1_539' title='bbox 1288 1203 1394 1238; x_wconf 79' lang='grc' dir='ltr'><strong>ἐξέχεεν</strong></span> <span class='ocrx_word' id='word_1_540' title='bbox 1418 1203 1473 1229; x_wconf 80' lang='grc' dir='ltr'><strong>ἀπὸ</strong></span> <span class='ocrx_word' id='word_1_541' title='bbox 1491 1203 1537 1229; x_wconf 82' lang='grc' dir='ltr'><strong>τοῦ</strong></span> <span class='ocrx_word' id='word_1_542' title='bbox 1574 1203 1638 1230; x_wconf 77' lang='grc' dir='ltr'><strong>[δίον</strong></span> <span class='ocrx_word' id='word_1_543' title='bbox 1665 1203 1812 1240; x_wconf 80' lang='grc' dir='ltr'><strong>Θησαυροῦ,</strong></span> <span class='ocrx_word' id='word_1_544' title='bbox 1837 1204 1908 1231; x_wconf 73' lang='grc' dir='ltr'><strong>κατὰ</strong></span> 
     </span>
    </p>
   </div>
   <div class='ocr_carea' id='block_1_69' title="bbox 1126 1250 1908 1286">
    <p class='ocr_par' dir='ltr' id='par_1_69' title="bbox 1126 1250 1908 1286">
     <span class='ocr_line' id='line_1_69' title="bbox 1126 1250 1908 1286; baseline 0.001 -10"><span class='ocrx_word' id='word_1_545' title='bbox 1126 1259 1134 1276; x_wconf 82' lang='lat' dir='ltr'><strong>t</strong></span> <span class='ocrx_word' id='word_1_546' title='bbox 1155 1250 1203 1286; x_wconf 86' lang='grc' dir='ltr'><strong>τὴν</strong></span> <span class='ocrx_word' id='word_1_547' title='bbox 1219 1251 1265 1278; x_wconf 80' lang='grc' dir='ltr'>τοῦ</span> <span class='ocrx_word' id='word_1_548' title='bbox 1289 1251 1414 1285; x_wconf 78' lang='grc' dir='ltr'><strong>Σωτῆρος</strong></span> <span class='ocrx_word' id='word_1_549' title='bbox 1440 1251 1528 1286; x_wconf 79' lang='grc' dir='ltr'><strong>ῥῆσιν,</strong></span> <span class='ocrx_word' id='word_1_550' title='bbox 1545 1250 1575 1277; x_wconf 80' lang='grc' dir='ltr'><strong>τὺ</strong></span> <span class='ocrx_word' id='word_1_551' title='bbox 1597 1250 1724 1286; x_wconf 79' lang='grc' dir='ltr'><strong>πονηρόν.</strong></span> <span class='ocrx_word' id='word_1_552' title='bbox 1748 1250 1908 1286; x_wconf 72' lang='grc' dir='ltr'><strong>Ἄνθρωπον</strong></span> 
     </span>
    </p>
   </div>
   <div class='ocr_carea' id='block_1_70' title="bbox 1126 1295 1910 1331">
    <p class='ocr_par' dir='ltr' id='par_1_70' title="bbox 1126 1295 1910 1331">
     <span class='ocr_line' id='line_1_70' title="bbox 1126 1295 1910 1331; baseline 0.003 -11"><span class='ocrx_word' id='word_1_553' title='bbox 1126 1305 1134 1320; x_wconf 79' lang='grc' dir='ltr'><strong>ι</strong></span> <span class='ocrx_word' id='word_1_554' title='bbox 1155 1295 1209 1331; x_wconf 82' lang='grc' dir='ltr'><strong>γὰρ</strong></span> <span class='ocrx_word' id='word_1_555' title='bbox 1231 1295 1310 1331; x_wconf 86' lang='grc' dir='ltr'><strong>μόνον</strong></span> <span class='ocrx_word' id='word_1_556' title='bbox 1330 1295 1375 1322; x_wconf 82' lang='grc' dir='ltr'><strong>τὸν</strong></span> <span class='ocrx_word' id='word_1_557' title='bbox 1391 1296 1504 1331; x_wconf 84' lang='grc' dir='ltr'><strong>Σωτῆρα</strong></span> <span class='ocrx_word' id='word_1_558' title='bbox 1518 1295 1602 1327; x_wconf 77' lang='grc' dir='ltr'><strong>δεῖξαι</strong></span> <span class='ocrx_word' id='word_1_559' title='bbox 1617 1295 1786 1331; x_wconf 80' lang='grc' dir='ltr'><strong>βουλόμενος,</strong></span> <span class='ocrx_word' id='word_1_560' title='bbox 1809 1295 1848 1327; x_wconf 84' lang='grc' dir='ltr'>ὡς</span> <span class='ocrx_word' id='word_1_561' title='bbox 1864 1295 1910 1330; x_wconf 80' lang='grc' dir='ltr'><strong>μέ-</strong></span> 
     </span>
    </p>
   </div>
   <div class='ocr_carea' id='block_1_71' title="bbox 1126 1341 1910 1378">
    <p class='ocr_par' dir='ltr' id='par_1_71' title="bbox 1126 1341 1910 1378">
     <span class='ocr_line' id='line_1_71' title="bbox 1126 1341 1910 1378; baseline 0.003 -10"><span class='ocrx_word' id='word_1_562' title='bbox 1126 1351 1135 1367; x_wconf 82' lang='grc'><strong>(</strong></span> <span class='ocrx_word' id='word_1_563' title='bbox 1155 1349 1246 1375; x_wconf 83' lang='grc' dir='ltr'><strong>γιστον</strong></span> <span class='ocrx_word' id='word_1_564' title='bbox 1265 1343 1332 1377; x_wconf 86' lang='grc' dir='ltr'><strong>ἡμῖν</strong></span> <span class='ocrx_word' id='word_1_565' title='bbox 1356 1342 1509 1378; x_wconf 78' lang='grc' dir='ltr'><strong>ἀπόρρητον</strong></span> <span class='ocrx_word' id='word_1_566' title='bbox 1525 1341 1572 1368; x_wconf 82' lang='grc' dir='ltr'><strong>τοῦ</strong></span> <span class='ocrx_word' id='word_1_567' title='bbox 1594 1342 1753 1369; x_wconf 81' lang='grc' dir='ltr'><strong>Ἀποστόλου</strong></span> <span class='ocrx_word' id='word_1_568' title='bbox 1775 1342 1910 1370; x_wconf 78' lang='grc' dir='ltr'><strong>ἀνακαλύ-</strong></span> 
     </span>
    </p>
   </div>
   <div class='ocr_carea' id='block_1_72' title="bbox 1126 1388 1909 1424">
    <p class='ocr_par' dir='ltr' id='par_1_72' title="bbox 1126 1388 1909 1424">
     <span class='ocr_line' id='line_1_72' title="bbox 1126 1388 1909 1424; baseline 0.005 -12"><span class='ocrx_word' id='word_1_569' title='bbox 1126 1396 1134 1412; x_wconf 75' lang='lat' dir='ltr'><strong>t</strong></span> <span class='ocrx_word' id='word_1_570' title='bbox 1156 1395 1230 1413; x_wconf 88' lang='grc' dir='ltr'><strong>πτων</strong></span> <span class='ocrx_word' id='word_1_571' title='bbox 1253 1388 1412 1423; x_wconf 82' lang='grc' dir='ltr'><strong>μυστήριον,</strong></span> <span class='ocrx_word' id='word_1_572' title='bbox 1425 1388 1511 1420; x_wconf 75' lang='grc' dir='ltr'><strong>οὕτως</strong></span> <span class='ocrx_word' id='word_1_573' title='bbox 1525 1389 1587 1424; x_wconf 75' lang='grc' dir='ltr'><strong>ἔφη·</strong></span> <span class='ocrx_word' id='word_1_574' title='bbox 1605 1389 1651 1415; x_wconf 84' lang='grc' dir='ltr'>Διὸ</span> <span class='ocrx_word' id='word_1_575' title='bbox 1664 1389 1820 1423; x_wconf 69' lang='grc' dir='ltr'><strong>σαφέστατα</strong></span> <span class='ocrx_word' id='word_1_576' title='bbox 1834 1389 1882 1416; x_wconf 78' lang='grc' dir='ltr'><strong>καὶ</strong></span> <span class='ocrx_word' id='word_1_577' title='bbox 1894 1390 1909 1416; x_wconf 78' lang='grc' dir='ltr'><strong>ὁ</strong></span> 
     </span>
    </p>
   </div>
   <div class='ocr_carea' id='block_1_73' title="bbox 1126 1433 1910 1471">
    <p class='ocr_par' dir='ltr' id='par_1_73' title="bbox 1126 1433 1910 1471">
     <span class='ocr_line' id='line_1_73' title="bbox 1126 1433 1910 1471; baseline 0.004 -12"><span class='ocrx_word' id='word_1_578' title='bbox 1126 1444 1134 1459; x_wconf 80' lang='lat' dir='ltr'><strong>t</strong></span> <span class='ocrx_word' id='word_1_579' title='bbox 1155 1434 1225 1466; x_wconf 81' lang='grc' dir='ltr'><strong>Οεῖος</strong></span> <span class='ocrx_word' id='word_1_580' title='bbox 1247 1433 1420 1467; x_wconf 79' lang='grc' dir='ltr'><strong>’Δπόστολος,</strong></span> <span class='ocrx_word' id='word_1_581' title='bbox 1435 1435 1484 1471; x_wconf 83' lang='grc' dir='ltr'><strong>τὴν</strong></span> <span class='ocrx_word' id='word_1_582' title='bbox 1496 1435 1648 1471; x_wconf 69' lang='grc' dir='ltr'><strong>ἀπόρρητον</strong></span> <span class='ocrx_word' id='word_1_583' title='bbox 1665 1436 1731 1470; x_wconf 84' lang='grc' dir='ltr'><strong>ἡμῖν</strong></span> <span class='ocrx_word' id='word_1_584' title='bbox 1749 1436 1795 1462; x_wconf 76' lang='grc' dir='ltr'><strong>καὶ</strong></span> <span class='ocrx_word' id='word_1_585' title='bbox 1813 1445 1910 1471; x_wconf 79' lang='grc' dir='ltr'>μυστι-</span> 
     </span>
    </p>
   </div>
   <div class='ocr_carea' id='block_1_74' title="bbox 1126 1479 1910 1518">
    <p class='ocr_par' dir='ltr' id='par_1_74' title="bbox 1126 1479 1910 1518">
     <span class='ocr_line' id='line_1_74' title="bbox 1126 1479 1910 1518; baseline 0.004 -13"><span class='ocrx_word' id='word_1_586' title='bbox 1126 1489 1135 1504; x_wconf 73' lang='grc' dir='ltr'><strong>ε</strong></span> <span class='ocrx_word' id='word_1_587' title='bbox 1155 1479 1205 1515; x_wconf 80' lang='grc' dir='ltr'><strong>κὴν</strong></span> <span class='ocrx_word' id='word_1_588' title='bbox 1224 1480 1384 1516; x_wconf 82' lang='grc' dir='ltr'><strong>παραδιδοὺς</strong></span> <span class='ocrx_word' id='word_1_589' title='bbox 1397 1481 1545 1515; x_wconf 75' lang='grc' dir='ltr'><strong>θεολογίαν,</strong></span> <span class='ocrx_word' id='word_1_590' title='bbox 1566 1481 1616 1517; x_wconf 84' lang='grc' dir='ltr'><strong>βοᾷ</strong></span> <span class='ocrx_word' id='word_1_591' title='bbox 1628 1481 1674 1508; x_wconf 75' lang='grc' dir='ltr'><strong>καὶ</strong></span> <span class='ocrx_word' id='word_1_592' title='bbox 1688 1481 1838 1518; x_wconf 77' lang='grc' dir='ltr'><strong>κέκραγεψ</strong></span> <span class='ocrx_word' id='word_1_593' title='bbox 1857 1479 1910 1514; x_wconf 76' lang='grc' dir='ltr'><strong>Εἷς</strong></span> 
     </span>
    </p>
   </div>
   <div class='ocr_carea' id='block_1_75' title="bbox 1126 1524 1908 1563">
    <p class='ocr_par' dir='ltr' id='par_1_75' title="bbox 1126 1524 1908 1563">
     <span class='ocr_line' id='line_1_75' title="bbox 1126 1524 1908 1563; baseline 0.004 -12"><span class='ocrx_word' id='word_1_594' title='bbox 1126 1535 1135 1550; x_wconf 78' lang='grc' dir='ltr'><strong>ι</strong></span> <span class='ocrx_word' id='word_1_595' title='bbox 1158 1527 1174 1552; x_wconf 86' lang='grc' dir='ltr'><strong><em>ό</em></strong></span> <span class='ocrx_word' id='word_1_596' title='bbox 1184 1526 1264 1559; x_wconf 83' lang='grc' dir='ltr'><strong>Θεός.</strong></span> <span class='ocrx_word' id='word_1_597' title='bbox 1274 1524 1340 1554; x_wconf 78' lang='grc' dir='ltr'><strong>Εἶτα</strong></span> <span class='ocrx_word' id='word_1_598' title='bbox 1354 1527 1422 1563; x_wconf 84' lang='grc' dir='ltr'><strong>μετὰ</strong></span> <span class='ocrx_word' id='word_1_599' title='bbox 1431 1528 1476 1554; x_wconf 87' lang='grc' dir='ltr'><strong>τὸν</strong></span> <span class='ocrx_word' id='word_1_600' title='bbox 1486 1527 1534 1554; x_wconf 83' lang='grc' dir='ltr'><strong>’ἐνα</strong></span> <span class='ocrx_word' id='word_1_601' title='bbox 1542 1527 1607 1554; x_wconf 85' lang='grc' dir='ltr'><strong>Θεόν</strong></span> <span class='ocrx_word' id='word_1_602' title='bbox 1620 1536 1655 1562; x_wconf 86' lang='grc' dir='ltr'><strong>φη</strong></span> <span class='ocrx_word' id='word_1_603' title='bbox 1660 1536 1710 1554; x_wconf 86' lang='grc' dir='ltr'><strong>σιν·</strong></span> <span class='ocrx_word' id='word_1_604' title='bbox 1725 1526 1778 1560; x_wconf 80' lang='grc' dir='ltr'><strong>Εἷς</strong></span> <span class='ocrx_word' id='word_1_605' title='bbox 1782 1528 1908 1562; x_wconf 79' lang='grc' dir='ltr'><strong>μεσίτης</strong></span> 
     </span>
    </p>
   </div>
   <div class='ocr_carea' id='block_1_76' title="bbox 1126 1571 1911 1607">
    <p class='ocr_par' dir='ltr' id='par_1_76' title="bbox 1126 1571 1911 1607">
     <span class='ocr_line' id='line_1_76' title="bbox 1126 1571 1911 1607; baseline 0.004 -10"><span class='ocrx_word' id='word_1_606' title='bbox 1126 1579 1135 1596; x_wconf 85' lang='grc'><strong><em>‹</em></strong></span> <span class='ocrx_word' id='word_1_607' title='bbox 1156 1571 1230 1598; x_wconf 83' lang='grc' dir='ltr'><strong>Θεοῦ</strong></span> <span class='ocrx_word' id='word_1_608' title='bbox 1241 1572 1289 1598; x_wconf 76' lang='grc' dir='ltr'><strong>καὶ</strong></span> <span class='ocrx_word' id='word_1_609' title='bbox 1301 1572 1471 1606; x_wconf 74' lang='grc' dir='ltr'><strong>ἀνθρώπων,</strong></span> <span class='ocrx_word' id='word_1_610' title='bbox 1484 1573 1636 1607; x_wconf 75' lang='grc' dir='ltr'><strong>ᾶνθρωπος</strong></span> <span class='ocrx_word' id='word_1_611' title='bbox 1644 1572 1762 1607; x_wconf 82' lang='grc' dir='ltr'><strong>Ἰησοῦς</strong></span> <span class='ocrx_word' id='word_1_612' title='bbox 1771 1573 1911 1607; x_wconf 74' lang='grc' dir='ltr'><strong>Χριστός.</strong></span> 
     </span>
    </p>
   </div>
   <div class='ocr_carea' id='block_1_77' title="bbox 1128 1617 1910 1655">
    <p class='ocr_par' dir='ltr' id='par_1_77' title="bbox 1128 1617 1910 1655">
     <span class='ocr_line' id='line_1_77' title="bbox 1128 1617 1910 1655; baseline 0.005 -13"><span class='ocrx_word' id='word_1_613' title='bbox 1128 1626 1136 1642; x_wconf 80' lang='grc' dir='ltr'><strong>ι</strong></span> <span class='ocrx_word' id='word_1_614' title='bbox 1157 1618 1187 1643; x_wconf 83' lang='lat' dir='ltr'><strong>Ei</strong></span> <span class='ocrx_word' id='word_1_615' title='bbox 1207 1618 1296 1644; x_wconf 83' lang='grc' dir='ltr'><strong>τοίνυν</strong></span> <span class='ocrx_word' id='word_1_616' title='bbox 1319 1618 1460 1654; x_wconf 78' lang='grc' dir='ltr'><strong>ἄνθρωπον</strong></span> <span class='ocrx_word' id='word_1_617' title='bbox 1483 1618 1564 1645; x_wconf 83' lang='grc' dir='ltr'><strong>αὑτὸν</strong></span> <span class='ocrx_word' id='word_1_618' title='bbox 1589 1617 1658 1646; x_wconf 83' lang='grc' dir='ltr'><strong>εἶναι</strong></span> <span class='ocrx_word' id='word_1_619' title='bbox 1672 1628 1754 1655; x_wconf 78' lang='grc' dir='ltr'><strong>φησι,</strong></span> <span class='ocrx_word' id='word_1_620' title='bbox 1788 1621 1822 1655; x_wconf 75' lang='grc' dir='ltr'><strong>τῇ</strong></span> <span class='ocrx_word' id='word_1_621' title='bbox 1840 1619 1910 1646; x_wconf 78' lang='grc' dir='ltr'><strong>κατὰ</strong></span> 
     </span>
    </p>
   </div>
   <div class='ocr_carea' id='block_1_78' title="bbox 1127 1664 1911 1701">
    <p class='ocr_par' dir='ltr' id='par_1_78' title="bbox 1127 1664 1911 1701">
     <span class='ocr_line' id='line_1_78' title="bbox 1127 1664 1911 1701; baseline 0.003 -11"><span class='ocrx_word' id='word_1_622' title='bbox 1127 1674 1135 1689; x_wconf 85' lang='grc'>‹</span> <span class='ocrx_word' id='word_1_623' title='bbox 1158 1664 1245 1700; x_wconf 79' lang='grc' dir='ltr'><strong>σάρκα</strong></span> <span class='ocrx_word' id='word_1_624' title='bbox 1271 1664 1351 1691; x_wconf 78' lang='grc' dir='ltr'><strong>αὐτοῦ</strong></span> <span class='ocrx_word' id='word_1_625' title='bbox 1381 1665 1449 1701; x_wconf 72' lang='grc' dir='ltr'>μόνῃ</span> <span class='ocrx_word' id='word_1_626' title='bbox 1469 1664 1608 1700; x_wconf 80' lang='grc' dir='ltr'><strong>προσέχων</strong></span> <span class='ocrx_word' id='word_1_627' title='bbox 1630 1665 1779 1701; x_wconf 73' lang='grc' dir='ltr'><strong>οἰκονομίᾳ,</strong></span> <span class='ocrx_word' id='word_1_628' title='bbox 1802 1665 1911 1698; x_wconf 81' lang='grc' dir='ltr'><strong>πάντως</strong></span> 
     </span>
    </p>
   </div>
   <div class='ocr_carea' id='block_1_79' title="bbox 1127 1711 1912 1748">
    <p class='ocr_par' dir='ltr' id='par_1_79' title="bbox 1127 1711 1912 1748">
     <span class='ocr_line' id='line_1_79' title="bbox 1127 1711 1912 1748; baseline 0 -11"><span class='ocrx_word' id='word_1_629' title='bbox 1127 1720 1136 1736; x_wconf 80' lang='grc' dir='ltr'><strong>ι</strong></span> <span class='ocrx_word' id='word_1_630' title='bbox 1156 1712 1264 1738; x_wconf 76' lang='grc' dir='ltr'><strong>κάκεῖνο</strong></span> <span class='ocrx_word' id='word_1_631' title='bbox 1279 1712 1496 1747; x_wconf 82' lang='grc' dir='ltr'><strong>συνομολογεῖτὸ</strong></span> <span class='ocrx_word' id='word_1_632' title='bbox 1512 1713 1579 1748; x_wconf 76' lang='grc' dir='ltr'><strong>μηδὲ</strong></span> <span class='ocrx_word' id='word_1_633' title='bbox 1597 1712 1669 1747; x_wconf 83' lang='grc' dir='ltr'><strong>ἔχειν</strong></span> <span class='ocrx_word' id='word_1_634' title='bbox 1685 1712 1780 1739; x_wconf 79' lang='grc' dir='ltr'><strong>ἐλπίδα</strong></span> <span class='ocrx_word' id='word_1_635' title='bbox 1802 1712 1847 1738; x_wconf 72' lang='grc' dir='ltr'><strong>ἐπ’</strong></span> <span class='ocrx_word' id='word_1_636' title='bbox 1865 1711 1912 1738; x_wconf 82' lang='grc' dir='ltr'><strong>αὑ-</strong></span> 
     </span>
    </p>
   </div>
   <div class='ocr_carea' id='block_1_80' title="bbox 1127 1757 1913 1794">
    <p class='ocr_par' dir='ltr' id='par_1_80' title="bbox 1127 1757 1913 1794">
     <span class='ocr_line' id='line_1_80' title="bbox 1127 1757 1913 1794; baseline 0.004 -12"><span class='ocrx_word' id='word_1_637' title='bbox 1127 1767 1135 1782; x_wconf 76' lang='lat' dir='ltr'><strong>t</strong></span> <span class='ocrx_word' id='word_1_638' title='bbox 1155 1757 1211 1783; x_wconf 79' lang='grc' dir='ltr'><strong>τόν.</strong></span> <span class='ocrx_word' id='word_1_639' title='bbox 1230 1758 1459 1792; x_wconf 79' lang='grc' dir='ltr'><strong>Ἐπικατάρατος</strong></span> <span class='ocrx_word' id='word_1_640' title='bbox 1472 1758 1525 1794; x_wconf 87' lang='grc' dir='ltr'><strong>γὰρ</strong></span> <span class='ocrx_word' id='word_1_641' title='bbox 1535 1757 1699 1792; x_wconf 75' lang='grc' dir='ltr'><strong>ἅνθρωπος,</strong></span> <span class='ocrx_word' id='word_1_642' title='bbox 1724 1759 1739 1785; x_wconf 82' lang='grc' dir='ltr'><strong><em>ὁ</em></strong></span> <span class='ocrx_word' id='word_1_643' title='bbox 1769 1758 1913 1794; x_wconf 68' lang='grc' dir='ltr'><strong>προφήτης</strong></span> 
     </span>
    </p>
   </div>
   <div class='ocr_carea' id='block_1_81' title="bbox 1128 1803 1910 1840">
    <p class='ocr_par' dir='ltr' id='par_1_81' title="bbox 1128 1803 1910 1840">
     <span class='ocr_line' id='line_1_81' title="bbox 1128 1803 1910 1840; baseline 0.003 -12"><span class='ocrx_word' id='word_1_644' title='bbox 1128 1812 1136 1826; x_wconf 74' lang='grc' dir='ltr'>ι</span> <span class='ocrx_word' id='word_1_645' title='bbox 1155 1803 1285 1837; x_wconf 83' lang='grc' dir='ltr'><strong>Ἱερεμίας</strong></span> <span class='ocrx_word' id='word_1_646' title='bbox 1296 1803 1358 1839; x_wconf 84' lang='grc' dir='ltr'><strong>ἔφη,</strong></span> <span class='ocrx_word' id='word_1_647' title='bbox 1373 1803 1407 1835; x_wconf 83' lang='grc' dir='ltr'><strong>ὃς</strong></span> <span class='ocrx_word' id='word_1_648' title='bbox 1417 1804 1586 1838; x_wconf 76' lang='grc' dir='ltr'><strong>τὴνέλπίδα</strong></span> <span class='ocrx_word' id='word_1_649' title='bbox 1598 1804 1660 1838; x_wconf 71' lang='grc' dir='ltr'><strong>ἔχει</strong></span> <span class='ocrx_word' id='word_1_650' title='bbox 1672 1804 1717 1830; x_wconf 75' lang='grc' dir='ltr'><strong>ἐπ’</strong></span> <span class='ocrx_word' id='word_1_651' title='bbox 1726 1804 1910 1840; x_wconf 75' lang='grc' dir='ltr'><strong>ἇνθρωπον.1</strong></span> 
     </span>
    </p>
   </div>
   <div class='ocr_carea' id='block_1_82' title="bbox 1130 1848 1912 1884">
    <p class='ocr_par' dir='ltr' id='par_1_82' title="bbox 1130 1848 1912 1884">
     <span class='ocr_line' id='line_1_82' title="bbox 1130 1848 1912 1884; baseline 0.004 -11"><span class='ocrx_word' id='word_1_652' title='bbox 1130 1848 1210 1883; x_wconf 80' lang='grc' dir='ltr'><strong>Ὁρᾷς</strong></span> <span class='ocrx_word' id='word_1_653' title='bbox 1226 1849 1299 1879; x_wconf 78' lang='grc' dir='ltr'><strong>ὅπως</strong></span> <span class='ocrx_word' id='word_1_654' title='bbox 1319 1849 1336 1883; x_wconf 86' lang='grc' dir='ltr'><strong>ἡ</strong></span> <span class='ocrx_word' id='word_1_655' title='bbox 1361 1849 1443 1875; x_wconf 85' lang='grc' dir='ltr'><strong>κακία</strong></span> <span class='ocrx_word' id='word_1_656' title='bbox 1463 1849 1621 1883; x_wconf 73' lang='grc' dir='ltr'><strong>τυφλώττει.</strong></span> <span class='ocrx_word' id='word_1_657' title='bbox 1640 1849 1731 1877; x_wconf 81' lang='grc' dir='ltr'><strong>Ταῦτα</strong></span> <span class='ocrx_word' id='word_1_658' title='bbox 1744 1849 1809 1884; x_wconf 82' lang='grc' dir='ltr'><strong>γοῦν</strong></span> <span class='ocrx_word' id='word_1_659' title='bbox 1830 1850 1912 1881; x_wconf 79' lang='grc' dir='ltr'><strong>αὐτὸς</strong></span> 
     </span>
    </p>
   </div>
   <div class='ocr_carea' id='block_1_83' title="bbox 1126 1895 1913 1931">
    <p class='ocr_par' dir='ltr' id='par_1_83' title="bbox 1126 1895 1913 1931">
     <span class='ocr_line' id='line_1_83' title="bbox 1126 1895 1913 1931; baseline 0.004 -11"><span class='ocrx_word' id='word_1_660' title='bbox 1126 1895 1301 1930; x_wconf 75' lang='grc' dir='ltr'><strong>μαρτυρήσας</strong></span> <span class='ocrx_word' id='word_1_661' title='bbox 1316 1895 1381 1921; x_wconf 81' lang='grc' dir='ltr'><strong>Θεὸν</strong></span> <span class='ocrx_word' id='word_1_662' title='bbox 1403 1895 1575 1930; x_wconf 83' lang='grc' dir='ltr'><strong>ὁμολογοῦντι</strong></span> <span class='ocrx_word' id='word_1_663' title='bbox 1595 1896 1639 1922; x_wconf 76' lang='grc' dir='ltr'><strong>τὸν</strong></span> <span class='ocrx_word' id='word_1_664' title='bbox 1651 1896 1724 1928; x_wconf 85' lang='grc' dir='ltr'><strong>Υίδν,</strong></span> <span class='ocrx_word' id='word_1_665' title='bbox 1739 1895 1913 1931; x_wconf 76' lang='grc' dir='ltr'><strong>μεμφόμενός</strong></span> 
     </span>
    </p>
   </div>
   <div class='ocr_carea' id='block_1_84' title="bbox 1124 1940 1913 1978">
    <p class='ocr_par' dir='ltr' id='par_1_84' title="bbox 1124 1940 1913 1978">
     <span class='ocr_line' id='line_1_84' title="bbox 1124 1940 1913 1978; baseline 0.005 -13"><span class='ocrx_word' id='word_1_666' title='bbox 1124 1947 1153 1965; x_wconf 90' lang='grc' dir='ltr'><strong>τε</strong></span> <span class='ocrx_word' id='word_1_667' title='bbox 1173 1941 1219 1966; x_wconf 78' lang='grc' dir='ltr'><strong>ἐπὶ</strong></span> <span class='ocrx_word' id='word_1_668' title='bbox 1232 1940 1329 1976; x_wconf 81' lang='grc' dir='ltr'><strong>τούτῳ,</strong></span> <span class='ocrx_word' id='word_1_669' title='bbox 1347 1941 1384 1972; x_wconf 86' lang='grc' dir='ltr'><strong>ὠς</strong></span> <span class='ocrx_word' id='word_1_670' title='bbox 1397 1942 1462 1968; x_wconf 71' lang='grc' dir='ltr'><strong>Θεὸν</strong></span> <span class='ocrx_word' id='word_1_671' title='bbox 1475 1942 1553 1978; x_wconf 76' lang='grc' dir='ltr'>οὐσίᾳ</span> <span class='ocrx_word' id='word_1_672' title='bbox 1572 1942 1617 1969; x_wconf 75' lang='grc' dir='ltr'><strong>καὶ</strong></span> <span class='ocrx_word' id='word_1_673' title='bbox 1638 1942 1751 1978; x_wconf 77' lang='grc' dir='ltr'><strong>δυνάμει</strong></span> <span class='ocrx_word' id='word_1_674' title='bbox 1769 1942 1913 1976; x_wconf 79' lang='grc' dir='ltr'><strong>ὑφεστῶτα</strong></span> 
     </span>
    </p>
   </div>
   <div class='ocr_carea' id='block_1_85' title="bbox 1125 1987 1913 2022">
    <p class='ocr_par' dir='ltr' id='par_1_85' title="bbox 1125 1987 1913 2022">
     <span class='ocr_line' id='line_1_85' title="bbox 1125 1987 1913 2022; baseline 0 -9"><span class='ocrx_word' id='word_1_675' title='bbox 1125 1988 1169 2014; x_wconf 78' lang='grc' dir='ltr'><strong>τὸν</strong></span> <span class='ocrx_word' id='word_1_676' title='bbox 1183 1987 1230 2013; x_wconf 74' lang='grc' dir='ltr'><strong>τοῦ</strong></span> <span class='ocrx_word' id='word_1_677' title='bbox 1254 1987 1321 2014; x_wconf 82' lang='grc' dir='ltr'><strong>Θεοῦ</strong></span> <span class='ocrx_word' id='word_1_678' title='bbox 1341 1988 1426 2022; x_wconf 77' lang='grc' dir='ltr'><strong>Λόγον</strong></span> <span class='ocrx_word' id='word_1_679' title='bbox 1442 1988 1587 2022; x_wconf 78' lang='grc' dir='ltr'><strong>εἱσάγοντι.</strong></span> <span class='ocrx_word' id='word_1_680' title='bbox 1607 1987 1655 2014; x_wconf 82' lang='grc' dir='ltr'><strong>νῦν</strong></span> <span class='ocrx_word' id='word_1_681' title='bbox 1678 1988 1722 2015; x_wconf 74' lang='grc' dir='ltr'><strong>τὸν</strong></span> <span class='ocrx_word' id='word_1_682' title='bbox 1735 1987 1817 2015; x_wconf 76' lang='grc' dir='ltr'><strong>αὑτὸν</strong></span> <span class='ocrx_word' id='word_1_683' title='bbox 1832 1996 1913 2014; x_wconf 85' lang='grc' dir='ltr'><strong>συκο-</strong></span> 
     </span>
    </p>
   </div>
   <div class='ocr_carea' id='block_1_86' title="bbox 1126 2031 1914 2070">
    <p class='ocr_par' dir='ltr' id='par_1_86' title="bbox 1126 2031 1914 2070">
     <span class='ocr_line' id='line_1_86' title="bbox 1126 2031 1914 2070; baseline 0.003 -11"><span class='ocrx_word' id='word_1_684' title='bbox 1126 2035 1230 2068; x_wconf 65' lang='lat' dir='ltr'><strong>(putei,</strong></span> <span class='ocrx_word' id='word_1_685' title='bbox 1247 2033 1284 2065; x_wconf 83' lang='grc' dir='ltr'><strong>ὡς</strong></span> <span class='ocrx_word' id='word_1_686' title='bbox 1303 2033 1380 2068; x_wconf 77' lang='grc' dir='ltr'><strong>ψιλὸν</strong></span> <span class='ocrx_word' id='word_1_687' title='bbox 1401 2033 1542 2068; x_wconf 83' lang='grc' dir='ltr'><strong>ἄνθρωπον</strong></span> <span class='ocrx_word' id='word_1_688' title='bbox 1563 2033 1676 2068; x_wconf 85' lang='grc' dir='ltr'><strong>λέγοντα</strong></span> <span class='ocrx_word' id='word_1_689' title='bbox 1696 2031 1765 2060; x_wconf 80' lang='grc' dir='ltr'><strong>εἶναι</strong></span> <span class='ocrx_word' id='word_1_690' title='bbox 1783 2034 1828 2060; x_wconf 73' lang='grc' dir='ltr'><strong>τὸν</strong></span> <span class='ocrx_word' id='word_1_691' title='bbox 1847 2035 1914 2070; x_wconf 75' lang='grc' dir='ltr'><strong>Χρε-</strong></span> 
     </span>
    </p>
   </div>
   <div class='ocr_carea' id='block_1_87' title="bbox 1127 2077 1913 2117">
    <p class='ocr_par' dir='ltr' id='par_1_87' title="bbox 1127 2077 1913 2117">
     <span class='ocr_line' id='line_1_87' title="bbox 1127 2077 1913 2117; baseline 0.003 -11"><span class='ocrx_word' id='word_1_692' title='bbox 1127 2079 1197 2112; x_wconf 72' lang='grc' dir='ltr'><strong>στὺν,</strong></span> <span class='ocrx_word' id='word_1_693' title='bbox 1213 2079 1357 2115; x_wconf 79' lang='grc' dir='ltr'><strong>προφανῶς</strong></span> <span class='ocrx_word' id='word_1_694' title='bbox 1371 2080 1621 2115; x_wconf 77' lang='grc' dir='ltr'><strong>καταψευδόμενος,</strong></span> <span class='ocrx_word' id='word_1_695' title='bbox 1641 2080 1669 2106; x_wconf 79' lang='grc' dir='ltr'><strong>ἕν</strong></span> <span class='ocrx_word' id='word_1_696' title='bbox 1693 2089 1721 2106; x_wconf 88' lang='grc' dir='ltr'><strong>τε</strong></span> <span class='ocrx_word' id='word_1_697' title='bbox 1743 2077 1784 2112; x_wconf 81' lang='grc' dir='ltr'><strong>οἷς</strong></span> <span class='ocrx_word' id='word_1_698' title='bbox 1806 2080 1913 2117; x_wconf 69' lang='grc' dir='ltr'><strong>εἴρηκε.</strong></span> 
     </span>
    </p>
   </div>
   <div class='ocr_carea' id='block_1_88' title="bbox 1126 2123 1912 2162">
    <p class='ocr_par' dir='ltr' id='par_1_88' title="bbox 1126 2123 1912 2162">
     <span class='ocr_line' id='line_1_88' title="bbox 1126 2123 1912 2162; baseline 0.003 -11"><span class='ocrx_word' id='word_1_699' title='bbox 1126 2125 1172 2152; x_wconf 67' lang='grc' dir='ltr'><strong>καὶ</strong></span> <span class='ocrx_word' id='word_1_700' title='bbox 1197 2126 1225 2151; x_wconf 84' lang='grc' dir='ltr'><strong>ἐν</strong></span> <span class='ocrx_word' id='word_1_701' title='bbox 1245 2123 1285 2157; x_wconf 72' lang='grc' dir='ltr'><strong>οἷς</strong></span> <span class='ocrx_word' id='word_1_702' title='bbox 1309 2125 1372 2161; x_wconf 77' lang='grc' dir='ltr'><strong>ἑξῆς</strong></span> <span class='ocrx_word' id='word_1_703' title='bbox 1398 2125 1494 2160; x_wconf 79' lang='grc' dir='ltr'><strong>ἐπάγει</strong></span> <span class='ocrx_word' id='word_1_704' title='bbox 1514 2124 1591 2157; x_wconf 75' lang='grc' dir='ltr'><strong>αὖθις</strong></span> <span class='ocrx_word' id='word_1_705' title='bbox 1620 2126 1684 2162; x_wconf 82' lang='grc' dir='ltr'><strong>περὶ</strong></span> <span class='ocrx_word' id='word_1_706' title='bbox 1704 2126 1785 2153; x_wconf 79' lang='grc' dir='ltr'><strong>αὑτοῦ</strong></span> <span class='ocrx_word' id='word_1_707' title='bbox 1810 2126 1912 2161; x_wconf 79' lang='grc' dir='ltr'><strong>λέγων·</strong></span> 
     </span>
    </p>
   </div>
   <div class='ocr_carea' id='block_1_89' title="bbox 1129 2170 1915 2208">
    <p class='ocr_par' dir='ltr' id='par_1_89' title="bbox 1129 2170 1915 2208">
     <span class='ocr_line' id='line_1_89' title="bbox 1129 2170 1915 2208; baseline 0.003 -12"><span class='ocrx_word' id='word_1_708' title='bbox 1129 2180 1138 2196; x_wconf 85' lang='grc'><strong>‹</strong></span> <span class='ocrx_word' id='word_1_709' title='bbox 1165 2170 1234 2197; x_wconf 74' lang='grc' dir='ltr'><strong>Ἀλλ’</strong></span> <span class='ocrx_word' id='word_1_710' title='bbox 1251 2172 1266 2198; x_wconf 84' lang='grc' dir='ltr'>ὁ</span> <span class='ocrx_word' id='word_1_711' title='bbox 1281 2171 1487 2207; x_wconf 78' lang='grc' dir='ltr'><strong>προειρημένος,</strong></span> <span class='ocrx_word' id='word_1_712' title='bbox 1508 2171 1610 2207; x_wconf 72' lang='grc' dir='ltr'><strong>βραχέα</strong></span> <span class='ocrx_word' id='word_1_713' title='bbox 1626 2172 1680 2198; x_wconf 78' lang='grc' dir='ltr'><strong>τῶν</strong></span> <span class='ocrx_word' id='word_1_714' title='bbox 1703 2171 1788 2206; x_wconf 83' lang='grc' dir='ltr'><strong>ἁγίων</strong></span> <span class='ocrx_word' id='word_1_715' title='bbox 1807 2180 1915 2208; x_wconf 71' lang='grc' dir='ltr'><strong>προφη-</strong></span> 
     </span>
    </p>
   </div>
   <div class='ocr_carea' id='block_1_90' title="bbox 1130 2216 1914 2253">
    <p class='ocr_par' dir='ltr' id='par_1_90' title="bbox 1130 2216 1914 2253">
     <span class='ocr_line' id='line_1_90' title="bbox 1130 2216 1914 2253; baseline 0.003 -11"><span class='ocrx_word' id='word_1_716' title='bbox 1130 2226 1138 2242; x_wconf 77' lang='grc' dir='ltr'><strong>ι</strong></span> <span class='ocrx_word' id='word_1_717' title='bbox 1158 2217 1211 2243; x_wconf 84' lang='grc' dir='ltr'><strong>τῶν</strong></span> <span class='ocrx_word' id='word_1_718' title='bbox 1230 2216 1390 2252; x_wconf 75' lang='grc' dir='ltr'><strong>φροντίσας,</strong></span> <span class='ocrx_word' id='word_1_719' title='bbox 1402 2217 1440 2248; x_wconf 79' lang='grc' dir='ltr'><strong>ὡς</strong></span> <span class='ocrx_word' id='word_1_720' title='bbox 1459 2217 1612 2253; x_wconf 75' lang='grc' dir='ltr'><strong>ἀπόρρητόν</strong></span> <span class='ocrx_word' id='word_1_721' title='bbox 1628 2226 1688 2244; x_wconf 82' lang='grc' dir='ltr'><strong>τινα</strong></span> <span class='ocrx_word' id='word_1_722' title='bbox 1703 2218 1749 2243; x_wconf 75' lang='grc' dir='ltr'><strong>καὶ</strong></span> <span class='ocrx_word' id='word_1_723' title='bbox 1765 2217 1914 2244; x_wconf 75' lang='grc' dir='ltr'><strong>λανθάνου-</strong></span> 
     </span>
    </p>
   </div>
   <div class='ocr_carea' id='block_1_91' title="bbox 288 2256 1070 2299">
    <p class='ocr_par' dir='ltr' id='par_1_91' title="bbox 288 2256 1070 2294">
     <span class='ocr_line' id='line_1_91' title="bbox 288 2256 1070 2294; baseline 0.004 -12"><span class='ocrx_word' id='word_1_724' title='bbox 288 2266 297 2282; x_wconf 77' lang='grc' dir='ltr'><strong>ι</strong></span> <span class='ocrx_word' id='word_1_725' title='bbox 321 2256 390 2284; x_wconf 90' lang='lat' dir='ltr'><strong>sime</strong></span> <span class='ocrx_word' id='word_1_726' title='bbox 404 2257 511 2284; x_wconf 87' lang='lat' dir='ltr'><strong>divinus</strong></span> <span class='ocrx_word' id='word_1_727' title='bbox 527 2257 673 2291; x_wconf 86' lang='lat' dir='ltr'><strong>Apostolus</strong></span> <span class='ocrx_word' id='word_1_728' title='bbox 686 2258 872 2285; x_wconf 86' lang='lat' dir='ltr'><strong>absconditam</strong></span> <span class='ocrx_word' id='word_1_729' title='bbox 890 2263 915 2285; x_wconf 88' lang='lat' dir='ltr'><strong>et</strong></span> <span class='ocrx_word' id='word_1_730' title='bbox 931 2259 1070 2294; x_wconf 86' lang='lat' dir='ltr'><strong>mysticam</strong></span> 
     </span>
    </p>
   </div>
   <div class='ocr_carea' id='block_1_92' title="bbox 1124 2256 1914 2299">
    <p class='ocr_par' dir='ltr' id='par_1_92' title="bbox 1128 2262 1914 2299">
     <span class='ocr_line' id='line_1_92' title="bbox 1128 2262 1914 2299; baseline 0.003 -11"><span class='ocrx_word' id='word_1_731' title='bbox 1128 2272 1136 2288; x_wconf 83' lang='grc' dir='ltr'><strong>ι</strong></span> <span class='ocrx_word' id='word_1_732' title='bbox 1158 2271 1208 2289; x_wconf 85' lang='grc' dir='ltr'><strong>σαν</strong></span> <span class='ocrx_word' id='word_1_733' title='bbox 1222 2263 1268 2289; x_wconf 76' lang='grc' dir='ltr'><strong>τοῦ</strong></span> <span class='ocrx_word' id='word_1_734' title='bbox 1291 2263 1452 2289; x_wconf 83' lang='grc' dir='ltr'><strong>Ἀποστόλου</strong></span> <span class='ocrx_word' id='word_1_735' title='bbox 1474 2263 1612 2298; x_wconf 82' lang='grc' dir='ltr'><strong>θεολογίαν</strong></span> <span class='ocrx_word' id='word_1_736' title='bbox 1632 2263 1826 2299; x_wconf 81' lang='grc' dir='ltr'><strong>ἐξηγούμενος·</strong></span> <span class='ocrx_word' id='word_1_737' title='bbox 1862 2262 1914 2297; x_wconf 77' lang='grc' dir='ltr'><strong>Εἷς</strong></span> 
     </span>
    </p>
   </div>
   <div class='ocr_carea' id='block_1_93' title="bbox 289 2303 1074 2339">
    <p class='ocr_par' dir='ltr' id='par_1_93' title="bbox 289 2303 1074 2339">
     <span class='ocr_line' id='line_1_93' title="bbox 289 2303 1074 2339; baseline 0.005 -11"><span class='ocrx_word' id='word_1_738' title='bbox 289 2311 298 2328; x_wconf 84' lang='grc'>‹</span> <span class='ocrx_word' id='word_1_739' title='bbox 323 2303 401 2330; x_wconf 84' lang='lat' dir='ltr'><strong>nobis</strong></span> <span class='ocrx_word' id='word_1_740' title='bbox 417 2303 581 2339; x_wconf 79' lang='lat' dir='ltr'><strong>theologiam</strong></span> <span class='ocrx_word' id='word_1_741' title='bbox 603 2304 786 2337; x_wconf 85' lang='lat' dir='ltr'><strong>revelaturus,</strong></span> <span class='ocrx_word' id='word_1_742' title='bbox 809 2304 909 2331; x_wconf 89' lang='lat' dir='ltr'><strong>clamat</strong></span> <span class='ocrx_word' id='word_1_743' title='bbox 929 2309 957 2332; x_wconf 88' lang='lat' dir='ltr'><strong>et</strong></span> <span class='ocrx_word' id='word_1_744' title='bbox 976 2305 1074 2333; x_wconf 78' lang='lat' dir='ltr'><strong>vocife-</strong></span> 
     </span>
    </p>
   </div>
   <div class='ocr_carea' id='block_1_94' title="bbox 289 2348 1072 2385">
    <p class='ocr_par' dir='ltr' id='par_1_94' title="bbox 289 2348 1072 2385">
     <span class='ocr_line' id='line_1_94' title="bbox 289 2348 1072 2385; baseline 0.004 -10"><span class='ocrx_word' id='word_1_745' title='bbox 289 2359 297 2374; x_wconf 80' lang='grc' dir='ltr'><strong>ι</strong></span> <span class='ocrx_word' id='word_1_746' title='bbox 323 2355 412 2376; x_wconf 85' lang='lat' dir='ltr'><strong>ratur:</strong></span> <span class='ocrx_word' id='word_1_747' title='bbox 423 2348 496 2376; x_wconf 76' lang='lat' dir='ltr'><strong>Unus</strong></span> <span class='ocrx_word' id='word_1_748' title='bbox 516 2355 553 2377; x_wconf 77' lang='lat' dir='ltr'><strong>est</strong></span> <span class='ocrx_word' id='word_1_749' title='bbox 573 2350 642 2377; x_wconf 68' lang='lat' dir='ltr'><strong>Deus</strong></span> <span class='ocrx_word' id='word_1_750' title='bbox 653 2350 687 2378; x_wconf 73' lang='grc'><strong>⁸⁸.</strong></span> <span class='ocrx_word' id='word_1_751' title='bbox 702 2350 884 2385; x_wconf 87' lang='lat' dir='ltr'><strong>Etpostquam</strong></span> <span class='ocrx_word' id='word_1_752' title='bbox 896 2349 978 2378; x_wconf 91' lang='lat' dir='ltr'><strong>Deum</strong></span> <span class='ocrx_word' id='word_1_753' title='bbox 990 2358 1072 2378; x_wconf 89' lang='lat' dir='ltr'><strong>untnn</strong></span> 
     </span>
    </p>
   </div>
   <div class='ocr_carea' id='block_1_95' title="bbox 289 2396 1071 2431">
    <p class='ocr_par' dir='ltr' id='par_1_95' title="bbox 289 2396 1071 2431">
     <span class='ocr_line' id='line_1_95' title="bbox 289 2396 1071 2431; baseline 0.003 -9"><span class='ocrx_word' id='word_1_754' title='bbox 289 2406 298 2421; x_wconf 76' lang='grc' dir='ltr'><strong>ε</strong></span> <span class='ocrx_word' id='word_1_755' title='bbox 321 2403 382 2423; x_wconf 89' lang='lat' dir='ltr'><strong>esse</strong></span> <span class='ocrx_word' id='word_1_756' title='bbox 407 2396 636 2429; x_wconf 83' lang='lat' dir='ltr'><strong>conﬂrmaverat,</strong></span> <span class='ocrx_word' id='word_1_757' title='bbox 668 2396 843 2423; x_wconf 82' lang='lat' dir='ltr'><strong>Mediatorem</strong></span> <span class='ocrx_word' id='word_1_758' title='bbox 856 2404 963 2431; x_wconf 90' lang='lat' dir='ltr'><strong>quoque</strong></span> <span class='ocrx_word' id='word_1_759' title='bbox 990 2405 1071 2424; x_wconf 83' lang='lat' dir='ltr'><strong>unum</strong></span> 
     </span>
    </p>
   </div>
   <div class='ocr_carea' id='block_1_96' title="bbox 289 2441 1071 2477">
    <p class='ocr_par' dir='ltr' id='par_1_96' title="bbox 289 2441 1071 2477">
     <span class='ocr_line' id='line_1_96' title="bbox 289 2441 1071 2477; baseline 0.004 -10"><span class='ocrx_word' id='word_1_760' title='bbox 289 2451 299 2467; x_wconf 68' lang='lat' dir='ltr'>c</span> <span class='ocrx_word' id='word_1_761' title='bbox 325 2441 371 2468; x_wconf 87' lang='lat' dir='ltr'><strong>Dei</strong></span> <span class='ocrx_word' id='word_1_762' title='bbox 383 2446 459 2477; x_wconf 82' lang='lat' dir='ltr'><strong>atque</strong></span> <span class='ocrx_word' id='word_1_763' title='bbox 472 2443 606 2469; x_wconf 79' lang='lat' dir='ltr'><strong>hominum</strong></span> <span class='ocrx_word' id='word_1_764' title='bbox 621 2443 762 2470; x_wconf 88' lang='lat' dir='ltr'><strong>constituit</strong></span> <span class='ocrx_word' id='word_1_765' title='bbox 777 2443 810 2475; x_wconf 76' lang='grc'><strong>³⁸,</strong></span> <span class='ocrx_word' id='word_1_766' title='bbox 827 2443 963 2470; x_wconf 90' lang='lat' dir='ltr'><strong>hominem</strong></span> <span class='ocrx_word' id='word_1_767' title='bbox 980 2443 1071 2470; x_wconf 75' lang='lat' dir='ltr'><strong>Iesum</strong></span> 
     </span>
    </p>
   </div>
   <div class='ocr_carea' id='block_1_97' title="bbox 288 2488 1071 2524">
    <p class='ocr_par' dir='ltr' id='par_1_97' title="bbox 288 2488 1071 2524">
     <span class='ocr_line' id='line_1_97' title="bbox 288 2488 1071 2524; baseline 0.003 -11"><span class='ocrx_word' id='word_1_768' title='bbox 288 2497 298 2513; x_wconf 73' lang='grc' dir='ltr'>ί</span> <span class='ocrx_word' id='word_1_769' title='bbox 322 2488 469 2516; x_wconf 86' lang='lat' dir='ltr'><strong>Christum.</strong></span> <span class='ocrx_word' id='word_1_770' title='bbox 503 2489 579 2522; x_wconf 86' lang='lat' dir='ltr'><strong>Quod</strong></span> <span class='ocrx_word' id='word_1_771' title='bbox 610 2490 634 2517; x_wconf 87' lang='lat' dir='ltr'><strong>si</strong></span> <span class='ocrx_word' id='word_1_772' title='bbox 660 2497 724 2524; x_wconf 79' lang='lat' dir='ltr'><strong>ergo</strong></span> <span class='ocrx_word' id='word_1_773' title='bbox 753 2489 889 2517; x_wconf 81' lang='lat' dir='ltr'><strong>hominem</strong></span> <span class='ocrx_word' id='word_1_774' title='bbox 913 2489 972 2516; x_wconf 90' lang='lat' dir='ltr'><strong>ideo</strong></span> <span class='ocrx_word' id='word_1_775' title='bbox 999 2489 1071 2515; x_wconf 87' lang='lat' dir='ltr'><strong>illtnn</strong></span> 
     </span>
    </p>
   </div>
   <div class='ocr_carea' id='block_1_98' title="bbox 289 2535 1071 2571">
    <p class='ocr_par' dir='ltr' id='par_1_98' title="bbox 289 2535 1071 2571">
     <span class='ocr_line' id='line_1_98' title="bbox 289 2535 1071 2571; baseline 0.001 -10"><span class='ocrx_word' id='word_1_776' title='bbox 289 2545 298 2561; x_wconf 76' lang='grc' dir='ltr'><strong>ι</strong></span> <span class='ocrx_word' id='word_1_777' title='bbox 318 2535 445 2570; x_wconf 85' lang='lat' dir='ltr'><strong>appellet,</strong></span> <span class='ocrx_word' id='word_1_778' title='bbox 463 2536 533 2570; x_wconf 87' lang='lat' dir='ltr'><strong>quod</strong></span> <span class='ocrx_word' id='word_1_779' title='bbox 548 2537 695 2571; x_wconf 86' lang='lat' dir='ltr'><strong>respiceret</strong></span> <span class='ocrx_word' id='word_1_780' title='bbox 705 2544 777 2569; x_wconf 83' lang='lat' dir='ltr'><strong>eam,</strong></span> <span class='ocrx_word' id='word_1_781' title='bbox 796 2544 855 2571; x_wconf 75' lang='lat' dir='ltr'><strong>qua:</strong></span> <span class='ocrx_word' id='word_1_782' title='bbox 871 2541 912 2564; x_wconf 89' lang='lat' dir='ltr'><strong>est</strong></span> <span class='ocrx_word' id='word_1_783' title='bbox 924 2537 1071 2564; x_wconf 86' lang='lat' dir='ltr'><strong>secundum</strong></span> 
     </span>
    </p>
   </div>
   <div class='ocr_carea' id='block_1_99' title="bbox 289 2582 1073 2617">
    <p class='ocr_par' dir='ltr' id='par_1_99' title="bbox 289 2582 1073 2617">
     <span class='ocr_line' id='line_1_99' title="bbox 289 2582 1073 2617; baseline 0 -9"><span class='ocrx_word' id='word_1_784' title='bbox 289 2591 298 2607; x_wconf 74' lang='grc' dir='ltr'><strong>ι</strong></span> <span class='ocrx_word' id='word_1_785' title='bbox 321 2589 444 2614; x_wconf 89' lang='lat' dir='ltr'><strong>carnem,</strong></span> <span class='ocrx_word' id='word_1_786' title='bbox 461 2583 654 2616; x_wconf 77' lang='lat' dir='ltr'><strong>teconomiam,</strong></span> <span class='ocrx_word' id='word_1_787' title='bbox 668 2591 721 2610; x_wconf 90' lang='lat' dir='ltr'><strong>non</strong></span> <span class='ocrx_word' id='word_1_788' title='bbox 735 2587 822 2617; x_wconf 86' lang='lat' dir='ltr'><strong>potest</strong></span> <span class='ocrx_word' id='word_1_789' title='bbox 843 2582 900 2610; x_wconf 85' lang='lat' dir='ltr'><strong>ﬁeri</strong></span> <span class='ocrx_word' id='word_1_790' title='bbox 915 2582 979 2617; x_wconf 89' lang='lat' dir='ltr'><strong>quin</strong></span> <span class='ocrx_word' id='word_1_791' title='bbox 993 2583 1073 2610; x_wconf 91' lang='lat' dir='ltr'><strong>simul</strong></span> 
     </span>
    </p>
   </div>
   <div class='ocr_carea' id='block_1_100' title="bbox 289 2627 1062 2662">
    <p class='ocr_par' dir='ltr' id='par_1_100' title="bbox 289 2627 1062 2662">
     <span class='ocr_line' id='line_1_100' title="bbox 289 2627 1062 2662; baseline 0.003 -10"><span class='ocrx_word' id='word_1_792' title='bbox 289 2636 298 2651; x_wconf 78' lang='grc' dir='ltr'>σ</span> <span class='ocrx_word' id='word_1_793' title='bbox 322 2627 479 2660; x_wconf 79' lang='lat' dir='ltr'><strong>proﬁteatur</strong></span> <span class='ocrx_word' id='word_1_794' title='bbox 493 2627 549 2661; x_wconf 88' lang='lat' dir='ltr'><strong>ille,</strong></span> <span class='ocrx_word' id='word_1_795' title='bbox 563 2634 639 2662; x_wconf 89' lang='lat' dir='ltr'><strong>spem</strong></span> <span class='ocrx_word' id='word_1_796' title='bbox 659 2635 688 2655; x_wconf 90' lang='lat' dir='ltr'><strong>se</strong></span> <span class='ocrx_word' id='word_1_797' title='bbox 710 2627 810 2655; x_wconf 88' lang='lat' dir='ltr'><strong>nullam</strong></span> <span class='ocrx_word' id='word_1_798' title='bbox 826 2628 852 2654; x_wconf 92' lang='lat' dir='ltr'><strong>in</strong></span> <span class='ocrx_word' id='word_1_799' title='bbox 869 2635 901 2654; x_wconf 91' lang='lat' dir='ltr'><strong>eo</strong></span> <span class='ocrx_word' id='word_1_800' title='bbox 918 2627 1062 2654; x_wconf 83' lang='lat' dir='ltr'><strong>collocare.</strong></span> 
     </span>
    </p>
   </div>
   <div class='ocr_carea' id='block_1_101' title="bbox 323 2683 683 2719">
    <p class='ocr_par' dir='ltr' id='par_1_101' title="bbox 323 2683 683 2719">
     <span class='ocr_line' id='line_1_101' title="bbox 323 2683 683 2719; baseline 0.006 -9"><span class='ocrx_word' id='word_1_801' title='bbox 323 2687 352 2715; x_wconf 48' lang='grc' dir='ltr'>ᾖ</span> <span class='ocrx_word' id='word_1_802' title='bbox 362 2684 420 2719; x_wconf 23' lang='grc' dir='ltr'>ῨΕιΙ.</span> <span class='ocrx_word' id='word_1_803' title='bbox 437 2683 537 2716; x_wconf 85' lang='lat' dir='ltr'><strong>Paris.,</strong></span> <span class='ocrx_word' id='word_1_804' title='bbox 549 2691 622 2719; x_wconf 79' lang='lat' dir='ltr'><strong>pag.,</strong></span> <span class='ocrx_word' id='word_1_805' title='bbox 638 2683 683 2712; x_wconf 72' lang='lat'><strong>28.</strong></span> 
     </span>
    </p>
   </div>
   <div class='ocr_carea' id='block_1_102' title="bbox 1131 2305 1913 2343">
    <p class='ocr_par' dir='ltr' id='par_1_102' title="bbox 1131 2305 1913 2343">
     <span class='ocr_line' id='line_1_102' title="bbox 1131 2305 1913 2343; baseline 0.003 -10"><span class='ocrx_word' id='word_1_806' title='bbox 1131 2317 1140 2333; x_wconf 76' lang='grc' dir='ltr'><strong>ι</strong></span> <span class='ocrx_word' id='word_1_807' title='bbox 1159 2307 1240 2340; x_wconf 73' lang='grc' dir='ltr'><strong>Θεὸς,</strong></span> <span class='ocrx_word' id='word_1_808' title='bbox 1259 2307 1321 2343; x_wconf 80' lang='grc' dir='ltr'><strong>ἔφη,</strong></span> <span class='ocrx_word' id='word_1_809' title='bbox 1332 2305 1376 2341; x_wconf 80' lang='grc' dir='ltr'><strong>εἷς</strong></span> <span class='ocrx_word' id='word_1_810' title='bbox 1392 2309 1440 2334; x_wconf 77' lang='grc' dir='ltr'><strong>καὶ</strong></span> <span class='ocrx_word' id='word_1_811' title='bbox 1452 2309 1578 2343; x_wconf 80' lang='grc' dir='ltr'><strong>μεσίτης</strong></span> <span class='ocrx_word' id='word_1_812' title='bbox 1591 2309 1665 2335; x_wconf 79' lang='grc' dir='ltr'><strong>Θεοῦ</strong></span> <span class='ocrx_word' id='word_1_813' title='bbox 1676 2309 1724 2335; x_wconf 76' lang='grc' dir='ltr'><strong>και</strong></span> <span class='ocrx_word' id='word_1_814' title='bbox 1740 2308 1913 2342; x_wconf 69' lang='grc' dir='ltr'><strong>ἀνθρώπων,</strong></span> 
     </span>
    </p>
   </div>
   <div class='ocr_carea' id='block_1_103' title="bbox 1129 2353 1913 2390">
    <p class='ocr_par' dir='ltr' id='par_1_103' title="bbox 1129 2353 1913 2390">
     <span class='ocr_line' id='line_1_103' title="bbox 1129 2353 1913 2390; baseline 0.003 -12"><span class='ocrx_word' id='word_1_815' title='bbox 1129 2363 1138 2378; x_wconf 75' lang='lat' dir='ltr'><strong>t</strong></span> <span class='ocrx_word' id='word_1_816' title='bbox 1153 2353 1306 2387; x_wconf 79' lang='grc' dir='ltr'><strong>ἅνθρωπος</strong></span> <span class='ocrx_word' id='word_1_817' title='bbox 1314 2354 1432 2387; x_wconf 82' lang='grc' dir='ltr'><strong>Ἰησοῦς</strong></span> <span class='ocrx_word' id='word_1_818' title='bbox 1440 2355 1575 2388; x_wconf 74' lang='grc' dir='ltr'><strong>Χριστός.</strong></span> <span class='ocrx_word' id='word_1_819' title='bbox 1589 2364 1598 2380; x_wconf 72' lang='grc' dir='ltr'><strong>ι</strong></span> <span class='ocrx_word' id='word_1_820' title='bbox 1608 2355 1662 2381; x_wconf 74' lang='grc' dir='ltr'><strong>Καὶ</strong></span> <span class='ocrx_word' id='word_1_821' title='bbox 1669 2356 1682 2381; x_wconf 76' lang='grc' dir='ltr'>ὁ</span> <span class='ocrx_word' id='word_1_822' title='bbox 1690 2354 1776 2380; x_wconf 79' lang='grc' dir='ltr'><strong>ταῦτα</strong></span> <span class='ocrx_word' id='word_1_823' title='bbox 1793 2354 1913 2390; x_wconf 74' lang='grc' dir='ltr'><strong>γράψας,</strong></span> 
     </span>
    </p>
   </div>
   <div class='ocr_carea' id='block_1_104' title="bbox 1127 2399 1915 2436">
    <p class='ocr_par' dir='ltr' id='par_1_104' title="bbox 1127 2399 1915 2436">
     <span class='ocr_line' id='line_1_104' title="bbox 1127 2399 1915 2436; baseline -0.001 -10"><span class='ocrx_word' id='word_1_824' title='bbox 1127 2399 1172 2426; x_wconf 74' lang='grc' dir='ltr'><strong>καὶ</strong></span> <span class='ocrx_word' id='word_1_825' title='bbox 1189 2399 1291 2434; x_wconf 72' lang='grc' dir='ltr'><strong>σφόδρα</strong></span> <span class='ocrx_word' id='word_1_826' title='bbox 1307 2400 1352 2425; x_wconf 67' lang='grc' dir='ltr'><strong>ἐπὶ</strong></span> <span class='ocrx_word' id='word_1_827' title='bbox 1378 2399 1416 2434; x_wconf 84' lang='grc' dir='ltr'><strong>τῷ</strong></span> <span class='ocrx_word' id='word_1_828' title='bbox 1444 2400 1595 2435; x_wconf 80' lang='grc' dir='ltr'><strong>μεμνῆσθαι</strong></span> <span class='ocrx_word' id='word_1_829' title='bbox 1617 2400 1670 2426; x_wconf 86' lang='grc' dir='ltr'><strong>τῶν</strong></span> <span class='ocrx_word' id='word_1_830' title='bbox 1688 2400 1802 2436; x_wconf 83' lang='grc' dir='ltr'><strong>Γραφῶν</strong></span> <span class='ocrx_word' id='word_1_831' title='bbox 1830 2408 1915 2435; x_wconf 77' lang='grc' dir='ltr'><strong>μεγα-</strong></span> 
     </span>
    </p>
   </div>
   <div class='ocr_carea' id='block_1_105' title="bbox 1125 2444 1914 2481">
    <p class='ocr_par' dir='ltr' id='par_1_105' title="bbox 1125 2444 1914 2481">
     <span class='ocr_line' id='line_1_105' title="bbox 1125 2444 1914 2481; baseline 0.003 -11"><span class='ocrx_word' id='word_1_832' title='bbox 1125 2444 1241 2479; x_wconf 80' lang='grc' dir='ltr'><strong>λαυχῶν,</strong></span> <span class='ocrx_word' id='word_1_833' title='bbox 1259 2445 1309 2470; x_wconf 81' lang='grc' dir='ltr'><strong>οὐκ</strong></span> <span class='ocrx_word' id='word_1_834' title='bbox 1326 2446 1474 2481; x_wconf 73' lang='grc' dir='ltr'><strong>ἐνενόησεν,</strong></span> <span class='ocrx_word' id='word_1_835' title='bbox 1491 2446 1530 2472; x_wconf 83' lang='grc' dir='ltr'><strong>ὅτι</strong></span> <span class='ocrx_word' id='word_1_836' title='bbox 1547 2446 1561 2471; x_wconf 86' lang='grc' dir='ltr'><strong>ὁ</strong></span> <span class='ocrx_word' id='word_1_837' title='bbox 1577 2445 1655 2472; x_wconf 85' lang='grc' dir='ltr'><strong>τοῦτο</strong></span> <span class='ocrx_word' id='word_1_838' title='bbox 1671 2445 1779 2481; x_wconf 71' lang='grc' dir='ltr'><strong>γράψας</strong></span> <span class='ocrx_word' id='word_1_839' title='bbox 1792 2445 1914 2479; x_wconf 71' lang='grc' dir='ltr'><strong>ἁγιώτα-</strong></span> 
     </span>
    </p>
   </div>
   <div class='ocr_carea' id='block_1_106' title="bbox 1126 2491 1915 2527">
    <p class='ocr_par' dir='ltr' id='par_1_106' title="bbox 1126 2491 1915 2527">
     <span class='ocr_line' id='line_1_106' title="bbox 1126 2491 1915 2527; baseline -0.019 -11"><span class='ocrx_word' id='word_1_840' title='bbox 1126 2499 1171 2522; x_wconf 81' lang='grc' dir='ltr'><strong>τος</strong></span> <span class='ocrx_word' id='word_1_841' title='bbox 1191 2491 1349 2522; x_wconf 81' lang='grc' dir='ltr'><strong>Ἀπόστολος</strong></span> <span class='ocrx_word' id='word_1_842' title='bbox 1373 2492 1420 2518; x_wconf 73' lang='grc' dir='ltr'><strong>καὶ</strong></span> <span class='ocrx_word' id='word_1_843' title='bbox 1437 2493 1523 2518; x_wconf 78' lang='grc' dir='ltr'><strong>ἐκεῖνο</strong></span> <span class='ocrx_word' id='word_1_844' title='bbox 1540 2492 1596 2527; x_wconf 71' lang='grc'><strong>(28)</strong></span> <span class='ocrx_word' id='word_1_845' title='bbox 1621 2492 1773 2527; x_wconf 73' lang='grc' dir='ltr'><strong>γέγραφεν.</strong></span> <span class='ocrx_word' id='word_1_846' title='bbox 1786 2497 1791 2499; x_wconf 52' lang='grc' dir='ltr'><strong>μ</strong></span> <span class='ocrx_word' id='word_1_847' title='bbox 1804 2493 1854 2524; x_wconf 67' lang='grc' dir='ltr'><strong>.ος</strong></span> <span class='ocrx_word' id='word_1_848' title='bbox 1880 2491 1915 2518; x_wconf 65' lang='grc' dir='ltr'><strong>ἐν</strong></span> 
     </span>
    </p>
   </div>
   <div class='ocr_carea' id='block_1_107' title="bbox 1123 2536 1914 2573">
    <p class='ocr_par' dir='ltr' id='par_1_107' title="bbox 1123 2536 1914 2573">
     <span class='ocr_line' id='line_1_107' title="bbox 1123 2536 1914 2573; baseline 0.003 -11"><span class='ocrx_word' id='word_1_849' title='bbox 1123 2536 1223 2570; x_wconf 60' lang='grc' dir='ltr'><strong>μορφῇ</strong></span> <span class='ocrx_word' id='word_1_850' title='bbox 1238 2537 1312 2564; x_wconf 84' lang='grc' dir='ltr'><strong>Θεοῦ</strong></span> <span class='ocrx_word' id='word_1_851' title='bbox 1325 2537 1476 2572; x_wconf 78' lang='grc' dir='ltr'><strong>ὑπάρχων,</strong></span> <span class='ocrx_word' id='word_1_852' title='bbox 1492 2539 1547 2572; x_wconf 84' lang='grc' dir='ltr'><strong>οὐχ</strong></span> <span class='ocrx_word' id='word_1_853' title='bbox 1563 2538 1718 2573; x_wconf 58' lang='grc' dir='ltr'><strong>ἁρπαγμὸν</strong></span> <span class='ocrx_word' id='word_1_854' title='bbox 1729 2538 1866 2573; x_wconf 74' lang='grc' dir='ltr'><strong>ἡγήσατο</strong></span> <span class='ocrx_word' id='word_1_855' title='bbox 1881 2539 1914 2564; x_wconf 84' lang='grc' dir='ltr'><strong>τὸ</strong></span> 
     </span>
    </p>
   </div>
   <div class='ocr_carea' id='block_1_108' title="bbox 1126 2582 1913 2618">
    <p class='ocr_par' dir='ltr' id='par_1_108' title="bbox 1126 2582 1913 2618">
     <span class='ocr_line' id='line_1_108' title="bbox 1126 2582 1913 2618; baseline 0.003 -10"><span class='ocrx_word' id='word_1_856' title='bbox 1126 2582 1202 2608; x_wconf 78' lang='grc' dir='ltr'><strong>εἶναι</strong></span> <span class='ocrx_word' id='word_1_857' title='bbox 1225 2582 1278 2609; x_wconf 77' lang='grc' dir='ltr'><strong>ἶσα</strong></span> <span class='ocrx_word' id='word_1_858' title='bbox 1302 2583 1373 2615; x_wconf 85' lang='grc' dir='ltr'><strong>Θεῷ,</strong></span> <span class='ocrx_word' id='word_1_859' title='bbox 1395 2583 1462 2609; x_wconf 74' lang='grc' dir='ltr'><strong>ἀλλ’</strong></span> <span class='ocrx_word' id='word_1_860' title='bbox 1483 2583 1632 2610; x_wconf 69' lang='grc' dir='ltr'><strong>ἐκένωσεν</strong></span> <span class='ocrx_word' id='word_1_861' title='bbox 1646 2584 1771 2614; x_wconf 81' lang='grc' dir='ltr'><strong>ἑαυτὸν,</strong></span> <span class='ocrx_word' id='word_1_862' title='bbox 1791 2583 1913 2618; x_wconf 71' lang='grc' dir='ltr'><strong>μορφὴν</strong></span> 
     </span>
    </p>
   </div>
   <div class='ocr_carea' id='block_1_109' title="bbox 1118 2627 1911 2666">
    <p class='ocr_par' dir='ltr' id='par_1_109' title="bbox 1118 2627 1911 2666">
     <span class='ocr_line' id='line_1_109' title="bbox 1118 2627 1911 2666; baseline 0.004 -12"><span class='ocrx_word' id='word_1_863' title='bbox 1118 2627 1230 2655; x_wconf 76' lang='grc' dir='ltr'><strong>δούλου</strong></span> <span class='ocrx_word' id='word_1_864' title='bbox 1251 2629 1362 2661; x_wconf 71' lang='grc' dir='ltr'><strong>λαϐὼν,</strong></span> <span class='ocrx_word' id='word_1_865' title='bbox 1377 2629 1412 2656; x_wconf 83' lang='grc' dir='ltr'><strong>ἐν</strong></span> <span class='ocrx_word' id='word_1_866' title='bbox 1431 2627 1589 2664; x_wconf 78' lang='grc' dir='ltr'><strong>ὁμοιώματι</strong></span> <span class='ocrx_word' id='word_1_867' title='bbox 1611 2630 1767 2664; x_wconf 76' lang='grc' dir='ltr'><strong>ἀνθρώπου</strong></span> <span class='ocrx_word' id='word_1_868' title='bbox 1789 2631 1911 2666; x_wconf 77' lang='grc' dir='ltr'><strong>γενόμε-</strong></span> 
     </span>
    </p>
   </div>
   <div class='ocr_carea' id='block_1_110' title="bbox 320 2718 1070 2753">
    <p class='ocr_par' dir='ltr' id='par_1_110' title="bbox 320 2718 1064 2752">
     <span class='ocr_line' id='line_1_110' title="bbox 320 2718 1064 2752; baseline 0 -7"><span class='ocrx_word' id='word_1_869' title='bbox 320 2718 343 2733; x_wconf 84' lang='grc'><strong>⁵⁶</strong></span> <span class='ocrx_word' id='word_1_870' title='bbox 357 2718 434 2746; x_wconf 84' lang='lat' dir='ltr'><strong>Joan.</strong></span> <span class='ocrx_word' id='word_1_871' title='bbox 452 2726 518 2752; x_wconf 82' lang='lat' dir='ltr'><strong>xvu,</strong></span> <span class='ocrx_word' id='word_1_872' title='bbox 537 2720 563 2746; x_wconf 77' lang='lat'><strong><em>3.</em></strong></span> <span class='ocrx_word' id='word_1_873' title='bbox 586 2718 634 2735; x_wconf 24' lang='lat'><strong>7&quot;“</strong></span> <span class='ocrx_word' id='word_1_874' title='bbox 653 2719 720 2747; x_wconf 84' lang='lat' dir='ltr'><strong>Gen.</strong></span> <span class='ocrx_word' id='word_1_875' title='bbox 734 2727 755 2751; x_wconf 88' lang='grc' dir='ltr'><strong>ι,</strong></span> <span class='ocrx_word' id='word_1_876' title='bbox 770 2720 814 2746; x_wconf 72' lang='lat'><strong>26.</strong></span> <span class='ocrx_word' id='word_1_877' title='bbox 849 2719 871 2734; x_wconf 84' lang='grc'><strong>⁵⁷</strong></span> <span class='ocrx_word' id='word_1_878' title='bbox 884 2719 962 2746; x_wconf 79' lang='lat' dir='ltr'><strong>Joan.</strong></span> <span class='ocrx_word' id='word_1_879' title='bbox 975 2726 1004 2751; x_wconf 71' lang='grc' dir='ltr'><strong>χ,</strong></span> <span class='ocrx_word' id='word_1_880' title='bbox 1020 2719 1064 2746; x_wconf 81' lang='grc'><strong>50.</strong></span> 
     </span>
    </p>
   </div>
   <div class='ocr_carea' id='block_1_111' title="bbox 1124 2718 1460 2753">
    <p class='ocr_par' dir='ltr' id='par_1_111' title="bbox 1124 2719 1460 2753">
     <span class='ocr_line' id='line_1_111' title="bbox 1124 2719 1460 2753; baseline 0.006 -7"><span class='ocrx_word' id='word_1_881' title='bbox 1124 2722 1126 2734; x_wconf 50' lang='grc' dir='ltr'>ι</span> <span class='ocrx_word' id='word_1_882' title='bbox 1141 2719 1148 2746; x_wconf 94' lang='grc' dir='ltr'><strong>Ι</strong></span> <span class='ocrx_word' id='word_1_883' title='bbox 1166 2719 1235 2747; x_wconf 89' lang='lat' dir='ltr'><strong>Tim.</strong></span> <span class='ocrx_word' id='word_1_884' title='bbox 1253 2728 1282 2753; x_wconf 81' lang='lat' dir='ltr'><strong>Il,</strong></span> <span class='ocrx_word' id='word_1_885' title='bbox 1361 2721 1382 2737; x_wconf 82' lang='lat'>&quot;</span> <span class='ocrx_word' id='word_1_886' title='bbox 1396 2721 1460 2748; x_wconf 85' lang='lat' dir='ltr'><strong>ibid.</strong></span> 
     </span>
    </p>
   </div>
   <div class='ocr_carea' id='block_1_112' title="bbox 322 2775 1070 2811">
    <p class='ocr_par' dir='ltr' id='par_1_112' title="bbox 322 2775 1070 2811">
     <span class='ocr_line' id='line_1_112' title="bbox 322 2775 1070 2811; baseline 0.004 -9"><span class='ocrx_word' id='word_1_887' title='bbox 322 2775 378 2811; x_wconf 61' lang='lat'><strong>(‘28)</strong></span> <span class='ocrx_word' id='word_1_888' title='bbox 398 2775 483 2810; x_wconf 83' lang='lat' dir='ltr'><strong>Vulgo</strong></span> <span class='ocrx_word' id='word_1_889' title='bbox 499 2777 611 2811; x_wconf 84' lang='grc' dir='ltr'><strong>ἐκεῖνος,</strong></span> <span class='ocrx_word' id='word_1_890' title='bbox 635 2777 678 2804; x_wconf 89' lang='lat' dir='ltr'><strong>ed.</strong></span> <span class='ocrx_word' id='word_1_891' title='bbox 697 2785 725 2811; x_wconf 90' lang='lat' dir='ltr'><strong><em>p.</em></strong></span> <span class='ocrx_word' id='word_1_892' title='bbox 745 2778 770 2804; x_wconf 90' lang='lat' dir='ltr'><strong>in</strong></span> <span class='ocrx_word' id='word_1_893' title='bbox 789 2785 861 2805; x_wconf 90' lang='lat' dir='ltr'><strong>corr.</strong></span> <span class='ocrx_word' id='word_1_894' title='bbox 883 2780 987 2809; x_wconf 84' lang='grc' dir='ltr'><strong>ἐκεῖνο;</strong></span> <span class='ocrx_word' id='word_1_895' title='bbox 1008 2786 1070 2806; x_wconf 83' lang='lat' dir='ltr'><strong>mox</strong></span> 
     </span>
    </p>
   </div>
   <div class='ocr_carea' id='block_1_113' title="bbox 285 2810 1068 2854">
    <p class='ocr_par' dir='ltr' id='par_1_113' title="bbox 285 2810 1068 2854">
     <span class='ocr_line' id='line_1_113' title="bbox 285 2810 1068 2854; baseline 0.003 -17"><span class='ocrx_word' id='word_1_896' title='bbox 285 2810 370 2854; x_wconf 37' lang='lat' dir='ltr'><strong>uulgo”</strong></span> <span class='ocrx_word' id='word_1_897' title='bbox 379 2811 502 2854; x_wconf 58' lang='grc' dir='ltr'><strong>εὑρηθεςς</strong></span> <span class='ocrx_word' id='word_1_898' title='bbox 513 2812 599 2854; x_wconf 43' lang='lat' dir='ltr'><strong>iidein</strong></span> <span class='ocrx_word' id='word_1_899' title='bbox 622 2811 675 2854; x_wconf 72' lang='lat' dir='ltr'><strong>_Mp.</strong></span> <span class='ocrx_word' id='word_1_900' title='bbox 752 2813 846 2839; x_wconf 77' lang='grc' dir='ltr'><strong>τούτου</strong></span> <span class='ocrx_word' id='word_1_901' title='bbox 862 2813 932 2854; x_wconf 77' lang='lat' dir='ltr'><strong>(loco</strong></span> <span class='ocrx_word' id='word_1_902' title='bbox 947 2813 1068 2854; x_wconf 44' lang='lat' dir='ltr'><strong>&quot;eodem.</strong></span> 
     </span>
    </p>
   </div>
   <div class='ocr_carea' id='block_1_114' title="bbox 286 2847 1069 2883">
    <p class='ocr_par' dir='ltr' id='par_1_114' title="bbox 286 2847 1069 2883">
     <span class='ocr_line' id='line_1_114' title="bbox 286 2847 1069 2883; baseline 0.005 -12"><span class='ocrx_word' id='word_1_903' title='bbox 286 2851 314 2883; x_wconf 82' lang='lat' dir='ltr'><strong>et</strong></span> <span class='ocrx_word' id='word_1_904' title='bbox 330 2847 497 2883; x_wconf 48' lang='lat' dir='ltr'><strong>iubae-Inoo</strong></span> <span class='ocrx_word' id='word_1_905' title='bbox 512 2847 582 2881; x_wconf 88' lang='lat' dir='ltr'><strong>(loco</strong></span> <span class='ocrx_word' id='word_1_906' title='bbox 599 2847 716 2883; x_wconf 66' lang='grc' dir='ltr'><strong>αὑτῶν);</strong></span> <span class='ocrx_word' id='word_1_907' title='bbox 744 2856 824 2882; x_wconf 85' lang='lat' dir='ltr'><strong>porro</strong></span> <span class='ocrx_word' id='word_1_908' title='bbox 842 2847 920 2883; x_wconf 71' lang='lat' dir='ltr'><strong>vulgo</strong></span> <span class='ocrx_word' id='word_1_909' title='bbox 947 2849 1069 2883; x_wconf 84' lang='grc' dir='ltr'><strong>βούλημα</strong></span> 
     </span>
    </p>
   </div>
   <div class='ocr_carea' id='block_1_115' title="bbox 286 2881 1075 2919">
    <p class='ocr_par' dir='ltr' id='par_1_115' title="bbox 286 2881 1075 2919">
     <span class='ocr_line' id='line_1_115' title="bbox 286 2881 1075 2919; baseline 0.004 -12"><span class='ocrx_word' id='word_1_910' title='bbox 286 2881 344 2909; x_wconf 85' lang='lat' dir='ltr'><strong>loco</strong></span> <span class='ocrx_word' id='word_1_911' title='bbox 357 2881 516 2916; x_wconf 73' lang='grc' dir='ltr'><strong>βουλόμενος</strong></span> <span class='ocrx_word' id='word_1_912' title='bbox 530 2888 557 2909; x_wconf 90' lang='lat' dir='ltr'><strong>ct</strong></span> <span class='ocrx_word' id='word_1_913' title='bbox 572 2882 604 2909; x_wconf 78' lang='grc' dir='ltr'><strong>ἂν</strong></span> <span class='ocrx_word' id='word_1_914' title='bbox 622 2881 676 2910; x_wconf 86' lang='grc' dir='ltr'><strong>εἷεν</strong></span> <span class='ocrx_word' id='word_1_915' title='bbox 689 2888 714 2911; x_wconf 87' lang='lat' dir='ltr'><strong>et</strong></span> <span class='ocrx_word' id='word_1_916' title='bbox 729 2884 768 2909; x_wconf 76' lang='grc' dir='ltr'><strong>ὅτι</strong></span> <span class='ocrx_word' id='word_1_917' title='bbox 779 2883 811 2918; x_wconf 80' lang='grc' dir='ltr'><strong>δὴ</strong></span> <span class='ocrx_word' id='word_1_918' title='bbox 819 2883 873 2909; x_wconf 78' lang='grc' dir='ltr'><strong>οὐδ.</strong></span> <span class='ocrx_word' id='word_1_919' title='bbox 888 2881 914 2911; x_wconf 71' lang='grc' dir='ltr'><strong>τ.</strong></span> <span class='ocrx_word' id='word_1_920' title='bbox 924 2881 965 2910; x_wconf 83' lang='grc' dir='ltr'><strong>ἀλ.</strong></span> <span class='ocrx_word' id='word_1_921' title='bbox 980 2881 1075 2919; x_wconf 73' lang='grc' dir='ltr'><strong>ἔμελλε</strong></span> 
     </span>
    </p>
   </div>
   <div class='ocr_carea' id='block_1_116' title="bbox 1121 2777 1912 2825">
    <p class='ocr_par' dir='ltr' id='par_1_116' title="bbox 1121 2777 1912 2825">
     <span class='ocr_line' id='line_1_116' title="bbox 1121 2777 1912 2825; baseline 0.005 -20"><span class='ocrx_word' id='word_1_922' title='bbox 1121 2785 1147 2806; x_wconf 81' lang='lat' dir='ltr'><strong>et</strong></span> <span class='ocrx_word' id='word_1_923' title='bbox 1157 2777 1257 2825; x_wconf 49' lang='lat' dir='ltr'><strong>‘eippou</strong></span> <span class='ocrx_word' id='word_1_924' title='bbox 1271 2780 1363 2825; x_wconf 31' lang='grc' dir='ltr'><strong>ειῖτᾶξν</strong></span> <span class='ocrx_word' id='word_1_925' title='bbox 1378 2781 1507 2825; x_wconf 45' lang='lat' dir='ltr'><strong>amttith</strong></span> <span class='ocrx_word' id='word_1_926' title='bbox 1534 2783 1593 2825; x_wconf 72' lang='lat' dir='ltr'><strong>loco</strong></span> <span class='ocrx_word' id='word_1_927' title='bbox 1607 2782 1758 2825; x_wconf 69' lang='grc' dir='ltr'><strong>¹ῥηματίων</strong></span> <span class='ocrx_word' id='word_1_928' title='bbox 1774 2787 1803 2809; x_wconf 89' lang='lat' dir='ltr'><strong>et.</strong></span> <span class='ocrx_word' id='word_1_929' title='bbox 1821 2779 1863 2825; x_wconf 71' lang='grc' dir='ltr'><strong>εἷς</strong></span> <span class='ocrx_word' id='word_1_930' title='bbox 1883 2781 1912 2808; x_wconf 71' lang='grc' dir='ltr'><strong>δὲ</strong></span> 
     </span>
    </p>
   </div>
   <div class='ocr_carea' id='block_1_117' title="bbox 1122 2815 1911 2887">
    <p class='ocr_par' dir='ltr' id='par_1_117' title="bbox 1122 2815 1911 2887">
     <span class='ocr_line' id='line_1_117' title="bbox 1122 2815 1911 2853; baseline 0.006 -13"><span class='ocrx_word' id='word_1_931' title='bbox 1122 2816 1168 2841; x_wconf 76' lang='grc' dir='ltr'><strong>καὶ</strong></span> <span class='ocrx_word' id='word_1_932' title='bbox 1185 2824 1213 2850; x_wconf 91' lang='grc' dir='ltr'><strong>μ.</strong></span> <span class='ocrx_word' id='word_1_933' title='bbox 1228 2822 1255 2842; x_wconf 88' lang='lat' dir='ltr'><strong>et</strong></span> <span class='ocrx_word' id='word_1_934' title='bbox 1270 2816 1303 2842; x_wconf 78' lang='grc' dir='ltr'>δι’</span> <span class='ocrx_word' id='word_1_935' title='bbox 1317 2815 1443 2844; x_wconf 66' lang='grc' dir='ltr'><strong>αὑτοῦει</strong></span> <span class='ocrx_word' id='word_1_936' title='bbox 1466 2815 1515 2848; x_wconf 81' lang='grc' dir='ltr'><strong>τὰς</strong></span> <span class='ocrx_word' id='word_1_937' title='bbox 1532 2817 1561 2844; x_wconf 84' lang='grc' dir='ltr'><strong>ἐν</strong></span> <span class='ocrx_word' id='word_1_938' title='bbox 1584 2815 1660 2852; x_wconf 65' lang='grc' dir='ltr'><strong>αὐτῇ</strong></span> <span class='ocrx_word' id='word_1_939' title='bbox 1679 2823 1706 2845; x_wconf 90' lang='lat' dir='ltr'><strong>et</strong></span> <span class='ocrx_word' id='word_1_940' title='bbox 1726 2817 1911 2853; x_wconf 80' lang='grc' dir='ltr'><strong>πεποιημένας</strong></span> 
     </span>
     <span class='ocr_line' id='line_1_118' title="bbox 1122 2849 1455 2887; baseline 0.009 -11"><span class='ocrx_word' id='word_1_941' title='bbox 1122 2849 1138 2876; x_wconf 78' lang='grc' dir='ltr'>ἃ</span> <span class='ocrx_word' id='word_1_942' title='bbox 1151 2851 1178 2877; x_wconf 82' lang='grc' dir='ltr'><strong>δέ</strong></span> <span class='ocrx_word' id='word_1_943' title='bbox 1192 2851 1262 2877; x_wconf 77' lang='grc' dir='ltr'><strong>κατὰ</strong></span> <span class='ocrx_word' id='word_1_944' title='bbox 1276 2860 1304 2878; x_wconf 87' lang='grc' dir='ltr'><strong>π.</strong></span> <span class='ocrx_word' id='word_1_945' title='bbox 1318 2851 1418 2887; x_wconf 81' lang='grc' dir='ltr'><strong>τρόπον</strong></span> <span class='ocrx_word' id='word_1_946' title='bbox 1433 2852 1455 2879; x_wconf 82' lang='grc' dir='ltr'><strong>δ.</strong></span> 
     </span>
    </p>
   </div>
  </div>
