2045 3215
128 186 177 214 173

680 182 820 211 CONTRA
843 181 1055 210 MARCELLUM
1075 182 1140 209 LIB.
1162 183 1182 211 I.

1693 188 1710 200 ὐ
1723 188 1748 213 ιι

125 254 179 279 νος
203 244 251 272 καὶ
276 244 407 278 σχήματι
428 243 559 277 εὑρεθεὶς
583 242 623 275 ὡς
645 242 809 276 ἄνθρωπος.
833 241 913 276 Ὁρᾷς

972 250 974 266 l
999 241 1120 275 Namque
1153 240 1306 268 maledicto:
1338 241 1434 274 homo,
1455 241 1588 270 Jeremias
1617 243 1746 278 propheta

126 293 211 323 ὅπως,
224 290 319 327 ὥσπερ
332 289 449 325 προῖδὼν
471 288 511 324 τῷ
532 288 667 323 πνεύματι
681 288 730 322 τὴν
743 296 844 314 τουτων
861 296 910 313 κα-

126 337 258 373 κουργίαν
280 338 293 362 ὁ
311 336 382 371 ἱερὸς
402 334 571 365 Ἀπόστολος,
586 333 671 365 οὓτως
690 334 718 359 ὲν
732 332 817 368 ἑτέρῳ
835 333 912 368 μέρει

125 384 165 416 ιιτδΞ
178 383 219 415 ὡς
231 382 396 415 ἅνθρωπος.
410 380 521 416 ἔγραψε,
532 380 578 406 καὶ
590 379 624 405 ἐν
636 377 792 413 ὁμοιώματι
803 378 913 411 ἀνθρώ-

125 437 185 454 που
210 428 379 462 τενόμειός,
406 425 448 452 ἵνα
471 425 561 460 παύσῃ
586 424 675 450 αὐτῶν
703 424 752 458 τὴν
779 423 912 458 τοσαύτην

126 472 311 508 βλασφημίαν.
331 472 385 498 Καὶ
406 471 464 506 μεθ’
479 471 561 505 ’ἐτερα
576 470 621 496 τὸν
646 469 727 496 αὑτὸν
752 471 913 503 συκοφαντεῖ

125 515 176 545 ὧδέ
194 526 252 549 πως
263 526 270 532 '
291 527 300 542 (
317 516 378 547 Πῶς
392 514 438 542 οὖν
454 516 559 547 τούτοις
577 515 613 550 μὴ
632 515 756 550 προσχὼν
774 514 911 546 Εὐσέϐιος,

130 573 138 589 ι
161 563 241 599 μόνον
255 562 396 598 ἄνθρωπον
410 561 454 588 τὸν
474 561 586 596 Σωτῆρα
598 558 667 587 εἶναι
682 561 821 595 βούλεται;
839 570 848 586 ι
875 561 912 587 Οὺ

127 608 253 645 φανερῶς
273 608 321 643 μὲν
336 608 416 634 τοῦτο
429 607 518 641 λέγειν
530 606 647 641 τολμῶν,
671 605 749 632 τοῦτο
771 607 799 632 δὲ
823 606 913 641 βουλό-

128 663 209 689 μενος
223 653 276 680 ὑπὸ
289 652 341 679 τῶν
359 652 430 679 ἰδίων
443 652 582 686 ἐλέγχεται
598 652 710 686 ῥήσεων.
730 651 785 677 Καὶ
798 651 812 676 ὁ
829 650 913 677 ταῦτα

127 699 212 726 εἰπὼν
224 700 269 726 τὴν
283 698 362 725 αὑτὸν
374 698 574 732 κατεμέμφετο,
589 697 626 728 ὡς
639 696 704 723 Θεὸν
714 696 913 731 ἁναγορεύοντα

127 748 174 773 τὸν
187 747 260 778 Υίὸν,
279 746 391 781 γράφων
418 744 503 771 οὕτω·
526 743 626 769 Διελείν
641 743 694 778 γὰρ
709 743 754 769 τὸν
768 743 852 776 Λόγον
866 742 912 769 τοῦ

966 297 975 312 ι
1000 288 1083 319 ait“,
1107 288 1152 322 qui
1175 289 1202 315 in
1229 288 1333 316 homine
1356 289 1523 316 collocanerit
1541 297 1612 324 spem
1629 299 1713 318 suam.
1735 300 1745 317 ι

968 333 1046 360 Vides
1061 338 1090 360 ut
1100 334 1220 361 obczecat
1233 334 1354 362 homines
1365 334 1478 362 malitia.
1490 334 1557 362 Nam
1568 336 1612 370 qui
1628 337 1748 363 testimo-

965 381 1039 404 niuttt
1056 378 1109 406 tale
1125 379 1299 413 perhibuerat
1312 379 1395 406 Deum
1414 378 1513 407 Filium
1527 381 1665 407 conﬁtenti
1679 390 1685 408 :
1703 383 1748 414 qui

966 423 1178 458 reprehenderat
1196 432 1256 450 eum
1281 432 1295 450 a
1319 432 1373 458 quo
1398 425 1443 451 Dei
1469 425 1586 453 Verbum
1605 427 1674 453 Deus
1691 433 1750 454 esse

968 470 1108 497 dicebatur
1117 470 1269 496 substantia
1285 471 1435 498 subsistens
1448 476 1475 497 et
1485 471 1621 506 potentia;
1637 472 1667 502 i‘s,
1679 472 1749 499 idem

967 522 1051 547 nunc,
1062 515 1187 542 eumdem
1207 515 1267 542 ideo
1283 521 1404 550 accusat,
1418 516 1495 550 quasi
1516 516 1561 551 qui
1576 519 1674 544 nudum
1689 526 1750 544 esse

967 561 1104 589 hominem
1127 560 1266 588 Christum
1282 561 1389 588 dixerat
1403 570 1410 588 :
1425 562 1596 596 apertissime
1609 564 1749 594 mentitus,

968 611 1022 632 tum
1040 606 1066 633 in
1083 606 1142 633 istis
1160 607 1195 633 ita
1212 607 1318 641 positis,
1336 612 1392 634 tum
1412 607 1438 634 in
1461 607 1513 634 illis
1537 615 1597 642 qua:
1623 608 1751 644 deinceps

967 651 1087 678 annectit
1103 651 1249 687 dicens[lt.
1264 652 1340 688 XC]:
1357 651 1472 679 (Verum
1488 660 1569 687 supra
1586 654 1750 686 nominatus,

969 705 978 721 ι
990 704 1050 724 cum
1061 704 1114 724 non
1122 698 1211 732 magni
1223 697 1324 725 faceret
1332 699 1516 726 sanctissimos
1525 699 1682 733 prophetas,
1693 704 1752 726 tau-

969 752 978 768 σ
994 750 1073 777 quam
1082 743 1127 777 qui
1140 743 1324 770 absconditam
1340 744 1412 770 illam
1422 749 1448 771 et
1459 738 1620 772 inell'abilem
1630 745 1751 779 Apostoli

127 792 196 819 Θεοῦ
209 792 357 827 τολμήσας,
378 791 425 817 καὶ
443 790 535 825 ἓτερον
549 789 614 815 Θεὸν
632 788 678 815 τὸν
702 789 787 822 Λόγον
812 788 911 822 ὀνομά-

129 849 190 872 σας,
209 839 288 874 οὐσίᾳ
303 847 332 864 τε
349 839 395 864 καὶ
411 836 523 871 δυνάμει
537 835 666 861 διεστῶτα
683 835 729 860 τοῦ
744 834 859 869 ΙΙατρδς,
873 834 913 864 είς

970 798 979 814 ί
998 789 1157 822 theologiam
1172 789 1408 823 interpretaretur,
1418 788 1503 822 Unus,
1514 790 1611 825 inquit,
1623 791 1693 818 Deus
1702 797 1750 822 est,

969 843 978 859 ι
996 842 1064 860 unus
1079 834 1210 869 Deiatque
1218 835 1350 862 hominum
1366 836 1495 863 mediator
1507 837 1584 863 homo
1593 836 1671 864 Iesus
1680 837 1753 863 Chri-

127 888 195 922 δσην
211 884 382 921 βλασφημίαν
399 882 593 914 ἐκπέπτωκεν,

972 888 975 905 l
994 885 1049 907 stus
1058 880 1090 907 °'.
1103 889 1112 906 ι
1125 880 1221 913 ᾖιιιιξς
1230 881 1275 915 qui
1285 882 1405 916 scripsit,
1415 887 1442 909 et
1453 882 1627 910 vehementer
1634 883 1685 909 sibi
1699 882 1751 917 ipsi

126 932 240 967 placuit,
250 930 325 966 quasi
335 929 491 964 Scripturas
501 934 595 954 omnes
604 926 732 954 memoria
745 930 849 959 tenens,
862 933 1032 960 nequaquam
1049 931 1138 954 tamen
1150 927 1289 962 cogitavit.
1300 928 1423 955 eumdem
1435 927 1481 962 qui
1498 928 1548 955 hoc
1562 928 1671 963 scripsit
1684 928 1753 955 divi-

130 987 194 1005 num
210 977 378 1012 Apostolum,
393 981 421 1002 et
437 974 502 1001 illud
519 974 544 1001 in
557 973 659 1007 scripta
675 972 821 1000 retulisse:
837 972 887 1005 Qui
901 980 959 999 cum
974 973 1001 999 in
1015 972 1100 1006 forma
1117 972 1164 999 Dei
1178 973 1325 1007 exsisteret,
1341 981 1391 1000 non
1405 973 1550 1000 arbitratus
1569 979 1606 1000 est
1622 974 1752 1006 rapinam

128 1034 184 1053 esse
196 1024 321 1060 aqualem
334 1023 399 1054 Deo,
407 1022 450 1049 sed
460 1021 602 1048 exinanivit
615 1020 779 1053 semetipsum
789 1024 922 1053 assumpta
934 1020 1001 1046 servi
1011 1019 1141 1051 forma,in
1153 1020 1353 1047 similitudinem
1361 1019 1474 1046 hominis
1485 1020 1621 1051 exsistens,
1629 1025 1653 1046 et
1663 1020 1752 1054 figura

131 1076 246 1106 repertus
258 1074 382 1104 tanquam
397 1068 473 1094 homo
482 1067 516 1094 θ’.
531 1065 612 1094 Vides
627 1071 655 1093 ut
665 1069 775 1093 sanctus
786 1065 829 1092 hic
844 1065 996 1099 Apostolus,
1014 1065 1095 1092 veluti
1110 1065 1153 1100 qui
1167 1066 1263 1100 spiritu
1280 1066 1394 1092 istorum
1408 1065 1610 1100 improbitatem
1626 1066 1752 1101 provide~

130 1122 182 1148 ret,
193 1116 266 1147 alibi,
283 1119 364 1149 atque
378 1113 465 1140 aliain
481 1117 556 1147 parte
569 1112 606 1138 ita
623 1112 752 1146 scriptum
766 1111 881 1145 reliquit,
899 1116 1022 1146 tanquam
1034 1111 1121 1144 homo,
1132 1117 1157 1139 et
1169 1113 1195 1139 in
1212 1112 1411 1138 similitudinem
1421 1112 1534 1138 hominis
1547 1112 1687 1142 exsistens,
1697 1119 1752 1146 quo

132 1169 236 1192 tantam
251 1163 348 1191 horum
372 1161 567 1196 blasphemiam
586 1167 760 1195 compescere
785 1164 885 1193 posset.
910 1158 974 1186 Post
1000 1160 1052 1186 alia
1072 1160 1196 1187 eumdem
1216 1159 1398 1187 calumniatur
1423 1159 1476 1187 isto
1498 1159 1577 1186 modo
1595 1158 1641 1195 [lt.
1658 1157 1726 1194 XCI]
1742 1167 1751 1185 :

133 1222 142 1238 ι
166 1211 307 1246 Quomodo
320 1210 401 1245 igitur
417 1208 528 1240 factum,
545 1212 573 1234 ut
587 1208 718 1235 Eusebius
736 1215 795 1235 cum
813 1207 845 1234 ad
861 1208 909 1234 ista
927 1215 979 1235 non
999 1209 1161 1241 attenderet,
1183 1207 1357 1235 Servatorem
1372 1211 1495 1234 nostrum
1511 1206 1597 1234 solum
1614 1206 1750 1233 hominem

131 1269 143 1286 ς
168 1264 276 1287 exstare
292 1257 479 1286 corntendat?»
497 1256 555 1283 Non
574 1256 624 1282 hoc
637 1255 746 1289 quidem
761 1263 844 1282 ausus
866 1260 906 1281 est
926 1261 1018 1289 aperte
1049 1255 1172 1290 profari:
1203 1261 1231 1282 at
1254 1256 1305 1282 hoc
1337 1254 1457 1282 voluisse
1479 1255 1620 1282 convictus
1646 1259 1752 1280 tenetur

132 1308 188 1335 suis
214 1307 298 1343 ipsius
328 1305 428 1332 verbis.
454 1304 486 1331 Et
510 1303 696 1334 nihilominus,
725 1303 771 1336 qui
789 1303 828 1330 sic
848 1310 908 1329 eum
929 1309 1050 1335 accusat,
1066 1303 1238 1338 reprehendit
1265 1302 1340 1331 illum
1355 1309 1472 1336 quoque,
1494 1302 1565 1336 quod
1579 1300 1677 1328 Filium
1691 1308 1753 1329 esse

129 1354 216 1381 Deum
228 1356 366 1379 asseveret
379 1360 385 1377 :
400 1350 521 1376 dividere
537 1348 644 1382 quidem
660 1347 706 1374 Dei
724 1347 841 1374 Verbum
861 1355 952 1380 ausus,
982 1353 1009 1375 et
1030 1348 1146 1375 Verbum
1180 1348 1262 1375 Deum
1296 1347 1411 1375 alterum
1440 1347 1593 1380 nominans,
1626 1346 1752 1374 substan-

133 1402 168 1429 tia
184 1405 211 1428 et
225 1398 344 1434 potentia
361 1406 376 1424 a
395 1396 477 1423 Patre
496 1394 676 1427 diﬁcreutem,
693 1395 719 1421 iu
737 1400 866 1429 quautam
883 1395 978 1422 incidit
991 1395 1210 1430 blasphemiam?

168 1445 294 1473 Τοσαῦτα
315 1444 361 1471 καὶ
383 1442 484 1469 τούτων
499 1441 539 1468 ἔτι
557 1440 654 1477 μακρῷ
664 1440 774 1467 πλείονα
791 1441 820 1467 οὺ
847 1441 917 1468 κατὰ

1002 1442 1087 1469 Totet
1098 1442 1171 1473 talia,
1181 1446 1208 1468 et
1221 1441 1298 1476 longe
1312 1440 1400 1467 adhuc
1413 1439 1488 1475 plura
1505 1447 1557 1468 non
1575 1439 1601 1467 in
1614 1439 1686 1467 solos
1694 1440 1752 1474 epi-

135 1493 226 1529 μόνων
249 1491 303 1518 τῶν
329 1489 494 1520 ἐπισκόπων,
517 1487 584 1514 ἀλλὰ
601 1488 648 1514 καὶ
665 1486 735 1513 κατὰ
757 1487 805 1522 τῆς
828 1487 919 1521 ὑγιοῦς

972 1496 1066 1523 scopos
1084 1496 1146 1516 cum
1167 1488 1282 1515 eﬂutivit
1303 1487 1458 1518 Marcellus,
1475 1487 1529 1514 sed'
1540 1487 1566 1514 in
1587 1487 1672 1522 ipsam
1684 1494 1752 1521 quo-

134 1539 184 1565 καὶ
197 1537 420 1573 ὲκκλησιαστικῆς
435 1535 551 1567 πίστεως
578 1534 725 1568 ἐκθέμενος
751 1533 918 1569 Μάρκελλος,

972 1542 1021 1569 que
1029 1541 1121 1562 sanam
1135 1539 1162 1561 et
1175 1533 1388 1561 ecclesiasticam
1403 1531 1493 1564 ﬁdem,
1505 1531 1651 1559 manifeste
1663 1532 1751 1560 decla-

113 2961 132 2981 Δ

132 1584 214 1620 δῆλος
225 1583 258 1610 ἂν
272 1583 314 1618 εἰη
328 1583 422 1613 ὁποίας
434 1581 514 1613 αὐτὸς
527 1581 631 1616 ὑπῆρχε
647 1579 840 1615 προαιρέσεως.
859 1579 920 1605 Ὅτι

131 1632 155 1658 δ’
174 1630 250 1658 οὐδὲν
263 1629 312 1665 τῆς
326 1622 453 1664 ἀληθείας
471 1627 550 1663 ἔμελε
562 1627 600 1662 τῷ
615 1627 701 1661 ἀνδρὶ,
719 1625 813 1661 μάθοις
829 1625 860 1652 ἂν
875 1626 920 1652 αὺ-

132 1679 194 1709 ταϊς
208 1675 326 1712 ἐντυχὼν
342 1677 400 1706 ταῖς
418 1674 471 1700 τῶν
486 1673 642 1700 ἐπισκόπων
658 1671 822 1704 ἐπιστολαῖς,
838 1672 865 1697 ἐν
876 1669 920 1702 αἷς

133 1726 261 1760 εὑρήσεις
274 1723 354 1750 αὑτὸν
368 1723 398 1748 τδ
418 1722 466 1757 μὲν
487 1721 539 1747 πᾶν
560 1719 640 1754 σῶμα
656 1719 706 1753 τῆς
727 1718 845 1749 διανοίας
868 1718 921 1744 τῶν

134 1770 234 1802 λέξεων
247 1766 487 1805 ἀκρωτηριάζοντα
497 1775 504 1781 ⁸
532 1766 580 1792 καὶ
594 1765 639 1792 τὸν
660 1765 710 1799 μὲν
724 1764 812 1790 πάντα
828 1763 922 1799 εἱρμὸν

134 1815 356 1852 ἀποκρύπτοντα,
381 1813 521 1850 ῥηματίων
536 1812 564 1838 δὲ
582 1811 858 1846 ἀντιλαμϐανόμενον,
875 1809 922 1836 καὶ

134 1863 237 1890 τούτων
249 1860 409 1896 κακούργως
427 1859 585 1894 ποιούμενον
604 1858 652 1893 τὴν
663 1856 798 1891 διαϐολήν.
820 1855 923 1882 Λύτίκα

132 1908 201 1943 γοῦν
217 1908 379 1942 συκοφαντεῖ
391 1905 435 1932 τὸν
453 1904 580 1931 Εὑσέῦιον
596 1905 627 1930 ὲκ
645 1902 690 1929 τοῦ
707 1901 870 1938 προφανοῦς,
886 1901 922 1932 ὡς

134 1954 213 1990 ψιλὸν
227 1953 369 1988 ἄνθρωπον
390 1952 435 1978 τὸν
451 1950 567 1986 Χριστὸν
584 1949 726 1984 είρηκότα⁸
754 1947 847 1981 ἐπειδὴ
874 1946 923 1980 τῆς

135 1999 316 2034 ἁποστολικῆς
328 1998 418 2033 φωνῆς
434 1998 461 2023 ἐν
475 1998 508 2032 τῇ
523 1994 618 2022 ἑαυτοῦ
633 1993 760 2028 ἐπιστολῇ
776 1992 822 2027 τὴν
834 1990 923 2026 παρά-

137 2047 211 2074 θεσιν
228 2046 383 2079 πεποίηται,
410 2044 443 2070 δι’
464 2041 498 2078 ἧς
520 2042 600 2073 αὐτὸς
626 2039 700 2066 εἶπεν
722 2040 736 2065 ὁ
749 2037 921 2068 ’Λπόστολος-

138 2092 191 2126 Εἷς
204 2091 258 2128 γὰρ
270 2094 286 2119 ὀ
306 2092 387 2123 Θεός·
404 2087 446 2122 εἷς
465 2088 498 2115 δὲ
516 2087 565 2114 καὶ
581 2087 707 2121 μεσίτης
721 2085 793 2112 θεοῦ
810 2083 859 2110 καὶ
872 2083 923 2128 ἀς-

970 1585 1013 1608 rat
1027 1588 1080 1616 quo
1093 1580 1186 1607 aninio
1202 1579 1329 1614 praeditus
1342 1582 1369 1605 ct
1384 1577 1523 1604 voluntate
1534 1577 1632 1605 fuerat.
1647 1577 1753 1605 Nullam

972 1635 1035 1654 \‘cro
1051 1634 1144 1653 curam
1165 1626 1201 1653 illi
1224 1624 1346 1652 veritatis
1366 1623 1450 1651 fuisse
1471 1624 1576 1652 discere
1600 1624 1713 1659 poteris,
1730 1625 1752 1652 si

972 1674 997 1699 iu
1011 1673 1084 1708 ipsas
1099 1672 1243 1707 aliquando
1258 1671 1448 1706 episcoporum
1460 1669 1587 1704 epistolas
1602 1670 1750 1697 incideris:

972 1719 1094 1746 invenies
1108 1717 1208 1745 etenim
1231 1717 1317 1748 illum,
1340 1723 1439 1750 corpus
1466 1716 1633 1750 universum,
1657 1724 1755 1744 sensus

972 1771 998 1792 et
1012 1764 1154 1792 sententiae
1172 1771 1267 1790 earum
1291 1762 1462 1790 delumhasse
1487 1761 1596 1794 seriem,
1617 1762 1753 1790 dictorum

972 1812 1025 1837 vim
1041 1809 1211 1838 occultasse:
1225 1808 1306 1836 verba
1324 1808 1484 1842 arripuisse,
1505 1813 1532 1835 et
1553 1813 1663 1843 arrepta
1686 1808 1754 1836 satis

974 1857 1095 1890 improbe
1114 1856 1307 1883 calumniasse.
1328 1854 1474 1881 Eusebium
1494 1860 1587 1889 aperte
1610 1855 1754 1882 calumniis

973 1900 1088 1934 impetit,
1102 1899 1178 1934 quasi
1191 1899 1294 1926 diceret
1310 1899 1446 1925 Christum
1470 1906 1529 1926 esse
1546 1900 1646 1926 nudum
1663 1901 1752 1927 homi—

973 1954 1045 1977 nem,
1062 1946 1123 1972 ideo
1138 1945 1253 1979 quod'in
1272 1945 1386 1979 epistola
1403 1952 1451 1971 sua
1466 1945 1628 1972 sententiam
1645 1951 1754 1979 aposto-

973 1993 1051 2019 licam
1067 1996 1220 2026 usurparat,
1241 1998 1320 2025 quam
1346 1991 1386 2018 sic
1401 1991 1489 2025 posuit
1502 1991 1648 2025 Apostolus
1660 2000 1667 2018 :
1679 1990 1754 2018 Unus

973 2038 1064 2066 etenim
1079 2037 1148 2064 Deus
1160 2042 1216 2064 est:
1233 2045 1299 2064 unus
1314 2036 1443 2063 mediator
1455 2036 1504 2064 Dei
1519 2041 1596 2072 atque
1607 2037 1754 2072 hominum,

974 2085 1049 2111 homo
1061 2084 1137 2111 Jews
1150 2083 1270 2110 Christus
1284 2083 1316 2109 ⁸³.
1331 2082 1388 2110 Hoc
1402 2081 1513 2110 eﬂatum
1530 2083 1632 2111 idcirco
1648 2089 1756 2119 aposto-

138 2126 270 2173 0pdurorr,
279 2137 428 2171 ἅνθρωπος
439 2134 559 2169 Ἰησοῦς
566 2129 810 2166 ΧριστόςλΤαύτην
823 2126 919 2164 μὲνοῦν

975 2130 1066 2162 licum,
1086 2134 1211 2164 tanquam
1228 2129 1410 2156 Eusebiauum
1425 2134 1555 2157 accusat:
1576 2137 1626 2156 nec
1640 2130 1757 2158 advertit

137 2185 188 2220 τὴν
208 2183 388 2217 ἁποστολικὴν
403 2180 485 2213 λέξιν,
502 2179 602 2206 ὡσανεὶ
613 2177 742 2204 Εὐσεϐίου
757 2173 849 2207 οὖσαν,
867 2175 923 2201 δια-

139 2231 266 2266 ϐέΰληκε·
286 2230 323 2265 μὴ
337 2228 437 2260 συνιεὶς
451 2229 465 2254 ὁ
479 2226 641 2261 σοφώτατος,
656 2225 696 2251 ὅτι
712 2224 756 2250 τὸν
765 2222 923 2249 ’Δπόστολον

140 2276 275 2308 διέϐαλλε,
287 2276 335 2307 τὰς
346 2275 375 2302 δὲ
391 2273 472 2301 αὑτοῦ
488 2272 589 2307 φωνὰς.
605 2271 653 2302 τὰς
664 2272 692 2297 ὲν
709 2270 742 2305 τῇ
756 2269 824 2304 αὐτῇ
843 2275 924 2303 φερο-

143 2323 226 2359 μένας
250 2321 388 2357 ἐπιστολῇ,
403 2320 452 2351 τάς
467 2327 496 2345 τε
515 2320 542 2344 ὲν
565 2319 621 2348 τοῖς
637 2317 739 2348 λοιποῖς
759 2315 840 2342 αὐτοῦ
863 2323 925 2348 συγ-

141 2370 296 2406 γράμμασι,
309 2370 364 2400 τοϊς
374 2369 413 2398 εἰς
423 2366 472 2398 τὰς
486 2366 560 2397 Θείας
573 2364 682 2400 Γραιρὰς
699 2361 896 2397 πεπονημένοις
908 2360 925 2387 ἃ.

141 2415 174 2450 δὴ
184 2413 254 2441 κατὰ
268 2413 355 2440 πάντα
370 2412 450 2438 τόπον
459 2410 616 2441 διαδέδοκται,
629 2408 717 2443 σιωπῇ
736 2406 908 2442 παραδέδωκε
918 2414 924 2420 ·

143 2460 248 2496 κρύψας
262 2461 294 2495 τῇ
309 2459 396 2494 σιωπῇ
411 2457 428 2485 ἃ
441 2458 478 2493 μὴ
497 2456 553 2492 (29)
577 2454 764 2489 συκοφαντεῖν.
782 2452 823 2494 Τὸ.
833 2453 924 2487 ὅμοιον

142 2507 166 2534 δ“
185 2506 218 2534 ἃν
234 2505 307 2542 εὖροι
318 2514 359 2536 τις
372 2503 452 2531 αὑτὸν
476 2501 645 2537 πεποιηκότα
661 2501 708 2527 καὶ
733 2499 778 2526 ἐπὶ
792 2498 845 2524 τῶν
869 2497 924 2523 λοι-

144 2552 214 2584 πῶν,
230 2548 268 2579 ὦν
281 2550 438 2585 διαϐέϐληκε
461 2548 630 2584 γραμμάτων
640 2555 646 2561 ·
672 2546 690 2573 ἃ.
709 2545 751 2580 δὴ,
767 2544 846 2578 λόγου
858 2551 926 2578 συμ-

146 2599 243 2634 μετρίᾳ
257 2597 417 2632 φειδόμενοι,
430 2596 485 2626 τοῐς
499 2594 618 2620 ἐθέλουσι
641 2592 688 2627 τὴν
706 2590 807 2617 τούτων
824 2589 924 2624 ἀκριϐῆ

144 2643 280 2671 ποιεῖσθαι
311 2642 457 2676 διάγνωσιν
484 2638 728 2674 παραχωρήσομεν,
767 2634 924 2664 σπεύδοντες

145 2689 221 2718 αὐτοὶ
232 2689 280 2724 τὴν
299 2688 383 2724 αὐτὴν
405 2685 562 2722 Μαρκέλλου
580 2681 698 2719 περὶτοῦ
710 2680 774 2707 Υἱοῦ
791 2679 837 2706 τοῦ
857 2678 923 2705 Θεοῦ

146 2735 308 2770 ξενοφωνίαν
319 2735 370 2769 ἠδη
383 2733 474 2760 λοιπὸν
499 2729 679 2764 ἀτωκαλύψαι,
696 2728 733 2759 ὡς
756 2726 788 2753 ἂν
812 2725 926 2760 φανερῖν

976 2177 1017 2202 vir
1031 2176 1158 2211 prudens,
1176 2175 1334 2210 Apostolum
1356 2175 1389 2202 ab
1406 2183 1438 2203 eo
1456 2180 1623 2207 accusatum,
1647 2181 1756 2210 propter

977 2221 1026 2249 has
1042 2229 1122 2248 voces
1139 2221 1241 2256 positas
1260 2221 1286 2248 in
1305 2221 1417 2256 epistola
1431 2220 1486 2253 illa,
1502 2225 1528 2247 et
1546 2221 1610 2248 alibi
1627 2223 1654 2247 in
1671 2221 1757 2256 operi-

977 2267 1027 2293 bus
1042 2265 1160 2299 ejusdem
1176 2265 1246 2298 aliis,
1262 2273 1322 2299 qua:
1334 2265 1361 2292 in
1379 2273 1471 2293 sacras
1486 2265 1641 2300 Scripturas
1656 2273 1755 2292 exara-

978 2312 1035 2344 vit;
1050 2319 1109 2346 qua:
1129 2311 1229 2346 ubique
1255 2318 1282 2338 et
1301 2313 1402 2346 passim
1428 2312 1652 2347 depraedicantur,
1671 2314 1700 2343 ᾖ(
1719 2313 1756 2338 si-

974 2358 1058 2385 lent‘io
1083 2358 1211 2391 involvit;
1236 2357 1282 2385 illa
1307 2358 1426 2385 reticens
1437 2365 1496 2392 qua:
1519 2358 1679 2384 calumniari
1703 2366 1755 2384 non

974 2409 1089 2439 poterat.
1111 2404 1267 2431 Consimilia
1295 2409 1465 2438 perpetrasse
1490 2403 1563 2430 illum
1588 2403 1650 2430 licet
1662 2404 1756 2430 obser-

974 2458 1040 2478 vare
1056 2450 1082 2477 iu
1094 2450 1200 2477 caeteris
1211 2458 1320 2485 quoque
1345 2450 1454 2484 scriptis
1470 2457 1530 2484 quae
1547 2454 1666 2477 accusat.
1679 2449 1754 2482 Quas,

976 2504 1010 2523 ne
1022 2496 1110 2522 oratio
1120 2501 1261 2523 excrescat
1273 2496 1299 2522 in
1315 2495 1489 2526 immensum,
1507 2495 1559 2522 illis
1573 2495 1757 2528 permittimus

976 2542 1174 2576 cog-noscenda,
1189 2542 1289 2576 quibus
1310 2542 1413 2568 libitum
1428 2546 1469 2568 est
1485 2541 1609 2567 exactius
1625 2548 1657 2567 ea
1682 2541 1758 2567 inve-

978 2588 1079 2621 stigare
1093 2596 1099 2613 :
1113 2595 1146 2614 eo
1170 2587 1365 2614 contendentes
1386 2586 1454 2620 ipsi,
1471 2591 1500 2612 ut
1519 2585 1639 2612 Marcelli
1654 2585 1758 2611 novita-

978 2638 1032 2660 tem
1048 2633 1082 2660 de
1104 2633 1150 2660 Dei
1171 2632 1241 2659 Filio
1260 2632 1414 2659 inusitatam
1437 2632 1462 2658 in
1486 2635 1609 2666 apertum
1638 2629 1758 2665 profera-

979 2687 1048 2711 mus,
1067 2679 1102 2706 ita
1124 2684 1151 2706 ut
1178 2678 1329 2713 intelligant
1353 2678 1473 2705 universi
1500 2679 1660 2712 perspicue,
1677 2683 1757 2712 quam

980 2724 1142 2752 sententiam
1158 2724 1262 2752 fovebat
1278 2723 1301 2751 is
1315 2723 1348 2751 de
1362 2723 1429 2751 Filio
1447 2722 1505 2750 Dei.

145 2784 250 2818 γένοιτο
261 2784 316 2813 τοῖς
326 2782 417 2812 πᾶσιν,
429 2781 502 2810 ὅπως
516 2778 595 2808 αὐτὸς
608 2776 714 2811 ἐφρόνει
726 2773 788 2809 περὶ
805 2772 850 2798 τοῦ
863 2770 926 2797 Υἱοῦ
943 2770 989 2796 τοῦ
1003 2771 1079 2797 Θεοῦ.

183 2832 213 2861 »Ξς
232 2828 281 2856 Ed.
296 2827 396 2858 Paris..
413 2834 473 2861 pag.
493 2825 586 2861 29—30.

182 2849 213 2880 ῖτ
223 2849 281 2891 iis}:
292 2849 400 2896 ἱὲἓὶῗὲῖ
413 2849 605 2890 ’ἴτἰτιίιῐιξιι,
620 2857 646 2884 5.
684 2857 706 2872 τε
725 2854 838 2889 Philipp.
856 2861 884 2887 ιι,
901 2853 916 2878 ι

1008 2851 1031 2866 ⁸³
1048 2852 1054 2877 l
1070 2849 1140 2876 Tim.
1156 2858 1184 2881 ll,
1200 2850 1225 2876 5.

183 2909 240 2945 (89)
258 2909 306 2944 Μὴ
319 2907 368 2946 ἦν,
384 2912 430 2935 aut
445 2906 507 2941 ἐξῆν
525 2903 706 2938 συκοφαντεῖν.
