2045 3215
189 156 241 186 7ΤΙ

749 160 890 189 CONTRA
909 159 1121 189 MARCELLUM
1141 160 1205 188 LIB.
1227 160 1259 189 II.

1746 166 1807 195 778‘

187 214 339 250 ἅνθρωπος,
354 217 422 252 μήτε
433 215 513 250 εἶναι,
524 218 591 253 μήτε
600 220 809 254 προϋφεστάναι,
825 218 893 256 μήτε
905 220 957 246 ὄλω

1024 218 1056 245 sli
1071 218 1197 246 Ecclesizc
1212 220 1335 254 pnesedit
1349 227 1357 247 :
1373 228 1468 256 nempe
1489 222 1513 250 is
1537 223 1582 257 qui
1599 223 1684 256 palam
1700 231 1808 252 assere-‘

187 258 296 286 πώποτε
312 260 375 286 Υίὸν
391 261 512 296 ὑπάρξαι
527 263 566 298 τῷ
579 263 648 298 Θεῷ,
666 264 718 299 πρὸ
731 265 776 291 τοῦ
789 265 917 300 τεχθῆναι
928 266 972 292 διὰ

186 305 234 340 τῆς
248 305 397 341 Παρθένου,
412 307 530 339 δοξάζων
539 317 545 323 ·
570 309 650 335 αὑτὸν
665 310 692 336 δὲ
714 311 793 345 μόνον
804 309 872 337 εἶναι
887 311 972 345 Λόγον

186 350 308 384 φάσκων,
327 352 439 386 συμφυᾶ
457 352 495 387 τῷ
510 353 579 388 Θεῷ,
594 354 685 386 ἀϊδίως
707 355 779 390 αὑτῷ
799 355 911 383 συνόντα
925 357 972 383 καὶ

185 395 334 430 ἡνωμένον,
359 394 472 428 οἷος¹ἂν
498 398 540 434 εἴη
555 399 602 426 καὶ
621 401 635 426 ὁ
665 400 693 426 ὲν
720 400 855 436 ἀνθρώπῳ
883 401 969 435 λόγος.

185 440 278 476 Τούτῳ
299 442 352 477 γὰρ
368 443 448 474 αὐτὸς
469 444 567 479 χρῆται
593 445 631 480 τῷ
655 446 864 482 παραδείγματι,
886 448 971 481 Λόγον

184 482 254 513 εἶναι
267 487 357 522 φήσας
370 488 443 515 ἔνδον
455 490 483 515 ὲν
501 490 576 525 αὐτῷ
588 491 627 525 τῷ
644 491 713 526 Θεῷ,
732 493 797 519 ποτὲ
811 493 860 528 μὲν
873 494 972 529 ἡσυχά-

184 531 276 563 ζοντα,
288 533 352 559 ποτὲ
366 533 394 560 δὲ
410 535 583 569 σημαντικιῖκ
591 537 760 572 ἐνεργοῦντα,
776 538 842 574 μόνῃ
855 547 884 565 τε
895 540 971 575 ἐνερ-

185 577 246 612 γείᾳ
260 578 388 613 προϊόντα
401 580 448 606 τοῦ
464 581 571 616 Πατρός
581 590 587 596 ·
598 582 635 614 ὡς
651 583 684 609 ἂν
696 584 742 610 καὶ⁴
757 585 835 619 ἡμεῖς
849 594 875 611 τι
888 594 971 621 προσ-

182 623 335 656 τάττοντες,
352 627 381 651 ὲν
398 626 437 661 τῷ
458 626 546 661 λέγειν
564 637 591 654 τι
618 629 664 655 καὶ
688 629 788 662 λαλεῖν,
812 632 970 667 ὲνεργήσαι-

185 677 245 704 μεν.
264 670 323 696 Ὅτι
337 671 360 697 δ’
377 671 427 697 οὐκ
441 672 473 698 ἄν
487 681 528 704 τις
542 673 613 699 οὕτω
626 683 657 708 γε
671 676 742 702 εἴποι
754 676 816 703 Υἰὺν
832 675 901 703 εἶναι
925 678 969 704 τὸν

184 716 354 749 σημαντικὸν
364 717 411 743 καὶ
422 718 596 754 ἐνεργητικὸν
607 720 703 754 Λόγον,
718 722 799 748 παντί
819 731 858 758 τῳ
878 723 967 758 δῆλον.

189 761 216 786 '0
229 761 257 787 δὲ
271 761 350 788 τοῦτο
362 762 422 794 δοὺς
438 764 484 789 ἐπὶ
496 764 543 790 τοῦ
558 765 636 797 Θεοῦ,
657 767 707 793 οὐκ
717 765 763 794 οἷδ’
777 768 849 799 ὅπως
861 769 906 795 τὸν
931 770 967 805 μὴ

184 806 326 839 ὑφεστῶτα
355 807 440 841 Λόγον
450 809 506 844 (55)
521 810 571 844 τὴν
597 811 685 847 σάρκα
710 812 892 847 ἀνειληφέναι,
922 815 968 841 καὶ

183 850 327 885 ἐνεργῆσαι
345 852 373 879 ὲν
385 853 453 888 αὐτῇ
469 863 534 889 φησι
544 863 551 870 ”
569 856 615 882 καὶ
627 857 686 882 τότε
705 857 820 892 Χριστὸν
831 858 964 892 γενέσθαι,

182 896 229 923 καὶ
246 897 357 932 Ἰησοῦν,
375 901 420 925 καὶ
438 899 559 934 βασιλέα,
577 902 622 928 καὶ
647 903 738 929 εἰκόνα
759 903 805 930 τοῦ
825 904 903 936 Θεοῦ,
919 906 966 932 καὶ

179 943 330 978 ἀγαπητὸν,
340 945 387 970 καὶ
395 945 458 972 Υίὺν
474 946 677 982 δεδοξασμένον,
693 949 740 975 καὶ
752 949 784 984 δὴ
797 950 843 976 καὶ
856 951 965 986 Πρωτό-

179 998 256 1016 τοκον
268 991 359 1026 πάσης
370 991 494 1024 κτίσεως,
512 993 548 1028 μὴ
564 994 629 1020 ὄντα
649 995 792 1030 πρότερον,
811 996 871 1022 τότε
892 997 966 1030 γενέ-

181 1034 252 1067 σθαι,
271 1036 372 1072 καίπερ
388 1038 435 1072 οὐχ
461 1039 618 1072 ὑφεστῶτα*
646 1040 675 1066 τὺ
696 1040 724 1066 δὲ
749 1040 897 1076 παράδοξον
917 1042 964 1068 τοῦ

178 1080 275 1114 Λάγου,
290 1081 421 1116 ἄρξασθαί
435 1092 465 1117 γε
480 1084 533 1110 ἀπὸ
547 1085 729 1120 τετρακοσίων
742 1086 801 1112 οὐδὲ
817 1087 885 1113 ὅλων
897 1087 964 1114 ἑτῶν

178 1125 280 1153 τούτων
294 1127 434 1154 ἁπάντων·
451 1129 496 1155 καὶ
526 1130 606 1156 πάλιν
630 1130 722 1157 τοῦτον
741 1132 846 1167 ἀθρόως
865 1133 965 1169 ’καυθή-

180 1170 274 1196 σεσθαι
289 1171 357 1206 μετὰ
372 1172 417 1198 τὸν
430 1173 480 1208 τῆς
499 1174 616 1209 κρίσεως
639 1176 732 1211 καιρὸν
746 1176 792 1202 τοῦ
815 1177 863 1211 μὲν
877 1178 962 1212 Λόγου

168 1216 316 1252 ιὴνωμένου
332 1217 370 1252 τῷ
387 1218 457 1254 Θεῷ,
483 1219 520 1251 ὼς
536 1220 617 1256 μηδὲν
636 1221 727 1257 ἕτερον
743 1220 811 1249 εἶναι
834 1223 901 1258 πλὴν
915 1224 962 1251 τοῦ

176 1261 254 1295 Θεοῦ,
268 1262 317 1297 τῆς
333 1263 361 1289 δὲ
377 1264 487 1299 σαρκὸς,
502 1262 536 1300 ἧς
548 1265 701 1300 ἀνείληφεν,
718 1267 820 1302 ἐρήμου
838 1269 963 1295 καταλει-

176 1306 350 1343 φθησομένης
368 1308 420 1335 ὑπὸ
434 1308 481 1335 τοῦ
505 1310 603 1344 Λόγου,
616 1310 654 1342 ὡς
681 1312 748 1346 μήτε
772 1312 818 1338 τὸν
838 1313 900 1339 Υἰὸν
915 1313 961 1340 τοῦ

174 1351 243 1378 Θεοῦ
265 1362 329 1380 ποτε
343 1355 501 1388 ὑφεστάναι,
520 1356 588 1391 μήτε
606 1356 652 1382 τὸν
665 1356 728 1383 Υἱὸν
742 1357 788 1383 τοῦ
807 1358 960 1394 ἀνθρώπου,

175 1397 209 1425 ὃν
233 1398 372 1435 ἀνείληφε.
399 1401 453 1427 Καὶ
475 1401 503 1427 δὲ
529 1402 568 1433 εἰς
586 1401 665 1428 τοῦτο
691 1403 765 1435 τέλος
780 1405 962 1439 καταστρέφει

175 1441 270 1478 ὥσπερ
285 1445 494 1480 κεκωφωμένος,
513 1447 560 1472 καὶ⁴
575 1447 644 1481 μήτε
657 1447 703 1474 τοῦ
715 1448 831 1482 ἀγγέλου
844 1449 962 1485 Γαϐριὴλ

175 1487 300 1520 ἀκούων,
326 1490 567 1530 εραγγελιςομένου
593 1492 642 1527 τὴν
667 1493 797 1521 Θεοτόκον
821 1496 914 1530 σαφῶς
931 1505 960 1522 τε

176 1534 224 1561 καὶ
238 1533 380 1571 διαρρήδην
395 1536 458 1571 περὶ
472 1537 519 1564 τοῦ
538 1539 567 1571 ἐξ
587 1539 673 1574 αὐτῆς
685 1540 895 1575 τεχθησομένου,
912 1543 958 1568 καὶ

174 1579 209 1605 ὲκ
231 1580 384 1615 σπέρματος
410 1582 490 1609 Δαῦὶδ
515 1584 585 1611 κατὰ
609 1585 698 1621 σάρκα
716 1586 956 1622 προελευσομένου,

174 1623 338 1658 φάσκοντοςο
357 1626 430 1653 Ἰδοὺ
450 1628 599 1662 συλλήψῃ
620 1629 655 1655 ἐν
676 1631 794 1665 γαστρί,
817 1632 866 1658 καί
887 1632 958 1666 τέξῃ

173 1671 252 1702 υἱὸν,
281 1672 329 1699 καί
359 1674 499 1707 καλέσεις
520 1675 551 1700 τὸ
582 1675 675 1710 ὄνομα
704 1677 798 1704 αὐτοῦ
828 1679 954 1712 Ἰησοῦν.

173 1715 270 1751 οὗτος
280 1717 366 1745 ἔσται
377 1720 480 1755 μέγας,
501 1721 550 1747 καί
569 1721 633 1755 υίὸς
651 1722 790 1756 Ὑψίστου
807 1725 958 1759 κληθήσε-

172 1771 234 1790 ταιο
249 1764 300 1790 καὶ
323 1764 412 1792 δώσει
435 1765 514 1798 αὐτῷ
529 1767 636 1801 Κύριος
655 1769 672 1794 ό
691 1768 763 1801 Θεὸς
782 1769 836 1796 τὸν
851 1771 958 1804 θρόνον

170 1808 262 1835 Δαϐιδ
277 1810 331 1837 τοῦ
343 1811 452 1845 πατρὸς
465 1813 568 1844 αὑτοῦ,
595 1814 643 1840 καὶ
654 1814 834 1846 βασιλεύσει
848 1816 959 1844 ἑπίτὸν

171 1851 256 1880 οἷκον
270 1854 370 1882 Ἰακὼϐ
386 1857 430 1889 εις
451 1856 521 1889 τοὺς
534 1857 653 1890 αἰῶνας,
665 1858 715 1884 καί
728 1857 782 1892 τῆς
797 1859 957 1893 ,βασιλείας

170 1899 266 1926 αὐτοῦ
283 1900 338 1927 οὐκ
355 1900 440 1927 ἔσται
453 1901 549 1935 τέλος.
566 1903 642 1938 Μήτε
658 1903 756 1939 Δανιὴλ
775 1904 822 1930 τοῦ
840 1905 957 1940 μεγάλου

171 1945 312 1980 προφήτου
322 1945 372 1978 τὰς
386 1946 476 1981 φωνὰς
497 1948 607 1980 συνιεὶς,
620 1949 690 1975 αὐτὰ
713 1949 797 1975 ταῦτα
811 1950 956 1985 σφραγιζο-

170 1990 266 2025 μένου,
280 1991 315 2017 δι’
329 1988 367 2018 ὧν
381 1992 410 2018 ὲν
424 1992 487 2027 θείῳ
502 1993 641 2028 Πνεύματι
653 1994 776 2028 διεφώνει
789 1995 884 2030 λέγων’
900 1997 955 2023 Kal

170 2035 236 2063 ιδοὺ
255 2037 331 2071 μετὰ
352 2037 411 2064 τῶν
427 2039 562 2073 νεφελῶν
577 2040 632 2075 (54)
650 2040 702 2066 τοῦ
717 2041 846 2074 οὐρανοῦ
860 2062 867 2073 ,
889 2042 955 2075 Υἱὸς

169 2081 327 2116 ἀνθρώπου
335 2083 496 2118 ἐρχόμενος
511 2083 560 2119 ἦν,
571 2085 619 2112 καὶ
634 2085 690 2118 ἕως
697 2086 750 2112 τοῦ
758 2087 889 2113 Παλαιοῦ
896 2087 955 2114 τῶν

168 2126 287 2161 ἡμερῶν
302 2128 431 2163 ἔφθασε,
445 2130 494 2156 καί
521 2130 691 2165 ἔμπροσθεν
715 2131 809 2159 αὑτοῦ
826 2140 955 2166 προσην-

169 2172 255 2207 έχθη.
276 2173 331 2200 Kal
351 2174 430 2207 αὐτῷ
453 2176 542 2210 ἐδόθη
556 2176 646 2211 ἀρχὴ,
665 2177 713 2203 καὶ
729 2178 748 2211 ἡ
771 2177 850 2212 τιμὴ,
870 2179 917 2205 καί
933 2180 952 2213 ἠ

970 1564 992 1592 C

1022 263 1080 295 bat,
1096 264 1193 291 Filium
1215 273 1386 300 nequaquam
1402 267 1445 294 vel
1462 267 1546 295 fuisse
1571 269 1625 296 Deo
1641 269 1683 296 vel
1699 277 1803 303 pratex-

1021 309 1134 342 stitisse,
1163 310 1319 346 priusquam
1353 311 1387 339 de
1409 311 1521 347 Virgine
1545 318 1711 342 nasceretur.
1735 314 1803 341 'I‘an-

1022 347 1161 383 tummodo
1185 361 1276 384 autem
1299 357 1418 385 Verbum
1444 365 1504 386 esse
1517 358 1592 386 illum
1614 360 1726 392 diceret,
1747 359 1803 387 Deo

1022 401 1207 435 congenitum,
1222 403 1256 430 ab
1285 407 1387 430 aeterno
1413 404 1591 437 coexsistens,
1614 409 1642 432 et
1664 405 1800 432 counitum

1022 445 1087 476 Deo,
1104 450 1136 479 ut,
1147 450 1210 480 puta
1232 447 1258 473 in
1273 447 1382 475 homine
1393 448 1505 476 verbum
1519 448 1620 476 assolet
1635 450 1799 476 humanum:

1022 490 1072 518 hoc
1090 491 1189 517 etenim
1207 491 1293 518 utitur
1307 492 1431 527 exemplo
1445 501 1451 519 :
1468 493 1586 520 Verbum
1603 493 1740 520 allirmans
1758 494 1802 521 in-

1022 540 1064 563 tus
1076 536 1102 563 in
1120 536 1173 563 Deo
1194 536 1255 572 ipso
1270 537 1420 569 exstitisse,
1439 538 1581 572 quiescens
1599 538 1745 571 interdum,
1763 539 1801 565 si-

1019 581 1170 615 gniticative
1197 589 1386 616 nonnunquam
1420 590 1549 617 operans,
1569 584 1725 618 operatione
1754 584 1798 611 illa

1019 633 1066 653 sua
1083 627 1137 654 sola
1151 628 1184 654 de
1200 627 1280 655 Patre
1293 635 1340 655 suo
1356 628 1461 661 exiens,
1471 629 1696 663 quemadmodum
1709 634 1736 657 et
1751 638 1799 658 nos

1020 672 1128 706 operari
1143 674 1260 699 solemus
1274 673 1432 706 scribendo,
1448 674 1572 707 dicendo,
1598 674 1740 710 loquendo.
1765 676 1800 702 At

1018 720 1155 746 enimvero
1170 721 1231 754 quis
1250 728 1303 748 non
1334 721 1470 756 intelligit,
1488 730 1540 749 non
1556 730 1614 749 esse
1626 722 1796 749 statuendum

1017 763 1050 790 de
1066 764 1144 796 Filio,
1165 766 1240 792 illum
1254 766 1287 793 ad
1306 766 1386 793 istutn
1401 767 1486 794 solum
1512 769 1619 794 modum
1637 768 1797 803 signiﬁcati-

1016 817 1079 836 vutn
1098 810 1213 837 Verbum
1236 816 1263 839 et
1279 812 1446 846 operativum
1467 813 1545 840 esse?
1569 813 1674 847 Quique
1693 813 1744 841 ltoc
1762 814 1797 840 ad

1019 855 1088 882 hanc
1111 855 1226 883 fortnam
1252 856 1279 884 in
1306 857 1358 884 Deo
1386 858 1612 890 comminiscitur,
1636 858 1726 885 neseio
1744 866 1798 893 quo

983 889 1004 918 Β
1019 905 1096 934 pacto
1113 900 1228 928 atlirmet
1257 902 1374 929 Verbum
1395 904 1505 931 minime
1520 904 1671 931 subsistens
1691 911 1796 931 assum-

1016 948 1101 979 psisse
1115 954 1236 980 carnem,
1250 952 1277 974 et
1294 948 1320 974 in
1341 948 1384 975 illa
1398 954 1534 983 assumpta
1551 949 1586 976 ita
1603 954 1752 983 operatum.
1765 949 1798 976 Et

1015 995 1078 1018 tunc
1095 993 1210 1025 primum
1229 993 1365 1020 Christum
1388 994 1527 1022 exstitisse
1540 1014 1548 1027 ,
1570 994 1671 1026 Iesum,
1694 1001 1796 1029 regem,

1014 1037 1158 1071 imaginem
1189 1038 1245 1072 Dei,
1263 1040 1403 1071 dilectum,
1428 1040 1512 1067 lilium
1534 1040 1724 1075 gloriﬁcatum,
1745 1040 1797 1073 pri-

1014 1085 1180 1117 mogenitum
1197 1085 1285 1112 omnis
1299 1090 1442 1118 creaturae,
1459 1093 1520 1113 cum
1544 1093 1596 1112 non
1614 1090 1687 1113 esset
1708 1087 1794 1120 prius,

1014 1136 1064 1154 nec
1079 1133 1156 1156 antea
1173 1130 1284 1158 omnino
1298 1131 1453 1158 exsisteret.
1470 1131 1606 1166 Imprimis
1627 1131 1795 1166 paradoxum

1013 1174 1077 1201 illud
1097 1180 1147 1206 est,
1164 1176 1307 1210 incoapisse
1319 1177 1370 1204 hoc
1384 1177 1510 1208 Verbum,
1527 1185 1579 1205 non
1592 1177 1626 1204 ab
1641 1177 1720 1204 annis
1733 1177 1795 1204 hinc

1014 1225 1087 1246 retro
1103 1221 1306 1256 quadringentis
1322 1221 1480 1256 completis:
1493 1227 1519 1249 et
1533 1222 1611 1249 simul
1627 1223 1652 1249 in
1671 1222 1793 1249 eamdem

1013 1273 1065 1292 non
1089 1267 1277 1295 exsistenliatn
1298 1268 1503 1301 revolvendum,
1532 1275 1594 1303 post
1616 1267 1708 1307 judicii
1724 1272 1792 1296 tem-

1012 1319 1072 1346 pus,
1092 1313 1179 1339 Verbo
1199 1314 1308 1348 quidem
1333 1314 1387 1341 Deo
1413 1315 1520 1342 demum
1547 1315 1671 1349 adunito,
1703 1315 1738 1342 ita
1764 1322 1794 1342 ut

1011 1362 1108 1390 praeter
1120 1357 1201 1384 Deum
1220 1357 1285 1384 nihil
1299 1357 1444 1393 quidquam
1460 1359 1589 1391 exsistat;
1606 1366 1698 1390 carne,
1710 1366 1792 1393 quam

1011 1403 1169 1437 assumpsit,
1183 1403 1303 1430 desolata
1324 1408 1352 1430 et
1369 1403 1496 1431 destituta
1505 1411 1527 1441 Aa
1541 1403 1640 1437 Verbo,
1652 1404 1687 1430 ita
1702 1407 1732 1430 ut
1745 1411 1792 1430 ne—

1011 1455 1063 1482 que
1077 1448 1162 1475 Filius
1177 1449 1274 1484 aliquis
1288 1449 1334 1477 Dei
1349 1449 1501 1484 subsistat,
1519 1457 1568 1478 nec
1579 1450 1663 1479 Filius
1676 1450 1793 1478 hominis

1011 1501 1089 1528 quem
1106 1495 1263 1528 assumpsit.
1276 1495 1314 1521 Eo
1325 1500 1415 1522 autem
1431 1496 1536 1523 tandem
1552 1496 1693 1524 descendit
1714 1497 1789 1531 abje-

1010 1538 1117 1572 ctionis,
1131 1539 1321 1567 utGabrielem
1335 1548 1387 1568 non
1401 1541 1494 1568 audiat
1510 1542 1716 1577 archangelum,
1731 1542 1793 1570 Dei-

1009 1592 1079 1619 para:
1095 1585 1237 1613 manifeste
1251 1591 1278 1613 et
1290 1587 1433 1621 perspicue
1446 1588 1661 1623 annuntiantem,
1677 1590 1710 1618 de
1723 1590 1792 1617 Filio

1008 1637 1041 1656 ex
1055 1630 1099 1656 illa
1113 1631 1277 1665 generando,
1290 1636 1316 1658 et
1332 1632 1365 1659 de
1383 1633 1486 1660 semine
1499 1633 1619 1665 Davidis,
1643 1637 1790 1664 secundum

1008 1683 1116 1703 carnem
1134 1677 1308 1710 descensura,
1321 1685 1383 1705 cttm
1398 1679 1434 1705 ita
1450 1679 1569 1713 inquiat:
1583 1679 1650 1707 Ecce
1660 1681 1790 1715 concipies

1007 1721 1035 1747 in
1048 1724 1121 1748 utero
1137 1726 1192 1752 tuo,
1206 1726 1231 1748 et
1250 1730 1336 1755 partes
1349 1721 1446 1756 ﬁlium,
1468 1727 1491 1749 et
1509 1724 1611 1750 vocabis
1626 1732 1718 1751 nomen
1731 1725 1789 1760 ejus

1007 1766 1110 1793 Jesum.
1135 1766 1187 1794 Hic
1210 1768 1259 1794 erit
1273 1768 1394 1803 magnus,
1408 1773 1432 1795 et
1451 1768 1522 1803 ﬁlius
1538 1768 1667 1796 Altissimi
1685 1771 1790 1798 vocabi-

1008 1815 1070 1837 tur:
1091 1816 1116 1838 et
1142 1812 1214 1839 dabit
1238 1812 1277 1839 illi
1296 1813 1425 1840 Dominus
1447 1813 1516 1841 Deus
1539 1815 1660 1841 thronum
1680 1815 1788 1843 Dunidis

1007 1857 1089 1891 patris
1104 1858 1157 1891 sui,
1177 1863 1201 1885 et
1227 1859 1342 1894 regnabit
1361 1868 1440 1893 super
1455 1860 1558 1886 domum
1576 1859 1658 1887 Iacob
1674 1861 1701 1887 in
1714 1866 1788 1889 teter-

1008 1911 1080 1935 num,
1095 1908 1118 1930 et
1133 1905 1205 1939 regni
1221 1904 1293 1932 illius
1314 1914 1364 1932 non
1383 1907 1431 1932 erit
1444 1905 1506 1939 ﬁnis
1519 1905 1552 1932 ⁸⁸.
1577 1906 1631 1933 Sed
1644 1914 1694 1933 nec
1706 1914 1787 1935 voces

1006 1948 1140 1976 intellexit
1156 1950 1244 1985 magni
1272 1951 1344 1978 illius
1370 1951 1440 1978 vatis
1468 1951 1597 1985 Danielis,
1620 1952 1667 1986 qui
1690 1953 1785 1981 eadem

1006 1995 1062 2029 ipsa
1079 1996 1259 2031 consignavit,
1272 1996 1334 2024 dum
1350 1997 1447 2031 spiritu
1462 1997 1507 2024 Dei
1521 1997 1628 2026 afﬂatus
1649 1998 1783 2034 profatur.

1005 2040 1151 2075 inquiens:
1168 2041 1202 2068 Et
1222 2050 1279 2069 ecce
1290 2050 1348 2069 cum
1365 2043 1474 2070 nubibus
1493 2043 1550 2070 caeli
1570 2043 1657 2071 Filius
1670 2046 1784 2073 hominis

1005 2087 1168 2119 adveniebat,
1185 2092 1209 2114 et
1228 2095 1309 2122 usque
1332 2088 1368 2114 ad
1376 2086 1522 2123 Antiquam
1542 2091 1571 2121 )Is
1587 2089 1689 2117 dierum
1699 2099 1787 2125 perce-

1004 2132 1052 2165 nit,
1069 2138 1094 2160 et
1106 2133 1209 2159 delatus
1229 2137 1266 2160 est
1282 2138 1343 2160 ante
1363 2139 1528 2168 conspectum
1543 2135 1611 2169 ejus.
1627 2134 1684 2170 Ipsi
1698 2142 1785 2164 autent

1003 2178 1117 2204 dabatur
1129 2178 1302 2212 principatus,
1317 2184 1341 2205 et
1357 2178 1448 2212 honor,
1461 2183 1486 2206 et
1497 2188 1603 2214 regnum
1612 2189 1622 2208 :
1635 2186 1659 2208 et
1671 2183 1784 2210 servient

169 2217 311 2249 βασιλεία
322 2227 329 2234 ·
355 2219 404 2246 καὶ
422 2219 534 2253 πάντες
557 2223 583 2248 οὶ
603 2222 682 2253 λαοί,
698 2223 801 2256 φυλαί,
816 2223 951 2258 γλῶσσαι

1008 2222 1043 2249 illi
1055 2230 1143 2249 ontnes
1164 2222 1265 2257 populi,
1285 2222 1379 2256 tribus,
1398 2222 1505 2258 lingua.
1528 2222 1648 2251 Potestas
1660 2226 1731 2253 illius
1745 2233 1782 2254 est

167 2264 247 2296 αὐτῷ
267 2264 501 2293 δουλεύσουσιν.
530 2267 565 2294 Ἠ
581 2267 705 2299 ἐξουσία
723 2268 814 2295 αὑτοῦ
826 2269 950 2300 ἐξουσία

167 2310 299 2344 αλώνιος,
322 2311 388 2344 ἣτις
404 2313 440 2338 οὐ
457 2313 688 2346 παρελεύσεται·
712 2314 762 2340 καί
778 2315 796 2347 ἡ
808 2314 950 2345 ,βασιλεία

166 2356 260 2383 αὑτοῦ
272 2348 307 2383 οὗ
317 2347 561 2391 διαφθαρήσεται.
579 2358 648 2384 Ἀλλ’
659 2358 719 2385 οὐδὲ
733 2359 846 2391 Ἡσαΐας
866 2360 949 2386 αὐτὸν

165 2401 259 2429 ἔπεισε
272 2402 336 2437 περὶ
353 2403 402 2438 τῆς
414 2403 592 2438 ἀτελευτήτου
606 2404 743 2438 βασιλείας
756 2404 802 2430 τοῦ
818 2404 883 2431 Υἱοῦ
900 2405 947 2432 τοῦ

165 2447 244 2481 Θιοῦ,
256 2445 306 2475 ὧδε
315 2449 362 2476 καὶ¹
373 2449 454 2481 αὐτὸς
465 2449 610 2481 θεσπίζων,
625 2450 677 2480 ὅτι,
687 2450 808 2476 Παιδίον
821 2450 946 2485 ἐγενήθη

165 2494 254 2529 ἡμῖν·
270 2495 335 2528 υίὸς
355 2495 404 2522 καὶ
425 2495 514 2529 ἐδόθη
533 2496 608 2530 ἡμῖν
623 2494 658 2523 οὗ
676 2496 695 2529 ή
718 2496 795 2531 ἀρχὴ
818 2497 872 2532 (35)
897 2498 946 2524 ἐπὶ

1002 2272 1116 2300 potestas
1140 2272 1249 2299 telerna,
1269 2275 1327 2302 qua’
1343 2276 1394 2294 non
1416 2269 1581 2302 pertransibit
1600 2276 1610 2296 :
1637 2274 1660 2296 et
1676 2278 1782 2305 regnum

1003 2313 1075 2339 illius
1090 2321 1141 2340 nun
1156 2313 1271 2340 interibit
1283 2313 1314 2340 “.
1332 2313 1385 2340 Sed
1410 2320 1460 2340 nec
1481 2313 1557 2340 illum
1571 2313 1655 2342 Isaias
1669 2314 1705 2342 de
1719 2323 1782 2342 sen-

1003 2360 1086 2387 tentia
1100 2360 1221 2393 deduxit,
1233 2360 1277 2395 qui
1292 2359 1325 2387 de
1339 2367 1422 2394 regno
1433 2359 1492 2387 Filii
1509 2360 1555 2387 Dei
1570 2360 1779 2393 interminabili,

1002 2406 1035 2433 ad
1052 2406 1132 2433 istunt
1152 2406 1261 2433 modum
1276 2407 1390 2434 scribit:
1408 2407 1478 2433 Puer
1489 2405 1560 2433 nobis
1574 2410 1651 2433 natus
1662 2411 1717 2433 cst:
1733 2406 1782 2433 Fi-

1000 2451 1052 2478 lius
1065 2459 1166 2486 quoque
1176 2452 1254 2479 datus
1266 2457 1304 2479 est
1326 2453 1411 2485 nobis,
1427 2451 1502 2486 cujus
1518 2452 1680 2486 principatus
1702 2460 1781 2486 super

1000 2498 1120 2523 humeros
1136 2497 1194 2531 ejus
1203 2504 1213 2523 :
1224 2497 1359 2525 vocabitur
1379 2497 1486 2531 insuper
1505 2505 1597 2524 nomen
1610 2497 1676 2533 ejus,
1689 2498 1779 2533 magni

203 2554 233 2584 ᾖ(
255 2551 304 2578 Ειί.
320 2551 419 2586 Paris.,
434 2560 495 2588 pag.
512 2553 557 2580 55.
594 2553 618 2569 ⁸⁸
631 2553 696 2580 Luc.
715 2561 734 2586 ι,
747 2554 840 2582 51-55.
879 2555 902 2570 ⁸⁸
919 2554 956 2581 Da

1008 2563 1050 2587 vn,
1069 2555 1114 2588 15,
1130 2555 1173 2583 Ην.

201 2636 259 2672 (53)
281 2636 336 2663 Τὸν
348 2635 391 2672 μῂ
415 2634 573 2672 ὑφεστῶτα
581 2635 765 2672 ΛόγοναΗιῑιιξ
781 2641 822 2672 est
839 2644 943 2663 summa

162 2670 347 2700 accusationis
373 2671 540 2702 Eusebianze,
557 2671 588 2697 de
611 2678 674 2704 qua,
691 2670 717 2697 in
735 2671 787 2698 illis
801 2671 835 2698 de
857 2672 946 2699 'I'lteo-

163 2706 246 2741 logia.
268 2705 303 2733 Μ.

197 2739 254 2777 (54)
272 2741 326 2768 Kal
340 2740 408 2777 16m)
414 2739 561 2777 peragar
569 2739 712 2777 νεφελῶν.
725 2739 811 2777 Locus
822 2745 861 2767 est
871 2740 943 2777 Dan.

162 2775 210 2817 ξιξ
222 2777 270 2808 17;
284 2777 351 2817 lege,
368 2775 462 2817 καὶ.ιρς
472 2775 856 2817 ΥἱρςΙάνθρώπουτᾷρχόμεγος.

162 2811 232 2838 Infra
253 2807 333 2845 inlita
347 2819 373 2839 τ.
389 2810 454 2837 Υἱοῦ
471 2809 518 2837 τοῦ
535 2807 680 2844 ἀνθρώπου
694 2807 751 2836 ὧόἔ
762 2807 787 2836 ut
804 2810 850 2836 ἐπὶ
865 2809 940 2845 ὤμου

159 2846 218 2880 τοῦ.
235 2846 320 2874 Pot-ro
339 2846 391 2879 Mp.
413 2845 674 2880 ἁντιλαμὸᾁνεσθαι,
698 2846 758 2872 dein
785 2845 860 2871 ἔσται
881 2846 940 2873 loco

160 2879 280 2909 ισῑσοαι.
300 2876 371 2908 θεὶῐί
391 2881 469 2916 vulgo
486 2876 519 2907 δέ
536 2876 567 2907 οὗ
585 2880 653 2915 ὁμοῦ
674 2886 701 2908 et
718 2880 894 2916 ὡμολόγησαν
913 2885 940 2909 et

324 2928 458 2959 Persen.
481 2928 540 2959 Gtt.
564 2927 680 2959 XXIV.

994 2636 1091 2664 ἔλασαν
1104 2641 1131 2663 et
1148 2636 1195 2663 καὶ
1209 2637 1290 2663 αὑτὸν
1307 2636 1367 2672 μέν,
1385 2636 1501 2671 denique
1516 2636 1623 2671 ἐκείνην
1635 2637 1735 2671 ὲπαγγ.
1751 2643 1779 2666 et

1013 2672 1047 2697 ὰο
1064 2671 1158 2697 ἁγίων.

993 2672 1047 2707 γὰρ
1064 2672 1158 2705 ἁγίων.
1639 2707 1645 2712 _

1030 2707 1086 2741 (35)
1106 2704 1147 2733 Οὗ
1164 2707 1183 2740 ἠ
1198 2705 1287 2740 ἀρχή.
1310 2705 1396 2733 Locus
1412 2711 1450 2732 est
1466 2706 1517 2733 Isa.
1541 2713 1579 2737 lx,
1596 2706 1622 2740 6,
1640 2715 1665 2733 tn
1684 2706 1774 2734 LXX:

996 2747 1055 2781 post
1070 2741 1146 2781 ἀρχῇ
1165 2742 1297 2781 sequitur,
1309 2741 1450 2781 9397501.,-
1465 2741 1514 2781 sed_
1522 2742 1628 2781 yariant
1644 2743 1679 2781 ibi
1695 2743 1776 2781 etiam

996 2777 1112 2803 codices.
1129 2776 1224 2802 Statim
1243 2775 1268 2809 i_n
1290 2775 1359 2802 LXX
1376 2776 1480 2810 legitur,
1496 2775 1557 2811 ἆξω
1581 2776 1636 2811 γὰρ
1653 2776 1778 2811 εἰρήνην

990 2811 1119 2846 ἐπὶίτοὺς
1131 2810 1343 2846 ἄρχοντας-,καὶ
1357 2810 1471 2845 ὑγίειαν
1484 2810 1573 2843 αὐτῷ,
1588 2810 1637 2838 καί
1647 2811 1775 2846 μεγάλη.

992 2848 1025 2873 οι
1037 2845 1094 2880 μὲν
1109 2845 1152 2880 μὴ
1168 2845 1311 2879 προεῖναι.
1332 2846 1370 2873 Ita
1386 2848 1458 2873 Varie
1474 2846 1558 2874 illusit
1579 2845 1702 2874 humana:
1722 2847 1777 2874 It'a-

989 2881 1099 2917 gilitati,
1115 2889 1163 2916 per
1177 2880 1294 2908 nefarios
1306 2889 1370 2909 suos
1388 2882 1565 2914 emissarios,
1592 2882 1685 2910 Sntau.
1713 2882 1779 2915 Ἐγ-

1581 2929 1620 2960 25
