2045 3215
268 172 321 200 77')

269 228 374 256 consilii
398 227 514 262 Angelus
534 233 544 253 :

268 275 365 309 fortis:
379 278 506 309 potestate
535 274 681 307 prmditur;
703 274 820 308 princeps
844 273 916 307 pacis
938 280 948 299 :
974 272 1054 300 Pater

269 319 353 353 futuri
374 318 475 345 seculi.
494 318 631 344 Adducam
661 319 729 344 enim
756 319 895 344 sanitatem
919 325 942 345 et
963 326 1052 352 pacem

269 373 328 391 cum
344 364 402 391 illa.
418 364 532 399 Magum
549 364 595 390 erit
614 364 776 397 principatus
792 363 859 398 ejus,
873 369 897 391 et
912 364 984 397 pacis
995 364 1053 397 ejus

271 420 322 438 non
333 414 382 439 erit
396 412 465 445 ﬁnis.
479 410 561 443 Super
571 411 666 437 saliunt
691 410 786 442 David,
805 415 829 437 et
844 418 923 442 super
947 418 1053 445 regnum

270 458 339 491 ejus,
364 462 393 483 ut
414 458 526 492 corrigat
551 456 627 488 illud,
648 461 671 482 et
696 456 843 482 auxilietnr
861 456 888 483 in
906 456 1006 491 judicio
1029 462 1053 483 et

265 504 385 537 justitia,
403 511 435 529 ex
446 503 494 529 hoc
510 510 577 529 nunc
595 507 619 528 et
636 509 716 537 usque
729 502 756 528 in
770 501 895 529 suculam
909 503 943 529 “.
968 504 1055 536 Atque

270 549 330 576 istis
346 556 394 583 per
407 548 496 575 omnia
512 555 629 575 consona
647 548 768 580 luerunt,
786 556 846 583 qua:
863 547 967 583 Virgini
993 549 1054 575 Dei-

270 594 533 629 paratannuutiabal
548 593 669 627 Gabriel,
691 594 735 621 ubi
761 594 811 627 ait,
839 599 1012 629 regnaturum
1028 594 1054 620 in

269 645 400 667 aeternum
418 639 464 674 qui
492 644 551 667 erat
576 647 608 666 ex
628 639 671 666 illa
688 640 864 673 nasciturus;
890 640 974 675 Regni
998 640 1054 675 ejus

270 694 321 712 non
336 686 386 712 erit
400 686 474 720 ﬁnis.
501 685 605 718 Quanta
625 690 714 713 autem
733 694 793 712 cttm
815 685 926 713 audacia
942 686 1056 713 Marcel-

270 733 311 759 lus
329 732 404 760 hisce
421 732 584 759 testimoniis
613 732 750 758 contraria
772 732 910 766 scripserit
933 737 960 759 et
976 739 1055 766 repu-

270 777 393 813 gnantia,
415 777 449 804 ab
465 777 550 811 ipsius
571 777 679 811 scriptis
696 777 836 804 edocearis
859 776 932 809 licet,
950 777 976 803 in
995 776 1056 811 qui-

270 823 321 850 bus
337 822 397 849 Filii
420 829 481 849 cum
509 821 647 854 deitatem,
674 827 728 848 tum
758 821 838 848 etiam
859 820 1054 848 humanitatem

270 868 438 904 pernegavit,
454 867 523 894 ultra
537 867 657 893 omnium
673 866 815 894 hzeresium
837 867 994 893 novitatem.
1014 864 1056 891 ln-

272 919 313 940 ter
336 913 408 945 enim
437 919 582 946 pravarum
608 912 765 946 opinionum
794 916 929 943 auctores,
961 910 1055 945 aliqui,
1072 899 1093 927 Β

270 967 331 986 cum
346 957 443 985 Filium
465 957 510 984 Dei
537 957 754 991 supposuissent,
784 963 871 991 neque
895 956 958 983 olim
972 956 1057 983 exsti.

273 1006 347 1037 tisse,
365 1012 413 1031 nec
428 1010 491 1030 ante
506 1003 669 1033 substitisse.
685 1003 820 1029 hominem
834 1010 895 1029 eum
921 1010 1004 1029 unum
1025 1002 1058 1028 de

271 1050 365 1077 multis
377 1054 530 1077 statuerunt
555 1049 661 1076 caeteris
682 1048 809 1080 similem,
830 1049 974 1083 adoptione
997 1053 1057 1074 tan-

273 1102 341 1129 tum,
358 1097 427 1123 nalis
443 1096 477 1123 de
492 1095 660 1128 mulieribus,
678 1094 837 1129 praelatum:
863 1098 889 1121 et
911 1094 997 1120 eidem
1014 1098 1058 1120 lae

273 1151 334 1170 men
363 1141 542 1169 nihilominus
564 1141 719 1167 attribuunt
752 1140 883 1166 honorem
920 1145 1057 1172 nunquam

273 1188 485 1220 terminandum,
502 1191 530 1213 et
556 1193 669 1219 regnum
691 1186 718 1212 in
742 1191 873 1212 aternum
888 1185 1058 1211 duraturum.

273 1234 377 1261 RurSus
392 1234 438 1268 qui
462 1239 578 1260 renuunt
597 1232 794 1259 humanitatem
816 1231 884 1266 ejus,
906 1235 1059 1266 supponunt

272 1285 381 1308 exstare
393 1287 453 1308 eum
467 1279 514 1306 Dei
527 1279 637 1309 Filium.
654 1278 738 1305 Deum
755 1285 862 1313 quoque
870 1278 1060 1312 praeexsisten-

273 1332 340 1358 tem,
357 1326 405 1354 sed
421 1326 556 1352 hactenus
567 1324 702 1359 progressi
721 1328 784 1351 sunt
799 1323 955 1355 errabundi,
977 1327 1004 1350 et
1024 1322 1058 1349 ab

273 1372 393 1400 Ecclesia
405 1371 497 1398 alieni.
512 1370 565 1397 lste
579 1378 653 1403 vero,
672 1371 717 1404 qui
735 1370 781 1396 Dei
796 1369 923 1396 Ecclesiae
936 1374 1059 1403 tempore

273 1418 401 1453 praascdit
416 1422 471 1444 tam
488 1417 628 1448 diuturno,
642 1416 847 1443 subsistenuam
868 1414 930 1442 Filii
946 1414 991 1441 Dei
1010 1414 1059 1441 tol-

273 1465 313 1497 lil,
329 1469 384 1490 tum
409 1470 472 1490 cum
497 1462 564 1496 ipsis
591 1461 651 1496 ejus
675 1462 779 1488 serviat
798 1460 940 1487 altaribus.
971 1460 1060 1493 Seque

273 1510 366 1536 forsan
388 1512 481 1543 sperat
507 1507 590 1534 vitam
616 1512 745 1534 eeternam
773 1512 854 1541 atque
878 1505 1058 1533 immortalem

274 1559 493 1587 consecuturum,
526 1553 685 1581 Pontilicem
713 1560 778 1580 vero
806 1552 939 1587 ejusdem,
964 1551 1094 1599 eademC

273 1602 328 1627 vita
353 1600 452 1635 privat.
480 1598 614 1625 Habemus
639 1599 744 1631 etenim,
766 1598 911 1624 secundum
937 1596 1057 1630 Apostoli

274 1645 394 1676 elfatum,
411 1645 561 1679 Pontiﬁcem
583 1652 719 1678 magnum,
739 1643 783 1679 qui
807 1643 884 1670 caelos
904 1643 1058 1675 penetrauit,

247 1719 249 1721 _
273 1691 365 1718 Iesum
391 1690 492 1717 Filium
512 1690 560 1716 Dei
584 1689 616 1718 ⁸⁷.
635 1689 719 1722 Quem
746 1696 834 1723 neque
859 1687 1057 1723 praeexsistere,

275 1746 324 1765 nec
351 1736 555 1772 prmsubsistere
579 1735 661 1762 audet
675 1735 726 1761 iste
746 1734 891 1765 allirmare,
911 1741 990 1767 quem
1008 1740 1058 1760 nec

275 1784 464 1814 substiturum,
486 1790 535 1809 nec
559 1789 619 1808 cum
641 1781 745 1808 sanctis
766 1780 812 1807 Dei
834 1783 1057 1806 conversaturum

274 1831 365 1862 docet,
382 1829 528 1857 secundum
541 1827 749 1862 promissionem
766 1826 864 1852 factam
881 1826 913 1852 de
930 1825 1059 1852 cmlorum

218 1903 224 1914 ί
276 1883 369 1910 regno.
401 1875 480 1902 Certe
505 1881 565 1900 cum
590 1873 677 1900 sancti
691 1872 726 1898 illi
741 1878 837 1899 omnes
856 1871 882 1897 in
899 1870 1059 1904 corporibus

276 1921 523 1953 innnortalitate,et
537 1919 795 1954 incorruptibilitate
808 1917 929 1952 praeditis
944 1924 1059 1950 regnum

277 1968 322 1995 Dei
336 1967 447 1994 cteleste
467 1966 653 2000 possidebunt,
668 1967 696 1995 ἥ(
718 1964 887 1991 solummodo
908 1962 1059 1994 Christum,

277 2018 305 2039 et
327 2013 454 2039 Christus
473 2019 555 2046 quam
581 2011 738 2044 assumpsit.
763 2017 873 2037 carnem
894 2009 939 2036 ille
960 2010 1058 2043 privat.

278 2059 370 2093 Neque
394 2057 579 2085 coulremiscit
604 2055 813 2083 resurrectionis
839 2059 940 2082 nostra:
964 2055 1058 2081 ducetn

277 2115 305 2137 et
317 2109 459 2143 originem,
475 2107 537 2133 vita:
552 2106 722 2140 sempiterna:
747 2110 952 2139 procuratorem
971 2103 1060 2130 omni-

277 2156 338 2188 bus,
353 2159 379 2181 et
395 2160 504 2180 causam
524 2159 606 2185 regno
623 2159 674 2178 suo
691 2151 854 2177 deturbare:
873 2157 922 2176 nec
946 2150 996 2175 hoc
1012 2157 1059 2175 sn-

278 2198 426 2231 lummodo,
442 2198 488 2224 sed
505 2202 532 2224 et
547 2197 600 2223 vita
613 2196 771 2223 omnimodo
786 2195 921 2228 dejectum
940 2195 1058 2229 privare.

584 169 718 198 EUSEBlI
737 166 981 197 CESARIENSIS
999 166 1076 195 OPP.
1096 166 1186 194 PARS
1206 165 1250 193 IV.
1270 182 1305 187 -—-
1324 164 1534 193 DOGMATICA.

572 227 738 254 admirabilis
755 227 924 254 consiliarius
948 234 959 254 :
982 226 1052 253 Deus

1109 226 1156 253 τοῦ
1172 221 1253 260 ὤιὶου
1268 224 1373 256 αὑτοῦ,
1393 222 1444 250 καί
1467 221 1602 250 καλεῖται
1622 221 1656 247 τὸ
1676 219 1767 254 ὄνομα
1781 219 1879 252 αὐτοῦ,

1831 162 1878 189 ’180

1100 271 1237 310 μετάβης
1242 269 1365 303 ,βουλῆς
1372 270 1521 304 Ἄγγελος,
1533 265 1704 302 θαυμαστὸς
1711 266 1879 300 σύμϐουλος,

1105 317 1176 350 Θεὸς
1187 316 1322 351 ισχιιρὸς,
1332 314 1543 348 ἐξουσιαστὴς,
1550 312 1782 348 ἁρχωνεὶρήθης,
1791 312 1880 345 Πατὴρ

1105 363 1156 389 τοῦ
1163 363 1329 397 μέλλω-τος
1334 361 1451 393 ἀῐῶνος.
1456 361 1490 387 ’Ἀ
1494 360 1534 392 ξω
1541 360 1595 394 γὰρ
1604 358 1727 393 εἰρήνην
1734 357 1781 384 καὶ
1788 358 1882 391 ὑγείαν

1104 409 1194 442 αὐτῷ.
1223 408 1347 443 Μεγάλη
1371 408 1391 441 ἢ
1415 406 1493 441 ἀρχὴ
1514 405 1617 434 αὑτοῦ·
1640 404 1690 431 irai
1704 404 1759 438 τῆς
1772 403 1881 438 ειρήνης
1898 404 1905 412 ’

1105 455 1197 481 αὑτοῦ
1210 456 1265 481 οὐκ
1281 454 1366 480 ἐσται
1385 453 1483 485 τέλος.
1513 451 1579 479 Ἐπί
1596 451 1649 478 τὸν
1672 452 1779 485 θρόνον
1792 449 1881 481 Auditi,

1105 500 1155 526 καί
1172 499 1221 525 ἐπὶ
1236 499 1294 533 τὴν
1310 499 1475 531 βασιλείαν
1495 496 1599 529 αὑτοῦ,
1627 496 1681 523 τοῦ
1709 494 1883 529 κατορθῶσαι

1105 545 1213 579 αὐτὴν,
1232 545 1281 572 καί
1295 544 1510 572 ἀντιλαϐέσθαι
1526 543 1561 571 ἐν
1578 543 1695 578 κρίματι
1721 542 1770 569 καί
1792 542 1825 568 ἐν
1845 541 1883 568 δι-

1105 592 1267 625 καιοσύνῃ,
1296 590 1355 618 ἀπὸ
1381 590 1433 617 τοῦ
1459 589 1518 617 νῦν
1540 589 1590 616 καὶ
1610 590 1653 622 είς
1680 588 1750 621 τοὺς
1773 587 1881 621 αἰῶνας.

1106 636 1216 668 Τούτοις
1231 635 1297 670 γοῦν
1321 635 1453 671 σύμφωνα
1468 633 1502 670 ἦν
1524 634 1572 661 καὶ
1589 635 1660 669 ἅπερ
1671 635 1685 660 6
1698 633 1816 669 Γαϐριὴλ
1838 633 1884 668 τὴν

1106 682 1243 718 Παρθένον
1254 682 1456 718 εὐηγγελίζετο,
1475 682 1515 713 είς
1526 682 1588 712 τοὺς
1600 681 1702 712 αἰῶνας
1727 679 1885 716 βασιλεύσειν

1106 730 1150 756 τὸν
1164 729 1193 763 ἐξ
1210 730 1304 765 αὐτῆς,
1333 729 1429 763 λέγων,
1451 729 1499 755 καὶ
1517 729 1567 764 τῆς
1583 728 1720 764 βασιλείας
1745 728 1824 755 αὑτοῦ
1852 728 1885 763 μὴ

1106 776 1215 802 ἔσεσθαι
1240 776 1325 807 τέλος.
1342 774 1501 811 Μάρκελλος
1520 775 1548 802 δὲ
1570 775 1644 806 ὅπως
1661 774 1766 806 τούτοις
1790 773 1885 801 ἅπασιν

1106 821 1215 847 ἐναντία
1226 820 1340 856 γράφειν
1356 821 1467 856 ὲτόλμα,
1484 820 1579 856 μάθοις
1593 820 1626 847 ἃν
1636 821 1667 847 ἐκ
1681 820 1735 846 τῶν
1749 819 1827 847 αὑτοῦ
1835 828 1886 854 φω-

1106 866 1169 899 νῶν,
1185 867 1217 893 δι’
1242 864 1279 893 ὧν
1303 867 1368 902 ὁμοῦ
1384 868 1433 903 τὴν
1448 867 1560 903 θεότητα
1579 867 1626 893 καὶ
1638 866 1687 901 τὴν
1696 865 1886 902 ἀνθρωπότητα

1107 912 1154 939 τοῦ
1170 911 1236 939 Θεοῦ
1246 912 1293 938 τοῦ
1303 912 1368 939 Υἱοῦ
1383 914 1506 949 ἠρνεῖτο,
1519 913 1674 949 καινότερον
1689 912 1706 948 ἢ
1722 911 1791 938 κατὰ
1804 912 1887 938 πᾶσαν

1107 958 1186 986 ἄθεον
1197 958 1312 993 αἵρεσιν.
1327 959 1387 985 Τῶν
1403 958 1457 994 γὰρ
1471 958 1631 994 ἑτεροδόξων
1643 959 1668 984 οἱ
1687 958 1736 993 μὲν
1751 957 1787 993 μὴ
1804 958 1887 993 προεῖ-

1108 1014 1152 1030 ναι
1171 1005 1238 1040 μηδὲ
1246 1005 1433 1040 προϋπάρχειν
1445 1004 1490 1031 τὸν
1504 1005 1565 1031 Υἱὸν
1580 1004 1625 1031 τοῦ
1638 1004 1705 1030 Θεοῦ
1722 1004 1834 1038 φάντες,
1844 1003 1887 1030 ἂν·

1109 1050 1218 1085 Θρωπον
1228 1050 1276 1076 ἕνα
1289 1050 1380 1083 αὐτὸν,
1393 1051 1449 1081 τοῖς
1463 1050 1565 1082 λοιποῖς
1579 1050 1680 1085 ὅμοιον,
1693 1049 1851 1084 ὑποθέμενοι
1862 1049 1888 1081 ἐξ

1108 1094 1263 1130 ἀνθρώπου,
1281 1095 1403 1131 υἱοθεσία
1419 1095 1580 1131 τετιμῆσθαι
1602 1095 1682 1121 αὐτὸν
1708 1094 1828 1129 ἔφασαν·
1846 1094 1888 1120 καὶ

1107 1141 1185 1167 τοῦτο
1199 1141 1289 1173 δόντες
1303 1141 1436 1168 ἀθάνατον
1456 1142 1502 1168 καὶ
1524 1141 1701 1176 ἀτελεύτητον
1718 1139 1793 1175 αὑτῴ
1812 1139 1888 1174 τιμὴν

1108 1187 1156 1213 καὶ
1171 1187 1249 1219 δόξαν
1261 1187 1308 1214 καὶ
1322 1187 1458 1222 βασιλείαν
1469 1187 1576 1214 αἰώνιον
1596 1186 1806 1222 ὡμολογήκασιν
1816 1194 1822 1201 ’
1837 1185 1890 1212 atas

1108 1233 1153 1259 τὸν
1178 1233 1319 1268 ἄνθρωπον
1343 1233 1538 1269 ἀρνησάμενοι,
1564 1233 1621 1259 υίὸν
1635 1230 1706 1259 εἷναι
1725 1231 1806 1264 Θεοῦ,
1828 1231 1889 1258 Θεὸν

1108 1279 1237 1314 προόντα,
1259 1280 1456 1315 ὑπεστήσαντο.
1479 1279 1581 1306 Ἀλλόί
1603 1280 1651 1314 μὲν
1664 1280 1713 1314 τῆς
1735 1278 1890 1314 Ἐκκλησίας

1109 1323 1254 1359 ἀλλθτριοι,
1273 1324 1352 1359 μέχρι
1367 1324 1493 1351 τοσούτου
1507 1324 1611 1359 πλάνης
1626 1324 1729 1359 ἤλασαν
1745 1332 1752 1339 '
1768 1325 1782 1351 6
1797 1323 1824 1350 δὲ
1845 1323 1891 1358 τῆς

1115 1369 1278 1404 Ἐκκλησίας
1297 1369 1342 1395 τοῦ
1363 1369 1430 1396 Θεοῦ
1442 1369 1579 1401 τοσούτοις
1597 1369 1825 1405 καθηγησάμενος
1837 1367 1893 1403 χρό-

1109 1423 1173 1446 νοις,
1183 1415 1232 1450 τὴν
1249 1414 1364 1450 ὓπαρξιν
1381 1416 1488 1451 ἀναιρεῖ
1496 1415 1543 1442 τοῦ
1562 1415 1626 1441 Υίοῦ
1638 1415 1684 1441 τοῦ
1704 1415 1787 1446 Θεοῦ,
1803 1414 1840 1449 τῷ
1850 1413 1890 1440 αὖε

1108 1460 1155 1486 τοῦ
1170 1460 1366 1496 λειτουργήσας
1383 1461 1584 1497 θυσιαστηρίῳ·
1600 1462 1648 1488 καὶ
1658 1461 1756 1488 ἑαυτὸν
1771 1462 1819 1496 μὲν
1834 1462 1892 1487 alut-

1109 1506 1165 1532 νίου
1176 1508 1223 1533 καὶ
1235 1506 1368 1534 ἀθανάτου
1378 1506 1450 1542 ζωῆς
1464 1507 1605 1539 τεύξεσθαι
1617 1507 1686 1542 τάχα
1697 1516 1752 1534 που
1767 1506 1891 1538 πιστεύει,

1109 1554 1153 1580 τὸν
1182 1554 1204 1580 δ’
1228 1554 1358 1589 ἀρχιερέα
1388 1555 1490 1590 ταύτης
1516 1555 1670 1590 ἀποστερεῖ.
1698 1555 1830 1589 Ἔχομεν
1862 1552 1892 1579 δὲ

1111 1599 1248 1633 ἀρχιερέα
1264 1600 1378 1634 μέγαν,
1395 1601 1465 1626 κατὰ
1486 1600 1531 1627 τὸν
1553 1600 1712 1626 Ἀπόστολον
1724 1619 1734 1632 ,
1759 1599 1892 1632 διεληλυ-

1112 1646 1183 1672 θότα
1206 1646 1276 1679 τοὺς
1290 1646 1446 1680 οὐρανοὺς,
1468 1647 1584 1680 Ἰησοῦν
1599 1646 1652 1673 τὸν
1666 1645 1736 1672 Υίὸν
1751 1645 1803 1672 τσῦ
1815 1643 1891 1674 Θεοῦ,

1112 1691 1141 1717 ὃν
1157 1691 1216 1717 οὔτε
1235 1692 1367 1726 προεῖναι,
1391 1691 1453 1717 οὕτε
1472 1691 1674 1726 προϋφεστάναι
1692 1691 1782 1726 τολμᾷ
1801 1689 1892 1724 λέγειν,

1112 1737 1179 1763 ἀλλὰ
1195 1737 1260 1771 μηδὲ
1278 1736 1396 1768 ἔσεσθαι,
1417 1737 1483 1772 μηδὲ
1508 1739 1564 1768 τοῖς
1579 1737 1665 1771 ἁγίοις
1684 1736 1733 1763 τοῦ
1751 1735 1819 1763 Θεοῦ
1834 1743 1892 1761 συν-

1113 1783 1232 1814 έπεσθαι,
1246 1782 1306 1809 κατ’
1315 1782 1399 1818 αὐτὴν
1408 1783 1514 1818 ἐκείνην
1525 1783 1575 1817 τὴν
1590 1782 1770 1817 ἐπαγγελίαν,
1784 1782 1832 1817 τῆς
1844 1779 1893 1806 τῶν

1112 1829 1233 1864 οὐρανῶν
1247 1828 1392 1863 βασιλείας.
1410 1828 1565 1863 Τηνιχαῦτα
1575 1828 1629 1863 γὰρ
1641 1828 1695 1854 τῶν
1714 1828 1801 1862 ἁγίων
1815 1826 1894 1853 ἁπάν-

1112 1884 1166 1902 των
1181 1875 1345 1910 μεθεξόντων
1355 1876 1405 1910 τῆς
1417 1875 1464 1901 τοῦ
1477 1875 1543 1901 Θεοῦ
1557 1875 1694 1909 βασιλείας
1704 1875 1735 1900 ὲν
1752 1874 1892 1910 ἀφθάρτοις

1113 1922 1160 1948 καὶ
1175 1921 1319 1952 ἀθανάτοις
1343 1920 1461 1956 σώμασι,
1486 1921 1563 1956 μόνον
1578 1921 1623 1947 τὸν
1642 1920 1772 1956 Χριστὸν,
1788 1919 1833 1947 καὶ
1848 1919 1893 1954 τὴν

1114 1967 1203 2003 σάρκα
1214 1967 1247 2002 ἣν
1264 1967 1417 2002 ἀνείληφεν,
1436 1968 1581 2003 ἀποστερεῖ
1593 1967 1686 2002 αὐτῆς.
1704 1967 1761 1993 Καὶ
1778 1967 1808 1993 οὐ
1821 1965 1893 2001 φρίτ-

1112 2022 1153 2039 τει
1169 2013 1213 2039 τὸν
1230 2013 1350 2048 ἀρχηγὸν
1371 2013 1419 2048 τῆς
1436 2013 1619 2044 ἀναστάσεως,
1644 2013 1690 2039 τὸν
1711 2013 1764 2048 τῆς
1789 2011 1892 2039 αίωνίου

1114 2058 1187 2092 ζωῆς
1203 2059 1259 2090 τοῖς
1274 2059 1356 2084 πᾶσιν
1381 2059 1468 2085 αἴτιον
1487 2059 1662 2085 ἐκπεσεῖσθαι
1684 2058 1735 2093 τῆς
1761 2057 1892 2094 βασιλείας

1114 2104 1143 2129 οὑ
1159 2103 1246 2138 μόνον,
1260 2103 1329 2130 ἀλλὰ
1346 2104 1392 2130 καὶ
1406 2104 1491 2139 αὐτῆς
1510 2104 1560 2139 τῆς
1573 2104 1644 2139 ζωῆς
1663 2104 1890 2139 ἀποφαινόμενος·

1113 2148 1206 2184 ὥσπερ
1213 2148 1245 2175 ἂν
1256 2149 1283 2174 εἴ
1293 2158 1334 2180 τις
1346 2148 1500 2184 ὀφθαλμοὺς
1510 2149 1558 2184 μὲν
1571 2149 1618 2184 δῷ,
1629 2149 1686 2183 φῶς
1700 2149 1730 2175 δὲ
1739 2150 1770 2176 τὸ
1779 2150 1828 2184 τῆς
1835 2147 1891 2174 τούα

1113 2203 1167 2220 των
1175 2194 1292 2230 χορηγὸν
1306 2195 1477 2229 ὲκλάμψεως,
1492 2194 1588 2221 ἀνέλοι.
1604 2195 1657 2221 Καὶ
1670 2194 1733 2222 οὔτε
1750 2197 1765 2222 6
1774 2194 1893 2225 τοσοῦτος
1905 2213 1909 2217 .

278 2246 335 2272 Non
352 2245 430 2271 aliter
445 2250 527 2278 quam
549 2243 571 2269 si
596 2242 657 2276 quis
679 2241 774 2268 oculos
797 2240 947 2275 largiatur,
973 2239 1058 2266 lucem

1116 2240 1163 2267 τοῦ
1183 2240 1249 2266 Θεοῦ
1263 2240 1377 2274 ἄγγελος
1393 2240 1522 2276 Γαϐριὴλ,
1540 2240 1601 2267 οὔτε
1620 2242 1634 2267 6
1650 2241 1738 2276 μέγας
1757 2241 1892 2276 προφήτης

277 2300 341 2320 vero
362 2291 468 2326 penitus
483 2289 638 2319 amoliatur,
655 2295 713 2322 qius
728 2292 769 2314 est
785 2287 928 2313 oculorum
947 2286 1060 2313 visionis

277 2347 326 2374 per
339 2337 539 2365 elutanationem
560 2335 647 2369 origo.
673 2334 704 2360 Et
727 2340 813 2367 neque
831 2337 922 2359 tantus
947 2332 990 2359 ille
1012 2332 1059 2359 Dei

278 2383 390 2419 angelus
400 2381 526 2409 Gabriel:
541 2388 593 2406 non
609 2386 721 2413 magnus
737 2377 782 2404 ille
804 2377 934 2411 propheta
953 2375 1059 2407 Daniel,

278 2431 311 2457 de
324 2437 377 2464 quo
395 2429 496 2455 dictum
506 2432 557 2458 est,
572 2425 642 2452 Num
656 2431 682 2451 lu
698 2423 806 2450 Duniele
821 2423 965 2457 sapientior
979 2431 1005 2449 es
1017 2422 1059 2448 “9?

280 2514 309 2543 ᾖ(
328 2509 377 2538 Ed.
395 2509 495 2541 Paris.,
512 2516 573 2543 pag.
587 2507 631 2534 54.
671 2506 695 2523 ⁵⁸
709 2505 762 2534 lsa.
778 2514 818 2540 ts,
831 2505 895 2538 6,7.
933 2506 955 2523 ⁸⁷
970 2505 1093 2538 Hebruv,

277 2657 349 2680 νων,
364 2649 409 2675 ὅτι
432 2648 513 2681 τινὲς
528 2646 588 2675 τῶν
602 2647 655 2675 τοῦ
669 2647 787 2675 Σατανᾶ
802 2646 958 2681 ὑπηρετῶν
976 2647 1061 2673 ἐϐου-

278 2684 419 2718 λήθησαν
439 2683 518 2718 ὑμᾶς
545 2683 718 2718 ταράσσειν.
742 2684 774 2709 οι
799 2682 858 2717 μὲν
878 2682 923 2709 ὅτι
947 2681 1063 2718 βιησσῦς

279 2716 401 2754 (δοκήσει
424 2716 587 2754 ἐγεννήθη,
602 2719 649 2745 καὶ
676 2716 804 2754 geminet
824 2716 1004 2754 ἐσταυρώθη.
1024 2718 1064 2754 ρὶ

278 2753 323 2784 δὲ,
336 2753 380 2781 ὅτι
396 2751 451 2780 οῠιὶ
465 2751 550 2780 ἐστιν
561 2751 625 2786 ὺίύς
640 2751 692 2781 τοῦ
706 2752 895 2787 δημιοιφγοῦ.
913 2754 945 2778 οι
959 2751 1002 2787 δὲ,
1019 2752 1064 2779 ὅτι

278 2789 370 2821 αὐτός
389 2789 475 2815 ἐστιν
495 2790 511 2816 ὁ
533 2788 583 2815 ἐπὶ
605 2788 725 2815 πάντων
737 2786 826 2821 νΘεόςὲ.
845 2788 945 2814 Ἄλλοι
962 2786 997 2813 δὲ
1014 2789 1064 2821 ψι-

278 2822 335 2855 λος
357 2822 518 2856 ἄνθρωπος.
540 2824 652 2858 Ἕτεροι
676 2823 721 2856 δὲ,
737 2823 780 2849 ὅτι
805 2822 882 2857 σὰρξ
907 2824 962 2849 οὐκ
983 2822 1061 2857 ἐγεί-

278 2866 374 2891 ρεται,
388 2862 440 2884 etc.
459 2859 497 2885 Ita
519 2858 637 2892 lgnalius
654 2858 766 2892 epistola
782 2858 808 2890 5,
826 2865 851 2884 et
870 2858 932 2883 alibi
945 2858 1060 2890 similia;

279 2893 448 2920 adversaries
461 2893 504 2920 hic
517 2894 632 2921 haereses
643 2899 836 2921 commemorat
848 2893 988 2920 Eusebius.
999 2892 1063 2926 Quae

1113 2286 1222 2321 Δανιὴλ,
1244 2287 1308 2321 περὶ
1324 2284 1354 2313 οὗ
1380 2286 1490 2321 ἐλέχθη,
1507 2287 1553 2320 Μὴ
1568 2287 1608 2313 σὺ
1621 2287 1792 2322 σοφώτερος
1804 2285 1832 2313 εἴ
1843 2285 1892 2312 τοῦ

1114 2332 1241 2365 Aut-112.1;
1258 2332 1318 2358 οὔτε
1333 2333 1347 2359 6
1366 2332 1492 2365 τοσοῦτος
1500 2334 1622 2365 Ἡσαΐας,
1637 2333 1692 2360 οὗθ’
1705 2335 1718 2360 6
1734 2334 1825 2365 λοιπὸς
1843 2332 1892 2358 τῶν

1113 2379 1259 2413 προφητῶν
1276 2378 1355 2414 χορὸς
1369 2378 1480 2405 τοιαῦτα
1506 2378 1542 2414 μὴ
1555 2379 1680 2413 γράφειν,
1694 2379 1763 2414 μηδὲ
1791 2378 1893 2415 φρονεῖν

1112 2423 1158 2449 τὸν
1175 2423 1259 2450 ἄνδρα
1280 2424 1401 2456 ἔπεισαν,
1424 2424 1477 2450 οὐδ’
1492 2424 1568 2450 αὐτοὶ
1591 2424 1721 2456 Ἰουδαῖοι,
1746 2425 1810 2461 παρ’
1828 2421 1866 2454 οἷς
1879 2424 1893 2449 6

1118 2506 1169 2539 H;
1185 2513 1245 2538 vui,
1263 2506 1287 2533 ί.
1326 2506 1349 2521 ⁸⁸
1364 2506 1462 2533 Ezech.
1479 2513 1575 2538 uvm,
1589 2506 1615 2533 5.

1115 2647 1284 2675 divinitatem
1302 2647 1462 2675 detrahebat
1483 2655 1611 2676 concessa
1634 2648 1811 2675 humanitate.
1833 2647 1893 2681 Quae

1115 2682 1309 2710 humanitatem
1334 2684 1453 2718 negabat
1474 2683 1538 2718 data
1560 2682 1713 2710 divinitate.
1728 2683 1892 2718 yarpocras,

1116 2718 1253 2745 hominem
1267 2717 1503 2745 merum’docebat.
1515 2717 1718 2750 Samosatenus,
1728 2717 1823 2744 Filium
1839 2718 1893 2749 Det,

1116 2754 1162 2788 sed
1177 2752 1249 2779 κατὰ
1262 2753 1422 2788 προκοπήν;
1448 2752 1585 2788 hominem
1610 2753 1744 2788 negabant
1766 2753 1890 2788 Marcion,

1117 2787 1273 2820 Manichaei;
1287 2787 1487 2820 phantasticum
1500 2787 1689 2815 Gnosticorum
1706 2787 1816 2815 Docilaa.
1831 2787 1894 2814 Mar-

1112 2822 1195 2849 cellus
1212 2822 1328 2858 ὕπαρξιν
1345 2828 1488 2850 accusatur
1501 2823 1645 2850 sustulisse
1663 2822 1723 2850 Filii
1742 2822 1809 2849 Dei:
1824 2821 1891 2858 quod

1114 2865 1193 2893 netuo
1217 2856 1290 2892 prius
1316 2862 1376 2885 erat
1402 2857 1555 2893 inliciatus;
1582 2866 1645 2885 nam
1671 2863 1705 2893 et
1722 2856 1891 2893 Δοκῐταιτὴν

1115 2892 1242 2928 ὓπαρξιν,
1253 2893 1350 2921 saltem
1365 2893 1484 2921 divinam
1501 2892 1666 2922 fatebantur.
1680 2892 1715 2920 Μ.
