2045 3215
284 157 336 183 785
626 154 758 182 EllSEBII
778 154 1016 182 CAESARIEXSIS
1036 155 1110 182 OPP.

615 214 690 242 CAP.
712 214 740 241 Il.
1083 220 1107 246 Α

322 259 388 293 Qun’
399 260 486 293 fuerat
504 259 626 286 Marcelli
643 261 771 299 s_ententia
788 261 820 287 de
838 259 921 287 Verbo
938 261 965 286 in
978 261 1031 287 Deo

601 300 750 321 eISlSh‘lllL’.

319 341 347 368 lu
375 349 423 368 eos
447 345 588 376 postquam
614 340 792 367 insultaverat
823 341 871 375 qui
899 340 944 368 Dei
969 340 1066 367 Filium

283 395 348 414 vere
370 387 454 414 ﬁliuni
484 386 620 414 exstitisse
633 386 723 413 vivum
751 386 965 420 arbitrabantur,
991 394 1066 413 suam

284 433 368 467 ipsius
387 433 539 467 opinionem
570 431 671 466 profert
685 432 795 465 totidem
821 432 930 467 syllabis
954 433 979 459 in
995 433 1067 459 hunc

283 478 392 505 modum
410 478 629 511 comprehensam
649 484 656 503 :
675 476 720 513 [ιι.
737 476 817 509 XLII,
831 477 893 504 coll.
911 485 937 512 p.
958 477 1019 508 116,
1034 476 1066 512 D]

286 536 296 552 α
320 527 500 560 Quamobrem
518 526 676 560 priusquam
700 526 889 559 descenderet,
909 531 936 554 et
958 526 991 554 de
1005 526 1068 554 Vir-

286 581 295 595 ο
319 572 379 606 giuc
395 575 562 602 nasceretur,
576 571 695 598 Verbum
711 576 771 598 erat
793 571 972 599 solummodo.
999 571 1066 599 Nam

285 626 294 641 ι
318 617 383 651 quid
395 616 467 643 aliud
485 621 544 642 erat
560 615 718 650 priusquam
735 621 857 643 nostram
872 624 980 644 carnem
993 624 1068 643 assu-

285 672 293 686 ι
316 666 401 689 meret
412 661 567 693 humanam,
580 661 605 688 id
618 661 689 695 quod
705 661 845 688 descendit
862 662 887 688 in
902 661 1067 697 temporibus

285 717 293 732 ι
318 707 482 739 novissimis,
507 705 734 741 quemadmodum
763 706 820 740 ipse
844 703 964 738 Scribit;
988 710 1014 733 et
1041 706 1067 733 id

284 763 293 778 ι
317 753 390 787 quod
404 753 437 780 de
454 753 562 787 Virgine
579 752 741 779 nascebatur
756 753 822 780 nihil
838 753 909 780 aliud
923 757 982 780 erat
997 760 1066 788 prte-

284 809 292 824 ι
318 804 358 826 ter
369 807 448 832 quam
465 798 604 826 Verbum?
620 808 630 824 ι
647 798 766 833 Pergens
783 799 911 833 deinceps
925 799 972 830 ait,
987 804 1066 826 aeter-

281 853 344 872 num
372 845 456 871 fuisse
478 849 505 870 et
530 844 679 878 ingenitum
707 851 815 878 quoque
837 844 943 871 deﬁnit.
968 843 1068 871 Scribit

1132 155 1220 183 PARS
1240 156 1284 183 lV.
1305 171 1338 176 —
1357 155 1564 183 DOCMATICA.
1845 157 1891 186 ῖει

1449 216 1526 242 ΚΕΦ.
1547 215 1584 241 B'.

1122 261 1220 294 ὀπως
1235 261 1411 294 Μάρκελλος
1428 261 1546 323 saeviret
1569 261 1635 295 περὶ
1657 261 1709 287 τοῦ
1730 262 1761 288 ἐν
1779 261 1816 294 τῷ
1837 262 1892 296 θεῷ

1475 305 1557 330 arcu.

1160 341 1329 376 Ἐπισκήψας
1338 340 1392 376 (57)
1398 341 1581 377 τοῖςείρηκόσι
1588 341 1633 367 τὸν
1642 340 1704 367 Υἱὸν
1711 340 1756 367 τοῦ
1765 341 1828 367 Θεοῦ
1837 342 1892 378 ἀλη-

1119 388 1173 419 θῶς
1189 388 1245 414 υἱὸν
1261 386 1330 414 εἶναι
1342 387 1430 420 ζῶντα
1442 387 1488 414 καὶ
1497 386 1706 422 ὑφεστῶτακτὴν
1721 387 1812 413 ἑαυτοῦ
1821 387 1891 419 δόξαν

1119 435 1238 470 φανερὰν
1245 435 1404 470 καθίστησιν
1412 434 1507 464 αὑταῖς
1521 433 1664 464 συλλαϐαῖς
1674 432 1785 468 γράφων
1803 433 1890 465 οὕτως’

1121 490 1130 506 r
1141 480 1243 507 Οὐκοῦν
1252 481 1304 515 πρὸ
1313 480 1361 515 μὲν
1369 479 1415 506 τοῦ
1426 479 1574 511 κατελθεῖν,
1584 479 1631 505 καὶ
1646 478 1689 505 διὰ
1703 479 1751 514 τῆς
1762 479 1890 514 Παρθένου

1121 537 1131 553 ‹
1150 527 1288 562 τεχθῆναι,
1315 527 1401 560 Λόγος
1423 523 1457 561 ἦν
1482 525 1667 561 μόνον.“Ὲπεὶ
1690 524 1715 550 τί
1741 523 1828 559 ἕτερον
1850 517 1890 559 ἦν,

1120 583 1129 599 1
1152 573 1204 609 πρὸ
1214 572 1260 602 τοῦ
1270 572 1319 607 τὴν
1327 572 1499 607 ἀνθρωπίνην
1509 571 1650 598 ἀναλαϐεῖν
1660 570 1758 606 σάρκα,
1769 570 1797 596 τὸ
1804 570 1891 596 κατελ-

1121 627 1129 643 ι
1151 617 1196 644 θὸν
1206 617 1248 643 ἐπ’
1260 617 1380 652 ἐσχάτων
1389 616 1442 643 τῶν
1450 616 1571 652 ήμερῶν.
1579 617 1616 647 ὡς
1625 616 1672 642 καὶ
1682 616 1761 646 αὐτὸς
1769 615 1891 651 γέγραφε,

1121 674 1129 689 ι
1149 663 1204 699 (58)
1217 664 1261 690 καὶ
1276 663 1306 689 τὸ
1319 663 1446 698 γεννηθὲν
1462 663 1494 688 ἐκ
1509 662 1559 697 τῆς
1569 661 1706 697 Παρθένου
1721 661 1795 687 οὐδὲν
1808 661 1892 697 ἕτερον

1121 719 1130 734 ι
1150 709 1166 744 ἢ
1181 710 1195 735 ό
1205 709 1300 742 Λόγος.
1319 717 1327 733 ι
1342 706 1407 734 Εἶτα
1424 707 1611 742 προῖὼνιὲξῆς,
1624 707 1707 733 ἀΐδιον
1722 706 1801 733 αὑτὸν
1815 706 1892 740 λέγει,

1117 755 1264 789 ἀγέννητον
1279 753 1359 780 αὑτὸν
1369 753 1454 785 οὕτως
1463 753 1628 788 ὁριζόμενος.
1644 753 1663 779 Γ
1667 753 1746 788 ρςὶφει
1763 753 1790 779 δὲ
1798 751 1891 783 οὕτως·

1120 811 1129 826 ι
1151 801 1270 832 Ἀκούεις
1286 801 1375 827 τοίνυν
1388 801 1436 836 τῆς
1449 799 1606 835 συμφωνίας
1625 799 1673 826 τοῦ
1684 800 1762 833 ἁγίου
1775 799 1892 834 Πνεῦμα-

1120 856 1129 872 ‹
1151 855 1196 878 τος
1215 846 1259 873 διὰ
1284 845 1387 872 πολλῶν
1406 847 1453 873 καὶ
1469 846 1605 881 διαφόρων
1629 845 1793 880 προσώπων,
1805 846 1836 880 τῇ
1851 844 1893 871 τοῦ

282 896 371 918 autem
403 890 448 926 [Β.
470 889 582 921 XLVIII,
607 889 668 916 coll.
698 897 725 924 p.
748 889 810 921 “6,
832 889 884 926 D];
903 900 912 916 ι
935 889 1067 923 Quocirca

1122 903 1131 918 ι
1152 892 1239 926 Λόγου
1252 892 1442 928 μαρτυρούσης
1451 892 1516 927 (58³)
1526 891 1665 927 ὰϊδιὸτητι.
1678 900 1687 917 ι
1704 891 1759 918 Καὶ
1772 891 1813 918 διὰ
1824 890 1895 917 τοῦτο

285 947 293 962 ι
317 945 478 964 consensqu
494 938 572 964 audis
587 935 704 971 Spiritus
718 937 814 967 sancti,
832 944 885 971 quo
902 944 949 971 per
969 935 1066 962 multas

284 994 292 1008 ε
315 988 342 1010 et
355 982 510 1010 dill‘crentes
526 990 665 1018 personas,
685 981 828 1010 aeternitati
847 983 922 1010 verbi
944 982 1066 1009 testimo-

284 1038 293 1054 ι
317 1030 390 1056 uium
410 1029 578 1064 perhibetur.
597 1038 606 1055 ι
630 1028 663 1056 Ει
690 1036 738 1062 per
765 1029 816 1056 hoc
845 1029 942 1062 ipsum,
972 1028 1066 1062 incipit

280 1077 390 1111 quidem
405 1077 437 1103 ab
449 1076 602 1103 aeternitate
614 1076 700 1108 verbi,
714 1076 764 1102 hoc
780 1076 876 1102 modo:
890 1074 924 1101 In
939 1074 1066 1109 principio

280 1127 336 1149 erat
360 1122 470 1148 Verbum
488 1129 496 1148 :
520 1126 542 1148 et
565 1120 676 1148 Verbum
692 1126 747 1148 erat
763 1121 833 1155 apud
848 1121 950 1147 Deum:
961 1125 984 1147 et
997 1120 1065 1147 Deus

280 1173 336 1195 erat
351 1167 417 1194 illud
438 1166 549 1193 Verbum
561 1167 596 1193 ⁷⁸.
615 1166 651 1193 Ita
667 1166 752 1193 tribus
771 1166 934 1194 testimoniis
949 1173 978 1193 se
995 1166 1065 1193 invi—

280 1221 338 1241 cem
354 1213 584 1248 consequentibus
600 1212 681 1240 Verbi
693 1212 750 1239 vult
762 1213 859 1240 doeere
871 1212 1065 1240 aeternitatem.

280 1259 343 1287 l’os'
366 1264 462 1286 caetera
492 1259 629 1293 subiungit
654 1258 698 1294 [IL
726 1258 817 1291 XLIII,
832 1259 893 1286 coll.
909 1266 936 1293 p.
952 1258 998 1291 8i,
1014 1257 1064 1293 Dj:

283 1316 291 1330 ι
317 1305 396 1332 Prius
415 1310 489 1332 certe
508 1306 628 1339 quidem,
658 1310 686 1331 ut
713 1312 900 1340 saepenumero
913 1305 981 1337 dixi,
999 1304 1066 1331 nihil

282 1363 291 1376 ι
315 1351 387 1378 aliud
406 1355 465 1378 erat
485 1350 614 1377 Verbum.
627 1360 636 1376 ι
652 1351 684 1377 Et
697 1350 901 1386 adjungitquod
919 1351 1066 1385 necimago

281 1398 331 1424 fuit
361 1397 406 1424 Dei
441 1396 601 1429 invisibilis,
625 1397 770 1430 inquiens:
786 1396 832 1432 [Β.
854 1395 985 1427 LXXXII.
1002 1397 1064 1424 coll.

281 1451 307 1477 p.
322 1443 367 1475 ‘24,
394 1441 425 1468 B.
454 1443 499 1474 47,
520 1442 565 1477 Α]
587 1451 596 1468 ι
616 1442 749 1476 Quocirca
768 1442 940 1470 manifestum
958 1443 1065 1478 quidem

283 1499 292 1514 ι
317 1494 368 1521 est,
387 1489 459 1523 quod
478 1487 595 1516 Verbum
621 1494 685 1516 ante
706 1489 793 1516 nostri
818 1489 941 1524 corporis
969 1496 1064 1517 susce-

284 1544 293 1560 ‹
318 1535 490 1569 ptiouem,ne
499 1534 607 1569 quidem
622 1534 710 1569 imago
726 1533 773 1561 Dei
789 1534 877 1561 fuerat
889 1529 1062 1562 invisibilis,»

281 1581 314 1608 Et
326 1588 418 1607 rursus
434 1584 495 1614 post
509 1579 561 1607 alia
576 1579 710 1607 subinfert
725 1580 811 1608 idem:
827 1580 871 1616 [R.
881 1579 974 1612 XLIX,
988 1581 1063 1615 leo".
1079 1573 1099 1601 (ἶ

281 1635 307 1661 p.
325 1626 387 1658 104,
403 1625 437 1662 Α]
467 1635 477 1652 ι
497 1626 566 1659 Quid
582 1631 642 1653 erat
658 1626 740 1661 igitur
756 1626 807 1653 hoc
828 1627 900 1661 quod
926 1627 1066 1654 descendit

283 1685 292 1698 ι
315 1678 378 1700 ante
396 1672 630 1701 incarnationem?
644 1671 760 1700 Omnino
778 1678 852 1700 certe
868 1673 986 1708 Spiritus
1004 1673 1064 1706 l'uit,

282 1729 292 1744 ε
316 1718 416 1754 siquid
429 1718 501 1746 enim
521 1718 593 1745 aliud
605 1718 726 1745 dicturus
751 1723 793 1746 est
815 1719 924 1754 aliquis,
945 1726 998 1746 non
1014 1719 1065 1746 hoc

284 1774 292 1788 ι
316 1763 391 1790 dabit
405 1763 450 1798 qui
467 1764 500 1790 ad
518 1762 655 1798 Virginem
671 1762 776 1790 locutus
797 1768 839 1790 est
862 1763 895 1790 ad
917 1763 989 1790 hunc
1009 1771 1067 1790 mo-

284 1819 293 1834 ι
316 1809 380 1836 dum
393 1808 505 1844 angelus
516 1817 524 1836 ι
534 1807 651 1843 Spiritu:
666 1813 771 1836 sanctus
783 1810 947 1843 superveniet
959 1811 987 1836 in
997 1815 1020 1836 ιε
1029 1810 1064 1836 '":

283 1864 292 1880 ι
316 1855 338 1882 si
357 1859 447 1882 autem
466 1854 596 1889 Spiritum
612 1854 697 1882 fuisse
714 1860 830 1887 asserat,
852 1855 914 1883 audi
929 1856 1064 1884 dicentem

284 1911 292 1927 ι
314 1902 509 1929 Servutorem:
537 1901 654 1936 Spiritus
674 1901 745 1929 Deus
765 1907 802 1929 est
821 1902 866 1934 ’9;
891 1902 937 1929 ubi
951 1910 1012 1929 cum
1030 1903 1064 1930 li-

283 1959 293 1973 ι
317 1949 477 1982 quidissimo
493 1953 598 1976 constet
615 1948 786 1976 Servatorem
805 1951 834 1980 ᾖ
849 1949 882 1976 de
896 1948 976 1977 Patre
990 1949 1065 1977 locu-

284 2004 294 2020 ι
319 1999 374 2022 tum
393 1995 487 2026 fuisse,
511 1994 583 2022 Deus
603 1999 645 2022 est
667 1995 789 2029 spiritus,
805 2005 815 2021 ι
833 1996 972 2023 convictus
989 2001 1065 2024 tene—

282 2044 326 2066 tur
355 2039 499 2067 llarcellus
524 2040 708 2072 existimasse,
729 2040 816 2074 ipsum
845 2040 951 2067 Patrem
982 2041 1066 2069 fuisse

282 2087 463 2114 incarnatum.
478 2085 544 2112 Cum
559 2086 721 2113 sententiam
739 2086 827 2113 adhuc
842 2087 961 2120 apertius
975 2086 1064 2118 eﬂ‘ert,

282 2131 316 2158 ad
333 2131 404 2158 hunc
418 2131 524 2158 modum
537 2131 675 2158 scribens:
691 2131 866 2166 “LXXXIX,
884 2133 946 2160 coll.
967 2134 1065 2167 p.116,

282 2177 321 2213 1)]
341 2186 350 2202 ι
373 2177 464 2204 Discat
479 2177 571 2211 igitur,
589 2178 704 2204 Verbum
719 2178 764 2204 Dei
785 2179 943 2206 advenisse:
959 2186 1023 2211 non,
1038 2185 1067 2207 ut

285 2234 294 2250 ε
319 2224 356 2251 illi
369 2223 471 2256 volunt,
485 2223 601 2251 Verbum
616 2224 814 2251 cataclirestice
830 2224 1005 2258 appellatum,
1019 2225 1064 2252 sed

284 2280 294 2295 ι
320 2277 412 2297 revera
432 2269 477 2303 qui
488 2269 776 2296 exsistebatVerbum.
794 2278 803 2294 ι
817 2269 897 2296 Addit
917 2269 1014 2296 iterum
1036 2275 1063 2296 et

282 2316 333 2343 ista
348 2315 500 2342 antedictis:
514 2325 523 2341 ι
535 2315 610 2348 Quod
626 2315 648 2343 si
663 2315 697 2342 de
717 2314 814 2349 spiritu
823 2314 974 2349 disquisitio
985 2316 1063 2342 insti-

285 2371 293 2386 |
309 2365 399 2388 tuatur
415 2360 483 2390 sola.
501 2368 583 2388 unum
606 2365 688 2395 atque
706 2360 788 2392 idem,
807 2367 856 2386 nee
876 2358 984 2393 injuria,
1003 2368 1064 2388 cum

319 2443 348 2472 gi
366 2438 413 2465 Ed.
431 2437 530 2470 Puris,
546 2446 608 2473 pag.
625 2438 667 2465 56.
702 2437 725 2452 ⁷⁶
735 2438 847 2473 Joan.i,
859 2441 882 2468 Ι.
909 2438 930 2454 ⁷⁷
950 2438 1015 2465 Luc.
1032 2447 1050 2470 ι,

282 2555 284 2559 ·
318 2543 374 2576 (57)
395 2541 489 2577 Vulgo,
506 2542 665 2577 ἔπισκέψας.

319 2578 374 2613 (58)
393 2577 447 2604 Kal
463 2577 554 2613 αὐτὸς
569 2578 704 2613 γέΊῬαφε.
723 2578 790 2612 Quis
804 2582 893 2604 autem
911 2578 978 2605 iste?
992 2582 1066 2605 certe

283 2611 443 2649 Marcellus,
453 2611 543 2649 cujus,
555 2611 787 2647 opiimr,vdivers:e
805 2613 898 2649 ῥήσεις
916 2613 959 2640 hic
975 2621 1066 2640 recen-

282 2653 387 2679 sentur,
398 2648 444 2674 sed
460 2647 567 2682 interim
585 2653 675 2675 tamen
690 2650 747 2676 llch
757 2647 820 2675 sunt
830 2647 980 2674 ἆσύστατα.
998 2649 1063 2682 (Αὐ-

281 2683 471 2719 rdgrdsterius
488 2681 592 2719 [iniqui
611 2683 678 2709 infra
705 2684 812 2719 τρόπων
836 2683 893 2719 loco
912 2681 1064 2719 προσώπων

282 2717 367 2751 colli.)
386 2717 481 2743 Statim
506 2724 514 2742 :
540 2718 608 2744 forte
631 2717 824 2752 ἀΐδιονλέγει,
850 2717 898 2744 καὶ
920 2718 1064 2752 ἀγέννητον

282 2752 374 2778 αὐτόν.
393 2753 468 2785 Quod
488 2753 602 2786 negabat
620 2752 751 2781 Eusebius
766 2755 892 2784 Arianus,
911 2761 971 2780 mox
988 2753 1065 2780 οὐδὲν

282 2786 400 2825 ἓτερονλῆ
409 2787 496 2825 Λόγος
508 2785 552 2822 ἦν,
567 2792 594 2814 et
609 2789 639 2815 οὐ
659 2790 838 2825 συγχωρήσει.

320 2822 386 2859 (58⁸)
409 2821 490 2859 Vulgo
516 2821 736 2859 μαρτυρήσαςὶἑι
752 2821 819 2850 ’ἀέξὶιι
837 2824 880 2849 ἐπ’
892 2822 1019 2858 ἀλλήλαις
1041 2829 1068 2850 ct

286 2857 416 2892 πρότερον
433 2857 482 2891 μὲν
490 2865 517 2890 γ.
530 2863 556 2884 et
569 2857 660 2893 ἕτερον
674 2861 688 2885 ό
701 2860 800 2893 Λόγος
816 2866 896 2894 porro
912 2859 988 2893 vulgo
1004 2867 1068 2892 συγ-

1116 939 1228 974 ἄρχεται
1241 939 1290 974 μὲν
1303 939 1356 965 ἀπὸ
1367 938 1416 973 τῆς
1427 937 1574 973 ἀῖδιότητος
1588 937 1634 964 τοῦ
1647 937 1745 972 Λόγου·
1761 937 1807 964 Ἐν
1822 936 1893 971 ἀρχῇ

1116 982 1154 1019 ἦν
1165 985 1181 1011 ὁ
1197 985 1292 1018 Λόγος
1302 1004 1309 1015 ,
1323 983 1420 1017 λέγων,
1436 983 1483 1010 καὶ
1494 985 1509 1010 ό
1520 981 1659 1019 Λόγοςῆν
1672 983 1748 1017 πρὸς
1756 983 1807 1010 τὸν
1818 983 1894 1013 Θεὸν,

1115 1029 1165 1055 καὶ
1175 1029 1246 1062 Θεὸς
1259 1027 1298 1063 ἦν
1312 1031 1328 1055 ό
1342 1029 1446 1063 Λόγος.
1459 1029 1552 1064 Τρισὶν
1565 1028 1725 1065 ἐπαλλήλοις
1742 1028 1894 1064 μαρτυρίαις

1115 1075 1263 1111 χρώμενος,
1281 1075 1329 1110 τὴν
1342 1075 1479 1110 ὰῐδιότητα
1493 1074 1540 1101 τοῦ
1557 1075 1644 1109 Λόγου
1656 1074 1792 1101 δεικνύναι
1811 1074 1893 1109 βούλε-

1115 1129 1170 1148 ται.
1188 1120 1242 1146 Καὶ
1258 1119 1316 1155 μεθ’
1331 1120 1411 1154 ἔτερα
1422 1119 1551 1153 ἐπιλέγει·
1570 1128 1578 1144 ι
1591 1119 1724 1154 Πρότερον
1741 1118 1794 1154 γὰρ
1809 1117 1894 1152 ὥσπερ

1119 1177 1128 1192 Ι
1150 1166 1278 1198 πολλάκις
1304 1166 1382 1201 ἔφην,
1410 1166 1486 1192 οὐδὲν
1502 1166 1594 1201 ἕτερον
1615 1166 1629 1191 ό
1652 1165 1740 1199 Λόγος
1759 1163 1802 1200 ἦν.
1819 1174 1828 1190 ι
1846 1165 1895 1190 Καὶ

1116 1213 1302 1249 προστίθησιν,
1316 1214 1357 1239 ὃτι
1369 1213 1428 1239 οὐδὲ
1438 1212 1518 1238 εἰκὼν
1528 1210 1562 1248 ἦν
1576 1212 1622 1238 τοῦ
1632 1211 1699 1238 Θεοῦ
1707 1211 1756 1238 τοῦ
1770 1211 1892 1246 ἀοράτου,

1116 1260 1228 1295 φάσκων
1239 1268 1245 1274 ·
1265 1269 1274 1284 ‹
1290 1258 1394 1285 Οὺκοῦν
1406 1257 1550 1294 πρόδηλον,
1566 1259 1606 1284 ὅτι
1620 1258 1672 1294 πρὸ
1682 1257 1733 1292 τῆς
1746 1258 1791 1284 τοῦ
1805 1256 1895 1293 ἡμετέ-

1119 1316 1128 1332 ι
1152 1314 1198 1341 ρου
1217 1305 1341 1340 σώματος
1357 1304 1514 1339 ἀναλήψεως
1525 1306 1538 1330 ὁ
1549 1304 1634 1338 Λόγος
1649 1303 1710 1330 καθ’
1727 1303 1839 1334 ἑαυτὸν,
1850 1303 1895 1329 οὐκ

1119 1361 1127 1376 ι
1145 1349 1178 1387 ἦν
1192 1350 1274 1377 εἰκὼν
1286 1350 1332 1376 τοῦ
1345 1350 1462 1385 ἀοράτου
1479 1349 1574 1376 Θεοῦ.»
1588 1350 1642 1376 Kal.
1658 1348 1738 1381 αὖθις
1751 1349 1809 1385 μεθ’
1821 1349 1895 1383 ’ἐτερα

1115 1397 1255 1432 ἐπιφέρει·
1273 1407 1282 1422 ‹
1301 1397 1333 1422 Τί
1347 1397 1436 1422 τοίνυν
1454 1394 1487 1431 ἦν
1503 1396 1533 1422 τὸ
1548 1396 1675 1422 κατελθὸν
1689 1395 1782 1428 τοῦτο,
1793 1395 1843 1430 πρὸ
1852 1394 1894 1421 τοῦ

1118 1453 1126 1468 ι
1148 1443 1370 1478 ὲνανθρωπῆσαι;
1387 1443 1498 1474 Πάντως
1529 1451 1591 1474 που,
1618 1442 1702 1477 φησὶ,
1728 1441 1850 1478 Πνεῦμα.
1867 1440 1894 1466 Εἰ

1118 1498 1127 1514 ι
1147 1489 1201 1524 γάρ
1223 1497 1250 1515 τι
1264 1488 1338 1524 παρὰ
1362 1488 1440 1514 τοῦτο
1466 1487 1552 1514 ἐθέλοι
1570 1487 1669 1521 λέγειν,
1685 1488 1715 1514 οὐ
1730 1487 1894 1522 συγχωρήσει

1119 1545 1128 1562 ι
1148 1534 1231 1570 αὐτῷ,
1256 1536 1270 1562 ὁ
1294 1534 1361 1571 πρὸς
1381 1534 1429 1570 τὴν
1457 1534 1593 1570 Παρθένον
1615 1533 1735 1569 εἰρηκὼς
1769 1533 1892 1568 ἄγγελος·

1119 1591 1128 1607 ι
1148 1582 1268 1616 Πνεῦμα
1279 1581 1363 1616 ἅγιον
1374 1580 1567 1607 ἐπελεύσεται
1576 1579 1624 1606 ἐπὶ
1644 1579 1691 1606 σέ.
1706 1579 1740 1606 Εἰ
1752 1579 1780 1606 δὲ
1792 1578 1894 1613 Πνεῦμα

1120 1637 1129 1652 ι
1150 1625 1218 1654 εἶναι
1229 1628 1319 1662 φήσει,
1333 1625 1414 1652 ἄκουε
1432 1625 1478 1652 τοῦ
1494 1625 1617 1660 Σωτῆρος
1630 1624 1768 1658 λέγοντος,
1783 1623 1895 1658 Πνεῦμα

1120 1683 1128 1699 ι
1147 1675 1163 1700 ό
1180 1673 1261 1706 Θεός.
1282 1672 1378 1708 Σαφῶς
1403 1672 1527 1699 ἐντεῦθεν
1549 1667 1595 1698 τοῦ
1620 1671 1750 1707 Σωτῆρος
1776 1669 1894 1706 περὶτοῦ

1119 1730 1129 1746 ι
1147 1721 1253 1756 Πατρὸς
1277 1719 1432 1755 εἰρηκότος·
1454 1729 1463 1744 ι
1490 1719 1609 1753 Πνεῦμα
1625 1720 1641 1745 ό
1659 1719 1748 1750 Θεὸς,
1766 1718 1895 1753 ἐλέγχεται

1116 1766 1272 1802 Μάρκελλος
1288 1766 1368 1792 αὑτὸν
1388 1765 1434 1791 τὸν
1452 1765 1560 1801 Πατέρα
1571 1765 1812 1800 ὲνηνθρωπηκέναι
1822 1763 1895 1799 (58”“)

1116 1811 1209 1838 εἰπών.
1232 1812 1260 1838 '0
1276 1811 1297 1837 δ’
1316 1811 1356 1837 ἐτι
1374 1811 1473 1846 μᾶλλον
1487 1811 1678 1846 φιλοτιμεῖται.
1699 1812 1815 1846 γράφων
1829 1807 1876 1837 ὧδε
1887 1817 1894 1825 ³

1119 1866 1128 1882 ι
1148 1856 1201 1884 Καὶ
1220 1856 1377 1892 μανθανέτω
1390 1857 1478 1883 τοίνυν
1495 1856 1563 1883 Θεοῦ
1576 1856 1661 1890 Λόγον
1683 1856 1850 1891 ἐληλυθέναι,
1867 1854 1894 1881 οὐ

1120 1913 1129 1929 ι
1147 1903 1232 1937 Λόγον
1245 1902 1470 1938 καταχρηστικῶς
1485 1902 1682 1937 ὀνομασθέντα,
1707 1902 1747 1933 ὡς
1764 1901 1836 1928 αὐτοι
1849 1908 1895 1935 φα-

1119 1958 1128 1974 (
1150 1957 1201 1981 σιν,
1225 1948 1379 1984 ἀλλ-’ἁληθῆ
1403 1948 1466 1975 ὅντα
1481 1948 1576 1982 Λόγον.
1593 1957 1603 1973 ›
1623 1948 1677 1973 Καὶ
1692 1946 1772 1980 αὖθις
1792 1945 1896 1983 προστι-

1117 1995 1179 2030 θησι
1192 1995 1277 2022 ταῦτα
1292 1996 1348 2027 τοῖς
1359 1995 1524 2030 εἰρημένοις·
1542 2005 1551 2020 ι
1563 1995 1593 2021 Εἰ
1604 1995 1652 2030 μὲν
1667 1994 1719 2030 γὰρ
1736 1994 1806 2029 ήτοῦ
1821 1992 1895 2020 πνεύ-

1121 2052 1129 2068 ι
1143 2050 1226 2077 ματος
1235 2041 1357 2074 ἐξέτασις
1370 2041 1489 2075 γίγνοιτο
1504 2041 1582 2076 μόνη,
1595 2041 1623 2067 ἓν
1631 2041 1678 2067 καὶ
1685 2041 1784 2067 ταύτὸν
1791 2040 1895 2070 εἰκότως

1120 2097 1129 2113 ι
1140 2085 1208 2114 εἶναι
1217 2087 1255 2122 τῷ
1263 2086 1322 2122 Θεῷ
1337 2087 1466 2121 φαίνοιτο·
1481 2087 1540 2113 εἰδὲ
1553 2088 1568 2121 ή
1581 2086 1650 2114 κατὰ
1658 2087 1747 2121 σάρκα
1759 2086 1894 2122 προσθήκη

1119 2144 1128 2159 ι
1141 2134 1186 2160 ἐπὶ
1201 2133 1247 2160 τοῦ
1258 2133 1381 2168 Σωτῆρος
1389 2132 1550 2165 ἐξετάζοιτο,
1560 2133 1683 2168 ἐνεργείᾳ
1693 2135 1709 2168 ή
1721 2133 1817 2168 θεότης
1833 2132 1894 2168 μόνη

1120 2190 1128 2205 ι
1143 2179 1324 2206 πλατύνεσθαι
1335 2180 1422 2206 δοκεῖ·
1432 2179 1503 2206 ὥστε
1516 2179 1627 2210 εἰκότως
1636 2179 1719 2214 μονὰς
1728 2180 1813 2211 ὅντως
1827 2178 1895 2205 ἐστὶν

1121 2234 1130 2249 ι
1141 2224 1302 2260 ἀδιαίρετος.
1317 2234 1325 2249 ι
1337 2225 1390 2250 Καὶ
1404 2223 1443 2250 ἔτι
1457 2224 1555 2259 μᾶλλον
1567 2223 1645 2250 τοῦτο
1654 2223 1851 2255 κατασκευάζει
1864 2222 1895 2248 δι’

1117 2267 1154 2296 ὦν
1167 2270 1195 2296 ὲν
1208 2271 1263 2301 τοῖς
1276 2270 1338 2305 ἑξῆς
1350 2269 1419 2296 uino)
1431 2270 1541 2306 γράφει·
1560 2280 1569 2295 ί
1593 2270 1629 2296 Τὸ
1652 2271 1700 2305 μὲν
1713 2266 1761 2297 οὖν
1778 2270 1829 2305 πρὸ
1846 2268 1895 2295 τῶν

1120 2325 1129 2342 ι
1148 2315 1253 2343 αἰώνων
1263 2315 1343 2342 αὑτὸν
1353 2315 1532 2351 γεγεννῆσθαι
1540 2316 1624 2351 φῆσαι
1632 2316 1786 2348 ἀκολούθως
1798 2314 1896 2351 εἰρηκέ-

1121 2371 1131 2387 ‹
1147 2371 1190 2388 ναι
1206 2361 1294 2388 δοκεῖ·
1308 2361 1432 2397 γέννημα
1443 2362 1496 2398 γὰρ
1509 2362 1540 2388 τὸ
1553 2361 1681 2397 προελθὸν
1691 2362 1739 2388 τοῦ
1751 2361 1895 2398 προεμένου

1164 2439 1188 2454 ⁷⁸
1199 2438 1277 2467 Joau.
1294 2447 1331 2472 tv,
1346 2439 1393 2468 i4.

1119 2544 1241 2580 χωρῆσαι
1258 2548 1285 2572 et
1307 2545 1389 2580 φησιν
1408 2550 1437 2572 et
1451 2545 1593 2580 εἰρηκότος
1618 2553 1663 2573 πν.
1681 2550 1708 2573 et
1720 2545 1835 2580 ’Πατρδς
1856 2543 1896 2570 λέ-

1118 2588 1233 2649 γοῖἒὲξ;)
1251 2614 1533 2649 Ἑννηθρωπηκέναι.
1545 2614 1600 2642 Hoc
1610 2619 1684 2642 certe
1699 2615 1734 2641 illi
1745 2614 1894 2643 ascribitur,

1118 2655 1146 2676 ut
1158 2651 1239 2676 fuerit
1249 2649 1367 2681 Praxeze,
1380 2656 1406 2676 et
1415 2650 1681 2684 Patropassianorum
1695 2651 1834 2684 ἀποφυάς,
1847 2650 1894 2676 sci-

1117 2685 1254 2718 licetquia
1268 2684 1353 2719 Λόγον
1373 2690 1501 2711 aeternum
1526 2686 1621 2713 asserit
1644 2694 1651 2711 :
1673 2684 1803 2719 Spiritum
1819 2687 1894 2711 {niese

1102 2720 1205 2751 ‘doeet,
1222 2720 1272 2746 hoc
1285 2726 1325 2746 est
1337 2721 1429 2747 Deum.
1445 2719 1527 2752 Quasi
1543 2721 1617 2748 solus
1634 2720 1713 2747 Pater
1732 2720 1802 2746 foret
1815 2719 1894 2752 Spiri-

1117 2758 1170 2786 tus,
1187 2755 1237 2781 hoc
1250 2760 1291 2781 est
1304 2755 1375 2781 Deus
1385 2774 1392 2785 ,
1406 2763 1466 2788 qua:
1484 2761 1542 2782 erat
1554 2763 1629 2782 mens
1640 2755 1800 2783 Eusebiaua.
1819 2755 1851 2780 M.
1863 2767 1894 2774 —-—

1118 2789 1177 2815 Mox
1195 2790 1272 2824 vulgo
1285 2789 1340 2816 ἀλλ’
1362 2790 1508 2825 ἀληθῶςέει
1531 2791 1642 2822 εἰκότως
1671 2791 1753 2825 μόνας
1777 2788 1894 2825 παρήλη-

1118 2832 1193 2861 πται.
1211 2822 1274 2861 Dein
1285 2825 1377 2861 τοῦτον
1397 2822 1433 2861 μὴ
1451 2823 1520 2852 εἶναι
1534 2831 1560 2854 et
1573 2826 1651 2861 ἀνθρ.
1667 2822 1849 2860 ιρύσεωςεοίιίζ
1862 2822 1892 2852 ιι.

1118 2864 1145 2886 ei
1157 2860 1202 2885 τὸν
1218 2860 1284 2886 Θεὸν
1300 2860 1367 2886 Θεοῦ
1385 2861 1416 2886 Λ.
1435 2860 1487 2896 Mp.
