  <div class='ocr_page' id='page_1' title='image "/cluster/home/n/w/nwhite01/storage/ocr_20150623/24/njp.32101077772513/400.png"; bbox 0 0 2045 3215; ppageno 0'>
   <div class='ocr_carea' id='block_1_1' title="bbox 186 229 240 257">
    <p class='ocr_par' dir='ltr' id='par_1_1' title="bbox 186 229 240 257">
     <span class='ocr_line' id='line_1_1' title="bbox 186 229 240 257; baseline 0.019 -1"><span class='ocrx_word' id='word_1_1' title='bbox 186 229 240 257; x_wconf 79' lang='lat'><strong>785</strong></span> 
     </span>
    </p>
   </div>
   <div class='ocr_carea' id='block_1_2' title="bbox 737 227 1244 256">
    <p class='ocr_par' dir='ltr' id='par_1_2' title="bbox 737 227 1244 256">
     <span class='ocr_line' id='line_1_2' title="bbox 737 227 1244 256; baseline -0.004 0"><span class='ocrx_word' id='word_1_2' title='bbox 737 227 876 256; x_wconf 78' lang='lat' dir='ltr'><strong>CONTRA</strong></span> <span class='ocrx_word' id='word_1_3' title='bbox 895 227 1107 255; x_wconf 76' lang='lat' dir='ltr'><strong>MARCELLUM</strong></span> <span class='ocrx_word' id='word_1_4' title='bbox 1126 227 1190 254; x_wconf 86' lang='lat' dir='ltr'><strong>LIB.</strong></span> <span class='ocrx_word' id='word_1_5' title='bbox 1211 227 1244 254; x_wconf 88' lang='lat' dir='ltr'><strong>Ii.</strong></span> 
     </span>
    </p>
   </div>
   <div class='ocr_carea' id='block_1_3' title="bbox 1747 226 1801 255">
    <p class='ocr_par' dir='ltr' id='par_1_3' title="bbox 1747 226 1801 255">
     <span class='ocr_line' id='line_1_3' title="bbox 1747 226 1801 255; baseline 0.019 -1"><span class='ocrx_word' id='word_1_6' title='bbox 1747 226 1801 255; x_wconf 81' lang='lat'><strong>786</strong></span> 
     </span>
    </p>
   </div>
   <div class='ocr_carea' id='block_1_4' title="bbox 189 274 969 321">
    <p class='ocr_par' dir='ltr' id='par_1_4' title="bbox 189 274 969 321">
     <span class='ocr_line' id='line_1_4' title="bbox 189 274 969 321; baseline -0.003 -9"><span class='ocrx_word' id='word_1_7' title='bbox 189 297 198 312; x_wconf 87' lang='lat'><strong>1</strong></span> <span class='ocrx_word' id='word_1_8' title='bbox 218 285 340 320; x_wconf 83' lang='grc' dir='ltr'>γίγνεται</span> <span class='ocrx_word' id='word_1_9' title='bbox 357 285 474 321; x_wconf 82' lang='grc' dir='ltr'><strong>Πατρός.</strong></span> <span class='ocrx_word' id='word_1_10' title='bbox 495 284 613 321; x_wconf 77' lang='grc' dir='ltr'>Θάτερον</span> <span class='ocrx_word' id='word_1_11' title='bbox 623 285 644 311; x_wconf 82' lang='grc' dir='ltr'><strong>δ’</strong></span> <span class='ocrx_word' id='word_1_12' title='bbox 656 284 759 311; x_wconf 60' lang='grc' dir='ltr'>οὐκνέτι</span> <span class='ocrx_word' id='word_1_13' title='bbox 772 285 857 319; x_wconf 79' lang='grc' dir='ltr'>ὑγιῶς</span> <span class='ocrx_word' id='word_1_14' title='bbox 864 285 917 311; x_wconf 76' lang='grc' dir='ltr'><strong>οὐδ’</strong></span> <span class='ocrx_word' id='word_1_15' title='bbox 930 274 969 311; x_wconf 69' lang='grc' dir='ltr'><strong>εὗ-</strong></span> 
     </span>
    </p>
   </div>
   <div class='ocr_carea' id='block_1_5' title="bbox 1024 274 1800 321">
    <p class='ocr_par' dir='ltr' id='par_1_5' title="bbox 1027 281 1800 318">
     <span class='ocr_line' id='line_1_5' title="bbox 1027 281 1800 318; baseline 0.001 -8"><span class='ocrx_word' id='word_1_16' title='bbox 1027 294 1036 310; x_wconf 76' lang='grc' dir='ltr'><strong>ι</strong></span> <span class='ocrx_word' id='word_1_17' title='bbox 1047 284 1103 312; x_wconf 86' lang='lat' dir='ltr'><strong>Deo</strong></span> <span class='ocrx_word' id='word_1_18' title='bbox 1119 284 1252 311; x_wconf 72' lang='lat' dir='ltr'><strong>videbitur</strong></span> <span class='ocrx_word' id='word_1_19' title='bbox 1264 290 1334 312; x_wconf 84' lang='lat' dir='ltr'><strong>esse.</strong></span> <span class='ocrx_word' id='word_1_20' title='bbox 1349 284 1426 318; x_wconf 84' lang='lat' dir='ltr'><strong>Quod</strong></span> <span class='ocrx_word' id='word_1_21' title='bbox 1439 284 1461 311; x_wconf 87' lang='lat' dir='ltr'><strong>si</strong></span> <span class='ocrx_word' id='word_1_22' title='bbox 1476 283 1520 310; x_wconf 78' lang='lat' dir='ltr'><strong>illa</strong></span> <span class='ocrx_word' id='word_1_23' title='bbox 1534 281 1644 315; x_wconf 83' lang='lat' dir='ltr'><strong>additio,</strong></span> <span class='ocrx_word' id='word_1_24' title='bbox 1653 285 1800 311; x_wconf 83' lang='lat' dir='ltr'><strong>secundum</strong></span> 
     </span>
    </p>
   </div>
   <div class='ocr_carea' id='block_1_6' title="bbox 189 327 969 366">
    <p class='ocr_par' dir='ltr' id='par_1_6' title="bbox 189 327 969 366">
     <span class='ocr_line' id='line_1_6' title="bbox 189 327 969 366; baseline 0 -10"><span class='ocrx_word' id='word_1_25' title='bbox 189 341 198 356; x_wconf 91' lang='lat'><strong>1</strong></span> <span class='ocrx_word' id='word_1_26' title='bbox 222 329 308 361; x_wconf 76' lang='grc' dir='ltr'>σεϐὦς</span> <span class='ocrx_word' id='word_1_27' title='bbox 322 330 397 365; x_wconf 84' lang='grc' dir='ltr'>αὐτῷ</span> <span class='ocrx_word' id='word_1_28' title='bbox 409 330 603 366; x_wconf 67' lang='grc' dir='ltr'>παρείληπται.</span> <span class='ocrx_word' id='word_1_29' title='bbox 623 330 660 356; x_wconf 81' lang='grc' dir='ltr'><strong>Τὸ</strong></span> <span class='ocrx_word' id='word_1_30' title='bbox 679 329 733 366; x_wconf 91' lang='grc' dir='ltr'><strong>γὰρ</strong></span> <span class='ocrx_word' id='word_1_31' title='bbox 749 330 786 365; x_wconf 85' lang='grc' dir='ltr'>μὴ</span> <span class='ocrx_word' id='word_1_32' title='bbox 801 329 886 364; x_wconf 86' lang='grc' dir='ltr'>Λόγον</span> <span class='ocrx_word' id='word_1_33' title='bbox 900 327 969 356; x_wconf 76' lang='grc' dir='ltr'>εῖναι</span> 
     </span>
    </p>
   </div>
   <div class='ocr_carea' id='block_1_7' title="bbox 189 372 970 412">
    <p class='ocr_par' dir='ltr' id='par_1_7' title="bbox 189 372 970 412">
     <span class='ocr_line' id='line_1_7' title="bbox 189 372 970 412; baseline 0 -10"><span class='ocrx_word' id='word_1_34' title='bbox 189 386 198 402; x_wconf 86' lang='lat'><strong>1</strong></span> <span class='ocrx_word' id='word_1_35' title='bbox 211 377 295 412; x_wconf 72' lang='grc' dir='ltr'>φῆσαι</span> <span class='ocrx_word' id='word_1_36' title='bbox 311 375 357 402; x_wconf 75' lang='grc' dir='ltr'>τὸν</span> <span class='ocrx_word' id='word_1_37' title='bbox 371 374 401 407; x_wconf 74' lang='grc' dir='ltr'><strong>ἐξ</strong></span> <span class='ocrx_word' id='word_1_38' title='bbox 415 375 496 402; x_wconf 83' lang='grc' dir='ltr'><strong>αὺτοῦ</strong></span> <span class='ocrx_word' id='word_1_39' title='bbox 507 375 682 411; x_wconf 80' lang='grc' dir='ltr'><strong>προελθόντα,</strong></span> <span class='ocrx_word' id='word_1_40' title='bbox 692 375 837 402; x_wconf 80' lang='grc' dir='ltr'>καὶτοῦτον</span> <span class='ocrx_word' id='word_1_41' title='bbox 846 372 915 402; x_wconf 76' lang='grc' dir='ltr'>εἶναι</span> <span class='ocrx_word' id='word_1_42' title='bbox 924 375 970 402; x_wconf 83' lang='grc' dir='ltr'>τὸν</span> 
     </span>
    </p>
   </div>
   <div class='ocr_carea' id='block_1_8' title="bbox 189 421 969 457">
    <p class='ocr_par' dir='ltr' id='par_1_8' title="bbox 189 421 969 457">
     <span class='ocr_line' id='line_1_8' title="bbox 189 421 969 457; baseline -0.001 -10"><span class='ocrx_word' id='word_1_43' title='bbox 189 432 197 447; x_wconf 94' lang='lat'><strong>1</strong></span> <span class='ocrx_word' id='word_1_44' title='bbox 210 422 260 457; x_wconf 78' lang='grc' dir='ltr'>τῆς</span> <span class='ocrx_word' id='word_1_45' title='bbox 269 422 422 456; x_wconf 80' lang='grc' dir='ltr'><strong>γεννήσεως</strong></span> <span class='ocrx_word' id='word_1_46' title='bbox 430 421 517 456; x_wconf 81' lang='grc' dir='ltr'><strong>ἀληθῆ</strong></span> <span class='ocrx_word' id='word_1_47' title='bbox 526 422 632 456; x_wconf 77' lang='grc' dir='ltr'><strong>τρόπον,</strong></span> <span class='ocrx_word' id='word_1_48' title='bbox 643 422 698 447; x_wconf 76' lang='grc' dir='ltr'>ἀλλ’</span> <span class='ocrx_word' id='word_1_49' title='bbox 706 421 798 453; x_wconf 84' lang='grc' dir='ltr'>ἁπλῶς</span> <span class='ocrx_word' id='word_1_50' title='bbox 807 422 870 448; x_wconf 79' lang='grc' dir='ltr'>Υἱὸν</span> <span class='ocrx_word' id='word_1_51' title='bbox 880 422 969 456; x_wconf 81' lang='grc' dir='ltr'><strong>μόνον⁷</strong></span> 
     </span>
    </p>
   </div>
   <div class='ocr_carea' id='block_1_9' title="bbox 187 467 972 503">
    <p class='ocr_par' dir='ltr' id='par_1_9' title="bbox 187 467 972 503">
     <span class='ocr_line' id='line_1_9' title="bbox 187 467 972 503; baseline 0.001 -10"><span class='ocrx_word' id='word_1_52' title='bbox 187 478 197 493; x_wconf 92' lang='lat'><strong>1</strong></span> <span class='ocrx_word' id='word_1_53' title='bbox 217 468 335 502; x_wconf 69' lang='grc' dir='ltr'>ἕμφασίν</span> <span class='ocrx_word' id='word_1_54' title='bbox 345 476 405 494; x_wconf 87' lang='grc' dir='ltr'>τινα</span> <span class='ocrx_word' id='word_1_55' title='bbox 415 469 470 499; x_wconf 84' lang='grc' dir='ltr'>τοῖς</span> <span class='ocrx_word' id='word_1_56' title='bbox 480 468 622 494; x_wconf 82' lang='grc' dir='ltr'>ἀκούουσιν</span> <span class='ocrx_word' id='word_1_57' title='bbox 633 467 803 503; x_wconf 76' lang='grc' dir='ltr'><strong>ἀνθρωπίνης</strong></span> <span class='ocrx_word' id='word_1_58' title='bbox 811 468 896 503; x_wconf 72' lang='grc' dir='ltr'>ὅψεως</span> <span class='ocrx_word' id='word_1_59' title='bbox 903 476 972 502; x_wconf 79' lang='grc' dir='ltr'>παρ-</span> 
     </span>
    </p>
   </div>
   <div class='ocr_carea' id='block_1_10' title="bbox 189 513 970 550">
    <p class='ocr_par' dir='ltr' id='par_1_10' title="bbox 189 513 970 550">
     <span class='ocr_line' id='line_1_10' title="bbox 189 513 970 550; baseline 0 -11"><span class='ocrx_word' id='word_1_60' title='bbox 189 524 198 539; x_wconf 86' lang='lat'><strong>1</strong></span> <span class='ocrx_word' id='word_1_61' title='bbox 216 514 289 549; x_wconf 81' lang='grc' dir='ltr'>ἐχειν</span> <span class='ocrx_word' id='word_1_62' title='bbox 305 513 394 541; x_wconf 79' lang='grc' dir='ltr'>εἴωθε,</span> <span class='ocrx_word' id='word_1_63' title='bbox 413 523 422 539; x_wconf 75' lang='grc' dir='ltr'><strong>ι</strong></span> <span class='ocrx_word' id='word_1_64' title='bbox 439 515 493 541; x_wconf 73' lang='grc' dir='ltr'><strong>Καὶ</strong></span> <span class='ocrx_word' id='word_1_65' title='bbox 506 515 534 539; x_wconf 84' lang='grc' dir='ltr'><strong>ὲν</strong></span> <span class='ocrx_word' id='word_1_66' title='bbox 551 514 656 545; x_wconf 81' lang='grc' dir='ltr'><strong>τούτοις</strong></span> <span class='ocrx_word' id='word_1_67' title='bbox 668 515 715 549; x_wconf 81' lang='grc' dir='ltr'>μὲν</span> <span class='ocrx_word' id='word_1_68' title='bbox 726 516 814 550; x_wconf 83' lang='grc' dir='ltr'>γυμνῇ</span> <span class='ocrx_word' id='word_1_69' title='bbox 825 516 857 549; x_wconf 85' lang='grc' dir='ltr'>τῇ</span> <span class='ocrx_word' id='word_1_70' title='bbox 867 514 970 549; x_wconf 79' lang='grc' dir='ltr'>κεφαλῇ</span> 
     </span>
    </p>
   </div>
   <div class='ocr_carea' id='block_1_11' title="bbox 185 558 972 595">
    <p class='ocr_par' dir='ltr' id='par_1_11' title="bbox 185 558 972 595">
     <span class='ocr_line' id='line_1_11' title="bbox 185 558 972 595; baseline 0 -10"><span class='ocrx_word' id='word_1_71' title='bbox 185 558 230 585; x_wconf 79' lang='grc' dir='ltr'><strong>τὸν</strong></span> <span class='ocrx_word' id='word_1_72' title='bbox 247 559 296 594; x_wconf 77' lang='grc' dir='ltr'>μὲν</span> <span class='ocrx_word' id='word_1_73' title='bbox 313 559 377 585; x_wconf 86' lang='grc' dir='ltr'><strong>Υἱδν</strong></span> <span class='ocrx_word' id='word_1_74' title='bbox 394 559 540 595; x_wconf 70' lang='grc' dir='ltr'>ἠρνήσατο,</span> <span class='ocrx_word' id='word_1_75' title='bbox 555 559 631 593; x_wconf 72' lang='grc' dir='ltr'>ψιλὸν</span> <span class='ocrx_word' id='word_1_76' title='bbox 646 559 673 585; x_wconf 82' lang='grc' dir='ltr'><strong>δὲ</strong></span> <span class='ocrx_word' id='word_1_77' title='bbox 688 559 786 593; x_wconf 82' lang='grc' dir='ltr'>Λόγον,</span> <span class='ocrx_word' id='word_1_78' title='bbox 800 559 893 595; x_wconf 75' lang='grc' dir='ltr'>ὥσπερ</span> <span class='ocrx_word' id='word_1_79' title='bbox 911 559 972 585; x_wconf 75' lang='grc' dir='ltr'>τινὰ</span> 
     </span>
    </p>
   </div>
   <div class='ocr_carea' id='block_1_12' title="bbox 187 602 971 640">
    <p class='ocr_par' dir='ltr' id='par_1_12' title="bbox 187 602 971 640">
     <span class='ocr_line' id='line_1_12' title="bbox 187 602 971 640; baseline 0.001 -10"><span class='ocrx_word' id='word_1_80' title='bbox 187 605 385 640; x_wconf 80' lang='grc' dir='ltr'><strong>προστακτικὸν</strong></span> <span class='ocrx_word' id='word_1_81' title='bbox 394 605 448 631; x_wconf 82' lang='grc' dir='ltr'>τῶν</span> <span class='ocrx_word' id='word_1_82' title='bbox 457 605 590 639; x_wconf 80' lang='grc' dir='ltr'><strong>ποιητέων</strong></span> <span class='ocrx_word' id='word_1_83' title='bbox 599 605 807 639; x_wconf 79' lang='grc' dir='ltr'>εἰσάγων,δῆλός</span> <span class='ocrx_word' id='word_1_84' title='bbox 815 606 887 631; x_wconf 76' lang='grc' dir='ltr'>ἐστιν</span> <span class='ocrx_word' id='word_1_85' title='bbox 898 605 926 637; x_wconf 76' lang='grc' dir='ltr'>ἐξ</span> <span class='ocrx_word' id='word_1_86' title='bbox 934 602 971 631; x_wconf 85' lang='grc' dir='ltr'>ὧν</span> 
     </span>
    </p>
   </div>
   <div class='ocr_carea' id='block_1_13' title="bbox 186 650 971 686">
    <p class='ocr_par' dir='ltr' id='par_1_13' title="bbox 186 650 971 686">
     <span class='ocr_line' id='line_1_13' title="bbox 186 650 971 686; baseline 0 -9"><span class='ocrx_word' id='word_1_87' title='bbox 186 651 312 686; x_wconf 75' lang='grc' dir='ltr'>ἐπιφέρει</span> <span class='ocrx_word' id='word_1_88' title='bbox 323 651 423 685; x_wconf 81' lang='grc' dir='ltr'>λέγων·</span> <span class='ocrx_word' id='word_1_89' title='bbox 439 660 447 676; x_wconf 97' lang='lat'><strong>1</strong></span> <span class='ocrx_word' id='word_1_90' title='bbox 465 652 512 677; x_wconf 88' lang='grc' dir='ltr'>Ὃν</span> <span class='ocrx_word' id='word_1_91' title='bbox 521 650 592 677; x_wconf 77' lang='grc' dir='ltr'>οὕτω</span> <span class='ocrx_word' id='word_1_92' title='bbox 600 652 683 678; x_wconf 84' lang='grc' dir='ltr'>πᾶσαι</span> <span class='ocrx_word' id='word_1_93' title='bbox 696 652 723 677; x_wconf 80' lang='grc' dir='ltr'>αἱ</span> <span class='ocrx_word' id='word_1_94' title='bbox 732 651 801 678; x_wconf 81' lang='grc' dir='ltr'>θεῖαι</span> <span class='ocrx_word' id='word_1_95' title='bbox 809 652 971 686; x_wconf 80' lang='grc' dir='ltr'>κηρύττουσι</span> 
     </span>
    </p>
   </div>
   <div class='ocr_carea' id='block_1_14' title="bbox 187 696 972 732">
    <p class='ocr_par' dir='ltr' id='par_1_14' title="bbox 187 696 972 732">
     <span class='ocr_line' id='line_1_14' title="bbox 187 696 972 732; baseline 0.001 -9"><span class='ocrx_word' id='word_1_96' title='bbox 187 696 301 732; x_wconf 78' lang='grc' dir='ltr'>Γραφαί.</span> <span class='ocrx_word' id='word_1_97' title='bbox 319 697 399 723; x_wconf 73' lang='grc' dir='ltr'><strong>Δαὸὶδ</strong></span> <span class='ocrx_word' id='word_1_98' title='bbox 414 697 462 731; x_wconf 82' lang='grc' dir='ltr'>μὲν</span> <span class='ocrx_word' id='word_1_99' title='bbox 477 696 530 732; x_wconf 81' lang='grc' dir='ltr'><strong>γὰρ</strong></span> <span class='ocrx_word' id='word_1_100' title='bbox 542 697 605 731; x_wconf 73' lang='grc' dir='ltr'>περὶ</span> <span class='ocrx_word' id='word_1_101' title='bbox 621 697 703 724; x_wconf 74' lang='grc' dir='ltr'>αὐτοῦ</span> <span class='ocrx_word' id='word_1_102' title='bbox 721 698 794 730; x_wconf 83' lang='grc' dir='ltr'>λέγει</span> <span class='ocrx_word' id='word_1_103' title='bbox 809 706 815 712; x_wconf 91' lang='grc'><strong>·</strong></span> <span class='ocrx_word' id='word_1_104' title='bbox 832 697 873 730; x_wconf 86' lang='grc' dir='ltr'><strong>Τῷ</strong></span> <span class='ocrx_word' id='word_1_105' title='bbox 889 699 972 731; x_wconf 82' lang='grc' dir='ltr'>Λόγῳ</span> 
     </span>
    </p>
   </div>
   <div class='ocr_carea' id='block_1_15' title="bbox 186 741 971 777">
    <p class='ocr_par' dir='ltr' id='par_1_15' title="bbox 186 741 971 777">
     <span class='ocr_line' id='line_1_15' title="bbox 186 741 971 777; baseline 0 -8"><span class='ocrx_word' id='word_1_106' title='bbox 186 743 297 776; x_wconf 82' lang='grc' dir='ltr'>Κυρίου</span> <span class='ocrx_word' id='word_1_107' title='bbox 307 744 334 769; x_wconf 85' lang='lat' dir='ltr'><strong>al</strong></span> <span class='ocrx_word' id='word_1_108' title='bbox 345 743 463 777; x_wconf 76' lang='grc' dir='ltr'>οὐρανοὶ</span> <span class='ocrx_word' id='word_1_109' title='bbox 473 742 697 776; x_wconf 78' lang='grc' dir='ltr'><strong>ἐστερεώθησαν</strong></span> <span class='ocrx_word' id='word_1_110' title='bbox 709 751 715 757; x_wconf 90' lang='grc'><strong>·</strong></span> <span class='ocrx_word' id='word_1_111' title='bbox 729 741 806 774; x_wconf 82' lang='grc' dir='ltr'>αὖθις</span> <span class='ocrx_word' id='word_1_112' title='bbox 820 743 859 774; x_wconf 83' lang='grc' dir='ltr'><strong>δὲ,</strong></span> <span class='ocrx_word' id='word_1_113' title='bbox 877 743 971 775; x_wconf 82' lang='grc' dir='ltr'>Αὐτὸς</span> 
     </span>
    </p>
   </div>
   <div class='ocr_carea' id='block_1_16' title="bbox 186 788 969 822">
    <p class='ocr_par' dir='ltr' id='par_1_16' title="bbox 186 788 969 822">
     <span class='ocr_line' id='line_1_16' title="bbox 186 788 969 822; baseline 0.001 -8"><span class='ocrx_word' id='word_1_114' title='bbox 186 788 385 820; x_wconf 73' lang='grc' dir='ltr'>ἐξαποστελεῐ</span> <span class='ocrx_word' id='word_1_115' title='bbox 394 788 446 814; x_wconf 77' lang='grc' dir='ltr'>τὸν</span> <span class='ocrx_word' id='word_1_116' title='bbox 457 789 552 822; x_wconf 78' lang='grc' dir='ltr'>Λόγον</span> <span class='ocrx_word' id='word_1_117' title='bbox 561 788 654 814; x_wconf 78' lang='grc' dir='ltr'>αὐτοῦ</span> <span class='ocrx_word' id='word_1_118' title='bbox 666 788 713 815; x_wconf 77' lang='grc' dir='ltr'>καὶ</span> <span class='ocrx_word' id='word_1_119' title='bbox 726 788 839 815; x_wconf 74' lang='grc' dir='ltr'>ἰάσεται</span> <span class='ocrx_word' id='word_1_120' title='bbox 850 789 969 822; x_wconf 84' lang='grc' dir='ltr'>αὐτούς·</span> 
     </span>
    </p>
   </div>
   <div class='ocr_carea' id='block_1_17' title="bbox 188 833 972 869">
    <p class='ocr_par' dir='ltr' id='par_1_17' title="bbox 188 833 972 869">
     <span class='ocr_line' id='line_1_17' title="bbox 188 833 972 869; baseline 0.004 -10"><span class='ocrx_word' id='word_1_121' title='bbox 188 833 311 869; x_wconf 84' lang='grc' dir='ltr'>Σολομὼν</span> <span class='ocrx_word' id='word_1_122' title='bbox 319 834 357 860; x_wconf 80' lang='grc' dir='ltr'><strong>δέ·</strong></span> <span class='ocrx_word' id='word_1_123' title='bbox 372 834 585 868; x_wconf 60' lang='lat' dir='ltr'><strong>Iuniae-volas</strong></span> <span class='ocrx_word' id='word_1_124' title='bbox 599 835 694 866; x_wconf 72' lang='grc' dir='ltr'>κακοὶ,</span> <span class='ocrx_word' id='word_1_125' title='bbox 705 835 752 861; x_wconf 77' lang='grc' dir='ltr'><strong>καὶ</strong></span> <span class='ocrx_word' id='word_1_126' title='bbox 764 836 819 869; x_wconf 81' lang='grc' dir='ltr'><strong>οὐχ</strong></span> <span class='ocrx_word' id='word_1_127' title='bbox 831 835 972 869; x_wconf 74' lang='grc' dir='ltr'>εὑρήσου-</span> 
     </span>
    </p>
   </div>
   <div class='ocr_carea' id='block_1_18' title="bbox 187 881 971 917">
    <p class='ocr_par' dir='ltr' id='par_1_18' title="bbox 187 881 971 917">
     <span class='ocr_line' id='line_1_18' title="bbox 187 881 971 917; baseline 0.003 -10"><span class='ocrx_word' id='word_1_128' title='bbox 187 889 249 908; x_wconf 81' lang='grc' dir='ltr'>σιν.</span> <span class='ocrx_word' id='word_1_129' title='bbox 265 881 432 915; x_wconf 79' lang='grc' dir='ltr'>Ἑμίσησαν</span> <span class='ocrx_word' id='word_1_130' title='bbox 444 882 497 916; x_wconf 77' lang='grc' dir='ltr'>γὰρ</span> <span class='ocrx_word' id='word_1_131' title='bbox 508 881 628 916; x_wconf 57' lang='grc' dir='ltr'>σοφίαν·</span> <span class='ocrx_word' id='word_1_132' title='bbox 646 881 699 908; x_wconf 79' lang='grc' dir='ltr'>τὸν</span> <span class='ocrx_word' id='word_1_133' title='bbox 709 881 742 907; x_wconf 78' lang='grc' dir='ltr'><em>δὲ</em></span> <span class='ocrx_word' id='word_1_134' title='bbox 755 883 851 917; x_wconf 73' lang='grc' dir='ltr'>Λόγον</span> <span class='ocrx_word' id='word_1_135' title='bbox 862 883 971 916; x_wconf 83' lang='grc' dir='ltr'>Κυρίου</span> 
     </span>
    </p>
   </div>
   <div class='ocr_carea' id='block_1_19' title="bbox 187 927 971 961">
    <p class='ocr_par' dir='ltr' id='par_1_19' title="bbox 187 927 971 961">
     <span class='ocr_line' id='line_1_19' title="bbox 187 927 971 961; baseline 0.001 -8"><span class='ocrx_word' id='word_1_136' title='bbox 187 928 223 953; x_wconf 79' lang='grc' dir='ltr'>οὺ</span> <span class='ocrx_word' id='word_1_137' title='bbox 236 927 421 960; x_wconf 75' lang='grc' dir='ltr'>προείλοντο.</span> <span class='ocrx_word' id='word_1_138' title='bbox 438 927 551 958; x_wconf 79' lang='grc' dir='ltr'><strong>Ἡσαΐας</strong></span> <span class='ocrx_word' id='word_1_139' title='bbox 565 936 605 958; x_wconf 86' lang='grc' dir='ltr'><strong>τε,</strong></span> <span class='ocrx_word' id='word_1_140' title='bbox 624 928 670 953; x_wconf 79' lang='grc' dir='ltr'>Ἐκ</span> <span class='ocrx_word' id='word_1_141' title='bbox 686 927 740 961; x_wconf 79' lang='grc' dir='ltr'>γὰρ</span> <span class='ocrx_word' id='word_1_142' title='bbox 754 928 830 954; x_wconf 85' lang='grc' dir='ltr'>Σιὼν</span> <span class='ocrx_word' id='word_1_143' title='bbox 851 927 971 960; x_wconf 78' lang='grc' dir='ltr'><strong>ἐξελεύ-</strong></span> 
     </span>
    </p>
   </div>
   <div class='ocr_carea' id='block_1_20' title="bbox 187 972 973 1007">
    <p class='ocr_par' dir='ltr' id='par_1_20' title="bbox 187 972 973 1007">
     <span class='ocr_line' id='line_1_20' title="bbox 187 972 973 1007; baseline 0.004 -9"><span class='ocrx_word' id='word_1_144' title='bbox 187 979 282 1004; x_wconf 82' lang='grc' dir='ltr'>σεται,</span> <span class='ocrx_word' id='word_1_145' title='bbox 297 972 360 1007; x_wconf 80' lang='grc' dir='ltr'>ἔφη,</span> <span class='ocrx_word' id='word_1_146' title='bbox 376 973 468 1006; x_wconf 81' lang='grc' dir='ltr'>νόμος</span> <span class='ocrx_word' id='word_1_147' title='bbox 488 973 535 998; x_wconf 77' lang='grc' dir='ltr'><em>καὶ</em></span> <span class='ocrx_word' id='word_1_148' title='bbox 547 973 641 1007; x_wconf 80' lang='grc' dir='ltr'>Λόγος</span> <span class='ocrx_word' id='word_1_149' title='bbox 656 973 765 1006; x_wconf 82' lang='grc' dir='ltr'><strong>Κυρίου</strong></span> <span class='ocrx_word' id='word_1_150' title='bbox 776 973 810 1005; x_wconf 80' lang='grc' dir='ltr'><strong>ἐξ</strong></span> <span class='ocrx_word' id='word_1_151' title='bbox 825 974 973 1007; x_wconf 84' lang='grc' dir='ltr'>Ἰερουσα-</span> 
     </span>
    </p>
   </div>
   <div class='ocr_carea' id='block_1_21' title="bbox 187 1016 969 1054">
    <p class='ocr_par' dir='ltr' id='par_1_21' title="bbox 187 1016 969 1054">
     <span class='ocr_line' id='line_1_21' title="bbox 187 1016 969 1054; baseline 0.004 -11"><span class='ocrx_word' id='word_1_152' title='bbox 187 1017 258 1051; x_wconf 71' lang='grc' dir='ltr'><strong>λήμ.</strong></span> <span class='ocrx_word' id='word_1_153' title='bbox 285 1018 339 1043; x_wconf 74' lang='grc' dir='ltr'><strong>Καὶ</strong></span> <span class='ocrx_word' id='word_1_154' title='bbox 363 1016 439 1049; x_wconf 76' lang='grc' dir='ltr'>αὖθις</span> <span class='ocrx_word' id='word_1_155' title='bbox 462 1018 608 1053; x_wconf 84' lang='grc' dir='ltr'>Ἱερεμίας·</span> <span class='ocrx_word' id='word_1_156' title='bbox 634 1019 846 1053; x_wconf 80' lang='grc' dir='ltr'>ᾙσχύνθησῐιν</span> <span class='ocrx_word' id='word_1_157' title='bbox 866 1020 969 1054; x_wconf 72' lang='grc' dir='ltr'>σοφοὶ,</span> 
     </span>
    </p>
   </div>
   <div class='ocr_carea' id='block_1_22' title="bbox 187 1062 971 1099">
    <p class='ocr_par' dir='ltr' id='par_1_22' title="bbox 187 1062 971 1099">
     <span class='ocr_line' id='line_1_22' title="bbox 187 1062 971 1099; baseline 0.005 -12"><span class='ocrx_word' id='word_1_158' title='bbox 187 1062 523 1096; x_wconf 70' lang='grc' dir='ltr'>φησὶ,καὶέπτοήθησαν,</span> <span class='ocrx_word' id='word_1_159' title='bbox 533 1063 581 1089; x_wconf 76' lang='grc' dir='ltr'><strong>καὶ</strong></span> <span class='ocrx_word' id='word_1_160' title='bbox 598 1062 745 1094; x_wconf 79' lang='grc' dir='ltr'><strong>ἑάλωσαν,</strong></span> <span class='ocrx_word' id='word_1_161' title='bbox 760 1063 803 1089; x_wconf 84' lang='grc' dir='ltr'>ὅτι</span> <span class='ocrx_word' id='word_1_162' title='bbox 815 1064 971 1099; x_wconf 75' lang='grc' dir='ltr'>τὸνΛόγον</span> 
     </span>
    </p>
   </div>
   <div class='ocr_carea' id='block_1_23' title="bbox 187 1107 971 1146">
    <p class='ocr_par' dir='ltr' id='par_1_23' title="bbox 187 1107 971 1146">
     <span class='ocr_line' id='line_1_23' title="bbox 187 1107 971 1146; baseline 0.004 -12"><span class='ocrx_word' id='word_1_163' title='bbox 187 1107 241 1134; x_wconf 79' lang='grc' dir='ltr'>τοῦ</span> <span class='ocrx_word' id='word_1_164' title='bbox 255 1108 365 1141; x_wconf 80' lang='grc' dir='ltr'><strong>Κυρίου</strong></span> <span class='ocrx_word' id='word_1_165' title='bbox 392 1108 627 1143; x_wconf 61' lang='grc' dir='ltr'>ἀπεδοκίμασαν·</span> <span class='ocrx_word' id='word_1_166' title='bbox 661 1109 708 1135; x_wconf 78' lang='grc' dir='ltr'>καὶ</span> <span class='ocrx_word' id='word_1_167' title='bbox 736 1109 814 1144; x_wconf 75' lang='grc' dir='ltr'><strong>Ὠσηὲ</strong></span> <span class='ocrx_word' id='word_1_168' title='bbox 835 1111 848 1136; x_wconf 87' lang='grc' dir='ltr'><strong>ό</strong></span> <span class='ocrx_word' id='word_1_169' title='bbox 865 1112 971 1146; x_wconf 80' lang='grc' dir='ltr'>προφή-</span> 
     </span>
    </p>
   </div>
   <div class='ocr_carea' id='block_1_24' title="bbox 186 1155 972 1190">
    <p class='ocr_par' dir='ltr' id='par_1_24' title="bbox 186 1155 972 1190">
     <span class='ocr_line' id='line_1_24' title="bbox 186 1155 972 1190; baseline 0.004 -10"><span class='ocrx_word' id='word_1_170' title='bbox 186 1163 236 1188; x_wconf 85' lang='grc' dir='ltr'><strong>της</strong></span> <span class='ocrx_word' id='word_1_171' title='bbox 248 1163 254 1169; x_wconf 92' lang='grc'><strong>·</strong></span> <span class='ocrx_word' id='word_1_172' title='bbox 279 1155 445 1188; x_wconf 82' lang='grc' dir='ltr'>Ἐμίσησαν</span> <span class='ocrx_word' id='word_1_173' title='bbox 455 1155 489 1180; x_wconf 85' lang='grc' dir='ltr'>ἐν</span> <span class='ocrx_word' id='word_1_174' title='bbox 503 1155 612 1187; x_wconf 73' lang='grc' dir='ltr'>πύλαις</span> <span class='ocrx_word' id='word_1_175' title='bbox 627 1155 798 1190; x_wconf 80' lang='grc' dir='ltr'>ἐλέγχοντα,</span> <span class='ocrx_word' id='word_1_176' title='bbox 812 1156 860 1182; x_wconf 74' lang='grc' dir='ltr'>καὶ</span> <span class='ocrx_word' id='word_1_177' title='bbox 877 1157 972 1190; x_wconf 79' lang='grc' dir='ltr'>Λόγον</span> 
     </span>
    </p>
   </div>
   <div class='ocr_carea' id='block_1_25' title="bbox 185 1199 972 1235">
    <p class='ocr_par' dir='ltr' id='par_1_25' title="bbox 185 1199 972 1235">
     <span class='ocr_line' id='line_1_25' title="bbox 185 1199 972 1235; baseline 0.001 -9"><span class='ocrx_word' id='word_1_178' title='bbox 185 1199 272 1226; x_wconf 79' lang='grc' dir='ltr'>ὅσιον</span> <span class='ocrx_word' id='word_1_179' title='bbox 290 1199 496 1231; x_wconf 74' lang='grc' dir='ltr'>ἐϐδελύξαντο.</span> <span class='ocrx_word' id='word_1_180' title='bbox 514 1201 633 1235; x_wconf 82' lang='grc' dir='ltr'><strong>Μιχαίας</strong></span> <span class='ocrx_word' id='word_1_181' title='bbox 659 1209 687 1226; x_wconf 87' lang='grc' dir='ltr'><strong>τε</strong></span> <span class='ocrx_word' id='word_1_182' title='bbox 702 1201 802 1235; x_wconf 77' lang='grc' dir='ltr'>ὁμοίως</span> <span class='ocrx_word' id='word_1_183' title='bbox 821 1202 866 1228; x_wconf 80' lang='grc' dir='ltr'>καὶ</span> <span class='ocrx_word' id='word_1_184' title='bbox 892 1202 972 1233; x_wconf 79' lang='grc' dir='ltr'>αὐτὸς</span> 
     </span>
    </p>
   </div>
   <div class='ocr_carea' id='block_1_26' title="bbox 186 1246 971 1282">
    <p class='ocr_par' dir='ltr' id='par_1_26' title="bbox 186 1246 971 1282">
     <span class='ocr_line' id='line_1_26' title="bbox 186 1246 971 1282; baseline 0.005 -11"><span class='ocrx_word' id='word_1_185' title='bbox 186 1254 219 1271; x_wconf 85' lang='grc' dir='ltr'><strong>πε</strong></span> <span class='ocrx_word' id='word_1_186' title='bbox 224 1246 250 1280; x_wconf 78' lang='grc' dir='ltr'>ρὶ</span> <span class='ocrx_word' id='word_1_187' title='bbox 257 1246 303 1272; x_wconf 76' lang='grc' dir='ltr'>τοῦ</span> <span class='ocrx_word' id='word_1_188' title='bbox 310 1246 396 1280; x_wconf 81' lang='grc' dir='ltr'>Λόγου</span> <span class='ocrx_word' id='word_1_189' title='bbox 411 1255 462 1282; x_wconf 89' lang='grc' dir='ltr'><strong>μνη</strong></span> <span class='ocrx_word' id='word_1_190' title='bbox 467 1247 585 1281; x_wconf 79' lang='grc' dir='ltr'>μονεύων</span> <span class='ocrx_word' id='word_1_191' title='bbox 596 1247 657 1282; x_wconf 77' lang='grc' dir='ltr'>ἔφη·</span> <span class='ocrx_word' id='word_1_192' title='bbox 667 1247 873 1279; x_wconf 80' lang='grc' dir='ltr'>Ἐξελεύσεται</span> <span class='ocrx_word' id='word_1_193' title='bbox 882 1249 971 1282; x_wconf 80' lang='grc' dir='ltr'>νόμος</span> 
     </span>
    </p>
   </div>
   <div class='ocr_carea' id='block_1_27' title="bbox 185 1292 972 1328">
    <p class='ocr_par' dir='ltr' id='par_1_27' title="bbox 185 1292 972 1328">
     <span class='ocr_line' id='line_1_27' title="bbox 185 1292 972 1328; baseline 0.003 -10"><span class='ocrx_word' id='word_1_194' title='bbox 185 1292 234 1318; x_wconf 79' lang='grc' dir='ltr'><strong>καὶ</strong></span> <span class='ocrx_word' id='word_1_195' title='bbox 242 1292 336 1326; x_wconf 74' lang='grc' dir='ltr'>Λόγος</span> <span class='ocrx_word' id='word_1_196' title='bbox 348 1293 457 1326; x_wconf 67' lang='grc' dir='ltr'>Κιιρίου</span> <span class='ocrx_word' id='word_1_197' title='bbox 475 1293 509 1324; x_wconf 79' lang='grc' dir='ltr'><strong>ἐξ</strong></span> <span class='ocrx_word' id='word_1_198' title='bbox 526 1293 731 1328; x_wconf 61' lang='grc' dir='ltr'><strong>Ἰερουσαλήμ.</strong></span> <span class='ocrx_word' id='word_1_199' title='bbox 748 1303 756 1319; x_wconf 76' lang='grc' dir='ltr'><strong>ι</strong></span> <span class='ocrx_word' id='word_1_200' title='bbox 773 1294 896 1320; x_wconf 80' lang='grc' dir='ltr'>Τοσαῦτα</span> <span class='ocrx_word' id='word_1_201' title='bbox 911 1303 972 1320; x_wconf 87' lang='grc' dir='ltr'>συν-</span> 
     </span>
    </p>
   </div>
   <div class='ocr_carea' id='block_1_28' title="bbox 185 1337 969 1375">
    <p class='ocr_par' dir='ltr' id='par_1_28' title="bbox 185 1337 969 1375">
     <span class='ocr_line' id='line_1_28' title="bbox 185 1337 969 1375; baseline 0.003 -12"><span class='ocrx_word' id='word_1_202' title='bbox 185 1337 260 1372; x_wconf 81' lang='grc' dir='ltr'>άγων</span> <span class='ocrx_word' id='word_1_203' title='bbox 271 1338 334 1373; x_wconf 82' lang='grc' dir='ltr'>περὶ</span> <span class='ocrx_word' id='word_1_204' title='bbox 347 1337 396 1364; x_wconf 83' lang='grc' dir='ltr'>τοῦ</span> <span class='ocrx_word' id='word_1_205' title='bbox 408 1338 608 1373; x_wconf 81' lang='grc' dir='ltr'>προστακτικοῦ</span> <span class='ocrx_word' id='word_1_206' title='bbox 618 1339 702 1372; x_wconf 82' lang='grc' dir='ltr'>Λόγου</span> <span class='ocrx_word' id='word_1_207' title='bbox 716 1339 784 1374; x_wconf 70' lang='grc' dir='ltr'>ῥητὰ</span> <span class='ocrx_word' id='word_1_208' title='bbox 801 1339 969 1375; x_wconf 77' lang='grc' dir='ltr'>Μάρκελλος,</span> 
     </span>
    </p>
   </div>
   <div class='ocr_carea' id='block_1_29' title="bbox 184 1381 971 1419">
    <p class='ocr_par' dir='ltr' id='par_1_29' title="bbox 184 1381 971 1419">
     <span class='ocr_line' id='line_1_29' title="bbox 184 1381 971 1419; baseline 0 -10"><span class='ocrx_word' id='word_1_209' title='bbox 184 1383 303 1410; x_wconf 82' lang='grc' dir='ltr'>τοιοῦτόν</span> <span class='ocrx_word' id='word_1_210' title='bbox 315 1391 374 1410; x_wconf 80' lang='grc' dir='ltr'>τινα</span> <span class='ocrx_word' id='word_1_211' title='bbox 387 1381 455 1409; x_wconf 79' lang='grc' dir='ltr'>εἷναί</span> <span class='ocrx_word' id='word_1_212' title='bbox 470 1392 534 1419; x_wconf 73' lang='grc' dir='ltr'>φησι</span> <span class='ocrx_word' id='word_1_213' title='bbox 547 1383 592 1410; x_wconf 70' lang='grc' dir='ltr'>καὶ</span> <span class='ocrx_word' id='word_1_214' title='bbox 605 1383 649 1409; x_wconf 78' lang='grc' dir='ltr'>τὸν</span> <span class='ocrx_word' id='word_1_215' title='bbox 658 1385 685 1409; x_wconf 78' lang='grc' dir='ltr'><strong>ἐν</strong></span> <span class='ocrx_word' id='word_1_216' title='bbox 698 1385 767 1419; x_wconf 82' lang='grc' dir='ltr'><strong>ἀρχῇ</strong></span> <span class='ocrx_word' id='word_1_217' title='bbox 780 1383 847 1418; x_wconf 78' lang='grc' dir='ltr'>πρὸς</span> <span class='ocrx_word' id='word_1_218' title='bbox 854 1383 898 1409; x_wconf 67' lang='grc' dir='ltr'><strong>τὸν</strong></span> <span class='ocrx_word' id='word_1_219' title='bbox 906 1383 971 1409; x_wconf 79' lang='grc' dir='ltr'><strong>Θεὸν</strong></span> 
     </span>
    </p>
   </div>
   <div class='ocr_carea' id='block_1_30' title="bbox 185 1429 972 1464">
    <p class='ocr_par' dir='ltr' id='par_1_30' title="bbox 185 1429 972 1464">
     <span class='ocr_line' id='line_1_30' title="bbox 185 1429 972 1464; baseline 0 -9"><span class='ocrx_word' id='word_1_220' title='bbox 185 1429 251 1455; x_wconf 81' lang='grc' dir='ltr'><strong>Θεὸν</strong></span> <span class='ocrx_word' id='word_1_221' title='bbox 268 1429 363 1463; x_wconf 89' lang='grc' dir='ltr'>Λόγον.</span> <span class='ocrx_word' id='word_1_222' title='bbox 380 1429 424 1455; x_wconf 75' lang='grc' dir='ltr'><strong>Διὸ</strong></span> <span class='ocrx_word' id='word_1_223' title='bbox 441 1429 535 1463; x_wconf 74' lang='grc' dir='ltr'>ἐπάγει</span> <span class='ocrx_word' id='word_1_224' title='bbox 562 1429 689 1463; x_wconf 74' lang='grc' dir='ltr'>φάσκων·</span> <span class='ocrx_word' id='word_1_225' title='bbox 708 1441 716 1454; x_wconf 83' lang='lat' dir='ltr'><strong>i</strong></span> <span class='ocrx_word' id='word_1_226' title='bbox 739 1430 768 1455; x_wconf 91' lang='grc' dir='ltr'><strong>Ὀ</strong></span> <span class='ocrx_word' id='word_1_227' title='bbox 786 1429 807 1455; x_wconf 78' lang='grc' dir='ltr'>δ’</span> <span class='ocrx_word' id='word_1_228' title='bbox 825 1429 894 1464; x_wconf 74' lang='grc' dir='ltr'>ἱερὸς</span> <span class='ocrx_word' id='word_1_229' title='bbox 906 1429 972 1455; x_wconf 78' lang='grc' dir='ltr'>ἁπό-</span> 
     </span>
    </p>
   </div>
   <div class='ocr_carea' id='block_1_31' title="bbox 190 1474 971 1510">
    <p class='ocr_par' dir='ltr' id='par_1_31' title="bbox 190 1474 971 1510">
     <span class='ocr_line' id='line_1_31' title="bbox 190 1474 971 1510; baseline -0.001 -10"><span class='ocrx_word' id='word_1_230' title='bbox 190 1485 199 1500; x_wconf 88' lang='lat'><strong>1</strong></span> <span class='ocrx_word' id='word_1_231' title='bbox 222 1474 312 1506; x_wconf 88' lang='grc' dir='ltr'>στολός</span> <span class='ocrx_word' id='word_1_232' title='bbox 327 1483 356 1500; x_wconf 86' lang='grc' dir='ltr'><strong>τε</strong></span> <span class='ocrx_word' id='word_1_233' title='bbox 373 1475 419 1501; x_wconf 78' lang='grc' dir='ltr'>καὶ</span> <span class='ocrx_word' id='word_1_234' title='bbox 436 1474 558 1510; x_wconf 77' lang='grc' dir='ltr'>μαθητὴς</span> <span class='ocrx_word' id='word_1_235' title='bbox 574 1475 620 1500; x_wconf 77' lang='grc' dir='ltr'>τοῦ</span> <span class='ocrx_word' id='word_1_236' title='bbox 637 1474 738 1510; x_wconf 76' lang='grc' dir='ltr'>Κυρίου</span> <span class='ocrx_word' id='word_1_237' title='bbox 758 1474 883 1509; x_wconf 80' lang='grc' dir='ltr'><strong>Ἰωάννης</strong></span> <span class='ocrx_word' id='word_1_238' title='bbox 895 1493 902 1505; x_wconf 89' lang='grc'><strong>,</strong></span> <span class='ocrx_word' id='word_1_239' title='bbox 925 1482 971 1499; x_wconf 83' lang='grc' dir='ltr'><strong>σα-</strong></span> 
     </span>
    </p>
   </div>
   <div class='ocr_carea' id='block_1_32' title="bbox 191 1519 972 1556">
    <p class='ocr_par' dir='ltr' id='par_1_32' title="bbox 191 1519 972 1556">
     <span class='ocr_line' id='line_1_32' title="bbox 191 1519 972 1556; baseline 0 -11"><span class='ocrx_word' id='word_1_240' title='bbox 191 1530 200 1545; x_wconf 88' lang='lat'><strong>1</strong></span> <span class='ocrx_word' id='word_1_241' title='bbox 220 1520 277 1555; x_wconf 85' lang='grc' dir='ltr'><strong>φῶς</strong></span> <span class='ocrx_word' id='word_1_242' title='bbox 292 1521 338 1546; x_wconf 79' lang='grc' dir='ltr'>καὶ</span> <span class='ocrx_word' id='word_1_243' title='bbox 350 1520 496 1556; x_wconf 75' lang='grc' dir='ltr'>διαρρήδην</span> <span class='ocrx_word' id='word_1_244' title='bbox 513 1521 540 1546; x_wconf 80' lang='grc' dir='ltr'>ἐν</span> <span class='ocrx_word' id='word_1_245' title='bbox 554 1521 624 1555; x_wconf 80' lang='grc' dir='ltr'><strong>ἀρχῇ</strong></span> <span class='ocrx_word' id='word_1_246' title='bbox 646 1520 691 1546; x_wconf 84' lang='grc' dir='ltr'>τοῦ</span> <span class='ocrx_word' id='word_1_247' title='bbox 714 1520 879 1554; x_wconf 83' lang='grc' dir='ltr'>Εὐαγγελίου</span> <span class='ocrx_word' id='word_1_248' title='bbox 905 1519 972 1545; x_wconf 83' lang='grc' dir='ltr'>διδά-</span> 
     </span>
    </p>
   </div>
   <div class='ocr_carea' id='block_1_33' title="bbox 191 1565 971 1601">
    <p class='ocr_par' dir='ltr' id='par_1_33' title="bbox 191 1565 971 1601">
     <span class='ocr_line' id='line_1_33' title="bbox 191 1565 971 1601; baseline -0.004 -8"><span class='ocrx_word' id='word_1_249' title='bbox 191 1576 200 1592; x_wconf 87' lang='lat'><strong>1</strong></span> <span class='ocrx_word' id='word_1_250' title='bbox 219 1575 300 1599; x_wconf 82' lang='grc' dir='ltr'>σκων,</span> <span class='ocrx_word' id='word_1_251' title='bbox 330 1566 366 1598; x_wconf 85' lang='grc' dir='ltr'>ὡς</span> <span class='ocrx_word' id='word_1_252' title='bbox 394 1566 573 1601; x_wconf 67' lang='grc' dir='ltr'>ἀγνοούμενον</span> <span class='ocrx_word' id='word_1_253' title='bbox 601 1567 628 1592; x_wconf 79' lang='grc' dir='ltr'><strong>ὲν</strong></span> <span class='ocrx_word' id='word_1_254' title='bbox 659 1565 811 1601; x_wconf 81' lang='grc' dir='ltr'>ἀνθρώποις</span> <span class='ocrx_word' id='word_1_255' title='bbox 842 1565 971 1599; x_wconf 84' lang='grc' dir='ltr'>πρότερον</span> 
     </span>
    </p>
   </div>
   <div class='ocr_carea' id='block_1_34' title="bbox 190 1610 971 1647">
    <p class='ocr_par' dir='ltr' id='par_1_34' title="bbox 190 1610 971 1647">
     <span class='ocr_line' id='line_1_34' title="bbox 190 1610 971 1647; baseline -0.004 -8"><span class='ocrx_word' id='word_1_256' title='bbox 190 1623 199 1638; x_wconf 94' lang='lat'><strong>1</strong></span> <span class='ocrx_word' id='word_1_257' title='bbox 221 1613 306 1647; x_wconf 83' lang='grc' dir='ltr'>Λόγον</span> <span class='ocrx_word' id='word_1_258' title='bbox 321 1613 400 1639; x_wconf 75' lang='grc' dir='ltr'>αὑτὸν</span> <span class='ocrx_word' id='word_1_259' title='bbox 415 1612 461 1638; x_wconf 81' lang='grc' dir='ltr'>τοῦ</span> <span class='ocrx_word' id='word_1_260' title='bbox 478 1612 696 1646; x_wconf 77' lang='grc' dir='ltr'>παντοκράτορος</span> <span class='ocrx_word' id='word_1_261' title='bbox 716 1610 865 1646; x_wconf 78' lang='grc' dir='ltr'><strong>ὀνομάζων,</strong></span> <span class='ocrx_word' id='word_1_262' title='bbox 886 1610 971 1641; x_wconf 72' lang='grc' dir='ltr'>οὕτως</span> 
     </span>
    </p>
   </div>
   <div class='ocr_carea' id='block_1_35' title="bbox 187 1654 973 1694">
    <p class='ocr_par' dir='ltr' id='par_1_35' title="bbox 187 1654 973 1694">
     <span class='ocr_line' id='line_1_35' title="bbox 187 1654 973 1694; baseline -0.003 -10"><span class='ocrx_word' id='word_1_263' title='bbox 187 1659 284 1694; x_wconf 52' lang='grc' dir='ltr'>«λέφη-</span> <span class='ocrx_word' id='word_1_264' title='bbox 309 1659 357 1685; x_wconf 78' lang='grc' dir='ltr'>Ἐν</span> <span class='ocrx_word' id='word_1_265' title='bbox 385 1658 464 1693; x_wconf 74' lang='grc' dir='ltr'>ἀρχῇ</span> <span class='ocrx_word' id='word_1_266' title='bbox 487 1657 527 1693; x_wconf 83' lang='grc' dir='ltr'>ἦν</span> <span class='ocrx_word' id='word_1_267' title='bbox 546 1660 562 1685; x_wconf 85' lang='grc' dir='ltr'><strong>ό</strong></span> <span class='ocrx_word' id='word_1_268' title='bbox 581 1658 684 1692; x_wconf 78' lang='grc' dir='ltr'>Λόγος,</span> <span class='ocrx_word' id='word_1_269' title='bbox 711 1657 759 1683; x_wconf 79' lang='grc' dir='ltr'><strong>καὶ</strong></span> <span class='ocrx_word' id='word_1_270' title='bbox 786 1658 801 1683; x_wconf 82' lang='grc' dir='ltr'><em>ὁ</em></span> <span class='ocrx_word' id='word_1_271' title='bbox 828 1657 921 1691; x_wconf 75' lang='grc' dir='ltr'>Λόγος</span> <span class='ocrx_word' id='word_1_272' title='bbox 934 1654 973 1691; x_wconf 80' lang='grc' dir='ltr'>ἦν</span> 
     </span>
    </p>
   </div>
   <div class='ocr_carea' id='block_1_36' title="bbox 1028 328 1806 364">
    <p class='ocr_par' dir='ltr' id='par_1_36' title="bbox 1028 328 1806 364">
     <span class='ocr_line' id='line_1_36' title="bbox 1028 328 1806 364; baseline -0.001 -7"><span class='ocrx_word' id='word_1_273' title='bbox 1028 340 1037 356; x_wconf 90' lang='lat'><strong>1</strong></span> <span class='ocrx_word' id='word_1_274' title='bbox 1052 336 1162 357; x_wconf 83' lang='lat' dir='ltr'><strong>carnem</strong></span> <span class='ocrx_word' id='word_1_275' title='bbox 1177 329 1338 364; x_wconf 86' lang='lat' dir='ltr'><strong>disquisitio,</strong></span> <span class='ocrx_word' id='word_1_276' title='bbox 1347 330 1379 358; x_wconf 87' lang='lat' dir='ltr'><strong>de</strong></span> <span class='ocrx_word' id='word_1_277' title='bbox 1388 331 1530 358; x_wconf 78' lang='lat' dir='ltr'><strong>Servatore</strong></span> <span class='ocrx_word' id='word_1_278' title='bbox 1541 328 1692 363; x_wconf 81' lang='lat' dir='ltr'><strong>adjiciatur,</strong></span> <span class='ocrx_word' id='word_1_279' title='bbox 1706 336 1806 363; x_wconf 57' lang='grc' dir='ltr'>θρονοί</span> 
     </span>
    </p>
   </div>
   <div class='ocr_carea' id='block_1_37' title="bbox 1026 375 1803 407">
    <p class='ocr_par' dir='ltr' id='par_1_37' title="bbox 1026 375 1803 407">
     <span class='ocr_line' id='line_1_37' title="bbox 1026 375 1803 407; baseline 0 -5"><span class='ocrx_word' id='word_1_280' title='bbox 1026 377 1121 404; x_wconf 78' lang='lat' dir='ltr'><strong>itione</strong></span> <span class='ocrx_word' id='word_1_281' title='bbox 1130 376 1255 403; x_wconf 78' lang='lat' dir='ltr'><strong>divinitas</strong></span> <span class='ocrx_word' id='word_1_282' title='bbox 1278 376 1334 403; x_wconf 85' lang='lat' dir='ltr'><strong>sola</strong></span> <span class='ocrx_word' id='word_1_283' title='bbox 1356 375 1492 403; x_wconf 79' lang='lat' dir='ltr'><strong>videbitur</strong></span> <span class='ocrx_word' id='word_1_284' title='bbox 1510 375 1627 407; x_wconf 81' lang='lat' dir='ltr'><strong>dilatari,</strong></span> <span class='ocrx_word' id='word_1_285' title='bbox 1653 379 1683 401; x_wconf 93' lang='lat' dir='ltr'><strong>ut</strong></span> <span class='ocrx_word' id='word_1_286' title='bbox 1703 375 1803 402; x_wconf 88' lang='lat' dir='ltr'><strong>merito</strong></span> 
     </span>
    </p>
   </div>
   <div class='ocr_carea' id='block_1_38' title="bbox 1025 419 1802 456">
    <p class='ocr_par' dir='ltr' id='par_1_38' title="bbox 1025 419 1802 456">
     <span class='ocr_line' id='line_1_38' title="bbox 1025 419 1802 456; baseline -0.003 -8"><span class='ocrx_word' id='word_1_287' title='bbox 1025 432 1034 447; x_wconf 83' lang='lat'><strong>1</strong></span> <span class='ocrx_word' id='word_1_288' title='bbox 1047 422 1153 456; x_wconf 84' lang='lat' dir='ltr'><strong>quidem</strong></span> <span class='ocrx_word' id='word_1_289' title='bbox 1166 422 1254 448; x_wconf 86' lang='lat' dir='ltr'><strong>unitas</strong></span> <span class='ocrx_word' id='word_1_290' title='bbox 1267 419 1702 448; x_wconf 79' lang='lat' dir='ltr'><strong>sitindivisibilis.iVelienientius</strong></span> <span class='ocrx_word' id='word_1_291' title='bbox 1714 419 1802 446; x_wconf 86' lang='lat' dir='ltr'><strong>adhuc</strong></span> 
     </span>
    </p>
   </div>
   <div class='ocr_carea' id='block_1_39' title="bbox 1024 465 1801 501">
    <p class='ocr_par' dir='ltr' id='par_1_39' title="bbox 1024 465 1801 501">
     <span class='ocr_line' id='line_1_39' title="bbox 1024 465 1801 501; baseline -0.005 -6"><span class='ocrx_word' id='word_1_292' title='bbox 1024 469 1073 496; x_wconf 91' lang='lat' dir='ltr'><strong>lioc</strong></span> <span class='ocrx_word' id='word_1_293' title='bbox 1091 468 1159 495; x_wconf 90' lang='lat' dir='ltr'><strong>idem</strong></span> <span class='ocrx_word' id='word_1_294' title='bbox 1175 473 1287 495; x_wconf 85' lang='lat' dir='ltr'><strong>conatur</strong></span> <span class='ocrx_word' id='word_1_295' title='bbox 1300 472 1421 495; x_wconf 81' lang='lat' dir='ltr'><strong>astruere</strong></span> <span class='ocrx_word' id='word_1_296' title='bbox 1451 467 1476 494; x_wconf 90' lang='lat' dir='ltr'><strong>in</strong></span> <span class='ocrx_word' id='word_1_297' title='bbox 1493 467 1526 492; x_wconf 88' lang='lat' dir='ltr'><strong>iis</strong></span> <span class='ocrx_word' id='word_1_298' title='bbox 1544 473 1605 501; x_wconf 71' lang='lat' dir='ltr'><strong>quae</strong></span> <span class='ocrx_word' id='word_1_299' title='bbox 1625 465 1751 499; x_wconf 85' lang='lat' dir='ltr'><strong>deinceps</strong></span> <span class='ocrx_word' id='word_1_300' title='bbox 1764 465 1801 492; x_wconf 87' lang='lat' dir='ltr'><strong>ita</strong></span> 
     </span>
    </p>
   </div>
   <div class='ocr_carea' id='block_1_40' title="bbox 1022 511 1800 549">
    <p class='ocr_par' dir='ltr' id='par_1_40' title="bbox 1022 511 1800 549">
     <span class='ocr_line' id='line_1_40' title="bbox 1022 511 1800 549; baseline -0.005 -9"><span class='ocrx_word' id='word_1_301' title='bbox 1022 514 1117 541; x_wconf 88' lang='lat' dir='ltr'><strong>scribit</strong></span> <span class='ocrx_word' id='word_1_302' title='bbox 1130 523 1136 540; x_wconf 90' lang='lat'>:</span> <span class='ocrx_word' id='word_1_303' title='bbox 1151 513 1160 549; x_wconf 95' lang='lat'>[</span> <span class='ocrx_word' id='word_1_304' title='bbox 1175 513 1207 540; x_wconf 74' lang='grc' dir='ltr'><strong>Β.</strong></span> <span class='ocrx_word' id='word_1_305' title='bbox 1224 513 1319 545; x_wconf 77' lang='lat' dir='ltr'><strong>XXXI,</strong></span> <span class='ocrx_word' id='word_1_306' title='bbox 1330 513 1391 540; x_wconf 84' lang='lat' dir='ltr'><strong>coll.</strong></span> <span class='ocrx_word' id='word_1_307' title='bbox 1406 520 1432 547; x_wconf 90' lang='lat' dir='ltr'><strong>p.</strong></span> <span class='ocrx_word' id='word_1_308' title='bbox 1450 512 1512 544; x_wconf 69' lang='lat'><strong>“2,</strong></span> <span class='ocrx_word' id='word_1_309' title='bbox 1532 512 1553 538; x_wconf 87' lang='lat' dir='ltr'><strong>A</strong></span> <span class='ocrx_word' id='word_1_310' title='bbox 1566 511 1575 547; x_wconf 61' lang='grc' dir='ltr'>Ἰ</span> <span class='ocrx_word' id='word_1_311' title='bbox 1588 511 1677 538; x_wconf 82' lang='lat' dir='ltr'><strong>Dicere</strong></span> <span class='ocrx_word' id='word_1_312' title='bbox 1691 511 1800 541; x_wconf 81' lang='lat' dir='ltr'><strong>idcirco,</strong></span> 
     </span>
    </p>
   </div>
   <div class='ocr_carea' id='block_1_41' title="bbox 1022 558 1803 593">
    <p class='ocr_par' dir='ltr' id='par_1_41' title="bbox 1022 558 1803 593">
     <span class='ocr_line' id='line_1_41' title="bbox 1022 558 1803 593; baseline -0.003 -8"><span class='ocrx_word' id='word_1_313' title='bbox 1022 560 1096 585; x_wconf 82' lang='lat' dir='ltr'><strong>illum</strong></span> <span class='ocrx_word' id='word_1_314' title='bbox 1108 565 1168 585; x_wconf 84' lang='lat' dir='ltr'><strong>ante</strong></span> <span class='ocrx_word' id='word_1_315' title='bbox 1176 559 1274 585; x_wconf 65' lang='lat' dir='ltr'><strong>sarcula</strong></span> <span class='ocrx_word' id='word_1_316' title='bbox 1285 563 1436 593; x_wconf 84' lang='lat' dir='ltr'><strong>generatum</strong></span> <span class='ocrx_word' id='word_1_317' title='bbox 1452 559 1543 592; x_wconf 81' lang='lat' dir='ltr'><strong>fuisse,</strong></span> <span class='ocrx_word' id='word_1_318' title='bbox 1557 558 1658 584; x_wconf 77' lang='lat' dir='ltr'><strong>videtur</strong></span> <span class='ocrx_word' id='word_1_319' title='bbox 1671 558 1703 584; x_wconf 86' lang='lat' dir='ltr'><strong>de</strong></span> <span class='ocrx_word' id='word_1_320' title='bbox 1715 566 1803 585; x_wconf 84' lang='lat' dir='ltr'><strong>neces-</strong></span> 
     </span>
    </p>
   </div>
   <div class='ocr_carea' id='block_1_42' title="bbox 1022 603 1802 639">
    <p class='ocr_par' dir='ltr' id='par_1_42' title="bbox 1022 603 1802 639">
     <span class='ocr_line' id='line_1_42' title="bbox 1022 603 1802 639; baseline -0.005 -7"><span class='ocrx_word' id='word_1_321' title='bbox 1022 605 1092 632; x_wconf 79' lang='lat' dir='ltr'><strong>saria</strong></span> <span class='ocrx_word' id='word_1_322' title='bbox 1114 605 1166 631; x_wconf 80' lang='lat' dir='ltr'><strong>dici</strong></span> <span class='ocrx_word' id='word_1_323' title='bbox 1192 605 1385 639; x_wconf 76' lang='lat' dir='ltr'><strong>consequentia.</strong></span> <span class='ocrx_word' id='word_1_324' title='bbox 1402 603 1470 630; x_wconf 85' lang='lat' dir='ltr'><strong>Nam</strong></span> <span class='ocrx_word' id='word_1_325' title='bbox 1494 605 1563 638; x_wconf 81' lang='lat' dir='ltr'><strong>quod</strong></span> <span class='ocrx_word' id='word_1_326' title='bbox 1585 603 1710 637; x_wconf 84' lang='lat' dir='ltr'><strong>procedit,</strong></span> <span class='ocrx_word' id='word_1_327' title='bbox 1730 604 1802 638; x_wconf 83' lang='lat' dir='ltr'><strong>geni-</strong></span> 
     </span>
    </p>
   </div>
   <div class='ocr_carea' id='block_1_43' title="bbox 1022 649 1801 685">
    <p class='ocr_par' dir='ltr' id='par_1_43' title="bbox 1022 649 1801 685">
     <span class='ocr_line' id='line_1_43' title="bbox 1022 649 1801 685; baseline -0.004 -9"><span class='ocrx_word' id='word_1_328' title='bbox 1022 655 1077 677; x_wconf 90' lang='lat' dir='ltr'><strong>tum</strong></span> <span class='ocrx_word' id='word_1_329' title='bbox 1096 655 1143 682; x_wconf 81' lang='lat' dir='ltr'><strong>est,</strong></span> <span class='ocrx_word' id='word_1_330' title='bbox 1165 650 1248 683; x_wconf 78' lang='lat' dir='ltr'><strong>patris</strong></span> <span class='ocrx_word' id='word_1_331' title='bbox 1273 658 1288 675; x_wconf 80' lang='grc' dir='ltr'><strong>ο</strong></span> <span class='ocrx_word' id='word_1_332' title='bbox 1309 658 1360 684; x_wconf 88' lang='lat' dir='ltr'><strong>quo</strong></span> <span class='ocrx_word' id='word_1_333' title='bbox 1386 649 1449 677; x_wconf 68' lang='lat' dir='ltr'><strong>exit.</strong></span> <span class='ocrx_word' id='word_1_334' title='bbox 1480 649 1643 675; x_wconf 77' lang='lat' dir='ltr'><strong>Alterutrum</strong></span> <span class='ocrx_word' id='word_1_335' title='bbox 1666 656 1717 674; x_wconf 83' lang='lat' dir='ltr'><strong>non</strong></span> <span class='ocrx_word' id='word_1_336' title='bbox 1736 656 1801 685; x_wconf 77' lang='lat' dir='ltr'><strong>sano</strong></span> 
     </span>
    </p>
   </div>
   <div class='ocr_carea' id='block_1_44' title="bbox 1022 693 1800 729">
    <p class='ocr_par' dir='ltr' id='par_1_44' title="bbox 1022 693 1800 729">
     <span class='ocr_line' id='line_1_44' title="bbox 1022 693 1800 729; baseline -0.003 -8"><span class='ocrx_word' id='word_1_337' title='bbox 1022 696 1109 728; x_wconf 86' lang='lat' dir='ltr'><strong>modo,</strong></span> <span class='ocrx_word' id='word_1_338' title='bbox 1140 703 1186 721; x_wconf 74' lang='lat' dir='ltr'><strong>nec</strong></span> <span class='ocrx_word' id='word_1_339' title='bbox 1210 696 1350 729; x_wconf 84' lang='lat' dir='ltr'><strong>conjuncta</strong></span> <span class='ocrx_word' id='word_1_340' title='bbox 1373 703 1431 721; x_wconf 86' lang='lat' dir='ltr'><strong>cum</strong></span> <span class='ocrx_word' id='word_1_341' title='bbox 1451 695 1544 729; x_wconf 81' lang='lat' dir='ltr'><strong>pietate</strong></span> <span class='ocrx_word' id='word_1_342' title='bbox 1558 694 1655 720; x_wconf 82' lang='lat' dir='ltr'><strong>abillo</strong></span> <span class='ocrx_word' id='word_1_343' title='bbox 1679 693 1800 720; x_wconf 78' lang='lat' dir='ltr'><strong>sumitur.</strong></span> 
     </span>
    </p>
   </div>
   <div class='ocr_carea' id='block_1_45' title="bbox 1024 731 1802 777">
    <p class='ocr_par' dir='ltr' id='par_1_45' title="bbox 1024 731 1802 777">
     <span class='ocr_line' id='line_1_45' title="bbox 1024 731 1802 777; baseline -0.001 -11"><span class='ocrx_word' id='word_1_344' title='bbox 1024 739 1085 766; x_wconf 84' lang='lat' dir='ltr'><strong>Non</strong></span> <span class='ocrx_word' id='word_1_345' title='bbox 1098 740 1165 766; x_wconf 86' lang='lat' dir='ltr'><strong>enim</strong></span> <span class='ocrx_word' id='word_1_346' title='bbox 1178 740 1282 766; x_wconf 84' lang='lat' dir='ltr'><strong>verbum</strong></span> <span class='ocrx_word' id='word_1_347' title='bbox 1299 749 1353 777; x_wconf 67' lang='lat' dir='ltr'><strong>esse</strong></span> <span class='ocrx_word' id='word_1_348' title='bbox 1362 731 1446 771; x_wconf 75' lang='lat' dir='ltr'><strong>illud,</strong></span> <span class='ocrx_word' id='word_1_349' title='bbox 1457 740 1553 772; x_wconf 80' lang='lat' dir='ltr'><strong>dicere,</strong></span> <span class='ocrx_word' id='word_1_350' title='bbox 1569 741 1637 774; x_wconf 84' lang='lat' dir='ltr'><strong>quod</strong></span> <span class='ocrx_word' id='word_1_351' title='bbox 1652 740 1682 765; x_wconf 74' lang='lat' dir='ltr'><strong>‘ab</strong></span> <span class='ocrx_word' id='word_1_352' title='bbox 1696 747 1725 766; x_wconf 86' lang='lat' dir='ltr'><strong>ea</strong></span> <span class='ocrx_word' id='word_1_353' title='bbox 1741 747 1802 774; x_wconf 90' lang='lat' dir='ltr'><strong>pro-</strong></span> 
     </span>
    </p>
   </div>
   <div class='ocr_carea' id='block_1_46' title="bbox 1023 784 1802 820">
    <p class='ocr_par' dir='ltr' id='par_1_46' title="bbox 1023 784 1802 820">
     <span class='ocr_line' id='line_1_46' title="bbox 1023 784 1802 820; baseline 0 -10"><span class='ocrx_word' id='word_1_354' title='bbox 1023 785 1107 811; x_wconf 87' lang='lat' dir='ltr'><strong>cedit:</strong></span> <span class='ocrx_word' id='word_1_355' title='bbox 1123 789 1145 810; x_wconf 90' lang='lat' dir='ltr'><strong>et</strong></span> <span class='ocrx_word' id='word_1_356' title='bbox 1158 785 1226 811; x_wconf 82' lang='lat' dir='ltr'><strong>hunc</strong></span> <span class='ocrx_word' id='word_1_357' title='bbox 1243 793 1297 812; x_wconf 80' lang='lat' dir='ltr'><strong>esse</strong></span> <span class='ocrx_word' id='word_1_358' title='bbox 1310 785 1482 820; x_wconf 75' lang='lat' dir='ltr'><strong>generationis</strong></span> <span class='ocrx_word' id='word_1_359' title='bbox 1503 793 1590 811; x_wconf 81' lang='lat' dir='ltr'><strong>verum</strong></span> <span class='ocrx_word' id='word_1_360' title='bbox 1617 786 1722 811; x_wconf 84' lang='lat' dir='ltr'><strong>modum</strong></span> <span class='ocrx_word' id='word_1_361' title='bbox 1733 793 1742 811; x_wconf 95' lang='lat'><em>:</em></span> <span class='ocrx_word' id='word_1_362' title='bbox 1758 784 1802 811; x_wconf 79' lang='lat' dir='ltr'><strong>sed</strong></span> 
     </span>
    </p>
   </div>
   <div class='ocr_carea' id='block_1_47' title="bbox 1022 829 1801 864">
    <p class='ocr_par' dir='ltr' id='par_1_47' title="bbox 1022 829 1801 864">
     <span class='ocr_line' id='line_1_47' title="bbox 1022 829 1801 864; baseline -0.003 -7"><span class='ocrx_word' id='word_1_363' title='bbox 1022 830 1175 864; x_wconf 73' lang='lat' dir='ltr'><strong>simpliciter</strong></span> <span class='ocrx_word' id='word_1_364' title='bbox 1188 829 1289 856; x_wconf 79' lang='lat' dir='ltr'><strong>Filium</strong></span> <span class='ocrx_word' id='word_1_365' title='bbox 1302 830 1399 861; x_wconf 75' lang='lat' dir='ltr'><strong>solum,</strong></span> <span class='ocrx_word' id='word_1_366' title='bbox 1418 829 1482 856; x_wconf 84' lang='lat' dir='ltr'><strong>solet</strong></span> <span class='ocrx_word' id='word_1_367' title='bbox 1499 830 1603 864; x_wconf 84' lang='lat' dir='ltr'><strong>quidem</strong></span> <span class='ocrx_word' id='word_1_368' title='bbox 1627 830 1660 856; x_wconf 83' lang='lat' dir='ltr'><strong>iis</strong></span> <span class='ocrx_word' id='word_1_369' title='bbox 1675 830 1718 864; x_wconf 86' lang='lat' dir='ltr'><strong>qui</strong></span> <span class='ocrx_word' id='word_1_370' title='bbox 1736 829 1801 856; x_wconf 77' lang='lat' dir='ltr'><strong>illud</strong></span> 
     </span>
    </p>
   </div>
   <div class='ocr_carea' id='block_1_48' title="bbox 1023 876 1802 909">
    <p class='ocr_par' dir='ltr' id='par_1_48' title="bbox 1023 876 1802 909">
     <span class='ocr_line' id='line_1_48' title="bbox 1023 876 1802 909; baseline -0.003 -6"><span class='ocrx_word' id='word_1_371' title='bbox 1023 877 1133 903; x_wconf 76' lang='lat' dir='ltr'><strong>audiunt</strong></span> <span class='ocrx_word' id='word_1_372' title='bbox 1148 876 1283 909; x_wconf 79' lang='lat' dir='ltr'><strong>emphasin</strong></span> <span class='ocrx_word' id='word_1_373' title='bbox 1298 877 1439 907; x_wconf 86' lang='lat' dir='ltr'><strong>quamdam</strong></span> <span class='ocrx_word' id='word_1_374' title='bbox 1453 882 1475 902; x_wconf 88' lang='lat' dir='ltr'><strong>et</strong></span> <span class='ocrx_word' id='word_1_375' title='bbox 1489 877 1670 909; x_wconf 68' lang='lat' dir='ltr'><strong>apparentia»:</strong></span> <span class='ocrx_word' id='word_1_376' title='bbox 1683 876 1802 902; x_wconf 68' lang='lat' dir='ltr'><strong>exhibere</strong></span> 
     </span>
    </p>
   </div>
   <div class='ocr_carea' id='block_1_49' title="bbox 1022 921 1803 957">
    <p class='ocr_par' dir='ltr' id='par_1_49' title="bbox 1022 921 1803 957">
     <span class='ocr_line' id='line_1_49' title="bbox 1022 921 1803 957; baseline -0.001 -9"><span class='ocrx_word' id='word_1_377' title='bbox 1022 923 1144 949; x_wconf 72' lang='lat' dir='ltr'><strong>humana:</strong></span> <span class='ocrx_word' id='word_1_378' title='bbox 1161 922 1280 948; x_wconf 72' lang='lat' dir='ltr'><strong>uisionis.</strong></span> <span class='ocrx_word' id='word_1_379' title='bbox 1302 921 1329 948; x_wconf 92' lang='lat' dir='ltr'><strong>In</strong></span> <span class='ocrx_word' id='word_1_380' title='bbox 1359 922 1428 954; x_wconf 84' lang='lat' dir='ltr'><strong>istis,</strong></span> <span class='ocrx_word' id='word_1_381' title='bbox 1451 922 1509 949; x_wconf 88' lang='lat' dir='ltr'><strong>sine</strong></span> <span class='ocrx_word' id='word_1_382' title='bbox 1524 922 1597 949; x_wconf 91' lang='lat' dir='ltr'><strong>omni</strong></span> <span class='ocrx_word' id='word_1_383' title='bbox 1621 922 1803 957; x_wconf 77' lang='lat' dir='ltr'><strong>integumento</strong></span> 
     </span>
    </p>
   </div>
   <div class='ocr_carea' id='block_1_50' title="bbox 1023 966 1804 1005">
    <p class='ocr_par' dir='ltr' id='par_1_50' title="bbox 1023 966 1804 1005">
     <span class='ocr_line' id='line_1_50' title="bbox 1023 966 1804 1005; baseline 0 -12"><span class='ocrx_word' id='word_1_384' title='bbox 1023 967 1129 1001; x_wconf 80' lang='lat' dir='ltr'><strong>negavit</strong></span> <span class='ocrx_word' id='word_1_385' title='bbox 1144 966 1240 1000; x_wconf 82' lang='lat' dir='ltr'><strong>lilium,</strong></span> <span class='ocrx_word' id='word_1_386' title='bbox 1255 967 1378 994; x_wconf 81' lang='lat' dir='ltr'><strong>eumdem</strong></span> <span class='ocrx_word' id='word_1_387' title='bbox 1393 975 1457 994; x_wconf 86' lang='lat' dir='ltr'><strong>vero</strong></span> <span class='ocrx_word' id='word_1_388' title='bbox 1474 971 1582 994; x_wconf 80' lang='lat' dir='ltr'><strong>constat</strong></span> <span class='ocrx_word' id='word_1_389' title='bbox 1596 966 1670 993; x_wconf 86' lang='lat' dir='ltr'><strong>illum</strong></span> <span class='ocrx_word' id='word_1_390' title='bbox 1683 967 1804 1005; x_wconf 71' lang='lat' dir='ltr'><strong>introdu-</strong></span> 
     </span>
    </p>
   </div>
   <div class='ocr_carea' id='block_1_51' title="bbox 1023 1012 1802 1044">
    <p class='ocr_par' dir='ltr' id='par_1_51' title="bbox 1023 1012 1802 1044">
     <span class='ocr_line' id='line_1_51' title="bbox 1023 1012 1802 1044; baseline 0.001 -6"><span class='ocrx_word' id='word_1_391' title='bbox 1023 1019 1084 1039; x_wconf 89' lang='lat' dir='ltr'><strong>cere</strong></span> <span class='ocrx_word' id='word_1_392' title='bbox 1103 1013 1202 1039; x_wconf 89' lang='lat' dir='ltr'><strong>nudum</strong></span> <span class='ocrx_word' id='word_1_393' title='bbox 1228 1017 1332 1039; x_wconf 82' lang='lat' dir='ltr'><strong>tantum</strong></span> <span class='ocrx_word' id='word_1_394' title='bbox 1358 1012 1484 1044; x_wconf 81' lang='lat' dir='ltr'><strong>Verbum,</strong></span> <span class='ocrx_word' id='word_1_395' title='bbox 1508 1012 1690 1040; x_wconf 78' lang='lat' dir='ltr'><strong>faciendarum</strong></span> <span class='ocrx_word' id='word_1_396' title='bbox 1713 1021 1802 1040; x_wconf 88' lang='lat' dir='ltr'><strong>rerum</strong></span> 
     </span>
    </p>
   </div>
   <div class='ocr_carea' id='block_1_52' title="bbox 1023 1058 1802 1094">
    <p class='ocr_par' dir='ltr' id='par_1_52' title="bbox 1023 1058 1802 1094">
     <span class='ocr_line' id='line_1_52' title="bbox 1023 1058 1802 1094; baseline 0.001 -10"><span class='ocrx_word' id='word_1_397' title='bbox 1023 1058 1219 1085; x_wconf 84' lang='lat' dir='ltr'><strong>mandatorium</strong></span> <span class='ocrx_word' id='word_1_398' title='bbox 1229 1067 1236 1085; x_wconf 87' lang='lat'><strong>:</strong></span> <span class='ocrx_word' id='word_1_399' title='bbox 1247 1059 1272 1085; x_wconf 89' lang='lat' dir='ltr'><strong>id</strong></span> <span class='ocrx_word' id='word_1_400' title='bbox 1286 1059 1356 1092; x_wconf 89' lang='lat' dir='ltr'><strong>quod</strong></span> <span class='ocrx_word' id='word_1_401' title='bbox 1371 1058 1455 1093; x_wconf 86' lang='lat' dir='ltr'><strong>liquet</strong></span> <span class='ocrx_word' id='word_1_402' title='bbox 1468 1067 1501 1085; x_wconf 84' lang='lat' dir='ltr'><strong>ex</strong></span> <span class='ocrx_word' id='word_1_403' title='bbox 1511 1059 1642 1094; x_wconf 89' lang='lat' dir='ltr'><strong>adjectis:</strong></span> <span class='ocrx_word' id='word_1_404' title='bbox 1654 1068 1662 1084; x_wconf 91' lang='lat'><strong>1</strong></span> <span class='ocrx_word' id='word_1_405' title='bbox 1675 1058 1759 1091; x_wconf 88' lang='lat' dir='ltr'><strong>Quem</strong></span> <span class='ocrx_word' id='word_1_406' title='bbox 1769 1059 1802 1085; x_wconf 77' lang='lat' dir='ltr'><strong>ad</strong></span> 
     </span>
    </p>
   </div>
   <div class='ocr_carea' id='block_1_53' title="bbox 1025 1103 1802 1139">
    <p class='ocr_par' dir='ltr' id='par_1_53' title="bbox 1025 1103 1802 1139">
     <span class='ocr_line' id='line_1_53' title="bbox 1025 1103 1802 1139; baseline 0.003 -10"><span class='ocrx_word' id='word_1_407' title='bbox 1025 1112 1034 1128; x_wconf 92' lang='lat'><strong>1</strong></span> <span class='ocrx_word' id='word_1_408' title='bbox 1048 1103 1117 1130; x_wconf 90' lang='lat' dir='ltr'><strong>hunc</strong></span> <span class='ocrx_word' id='word_1_409' title='bbox 1134 1104 1239 1131; x_wconf 91' lang='lat' dir='ltr'><strong>modum</strong></span> <span class='ocrx_word' id='word_1_410' title='bbox 1265 1106 1357 1131; x_wconf 77' lang='lat' dir='ltr'><strong>Omnes</strong></span> <span class='ocrx_word' id='word_1_411' title='bbox 1380 1104 1525 1138; x_wconf 63' lang='lat' dir='ltr'><strong>Scriptura:</strong></span> <span class='ocrx_word' id='word_1_412' title='bbox 1544 1105 1706 1139; x_wconf 68' lang='lat' dir='ltr'><strong>praedicant:</strong></span> <span class='ocrx_word' id='word_1_413' title='bbox 1719 1104 1802 1131; x_wconf 82' lang='lat' dir='ltr'><strong>David</strong></span> 
     </span>
    </p>
   </div>
   <div class='ocr_carea' id='block_1_54' title="bbox 1026 1149 1863 1185">
    <p class='ocr_par' dir='ltr' id='par_1_54' title="bbox 1026 1149 1863 1185">
     <span class='ocr_line' id='line_1_54' title="bbox 1026 1149 1863 1185; baseline 0 -10"><span class='ocrx_word' id='word_1_414' title='bbox 1026 1160 1034 1175; x_wconf 90' lang='lat'><strong>1</strong></span> <span class='ocrx_word' id='word_1_415' title='bbox 1045 1149 1176 1183; x_wconf 86' lang='lat' dir='ltr'><strong>siquidem</strong></span> <span class='ocrx_word' id='word_1_416' title='bbox 1197 1150 1229 1176; x_wconf 86' lang='lat' dir='ltr'><strong>de</strong></span> <span class='ocrx_word' id='word_1_417' title='bbox 1242 1150 1286 1177; x_wconf 93' lang='lat' dir='ltr'><strong>illo</strong></span> <span class='ocrx_word' id='word_1_418' title='bbox 1301 1150 1387 1185; x_wconf 82' lang='lat' dir='ltr'><strong>inquit</strong></span> <span class='ocrx_word' id='word_1_419' title='bbox 1399 1152 1433 1184; x_wconf 78' lang='grc'><strong>⁷³,</strong></span> <span class='ocrx_word' id='word_1_420' title='bbox 1460 1150 1540 1177; x_wconf 90' lang='lat' dir='ltr'><strong>Verbo</strong></span> <span class='ocrx_word' id='word_1_421' title='bbox 1557 1151 1676 1182; x_wconf 85' lang='lat' dir='ltr'><strong>Domini,</strong></span> <span class='ocrx_word' id='word_1_422' title='bbox 1692 1151 1804 1177; x_wconf 78' lang='lat' dir='ltr'><strong>stabiliti</strong></span> <span class='ocrx_word' id='word_1_423' title='bbox 1857 1164 1863 1175; x_wconf 76' lang='grc' dir='ltr'><strong><em>ο</em></strong></span> 
     </span>
    </p>
   </div>
   <div class='ocr_carea' id='block_1_55' title="bbox 1026 1196 1802 1231">
    <p class='ocr_par' dir='ltr' id='par_1_55' title="bbox 1026 1196 1802 1231">
     <span class='ocr_line' id='line_1_55' title="bbox 1026 1196 1802 1231; baseline -0.001 -9"><span class='ocrx_word' id='word_1_424' title='bbox 1026 1206 1034 1221; x_wconf 91' lang='lat'><strong>1</strong></span> <span class='ocrx_word' id='word_1_425' title='bbox 1046 1202 1107 1224; x_wconf 81' lang='lat' dir='ltr'><strong>sunt</strong></span> <span class='ocrx_word' id='word_1_426' title='bbox 1124 1197 1199 1224; x_wconf 79' lang='lat' dir='ltr'><strong>eteli:</strong></span> <span class='ocrx_word' id='word_1_427' title='bbox 1211 1202 1238 1224; x_wconf 86' lang='lat' dir='ltr'><strong>et</strong></span> <span class='ocrx_word' id='word_1_428' title='bbox 1257 1197 1384 1228; x_wconf 87' lang='lat' dir='ltr'><strong>secundo,</strong></span> <span class='ocrx_word' id='word_1_429' title='bbox 1400 1196 1460 1231; x_wconf 77' lang='lat' dir='ltr'><strong>Ipse</strong></span> <span class='ocrx_word' id='word_1_430' title='bbox 1474 1197 1569 1223; x_wconf 81' lang='lat' dir='ltr'><strong>emittet</strong></span> <span class='ocrx_word' id='word_1_431' title='bbox 1587 1197 1698 1227; x_wconf 82' lang='lat' dir='ltr'><strong>verbum,</strong></span> <span class='ocrx_word' id='word_1_432' title='bbox 1718 1201 1741 1223; x_wconf 87' lang='lat' dir='ltr'><strong>et</strong></span> <span class='ocrx_word' id='word_1_433' title='bbox 1758 1204 1802 1222; x_wconf 65' lang='lat' dir='ltr'><strong>sm</strong></span> 
     </span>
    </p>
   </div>
   <div class='ocr_carea' id='block_1_56' title="bbox 1026 1242 1802 1276">
    <p class='ocr_par' dir='ltr' id='par_1_56' title="bbox 1026 1242 1802 1276">
     <span class='ocr_line' id='line_1_56' title="bbox 1026 1242 1802 1276; baseline 0 -8"><span class='ocrx_word' id='word_1_434' title='bbox 1026 1252 1034 1267; x_wconf 74' lang='grc' dir='ltr'><strong>ι</strong></span> <span class='ocrx_word' id='word_1_435' title='bbox 1049 1243 1119 1269; x_wconf 83' lang='lat' dir='ltr'><strong>nubit</strong></span> <span class='ocrx_word' id='word_1_436' title='bbox 1138 1251 1181 1269; x_wconf 83' lang='lat' dir='ltr'><strong>eos</strong></span> <span class='ocrx_word' id='word_1_437' title='bbox 1193 1243 1225 1270; x_wconf 72' lang='lat'><strong>3°.</strong></span> <span class='ocrx_word' id='word_1_438' title='bbox 1239 1243 1366 1269; x_wconf 87' lang='lat' dir='ltr'><strong>Salomon</strong></span> <span class='ocrx_word' id='word_1_439' title='bbox 1384 1248 1492 1269; x_wconf 84' lang='lat' dir='ltr'><strong>autem:</strong></span> <span class='ocrx_word' id='word_1_440' title='bbox 1516 1242 1637 1274; x_wconf 73' lang='lat' dir='ltr'><strong>Quwrent</strong></span> <span class='ocrx_word' id='word_1_441' title='bbox 1657 1250 1696 1269; x_wconf 88' lang='lat' dir='ltr'><strong>me</strong></span> <span class='ocrx_word' id='word_1_442' title='bbox 1720 1242 1802 1276; x_wconf 80' lang='lat' dir='ltr'><strong>impii,</strong></span> 
     </span>
    </p>
   </div>
   <div class='ocr_carea' id='block_1_57' title="bbox 1026 1287 1804 1321">
    <p class='ocr_par' dir='ltr' id='par_1_57' title="bbox 1026 1287 1804 1321">
     <span class='ocr_line' id='line_1_57' title="bbox 1026 1287 1804 1321; baseline 0.001 -8"><span class='ocrx_word' id='word_1_443' title='bbox 1026 1298 1034 1313; x_wconf 92' lang='lat'><strong>1</strong></span> <span class='ocrx_word' id='word_1_444' title='bbox 1047 1296 1091 1314; x_wconf 84' lang='lat' dir='ltr'><strong>nec</strong></span> <span class='ocrx_word' id='word_1_445' title='bbox 1111 1289 1250 1315; x_wconf 84' lang='lat' dir='ltr'><strong>invenient.</strong></span> <span class='ocrx_word' id='word_1_446' title='bbox 1269 1288 1337 1314; x_wconf 83' lang='lat' dir='ltr'><strong>Odia</strong></span> <span class='ocrx_word' id='word_1_447' title='bbox 1348 1288 1442 1314; x_wconf 86' lang='lat' dir='ltr'><strong>etenim</strong></span> <span class='ocrx_word' id='word_1_448' title='bbox 1460 1288 1605 1314; x_wconf 81' lang='lat' dir='ltr'><strong>habuerunt</strong></span> <span class='ocrx_word' id='word_1_449' title='bbox 1628 1287 1804 1321; x_wconf 79' lang='lat' dir='ltr'><strong>sapientiam:</strong></span> 
     </span>
    </p>
   </div>
   <div class='ocr_carea' id='block_1_58' title="bbox 1028 1332 1802 1366">
    <p class='ocr_par' dir='ltr' id='par_1_58' title="bbox 1028 1332 1802 1366">
     <span class='ocr_line' id='line_1_58' title="bbox 1028 1332 1802 1366; baseline 0 -8"><span class='ocrx_word' id='word_1_450' title='bbox 1028 1343 1035 1358; x_wconf 91' lang='lat'><strong>1</strong></span> <span class='ocrx_word' id='word_1_451' title='bbox 1055 1332 1164 1360; x_wconf 84' lang='lat' dir='ltr'><strong>Verbum</strong></span> <span class='ocrx_word' id='word_1_452' title='bbox 1184 1341 1241 1360; x_wconf 81' lang='lat' dir='ltr'><strong>vero</strong></span> <span class='ocrx_word' id='word_1_453' title='bbox 1258 1333 1364 1360; x_wconf 87' lang='lat' dir='ltr'><strong>Domini</strong></span> <span class='ocrx_word' id='word_1_454' title='bbox 1382 1341 1433 1359; x_wconf 86' lang='lat' dir='ltr'><strong>non</strong></span> <span class='ocrx_word' id='word_1_455' title='bbox 1446 1332 1576 1366; x_wconf 83' lang='lat' dir='ltr'><strong>elegerunt</strong></span> <span class='ocrx_word' id='word_1_456' title='bbox 1592 1333 1627 1365; x_wconf 84' lang='grc'><strong>³¹;</strong></span> <span class='ocrx_word' id='word_1_457' title='bbox 1649 1337 1675 1359; x_wconf 86' lang='lat' dir='ltr'><strong>et</strong></span> <span class='ocrx_word' id='word_1_458' title='bbox 1694 1332 1775 1359; x_wconf 88' lang='lat' dir='ltr'><strong>lsaias</strong></span> <span class='ocrx_word' id='word_1_459' title='bbox 1796 1341 1802 1358; x_wconf 84' lang='lat'>:</span> 
     </span>
    </p>
   </div>
   <div class='ocr_carea' id='block_1_59' title="bbox 1026 1377 1804 1412">
    <p class='ocr_par' dir='ltr' id='par_1_59' title="bbox 1026 1377 1804 1412">
     <span class='ocr_line' id='line_1_59' title="bbox 1026 1377 1804 1412; baseline 0 -8"><span class='ocrx_word' id='word_1_460' title='bbox 1026 1388 1034 1403; x_wconf 87' lang='lat'><strong>1</strong></span> <span class='ocrx_word' id='word_1_461' title='bbox 1048 1377 1118 1405; x_wconf 87' lang='lat' dir='ltr'><strong>Nam</strong></span> <span class='ocrx_word' id='word_1_462' title='bbox 1134 1379 1165 1405; x_wconf 84' lang='lat' dir='ltr'><strong>de</strong></span> <span class='ocrx_word' id='word_1_463' title='bbox 1180 1378 1243 1406; x_wconf 80' lang='lat' dir='ltr'><strong>Sion</strong></span> <span class='ocrx_word' id='word_1_464' title='bbox 1257 1378 1401 1412; x_wconf 83' lang='lat' dir='ltr'><strong>egredietur</strong></span> <span class='ocrx_word' id='word_1_465' title='bbox 1416 1377 1476 1404; x_wconf 68' lang='lat' dir='ltr'><strong>lex:</strong></span> <span class='ocrx_word' id='word_1_466' title='bbox 1493 1384 1515 1404; x_wconf 89' lang='lat' dir='ltr'><strong>et</strong></span> <span class='ocrx_word' id='word_1_467' title='bbox 1534 1377 1643 1404; x_wconf 78' lang='lat' dir='ltr'><strong>Verbum</strong></span> <span class='ocrx_word' id='word_1_468' title='bbox 1657 1377 1762 1404; x_wconf 87' lang='lat' dir='ltr'><strong>Domini</strong></span> <span class='ocrx_word' id='word_1_469' title='bbox 1773 1378 1804 1404; x_wconf 87' lang='lat' dir='ltr'><strong>de</strong></span> 
     </span>
    </p>
   </div>
   <div class='ocr_carea' id='block_1_60' title="bbox 1026 1421 1802 1458">
    <p class='ocr_par' dir='ltr' id='par_1_60' title="bbox 1026 1421 1802 1458">
     <span class='ocr_line' id='line_1_60' title="bbox 1026 1421 1802 1458; baseline 0.003 -9"><span class='ocrx_word' id='word_1_470' title='bbox 1026 1434 1034 1449; x_wconf 86' lang='lat'><strong>1</strong></span> <span class='ocrx_word' id='word_1_471' title='bbox 1045 1423 1191 1450; x_wconf 72' lang='lat' dir='ltr'><strong>Jerusalem</strong></span> <span class='ocrx_word' id='word_1_472' title='bbox 1210 1424 1248 1457; x_wconf 61' lang='grc' dir='ltr'>ὐς</span> <span class='ocrx_word' id='word_1_473' title='bbox 1261 1429 1287 1451; x_wconf 88' lang='lat' dir='ltr'><strong>et</strong></span> <span class='ocrx_word' id='word_1_474' title='bbox 1299 1421 1430 1452; x_wconf 76' lang='lat' dir='ltr'><strong>Jcremias</strong></span> <span class='ocrx_word' id='word_1_475' title='bbox 1444 1423 1602 1457; x_wconf 75' lang='lat' dir='ltr'><strong>:Pudefacti</strong></span> <span class='ocrx_word' id='word_1_476' title='bbox 1615 1428 1686 1455; x_wconf 81' lang='lat' dir='ltr'><strong>sunt,</strong></span> <span class='ocrx_word' id='word_1_477' title='bbox 1706 1423 1802 1458; x_wconf 62' lang='lat' dir='ltr'><strong>inquit,</strong></span> 
     </span>
    </p>
   </div>
   <div class='ocr_carea' id='block_1_61' title="bbox 1026 1468 1803 1504">
    <p class='ocr_par' dir='ltr' id='par_1_61' title="bbox 1026 1468 1803 1504">
     <span class='ocr_line' id='line_1_61' title="bbox 1026 1468 1803 1504; baseline -0.001 -9"><span class='ocrx_word' id='word_1_478' title='bbox 1026 1479 1034 1494; x_wconf 93' lang='lat'><strong>1</strong></span> <span class='ocrx_word' id='word_1_479' title='bbox 1048 1470 1186 1503; x_wconf 74' lang='lat' dir='ltr'><strong>sapientes,</strong></span> <span class='ocrx_word' id='word_1_480' title='bbox 1199 1469 1288 1496; x_wconf 87' lang='lat' dir='ltr'><strong>timore</strong></span> <span class='ocrx_word' id='word_1_481' title='bbox 1299 1470 1428 1502; x_wconf 74' lang='lat' dir='ltr'><strong>concussi,</strong></span> <span class='ocrx_word' id='word_1_482' title='bbox 1445 1470 1513 1504; x_wconf 80' lang='lat' dir='ltr'><strong>capti</strong></span> <span class='ocrx_word' id='word_1_483' title='bbox 1531 1474 1602 1500; x_wconf 85' lang='lat' dir='ltr'><strong>sunt,</strong></span> <span class='ocrx_word' id='word_1_484' title='bbox 1616 1469 1675 1504; x_wconf 88' lang='lat' dir='ltr'><strong>quia</strong></span> <span class='ocrx_word' id='word_1_485' title='bbox 1693 1468 1803 1496; x_wconf 77' lang='lat' dir='ltr'><strong>Verbum</strong></span> 
     </span>
    </p>
   </div>
   <div class='ocr_carea' id='block_1_62' title="bbox 1024 1515 1804 1550">
    <p class='ocr_par' dir='ltr' id='par_1_62' title="bbox 1024 1515 1804 1550">
     <span class='ocr_line' id='line_1_62' title="bbox 1024 1515 1804 1550; baseline 0 -9"><span class='ocrx_word' id='word_1_486' title='bbox 1024 1515 1130 1542; x_wconf 87' lang='lat' dir='ltr'><strong>Domini</strong></span> <span class='ocrx_word' id='word_1_487' title='bbox 1146 1516 1295 1550; x_wconf 81' lang='lat' dir='ltr'><strong>abjecerunt</strong></span> <span class='ocrx_word' id='word_1_488' title='bbox 1318 1516 1352 1544; x_wconf 78' lang='grc'><strong>⁸³.</strong></span> <span class='ocrx_word' id='word_1_489' title='bbox 1374 1516 1408 1542; x_wconf 85' lang='lat' dir='ltr'><strong>Et</strong></span> <span class='ocrx_word' id='word_1_490' title='bbox 1431 1516 1560 1550; x_wconf 86' lang='lat' dir='ltr'><strong>propheta</strong></span> <span class='ocrx_word' id='word_1_491' title='bbox 1578 1515 1663 1542; x_wconf 82' lang='lat' dir='ltr'><strong>Osce:</strong></span> <span class='ocrx_word' id='word_1_492' title='bbox 1684 1515 1804 1542; x_wconf 77' lang='lat' dir='ltr'><strong>Oderunt</strong></span> 
     </span>
    </p>
   </div>
   <div class='ocr_carea' id='block_1_63' title="bbox 1023 1561 1803 1596">
    <p class='ocr_par' dir='ltr' id='par_1_63' title="bbox 1023 1561 1803 1596">
     <span class='ocr_line' id='line_1_63' title="bbox 1023 1561 1803 1596; baseline -0.001 -9"><span class='ocrx_word' id='word_1_493' title='bbox 1023 1562 1050 1587; x_wconf 88' lang='lat' dir='ltr'><strong>in</strong></span> <span class='ocrx_word' id='word_1_494' title='bbox 1067 1562 1150 1595; x_wconf 85' lang='lat' dir='ltr'><strong>portis</strong></span> <span class='ocrx_word' id='word_1_495' title='bbox 1165 1562 1394 1596; x_wconf 83' lang='lat' dir='ltr'><strong>reprehendentem</strong></span> <span class='ocrx_word' id='word_1_496' title='bbox 1410 1569 1419 1587; x_wconf 91' lang='lat'><em>:</em></span> <span class='ocrx_word' id='word_1_497' title='bbox 1439 1567 1462 1588; x_wconf 87' lang='lat' dir='ltr'><strong>et</strong></span> <span class='ocrx_word' id='word_1_498' title='bbox 1484 1561 1594 1588; x_wconf 86' lang='lat' dir='ltr'><strong>Verbum</strong></span> <span class='ocrx_word' id='word_1_499' title='bbox 1613 1566 1734 1588; x_wconf 85' lang='lat' dir='ltr'><strong>sanctum</strong></span> <span class='ocrx_word' id='word_1_500' title='bbox 1757 1562 1803 1586; x_wconf 77' lang='lat' dir='ltr'><strong>alt—</strong></span> 
     </span>
    </p>
   </div>
   <div class='ocr_carea' id='block_1_64' title="bbox 1024 1607 1802 1641">
    <p class='ocr_par' dir='ltr' id='par_1_64' title="bbox 1024 1607 1802 1641">
     <span class='ocr_line' id='line_1_64' title="bbox 1024 1607 1802 1641; baseline 0 -9"><span class='ocrx_word' id='word_1_501' title='bbox 1024 1607 1131 1633; x_wconf 86' lang='lat' dir='ltr'><strong>ominati</strong></span> <span class='ocrx_word' id='word_1_502' title='bbox 1158 1612 1218 1633; x_wconf 75' lang='lat' dir='ltr'><strong>sunt</strong></span> <span class='ocrx_word' id='word_1_503' title='bbox 1239 1607 1271 1633; x_wconf 71' lang='grc'><strong>⁸⁵.</strong></span> <span class='ocrx_word' id='word_1_504' title='bbox 1291 1607 1420 1634; x_wconf 80' lang='lat' dir='ltr'><strong>Similiter</strong></span> <span class='ocrx_word' id='word_1_505' title='bbox 1440 1612 1466 1634; x_wconf 87' lang='lat' dir='ltr'><strong>et</strong></span> <span class='ocrx_word' id='word_1_506' title='bbox 1483 1607 1609 1634; x_wconf 78' lang='lat' dir='ltr'><strong>Miclueas</strong></span> <span class='ocrx_word' id='word_1_507' title='bbox 1639 1607 1802 1641; x_wconf 72' lang='lat' dir='ltr'><strong>mentionem</strong></span> 
     </span>
    </p>
   </div>
   <div class='ocr_carea' id='block_1_65' title="bbox 1024 1652 1803 1687">
    <p class='ocr_par' dir='ltr' id='par_1_65' title="bbox 1024 1652 1803 1687">
     <span class='ocr_line' id='line_1_65' title="bbox 1024 1652 1803 1687; baseline 0 -8"><span class='ocrx_word' id='word_1_508' title='bbox 1024 1653 1103 1680; x_wconf 85' lang='lat' dir='ltr'><strong>Verbi</strong></span> <span class='ocrx_word' id='word_1_509' title='bbox 1120 1652 1233 1684; x_wconf 82' lang='lat' dir='ltr'><strong>faciens,</strong></span> <span class='ocrx_word' id='word_1_510' title='bbox 1250 1653 1307 1680; x_wconf 87' lang='lat' dir='ltr'><strong>ait:</strong></span> <span class='ocrx_word' id='word_1_511' title='bbox 1329 1653 1486 1687; x_wconf 79' lang='lat' dir='ltr'><strong>Egreilietitr</strong></span> <span class='ocrx_word' id='word_1_512' title='bbox 1498 1653 1551 1685; x_wconf 76' lang='lat' dir='ltr'><strong>lex,</strong></span> <span class='ocrx_word' id='word_1_513' title='bbox 1570 1658 1593 1679; x_wconf 87' lang='lat' dir='ltr'><strong>et</strong></span> <span class='ocrx_word' id='word_1_514' title='bbox 1619 1652 1731 1679; x_wconf 84' lang='lat' dir='ltr'><strong>Verbum</strong></span> <span class='ocrx_word' id='word_1_515' title='bbox 1747 1652 1803 1679; x_wconf 85' lang='lat' dir='ltr'><strong>Do-</strong></span> 
     </span>
    </p>
   </div>
   <div class='ocr_carea' id='block_1_66' title="bbox 186 1698 969 1744">
    <p class='ocr_par' dir='ltr' id='par_1_66' title="bbox 186 1701 969 1739">
     <span class='ocr_line' id='line_1_66' title="bbox 186 1701 969 1739; baseline -0.003 -9"><span class='ocrx_word' id='word_1_516' title='bbox 186 1715 198 1730; x_wconf 74' lang='grc' dir='ltr'><strong>ι</strong></span> <span class='ocrx_word' id='word_1_517' title='bbox 214 1705 290 1739; x_wconf 79' lang='grc' dir='ltr'>πρὸς</span> <span class='ocrx_word' id='word_1_518' title='bbox 305 1704 359 1731; x_wconf 82' lang='grc' dir='ltr'>τὸν</span> <span class='ocrx_word' id='word_1_519' title='bbox 378 1705 460 1736; x_wconf 81' lang='grc' dir='ltr'>Θεὸν,</span> <span class='ocrx_word' id='word_1_520' title='bbox 472 1705 522 1731; x_wconf 74' lang='grc' dir='ltr'>καὶ</span> <span class='ocrx_word' id='word_1_521' title='bbox 549 1704 620 1736; x_wconf 77' lang='grc' dir='ltr'>Θεὸς</span> <span class='ocrx_word' id='word_1_522' title='bbox 646 1701 684 1737; x_wconf 79' lang='grc' dir='ltr'>ἦν</span> <span class='ocrx_word' id='word_1_523' title='bbox 701 1704 716 1729; x_wconf 86' lang='grc' dir='ltr'><strong>ό</strong></span> <span class='ocrx_word' id='word_1_524' title='bbox 734 1703 836 1737; x_wconf 78' lang='grc' dir='ltr'>Λόγος.</span> <span class='ocrx_word' id='word_1_525' title='bbox 858 1702 894 1728; x_wconf 90' lang='grc' dir='ltr'><strong>Οὺ</strong></span> <span class='ocrx_word' id='word_1_526' title='bbox 922 1703 969 1737; x_wconf 82' lang='grc' dir='ltr'><strong>μιᾷ</strong></span> 
     </span>
    </p>
   </div>
   <div class='ocr_carea' id='block_1_67' title="bbox 1024 1698 1805 1744">
    <p class='ocr_par' dir='ltr' id='par_1_67' title="bbox 1024 1698 1805 1727">
     <span class='ocr_line' id='line_1_67' title="bbox 1024 1698 1805 1727; baseline -0.001 -2"><span class='ocrx_word' id='word_1_527' title='bbox 1024 1700 1087 1725; x_wconf 81' lang='lat' dir='ltr'><strong>mini</strong></span> <span class='ocrx_word' id='word_1_528' title='bbox 1102 1707 1133 1726; x_wconf 73' lang='lat' dir='ltr'><strong>ex</strong></span> <span class='ocrx_word' id='word_1_529' title='bbox 1149 1699 1296 1726; x_wconf 80' lang='lat' dir='ltr'><strong>Jerusalem</strong></span> <span class='ocrx_word' id='word_1_530' title='bbox 1310 1700 1358 1726; x_wconf 79' lang='grc'><strong>⁸⁵.»</strong></span> <span class='ocrx_word' id='word_1_531' title='bbox 1377 1700 1427 1727; x_wconf 89' lang='grc' dir='ltr'>Τοι</span> <span class='ocrx_word' id='word_1_532' title='bbox 1442 1705 1468 1726; x_wconf 89' lang='lat' dir='ltr'><strong>et</strong></span> <span class='ocrx_word' id='word_1_533' title='bbox 1486 1704 1557 1726; x_wconf 88' lang='lat' dir='ltr'><strong>tanta</strong></span> <span class='ocrx_word' id='word_1_534' title='bbox 1576 1699 1619 1725; x_wconf 90' lang='lat' dir='ltr'><strong>ubi</strong></span> <span class='ocrx_word' id='word_1_535' title='bbox 1634 1698 1805 1725; x_wconf 78' lang='lat' dir='ltr'><strong>coacervavit</strong></span> 
     </span>
    </p>
   </div>
   <div class='ocr_carea' id='block_1_68' title="bbox 187 1749 969 1786">
    <p class='ocr_par' dir='ltr' id='par_1_68' title="bbox 187 1749 969 1786">
     <span class='ocr_line' id='line_1_68' title="bbox 187 1749 969 1786; baseline -0.005 -8"><span class='ocrx_word' id='word_1_536' title='bbox 187 1760 197 1777; x_wconf 72' lang='grc' dir='ltr'><em>α</em></span> <span class='ocrx_word' id='word_1_537' title='bbox 217 1750 354 1786; x_wconf 74' lang='grc' dir='ltr'>μαρτυρίᾳ</span> <span class='ocrx_word' id='word_1_538' title='bbox 371 1750 510 1786; x_wconf 82' lang='grc' dir='ltr'>χρώμενος</span> <span class='ocrx_word' id='word_1_539' title='bbox 527 1750 574 1785; x_wconf 84' lang='grc' dir='ltr'>τὴν</span> <span class='ocrx_word' id='word_1_540' title='bbox 596 1750 732 1785; x_wconf 80' lang='grc' dir='ltr'>ἀϊδιότητα</span> <span class='ocrx_word' id='word_1_541' title='bbox 745 1749 790 1775; x_wconf 81' lang='grc' dir='ltr'>τοῦ</span> <span class='ocrx_word' id='word_1_542' title='bbox 814 1749 898 1782; x_wconf 84' lang='grc' dir='ltr'>Λόγου</span> <span class='ocrx_word' id='word_1_543' title='bbox 925 1757 969 1783; x_wconf 86' lang='grc' dir='ltr'>ση-</span> 
     </span>
    </p>
   </div>
   <div class='ocr_carea' id='block_1_69' title="bbox 186 1794 968 1831">
    <p class='ocr_par' dir='ltr' id='par_1_69' title="bbox 186 1794 968 1831">
     <span class='ocr_line' id='line_1_69' title="bbox 186 1794 968 1831; baseline -0.003 -9"><span class='ocrx_word' id='word_1_544' title='bbox 186 1805 195 1822; x_wconf 78' lang='grc' dir='ltr'><strong>ι</strong></span> <span class='ocrx_word' id='word_1_545' title='bbox 216 1796 316 1830; x_wconf 87' lang='grc' dir='ltr'>μαίνει.</span> <span class='ocrx_word' id='word_1_546' title='bbox 338 1806 348 1822; x_wconf 83' lang='grc'><strong>›</strong></span> <span class='ocrx_word' id='word_1_547' title='bbox 369 1796 422 1822; x_wconf 83' lang='grc' dir='ltr'><strong>Καὶ</strong></span> <span class='ocrx_word' id='word_1_548' title='bbox 439 1796 598 1831; x_wconf 78' lang='grc' dir='ltr'>προστίθησι</span> <span class='ocrx_word' id='word_1_549' title='bbox 625 1795 729 1826; x_wconf 76' lang='grc' dir='ltr'>τούτοις</span> <span class='ocrx_word' id='word_1_550' title='bbox 754 1794 886 1828; x_wconf 79' lang='grc' dir='ltr'>ἐπιλέγων</span> <span class='ocrx_word' id='word_1_551' title='bbox 913 1794 968 1830; x_wconf 78' lang='grc'><strong>(59)</strong></span> 
     </span>
    </p>
   </div>
   <div class='ocr_carea' id='block_1_70' title="bbox 183 1840 967 1877">
    <p class='ocr_par' dir='ltr' id='par_1_70' title="bbox 183 1840 967 1877">
     <span class='ocr_line' id='line_1_70' title="bbox 183 1840 967 1877; baseline -0.024 12"><span class='ocrx_word' id='word_1_552' title='bbox 183 1841 256 1876; x_wconf 66' lang='grc' dir='ltr'><strong>ἑεῆςθ</strong></span> <span class='ocrx_word' id='word_1_553' title='bbox 276 1852 284 1867; x_wconf 82' lang='grc'><strong>⁴</strong></span> <span class='ocrx_word' id='word_1_554' title='bbox 306 1842 338 1868; x_wconf 57' lang='grc' dir='ltr'><strong>ἶν’</strong></span> <span class='ocrx_word' id='word_1_555' title='bbox 352 1843 380 1867; x_wconf 64' lang='grc' dir='ltr'><strong>ἐν</strong></span> <span class='ocrx_word' id='word_1_556' title='bbox 395 1842 442 1877; x_wconf 68' lang='grc' dir='ltr'><strong>μὲν</strong></span> <span class='ocrx_word' id='word_1_557' title='bbox 456 1841 494 1877; x_wconf 77' lang='grc' dir='ltr'><strong>τῷ</strong></span> <span class='ocrx_word' id='word_1_558' title='bbox 506 1844 600 1876; x_wconf 69' lang='grc' dir='ltr'><strong>φῆσαι,</strong></span> <span class='ocrx_word' id='word_1_559' title='bbox 615 1842 661 1868; x_wconf 80' lang='grc' dir='ltr'>Ἐν</span> <span class='ocrx_word' id='word_1_560' title='bbox 681 1841 759 1875; x_wconf 72' lang='lat' dir='ltr'><strong>dpxﬁ</strong></span> <span class='ocrx_word' id='word_1_561' title='bbox 771 1840 810 1875; x_wconf 65' lang='lat' dir='ltr'><strong>vir</strong></span> <span class='ocrx_word' id='word_1_562' title='bbox 832 1843 847 1867; x_wconf 82' lang='grc' dir='ltr'><strong>ό</strong></span> <span class='ocrx_word' id='word_1_563' title='bbox 864 1841 967 1875; x_wconf 71' lang='grc' dir='ltr'>Λόγος.</span> 
     </span>
    </p>
   </div>
   <div class='ocr_carea' id='block_1_71' title="bbox 186 1885 969 1924">
    <p class='ocr_par' dir='ltr' id='par_1_71' title="bbox 186 1885 969 1924">
     <span class='ocr_line' id='line_1_71' title="bbox 186 1885 969 1924; baseline -0.003 -11"><span class='ocrx_word' id='word_1_564' title='bbox 186 1898 195 1913; x_wconf 96' lang='lat'><strong>1</strong></span> <span class='ocrx_word' id='word_1_565' title='bbox 216 1887 300 1924; x_wconf 67' lang='grc' dir='ltr'><strong>δείξῃ,</strong></span> <span class='ocrx_word' id='word_1_566' title='bbox 316 1888 428 1923; x_wconf 78' lang='grc' dir='ltr'>δυνάμει</span> <span class='ocrx_word' id='word_1_567' title='bbox 439 1888 468 1913; x_wconf 88' lang='grc' dir='ltr'>ἐν</span> <span class='ocrx_word' id='word_1_568' title='bbox 483 1887 522 1922; x_wconf 83' lang='grc' dir='ltr'>τῷ</span> <span class='ocrx_word' id='word_1_569' title='bbox 536 1887 621 1922; x_wconf 74' lang='grc' dir='ltr'>Πατρὶ</span> <span class='ocrx_word' id='word_1_570' title='bbox 639 1885 707 1913; x_wconf 71' lang='grc' dir='ltr'>εἶναι</span> <span class='ocrx_word' id='word_1_571' title='bbox 724 1887 768 1913; x_wconf 81' lang='grc' dir='ltr'><strong>τὸν</strong></span> <span class='ocrx_word' id='word_1_572' title='bbox 793 1887 878 1920; x_wconf 85' lang='grc' dir='ltr'>Λόγον</span> <span class='ocrx_word' id='word_1_573' title='bbox 894 1894 901 1901; x_wconf 84' lang='lat'><strong><em>°</em></strong></span> <span class='ocrx_word' id='word_1_574' title='bbox 926 1886 969 1911; x_wconf 88' lang='grc' dir='ltr'><strong>Ἐν</strong></span> 
     </span>
    </p>
   </div>
   <div class='ocr_carea' id='block_1_72' title="bbox 186 1928 969 1968">
    <p class='ocr_par' dir='ltr' id='par_1_72' title="bbox 186 1928 969 1968">
     <span class='ocr_line' id='line_1_72' title="bbox 186 1928 969 1968; baseline -0.004 -9"><span class='ocrx_word' id='word_1_575' title='bbox 186 1942 196 1958; x_wconf 92' lang='lat'><strong>1</strong></span> <span class='ocrx_word' id='word_1_576' title='bbox 213 1933 283 1968; x_wconf 83' lang='grc' dir='ltr'>ἀρχῇ</span> <span class='ocrx_word' id='word_1_577' title='bbox 300 1933 354 1968; x_wconf 78' lang='grc' dir='ltr'><strong>γὰρ</strong></span> <span class='ocrx_word' id='word_1_578' title='bbox 369 1933 495 1959; x_wconf 82' lang='grc' dir='ltr'>ἁπάντων</span> <span class='ocrx_word' id='word_1_579' title='bbox 508 1932 561 1958; x_wconf 85' lang='grc' dir='ltr'><strong>τῶν</strong></span> <span class='ocrx_word' id='word_1_580' title='bbox 576 1932 724 1966; x_wconf 78' lang='grc' dir='ltr'>γεγονότων</span> <span class='ocrx_word' id='word_1_581' title='bbox 736 1931 832 1962; x_wconf 78' lang='grc' dir='ltr'>ὁΘεὺς,</span> <span class='ocrx_word' id='word_1_582' title='bbox 847 1931 875 1964; x_wconf 78' lang='grc' dir='ltr'><strong>ἐξ</strong></span> <span class='ocrx_word' id='word_1_583' title='bbox 887 1928 916 1957; x_wconf 77' lang='grc' dir='ltr'>οὗ</span> <span class='ocrx_word' id='word_1_584' title='bbox 935 1930 969 1956; x_wconf 85' lang='grc' dir='ltr'>τὰ</span> 
     </span>
    </p>
   </div>
   <div class='ocr_carea' id='block_1_73' title="bbox 187 1976 965 2013">
    <p class='ocr_par' dir='ltr' id='par_1_73' title="bbox 187 1976 965 2013">
     <span class='ocr_line' id='line_1_73' title="bbox 187 1976 965 2013; baseline 0 -11"><span class='ocrx_word' id='word_1_585' title='bbox 187 1987 196 2002; x_wconf 90' lang='lat'><strong>1</strong></span> <span class='ocrx_word' id='word_1_586' title='bbox 214 1978 312 2005; x_wconf 71' lang='grc' dir='ltr'>πάντα·</span> <span class='ocrx_word' id='word_1_587' title='bbox 329 1979 357 2004; x_wconf 80' lang='grc' dir='ltr'><strong>ὲν</strong></span> <span class='ocrx_word' id='word_1_588' title='bbox 366 1978 395 2004; x_wconf 83' lang='grc' dir='ltr'><strong>δὲ</strong></span> <span class='ocrx_word' id='word_1_589' title='bbox 410 1978 448 2013; x_wconf 86' lang='grc' dir='ltr'>τῷ</span> <span class='ocrx_word' id='word_1_590' title='bbox 461 1987 467 1993; x_wconf 82' lang='grc'><em>’</em></span> <span class='ocrx_word' id='word_1_591' title='bbox 487 1978 555 2004; x_wconf 76' lang='grc' dir='ltr'><strong>«Καὶ</strong></span> <span class='ocrx_word' id='word_1_592' title='bbox 566 1979 579 2004; x_wconf 90' lang='grc' dir='ltr'><strong>ὁ</strong></span> <span class='ocrx_word' id='word_1_593' title='bbox 590 1978 675 2011; x_wconf 82' lang='grc' dir='ltr'>Λόγος</span> <span class='ocrx_word' id='word_1_594' title='bbox 687 1976 721 2012; x_wconf 87' lang='grc' dir='ltr'><strong>ἦν</strong></span> <span class='ocrx_word' id='word_1_595' title='bbox 734 1977 801 2012; x_wconf 73' lang='grc' dir='ltr'>πρὸς</span> <span class='ocrx_word' id='word_1_596' title='bbox 811 1977 856 2003; x_wconf 84' lang='grc' dir='ltr'>τὸν</span> <span class='ocrx_word' id='word_1_597' title='bbox 873 1976 965 2008; x_wconf 77' lang='grc' dir='ltr'>θεὸν,›</span> 
     </span>
    </p>
   </div>
   <div class='ocr_carea' id='block_1_74' title="bbox 186 2021 968 2059">
    <p class='ocr_par' dir='ltr' id='par_1_74' title="bbox 186 2021 968 2059">
     <span class='ocr_line' id='line_1_74' title="bbox 186 2021 968 2059; baseline -0.004 -9"><span class='ocrx_word' id='word_1_598' title='bbox 186 2033 196 2049; x_wconf 84' lang='lat'><strong>1</strong></span> <span class='ocrx_word' id='word_1_599' title='bbox 211 2024 335 2059; x_wconf 78' lang='grc' dir='ltr'>ἐνεργείᾳ</span> <span class='ocrx_word' id='word_1_600' title='bbox 349 2024 415 2059; x_wconf 84' lang='grc' dir='ltr'>πρὸς</span> <span class='ocrx_word' id='word_1_601' title='bbox 425 2024 470 2050; x_wconf 78' lang='grc' dir='ltr'><strong>τὸν</strong></span> <span class='ocrx_word' id='word_1_602' title='bbox 480 2024 546 2050; x_wconf 75' lang='grc' dir='ltr'>Θεὸν</span> <span class='ocrx_word' id='word_1_603' title='bbox 563 2021 631 2051; x_wconf 76' lang='grc' dir='ltr'>εἶναι</span> <span class='ocrx_word' id='word_1_604' title='bbox 642 2024 687 2049; x_wconf 80' lang='grc' dir='ltr'>τὸν</span> <span class='ocrx_word' id='word_1_605' title='bbox 696 2023 781 2056; x_wconf 86' lang='grc' dir='ltr'>Λόγον</span> <span class='ocrx_word' id='word_1_606' title='bbox 791 2031 798 2038; x_wconf 86' lang='grc'>·</span> <span class='ocrx_word' id='word_1_607' title='bbox 815 2022 901 2048; x_wconf 74' lang='grc' dir='ltr'>πάντα</span> <span class='ocrx_word' id='word_1_608' title='bbox 915 2022 968 2057; x_wconf 81' lang='grc' dir='ltr'><strong>γὰρ</strong></span> 
     </span>
    </p>
   </div>
   <div class='ocr_carea' id='block_1_75' title="bbox 185 2068 966 2104">
    <p class='ocr_par' dir='ltr' id='par_1_75' title="bbox 185 2068 966 2104">
     <span class='ocr_line' id='line_1_75' title="bbox 185 2068 966 2104; baseline -0.001 -8"><span class='ocrx_word' id='word_1_609' title='bbox 185 2080 196 2096; x_wconf 91' lang='lat'><strong>1</strong></span> <span class='ocrx_word' id='word_1_610' title='bbox 213 2071 246 2096; x_wconf 85' lang='grc' dir='ltr'>δι’</span> <span class='ocrx_word' id='word_1_611' title='bbox 255 2069 338 2096; x_wconf 79' lang='grc' dir='ltr'>αὑτοῦ</span> <span class='ocrx_word' id='word_1_612' title='bbox 352 2070 470 2104; x_wconf 75' lang='grc' dir='ltr'>ἐγένετο,</span> <span class='ocrx_word' id='word_1_613' title='bbox 486 2069 532 2096; x_wconf 80' lang='grc' dir='ltr'>καὶ</span> <span class='ocrx_word' id='word_1_614' title='bbox 544 2070 627 2104; x_wconf 78' lang='grc' dir='ltr'>χωρὶς</span> <span class='ocrx_word' id='word_1_615' title='bbox 641 2068 721 2094; x_wconf 78' lang='grc' dir='ltr'>αὑτοῦ</span> <span class='ocrx_word' id='word_1_616' title='bbox 735 2069 840 2102; x_wconf 79' lang='grc' dir='ltr'>ἐγένετο</span> <span class='ocrx_word' id='word_1_617' title='bbox 853 2068 912 2093; x_wconf 79' lang='grc' dir='ltr'>οὐδὲ</span> <span class='ocrx_word' id='word_1_618' title='bbox 928 2068 966 2095; x_wconf 73' lang='grc' dir='ltr'><strong>ἓν.</strong></span> 
     </span>
    </p>
   </div>
   <div class='ocr_carea' id='block_1_76' title="bbox 186 2111 968 2150">
    <p class='ocr_par' dir='ltr' id='par_1_76' title="bbox 186 2111 968 2150">
     <span class='ocr_line' id='line_1_76' title="bbox 186 2111 968 2150; baseline -0.006 -9"><span class='ocrx_word' id='word_1_619' title='bbox 186 2125 196 2141; x_wconf 92' lang='lat'><strong>1</strong></span> <span class='ocrx_word' id='word_1_620' title='bbox 219 2115 264 2142; x_wconf 83' lang='grc' dir='ltr'><strong>Ἐν</strong></span> <span class='ocrx_word' id='word_1_621' title='bbox 279 2115 308 2141; x_wconf 82' lang='grc' dir='ltr'><strong>δὲ</strong></span> <span class='ocrx_word' id='word_1_622' title='bbox 329 2114 367 2150; x_wconf 83' lang='grc' dir='ltr'><strong>τῷ</strong></span> <span class='ocrx_word' id='word_1_623' title='bbox 385 2114 459 2140; x_wconf 84' lang='grc' dir='ltr'>Θεὸν</span> <span class='ocrx_word' id='word_1_624' title='bbox 476 2112 551 2140; x_wconf 76' lang='grc' dir='ltr'>εἶναι</span> <span class='ocrx_word' id='word_1_625' title='bbox 572 2113 626 2139; x_wconf 85' lang='grc' dir='ltr'>τὸν</span> <span class='ocrx_word' id='word_1_626' title='bbox 655 2112 752 2146; x_wconf 76' lang='grc' dir='ltr'>Λόγον</span> <span class='ocrx_word' id='word_1_627' title='bbox 766 2112 914 2147; x_wconf 72' lang='grc' dir='ltr'>εἰρηκέναι,</span> <span class='ocrx_word' id='word_1_628' title='bbox 932 2111 968 2146; x_wconf 85' lang='grc' dir='ltr'>μὴ</span> 
     </span>
    </p>
   </div>
   <div class='ocr_carea' id='block_1_77' title="bbox 187 2156 968 2196">
    <p class='ocr_par' dir='ltr' id='par_1_77' title="bbox 187 2156 968 2196">
     <span class='ocr_line' id='line_1_77' title="bbox 187 2156 968 2196; baseline -0.006 -9"><span class='ocrx_word' id='word_1_629' title='bbox 187 2170 196 2186; x_wconf 86' lang='lat'><strong>1</strong></span> <span class='ocrx_word' id='word_1_630' title='bbox 216 2160 329 2196; x_wconf 82' lang='grc' dir='ltr'>διαιρεῖν</span> <span class='ocrx_word' id='word_1_631' title='bbox 343 2160 392 2195; x_wconf 83' lang='grc' dir='ltr'>τὴν</span> <span class='ocrx_word' id='word_1_632' title='bbox 405 2160 539 2194; x_wconf 84' lang='grc' dir='ltr'>Θεότητα·</span> <span class='ocrx_word' id='word_1_633' title='bbox 554 2158 647 2193; x_wconf 74' lang='grc' dir='ltr'>ἐπειδὴ</span> <span class='ocrx_word' id='word_1_634' title='bbox 658 2159 672 2184; x_wconf 88' lang='grc' dir='ltr'><strong>ό</strong></span> <span class='ocrx_word' id='word_1_635' title='bbox 694 2157 778 2191; x_wconf 82' lang='grc' dir='ltr'>Λόγος</span> <span class='ocrx_word' id='word_1_636' title='bbox 794 2157 824 2183; x_wconf 71' lang='grc' dir='ltr'><strong>τὸ</strong></span> <span class='ocrx_word' id='word_1_637' title='bbox 837 2157 865 2182; x_wconf 82' lang='grc' dir='ltr'><strong>ὲν</strong></span> <span class='ocrx_word' id='word_1_638' title='bbox 884 2156 968 2191; x_wconf 79' lang='grc' dir='ltr'>αὐτῷ,</span> 
     </span>
    </p>
   </div>
   <div class='ocr_carea' id='block_1_78' title="bbox 185 2202 968 2240">
    <p class='ocr_par' dir='ltr' id='par_1_78' title="bbox 185 2202 968 2240">
     <span class='ocr_line' id='line_1_78' title="bbox 185 2202 968 2240; baseline -0.006 -7"><span class='ocrx_word' id='word_1_639' title='bbox 185 2216 195 2230; x_wconf 78' lang='lat'><strong>1</strong></span> <span class='ocrx_word' id='word_1_640' title='bbox 212 2207 259 2233; x_wconf 71' lang='grc' dir='ltr'>καὶ</span> <span class='ocrx_word' id='word_1_641' title='bbox 274 2203 351 2237; x_wconf 75' lang='grc' dir='ltr'>οὗτος</span> <span class='ocrx_word' id='word_1_642' title='bbox 367 2207 395 2232; x_wconf 82' lang='grc' dir='ltr'><strong>ὲν</strong></span> <span class='ocrx_word' id='word_1_643' title='bbox 425 2205 464 2240; x_wconf 81' lang='grc' dir='ltr'>τῷ</span> <span class='ocrx_word' id='word_1_644' title='bbox 477 2206 569 2240; x_wconf 84' lang='grc' dir='ltr'>Λόγῳ·</span> <span class='ocrx_word' id='word_1_645' title='bbox 591 2205 638 2230; x_wconf 87' lang='grc' dir='ltr'>Ὲν</span> <span class='ocrx_word' id='word_1_646' title='bbox 657 2204 721 2238; x_wconf 73' lang='grc' dir='ltr'><strong>ἐμοὶ</strong></span> <span class='ocrx_word' id='word_1_647' title='bbox 744 2203 807 2239; x_wconf 85' lang='grc' dir='ltr'>γὰρ,</span> <span class='ocrx_word' id='word_1_648' title='bbox 830 2202 929 2238; x_wconf 43' lang='grc' dir='ltr'>,φησὶ-ν,</span> <span class='ocrx_word' id='word_1_649' title='bbox 952 2204 968 2229; x_wconf 86' lang='grc' dir='ltr'><em>ὀ</em></span> 
     </span>
    </p>
   </div>
   <div class='ocr_carea' id='block_1_79' title="bbox 183 2249 969 2286">
    <p class='ocr_par' dir='ltr' id='par_1_79' title="bbox 183 2249 969 2286">
     <span class='ocr_line' id='line_1_79' title="bbox 183 2249 969 2286; baseline -0.006 -7"><span class='ocrx_word' id='word_1_650' title='bbox 183 2252 294 2286; x_wconf 75' lang='grc' dir='ltr'>Πατὴρ,</span> <span class='ocrx_word' id='word_1_651' title='bbox 306 2251 385 2286; x_wconf 82' lang='grc' dir='ltr'><strong>κάγὼ</strong></span> <span class='ocrx_word' id='word_1_652' title='bbox 399 2252 431 2278; x_wconf 83' lang='grc' dir='ltr'>ὲν</span> <span class='ocrx_word' id='word_1_653' title='bbox 445 2251 485 2284; x_wconf 87' lang='grc' dir='ltr'>τῷ</span> <span class='ocrx_word' id='word_1_654' title='bbox 498 2252 599 2285; x_wconf 81' lang='grc' dir='ltr'>Πατρί.</span> <span class='ocrx_word' id='word_1_655' title='bbox 619 2260 629 2276; x_wconf 65' lang='grc' dir='ltr'>ι</span> <span class='ocrx_word' id='word_1_656' title='bbox 645 2251 699 2276; x_wconf 75' lang='grc' dir='ltr'><strong>Καὶ</strong></span> <span class='ocrx_word' id='word_1_657' title='bbox 714 2249 753 2276; x_wconf 70' lang='grc' dir='ltr'>ἔτι</span> <span class='ocrx_word' id='word_1_658' title='bbox 768 2249 871 2280; x_wconf 77' lang='grc' dir='ltr'>τούτοις</span> <span class='ocrx_word' id='word_1_659' title='bbox 886 2256 969 2284; x_wconf 84' lang='grc' dir='ltr'>προσ-</span> 
     </span>
    </p>
   </div>
   <div class='ocr_carea' id='block_1_80' title="bbox 182 2292 969 2334">
    <p class='ocr_par' dir='ltr' id='par_1_80' title="bbox 182 2292 969 2334">
     <span class='ocr_line' id='line_1_80' title="bbox 182 2292 969 2334; baseline -0.004 -10"><span class='ocrx_word' id='word_1_660' title='bbox 182 2297 296 2334; x_wconf 80' lang='grc' dir='ltr'>τίθησιν,</span> <span class='ocrx_word' id='word_1_661' title='bbox 329 2297 493 2333; x_wconf 82' lang='grc' dir='ltr'>ἀπογυμνῶν</span> <span class='ocrx_word' id='word_1_662' title='bbox 525 2298 570 2323; x_wconf 83' lang='grc' dir='ltr'>τὸν</span> <span class='ocrx_word' id='word_1_663' title='bbox 602 2297 665 2323; x_wconf 78' lang='grc' dir='ltr'>ἴδιον</span> <span class='ocrx_word' id='word_1_664' title='bbox 694 2296 765 2327; x_wconf 75' lang='grc' dir='ltr'>νοῦν,</span> <span class='ocrx_word' id='word_1_665' title='bbox 783 2296 814 2322; x_wconf 76' lang='grc' dir='ltr'><strong>δι’</strong></span> <span class='ocrx_word' id='word_1_666' title='bbox 844 2292 969 2330; x_wconf 37' lang='grc' dir='ltr'><strong>ὧνιὲξῆς</strong></span> 
     </span>
    </p>
   </div>
   <div class='ocr_carea' id='block_1_81' title="bbox 183 2341 968 2378">
    <p class='ocr_par' dir='ltr' id='par_1_81' title="bbox 183 2341 968 2378">
     <span class='ocr_line' id='line_1_81' title="bbox 183 2341 968 2378; baseline -0.005 -8"><span class='ocrx_word' id='word_1_667' title='bbox 183 2344 280 2378; x_wconf 78' lang='grc' dir='ltr'>ἐπάγει</span> <span class='ocrx_word' id='word_1_668' title='bbox 293 2343 389 2377; x_wconf 81' lang='grc' dir='ltr'>λέγων.</span> <span class='ocrx_word' id='word_1_669' title='bbox 409 2353 418 2368; x_wconf 93' lang='lat'><strong>1</strong></span> <span class='ocrx_word' id='word_1_670' title='bbox 430 2344 458 2369; x_wconf 92' lang='grc' dir='ltr'><strong>Ὀ</strong></span> <span class='ocrx_word' id='word_1_671' title='bbox 471 2343 559 2369; x_wconf 83' lang='grc' dir='ltr'>τοίνυν</span> <span class='ocrx_word' id='word_1_672' title='bbox 571 2343 642 2378; x_wconf 76' lang='grc' dir='ltr'>ἱερὸς</span> <span class='ocrx_word' id='word_1_673' title='bbox 657 2341 801 2373; x_wconf 82' lang='grc' dir='ltr'>ἀπόστολός</span> <span class='ocrx_word' id='word_1_674' title='bbox 810 2350 840 2367; x_wconf 88' lang='grc' dir='ltr'><strong>τε</strong></span> <span class='ocrx_word' id='word_1_675' title='bbox 857 2341 903 2367; x_wconf 79' lang='grc' dir='ltr'>καὶ</span> <span class='ocrx_word' id='word_1_676' title='bbox 917 2350 968 2376; x_wconf 84' lang='grc' dir='ltr'>μα-</span> 
     </span>
    </p>
   </div>
   <div class='ocr_carea' id='block_1_82' title="bbox 1024 1744 1802 1778">
    <p class='ocr_par' dir='ltr' id='par_1_82' title="bbox 1024 1744 1802 1778">
     <span class='ocr_line' id='line_1_82' title="bbox 1024 1744 1802 1778; baseline -0.001 -7"><span class='ocrx_word' id='word_1_677' title='bbox 1024 1744 1057 1771; x_wconf 83' lang='lat' dir='ltr'><strong>de</strong></span> <span class='ocrx_word' id='word_1_678' title='bbox 1070 1744 1159 1771; x_wconf 88' lang='lat' dir='ltr'><strong>Verbo</strong></span> <span class='ocrx_word' id='word_1_679' title='bbox 1172 1746 1340 1772; x_wconf 87' lang='lat' dir='ltr'><strong>inandatorio</strong></span> <span class='ocrx_word' id='word_1_680' title='bbox 1357 1745 1499 1772; x_wconf 86' lang='lat' dir='ltr'><strong>Marcellus</strong></span> <span class='ocrx_word' id='word_1_681' title='bbox 1514 1745 1680 1776; x_wconf 82' lang='lat' dir='ltr'><strong>testimonia,</strong></span> <span class='ocrx_word' id='word_1_682' title='bbox 1698 1744 1802 1778; x_wconf 87' lang='lat' dir='ltr'><strong>ejusce-</strong></span> 
     </span>
    </p>
   </div>
   <div class='ocr_carea' id='block_1_83' title="bbox 1024 1789 1803 1825">
    <p class='ocr_par' dir='ltr' id='par_1_83' title="bbox 1024 1789 1803 1825">
     <span class='ocr_line' id='line_1_83' title="bbox 1024 1789 1803 1825; baseline -0.003 -8"><span class='ocrx_word' id='word_1_683' title='bbox 1024 1791 1094 1817; x_wconf 87' lang='lat' dir='ltr'><strong>modi</strong></span> <span class='ocrx_word' id='word_1_684' title='bbox 1109 1798 1214 1825; x_wconf 80' lang='lat' dir='ltr'><strong>quoque</strong></span> <span class='ocrx_word' id='word_1_685' title='bbox 1227 1791 1324 1819; x_wconf 81' lang='lat' dir='ltr'><strong>asserit</strong></span> <span class='ocrx_word' id='word_1_686' title='bbox 1338 1791 1475 1818; x_wconf 76' lang='lat' dir='ltr'><strong>exstitisse</strong></span> <span class='ocrx_word' id='word_1_687' title='bbox 1489 1791 1640 1818; x_wconf 84' lang='lat' dir='ltr'><strong>etVerbiim</strong></span> <span class='ocrx_word' id='word_1_688' title='bbox 1654 1791 1716 1817; x_wconf 90' lang='lat' dir='ltr'><strong>illud</strong></span> <span class='ocrx_word' id='word_1_689' title='bbox 1732 1789 1803 1825; x_wconf 90' lang='lat' dir='ltr'><strong>quod</strong></span> 
     </span>
    </p>
   </div>
   <div class='ocr_carea' id='block_1_84' title="bbox 1020 1836 1802 1872">
    <p class='ocr_par' dir='ltr' id='par_1_84' title="bbox 1020 1836 1802 1872">
     <span class='ocr_line' id='line_1_84' title="bbox 1020 1836 1802 1872; baseline -0.003 -9"><span class='ocrx_word' id='word_1_690' title='bbox 1020 1838 1089 1870; x_wconf 84' lang='lat' dir='ltr'><strong>apud</strong></span> <span class='ocrx_word' id='word_1_691' title='bbox 1116 1837 1209 1869; x_wconf 80' lang='lat' dir='ltr'><strong>Deum,</strong></span> <span class='ocrx_word' id='word_1_692' title='bbox 1239 1837 1310 1864; x_wconf 87' lang='lat' dir='ltr'><strong>Deus</strong></span> <span class='ocrx_word' id='word_1_693' title='bbox 1325 1838 1450 1864; x_wconf 83' lang='lat' dir='ltr'><strong>exstabat</strong></span> <span class='ocrx_word' id='word_1_694' title='bbox 1476 1839 1508 1865; x_wconf 84' lang='lat' dir='ltr'><strong>ab</strong></span> <span class='ocrx_word' id='word_1_695' title='bbox 1539 1838 1626 1864; x_wconf 86' lang='lat' dir='ltr'><strong>initio.</strong></span> <span class='ocrx_word' id='word_1_696' title='bbox 1644 1837 1688 1872; x_wconf 78' lang='grc' dir='ltr'><strong>[Ιὶ.</strong></span> <span class='ocrx_word' id='word_1_697' title='bbox 1709 1836 1802 1867; x_wconf 78' lang='lat' dir='ltr'><strong>XLVI,</strong></span> 
     </span>
    </p>
   </div>
   <div class='ocr_carea' id='block_1_85' title="bbox 1020 1882 1802 1918">
    <p class='ocr_par' dir='ltr' id='par_1_85' title="bbox 1020 1882 1802 1918">
     <span class='ocr_line' id='line_1_85' title="bbox 1020 1882 1802 1918; baseline -0.001 -11"><span class='ocrx_word' id='word_1_698' title='bbox 1020 1882 1082 1909; x_wconf 91' lang='lat' dir='ltr'><strong>coll.</strong></span> <span class='ocrx_word' id='word_1_699' title='bbox 1092 1890 1117 1916; x_wconf 91' lang='lat' dir='ltr'><strong>p.</strong></span> <span class='ocrx_word' id='word_1_700' title='bbox 1127 1883 1138 1908; x_wconf 87' lang='lat' dir='ltr'><strong>l</strong></span> <span class='ocrx_word' id='word_1_701' title='bbox 1148 1882 1186 1913; x_wconf 90' lang='lat' dir='ltr'><strong>l8,</strong></span> <span class='ocrx_word' id='word_1_702' title='bbox 1199 1883 1229 1914; x_wconf 87' lang='lat' dir='ltr'><strong>C,</strong></span> <span class='ocrx_word' id='word_1_703' title='bbox 1243 1883 1304 1915; x_wconf 73' lang='grc'><strong>144,</strong></span> <span class='ocrx_word' id='word_1_704' title='bbox 1319 1883 1364 1918; x_wconf 86' lang='grc' dir='ltr'><strong>Α.]</strong></span> <span class='ocrx_word' id='word_1_705' title='bbox 1375 1883 1506 1916; x_wconf 82' lang='lat' dir='ltr'><strong>Quocirca</strong></span> <span class='ocrx_word' id='word_1_706' title='bbox 1520 1883 1802 1917; x_wconf 76' lang='lat' dir='ltr'><strong>subinfertinquiens:</strong></span> 
     </span>
    </p>
   </div>
   <div class='ocr_carea' id='block_1_86' title="bbox 1023 1928 1805 1964">
    <p class='ocr_par' dir='ltr' id='par_1_86' title="bbox 1023 1928 1805 1964">
     <span class='ocr_line' id='line_1_86' title="bbox 1023 1928 1805 1964; baseline 0.001 -11"><span class='ocrx_word' id='word_1_707' title='bbox 1023 1938 1031 1952; x_wconf 88' lang='lat'><strong>1</strong></span> <span class='ocrx_word' id='word_1_708' title='bbox 1045 1928 1235 1956; x_wconf 82' lang='lat' dir='ltr'><strong>Sanctissiinus</strong></span> <span class='ocrx_word' id='word_1_709' title='bbox 1244 1929 1378 1963; x_wconf 86' lang='lat' dir='ltr'><strong>apostolus</strong></span> <span class='ocrx_word' id='word_1_710' title='bbox 1385 1935 1411 1956; x_wconf 88' lang='lat' dir='ltr'><strong>et</strong></span> <span class='ocrx_word' id='word_1_711' title='bbox 1421 1931 1567 1964; x_wconf 87' lang='lat' dir='ltr'><strong>discipulus</strong></span> <span class='ocrx_word' id='word_1_712' title='bbox 1574 1930 1678 1956; x_wconf 87' lang='lat' dir='ltr'><strong>Domini</strong></span> <span class='ocrx_word' id='word_1_713' title='bbox 1687 1929 1805 1957; x_wconf 83' lang='lat' dir='ltr'><strong>Joannes</strong></span> 
     </span>
    </p>
   </div>
   <div class='ocr_carea' id='block_1_87' title="bbox 1024 1975 1804 2010">
    <p class='ocr_par' dir='ltr' id='par_1_87' title="bbox 1024 1975 1804 2010">
     <span class='ocr_line' id='line_1_87' title="bbox 1024 1975 1804 2010; baseline -0.003 -9"><span class='ocrx_word' id='word_1_714' title='bbox 1024 1986 1032 2001; x_wconf 87' lang='lat'><strong>1</strong></span> <span class='ocrx_word' id='word_1_715' title='bbox 1047 1975 1175 2002; x_wconf 80' lang='lat' dir='ltr'><strong>exserlim</strong></span> <span class='ocrx_word' id='word_1_716' title='bbox 1190 1975 1288 2002; x_wconf 88' lang='lat' dir='ltr'><strong>docens</strong></span> <span class='ocrx_word' id='word_1_717' title='bbox 1304 1976 1473 2009; x_wconf 78' lang='lat' dir='ltr'><strong>apertissime</strong></span> <span class='ocrx_word' id='word_1_718' title='bbox 1488 1976 1513 2002; x_wconf 93' lang='lat' dir='ltr'><strong>in</strong></span> <span class='ocrx_word' id='word_1_719' title='bbox 1524 1975 1656 2010; x_wconf 89' lang='lat' dir='ltr'><strong>principio</strong></span> <span class='ocrx_word' id='word_1_720' title='bbox 1668 1976 1708 2002; x_wconf 91' lang='lat' dir='ltr'><strong>sui</strong></span> <span class='ocrx_word' id='word_1_721' title='bbox 1719 1976 1804 2004; x_wconf 82' lang='lat' dir='ltr'><strong>Evan.</strong></span> 
     </span>
    </p>
   </div>
   <div class='ocr_carea' id='block_1_88' title="bbox 1025 2019 1802 2055">
    <p class='ocr_par' dir='ltr' id='par_1_88' title="bbox 1025 2019 1802 2055">
     <span class='ocr_line' id='line_1_88' title="bbox 1025 2019 1802 2055; baseline 0.005 -10"><span class='ocrx_word' id='word_1_722' title='bbox 1025 2031 1033 2045; x_wconf 77' lang='grc' dir='ltr'><strong>ι</strong></span> <span class='ocrx_word' id='word_1_723' title='bbox 1046 2020 1107 2054; x_wconf 81' lang='lat' dir='ltr'><strong>gelii</strong></span> <span class='ocrx_word' id='word_1_724' title='bbox 1123 2019 1248 2053; x_wconf 88' lang='lat' dir='ltr'><strong>Verbum,</strong></span> <span class='ocrx_word' id='word_1_725' title='bbox 1263 2020 1334 2047; x_wconf 89' lang='lat' dir='ltr'><strong>velut</strong></span> <span class='ocrx_word' id='word_1_726' title='bbox 1346 2021 1419 2053; x_wconf 90' lang='lat' dir='ltr'><strong>prius</strong></span> <span class='ocrx_word' id='word_1_727' title='bbox 1429 2021 1499 2048; x_wconf 83' lang='lat' dir='ltr'><strong>inter</strong></span> <span class='ocrx_word' id='word_1_728' title='bbox 1507 2021 1629 2048; x_wconf 86' lang='lat' dir='ltr'><strong>homines</strong></span> <span class='ocrx_word' id='word_1_729' title='bbox 1639 2021 1802 2055; x_wconf 80' lang='lat' dir='ltr'><strong>ignoratum,</strong></span> 
     </span>
    </p>
   </div>
   <div class='ocr_carea' id='block_1_89' title="bbox 1025 2067 1802 2102">
    <p class='ocr_par' dir='ltr' id='par_1_89' title="bbox 1025 2067 1802 2102">
     <span class='ocr_line' id='line_1_89' title="bbox 1025 2067 1802 2102; baseline 0.004 -10"><span class='ocrx_word' id='word_1_730' title='bbox 1025 2078 1033 2092; x_wconf 88' lang='lat'><strong>1</strong></span> <span class='ocrx_word' id='word_1_731' title='bbox 1049 2067 1094 2094; x_wconf 89' lang='lat' dir='ltr'><strong>Dei</strong></span> <span class='ocrx_word' id='word_1_732' title='bbox 1118 2067 1308 2101; x_wconf 87' lang='lat' dir='ltr'><strong>omnipotentis</strong></span> <span class='ocrx_word' id='word_1_733' title='bbox 1324 2067 1484 2094; x_wconf 87' lang='lat' dir='ltr'><strong>nominatim</strong></span> <span class='ocrx_word' id='word_1_734' title='bbox 1500 2067 1650 2101; x_wconf 79' lang='lat' dir='ltr'><strong>compellat,</strong></span> <span class='ocrx_word' id='word_1_735' title='bbox 1668 2068 1802 2102; x_wconf 80' lang='lat' dir='ltr'><strong>inquiens.</strong></span> 
     </span>
    </p>
   </div>
   <div class='ocr_carea' id='block_1_90' title="bbox 1025 2112 1804 2147">
    <p class='ocr_par' dir='ltr' id='par_1_90' title="bbox 1025 2112 1804 2147">
     <span class='ocr_line' id='line_1_90' title="bbox 1025 2112 1804 2147; baseline -0.001 -8"><span class='ocrx_word' id='word_1_736' title='bbox 1025 2116 1053 2144; x_wconf 56' lang='grc' dir='ltr'><strong>ᾖ(</strong></span> <span class='ocrx_word' id='word_1_737' title='bbox 1074 2123 1082 2139; x_wconf 84' lang='grc' dir='ltr'><strong>ι</strong></span> <span class='ocrx_word' id='word_1_738' title='bbox 1107 2113 1139 2140; x_wconf 85' lang='grc' dir='ltr'><strong>1η</strong></span> <span class='ocrx_word' id='word_1_739' title='bbox 1152 2113 1278 2147; x_wconf 86' lang='lat' dir='ltr'><strong>principio</strong></span> <span class='ocrx_word' id='word_1_740' title='bbox 1289 2117 1344 2139; x_wconf 86' lang='lat' dir='ltr'><strong>erat</strong></span> <span class='ocrx_word' id='word_1_741' title='bbox 1362 2112 1487 2145; x_wconf 81' lang='lat' dir='ltr'><strong>Verbum,</strong></span> <span class='ocrx_word' id='word_1_742' title='bbox 1499 2118 1521 2138; x_wconf 89' lang='lat' dir='ltr'><strong>et</strong></span> <span class='ocrx_word' id='word_1_743' title='bbox 1537 2112 1649 2138; x_wconf 86' lang='lat' dir='ltr'><strong>Verbum</strong></span> <span class='ocrx_word' id='word_1_744' title='bbox 1667 2117 1722 2139; x_wconf 89' lang='lat' dir='ltr'><strong>erat</strong></span> <span class='ocrx_word' id='word_1_745' title='bbox 1735 2113 1804 2147; x_wconf 76' lang='lat' dir='ltr'><strong>apud</strong></span> 
     </span>
    </p>
   </div>
   <div class='ocr_carea' id='block_1_91' title="bbox 1025 2158 1804 2191">
    <p class='ocr_par' dir='ltr' id='par_1_91' title="bbox 1025 2158 1804 2191">
     <span class='ocr_line' id='line_1_91' title="bbox 1025 2158 1804 2191; baseline 0.001 -7"><span class='ocrx_word' id='word_1_746' title='bbox 1025 2169 1034 2184; x_wconf 97' lang='lat'><strong>1</strong></span> <span class='ocrx_word' id='word_1_747' title='bbox 1049 2160 1139 2191; x_wconf 88' lang='lat' dir='ltr'><strong>Deum,</strong></span> <span class='ocrx_word' id='word_1_748' title='bbox 1167 2164 1189 2185; x_wconf 87' lang='lat' dir='ltr'><strong>et</strong></span> <span class='ocrx_word' id='word_1_749' title='bbox 1209 2159 1278 2184; x_wconf 85' lang='lat' dir='ltr'><strong>Deus</strong></span> <span class='ocrx_word' id='word_1_750' title='bbox 1293 2163 1347 2184; x_wconf 87' lang='lat' dir='ltr'><strong>erat</strong></span> <span class='ocrx_word' id='word_1_751' title='bbox 1369 2158 1435 2184; x_wconf 82' lang='lat' dir='ltr'><strong>illud</strong></span> <span class='ocrx_word' id='word_1_752' title='bbox 1463 2158 1572 2185; x_wconf 87' lang='lat' dir='ltr'><strong>Verbum</strong></span> <span class='ocrx_word' id='word_1_753' title='bbox 1591 2159 1624 2184; x_wconf 67' lang='grc'><strong>⁸⁵.</strong></span> <span class='ocrx_word' id='word_1_754' title='bbox 1651 2158 1709 2185; x_wconf 88' lang='lat' dir='ltr'><strong>Non</strong></span> <span class='ocrx_word' id='word_1_755' title='bbox 1727 2161 1804 2185; x_wconf 84' lang='lat' dir='ltr'><strong>unico</strong></span> 
     </span>
    </p>
   </div>
   <div class='ocr_carea' id='block_1_92' title="bbox 1026 2204 1800 2239">
    <p class='ocr_par' dir='ltr' id='par_1_92' title="bbox 1026 2204 1800 2239">
     <span class='ocr_line' id='line_1_92' title="bbox 1026 2204 1800 2239; baseline 0 -10"><span class='ocrx_word' id='word_1_756' title='bbox 1026 2215 1034 2229; x_wconf 77' lang='grc' dir='ltr'><strong>ι</strong></span> <span class='ocrx_word' id='word_1_757' title='bbox 1046 2210 1188 2232; x_wconf 81' lang='lat' dir='ltr'><strong>contentus</strong></span> <span class='ocrx_word' id='word_1_758' title='bbox 1199 2204 1445 2236; x_wconf 83' lang='lat' dir='ltr'><strong>testimonio,Verbi</strong></span> <span class='ocrx_word' id='word_1_759' title='bbox 1455 2205 1587 2239; x_wconf 81' lang='lat' dir='ltr'><strong>signiﬁcat</strong></span> <span class='ocrx_word' id='word_1_760' title='bbox 1597 2205 1784 2231; x_wconf 62' lang='lat' dir='ltr'><strong>aeternitatem.</strong></span> <span class='ocrx_word' id='word_1_761' title='bbox 1792 2215 1800 2229; x_wconf 77' lang='grc' dir='ltr'><strong>ι</strong></span> 
     </span>
    </p>
   </div>
   <div class='ocr_carea' id='block_1_93' title="bbox 1021 2250 1803 2287">
    <p class='ocr_par' dir='ltr' id='par_1_93' title="bbox 1021 2250 1803 2287">
     <span class='ocr_line' id='line_1_93' title="bbox 1021 2250 1803 2287; baseline -0.004 -9"><span class='ocrx_word' id='word_1_762' title='bbox 1021 2251 1074 2287; x_wconf 72' lang='grc' dir='ltr'><strong>[Κ.</strong></span> <span class='ocrx_word' id='word_1_763' title='bbox 1092 2259 1163 2278; x_wconf 73' lang='lat' dir='ltr'><strong>XLVII</strong></span> <span class='ocrx_word' id='word_1_764' title='bbox 1179 2250 1239 2277; x_wconf 87' lang='lat' dir='ltr'><strong>coll.</strong></span> <span class='ocrx_word' id='word_1_765' title='bbox 1254 2259 1280 2285; x_wconf 89' lang='lat' dir='ltr'><strong>p.</strong></span> <span class='ocrx_word' id='word_1_766' title='bbox 1300 2251 1350 2277; x_wconf 86' lang='grc'><strong>118</strong></span> <span class='ocrx_word' id='word_1_767' title='bbox 1365 2250 1416 2286; x_wconf 90' lang='lat' dir='ltr'><strong>D.]</strong></span> <span class='ocrx_word' id='word_1_768' title='bbox 1434 2251 1537 2283; x_wconf 83' lang='lat' dir='ltr'><strong>Quibus</strong></span> <span class='ocrx_word' id='word_1_769' title='bbox 1553 2250 1686 2277; x_wconf 79' lang='lat' dir='ltr'><strong>subinrert</strong></span> <span class='ocrx_word' id='word_1_770' title='bbox 1702 2251 1803 2280; x_wconf 79' lang='lat' dir='ltr'><strong>statim,</strong></span> 
     </span>
    </p>
   </div>
   <div class='ocr_carea' id='block_1_94' title="bbox 1026 2295 1803 2330">
    <p class='ocr_par' dir='ltr' id='par_1_94' title="bbox 1026 2295 1803 2330">
     <span class='ocr_line' id='line_1_94' title="bbox 1026 2295 1803 2330; baseline -0.003 -8"><span class='ocrx_word' id='word_1_771' title='bbox 1026 2306 1034 2322; x_wconf 87' lang='lat'><strong>1</strong></span> <span class='ocrx_word' id='word_1_772' title='bbox 1051 2302 1078 2323; x_wconf 91' lang='lat' dir='ltr'><strong>ut</strong></span> <span class='ocrx_word' id='word_1_773' title='bbox 1094 2297 1119 2323; x_wconf 93' lang='lat' dir='ltr'><strong>in</strong></span> <span class='ocrx_word' id='word_1_774' title='bbox 1134 2304 1165 2324; x_wconf 79' lang='lat' dir='ltr'><strong>eo</strong></span> <span class='ocrx_word' id='word_1_775' title='bbox 1187 2296 1256 2330; x_wconf 85' lang='lat' dir='ltr'><strong>quod</strong></span> <span class='ocrx_word' id='word_1_776' title='bbox 1272 2296 1399 2328; x_wconf 79' lang='lat' dir='ltr'><strong>atlirmat,</strong></span> <span class='ocrx_word' id='word_1_777' title='bbox 1418 2295 1451 2322; x_wconf 85' lang='lat' dir='ltr'><strong>In</strong></span> <span class='ocrx_word' id='word_1_778' title='bbox 1468 2296 1597 2329; x_wconf 86' lang='lat' dir='ltr'><strong>principio</strong></span> <span class='ocrx_word' id='word_1_779' title='bbox 1609 2300 1663 2321; x_wconf 86' lang='lat' dir='ltr'><strong>erat</strong></span> <span class='ocrx_word' id='word_1_780' title='bbox 1680 2295 1803 2326; x_wconf 82' lang='lat' dir='ltr'><strong>Verbum,</strong></span> 
     </span>
    </p>
   </div>
   <div class='ocr_carea' id='block_1_95' title="bbox 1026 2339 1803 2377">
    <p class='ocr_par' dir='ltr' id='par_1_95' title="bbox 1026 2339 1803 2377">
     <span class='ocr_line' id='line_1_95' title="bbox 1026 2339 1803 2377; baseline -0.001 -9"><span class='ocrx_word' id='word_1_781' title='bbox 1026 2353 1034 2367; x_wconf 78' lang='grc' dir='ltr'>ί</span> <span class='ocrx_word' id='word_1_782' title='bbox 1048 2343 1190 2369; x_wconf 83' lang='lat' dir='ltr'><strong>ostendere</strong></span> <span class='ocrx_word' id='word_1_783' title='bbox 1211 2348 1310 2377; x_wconf 87' lang='lat' dir='ltr'><strong>posset,</strong></span> <span class='ocrx_word' id='word_1_784' title='bbox 1329 2342 1447 2376; x_wconf 85' lang='lat' dir='ltr'><strong>potentia</strong></span> <span class='ocrx_word' id='word_1_785' title='bbox 1465 2349 1524 2368; x_wconf 83' lang='lat' dir='ltr'><strong>esse</strong></span> <span class='ocrx_word' id='word_1_786' title='bbox 1543 2341 1567 2367; x_wconf 94' lang='lat' dir='ltr'><strong>in</strong></span> <span class='ocrx_word' id='word_1_787' title='bbox 1582 2340 1662 2367; x_wconf 87' lang='lat' dir='ltr'><strong>Patre</strong></span> <span class='ocrx_word' id='word_1_788' title='bbox 1679 2348 1727 2367; x_wconf 87' lang='lat' dir='ltr'><strong>suo</strong></span> <span class='ocrx_word' id='word_1_789' title='bbox 1736 2339 1803 2367; x_wconf 84' lang='lat' dir='ltr'><strong>Ver-</strong></span> 
     </span>
    </p>
   </div>
   <div class='ocr_carea' id='block_1_96' title="bbox 187 2386 969 2426">
    <p class='ocr_par' dir='ltr' id='par_1_96' title="bbox 187 2387 968 2426">
     <span class='ocr_line' id='line_1_96' title="bbox 187 2387 968 2426; baseline -0.006 -9"><span class='ocrx_word' id='word_1_790' title='bbox 187 2400 196 2416; x_wconf 89' lang='lat'><strong>1</strong></span> <span class='ocrx_word' id='word_1_791' title='bbox 215 2390 299 2426; x_wconf 83' lang='grc' dir='ltr'>θητὴς</span> <span class='ocrx_word' id='word_1_792' title='bbox 311 2390 357 2417; x_wconf 80' lang='grc' dir='ltr'>τοῦ</span> <span class='ocrx_word' id='word_1_793' title='bbox 379 2391 482 2425; x_wconf 80' lang='grc' dir='ltr'>Κυρίου</span> <span class='ocrx_word' id='word_1_794' title='bbox 500 2389 633 2424; x_wconf 80' lang='grc' dir='ltr'>Ἰωάννης,</span> <span class='ocrx_word' id='word_1_795' title='bbox 660 2389 708 2424; x_wconf 77' lang='grc' dir='ltr'>τῆς</span> <span class='ocrx_word' id='word_1_796' title='bbox 724 2388 871 2422; x_wconf 81' lang='grc' dir='ltr'>ἀϊδιότητος</span> <span class='ocrx_word' id='word_1_797' title='bbox 887 2387 968 2413; x_wconf 77' lang='grc' dir='ltr'>αὑτοῦ</span> 
     </span>
    </p>
   </div>
   <div class='ocr_carea' id='block_1_97' title="bbox 1024 2386 1804 2426">
    <p class='ocr_par' dir='ltr' id='par_1_97' title="bbox 1025 2386 1804 2422">
     <span class='ocr_line' id='line_1_97' title="bbox 1025 2386 1804 2422; baseline -0.004 -7"><span class='ocrx_word' id='word_1_798' title='bbox 1025 2399 1033 2414; x_wconf 82' lang='lat'><strong>1</strong></span> <span class='ocrx_word' id='word_1_799' title='bbox 1049 2389 1120 2415; x_wconf 88' lang='lat' dir='ltr'><strong>bum.</strong></span> <span class='ocrx_word' id='word_1_800' title='bbox 1137 2388 1200 2415; x_wconf 85' lang='lat' dir='ltr'><strong>Erat</strong></span> <span class='ocrx_word' id='word_1_801' title='bbox 1211 2388 1281 2415; x_wconf 92' lang='lat' dir='ltr'><strong>enim</strong></span> <span class='ocrx_word' id='word_1_802' title='bbox 1297 2389 1322 2414; x_wconf 92' lang='lat' dir='ltr'><strong>in</strong></span> <span class='ocrx_word' id='word_1_803' title='bbox 1341 2388 1469 2422; x_wconf 86' lang='lat' dir='ltr'><strong>principio</strong></span> <span class='ocrx_word' id='word_1_804' title='bbox 1485 2394 1573 2413; x_wconf 82' lang='lat' dir='ltr'><strong>rerum</strong></span> <span class='ocrx_word' id='word_1_805' title='bbox 1586 2386 1704 2413; x_wconf 89' lang='lat' dir='ltr'><strong>omnium</strong></span> <span class='ocrx_word' id='word_1_806' title='bbox 1724 2386 1804 2416; x_wconf 81' lang='lat' dir='ltr'><strong>Deus.</strong></span> 
     </span>
    </p>
   </div>
   <div class='ocr_carea' id='block_1_98' title="bbox 187 2434 969 2471">
    <p class='ocr_par' dir='ltr' id='par_1_98' title="bbox 187 2434 969 2471">
     <span class='ocr_line' id='line_1_98' title="bbox 187 2434 969 2471; baseline -0.004 -9"><span class='ocrx_word' id='word_1_807' title='bbox 187 2445 195 2461; x_wconf 78' lang='grc' dir='ltr'><strong>ι</strong></span> <span class='ocrx_word' id='word_1_808' title='bbox 218 2435 402 2471; x_wconf 75' lang='grc' dir='ltr'><strong>μνημονεύωνι</strong></span> <span class='ocrx_word' id='word_1_809' title='bbox 416 2435 518 2470; x_wconf 82' lang='grc' dir='ltr'>ἀληθὴς</span> <span class='ocrx_word' id='word_1_810' title='bbox 545 2434 665 2468; x_wconf 75' lang='grc' dir='ltr'>ἐγίγνετο</span> <span class='ocrx_word' id='word_1_811' title='bbox 690 2434 736 2460; x_wconf 76' lang='grc' dir='ltr'>τοῦ</span> <span class='ocrx_word' id='word_1_812' title='bbox 754 2434 839 2467; x_wconf 73' lang='grc' dir='ltr'>Λόγου</span> <span class='ocrx_word' id='word_1_813' title='bbox 855 2434 969 2468; x_wconf 82' lang='grc' dir='ltr'>μάρτυς,</span> 
     </span>
    </p>
   </div>
   <div class='ocr_carea' id='block_1_99' title="bbox 186 2477 971 2516">
    <p class='ocr_par' dir='ltr' id='par_1_99' title="bbox 186 2477 971 2516">
     <span class='ocr_line' id='line_1_99' title="bbox 186 2477 971 2516; baseline -0.004 -9"><span class='ocrx_word' id='word_1_814' title='bbox 186 2491 195 2507; x_wconf 92' lang='lat'><strong>1</strong></span> <span class='ocrx_word' id='word_1_815' title='bbox 220 2480 357 2515; x_wconf 74' lang='grc' dir='ltr'><strong>Ἐνάρχῇ</strong></span> <span class='ocrx_word' id='word_1_816' title='bbox 386 2479 425 2516; x_wconf 82' lang='grc' dir='ltr'>ἦν</span> <span class='ocrx_word' id='word_1_817' title='bbox 445 2483 461 2508; x_wconf 87' lang='grc' dir='ltr'><em>ὁ</em></span> <span class='ocrx_word' id='word_1_818' title='bbox 485 2481 589 2515; x_wconf 67' lang='grc' dir='ltr'>Λόγος,</span> <span class='ocrx_word' id='word_1_819' title='bbox 609 2480 706 2514; x_wconf 81' lang='grc' dir='ltr'>λέγων,</span> <span class='ocrx_word' id='word_1_820' title='bbox 721 2480 770 2505; x_wconf 80' lang='grc' dir='ltr'><strong>καὶ</strong></span> <span class='ocrx_word' id='word_1_821' title='bbox 795 2480 916 2514; x_wconf 74' lang='grc' dir='ltr'>δ’Λόγος</span> <span class='ocrx_word' id='word_1_822' title='bbox 931 2477 971 2513; x_wconf 76' lang='grc' dir='ltr'>ἦν</span> 
     </span>
    </p>
   </div>
   <div class='ocr_carea' id='block_1_100' title="bbox 186 2524 970 2560">
    <p class='ocr_par' dir='ltr' id='par_1_100' title="bbox 186 2524 970 2560">
     <span class='ocr_line' id='line_1_100' title="bbox 186 2524 970 2560; baseline -0.001 -9"><span class='ocrx_word' id='word_1_823' title='bbox 186 2536 197 2551; x_wconf 76' lang='grc' dir='ltr'><strong>ι</strong></span> <span class='ocrx_word' id='word_1_824' title='bbox 217 2526 293 2560; x_wconf 85' lang='grc' dir='ltr'>πρὸς</span> <span class='ocrx_word' id='word_1_825' title='bbox 303 2527 357 2553; x_wconf 82' lang='grc' dir='ltr'>τὸν</span> <span class='ocrx_word' id='word_1_826' title='bbox 385 2527 468 2557; x_wconf 83' lang='grc' dir='ltr'>Θεὸν,</span> <span class='ocrx_word' id='word_1_827' title='bbox 486 2526 537 2553; x_wconf 80' lang='grc' dir='ltr'><strong>καὶ</strong></span> <span class='ocrx_word' id='word_1_828' title='bbox 556 2526 627 2558; x_wconf 73' lang='grc' dir='ltr'>Θεὸς</span> <span class='ocrx_word' id='word_1_829' title='bbox 646 2524 685 2560; x_wconf 81' lang='grc' dir='ltr'>ἦν</span> <span class='ocrx_word' id='word_1_830' title='bbox 710 2527 726 2552; x_wconf 84' lang='grc' dir='ltr'><em>ὁ</em></span> <span class='ocrx_word' id='word_1_831' title='bbox 750 2526 844 2560; x_wconf 78' lang='grc' dir='ltr'>Λόγος</span> <span class='ocrx_word' id='word_1_832' title='bbox 861 2533 867 2540; x_wconf 94' lang='grc'><strong>·</strong></span> <span class='ocrx_word' id='word_1_833' title='bbox 897 2525 970 2551; x_wconf 80' lang='grc' dir='ltr'>οὐδὲν</span> 
     </span>
    </p>
   </div>
   <div class='ocr_carea' id='block_1_101' title="bbox 186 2570 969 2607">
    <p class='ocr_par' dir='ltr' id='par_1_101' title="bbox 186 2570 969 2607">
     <span class='ocr_line' id='line_1_101' title="bbox 186 2570 969 2607; baseline -0.003 -9"><span class='ocrx_word' id='word_1_834' title='bbox 186 2583 195 2597; x_wconf 90' lang='lat'><strong>1</strong></span> <span class='ocrx_word' id='word_1_835' title='bbox 218 2572 354 2607; x_wconf 79' lang='grc' dir='ltr'>γενέσεως</span> <span class='ocrx_word' id='word_1_836' title='bbox 382 2572 499 2600; x_wconf 77' lang='grc' dir='ltr'>ἐνταῦθα</span> <span class='ocrx_word' id='word_1_837' title='bbox 527 2572 702 2607; x_wconf 85' lang='grc' dir='ltr'>μνημονεύων</span> <span class='ocrx_word' id='word_1_838' title='bbox 721 2570 768 2598; x_wconf 81' lang='grc' dir='ltr'>τοῦ</span> <span class='ocrx_word' id='word_1_839' title='bbox 797 2571 894 2603; x_wconf 84' lang='grc' dir='ltr'>Λόγου,</span> <span class='ocrx_word' id='word_1_840' title='bbox 913 2570 969 2597; x_wconf 77' lang='grc' dir='ltr'>ἀλλ’</span> 
     </span>
    </p>
   </div>
   <div class='ocr_carea' id='block_1_102' title="bbox 189 2616 968 2653">
    <p class='ocr_par' dir='ltr' id='par_1_102' title="bbox 189 2616 968 2653">
     <span class='ocr_line' id='line_1_102' title="bbox 189 2616 968 2653; baseline -0.003 -9"><span class='ocrx_word' id='word_1_841' title='bbox 189 2627 199 2643; x_wconf 91' lang='lat'><strong>1</strong></span> <span class='ocrx_word' id='word_1_842' title='bbox 219 2617 380 2653; x_wconf 70' lang='grc' dir='ltr'>ἐπαλλήλοις</span> <span class='ocrx_word' id='word_1_843' title='bbox 396 2618 468 2653; x_wconf 74' lang='grc' dir='ltr'>τρισὶ</span> <span class='ocrx_word' id='word_1_844' title='bbox 494 2617 655 2653; x_wconf 76' lang='grc' dir='ltr'>μαρτυρίαις</span> <span class='ocrx_word' id='word_1_845' title='bbox 682 2616 831 2652; x_wconf 82' lang='grc' dir='ltr'>χρώμενος.</span> <span class='ocrx_word' id='word_1_846' title='bbox 844 2616 968 2643; x_wconf 75' lang='grc' dir='ltr'>ἐϐεϐαίου</span> 
     </span>
    </p>
   </div>
   <div class='ocr_carea' id='block_1_103' title="bbox 185 2662 966 2699">
    <p class='ocr_par' dir='ltr' id='par_1_103' title="bbox 185 2662 966 2699">
     <span class='ocr_line' id='line_1_103' title="bbox 185 2662 966 2699; baseline -0.004 -9"><span class='ocrx_word' id='word_1_847' title='bbox 185 2674 194 2689; x_wconf 92' lang='lat'><strong>1</strong></span> <span class='ocrx_word' id='word_1_848' title='bbox 212 2665 241 2690; x_wconf 80' lang='grc' dir='ltr'>ὲν</span> <span class='ocrx_word' id='word_1_849' title='bbox 255 2664 324 2699; x_wconf 81' lang='grc' dir='ltr'><strong>ἀρχῇ</strong></span> <span class='ocrx_word' id='word_1_850' title='bbox 343 2664 389 2690; x_wconf 81' lang='grc' dir='ltr'>τὸν</span> <span class='ocrx_word' id='word_1_851' title='bbox 401 2664 486 2698; x_wconf 83' lang='grc' dir='ltr'>Λόγον</span> <span class='ocrx_word' id='word_1_852' title='bbox 501 2662 579 2690; x_wconf 87' lang='grc' dir='ltr'>εἶναι.</span> <span class='ocrx_word' id='word_1_853' title='bbox 593 2673 601 2689; x_wconf 73' lang='grc' dir='ltr'><strong>ι</strong></span> <span class='ocrx_word' id='word_1_854' title='bbox 619 2664 673 2690; x_wconf 68' lang='grc' dir='ltr'><strong>Καὶ</strong></span> <span class='ocrx_word' id='word_1_855' title='bbox 690 2662 850 2698; x_wconf 81' lang='grc' dir='ltr'>προστίθησι</span> <span class='ocrx_word' id='word_1_856' title='bbox 863 2662 966 2693; x_wconf 87' lang='grc' dir='ltr'>τούτοις</span> 
     </span>
    </p>
   </div>
   <div class='ocr_carea' id='block_1_104' title="bbox 182 2707 966 2745">
    <p class='ocr_par' dir='ltr' id='par_1_104' title="bbox 182 2707 966 2745">
     <span class='ocr_line' id='line_1_104' title="bbox 182 2707 966 2745; baseline -0.003 -10"><span class='ocrx_word' id='word_1_857' title='bbox 182 2709 284 2743; x_wconf 86' lang='grc' dir='ltr'>λέγων·</span> <span class='ocrx_word' id='word_1_858' title='bbox 306 2717 316 2734; x_wconf 88' lang='lat'><strong>1</strong></span> <span class='ocrx_word' id='word_1_859' title='bbox 331 2709 386 2745; x_wconf 77' lang='grc' dir='ltr'><strong>Τὴν</strong></span> <span class='ocrx_word' id='word_1_860' title='bbox 404 2709 453 2744; x_wconf 81' lang='grc' dir='ltr'>μὲν</span> <span class='ocrx_word' id='word_1_861' title='bbox 478 2709 547 2736; x_wconf 80' lang='grc' dir='ltr'>κατὰ</span> <span class='ocrx_word' id='word_1_862' title='bbox 564 2709 652 2745; x_wconf 79' lang='grc' dir='ltr'>σάρκα</span> <span class='ocrx_word' id='word_1_863' title='bbox 677 2708 830 2744; x_wconf 85' lang='grc' dir='ltr'>οἰκονομίαν</span> <span class='ocrx_word' id='word_1_864' title='bbox 854 2708 893 2742; x_wconf 81' lang='grc' dir='ltr'>τῷ</span> <span class='ocrx_word' id='word_1_865' title='bbox 919 2707 966 2734; x_wconf 84' lang='grc' dir='ltr'><strong>ἀν-</strong></span> 
     </span>
    </p>
   </div>
   <div class='ocr_carea' id='block_1_105' title="bbox 1023 2431 1804 2469">
    <p class='ocr_par' dir='ltr' id='par_1_105' title="bbox 1023 2431 1804 2469">
     <span class='ocr_line' id='line_1_105' title="bbox 1023 2431 1804 2469; baseline -0.003 -9"><span class='ocrx_word' id='word_1_866' title='bbox 1023 2446 1030 2460; x_wconf 86' lang='lat'><strong>1</strong></span> <span class='ocrx_word' id='word_1_867' title='bbox 1047 2435 1078 2462; x_wconf 79' lang='lat' dir='ltr'><strong>de</strong></span> <span class='ocrx_word' id='word_1_868' title='bbox 1087 2443 1139 2469; x_wconf 88' lang='lat' dir='ltr'><strong>quo</strong></span> <span class='ocrx_word' id='word_1_869' title='bbox 1153 2435 1254 2462; x_wconf 88' lang='lat' dir='ltr'><strong>omnia.</strong></span> <span class='ocrx_word' id='word_1_870' title='bbox 1268 2435 1294 2462; x_wconf 94' lang='lat' dir='ltr'><strong>ln</strong></span> <span class='ocrx_word' id='word_1_871' title='bbox 1312 2442 1343 2461; x_wconf 91' lang='lat' dir='ltr'><strong>eo</strong></span> <span class='ocrx_word' id='word_1_872' title='bbox 1356 2434 1426 2469; x_wconf 90' lang='lat' dir='ltr'><strong>quod</strong></span> <span class='ocrx_word' id='word_1_873' title='bbox 1442 2434 1489 2465; x_wconf 83' lang='lat' dir='ltr'><strong>ait,</strong></span> <span class='ocrx_word' id='word_1_874' title='bbox 1501 2433 1532 2459; x_wconf 86' lang='lat' dir='ltr'><strong>Et</strong></span> <span class='ocrx_word' id='word_1_875' title='bbox 1551 2431 1658 2458; x_wconf 87' lang='lat' dir='ltr'><strong>Verbum</strong></span> <span class='ocrx_word' id='word_1_876' title='bbox 1671 2432 1737 2458; x_wconf 83' lang='lat' dir='ltr'><strong>illud</strong></span> <span class='ocrx_word' id='word_1_877' title='bbox 1749 2437 1804 2458; x_wconf 88' lang='lat' dir='ltr'><strong>erat</strong></span> 
     </span>
    </p>
   </div>
   <div class='ocr_carea' id='block_1_106' title="bbox 1023 2478 1802 2515">
    <p class='ocr_par' dir='ltr' id='par_1_106' title="bbox 1023 2478 1802 2515">
     <span class='ocr_line' id='line_1_106' title="bbox 1023 2478 1802 2515; baseline -0.005 -8"><span class='ocrx_word' id='word_1_878' title='bbox 1023 2492 1031 2506; x_wconf 92' lang='lat'><strong>1</strong></span> <span class='ocrx_word' id='word_1_879' title='bbox 1047 2481 1115 2515; x_wconf 85' lang='lat' dir='ltr'><strong>apud</strong></span> <span class='ocrx_word' id='word_1_880' title='bbox 1132 2480 1224 2513; x_wconf 87' lang='lat' dir='ltr'><strong>Deum,</strong></span> <span class='ocrx_word' id='word_1_881' title='bbox 1240 2480 1357 2507; x_wconf 86' lang='lat' dir='ltr'><strong>Verbum</strong></span> <span class='ocrx_word' id='word_1_882' title='bbox 1382 2479 1517 2506; x_wconf 75' lang='lat' dir='ltr'><strong>exstitisse</strong></span> <span class='ocrx_word' id='word_1_883' title='bbox 1538 2478 1616 2505; x_wconf 84' lang='lat' dir='ltr'><strong>docet</strong></span> <span class='ocrx_word' id='word_1_884' title='bbox 1630 2478 1698 2511; x_wconf 85' lang='lat' dir='ltr'><strong>apud</strong></span> <span class='ocrx_word' id='word_1_885' title='bbox 1721 2478 1802 2504; x_wconf 85' lang='lat' dir='ltr'><strong>Deum</strong></span> 
     </span>
    </p>
   </div>
   <div class='ocr_carea' id='block_1_107' title="bbox 1023 2523 1802 2561">
    <p class='ocr_par' dir='ltr' id='par_1_107' title="bbox 1023 2523 1802 2561">
     <span class='ocr_line' id='line_1_107' title="bbox 1023 2523 1802 2561; baseline -0.001 -10"><span class='ocrx_word' id='word_1_886' title='bbox 1023 2537 1031 2551; x_wconf 75' lang='lat'><strong>1</strong></span> <span class='ocrx_word' id='word_1_887' title='bbox 1048 2531 1117 2553; x_wconf 86' lang='lat' dir='ltr'><strong>actu.</strong></span> <span class='ocrx_word' id='word_1_888' title='bbox 1138 2526 1204 2552; x_wconf 80' lang='lat' dir='ltr'><strong>Nam</strong></span> <span class='ocrx_word' id='word_1_889' title='bbox 1224 2533 1270 2561; x_wconf 88' lang='lat' dir='ltr'><strong>per</strong></span> <span class='ocrx_word' id='word_1_890' title='bbox 1292 2526 1364 2552; x_wconf 87' lang='lat' dir='ltr'><strong>illiiin</strong></span> <span class='ocrx_word' id='word_1_891' title='bbox 1390 2525 1478 2551; x_wconf 86' lang='lat' dir='ltr'><strong>omnia</strong></span> <span class='ocrx_word' id='word_1_892' title='bbox 1505 2525 1619 2557; x_wconf 79' lang='lat' dir='ltr'><strong>ﬁebant,</strong></span> <span class='ocrx_word' id='word_1_893' title='bbox 1634 2529 1660 2551; x_wconf 90' lang='lat' dir='ltr'><strong>et</strong></span> <span class='ocrx_word' id='word_1_894' title='bbox 1675 2524 1733 2550; x_wconf 88' lang='lat' dir='ltr'><strong>sine</strong></span> <span class='ocrx_word' id='word_1_895' title='bbox 1759 2523 1802 2550; x_wconf 90' lang='lat' dir='ltr'><strong>illo</strong></span> 
     </span>
    </p>
   </div>
   <div class='ocr_carea' id='block_1_108' title="bbox 1024 2567 1803 2605">
    <p class='ocr_par' dir='ltr' id='par_1_108' title="bbox 1024 2567 1803 2605">
     <span class='ocr_line' id='line_1_108' title="bbox 1024 2567 1803 2605; baseline -0.005 -6"><span class='ocrx_word' id='word_1_896' title='bbox 1024 2583 1032 2598; x_wconf 97' lang='lat'><strong>1</strong></span> <span class='ocrx_word' id='word_1_897' title='bbox 1047 2572 1128 2599; x_wconf 83' lang='lat' dir='ltr'><strong>ﬁebat</strong></span> <span class='ocrx_word' id='word_1_898' title='bbox 1150 2572 1216 2599; x_wconf 89' lang='lat' dir='ltr'><strong>nihil</strong></span> <span class='ocrx_word' id='word_1_899' title='bbox 1232 2572 1301 2605; x_wconf 91' lang='lat' dir='ltr'><strong>quod</strong></span> <span class='ocrx_word' id='word_1_900' title='bbox 1322 2571 1420 2598; x_wconf 78' lang='lat' dir='ltr'><strong>factum</strong></span> <span class='ocrx_word' id='word_1_901' title='bbox 1433 2567 1501 2602; x_wconf 74' lang='lat' dir='ltr'><strong>fuit;</strong></span> <span class='ocrx_word' id='word_1_902' title='bbox 1523 2571 1548 2597; x_wconf 88' lang='lat' dir='ltr'><strong>in</strong></span> <span class='ocrx_word' id='word_1_903' title='bbox 1567 2578 1598 2597; x_wconf 92' lang='lat' dir='ltr'><strong>eo</strong></span> <span class='ocrx_word' id='word_1_904' title='bbox 1612 2570 1690 2604; x_wconf 70' lang='lat' dir='ltr'><strong>&#39;quod</strong></span> <span class='ocrx_word' id='word_1_905' title='bbox 1705 2569 1803 2596; x_wconf 89' lang='lat' dir='ltr'><strong>dicitur</strong></span> 
     </span>
    </p>
   </div>
   <div class='ocr_carea' id='block_1_109' title="bbox 1027 2615 1805 2648">
    <p class='ocr_par' dir='ltr' id='par_1_109' title="bbox 1027 2615 1805 2648">
     <span class='ocr_line' id='line_1_109' title="bbox 1027 2615 1805 2648; baseline -0.001 -6"><span class='ocrx_word' id='word_1_906' title='bbox 1027 2627 1035 2642; x_wconf 85' lang='lat'><strong>1</strong></span> <span class='ocrx_word' id='word_1_907' title='bbox 1051 2618 1133 2645; x_wconf 84' lang='lat' dir='ltr'><strong>Deum</strong></span> <span class='ocrx_word' id='word_1_908' title='bbox 1147 2625 1208 2645; x_wconf 85' lang='lat' dir='ltr'><strong>esse</strong></span> <span class='ocrx_word' id='word_1_909' title='bbox 1229 2617 1292 2644; x_wconf 89' lang='lat' dir='ltr'><strong>illud</strong></span> <span class='ocrx_word' id='word_1_910' title='bbox 1309 2616 1423 2643; x_wconf 87' lang='lat' dir='ltr'><strong>Verbum</strong></span> <span class='ocrx_word' id='word_1_911' title='bbox 1435 2636 1442 2648; x_wconf 93' lang='lat'><strong>,</strong></span> <span class='ocrx_word' id='word_1_912' title='bbox 1457 2616 1623 2642; x_wconf 85' lang='lat' dir='ltr'><strong>divinitatem</strong></span> <span class='ocrx_word' id='word_1_913' title='bbox 1644 2623 1695 2642; x_wconf 92' lang='lat' dir='ltr'><strong>non</strong></span> <span class='ocrx_word' id='word_1_914' title='bbox 1710 2615 1805 2642; x_wconf 81' lang='lat' dir='ltr'><strong>dividit</strong></span> 
     </span>
    </p>
   </div>
   <div class='ocr_carea' id='block_1_110' title="bbox 1024 2660 1805 2696">
    <p class='ocr_par' dir='ltr' id='par_1_110' title="bbox 1024 2660 1805 2696">
     <span class='ocr_line' id='line_1_110' title="bbox 1024 2660 1805 2696; baseline -0.004 -7"><span class='ocrx_word' id='word_1_915' title='bbox 1024 2671 1033 2685; x_wconf 84' lang='lat'><strong>1</strong></span> <span class='ocrx_word' id='word_1_916' title='bbox 1050 2663 1121 2696; x_wconf 89' lang='lat' dir='ltr'><strong>quod</strong></span> <span class='ocrx_word' id='word_1_917' title='bbox 1135 2662 1250 2689; x_wconf 89' lang='lat' dir='ltr'><strong>Verbum</strong></span> <span class='ocrx_word' id='word_1_918' title='bbox 1267 2666 1347 2694; x_wconf 82' lang='lat' dir='ltr'><strong>esset,</strong></span> <span class='ocrx_word' id='word_1_919' title='bbox 1365 2661 1390 2688; x_wconf 86' lang='lat' dir='ltr'><strong>id</strong></span> <span class='ocrx_word' id='word_1_920' title='bbox 1402 2662 1472 2696; x_wconf 87' lang='lat' dir='ltr'><strong>quod</strong></span> <span class='ocrx_word' id='word_1_921' title='bbox 1490 2662 1515 2688; x_wconf 86' lang='lat' dir='ltr'><strong>iu</strong></span> <span class='ocrx_word' id='word_1_922' title='bbox 1530 2661 1572 2687; x_wconf 90' lang='lat' dir='ltr'><strong>illo</strong></span> <span class='ocrx_word' id='word_1_923' title='bbox 1585 2665 1661 2693; x_wconf 84' lang='lat' dir='ltr'><strong>erat,</strong></span> <span class='ocrx_word' id='word_1_924' title='bbox 1676 2666 1700 2687; x_wconf 82' lang='lat' dir='ltr'><strong>et</strong></span> <span class='ocrx_word' id='word_1_925' title='bbox 1718 2660 1762 2687; x_wconf 87' lang='lat' dir='ltr'><strong>ille</strong></span> <span class='ocrx_word' id='word_1_926' title='bbox 1780 2661 1805 2686; x_wconf 92' lang='lat' dir='ltr'><strong>in</strong></span> 
     </span>
    </p>
   </div>
   <div class='ocr_carea' id='block_1_111' title="bbox 1021 2707 1802 2742">
    <p class='ocr_par' dir='ltr' id='par_1_111' title="bbox 1021 2707 1802 2742">
     <span class='ocr_line' id='line_1_111' title="bbox 1021 2707 1802 2742; baseline -0.003 -8"><span class='ocrx_word' id='word_1_927' title='bbox 1021 2719 1030 2733; x_wconf 92' lang='lat'><strong>1</strong></span> <span class='ocrx_word' id='word_1_928' title='bbox 1046 2709 1142 2736; x_wconf 87' lang='lat' dir='ltr'><strong>Verbo.</strong></span> <span class='ocrx_word' id='word_1_929' title='bbox 1152 2708 1186 2735; x_wconf 84' lang='lat' dir='ltr'><strong>In</strong></span> <span class='ocrx_word' id='word_1_930' title='bbox 1194 2717 1233 2735; x_wconf 89' lang='lat' dir='ltr'><strong>me</strong></span> <span class='ocrx_word' id='word_1_931' title='bbox 1241 2708 1322 2740; x_wconf 79' lang='lat' dir='ltr'><strong>enim,</strong></span> <span class='ocrx_word' id='word_1_932' title='bbox 1335 2708 1431 2742; x_wconf 82' lang='lat' dir='ltr'><strong>inquit,</strong></span> <span class='ocrx_word' id='word_1_933' title='bbox 1440 2707 1526 2740; x_wconf 80' lang='lat' dir='ltr'><strong>Pater,</strong></span> <span class='ocrx_word' id='word_1_934' title='bbox 1536 2712 1560 2734; x_wconf 88' lang='lat' dir='ltr'><strong>et</strong></span> <span class='ocrx_word' id='word_1_935' title='bbox 1569 2716 1614 2741; x_wconf 85' lang='lat' dir='ltr'><strong>ego</strong></span> <span class='ocrx_word' id='word_1_936' title='bbox 1626 2708 1652 2733; x_wconf 88' lang='lat' dir='ltr'><strong>in</strong></span> <span class='ocrx_word' id='word_1_937' title='bbox 1665 2707 1744 2734; x_wconf 83' lang='lat' dir='ltr'><strong>Patre</strong></span> <span class='ocrx_word' id='word_1_938' title='bbox 1753 2707 1785 2734; x_wconf 76' lang='grc'><strong>⁸⁷.</strong></span> <span class='ocrx_word' id='word_1_939' title='bbox 1794 2716 1802 2732; x_wconf 76' lang='grc' dir='ltr'><strong>ι</strong></span> 
     </span>
    </p>
   </div>
   <div class='ocr_carea' id='block_1_112' title="bbox 215 2787 1802 2827">
    <p class='ocr_par' dir='ltr' id='par_1_112' title="bbox 215 2787 1802 2827">
     <span class='ocr_line' id='line_1_112' title="bbox 215 2787 1802 2827; baseline -0.002 -9"><span class='ocrx_word' id='word_1_940' title='bbox 215 2795 245 2824; x_wconf 64' lang='lat'><strong>&gt;11</strong></span> <span class='ocrx_word' id='word_1_941' title='bbox 260 2792 309 2819; x_wconf 87' lang='lat' dir='ltr'><strong>Ed.</strong></span> <span class='ocrx_word' id='word_1_942' title='bbox 329 2791 430 2827; x_wconf 56' lang='lat' dir='ltr'><strong>Paris”</strong></span> <span class='ocrx_word' id='word_1_943' title='bbox 445 2800 505 2827; x_wconf 76' lang='lat' dir='ltr'><strong>pag.</strong></span> <span class='ocrx_word' id='word_1_944' title='bbox 524 2792 568 2819; x_wconf 76' lang='lat'><strong>37.</strong></span> <span class='ocrx_word' id='word_1_945' title='bbox 621 2791 643 2827; x_wconf 44' lang='lat'><strong>7&quot;</strong></span> <span class='ocrx_word' id='word_1_946' title='bbox 657 2791 727 2827; x_wconf 57' lang='lat' dir='ltr'><strong>l’sal.</strong></span> <span class='ocrx_word' id='word_1_947' title='bbox 746 2799 831 2820; x_wconf 77' lang='lat' dir='ltr'><strong>xxx&quot;.</strong></span> <span class='ocrx_word' id='word_1_948' title='bbox 843 2791 870 2817; x_wconf 83' lang='grc'><strong>6.</strong></span> <span class='ocrx_word' id='word_1_949' title='bbox 886 2826 892 2827; x_wconf 21' lang='lat'><em>7</em></span> <span class='ocrx_word' id='word_1_950' title='bbox 913 2790 938 2827; x_wconf 75' lang='lat'><strong>_“</strong></span> <span class='ocrx_word' id='word_1_951' title='bbox 951 2790 1022 2816; x_wconf 86' lang='lat' dir='ltr'><strong>Psat.</strong></span> <span class='ocrx_word' id='word_1_952' title='bbox 1040 2800 1093 2824; x_wconf 73' lang='grc' dir='ltr'>ενι,</span> <span class='ocrx_word' id='word_1_953' title='bbox 1108 2791 1153 2827; x_wconf 53' lang='grc' dir='ltr'><strong>20ζ</strong></span> <span class='ocrx_word' id='word_1_954' title='bbox 1195 2791 1215 2806; x_wconf 80' lang='grc'>⁸¹</span> <span class='ocrx_word' id='word_1_955' title='bbox 1233 2791 1371 2827; x_wconf 37' lang='grc' dir='ltr'>Ξειξεχιιι,</span> <span class='ocrx_word' id='word_1_956' title='bbox 1387 2789 1414 2821; x_wconf 83' lang='grc'><strong>6,</strong></span> <span class='ocrx_word' id='word_1_957' title='bbox 1425 2789 1451 2815; x_wconf 91' lang='lat'><strong>7.</strong></span> <span class='ocrx_word' id='word_1_958' title='bbox 1500 2789 1618 2821; x_wconf 53' lang='lat' dir='ltr'><strong>“15am,</strong></span> <span class='ocrx_word' id='word_1_959' title='bbox 1631 2789 1657 2816; x_wconf 76' lang='lat'><strong>3.</strong></span> <span class='ocrx_word' id='word_1_960' title='bbox 1711 2789 1735 2806; x_wconf 78' lang='lat'>’&quot;</span> <span class='ocrx_word' id='word_1_961' title='bbox 1748 2787 1802 2816; x_wconf 76' lang='lat' dir='ltr'><strong>.lcr.</strong></span> 
     </span>
    </p>
   </div>
   <div class='ocr_carea' id='block_1_113' title="bbox 181 2825 502 2862">
    <p class='ocr_par' dir='ltr' id='par_1_113' title="bbox 181 2825 502 2862">
     <span class='ocr_line' id='line_1_113' title="bbox 181 2825 502 2862; baseline 0.003 -8"><span class='ocrx_word' id='word_1_962' title='bbox 181 2834 242 2859; x_wconf 81' lang='lat' dir='ltr'><strong>vui,</strong></span> <span class='ocrx_word' id='word_1_963' title='bbox 259 2827 286 2854; x_wconf 91' lang='lat'><strong>9.</strong></span> <span class='ocrx_word' id='word_1_964' title='bbox 323 2825 453 2855; x_wconf 43' lang='lat' dir='ltr'><strong>“‘Aiiiosl</strong></span> <span class='ocrx_word' id='word_1_965' title='bbox 475 2825 502 2862; x_wconf 67' lang='grc' dir='ltr'>ν,</span> 
     </span>
    </p>
   </div>
   <div class='ocr_carea' id='block_1_114' title="bbox 544 2825 1067 2859">
    <p class='ocr_par' dir='ltr' id='par_1_114' title="bbox 544 2825 1067 2859">
     <span class='ocr_line' id='line_1_114' title="bbox 544 2825 1067 2859; baseline 0.002 -7"><span class='ocrx_word' id='word_1_966' title='bbox 544 2827 587 2854; x_wconf 81' lang='grc' dir='ltr'><strong>1οε</strong></span> <span class='ocrx_word' id='word_1_967' title='bbox 624 2826 645 2842; x_wconf 73' lang='grc'><strong>⁸⁵</strong></span> <span class='ocrx_word' id='word_1_968' title='bbox 662 2826 790 2857; x_wconf 73' lang='lat' dir='ltr'><strong>Miclmv,</strong></span> <span class='ocrx_word' id='word_1_969' title='bbox 805 2827 831 2852; x_wconf 69' lang='grc'><strong>2.</strong></span> <span class='ocrx_word' id='word_1_970' title='bbox 871 2826 894 2841; x_wconf 76' lang='grc'><strong>⁸⁵</strong></span> <span class='ocrx_word' id='word_1_971' title='bbox 907 2825 984 2853; x_wconf 83' lang='lat' dir='ltr'><strong>Joan.</strong></span> <span class='ocrx_word' id='word_1_972' title='bbox 1006 2833 1025 2859; x_wconf 85' lang='grc' dir='ltr'><strong>ι,</strong></span> <span class='ocrx_word' id='word_1_973' title='bbox 1045 2828 1067 2855; x_wconf 91' lang='lat' dir='ltr'><strong>l.</strong></span> 
     </span>
    </p>
   </div>
   <div class='ocr_carea' id='block_1_115' title="bbox 1105 2825 1320 2856">
    <p class='ocr_par' dir='ltr' id='par_1_115' title="bbox 1105 2825 1320 2856">
     <span class='ocr_line' id='line_1_115' title="bbox 1105 2825 1320 2856; baseline -0.005 -4"><span class='ocrx_word' id='word_1_974' title='bbox 1105 2827 1126 2842; x_wconf 80' lang='grc'><strong>⁸⁷</strong></span> <span class='ocrx_word' id='word_1_975' title='bbox 1139 2825 1217 2852; x_wconf 86' lang='lat' dir='ltr'><strong>Joan.</strong></span> <span class='ocrx_word' id='word_1_976' title='bbox 1236 2834 1262 2856; x_wconf 70' lang='grc' dir='ltr'>χ,</span> <span class='ocrx_word' id='word_1_977' title='bbox 1277 2825 1320 2852; x_wconf 84' lang='grc'><strong>58.</strong></span> 
     </span>
    </p>
   </div>
   <div class='ocr_carea' id='block_1_116' title="bbox 215 2949 969 2999">
    <p class='ocr_par' dir='ltr' id='par_1_116' title="bbox 215 2950 969 2999">
     <span class='ocr_line' id='line_1_116' title="bbox 215 2950 969 2999; baseline -0.003 -16"><span class='ocrx_word' id='word_1_978' title='bbox 215 2955 272 2990; x_wconf 75' lang='lat'><strong>(39)</strong></span> <span class='ocrx_word' id='word_1_979' title='bbox 284 2955 369 2991; x_wconf 83' lang='lat' dir='ltr'><strong>Vulgo</strong></span> <span class='ocrx_word' id='word_1_980' title='bbox 377 2955 476 2988; x_wconf 58' lang='grc' dir='ltr'>οὕτως</span> <span class='ocrx_word' id='word_1_981' title='bbox 495 2955 565 2983; x_wconf 83' lang='lat' dir='ltr'><strong>inl&#39;ra</strong></span> <span class='ocrx_word' id='word_1_982' title='bbox 574 2954 653 2999; x_wconf 74' lang='lat' dir='ltr'><strong>vulgo</strong></span> <span class='ocrx_word' id='word_1_983' title='bbox 667 2954 700 2981; x_wconf 84' lang='grc' dir='ltr'><strong>δι’</strong></span> <span class='ocrx_word' id='word_1_984' title='bbox 714 2950 750 2982; x_wconf 82' lang='grc' dir='ltr'><strong>ὧν</strong></span> <span class='ocrx_word' id='word_1_985' title='bbox 766 2954 827 2989; x_wconf 74' lang='grc' dir='ltr'><strong>ἑξῆς</strong></span> <span class='ocrx_word' id='word_1_986' title='bbox 844 2955 969 2989; x_wconf 64' lang='grc' dir='ltr'>ὲππιγγέλ]</span> 
     </span>
    </p>
   </div>
   <div class='ocr_carea' id='block_1_117' title="bbox 1024 2949 1664 2999">
    <p class='ocr_par' dir='ltr' id='par_1_117' title="bbox 1024 2949 1664 2989">
     <span class='ocr_line' id='line_1_117' title="bbox 1024 2949 1664 2989; baseline -0.006 -9"><span class='ocrx_word' id='word_1_987' title='bbox 1024 2953 1118 2989; x_wconf 67' lang='grc' dir='ltr'>λέγων·</span> <span class='ocrx_word' id='word_1_988' title='bbox 1134 2952 1221 2988; x_wconf 84' lang='grc' dir='ltr'>ἱερός·</span> <span class='ocrx_word' id='word_1_989' title='bbox 1236 2955 1262 2978; x_wconf 87' lang='lat' dir='ltr'><strong>ct</strong></span> <span class='ocrx_word' id='word_1_990' title='bbox 1280 2951 1431 2987; x_wconf 72' lang='grc' dir='ltr'>γεννήσεως</span> <span class='ocrx_word' id='word_1_991' title='bbox 1448 2955 1475 2979; x_wconf 87' lang='lat' dir='ltr'><strong>et</strong></span> <span class='ocrx_word' id='word_1_992' title='bbox 1489 2949 1664 2985; x_wconf 64' lang='grc' dir='ltr'>ὲπαλλήλαιεςι.</span> 
     </span>
    </p>
   </div>
  </div>
