2045 3215
189 216 242 243 789

743 215 883 243 CONTRA
903 214 1115 243 MARCELLUM
1136 214 1200 243 LIB.
1220 214 1253 242 ll.

1758 213 1808 240 79“

192 284 202 299 1
218 273 303 301 κοινά
330 273 417 299 ἐστιν
448 272 546 304 εἰπεῖν,
577 271 670 299 Πάντα
697 272 747 299 ὅσα
770 271 827 307 ἔχει
844 259 869 298 ὁὶ
883 272 978 307 Πατὴρ

1034 280 1041 296 ι
1063 271 1160 299 exinde
1173 270 1268 306 liquet,
1284 277 1315 298 ex
1332 277 1365 297 eo
1376 268 1448 304 quod
1462 268 1589 299 declinat.
1604 271 1631 295 et
1639 267 1810 302 deprecatur.

193 330 202 344 1
222 318 276 354 ἐμά
296 318 370 344 ἐστιν
395 316 457 352 ἔφη.
475 316 572 343 Καίτοι
593 317 644 343 οὐκ
658 315 692 352 ἦν
716 317 780 344 ἴδιον
794 317 839 344 τοῦ
865 326 977 352 συμφω-

193 374 202 388 1
218 362 327 393 νοῦντος
350 361 420 388 οὕτω
440 361 539 395 λέγειν,
558 361 635 394 ἀλλὰ,
654 371 663 387 1
683 362 784 388 Πάντα
801 362 859 388 ὅσα
876 362 938 395 ἔχει
962 363 977 387 ό

193 417 202 432 1
220 406 331 440 Πατὴρ,
349 405 434 432 κοινά
444 405 537 433 ἐστιν.
550 416 559 432 ι
573 407 605 433 Εί
618 407 672 442 γὰρ
696 408 723 434 al
739 406 792 433 τῶν
812 407 977 435 Ἀποπόλων

194 463 203 478 1
223 453 351 489 Πράξεις.
364 453 414 487 τὴν
426 453 480 479 τῶν
497 452 648 488 τηνικαῦτα
661 453 827 488 προσιόντων
840 455 871 487 τῇ
890 454 978 480 πίστει

193 508 202 523 1
224 493 382 533 συμφωνίαν
394 496 563 528 ὲπαινοῠσὰι,
584 506 593 522 1
613 497 713 523 Πάντα
728 495 767 531 ἦν
780 497 881 529 αὐτοῖς
894 497 979 523 κοινὰ

193 553 203 568 1
223 543 338 578 ἔφασαν,
355 543 403 569 καὶ
418 542 632 576 ὲπ“ἀνθρώπων,
650 543 702 569 τῶν
718 544 872 577 συμφωνεῖν
900 542 979 568 δυνα-

193 599 203 616 1
225 589 324 625 μένων,
348 589 426 616 κοινὰ
453 587 522 616 εἶναι
547 589 634 616 πάντα
660 588 779 624 νομίζειν
808 589 977 623 ὀφειλόντων,

195 645 204 661 1
226 635 281 670 (42)
308 635 383 671 πόσῳ
400 635 499 670 μᾶλλον
513 635 565 661 ἔδει
582 634 627 661 τὸν
644 634 752 669 Πατέρα
767 634 814 661 καὶ
840 634 885 659 τὸν
917 633 979 660 Υίὸν

193 689 204 705 1
224 679 366 710 κοινωνίας
381 679 515 714 μετέχειν,
533 679 572 709 εἰς
595 677 642 703 δύο
658 678 820 709 ὑποστάσεις
848 676 980 713 διῃρημέ-

193 733 204 750 1
224 733 302 757 vouc;
316 724 384 751 Νυνὶ
394 725 422 750 δὲ
435 725 465 750 ὲν
479 724 528 759 μὲν
546 723 585 759 τῷ
598 723 696 757 λέγειν,
711 723 812 749 Πάντα
843 723 901 749 ὅσα
917 722 979 756 ἔχει

194 780 204 796 1
224 772 240 797 ὁ
255 770 365 804 Πατὴρ,
381 769 437 804 ἐμά
444 770 521 801 ἐστι,
534 768 701 796 πλεονεκτῶν
713 769 727 794 ό
740 768 802 799 Υἱὸς
815 768 859 794 τὸν
873 768 980 803 Πατέρα

194 826 204 840 1
225 816 363 850 φαίνεται·
380 817 409 842 ὲν
424 815 452 841 δὲ
460 815 499 849 τῷ
516 815 639 849 φάσκειν,
656 815 722 849 μηδὲ
747 813 795 840 τοῦ
813 813 907 840 ἑαυτοῦ
930 814 980 840 Λό-

195 872 204 887 1
221 870 270 895 γου
297 861 399 896 Κύριον
427 859 510 894 εἶναι,
525 861 593 887 ἀλλὰ
614 861 661 886 καὶ
678 860 773 887 τούτου
793 861 837 887 τὺν
860 859 978 894 Πατέρα,

194 917 204 933 1
226 908 269 943 (Ὀ
288 909 342 943 γὰρ
358 908 452 943 Λόγος
468 908 505 935 ὃν
528 908 660 938 ἀκούετε.
689 908 788 942 φησὶν,
810 908 865 934 οὐκ
897 907 980 933 ἔστιν·

1031 327 1039 341 1
1064 318 1152 351 Atque
1167 317 1219 343 alia
1233 317 1301 348 viec,
1320 315 1380 343 Non
1392 323 1492 350 qumro,
1510 313 1609 348 inqttit,
1622 321 1705 339 meam
1720 313 1810 339 volun-

1031 372 1040 387 1
1064 368 1153 394 latam.
1172 362 1218 390 sed
1249 361 1406 389 voluntatem
1436 359 1526 386 Patris
1554 358 1598 393 qui
1623 358 1694 385 misit
1721 365 1761 384 me
1775 357 1810 384 οδ.

1033 417 1041 432 1
1064 407 1204 440 Quomodo
1235 407 1314 441 igitur
1342 410 1452 440 propter
1475 404 1547 431 illam
1582 403 1680 437 ubique
1707 406 1732 429 el
1764 409 1812 436 per

1031 462 1040 478 1
1064 453 1154 479 omnia
1173 451 1378 479 consonantiam
1391 470 1398 482 ,
1425 449 1597 477 Servatorem
1613 447 1728 475 alllrmat
1747 455 1811 482 pro-

1032 509 1040 524 1
1070 498 1217 528 nuntiasse.
1236 497 1292 532 Ego
1309 501 1334 523 et
1350 496 1429 523 Pater
1443 502 1518 522 mens
1535 502 1617 521 unum
1633 493 1765 521 sumush
1781 493 1813 519 [it

1030 544 1122 579 paucis
1141 542 1288 577 interiectis
1305 543 1343 569 ait
1363 551 1370 569 :
1397 541 1442 578 [Β.
1458 539 1538 576 LXV]
1558 549 1567 566 1
1586 539 1725 573 Quomodo
1749 546 1811 573 erga

1033 600 1042 615 1
1067 589 1163 616 Filium
1180 588 1385 616 consonantiam
1409 586 1506 614 habere
1530 586 1610 613 Pater
1637 584 1746 619 poterit,
1770 585 1812 611 Vel

1033 645 1042 661 1
1067 624 1150 663 Filius
1165 641 1228 668 erga
1248 634 1367 665 Patrem,
1392 641 1454 660 cutn
1478 631 1578 658 dixerit
1597 631 1693 663 Filius,
1716 630 1813 657 Omm'a

1033 691 1043 707 1
1067 682 1113 707 illa
1133 689 1191 715 qum
1210 680 1290 707 Pater
1309 679 1396 710 habet,
1408 686 1464 705 mea
1480 678 1560 704 sunt!
1574 677 1620 704 Est
1633 677 1704 703 enim
1716 675 1811 706 Filius,

1033 738 1041 754 1
1065 727 1109 762 qui
1125 727 1175 754 hoc
1188 727 1268 753 modo
1292 725 1423 760 loquitur,
1446 724 1625 750 abundantior
1647 730 1696 750 suo
1720 721 1812 748 Patre.

1034 784 1042 799 1
1067 773 1163 801 Omnia
1181 780 1240 807 qua!
1260 772 1342 798 Pater
1353 771 1440 803 habet,
1460 778 1518 796 mea
1535 774 1606 800 sunt,
1627 767 1724 803 inquit,
1753 767 1814 794 ideo

1034 830 1043 846 1
1067 827 1119 847 non
1133 823 1234 849 autem,
1254 817 1350 845 Omnia
1366 824 1425 851 quae
1446 815 1527 843 Pater
1542 814 1640 846 habet,
1659 813 1812 840 communia

1034 876 1042 892 1
1067 870 1147 897 sunt;
1162 872 1223 891 eum
1240 863 1383 891 dicendttm
1396 862 1433 889 ita
1449 866 1521 888 esset
1539 860 1587 892 illi,
1603 861 1648 895 qui
1663 867 1711 894 per
1723 859 1812 886 omnia

1033 922 1041 937 1
1065 912 1175 939 haberet
1188 918 1248 937 cum
1262 917 1310 936 suo
1329 909 1409 936 Patre
1440 906 1643 935 consonantiam
1659 914 1666 934 :
1682 905 1814 940 siquidem

195 963 203 979 1
224 953 304 988 ἐμὸς,
321 954 401 980 ἀλλὰ
417 953 470 980 τοῦ
495 953 668 988 πέμψαντός
684 961 722 987 με
748 953 874 986 Πατρός)
900 952 980 986 ἀφαι-

1034 968 1042 983 ι
1068 958 1093 984 in
1109 956 1221 984 Actibus
1235 954 1406 990 apostolicis,
1432 954 1476 980 ubi
1492 961 1585 980 eorum
1602 952 1647 987 qui
1673 951 1707 978 ad
1734 951 1814 978 tidem

194 1007 205 1024 1
227 999 332 1034 ρεῖσθαι
345 998 390 1024 τὸν
406 997 515 1033 Πατέρα
529 998 563 1024 τὰ
578 998 630 1024 ἴδια
648 997 693 1023 τοῦ
712 997 804 1028 παιδὸς
834 997 978 1023 δείκνυσιν.

195 1055 204 1070 1
235 1045 368 1079 Ἐκάτερα
379 1044 407 1070 δὲ
427 1043 497 1070 κατὰ
516 1043 564 1079 τὴν
584 1043 721 1078 Ἀστερίου
735 1043 821 1078 οἴησιν
845 1043 895 1069 οὐκ
916 1043 979 1068 ἀκο-

195 1098 205 1115 1
222 1089 323 1121 λούθως
339 1089 471 1125 εἰρημένα
484 1089 617 1123 φαίνεται.
638 1089 711 1115 Ἔδει
727 1088 781 1123 γὰρ
808 1089 853 1114 τὸν
870 1096 981 1122 συμφω-

195 1144 205 1161 1
224 1134 320 1162 νοῠντα
337 1135 373 1170 μὴ
389 1134 423 1161 τὰ
449 1134 535 1170 ἑτέρῳ
551 1134 685 1169 προσόντα
716 1133 911 1169 παρασπᾶσοαι
941 1133 980 1159 δί-

196 1191 205 1206 1
227 1188 303 1211 καια⁹
318 1180 508 1206 πλεονεκτικὸν
524 1179 578 1215 γὰρ
590 1179 668 1205 τοῦτό
683 1188 725 1214 γε,
741 1179 810 1206 ἀλλά
825 1179 859 1205 τὰ
885 1179 979 1205 ἑκατέ-

194 1235 205 1252 1
227 1235 265 1262 ρῳ
276 1225 411 1261 προσόντα
422 1226 497 1252 κοινά
512 1224 580 1251 εἶναι
597 1226 725 1260 νομίζειν.
743 1226 834 1256 Ὥστε,
852 1226 914 1252 ὅταν
931 1226 979 1260 μὲν

195 1282 204 1298 1
223 1273 263 1304 είς
290 1273 340 1308 τὴν
371 1272 545 1308 ἀνθρωπίνην
569 1271 767 1306 ἁποϐλέπωμεν
798 1272 909 1307 σάρκα,
931 1272 979 1306 οὐχ

194 1328 204 1343 1
224 1318 319 1355 ὥσπερ
337 1319 474 1353 Ἀστέριος
491 1318 638 1353 γέγραφεν,
654 1317 739 1349 οὕτως
767 1318 918 1353 εὑρήσομεν
942 1319 979 1344 εὶ-

194 1375 204 1392 1
220 1366 321 1402 ρηκότα
335 1365 382 1392 τὸν
400 1366 514 1400 Σωτῆρα
525 1373 531 1379 ·
560 1365 630 1399 Ἐγὼ
652 1365 701 1391 καί
716 1366 733 1391 ό
763 1364 864 1398 Πατὴρ
880 1364 916 1390 ἓν
927 1364 979 1390 ἐσ-

194 1422 203 1438 1
215 1421 274 1446 μεν
290 1421 297 1428 ·
320 1412 344 1438 εί
367 1412 422 1447 γὰρ
443 1411 517 1437 τοῦτ’
533 1409 577 1446 ἦν,
596 1411 704 1442 πάντως
714 1411 746 1437 ἂν
760 1411 811 1446 ἔφη
821 1419 827 1426 ⁵
849 1410 918 1444 Ἐγὼ
932 1412 979 1438 καὶ

196 1466 206 1483 1
223 1458 238 1483 ό
254 1457 346 1492 Πατὴρ
374 1458 402 1483 ὲν
425 1456 510 1483 ἅπασι
540 1456 607 1491 πρὸς
622 1456 751 1491 ἀλλήλους
769 1456 976 1491 συμφωνοῦμεν.

196 1511 206 1528 1
227 1503 294 1529 Νυνὶ
306 1503 345 1535 δὴ,
363 1502 434 1538 Ἐγὼ
450 1503 497 1529 καὶ
525 1504 541 1529 ὁ
555 1502 656 1537 Πατὴρ
669 1503 703 1529 ἓν
723 1503 826 1536 ἐσμεν,
851 1502 913 1536 ἔφη.
940 1502 977 1528 Οὐ

198 1558 207 1574 1
228 1549 284 1584 γάρ
293 1549 335 1577 διὰ
349 1549 398 1586 τὴν
412 1551 440 1576 ὲν
452 1549 552 1576 ἆπασιν
565 1550 652 1583 λόγοις
666 1558 696 1575 τε
727 1550 774 1575 καὶ
790 1549 878 1584 ἔργοις
900 1549 978 1584 ἀκρι-

197 1606 205 1622 1
227 1596 260 1632 ὁῆ
274 1596 443 1631 συμφωνίαν,
462 1596 500 1627 ὡς
514 1596 593 1627 αὐτὸς
606 1596 754 1631 γέγραφεν,
767 1597 781 1622 ὁ
796 1595 891 1631 Σωτὴρ
906 1595 977 1631 εἰρη-

195 1651 205 1667 1
227 1651 284 1674 κεν,
300 1641 355 1676 ἐγὼ
370 1642 416 1668 καὶ
438 1643 452 1669 ό
476 1642 570 1677 Πατὴρ
590 1642 619 1668 ἓν
638 1643 731 1676 ἐσμεν.
772 1641 874 1668 Οὐκοῦν
897 1642 922 1667 εί
950 1643 979 1667 ἐν
993 1634 1013 1663 C

195 1697 205 1713 1
226 1687 340 1720 ἐκείνοις
352 1688 515 1723 ἀσυμφωνία
529 1697 570 1719 τις
583 1686 628 1723 ἦν,
646 1688 750 1722 ἀνάγκη
771 1687 799 1714 δὲ
813 1687 858 1714 τὸν
883 1687 980 1714 δεσπό-

195 1743 206 1760 1
228 1743 279 1770 την
291 1735 443 1770 ἀληθεύειν,
466 1735 511 1761 τὸν
526 1734 640 1770 Σωτῆρα
653 1733 774 1769 ἀκριϐῶς
785 1733 883 1759 εἰδέναι
896 1742 980 1769 προσ-

197 1788 207 1805 1
224 1780 297 1814 ήκει,
314 1780 365 1811 ὅτι,
390 1780 470 1815 ἡνίκα
484 1780 517 1806 ἂν
537 1779 607 1814 Ἐγὼ
620 1779 668 1806 καὶ
685 1781 701 1806 ό
719 1779 819 1812 Πατὴρ
833 1779 979 1813 ἒνέσμεν,

197 1835 207 1851 1
226 1825 303 1862 λέγῃ,
321 1826 471 1862 τηνικαῦτα
488 1826 538 1852 οὐκ
555 1827 594 1855 εἰς
606 1825 651 1852 τὸν
664 1825 805 1859 ἄνθρωπον
824 1825 852 1851 ὅν
877 1825 982 1860 ἀνείλη-

196 1880 207 1897 1
227 1880 277 1907 φιν
303 1872 467 1899 ἀποελέπων
493 1871 572 1898 τοῦτό
587 1880 679 1907 φησιν,
696 1871 752 1897 ἀλλ’
766 1873 805 1903 εἰς
818 1871 863 1897 τὸν
881 1872 911 1897 ἐκ
935 1871 981 1897 τοῦ

197 1927 207 1943 1
228 1918 334 1954 [ἰατρὸς
346 1918 512 1953 προελθόντα
526 1918 620 1951 Λόγον.
639 1918 669 1944 Εἰ
685 1917 739 1952 γάρ
754 1926 796 1948 τις
821 1917 982 1952 ἀσυμφωνία

198 1973 207 1989 1
228 1961 299 1990 εἶναι
313 1963 415 1999 δοκοίη,
429 1963 497 1999 αὕτη
516 1963 700 1998 ἀναφέρεσθαι
716 1964 755 1994 εἰς
779 1962 827 1998 τὴν
850 1963 900 1997 τῆς
922 1971 984 1996 σαρ-

199 2019 208 2034 1
229 2008 277 2040 κὸς
290 2009 432 2036 ἀσθένειαν
447 2009 558 2043 ὀφείλει,
575 2010 607 2044 ἢν
621 2009 657 2045 μὴ
674 2009 803 2044 πρότερον
831 2008 899 2043 ἔχων
915 2008 984 2034 ἀνεί-

199 2064 210 2080 1
228 2055 313 2090 ληφεν
329 2055 343 2081 ό
359 2055 532 2089 Λόγος.Είδὲ,
547 2054 640 2089 ἑνότης
657 2055 760 2088 λέγοιτο
772 2054 852 2089 αὕτη,
870 2053 910 2088 τῷ
933 2054 984 2080 Λό-

199 2112 207 2125 1
224 2109 265 2136 γῳ
285 2101 449 2137 διαφέρουσα
463 2101 597 2135 φαίνεται.
613 2100 693 2127 Ὅθεν
704 2101 734 2127 οὐ
753 2101 833 2135 μόνον
850 2100 891 2131 τὸ,
912 2099 984 2134 Ἐγὼ

199 2156 208 2172 1
226 2146 276 2173 καί
290 2148 306 2173 ὁ
321 2147 421 2181 Πατὴρ
439 2147 474 2174 ἓν
482 2148 585 2182 ἐσμεν,
605 2147 718 2177 εἰκότως
730 2146 793 2181 ἔφη.
807 2146 874 2172 ἀλλὰ
892 2147 985 2172 κάκεῖ-

199 2201 209 2217 1
231 2200 270 2223 νο,
287 2193 423 2226 Τοσούτῳ
433 2194 530 2227 χρόνῳ
537 2193 602 2227 μεθ’
611 2192 693 2227 ὑμῶν
705 2194 773 2226 ειμι,
785 2192 924 2222 Φίλιππε,
937 2191 985 2218 καὶ

200 2246 209 2262 1
229 2237 450 2272 λὲγεις,Δεῖξόν
458 2247 509 2272 μοι
524 2239 576 2264 τὸν
587 2238 711 2272 Πατέρα.
725 2238 819 2272 Δῆλον,
831 2239 871 2264 ὅτι
882 2239 913 2264 οὐ
926 2236 986 2263 τοὺ-

201 2291 210 2308 1
226 2291 282 2314 τοις
297 2284 354 2315 τοῖς
368 2283 531 2318 ὀφθαλμοῖς,
547 2283 614 2310 ἀλλὰ
634 2285 690 2315 τοῖς
709 2285 815 2319 νοητοῖς
841 2283 875 2310 τὰ
903 2286 985 2320 νοητὰ

203 2339 210 2355 1
229 2331 295 2366 ὀρᾷν
307 2331 476 2367 δυναμένοις.
496 2332 622 2366 Ἀόρατος
652 2331 706 2366 γὰρ
732 2332 787 2362 τοῖς
811 2331 861 2366 τῆς
885 2332 984 2368 σαρκὸς

201 2385 210 2400 1
229 2375 348 2411 ὄμμασιν
363 2377 377 2402 ὂ
387 2385 416 2403 τε
432 2377 526 2412 Πατὴρ
541 2378 667 2414 ὑπάρχειι
684 2378 756 2404 καὶὸ
778 2378 873 2404 τούτου
887 2377 982 2411 Λόγος.

201 2431 209 2446 1
226 2421 264 2448 Οὐ
276 2421 321 2448 διὰ
335 2421 384 2457 τὴν
398 2423 427 2449 ὲν
445 2423 546 2449 ἆπασιν
572 2421 617 2449 οὖν
643 2423 800 2457 συμφωνίαν
831 2422 902 2449 τοῦτ’
931 2423 983 2458 ἔφη

202 2477 210 2492 1
228 2467 294 2502 πρὸς
310 2467 453 2494 Φίλιππον.
474 2478 482 2494 ›
500 2468 623 2495 Τοσαῦτα
648 2468 741 2499 εἰπὼν,
759 2468 934 2495 ἐπαναλαὸὼν
955 2468 983 2500 ἐξ

199 2513 326 2548 ὑπαρχῆς
348 2513 394 2539 τὸν
415 2513 514 2547 λόγον,
542 2513 635 2540 τοῦτον
662 2514 818 2548 δογματίζει
852 2514 896 2541 τὸν
924 2515 985 2549 τρό-

199 2566 266 2584 πον·
282 2568 292 2584 1
308 2559 364 2594 Πρὸ
374 2559 428 2594 γὰρ
442 2559 492 2594 τῆς
509 2559 687 2595 δημιουργίας
705 2560 814 2595 ἀπάσης
828 2560 927 2595 ἡσυχία
944 2569 985 2592 τις

202 2613 210 2629 1
229 2601 274 2638 ἦν,
290 2604 328 2635 ὡς
341 2604 423 2636 εἰκὸς,
437 2605 512 2636 ὄντος
528 2605 583 2639 (45)
604 2606 632 2631 ὲν
651 2605 689 2640 τῷ
710 2605 768 2640 Θεῷ
784 2605 829 2631 τοῦ
845 2606 940 2640 Λόγου.
954 2607 985 2632 El

202 2658 211 2674 1
228 2649 282 2684 γὰρ
311 2650 426 2685 ποιητὴν
440 2651 568 2677 ἁπάντων
582 2650 627 2677 τὸν
644 2650 709 2677 θεὸν
723 2652 737 2677 ὁ
752 2651 887 2686 Ἀστέριος
904 2651 986 2677 πεπί-

1033 1013 1042 1029 1
1065 1008 1128 1030 tunc
1141 1002 1323 1033 accedebant,
1345 1001 1469 1027 laudatur
1493 997 1689 1030 consonantia,
1718 996 1815 1025 Omnia

1034 1061 1042 1076 1
1068 1050 1152 1077 fuisse
1165 1050 1230 1084 ipsis
1243 1048 1412 1079 communia,
1427 1047 1527 1073 dicitur
1540 1045 1563 1061 "
1581 1054 1587 1071 :
1605 1049 1632 1072 et
1648 1044 1739 1072 omnia
1754 1047 1816 1069 sunt

1033 1106 1041 1121 1
1065 1095 1218 1123 communia
1244 1093 1421 1122 existimanda
1445 1092 1514 1119 inter
1528 1098 1575 1118 eos
1598 1089 1644 1125 qui
1663 1096 1814 1117 consonan-

1033 1152 1042 1167 1
1067 1141 1131 1168 tiatn
1150 1141 1221 1167 inter
1239 1140 1363 1167 homines
1382 1138 1580 1173 amplectuntur
1596 1140 1716 1171 :quanto
1731 1134 1816 1168 magis

1033 1196 1041 1211 1
1066 1194 1114 1221 par
1137 1186 1202 1219 luit,
1231 1187 1338 1213 Patrem
1370 1190 1451 1219 atque
1476 1184 1572 1211 Filium
1596 1181 1814 1210 communionem

1032 1245 1041 1260 1
1063 1234 1202 1269 amplecti,
1228 1234 1272 1267 qui
1290 1233 1314 1260 in
1330 1233 1399 1260 duas
1415 1233 1575 1267 ltypostases
1602 1226 1815 1256 dividebantur?

1032 1290 1040 1306 1
1066 1285 1091 1306 at
1111 1287 1180 1306 nunc
1199 1278 1285 1306 Filius
1306 1285 1385 1312 quam
1411 1276 1492 1304 Pater
1514 1276 1573 1310 plus
1587 1275 1688 1301 habere
1698 1273 1815 1304 videtur,

1033 1338 1040 1351 1
1066 1334 1126 1353 cum
1142 1326 1267 1357 afﬁrmet,
1295 1324 1391 1352 Omnia
1409 1331 1467 1358 qut?
1483 1322 1563 1349 Pater
1582 1322 1656 1348 habet
1674 1327 1729 1347 mea
1743 1324 1814 1346 tum.

1032 1382 1040 1398 1
1066 1373 1092 1399 In
1109 1380 1141 1399 eo
1161 1371 1336 1405 autemquod
1364 1370 1449 1400 dicit,
1472 1369 1588 1396 Verbum
1613 1375 1665 1394 non
1694 1373 1753 1393 esse
1775 1366 1815 1392 sui

1032 1429 1040 1444 1
1066 1419 1220 1449 Dotuiunm,
1240 1418 1286 1444 sed
1304 1417 1388 1450 ipsius
1403 1415 1523 1446 Patrem,
1540 1415 1641 1448 (sermo
1656 1413 1723 1439 enim
1742 1419 1816 1446 quem

1032 1475 1039 1490 1
1064 1465 1174 1497 auditis,
1190 1463 1286 1499 inquit,
1306 1471 1357 1490 non
1371 1467 1407 1489 est
1425 1470 1507 1492 meus,
1522 1460 1566 1487 sed
1587 1460 1673 1486 Patris
1689 1459 1732 1493 qui
1746 1459 1818 1484 misit

1031 1521 1039 1535 1
1064 1519 1103 1538 me
1117 1511 1145 1545 :)
1161 1510 1314 1538 ostenditur
1327 1509 1434 1535 Patrem
1448 1516 1460 1534 a
1479 1507 1547 1534 Filio
1560 1505 1666 1532 auferre
1678 1505 1759 1532 etiam
1773 1504 1817 1530 illa

1031 1563 1040 1579 1
1064 1562 1124 1588 quae
1141 1553 1247 1588 propria
1266 1558 1338 1579 sunt.
1369 1552 1498 1578 Neutrum
1520 1553 1651 1582 istorum,
1667 1557 1700 1577 ex
1718 1545 1817 1576 Asterii

1033 1610 1041 1625 1
1066 1599 1211 1630 sententia,
1242 1603 1315 1625 recte
1339 1598 1446 1625 dicitur.
1482 1596 1534 1623 Par
1557 1601 1585 1623 et
1613 1603 1718 1631 aaquum
1744 1596 1817 1622 enim

1034 1656 1042 1670 1
1068 1646 1155 1672 fuerat
1175 1631 1505 1677 consonanteni‘aliquetn
1518 1662 1526 1674 ,
1548 1642 1620 1669 nullo
1638 1643 1717 1668 modo
1731 1642 1764 1667 ad
1789 1648 1818 1667 se

1035 1700 1043 1715 1
1067 1691 1186 1723 trahere,
1206 1697 1266 1724 quae
1278 1690 1311 1716 de
1325 1689 1386 1724 jure
1401 1689 1481 1715 alteri
1504 1688 1703 1722 competebant,
1728 1686 1816 1713 avari-

1034 1748 1042 1763 1
1070 1738 1133 1764 tiatn
1149 1737 1249 1772 quippe
1268 1736 1318 1762 hoc
1329 1735 1449 1766 denotat.
1468 1734 1512 1762 seti
1531 1741 1590 1767 quae
1606 1733 1701 1760 utrivis
1719 1740 1816 1767 suppe-

1035 1793 1043 1808 1
1069 1783 1170 1814 tebant,
1186 1782 1229 1809 illa
1242 1789 1301 1809 esse
1309 1781 1463 1808 communia
1475 1779 1612 1807 arbitrari.
1627 1779 1701 1806 Adeo
1716 1783 1744 1805 ut
1756 1786 1817 1806 cum

1035 1838 1044 1853 1
1061 1829 1212 1855 .hnmanam
1228 1835 1336 1854 carnem
1350 1827 1512 1858 intueamur,
1528 1833 1580 1852 non
1593 1824 1816 1859 quemadmodum

1036 1883 1044 1898 1
1069 1873 1190 1900 Asterius
1207 1873 1326 1907 scripsit,
1349 1872 1487 1899 Dominum
1500 1871 1617 1898 locutum
1638 1870 1817 1900 inveniamus.

1037 1928 1045 1943 1
1071 1918 1126 1953 Ego
1138 1922 1163 1945 et
1178 1917 1259 1944 Pater
1276 1926 1347 1944 metu
1367 1926 1445 1944 unum
1457 1925 1546 1943 sumus
1558 1924 1568 1948 ,'
1582 1916 1604 1943 si
1618 1916 1690 1943 enim
1704 1915 1729 1942 id
1743 1916 1817 1942 vole-

1037 1975 1045 1989 1
1069 1965 1125 1997 bat,
1142 1964 1253 1991 omnino
1266 1964 1381 1995 diceret,
1404 1963 1459 1998 Ego
1481 1967 1509 1990 et
1532 1962 1614 1989 Pater
1637 1962 1665 1989 in
1693 1962 1819 1989 omnibus

1036 2021 1045 2036 1
1072 2012 1143 2037 inter
1160 2018 1208 2037 nos
1232 2009 1419 2044 conspiratnus
1434 2017 1441 2036 :
1457 2014 1485 2036 at
1509 2017 1580 2036 nunc
1601 2009 1687 2042 dixit,
1713 2008 1769 2043 Ego
1794 2013 1818 2034 rt

1037 2067 1045 2082 1
1074 2056 1155 2083 Pater
1175 2064 1256 2083 unum
1278 2064 1377 2083 sumtu.
1405 2055 1487 2090 Igitur
1511 2055 1533 2083 si
1567 2054 1656 2089 aliqua
1677 2055 1748 2081 inter
1773 2062 1820 2081 eos

1037 2113 1046 2128 ι
1070 2103 1217 2131 exstitisset
1238 2102 1461 2133 inconsonanlia,
1488 2106 1516 2128 et
1541 2101 1598 2128 ﬁeri
1632 2097 1762 2135 nequeat,
1791 2105 1821 2126 ut

1038 2160 1046 2175 1
1073 2150 1201 2176 Dominus
1223 2149 1396 2181 mentiretur,
1412 2153 1487 2175 certe
1501 2151 1542 2174 est
1557 2154 1669 2174 necesse
1685 2146 1819 2181 intelliga-

1039 2204 1047 2220 1
1074 2202 1133 2222 ιιιιιε
1147 2194 1330 2226 Servatoretn,
1358 2201 1419 2220 cum
1443 2194 1554 2227 diceret,
1576 2196 1606 2225 ᾖ(
1627 2193 1683 2228 Ego
1697 2198 1720 2219 et
1741 2191 1821 2218 Pam

1038 2251 1047 2266 1
1072 2249 1151 2268 unum
1166 2249 1268 2272 sumus,
1282 2240 1333 2267 hoc
1349 2248 1402 2267 non
1415 2240 1514 2267 dixisse
1527 2247 1561 2266 ex
1583 2238 1679 2266 intuitu
1691 2238 1818 2268 hominis.

1002 2303 1023 2331 ο
1041 2295 1050 2312 1
1073 2294 1152 2320 quem
1167 2286 1330 2320 assumpsit,
1348 2286 1394 2313 sed
1409 2285 1489 2313 Verbi
1511 2282 1535 2312 θ’
1549 2284 1629 2312 Patre
1651 2283 1817 2318 prodeuntis.

1041 2343 1049 2358 1
1074 2333 1140 2359 Nam
1154 2332 1176 2359 si
1193 2332 1281 2367 aliqua
1305 2331 1468 2367 deprehendi
1493 2329 1696 2357 inconsonantia
1718 2333 1818 2363 posset,

1040 2389 1049 2405 1
1075 2379 1153 2406 debet
1171 2378 1214 2405 illa
1233 2378 1327 2405 referri
1341 2378 1449 2412 quidem
1462 2377 1494 2403 ad
1517 2376 1608 2404 carnis
1621 2375 1818 2407 inﬁrmitatem,

1040 2433 1050 2449 1
1072 2431 1152 2456 quam
1171 2430 1232 2450 cum
1251 2423 1325 2457 prius
1340 2430 1392 2449 non
1406 2421 1539 2454 haberet,
1557 2420 1675 2454 suscepit
1689 2418 1818 2446 Verbum.

1040 2479 1049 2495 1
1073 2469 1148 2502 Quod
1171 2469 1192 2496 si
1217 2470 1306 2496 unitas
1334 2468 1391 2495 haec
1408 2467 1522 2499 dicatur,
1555 2472 1629 2493 certe
1649 2466 1756 2493 videtur
1786 2466 1820 2493 ad

1039 2522 1048 2537 1
1081 2513 1195 2539 Verbum
1210 2520 1270 2540 esse
1283 2512 1434 2539 referenda.
1450 2511 1525 2539 Unde
1541 2519 1593 2538 non
1618 2511 1687 2538 istud
1703 2515 1819 2541 tantum,

1040 2568 1048 2583 1
1076 2558 1129 2593 Ego
1144 2563 1168 2585 et
1183 2557 1265 2585 Pater
1278 2566 1358 2584 unum
1371 2565 1461 2584 nimus
1471 2578 1478 2588 ,
1502 2557 1598 2584 merito
1613 2557 1715 2584 dictum
1725 2548 1772 2584 'est
1786 2557 1820 2583 ab

1040 2614 1049 2630 1
1077 2604 1132 2637 illo,
1147 2605 1193 2631 sed
1207 2605 1278 2631 aliud
1295 2604 1404 2638 insuper
1423 2612 1430 2629 :
1445 2603 1528 2629 Tanto
1553 2608 1664 2637 tempore
1683 2602 1721 2636 frti
1736 2603 1821 2629 vobis-

1040 2659 1049 2675 1
1075 2658 1146 2683 cum,
1168 2649 1299 2683 Philippe,
1310 2654 1334 2675 et
1345 2655 1373 2675 tu
1387 2649 1466 2675 dicis:
1480 2649 1593 2677 Ostende
1604 2649 1667 2676 mihi
1677 2650 1820 2679 Patrem”.

239 2733 268 2762 »Β
291 2730 340 2758 Ed.
354 2731 454 2764 Paris.,
473 2740 534 2767 pag.
548 2733 593 2760 59.
633 2733 657 2748 ’⁸
669 2732 747 2760 Joan.
760 2740 787 2763 ν.
803 2733 846 2759 50.
885 2733 978 2760 "Act.

1041 2734 1141 2766 Mztv,
1162 2733 1206 2759 52.
1245 2732 1268 2748 ⁹⁶
1286 2731 1362 2759 Joan.
1384 2732 1467 2762 xtv.9.

236 2821 292 2859 (ιῖ)
311 2822 445 2859 {Vm/(etv
458 2824 650 2859 (ipsumnam.
665 2824 793 2859 Ὀφείλει.
804 2824 906 2855 statim.
918 2825 987 2853 forte

200 2857 250 2901 τῆς
263 2857 349 2901 αὐτῇς
371 2857 644 2901 κριινωνίας,.οιιι.τῆς
662 2857 723 2899 ἴσης
739 2869 766 2901 κ,
779 2859 872 2901 pth-xiv
885 2860 926 2901 εἰς
940 2860 987 2901 δᾴο

204 2891 290 2936 ξιτεδί
300 2891 335 2936 MA;
348 2908 381 2936 Τ
389 2893 475 2936 supra
492 2894 570 2928 vulgo
582 2891 731 2936 ὲχτὰινοῦσα
741 2891 850 2936 ιιι-ὶιιίιίι
862 2891 986 2936 νυνίμεν

205 2926 235 2953 ιν
254 2927 293 2962 τῷ
305 2931 332 2955 et
350 2925 582 2965 ἀποϐλέπομεν-ει
597 2928 626 2955 ἓν
641 2929 741 2964 ὲσμεν·
757 2930 781 2956 εἰ
805 2929 859 2965 γάρ
879 2925 991 2959 omissis

1043 2824 1210 2853 inlermediis
1223 2831 1282 2858 qua;
1295 2823 1372 2850 codd.
1386 2825 1460 2851 dant.
1645 2856 1657 2858 _
1677 2838 1680 2839 ν

1042 2865 1044 2867 ’
1078 2860 1132 2895 (65)
1147 2856 1320 2895 νιιικοδντος
1336 2864 1396 2895 post
1410 2858 1501 2895 Λόγου
1510 2863 1538 2895 et
1553 2858 1616 2895 dein
1630 2856 1700 2895 εἶναι
1716 2859 1757 2895 ὅτι
1774 2859 1822 2886 καὶ

1042 2892 1165 2930 συνομολ.
1180 2892 1209 2929 ήῖ
1224 2894 1303 2926 αὐτὸς
1318 2892 1344 2921 et
1360 2892 1594 2931 πάνταὲνάὐτοῖς
1606 2893 1658 2921 ὑπὸ
1672 2893 1750 2920 Θεοῦ.
