2045 3215
269 165 317 195 791

618 168 753 197 EUSEBII
771 168 1008 197 CESARIENSIS
1026 169 1044 198 0

1097 190 1101 196 .
1122 169 1213 198 PARS
1232 169 1277 198 Π.
1296 171 1546 200 -ΒΟΕΜΛΤΙΟΛ,

1834 173 1883 200 ἹΩΞ

270 233 280 249 ι
304 223 435 253 Nimirum
454 233 506 252 non
521 225 578 253 istis
596 231 699 253 tantum
713 226 808 258 oculis,
822 227 867 253 sed
884 227 1044 254 intellectua-

1104 235 1113 251 ι
1135 236 1246 254 στευκεν
1264 226 1332 254 εἶναι
1342 249 1350 261 ,
1369 228 1446 263 δῆλον
1461 228 1501 254 ὅτι
1517 228 1725 264 συνομολογήσει
1740 228 1806 264 ἡμῖν
1839 229 1884 255 καὶ

270 281 280 296 ι
309 271 581 307 lihus,i-ntelligibiiia
609 273 654 306 qui
688 280 800 299 cernere
829 278 953 307 possunt.
980 273 1047 301 Nam

271 326 279 341 ι
303 318 440 351 corporeis
453 318 538 345 oculis
553 318 697 345 invisibilis
719 323 764 345 est
783 323 811 345 et
830 318 908 346 I’ater
922 324 949 346 et
963 319 1048 346 Patris

270 373 279 386 ι
304 363 431 391 Verbum.
452 363 509 391 Non
534 364 616 398 igitur
636 365 668 390 ad
687 364 758 391 hunc
783 365 891 392 modum
915 365 1048 392 allocutus

268 419 277 433 ι
300 408 515 444 esti’hilippnm,
539 414 650 444 propter
676 409 749 436 illam
776 410 802 436 in
819 410 933 445 singulis
950 418 1047 437 conso-

268 465 277 480 ι
302 456 431 482 nantiam.
452 465 461 481 ›
491 456 636 490 Postquam
661 460 714 482 tam
737 455 828 483 multis
855 457 912 484 haec
932 457 1046 488 dixerat,

265 506 402 536 resumpto
428 502 461 528 ab
485 502 562 529 initio
592 509 715 529 sermone
731 522 740 534 ,
767 502 800 530 ad
832 503 904 529 hunc
939 503 1046 529 modum

265 547 427 580 dogmatizat
444 557 451 575 :
471 547 516 583 [Β.
538 547 607 575 XCII
623 547 686 576 coll.
720 555 746 583 ρ.
785 547 837 575 101
854 547 875 574 D
888 569 896 581 ,
922 548 973 576 106
995 548 1046 584 8.]

268 593 358 619 «Ante
393 600 500 619 omnem
539 601 629 621 rerum
661 593 866 628 productionem
898 600 976 626 erat.
1018 599 1048 621 ut

267 646 277 660 ι
300 643 348 670 par
361 642 402 664 est
417 638 539 670 credere,
566 640 645 673 quies
671 639 696 665 in
719 638 784 671 Deo,
804 640 952 667 exsistente
978 641 1048 674 apud

268 690 276 704 ε
300 688 360 707 eum
379 682 451 709 intus
468 683 564 710 Verbo.
588 683 654 710 Nam
670 684 691 710 si
708 684 829 711 omnium
846 692 936 711 rerum
954 685 1048 712 condi-

267 736 277 751 ‹
300 732 384 755 torem
403 735 464 756 esse
478 727 560 756 Deum
577 729 700 757 Asterius
720 730 806 757 credit
826 731 874 766 (id
900 731 970 765 quod
991 732 1049 766 ipse

266 782 276 797 ι
302 773 440 800 nobiscum
452 782 505 801 una
520 774 712 803 conﬁtebitur:
727 775 811 803 Deum
828 775 956 803 nimirum
977 784 1049 804 sem-

267 828 275 842 ι
299 825 347 853 per
357 819 534 846 exsistentem
548 820 654 848 initium
669 829 724 848 suae
735 822 886 850 existentiaa
899 830 951 850 non
970 823 1049 850 sorti-

267 873 275 888 ι
299 869 355 890 tum
379 873 386 891 :
407 870 505 893 caetera
532 866 640 900 quidem
669 867 758 895 omnia
787 868 821 895 ab
844 868 890 895 illo
918 869 1047 904 producta

267 919 275 934 ι
300 909 392 942 fuisse,
412 916 440 938 et
452 911 561 946 quidem
576 913 705 946 producta
718 914 750 941 de
766 914 862 942 nihilo.
872 913 965 949 Neque
975 916 1046 943 enim

266 964 275 980 ι
300 956 392 988 credo,
417 961 443 984 et
468 957 532 984 illud
561 958 733 993 professums
760 964 812 992 est,
839 968 900 989 esse
923 962 1047 996 quaedam

266 1009 275 1024 ι
300 1000 431 1035 ingenita,
456 1009 506 1029 nec
534 1002 639 1030 dicturo
667 1004 821 1032 crediturus
843 1015 849 1032 :
873 1006 919 1033 sed
948 1007 1047 1034 habere

265 1054 275 1069 ι
299 1046 547 1079 persuasissimum,
563 1048 675 1081 malum,
688 1053 802 1082 terram,
820 1056 848 1077 et
862 1051 953 1078 omnia
971 1052 997 1079 in
1014 1052 1047 1080 iis

265 1099 275 1116 ι
298 1097 313 1116 a
336 1091 390 1118 Deo
414 1091 496 1120 luisse
518 1093 664 1129 producta)
678 1094 699 1121 si
714 1096 826 1127 credat,
841 1096 962 1133 inquam,
984 1097 1046 1130 ista,

265 1145 275 1161 ι
299 1144 410 1164 necesse
424 1143 466 1165 est
481 1142 510 1165 ut
525 1138 589 1166 illud
606 1140 686 1167 simul
699 1141 871 1174 conﬁteatur,
888 1142 954 1169 nihil
972 1151 1048 1177 pror—

266 1191 275 1207 ι
298 1189 345 1209 ειη
365 1183 438 1211 aliud
459 1190 556 1218 praeter
579 1185 662 1212 Deum
690 1187 839 1214 exstitisse.
872 1187 959 1215 Habet
982 1196 1047 1224 ergo

265 1236 274 1252 ι
299 1228 431 1262 privatam
453 1237 530 1257 suam
551 1231 696 1265 quamdam
711 1232 865 1265 opinionem
883 1240 972 1261 sermo
985 1233 1046 1265 iste.

266 1282 275 1298 ι
299 1274 434 1302 exsistcns
448 1275 475 1301 in
491 1275 571 1303 Patre
589 1284 647 1303 suo.
662 1286 671 1303 ι
690 1277 751 1304 Hazc
773 1282 914 1312 postquam
931 1278 1046 1312 dixerat,

262 1319 395 1347 subinl‘ert
418 1321 508 1348 statim
524 1320 570 1356 [Β.
584 1321 675 1356 XCIII]
691 1332 698 1349 :
714 1331 722 1348 ι
738 1323 899 1351 Concessum
921 1325 957 1351 illi
973 1330 1047 1359 pote-

265 1373 274 1388 ι
298 1368 407 1397 statem,
429 1366 542 1401 gloriam
559 1367 682 1395 Asterius
695 1370 863 1404 nominavit;
888 1378 937 1398 nec
949 1372 1047 1398 solum-

265 1419 274 1435 ι
295 1410 379 1447 modo
393 1411 516 1445 gloriam,
545 1414 592 1440 sed
619 1419 646 1441 et
667 1416 893 1444 antemundanam
910 1418 1023 1453 gloriam
1040 1428 1045 1445 :

265 1465 273 1480 ι
301 1464 352 1483 non
368 1457 596 1492 animadvertens,
610 1464 672 1486 ante
682 1462 808 1488 mundum
819 1463 966 1496 conditum,
982 1472 1047 1498 praet

265 1509 274 1527 ι
299 1505 340 1528 ter
354 1509 436 1529 unum
453 1503 538 1530 solum
555 1504 639 1531 Deum
658 1507 795 1533 exstitisse
814 1509 924 1535 omnino
940 1510 1016 1536 nihil.
1036 1520 1045 1536 ι

261 1545 322 1573 llam
338 1546 483 1576 Marcellus
499 1550 542 1576 ubi
558 1550 677 1583 dixerat,
704 1557 730 1578 et
756 1553 816 1580 sine
834 1554 888 1581 ullo
915 1561 1045 1589 prietextu
1061 1570 1081 1597 ο

262 1600 309 1625 per
326 1592 368 1619 illa
382 1593 479 1621 Filium
496 1595 686 1632 abnegaverat,
703 1603 731 1623 nt
747 1599 823 1626 nobis
843 1600 967 1627 redderet
985 1609 1046 1635 per-

261 1638 460 1677 suasissimum,
473 1640 616 1675 qualenam
637 1642 683 1669 Dei
702 1642 817 1670 Verbum
839 1645 1043 1680 imaginaretur,

259 1685 377 1709 tuentem
393 1690 469 1710 suam
489 1685 574 1719 aperit
592 1686 736 1714 dilucidius
765 1689 852 1715 adhuc
865 1709 873 1721 ,
899 1695 926 1717 et
952 1697 1045 1719 nostro

259 1728 341 1755 verbo
356 1729 488 1757 assimilat
509 1739 556 1765 per
571 1733 680 1766 omnia,
701 1734 727 1760 in
746 1734 778 1760 iis
795 1743 854 1769 qua:
874 1736 908 1761 ita
931 1737 1041 1764 scribit:

260 1773 304 1808 [Ιὶ.
323 1773 368 1801 LV
383 1775 443 1802 coll.
459 1784 484 1810 p.
502 1777 535 1804 79
552 1776 582 1809 Β,
598 1777 648 1804 114
668 1777 701 1810 D,
719 1779 771 1805 125
784 1779 824 1815 Β]
840 1790 848 1805 ι
863 1780 958 1808 Omnia
983 1782 1043 1818 qui-

261 1829 271 1845 a
294 1820 353 1848 dem
368 1830 428 1856 quae
443 1822 511 1850 facta
534 1829 607 1856 sunt,
622 1824 809 1859 intelliguntur
831 1834 846 1853 a
869 1826 947 1854 Patre
973 1827 1042 1855 facta

261 1875 270 1891 ι
292 1873 351 1894 esse
366 1876 414 1902 per
434 1868 560 1897 Verbum.
576 1871 707 1904 Quocirca
723 1877 750 1899 et
765 1874 952 1901 sanctissimus
971 1873 1043 1909 Moy-

261 1921 270 1938 ς
294 1919 347 1945 ses,
363 1914 487 1948 angelum
502 1916 618 1950 appellat
631 1917 682 1944 hoc
698 1918 724 1945 in
751 1919 810 1945 loco
828 1918 958 1951 \‘erbum,
983 1928 1042 1953 pro-

261 1966 270 1982 α
293 1963 384 1991 pterea
402 1961 472 1994 quod
485 1968 537 1988 non
549 1963 583 1988 ob
598 1962 678 1989 aliam
688 1971 798 1990 causam
816 1965 949 1999 apparuit,
962 1973 1040 1999 quam

261 2012 270 2027 ι
294 2008 322 2028 ut
338 2003 421 2038 Moysi
436 2007 604 2034 renuntiaret
628 2008 671 2035 illa
688 2017 747 2043 qua:
768 2012 919 2037 conducere
939 2011 1042 2038 sciebat

262 2058 270 2072 ι
295 2049 356 2076 ﬁliis
379 2049 471 2078 Israel.
497 2052 607 2081 Sciebat
621 2060 712 2082 autem
738 2056 800 2082 illud
825 2058 985 2090 conducere,
1013 2064 1041 2085 ut

260 2103 269 2119 ι
294 2096 436 2123 crederent
457 2105 539 2125 unum
556 2100 642 2126 solum
666 2101 748 2127 Deum
766 2109 835 2129 esse.
861 2106 889 2134 ᾖ
909 2103 1039 2136 Quocirca

260 2153 269 2165 ι
292 2145 321 2168 et
340 2141 485 2176 alloquitur
512 2144 597 2178 illum,
622 2145 678 2180 Ego
702 2155 758 2173 sum
774 2148 818 2182 qui
837 2157 894 2174 sum
907 2149 928 2164 ³⁷
942 2158 948 2174 :
964 2154 992 2176 ut
1006 2150 1040 2177 ab

258 2197 269 2214 ε
293 2187 349 2221 ipso
364 2195 423 2214 cum
438 2191 618 2223 recesserint,
642 2192 742 2218 nullum
762 2200 821 2219 csse
846 2193 930 2220 Deum
957 2194 1038 2221 alium

1102 282 1110 298 ι
1132 273 1212 305 αὐτός
1224 282 1231 289 ·
1245 273 1290 300 τὸν
1306 274 1355 309 μὲν
1375 275 1418 300 ἀεὶ
1437 274 1579 308 ὑπάρχειν,
1595 274 1661 309 μηδὲ
1677 274 1787 301 πώποτε
1818 271 1883 300 εἷναι

1101 329 1109 344 t
1123 320 1211 355 ἀρχὴν
1227 320 1343 347 λαϐόντα
1356 329 1362 334 ·
1379 321 1412 346 τὰ
1428 320 1457 346 δὲ
1473 320 1650 355 γεγεννῆσθαί
1670 328 1700 346 τε
1726 320 1771 346 ὑπ’
1789 319 1882 350 αὑτοῦ,
1926 320 1934 327 ⁸

1101 376 1109 391 ι
1131 366 1178 393 καὶ
1194 366 1224 398 ἐξ
1235 367 1284 393 οὐκ
1297 367 1382 393 ὄντων
1405 366 1592 400 γεγεννῆσθαι.
1616 366 1654 392 Οὐ
1667 366 1721 402 γὰρ
1735 363 1812 401 οἶμαι
1839 366 1884 392 καὶ

1101 421 1109 437 t
1129 411 1208 438 τοῦτο
1219 412 1356 438 πιστεύειν
1371 412 1451 439 αὑτὸν
1463 412 1503 447 τῷ
1526 412 1630 446 λέγοντι
1657 410 1725 438 εἷναί
1748 419 1811 438 τινα
1839 411 1885 437 καὶ

1101 467 1109 482 ι
1130 458 1264 493 ἀγέννητα
1277 466 1283 473 ·
1300 458 1368 485 ἀλλά
1386 458 1506 493 ἀκριϐῶς
1525 457 1685 489 πεπεῖσθαι,
1702 457 1745 484 ὅτι
1771 457 1884 492 οὐρανός

1101 514 1109 529 ι
1129 513 1158 530 τε
1176 505 1222 531 καὶ
1239 505 1273 538 γῆ
1289 504 1335 530 καὶ
1350 503 1436 530 πάντα
1459 503 1493 530 τὰ
1509 503 1538 529 ὲν
1553 503 1675 538 οὐρανοῖς
1696 503 1744 530 καὶ
1766 502 1813 528 ἐπὶ
1834 502 1884 536 γῆς

1101 558 1110 573 ι
1128 548 1192 574 ὄντα.
1214 549 1266 575 ὑπὸ
1288 549 1354 575 Θεοῦ
1383 548 1554 583 γεγέννηται.
1571 548 1602 574 Ei
1635 547 1724 574 τοίνυν
1742 547 1822 574 τοῦτο
1839 555 1884 573 πι-

1101 603 1110 618 ι
1135 594 1234 626 στεύοι,
1253 594 1358 629 ἀνάγκη
1383 594 1463 620 αὐτὸν
1485 594 1594 620 κάκεῖνο
1621 593 1824 628 συνομολογεῖν,
1844 593 1885 618 ὅτι

1101 648 1110 664 ‹
1132 639 1200 675 πλὴν
1211 639 1277 666 Θεοῦ
1294 639 1368 666 οὐδὲν
1379 640 1470 673 ἕτερον
1493 637 1535 674 ἦν.
1557 638 1635 675 Εἷχεν
1649 637 1694 666 οὖν
1713 639 1764 674 τὴν
1783 638 1885 670 οἰκείαν

1101 694 1110 710 t
1133 686 1211 718 δόξαν
1227 686 1241 711 ὁ
1257 686 1351 720 Λόγος,
1369 686 1406 712 ὢν
1419 686 1448 712 ὲν
1461 685 1500 721 τῷ
1519 686 1615 721 Πατρί.
1636 695 1645 712 ι
1670 685 1726 712 Καὶ
1748 683 1835 712 ταῦτα
1851 684 1885 710 εἰ·

1098 730 1173 762 πὼν,
1201 731 1297 765 ἐπάγει
1326 731 1383 766 μεθ’
1415 731 1516 767 ἔτερα·
1549 740 1559 757 ι
1573 732 1628 767 Τὴν
1649 731 1771 758 δοθεῖσαν
1811 729 1886 765 αὐτῷ

1102 784 1111 801 ι
1130 775 1253 808 ἐξουσίαν
1272 776 1408 812 Ἀστέριος
1421 776 1499 809 δόξαν
1516 775 1660 811 ὀνομάζει·
1683 775 1730 802 καὶ
1757 775 1786 801 οὐ
1807 773 1887 806 δόξαν

1102 830 1110 846 ι
1133 820 1222 856 μόνον,
1249 821 1316 848 ἀλλὰ
1347 822 1394 848 καὶ
1411 823 1576 857 προκόσμιον
1597 822 1685 855 δόξαν,
1698 822 1748 848 οὐκ
1768 820 1886 852 ὲννοιῖιν,

1101 876 1110 892 ι
1128 867 1179 899 ὅτι,
1197 868 1279 902 μήπω
1295 867 1342 894 τοῦ
1358 868 1461 903 κόσμου
1477 868 1628 903 γεγονότος,
1646 867 1722 894 οὐδὲν
1745 867 1838 902 ἕτερον
1850 864 1888 902 ἦν

1064 902 1085 930 Β
1102 922 1111 938 ι
1134 913 1203 950 πλὴν
1224 914 1292 940 Θεοῦ
1325 902 1417 950 μόνου,
1437 924 1447 941 ι
1466 902 1548 941 Ταύτ*
1569 913 1653 941 εἰπὼν
1673 914 1688 940 ὁ
1713 913 1886 947 Μάρκελλος,

1097 959 1144 986 καὶ
1164 959 1209 986 τὸν
1236 959 1300 986 Υἱδν
1325 960 1358 986 δι’
1385 960 1474 987 αὐτῶν
1499 959 1740 996 ἀπαρακαλύπτως
1767 960 1888 995 ἀρνησά-

1098 1013 1177 1039 μενος
1189 1025 1195 1036 ,
1213 1005 1256 1031 ἵνα
1280 1005 1353 1040 ἡμᾶς
1369 1005 1489 1041 ἀκριῦῶς
1514 1006 1612 1042 πείσῃ,
1640 1006 1730 1032 ὁποῖον
1748 1003 1818 1031 εἶναι
1839 1004 1887 1031 τὸν

1097 1050 1182 1084 Λόγον
1198 1050 1245 1077 τοῦ
1263 1051 1330 1077 Θεοῦ
1355 1052 1473 1087 ἐφρόνει,
1493 1051 1657 1087 σαφέστερον
1686 1051 1812 1086 ἐμφαίνει
1836 1050 1887 1086 τὴν

1096 1096 1224 1127 διάνοιαν,
1244 1096 1282 1131 τῷ
1301 1097 1427 1132 ἡμετέρῳ
1455 1097 1527 1132 λόγῳ
1553 1096 1712 1129 ἀπεικάζων
1731 1096 1814 1123 αὑτὸν
1826 1116 1834 1128 ,
1850 1095 1885 1123 δι’

1096 1138 1133 1168 ὧν
1166 1142 1251 1169 ταῦτα
1284 1143 1403 1178 γράφει·
1443 1152 1452 1169 ι
1475 1144 1581 1178 Ὥσπερ
1614 1143 1667 1179 γὰρ
1696 1142 1730 1169 τὰ
1756 1142 1888 1177 γεγονότα

1101 1197 1110 1212 ι
1129 1188 1216 1215 πάντα
1243 1189 1295 1215 ὑπὸ
1321 1189 1368 1215 τοῦ
1383 1189 1489 1225 Πατρὸς
1509 1189 1553 1216 διὰ
1569 1188 1615 1216 τοῦ
1639 1189 1726 1223 Λόγου
1752 1188 1886 1223 σημαίνε-

1101 1242 1110 1258 ι
1130 1242 1173 1260 ται
1183 1234 1248 1269 (46).
1274 1235 1323 1261 Διὰ
1347 1235 1425 1261 τοῦτο
1444 1235 1498 1270 γὰρ
1520 1236 1587 1262 καὶὸ
1602 1234 1750 1269 ἀγιώτατος
1765 1233 1886 1269 Μωῡσῆς

1101 1289 1110 1304 ι
1128 1279 1243 1314 ἄγγελον
1255 1280 1370 1307 ἐνταῦθα
1389 1280 1517 1315 ὀνομάζει
1528 1281 1572 1307 τὸν
1598 1281 1692 1315 Λόγον,
1706 1281 1746 1307 ὅτι
1763 1280 1796 1307 δι’
1809 1280 1886 1306 οὐδὲν

1100 1333 1109 1349 ί
1128 1324 1222 1360 ἕτερον
1248 1326 1345 1361 ἐφάνη,
1374 1325 1430 1352 ἀλλ’
1454 1326 1496 1353 ἵνα
1522 1327 1670 1363 ἀναγγείλῃ
1687 1326 1726 1361 τῷ
1747 1326 1861 1353 Μωῦσεί
1878 1346 1885 1358 ,

1102 1377 1110 1393 ι
1131 1368 1218 1395 ταῦτα
1229 1369 1300 1405 ἆπερ
1317 1370 1464 1398 λυσιτελεῖν
1477 1372 1533 1403 τοῖς
1546 1372 1612 1403 υἱοῖς
1620 1371 1728 1407 Ἰσραὴλ
1739 1371 1884 1405 ἠπίστατο·

1101 1425 1109 1439 ι
1131 1415 1264 1449 ἠπίστατο
1294 1416 1322 1442 δὲ
1343 1416 1489 1443 λυσιτελεῖν
1517 1417 1563 1444 ἕνα
1581 1417 1646 1444 Θεὸν
1666 1415 1734 1444 εἶναι
1753 1416 1884 1451 νομίζειν.

1102 1470 1110 1486 ι
1131 1460 1176 1487 Διὸ
1206 1462 1253 1487 καὶ
1284 1462 1352 1497 πρὸς
1369 1463 1459 1493 αὑτὸν,
1484 1463 1554 1498 Ἐγώ
1575 1464 1630 1497 εἰμι
1647 1465 1664 1490 ὀ
1687 1462 1738 1494 ὢν,
1759 1462 1823 1497 ἔφη,
1842 1462 1885 1488 ἵνα

1102 1516 1109 1531 t
1131 1507 1232 1541 μηδένα
1259 1508 1338 1540 ἐκτὸς
1357 1509 1452 1535 ἑαυτοῦ
1477 1509 1568 1544 ἕτερον
1593 1509 1659 1535 Θεὸν
1677 1507 1746 1536 εἶναι
1780 1507 1883 1545 διδάξῃ.

1102 1560 1110 1575 ι
1130 1551 1214 1578 Τοῦτο
1230 1553 1330 1588 ῥᾴδιον,
1346 1551 1431 1588 οἶμαι,
1450 1555 1504 1585 τοῖς
1516 1554 1675 1589 εὐφρονοῦσι
1685 1575 1692 1587 ,
1704 1555 1751 1581 καὶ
1768 1554 1822 1581 ἀπὸ
1838 1563 1883 1590 μι-

1102 1608 1110 1622 ι
1131 1598 1197 1633 κροῦ
1213 1607 1284 1630 τινος
1299 1600 1345 1626 καὶ
1361 1600 1486 1627 ταπεινοῦ
1504 1600 1564 1626 καθ’
1580 1601 1651 1635 ἡμᾶς
1665 1600 1883 1636 παραδείγματος

1101 1653 1110 1668 ι
1128 1644 1227 1677 γνῶναι
1249 1645 1314 1680 (45).
1333 1647 1399 1673 Οὐδὲ
1419 1646 1472 1682 γὰρ
1497 1647 1541 1673 τὸν
1559 1646 1605 1673 τοῦ
1637 1646 1780 1682 ἀνθρώπου
1807 1646 1884 1680 λόγον

1101 1699 1109 1714 ι
1129 1689 1241 1724 δυνάμει
1262 1691 1308 1716 καὶ
1322 1691 1465 1717 ὑποστάσει
1482 1692 1597 1727 χωρίσαι
1613 1692 1666 1718 τινὶ
1689 1692 1811 1718 δυνατόν.
1836 1691 1884 1718 Ἐν

1100 1744 1108 1759 ί
1128 1735 1181 1770 γάρ
1195 1737 1253 1761 ἐστι
1271 1737 1315 1762 καὶ
1329 1737 1425 1762 ταύτὸν
1441 1737 1479 1772 τῷ
1491 1737 1625 1773 ἀνθρώπῳ
1637 1737 1745 1772 ὁλὸγος,
1759 1739 1807 1764 καὶ
1821 1737 1882 1764 οὑδ-

1100 1791 1108 1806 ι
1126 1781 1165 1807 ενι
1190 1781 1371 1817 χωριζόμενος
1398 1783 1484 1819 ἑτέρῳ
1507 1784 1523 1819 ἦ
1546 1784 1613 1819 μόνῃ
1629 1786 1661 1819 τῇ
1692 1784 1740 1820 τῆς
1757 1783 1882 1820 πράξεως

1099 1838 1108 1854 ι
1127 1828 1261 1864 ἐνεργείᾳ.
1277 1837 1286 1853 ι
1317 1829 1372 1854 Καὶ
1399 1828 1618 1863 mammam.
1637 1829 1677 1856 ἔτι
1709 1829 1808 1864 μᾶλλον
1833 1828 1881 1864 τὴν

1096 1873 1176 1899 αὑτοῦ
1190 1873 1306 1900 διάνοιαν
1326 1873 1476 1908 ἐμφαίνων,
1496 1873 1528 1899 δι’
1545 1870 1581 1900 ὧν
1604 1873 1666 1908 ἑξῆς
1692 1874 1755 1900 τάδε
1782 1874 1878 1909 φησίν·

1098 1926 1107 1942 ‹
1128 1917 1165 1943 Oi)
1182 1917 1234 1952 γὰρ
1247 1916 1278 1951 δὴ
1294 1917 1389 1952 ἑτέρας
1418 1918 1577 1952 ὀνομασίας,
1592 1916 1647 1944 οἷον
1665 1918 1730 1954 ὖλης
1756 1919 1772 1954 ἢ
1795 1919 1878 1954 ἄλλης

1098 1973 1107 1988 ι
1124 1964 1196 1994 τινὸς
1216 1963 1391 1999 ἀνθρωπίνης
1409 1964 1499 1999 (46),ὁ
1519 1964 1584 1996 Θεὸς
1608 1965 1692 1992 ἐδεῖτο
1707 1966 1774 2001 πρὸς
1797 1975 1880 1993 κατα-

1098 2019 1107 2035 (
1127 2010 1236 2044 σκευὴν,
1254 2009 1320 2036 ἀλλὰ
1336 2010 1436 2045 ταύτης
1450 2010 1498 2045 τῆς
1514 2011 1543 2036 ἐν
1554 2013 1586 2046 τῇ
1604 2011 1685 2038 αὐτοῦ
1702 2012 1880 2048 διανοίᾳὲτοι-

1097 2064 1106 2079 ι
1127 2055 1236 2089 μασίας.
1257 2055 1332 2081 Ἐπεὶ
1341 2053 1386 2082 οὖν
1398 2055 1527 2082 ἀδύνατον
1540 2054 1573 2092 ἧν
1586 2057 1669 2092 χωρὶς
1685 2057 1763 2092 λόγου
1775 2058 1821 2084 καὶ
1829 2058 1879 2093 τῆς

1096 2110 1105 2126 t
1128 2101 1280 2136 προσούσης
1302 2102 1340 2136 τῷ
1368 2102 1438 2137 λόγῳ
1463 2103 1558 2137 σοφίας
1586 2103 1710 2139 ἐννοῆσαι
1736 2104 1800 2139 περὶ
1830 2104 1878 2140 τῆς

1096 2157 1105 2172 ι
1128 2148 1174 2174 τοῦ
1194 2148 1310 2183 οὐρανοῦ
1326 2149 1496 2184 κατασκευῆς
1512 2150 1557 2176 τὸν
1574 2149 1650 2181 Θεὸν,
1673 2151 1784 2182 εἰκότως
1808 2150 1876 2186 ἔφη·

1095 2202 1104 2217 ‹
1126 2192 1224 2219 Ἠνίκα
1245 2192 1379 2226 ἡτοίμαζε
1394 2192 1446 2219 τὸν
1459 2192 1595 2226 οὐρανὸν,
1612 2193 1816 2228 συμπαρήμην
1826 2195 1878 2220 αὺ-

258 2241 268 2258 ι
292 2234 500 2261 arbitrarentur.
523 2234 645 2263 Proclive
667 2242 709 2264 est
730 2243 821 2265 autem
842 2238 913 2265 istud
933 2240 1039 2266 cuicun-

1097 2247 1103 2262 l
1127 2237 1175 2269 τῷ.
1195 2247 1204 2262 ι
1221 2237 1275 2263 Καὶ
1293 2237 1466 2273 προστίθησιν
1482 2236 1558 2270 αὖθις
1571 2238 1700 2274 ὲξομοιῶν
1712 2237 1751 2273 τῷ
1772 2238 1878 2274 ἀνθρω-

258 2287 268 2304 ‹
288 2286 339 2313 que
356 2281 489 2314 prudenti,
515 2281 687 2316 utiarbitror,
702 2284 860 2318 intelligere,
873 2285 906 2312 ab
915 2286 1039 2320 exemplo

258 2333 267 2350 ι
290 2326 404 2359 quodam
422 2327 519 2361 exiguo
543 2333 568 2355 et
595 2329 662 2356 satis
687 2329 779 2356 humili
799 2331 926 2358 humano.
948 2331 1039 2366 Neque

258 2381 266 2397 ι
290 2372 361 2398 enim
372 2373 500 2406 possibile
510 2378 561 2406 est,
570 2375 731 2409 cuicunque,
744 2376 853 2402 verbum
864 2377 988 2410 hominis,
998 2379 1038 2405 vel

257 2427 265 2442 Ι
288 2418 417 2451 potentia,
433 2419 467 2446 ab
483 2420 620 2454 liypostasi
636 2429 773 2455 separare.
788 2421 874 2449 Unum
888 2428 928 2450 est
939 2424 1038 2450 ctenim

257 2472 266 2488 ι
287 2468 368 2498 atque
389 2465 457 2491 idem
473 2473 534 2492 cmn
550 2466 658 2493 homine
681 2468 790 2494 verbum
810 2476 904 2502 suum;
921 2477 969 2497 nec
984 2470 1037 2497 ullo

257 2518 265 2532 ι
285 2514 362 2542 pacto
376 2510 454 2536 aliter
465 2512 653 2545 separandum,
670 2521 751 2547 quam
767 2515 822 2540 sola
833 2515 929 2547 agendi
940 2523 1037 2549 opera-

256 2563 265 2578 ι
288 2554 474 2591 tiouenMagis
481 2557 568 2585 adhuc
580 2558 689 2593 prodige
699 2567 774 2585 suam
785 2564 899 2586 mentem
909 2560 1036 2591 insinuat,

307 2638 337 2667 ᾖ(
355 2635 405 2663 Ed.
420 2635 521 2669 Paris.,
535 2644 597 2672 pug.
611 2636 656 2664 40.
708 2637 732 2654 ⁸⁷
745 2637 830 2665 Exod.
849 2646 891 2671 ill,
907 2638 952 2671 14.

289 2705 409 2743 (male
420 2706 473 2743 ζεῦ
486 2706 592 2743 Λόγους
601 2707 787 2741 σημαίνεται.
800 2708 890 2740 Deest,
906 2709 1038 2743 γεγεννῆ-

253 2737 324 2767 σθαι.
337 2737 483 2774 Ἐνταῦθα,
499 2737 666 2769 referebatur
680 2742 713 2769 ad
735 2743 821 2769 locum
836 2737 952 2777 aliquem
966 2737 1039 2771 Scri-

253 2779 443 2811 ptur2,_quem
470 2777 497 2803 in
524 2777 565 2803 his
588 2777 644 2804 suis
663 2778 799 2811 excerptis
819 2778 929 2805 reticuit
953 2778 1038 2807 Euse-

252 2809 424 2848 DiusLML—
438 2811 496 2848 Mox
515 2809 763 2848 vulgqua‘trdt-ytdijr.
776 2812 965 2848 θινάναγγέλῃ.

290 2844 345 2883 (ιῇ)
366 2844 463 2883 Statim
481 2844 621 2883 Ιεεεηῦὑδὲ
636 2844 750 2882 γὰρ’τοῦ
770 2844 914 2883 ἀνθρώπξού
930 2844 976 2875 τόν
995 2848 1038 2875 λό-

254 2886 301 2917 γον
312 2879 434 2914 δυνάμει,
451 2880 466 2915 ἦ
488 2879 534 2908 καὶ
549 2879 694 2909 ὑποστάσει
711 2892 735 2918 χ.
752 2879 918 2917 Ιηιιιοὲεὶὺίίε
932 2888 984 2917 est,
1001 2884 1036 2911 ita

1090 2283 1157 2318 πίνῳ
1184 2283 1254 2318 λόγῳ
1275 2283 1320 2310 τὸν
1346 2283 1390 2309 τοῦ
1415 2283 1492 2316 Θεοῦ,
1516 2285 1554 2316 εἰς
1579 2284 1609 2310 τὸ
1629 2284 1713 2317 δεῖξαι
1724 2284 1804 2311 αὑτὸν
1828 2285 1876 2311 ἀν-

1089 2330 1247 2356 υπόστατον.
1258 2329 1277 2355 Γ
1280 2330 1360 2365 ράςρει
1373 2329 1401 2356 δὲ
1418 2329 1503 2362 οὕτως
1517 2338 1523 2345 ·
1544 2339 1552 2354 ι
1579 2330 1711 2357 Ἐνταῦθα
1740 2330 1797 2365 ἐγώ
1817 2332 1874 2365 εὶμι

1091 2385 1099 2400 ι
1117 2376 1132 2400 ὁ
1144 2374 1196 2407 ὢν,
1222 2374 1295 2408 λέγει
1317 2375 1366 2410 μὲν
1383 2375 1421 2410 τῷ
1442 2376 1554 2402 Μωῡσεῖ
1569 2377 1584 2402 ὸ
1608 2376 1712 2411 Πατήρ.
1728 2376 1810 2410 Λέγει
1834 2376 1872 2408 δὲ,

1090 2430 1099 2445 ι
1118 2419 1241 2455 δηλονότι
1254 2419 1296 2446 διὰ
1308 2420 1355 2446 τοῦ
1369 2421 1465 2454 Λόγου.
1478 2421 1569 2447 Πάντα
1585 2420 1639 2455 γὰρ
1653 2421 1702 2447 ὃσα
1715 2420 1747 2447 ἂν
1758 2422 1772 2447 ὀ
1783 2420 1875 2457 Πατὴρ

1092 2476 1101 2491 ι
1122 2466 1199 2501 λέγῃ⁷
1222 2466 1309 2493 ταῦτα
1338 2467 1475 2502 πανταχοῦ
1497 2467 1540 2493 διὰ
1553 2467 1599 2496 τοῦ
1620 2467 1706 2502 Λόγου
1715 2467 1801 2500 λέγων
1814 2467 1876 2502 φαί-

1093 2522 1101 2538 ι
1120 2521 1203 2539 νεται.
1218 2512 1302 2538 Τοῦτο
1317 2513 1345 2538 δὲ
1356 2513 1433 2547 δῆλόν
1450 2514 1507 2539 ἐστι
1518 2514 1565 2540 καὶ
1576 2513 1622 2548 ἀφ’
1635 2513 1712 2548 ἡμῶν
1724 2513 1812 2539 αὐτῶν
1825 2513 1874 2541 ὅσα

1094 2569 1103 2584 ι
1123 2559 1208 2594 μικρὰ
1225 2560 1281 2590 τοῖς
1304 2559 1431 2594 μεγάλοις
1450 2560 1496 2587 καὶ
1522 2560 1604 2592 θείοις
1633 2559 1792 2591 ἀπεικάσαι.
1819 2559 1874 2586 Καὶ

1089 2707 1200 2735 verbum
1217 2706 1378 2744 al)_ltomi1te_
1389 2713 1469 2744 suum
1483 2712 1620 2744 separare,
1635 2709 1664 2731 ut
1672 2704 1811 2744 subsistat
1831 2711 1874 2744 59:

1087 2748 1220 2776 paratum.
1235 2741 1315 2769 M.—
1334 2742 1400 2769 Dein
1426 2738 1636 2776 νυιεοεπιδαψ.
1656 2740 1716 2768 sine
1727 2739 1774 2766 καί
1791 2743 1819 2766 et
1839 2738 1873 2765 δι’

1086 2778 1236 2850 "II
1250 2811 1348 2850 ᾂλλης
1370 2812 1451 2850 τιῄὸς
1471 2810 1667 2850 ἀνθρῳςξὶηνης.
1679 2809 1770 2850 _Deest
1782 2808 1871 2850 aliqua

1087 2842 1139 2874 vox
1152 2842 1292 2874 fulcienda:
1303 2842 1457 2874 sententiae.
1471 2845 1505 2872 M.
1518 2842 1556 2866 3—.
1570 2842 1721 2904 Deinvnlfo
1743 2843 1812 2878 πρὸς
1822 2842 1870 2881 τὴν

1087 2890 1200 2904 uacaret.
1215 2887 1241 2904 et
1256 2881 1445 2904 προσηκούσης
1457 2881 1496 2904 τῶ
1510 2880 1581 2904 λόγω
1594 2885 1621 2904 et
1636 2880 1684 2904 ήτο
1698 2883 1784 2904 nam-1.!

1087 2890 1201 2908 κατασκ.
1215 2887 1242 2909 et
1256 2881 1445 2918 προσηκούσης
1457 2881 1496 2916 τῷ
1510 2880 1581 2915 λόγῳ
1594 2885 1621 2907 et
1636 2880 1784 2917 ἡτοίμασε-9
