2045 3215
174 169 227 197 795

175 236 187 254 1
200 226 281 262 ἡμεῖς
292 226 348 261 γὰρ
360 226 447 253 πάντα
461 227 511 253 ὅσα
521 226 554 254 ἂν
571 227 702 263 θέλωμεν,
711 228 782 255 κατὰ
794 228 825 255 τὸ
834 228 957 262 δυνατὸν,

176 281 185 296 1
200 270 289 304 λέγειν
307 279 335 296 τε
355 271 402 297 καὶ
421 273 523 303 ποιεῖν,
545 271 582 306 τῷ
608 272 734 307 ἡμετέρῳ
749 273 876 308 ποιοῦμεν
902 274 956 308 (47)

175 328 185 345 1
201 319 281 353 λόγῳ.
294 327 304 344 ι
320 316 387 344 Εἶτα
405 318 505 353 μεταξύ
522 327 581 345 τινα
598 318 682 345 εἰπὼν
694 319 821 353 ἐπιλέγει·
840 320 899 351 Πῶς
913 318 958 346 οὖν

174 373 185 390 1
204 364 352 399 Ἀστέριος,
367 365 426 395 ταῖς
438 363 528 398 ἁγίαις
543 365 664 399 Γραφαῖς
673 364 765 396 ἁπλῶς
776 365 822 392 καὶ
833 365 958 400 ἐμφόῦως

175 419 184 433 1
198 408 355 435 ἀκολουθεῖν
367 409 608 444 προσποιούμενος,
620 410 668 436 οὐκ
675 409 744 444 ἔγνω
752 410 782 436 τὸ
794 410 874 445 μέρος
881 410 958 437 τοῦτο

174 464 183 479 1
199 454 286 489 λέγων
299 463 304 469 ·
319 454 420 490 Κύριος
440 456 454 481 ὁ
466 455 532 486 Θεός
547 464 592 481 σου
604 476 611 488 ,
626 452 703 487 οὗτος
718 455 816 490 Κύριος
830 455 869 487 εἷς
889 457 956 482 ἐστι·

175 511 183 524 1
199 500 265 532 Θεὸς
282 501 311 527 ὲν
326 500 364 535 τῷ
375 500 480 536 οὐρανῷ
498 501 563 533 ἀνω,
578 502 624 527 καὶ
639 502 684 528 ἐπὶ
696 502 745 537 τῆς
752 502 803 536 γῆς
812 502 895 529 κάτω·
912 503 958 528 καὶ

175 556 183 571 1
196 547 246 572 οὐκ
256 546 329 573 ἐστιν
340 546 379 572 ἑτι
393 546 462 582 πλὴν
471 546 553 573 αὐτοῦ
568 555 574 579 ;
591 548 646 574 Καὶ
654 548 693 574 ὅτι
704 545 743 579 εἷς
752 548 820 579 ἐστι,
830 548 876 573 καὶ
889 547 957 583 πλὴν

174 603 182 617 1
196 592 278 619 αὑτοῦ
295 592 387 627 ἔτερος
404 593 454 619 οὐκ
470 592 536 619 ἔστι.
552 601 561 618 1
581 593 635 618 Καὶ
646 592 745 628 προπυν
763 591 839 623 αὖθις
857 592 957 627 διῖσχυ-

171 639 276 675 ρίζεται
292 639 418 673 φάσκων·
437 648 446 665 1
464 639 499 665 Οὐ
517 639 740 674 καταχρηστικῶς
759 639 836 673 λόγος
860 640 957 673 ὀνομα-

172 696 181 711 1
199 685 287 717 σθεὶς,
321 684 372 711 κᾶν
400 685 582 720 διαρραγῶσιν
607 686 631 712 oi
661 685 957 720 ὲτεροδιδασκαλοῦντες

119 740 123 742 ·
172 741 181 756 1
204 731 366 766 ψευδόμενοι
380 751 387 763 ,
411 731 478 757 ἀλλὰ
500 731 602 766 κυρίως
621 740 650 757 τε
676 732 722 757 καὶ
741 731 848 765 ἀληθῶς
869 731 957 766 ὑπάρ-

173 787 182 802 1
202 786 256 812 χων
273 777 370 811 Λόγος·
390 787 399 802 ›
428 778 474 803 καὶ
495 777 656 812 προστίθησι
669 786 675 792 ·
694 787 703 803 ι
730 778 761 803 Τί
792 777 846 812 γὰρ
864 778 956 812 ἕτερον

173 833 182 848 ι
200 821 234 857 ἦν
253 823 496 858 ἀποκεκρυμμένον
517 824 664 858 μυστήριον
681 823 696 858 ἢ
712 823 781 849 κατὰ
795 824 840 850 τὸν
854 823 955 857 Λόγον;

172 879 181 894 1
200 868 278 895 Οὕτω
293 869 321 894 δὲ
332 866 365 904 ἦν
382 869 625 904 ἀποκεκρυμμένον
639 870 667 895 ὲν
681 868 719 904 τῷ
733 869 792 904 Θεῴ
806 870 880 895 τουτὶ
891 870 956 904 πρό-

171 925 180 939 1
200 923 278 950 τερον
308 914 338 940 τὸ
356 916 514 950 μυστήριον,
532 914 601 941 ὥστε
629 914 730 950 μηδένα
752 914 798 941 τοῦ
823 915 954 950 προτέρου

171 970 180 985 1
201 959 265 986 λαοῦ
282 960 376 994 σαφῶς
392 960 426 987 τὰ
439 961 509 987 κατά
523 960 566 987 τὸν
580 960 666 995 Λόγον
679 961 793 987 εἰδέναι·
809 961 865 988 ἀλλ’
882 961 955 995 ἡμᾶς

170 1016 179 1030 1
196 1005 243 1031 τοῦ
261 1006 375 1032 πλούτου
389 1005 438 1040 τῆς
460 1006 549 1041 δόξης,
568 1007 614 1032 καὶ
635 1006 681 1033 τοῦ
708 1007 953 1042 ἀποκεκρυμμένου

169 1060 178 1074 1
203 1050 353 1085 μυστηρίου
367 1050 516 1077 ἀπολαύειν
530 1051 586 1077 νυνί
608 1051 673 1086 (48).
692 1061 701 1077 ι
715 1052 768 1078 Καὶ
783 1052 851 1087 μετὰ
868 1051 954 1078 ταῦτα

166 1099 248 1125 πάλιν
264 1099 420 1134 ἀνθρωπίνῃ
436 1099 567 1135 κέχρηται
580 1100 674 1131 εἰκόνι,
684 1100 776 1127 τοῦτον
784 1101 896 1136 γράφων
910 1101 954 1126 τὸν

167 1145 275 1180 τρόπον·
289 1145 351 1176 ιΤίς
365 1145 418 1181 γὰρ
431 1145 542 1181 οὕτωςῆ
556 1146 609 1173 τῶν
624 1146 710 1180 ἁγίων
729 1147 859 1180 ἀγγέλων,
873 1147 889 1181 ἦ
909 1148 954 1173 ἁν-

169 1199 178 1215 1
195 1190 265 1225 δρῶν
296 1190 406 1217 δικαίων
437 1191 590 1223 ἀξιόπιστος
616 1189 649 1227 ἦν
680 1192 728 1227 τὴν
754 1194 785 1218 ὲκ
809 1193 952 1228 προσώπου

170 1236 241 1262 ατοῦ
279 1236 345 1262 Θεοῦ
380 1236 531 1271 ὁρισθεῖσαν
568 1238 641 1273 αὐτῷ
674 1239 808 1273 τιμωρίαν
845 1238 951 1269 λῦσαις

169 1290 178 1306 1
196 1282 220 1307 εἰ
236 1282 273 1316 μὴ
287 1282 367 1312 αὐτὸς
380 1283 393 1307 ό
406 1282 489 1315 Λόγος
501 1283 515 1307 ὁ
535 1282 685 1317 συμπαρών
703 1292 732 1309 τε
751 1283 806 1316 (49)
823 1283 869 1309 καὶ
883 1292 951 1318 συμ-

168 1337 177 1352 1
198 1328 321 1355 πλάττων
332 1328 400 1363 πρὸς
413 1327 442 1354 ὃν
453 1329 466 1354 ό
483 1328 588 1364 Πατὴρ,
601 1329 776 1363 Ποιήσωμεν
785 1329 950 1363 ἄνθρωπον,

162 1383 176 1402 _1
195 1374 257 1409 ἔφη,
278 1374 340 1400 κατ’
353 1375 455 1401 εἰκόνια
468 1375 613 1409 ἡμετέραν
621 1376 668 1402 καὶ
685 1376 836 1410 ὁμοίωσιν,
846 1376 895 1402 οὐκ
911 1377 953 1402 ὸν-

169 1430 176 1444 1
196 1429 241 1451 τος
254 1420 346 1456 ἐτέρου
362 1420 428 1446 Θεοῦ
443 1421 488 1446 τοῦ
508 1421 691 1456 συμπλὰττειν
705 1421 778 1456 αὐτῷ
793 1421 950 1457 δυναμένου.

168 1476 177 1491 1
206 1466 277 1500 Ἐγὼ
289 1466 342 1500 γάρ
353 1468 420 1500 εἰμι,
429 1467 504 1501 φησὶ,
524 1467 595 1499 Θεὸς
614 1467 738 1500 πρῶτος·
752 1467 801 1493 καὶ
812 1467 868 1502 ἐγὼ
879 1468 952 1502 μετὰ

169 1522 177 1536 1
199 1512 301 1543 ταῦτα,
319 1512 365 1538 καὶ
381 1511 464 1545 πλὴν
476 1512 548 1546 ἐμοῦ
573 1511 643 1545 Θεὸς
665 1513 764 1546 ἕτερος
786 1514 840 1539 οὐκ
856 1514 949 1540 ἔστιν.

721 169 862 198 CONTRA
879 170 1092 200 MARCELLUM
1111 171 1175 199 LIB.
1195 171 1228 199 II.

1736 173 1789 202 τοι

973 234 995 261 Α
1010 230 1036 257 in
1050 230 1236 265 sequentibus,
1249 230 1389 264 inquiens:
1404 229 1451 266 [Β.
1462 230 1515 258 LIII
1524 230 1585 258 coll.
1596 238 1624 266 p.
1634 231 1695 267 I25]
1707 242 1716 258 1
1728 231 1787 260 Ndn

1013 285 1022 301 1
1042 282 1116 304 certe
1129 277 1349 312 indigebatDeus,
1359 277 1537 312 appellatione
1549 278 1611 310 alia,
1622 284 1714 313 utputa
1731 287 1787 305 ma-

1012 332 1020 347 1
1041 323 1131 355 terize,
1149 329 1194 349 aut
1213 324 1251 350 rei
1268 323 1392 350 humana:
1420 324 1603 358 cujuseunque
1618 333 1625 351 :
1643 326 1689 352 sed
1717 325 1787 352 illius

1012 378 1020 394 1
1039 369 1121 396 solius
1142 374 1294 404 apparatus,
1315 370 1359 405 qui
1380 371 1406 396 in
1428 369 1486 403 ejus
1513 375 1601 398 mente
1621 372 1786 398 versabatur.

1012 423 1020 439 ι
1040 413 1261 448 Quandoquidem
1271 422 1334 450 ergo
1347 414 1511 448 impossibile
1519 415 1615 447 fuerat,
1624 417 1682 442 sine
1693 416 1787 448 verbo,

1011 469 1019 485 ι
1038 465 1066 487 et
1093 460 1175 488 verbo
1200 462 1377 488 conveniente
1397 461 1552 496 prudentia,
1569 462 1650 488 Deum
1668 462 1788 496 cogitare

1011 515 1019 531 1
1040 508 1131 535 mundi
1152 507 1260 535 aII'uisse
1279 508 1435 539 conditum,
1455 515 1506 534 non
1530 507 1664 534 intmerito
1675 508 1761 542 inquit
1778 518 1785 535 :

1010 564 1019 580 1
1038 554 1268 588 Cumprwparares
1277 554 1379 586 cazlum,
1389 562 1441 581 una
1452 554 1556 580 aderam
1568 559 1650 579 tecum
1659 554 1692 579 ³⁸.
1700 563 1708 579 ι
1715 554 1788 588 Adji-

1007 601 1045 627 cit
1058 601 1145 628 denuo
1160 608 1175 628 e
1190 600 1365 628 similitudine
1379 600 1487 627 humani
1505 599 1591 631 verbi.
1618 604 1645 626 et
1669 598 1786 626 Verbum

1008 647 1053 674 Dei
1073 654 1148 678 esse,
1166 650 1195 673 ut
1218 646 1373 674 ostenderet
1400 646 1465 673 illud
1493 646 1604 672 minime
1629 646 1786 672 subsistere.

1008 692 1108 719 Scribit
1125 693 1209 724 enim,
1230 701 1239 717 1
1255 691 1311 719 Hoc
1326 692 1353 718 in
1371 691 1439 724 loco,
1457 691 1505 723 ait,
1522 691 1577 725 Ego
1591 691 1703 725 suntqui
1717 699 1786 721 sum,

1010 748 1019 764 1
1041 739 1074 764 ad
1089 738 1198 773 Moysen
1216 738 1333 773 loquitur
1354 737 1441 764 Pater.
1457 747 1466 763 ι
1488 737 1539 773 [‘Il.
1553 737 1607 764 LVI
1623 738 1683 764 coll.
1696 745 1721 772 p.
1738 738 1788 764 114

1010 792 1019 808 ι
1040 784 1070 816 1),
1094 783 1145 810 118
1170 782 1369 818 B.]Loquilur
1385 787 1474 809 autem
1496 783 1566 816 quod
1592 787 1715 813 constat.
1740 789 1789 816 per

1010 839 1018 854 1
1037 829 1152 856 Verbum
1163 836 1251 855 suum.
1264 828 1434 862 Quatcunque
1451 828 1549 854 etenim
1562 827 1679 861 loquitur
1694 827 1786 860 Pater,

1010 886 1018 902 1
1039 877 1095 903 haec
1104 876 1202 910 ubique
1212 883 1258 910 per
1270 875 1386 901 Verbum
1404 882 1479 901 suum
1492 874 1593 901 locutus
1605 874 1718 900 videtur.
1732 874 1788 901 Iloc

1011 933 1019 948 ι
1039 927 1161 958 apparet,
1180 923 1201 949 si
1216 929 1296 956 parva
1313 921 1374 949 licet
1390 921 1668 955 magniscomponere
1681 925 1708 947 et
1721 920 1790 947 divi-

1009 980 1017 995 1
1038 969 1090 1002 nis,
1107 977 1121 996 a
1134 969 1341 1003 nobismetipsis.
1352 967 1406 995 Nos
1423 967 1520 994 etenim
1535 967 1624 994 omnia
1636 988 1643 999 ,
1658 974 1789 1001 quaecun-

1008 1026 1016 1041 1
1036 1023 1087 1049 que
1098 1015 1227 1044 volumus.
1243 1019 1372 1049 quantum
1385 1014 1479 1040 saltem
1491 1013 1517 1039 in
1538 1013 1615 1040 nobis
1633 1017 1685 1044 est,
1699 1013 1790 1039 facere

1008 1071 1016 1086 1
1033 1066 1060 1088 et
1084 1061 1184 1091 dicere,
1199 1067 1246 1095 per
1262 1065 1384 1087 nostrum
1398 1059 1508 1086 verbum
1530 1066 1731 1093 procuramusn
1742 1057 1787 1093 [Β.

1004 1106 1106 1133 LXVIII
1124 1106 1185 1133 coll.
1205 1114 1231 1141 p.
1246 1105 1296 1132 152
1313 1105 1357 1141 C.]
1374 1105 1423 1133 Ubi
1437 1105 1562 1132 nonnulla
1585 1105 1788 1136 interserueral,

1004 1153 1153 1180 subnectit:
1166 1161 1175 1177 1
1187 1152 1301 1185 Quinam
1310 1152 1392 1187 igitur
1400 1151 1532 1183 Asterius,
1540 1158 1599 1177 cum
1609 1158 1662 1185 pra:
1670 1158 1698 1177 se
1706 1150 1790 1177 ferret

1007 1209 1015 1224 1
1039 1199 1207 1234 simpliciter.
1221 1203 1247 1226 et
1260 1206 1319 1226 cum
1333 1198 1430 1225 timore
1450 1198 1564 1231 quodam
1580 1197 1654 1231 sequi
1668 1197 1789 1231 Scriptu-

1006 1255 1015 1271 1
1040 1253 1129 1272 rarum
1144 1248 1265 1276 ductum,
1290 1244 1361 1271 illam
1382 1251 1475 1271 earum
1491 1248 1595 1277 partem
1617 1248 1705 1269 tamen
1736 1251 1787 1269 non

1006 1301 1015 1317 ι
1040 1291 1215 1325 intelligebat.
1235 1291 1363 1317 Dominus
1380 1289 1449 1316 Deus
1464 1294 1541 1320 tuus,
1558 1289 1609 1314 iste
1633 1288 1702 1314 Deus
1721 1295 1789 1313 unus

1006 1348 1014 1363 1
1039 1342 1089 1364 est.
1110 1338 1197 1369 Deus,
1227 1337 1253 1363 in
1280 1336 1357 1363 cmlis
1383 1343 1502 1368 sursum,
1528 1339 1554 1361 et
1581 1341 1661 1369 super
1688 1339 1787 1360 terram

1006 1392 1014 1408 1
1039 1384 1183 1414 deorsum,
1210 1389 1259 1409 nec
1289 1382 1358 1408 alitis
1389 1382 1477 1408 adlmc
1505 1386 1546 1408 est
1574 1385 1672 1415 prmter
1695 1379 1789 1406 illum?

1005 1439 1014 1454 ι
1037 1429 1111 1457 Unus
1126 1434 1177 1461 est,
1191 1429 1287 1463 inquit,
1306 1433 1332 1455 et
1345 1433 1443 1463 praeter
1455 1428 1528 1455 illum
1544 1435 1596 1453 non
1618 1431 1659 1453 est
1676 1426 1753 1452 alius.
1775 1436 1784 1451 ι

1002 1473 1118 1508 Pergens
1138 1473 1264 1507 deinceps
1283 1473 1421 1500 contendit
1442 1471 1662 1502 vehementius,:
1681 1470 1726 1506 [Β.
1742 1470 1788 1496 XI.

1001 1519 1064 1546 coll.
1092 1526 1117 1553 p.
1136 1519 1185 1546 116
1201 1518 1241 1554 C]
1264 1528 1272 1544 1
1291 1518 1348 1545 Non
1373 1523 1430 1545 erat
1447 1517 1579 1549 verbum,
1600 1518 1687 1543 dictus
1716 1522 1790 1543 cata-

972 904 993 933 Β

168 1568 177 1583 1
194 1557 263 1584 Οὔτε
285 1556 330 1584 οὖν
353 1557 483 1591 νεώτερός
499 1566 539 1589 τις
562 1558 637 1589 Θεὸς,
659 1558 719 1584 οὔτε
737 1559 809 1584 ἐστὶν
823 1559 901 1590 ἄλλος
910 1568 951 1590 τις

1006 1574 1014 1589 1
1039 1565 1190 1597 chrestice,
1213 1569 1372 1598 rumpantur
1394 1564 1456 1590 licet
1482 1563 1517 1589 illi
1543 1563 1718 1594 mentiendo,
1743 1563 1787 1596 qui

167 1613 175 1629 1
197 1603 264 1639 μετὰ
288 1604 373 1630 ταῦτα
394 1603 460 1634 Θεὸς
477 1603 523 1634 ὢν,
545 1603 604 1638 Θεῷ
622 1605 762 1638 συνεργεῖν
778 1605 886 1635 δυνατὸς
906 1602 949 1639 ἦν.

166 1661 174 1675 1
200 1651 269 1677 Ἀλλ’
286 1651 371 1683 εἴτις,
389 1650 478 1685 μικρῷ
494 1660 547 1677 τινι
561 1651 607 1677 καὶ
623 1651 784 1685 ἀνθρωπίνῳ
804 1651 864 1677 καθ’
879 1652 951 1686 ἡμᾶς

166 1707 175 1723 1
192 1697 393 1733 παραδείγματι
408 1697 556 1732 χρώμενος,
573 1697 610 1728 ὡς
629 1697 671 1722 διὰ
683 1697 795 1728 εἰκόνος,
811 1697 860 1732 τὴν
878 1697 952 1723 θείαν

167 1752 176 1768 1
188 1742 309 1775 ἐξετάζοι
325 1743 433 1778 πρᾶξιν,
448 1743 542 1778 ὥσπερ
559 1743 590 1769 ἄν
606 1752 647 1774 τις
661 1742 878 1778 ἀνδριαντοποιὸς
893 1743 953 1769 ἐπι-

165 1799 175 1813 1
195 1790 306 1825 στήμων
324 1790 404 1824 ἀνὴρ,
420 1789 564 1824 ἀνδριάντα
579 1789 677 1816 πλάσαι
692 1789 859 1824 βουλόμενος,
875 1789 952 1824 πρῶ-

167 1845 175 1859 1
191 1843 236 1861 τον
250 1836 300 1870 μὲν
315 1836 377 1866 τοὺς
390 1835 489 1866 τύπους
502 1835 582 1861 αὑτοῦ
601 1836 647 1861 καὶ
660 1836 836 1870 χαρακτῆρας
848 1836 875 1861 ἐν
889 1836 952 1861 εαυ-

167 1890 174 1905 ι
191 1880 227 1916 τῷ
248 1883 353 1907 σκοπεῖ·
375 1881 469 1907 ἔπειτα
484 1881 583 1912 πλάτος
603 1890 632 1906 τε
650 1881 697 1907 καὶ
712 1881 808 1916 μῆκος,
822 1881 883 1906 ὅσον
907 1880 952 1906 εὐ-

166 1936 174 1950 1
196 1927 310 1961 πρεπὲς,
335 1926 428 1957 ἐννοεῖ,
452 1926 598 1959 ἀναλογίαν
611 1934 640 1951 τε
667 1926 713 1951 τοῦ
738 1925 847 1956 παντὸς,
868 1926 895 1950 ὲν
913 1925 952 1959 τῷ

165 1982 173 1997 1
193 1973 252 1999 καθ’
267 1973 382 1999 ἕκαστον
399 1972 520 2005 ἐξετάζει
538 1972 626 2007 μέρει,
646 1971 746 2006 χαλκοῦ
760 1980 789 1997 τε
807 1972 854 2006 τὴν
868 1971 952 2006 πρόσ-

166 2028 174 2043 1
194 2020 276 2054 φορόν
288 2018 435 2053 ἑτοιμάσας
449 2018 525 2054 ὕλην,
543 2019 590 2044 καὶ
600 2019 645 2045 τὸν
660 2019 786 2052 ἐσόμενον
807 2017 952 2053 ἀνδριάντα

166 2074 175 2089 1
195 2066 228 2100 τῇ
251 2064 349 2091 ἑαυτοῦ
380 2065 562 2100 προτυπώσας
586 2064 698 2099 διανοίᾳ,
714 2064 871 2098 κα¹ινοητῶς
887 2064 952 2098 ὸρᾷν

167 2119 175 2134 1
192 2110 315 2144 νομίσας,
342 2110 467 2141 συνειδώς
491 2119 520 2135 τε
546 2109 635 2144 ἑαυτῷ
654 2110 792 2143 συνεργεῖν
805 2109 849 2135 τὸν
865 2109 951 2142 λόγον⁷

166 2165 175 2180 1
231 2155 377 2190 λογίζεται,
392 2156 438 2182 καὶ
451 2152 473 2189 ᾧ
493 2156 579 2182 πάντα
602 2157 730 2191 πράττειν
753 2155 855 2187 εἴωθεν,
868 2155 953 2189 (οὐδὲν

167 2211 176 2227 1
192 2201 245 2236 γὰρ
269 2201 305 2236 μὴ
327 2201 397 2236 λόγῳ
424 2201 582 2236 γιγνόμενον
606 2201 708 2235 καλόν)
738 2201 888 2236 ἀρχόμενος
904 2201 953 2236 τῆς

1005 1617 1014 1633 1
1039 1608 1205 1634 contrarium
1235 1612 1355 1639 tuentur,
1382 1608 1427 1634 sed
1448 1608 1556 1642 proprie
1580 1612 1605 1634 et
1630 1607 1788 1640 simpliciter

1005 1663 1015 1679 1
1039 1659 1098 1680 erat
1119 1653 1248 1681 Verbum.
1263 1664 1271 1679 ι
1300 1653 1427 1687 Adiungit
1445 1662 1451 1679 :
1469 1653 1517 1688 [IL
1537 1652 1605 1680 XLV
1626 1661 1653 1687 p.
1680 1653 1732 1679 144
1758 1652 1787 1687 Ill

1005 1710 1013 1724 1
1037 1700 1105 1732 Quid
1133 1707 1197 1726 vero
1222 1704 1281 1726 erat
1302 1699 1372 1725 aliud
1388 1698 1543 1734 mysterium
1567 1698 1629 1724 illud
1645 1698 1788 1723 abscondi—

1006 1756 1013 1770 1
1039 1750 1106 1777 tum,
1124 1753 1204 1779 quam
1219 1745 1367 1772 secundum
1390 1744 1505 1771 Verbum
1523 1744 1589 1770 Dei?
1613 1744 1674 1769 Erat
1698 1747 1786 1769 autem

1006 1802 1014 1817 1
1040 1791 1115 1824 illud,
1129 1792 1164 1818 ita
1178 1792 1242 1818 olim
1261 1792 1286 1818 in
1308 1792 1361 1818 Deo
1377 1790 1564 1817 absconditum
1579 1790 1670 1824 prius.
1688 1795 1713 1815 ul
1728 1790 1788 1815 Illll-

1006 1847 1014 1863 1
1040 1837 1080 1864 lus
1096 1838 1174 1872 plane
1187 1838 1256 1870 apud
1278 1836 1405 1871 pupulum
1426 1836 1543 1869 priorem
1555 1855 1562 1866 ,
1586 1835 1724 1869 perspicue
1741 1834 1785 1860 illa

1006 1893 1014 1907 1
1039 1887 1162 1909 cerneret
1176 1890 1236 1916 quae
1251 1882 1284 1908 ad
1308 1881 1425 1908 Verbum
1442 1880 1625 1914 pertinebant.
1652 1879 1705 1906 Nos
1722 1887 1786 1905 vero

1007 1939 1015 1953 1
1040 1929 1066 1955 iu
1095 1928 1220 1962 praesenti
1255 1928 1370 1953 fruimur
1399 1926 1501 1953 divitiis
1528 1925 1618 1958 gloria:
1647 1925 1729 1959 ipsius
1760 1930 1787 1951 et

1006 1985 1015 2000 1
1040 1975 1158 2010 mysterii
1175 1974 1295 2000 rerelati.
1309 1982 1318 1998 ›
1344 1972 1465 1998 Humana
1486 1972 1591 1998 demum
1611 1971 1694 1997 utitur
1711 1971 1787 1997 simi-

1010 2022 1122 2047 litudine
1149 2020 1181 2046 ad
1210 2020 1281 2046 hunc
1315 2019 1423 2046 modum
1454 2017 1577 2044 scribens
1601 2025 1606 2041 :
1641 2017 1649 2052 [
1677 2016 1709 2043 II.
1741 2016 1785 2043 LII

1004 2067 1064 2094 coll.
1087 2074 1114 2100 p.
1144 2064 1218 2100 125]
1252 2073 1260 2089 1
1275 2063 1339 2096 Quis
1362 2070 1424 2089 vero
1446 2062 1494 2088 fuit
1525 2062 1592 2088 adeo
1624 2062 1720 2096 dignus
1744 2062 1786 2088 vel

1007 2121 1015 2136 1
1043 2112 1111 2137 inter
1130 2110 1253 2137 homines
1267 2109 1355 2143 justos
1374 2108 1415 2134 vel
1437 2112 1547 2134 sanctos
1569 2107 1650 2134 etiam
1663 2107 1785 2140 angelos,

1008 2167 1016 2182 1
1040 2164 1147 2191 poenam
1180 2163 1194 2181 a
1227 2155 1280 2181 Deo
1306 2155 1332 2180 in
1367 2154 1427 2180 illos
1466 2153 1628 2180 destinatam
1659 2153 1786 2179 amoliri?

1007 2213 1016 2228 1
1039 2206 1067 2234 »Β
1086 2202 1202 2229 Verbum
1221 2201 1306 2228 soluat
1334 2200 1377 2234 qui
1404 2208 1454 2226 una
1483 2200 1576 2226 aderat
1595 2207 1655 2225 cum
1674 2198 1738 2229 Dco,
1759 2202 1786 2224 et

166 2256 175 2271 1
198 2247 329 2282 αἰσθητῆς
347 2246 447 2281 ταύτης
474 2247 615 2282 ἐργασίας,
635 2247 702 2282 πρὸς
726 2247 817 2278 αὑτὸν,
831 2247 868 2277 ὡς
885 2246 952 2281 πρὸς

1007 2259 1015 2274 1
1034 2256 1085 2274 una
1099 2256 1157 2273 (ιιιιιι
1174 2247 1217 2273 illo
1230 2246 1362 2279 eiligiaral
1377 2245 1511 2271 hominem
1526 2254 1532 2270 :
1550 2245 1582 2270 ad
1599 2252 1678 2278 quem
1703 2244 1786 2270 dicc—

166 2302 174 2316 1
188 2292 292 2327 ἓτερον,
303 2292 517 2327 παρακελεύεται
530 2293 624 2326 λέγων·
637 2293 701 2326 Ἄγε
714 2293 870 2327 ποιήσωμεν

166 2348 173 2362 1
193 2338 243 2372 ἄγε
261 2338 406 2373 πλάσωμεν
420 2338 573 2373 ἀνδριάντα·
589 2338 674 2370 οὕτως
687 2340 701 2365 ὁ
711 2339 764 2365 τῶν
776 2338 843 2365 ὅλων
852 2338 948 2364 δεσπό-

166 2393 173 2408 1
193 2392 243 2418 της
263 2384 338 2415 Θεὸς,
361 2383 407 2410 τὸν
435 2383 555 2418 ἔμψυχον
574 2385 606 2410 ὲκ
622 2385 672 2419 γῆς
688 2385 832 2420 ἀνδριάντα
852 2383 946 2414 ποιῶν,

1007 2304 1015 2318 1
1036 2294 1081 2320 bat
1098 2293 1187 2323 Pater,
1204 2291 1347 2317 Faciamus
1360 2290 1500 2320 hominem,
1512 2289 1545 2314 ad
1559 2288 1696 2322 imaginem
1712 2293 1734 2313 et
1746 2288 1784 2313 si-

1006 2347 1014 2362 1
1032 2337 1204 2363 militudincm
1216 2341 1331 2362 nos/rant
1345 2335 1377 2367 π’,
1396 2342 1456 2360 cum
1477 2342 1528 2359 non
1544 2337 1663 2359 exstaret
1687 2332 1783 2365 aliquis

1005 2392 1013 2407 1
1034 2382 1100 2408 alius
1115 2381 1192 2413 Deus,
1207 2381 1250 2415 qui
1264 2387 1323 2407 cum
1344 2379 1388 2406 illo
1407 2387 1457 2405 tilla
1476 2377 1594 2411 eﬂigiare
1606 2382 1704 2411 posset.
1725 2376 1781 2411 Ego

197 2445 227 2473 r11
241 2441 289 2468 Ed.
308 2440 405 2475 Paris.,
426 2449 488 2476 pag.
502 2441 547 2468 41.
585 2441 607 2457 ³³
622 2441 698 2469 Prov.
719 2450 776 2475 VIII,
789 2442 834 2478 *2].
873 2442 894 2457 ⁰⁹
906 2441 971 2469 Gen,
992 2449 1010 2473 I,
1022 2440 1067 2467 26.

197 2532 256 2568 (Π)
281 2533 425 2568 Ἦμετέρῳ
438 2534 590 2569 ποιοῦμεν.
603 2533 660 2561 Νοιι
672 2538 713 2561 est
721 2534 798 2568 plena
815 2534 942 2566 redditio,

162 2568 242 2601 adde,
257 2569 304 2595 καὶ
323 2569 447 2603 λέγομεν,
460 2569 532 2596 M.——
546 2569 614 2596 Dein,
623 2569 700 2603 vulgo
714 2577 774 2596 τινα
784 2568 870 2602 λέγων
881 2570 942 2595 ἐπι-

163 2603 240 2646 φέρει
253 2608 280 2646 et
298 2603 413 2646 ἀφόβως
425 2613 490 2632 mss.
502 2605 561 2631 loco
578 2604 643 2639 ἑμφ.
665 2603 722 2631 Mox
741 2604 819 2638 vulgo
832 2603 943 2639 διαρρα-

162 2638 237 2672 γοῖεν
253 2643 281 2665 et
292 2638 363 2666 κατά
376 2638 472 2671 Λόγον.
560 2666 563 2668 .

197 2673 253 2708 (48)
279 2674 451 2701 Ἀπολαύειν
479 2674 558 2701 νυνί.
583 2673 640 2700 Non
668 2673 771 2707 inepte.
794 2672 944 2699 ἀπολαύον-

162 2707 221 2740 τας.
241 2707 304 2735 Haec
323 2709 413 2735 omnia
435 2710 467 2735 ad
492 2716 618 2736 nauseam
641 2715 725 2741 usque
740 2712 897 2742 repetuntur
918 2709 943 2734 in

163 2743 433 2778 sequentibuslibris.
448 2744 481 2771 II.
494 2758 527 2763 ——
543 2743 607 2770 Dein
622 2743 701 2778 vulgo
720 2744 753 2777 τῇ
763 2750 840 2778 κεχρ.
860 2742 944 2769 εἰκόνι

163 2783 190 2804 et
203 2777 257 2814 τῶν
274 2778 380 2814 ἀνδρῶν
394 2783 420 2805 et
435 2778 482 2805 τοῦ
495 2777 563 2807 Θεοῢ
579 2777 733 2814 προσώπου.

198 2813 252 2855 μυ)
274 2811 365 2855 νιῃρςο⁵
377 2821 407 2838 τε
431 2821 497 2846 οιη.,
517 2814 579 2840 dein
602 2811 685 2848 'vulgo
711 2811 757 2838 καὶ
777 2811 838 2838 καθ’
852 2812 896 2847 ὀμ.
918 2817 945 2840 et

165 2847 235 2882 όνδρ.
249 2849 334 2874 πἰεῖν
352 2847 376 2882 β.

198 2882 254 2918 (50)
275 2883 340 2919 Ἄγε
360 2883 538 2918 ποιήσωμεν.
554 2882 611 2912 Hoc
629 2890 682 2910 non
699 2882 795 2917 probat
819 2882 942 2915 Basilius,

996 2533 1090 2561 Itamil.
1105 2533 1122 2560 9
1136 2533 1163 2568 in
1179 2531 1358 2568 Hexamernn,
1371 2529 1421 2568 Τίς
1434 2527 1488 2568 γὰρ
1505 2526 1621 2568 χαλκεὺς
1634 2524 1650 2560 ἢ
1667 2524 1781 2568 τέκτων,

996 2560 1131 2603 inquiens,
1147 2567 1164 2602 ἦ
1181 2565 1359 2603 σκυτοτόμος,
1376 2560 1649 2603 ,επὶ-ντῶνςόργάνων
1664 2560 1713 2599 τῆς
1738 2560 1783 2585 τέ-

996 2597 1062 2639 κνῆς
1078 2597 1164 2639 me;
1176 2597 1461 2639 “eeﬁPEVb4;°°.55Vb‘
1482 2597 1555 2639 αὐτῷ
1579 2597 1781 2639 «samaras.-

1013 2629 1177 2672 ἐγέι“αὺτὸς
1201 2629 1300 2672 ἑαυτῷ,
1318 2629 1489 2672 Ποιήσωμεν
1511 2629 1565 2672 τῆν,
1590 2629 1740 2672 μάχαιραν,

997 2664 1182 2708 συμπήξωμεν
1195 2671 1230 2708 τὸ.
1248 2664 1400 2708 ἀρότρρν,
1424 2664 1649 2708 semetsemet.
1666 2664 1780 2708 fortia-:6;

997 2680 1182 2733 συμπηςωμεν
1195 2680 1226 2697 το
1248 2680 1371 2704 αροτρον.
1384 2680 1400 2703 η
1424 2680 1644 2701 απερτυιυιυμευυι
1672 2680 1696 2690 tu
1716 2680 1780 2690 υιιιυ-

995 2708 1079 2744 δημα,
1101 2707 1157 2744 ἅλ’-⁸
1176 2705 1236 2744 οὐχ).
1253 2705 1341 2744 omni;
1355 2703 1408 2744 ,τῂν
1425 2699 1781 2744 ἐπιϐάλλουσανὲνέᾴργειαν

994 2734 1108 2774 ἐκτελεὴ
1133 2734 1300 2768 ΙιιεοῚιιιὶιιε
1325 2734 1427 2765 ibidem
1459 2741 1555 2774 contra
1585 2734 1703 2774 ._lu_daeos_.
1729 2735 1780 2767 Qui

994 2770 1206 2813 quod~sequiitur
1222 2775 1256 2801 de
1272 2774 1389 2813 animata
1409 2777 1495 2813 statua
1513 2770 1650 2813 hominis:
1675 2770 1715 2796 sic
1731 2776 1779 2795 ex-

995 2804 1110 2847 pressit:
1125 2804 1265 2847 Ἒμψυχος
1277 2807 1402 2847 εἰκὼν-ὲν
1418 2806 1488 2842 μέσῃ
1495 2808 1528 2841 τῇ
1538 2804 1624 2847 κτίσει
1636 2805 1775 2847 ἐκτορνευ-

994 2838 1134 2879 θείς.Μ.-
1143 2838 1239 2872 δὶιίιὶιῗι
1252 2838 1331 2877 vulgo
1345 2838 1558 2877 πλάσσωμέν,’θι
1571 2840 1641 2868 inira
1654 2838 1766 2873 λευκοτέ

997 2891 1045 2916 ραν
1057 2887 1085 2911 et
1099 2883 1113 2908 ὁ
1129 2880 1194 2912 Θεὸς
1208 2887 1338 2911 παντοκρ.
1562 2886 1568 2892 ·
