2045 3215
276 189 329 217 795
645 190 778 219 EUSEBll
797 189 1034 219 CESARIENSIS
1051 189 1127 218 OPP.
1147 190 1236 218 PARS
1256 191 1298 218 lV.
1320 207 1355 212 —
1373 191 1582 220 DOGMATICA.
1851 190 1901 219 796

280 257 289 272 1
308 248 388 280 enim,
401 247 498 282 inquit.
513 247 583 275 Delta
599 256 656 275 sum
667 249 785 282 primus:
801 248 857 282 Ego
873 247 944 275 Deus
960 253 1061 280 postre-

1118 257 1126 273 1
1143 248 1192 274 οὐκ
1201 248 1274 284 ἄλλῳ
1282 249 1336 275 τινὶ
1347 249 1414 275 ἀλλὰ
1430 249 1468 284 τῷ
1479 248 1577 275 ἑαυτοῦ
1594 248 1672 284 Λόγῳ
1685 247 1902 284 παρακελεύεται

280 303 288 318 ι
304 302 372 325 mus,
387 298 411 319 et
429 299 526 327 prcler
536 303 577 321 me
590 302 641 321 non
663 299 701 321 est
718 295 788 321 alius
813 294 882 322 Deus
901 295 921 320 ‘.
942 294 999 321 Non
1022 299 1064 322 est

1118 303 1126 319 ι
1147 293 1245 327 λέγων·
1269 294 1431 329 Ποιήσωμεν
1453 294 1596 330 ἄνθρωπον
1616 295 1646 321 οὺ
1669 295 1715 321 τὸν
1737 296 1819 322 αὑτὸν
1845 297 1901 328 τοῖς

280 348 289 364 1
309 337 498 373 itaqnejunior
512 340 581 367 Deus
592 339 703 374 aliquis.
717 347 767 367 nec
783 340 808 366 in
822 340 949 367 secundis
961 339 1064 374 positus

280 395 289 410 ι
311 386 380 412 licus
394 385 504 420 aliquis,
518 386 564 420 qni
576 389 683 420 poterat
699 393 751 413 una
774 393 837 413 enm
857 386 912 413 Deo
934 385 1041 420 operari
1055 394 1063 412 :

280 439 290 454 1
311 431 357 457 sed
371 430 453 457 veluti
468 430 491 457 si
511 430 571 464 quis
583 437 666 464 parvo
680 430 797 465 quodam
809 435 900 458 utatur
912 436 939 458 et
948 431 1065 458 humano

281 485 290 500 1
308 476 443 511 exemplo,
460 477 495 503 ita
517 484 573 503 rem
588 477 668 504 istam
692 477 830 505 examinet
854 478 887 504 ad
911 477 1065 505 similitudi-

282 532 291 546 1
311 530 382 549 nem.
393 522 498 550 Sicutsi
508 527 660 550 statuarum
671 523 768 550 artifex
784 523 931 555 excellens,
944 528 1064 550 statuam

282 578 290 592 1
307 567 425 595 conﬂare
440 568 610 602 propositum
637 569 753 601 habens,
775 568 908 603 imprimis
925 569 1065 596 characte-

282 623 291 638 1
307 621 351 640 ras
365 613 424 648 ejus
438 619 520 648 atque
540 614 642 641 formas
653 621 746 642 secum
762 614 919 649 speculatur
934 623 941 642 :
970 614 1065 640 latitu-

282 670 290 685 1
315 660 404 688 dinem
424 660 554 695 deinceps
569 665 596 687 et
618 660 816 695 longitudinem
829 661 971 688 decentem
989 661 1064 695 cogi-1

282 715 290 730 1
309 709 366 737 tat,
383 709 412 733 et
433 705 518 732 totius
542 704 746 739 proportionem
762 704 901 739 sigillatim
913 713 960 740 per
974 710 1065 740 partes

280 761 288 775 1
309 751 400 777 animo
418 755 496 777 tenus
514 750 746 784 amussitatatque
759 750 865 783 exigit:
893 755 948 778 tum
958 752 1063 778 dei-mm

281 805 289 820 1
312 796 463 827 materiam,
483 802 521 822 aes
542 795 568 822 in
585 796 727 830 procinctu
743 800 893 830 comparat,
908 801 934 823 et
947 796 1064 822 futuram

285 851 295 867 1
316 841 390 868 illam
408 845 526 868 statuam
541 841 631 868 animo
646 848 697 868 suo
712 840 878 868 delineatam
895 841 1064 875 complexus,

280 896 290 911 1
309 886 416 921 sibique
434 887 569 918 conscius,
591 887 724 913 rationem
741 887 814 913 intus
831 894 922 918 suam,
940 895 993 918 qua
1026 895 1066 913 ra-

280 941 290 957 1
309 920 465 964 tiocinatur,
479 936 508 959 et
517 939 569 966 qua
582 931 744 959 administra
757 934 895 967 componit
909 934 999 959 omnia
1013 932 1066 967 (ni-
1081 920 1102 947 Β

283 987 292 1002 1
311 977 349 1004 liii
364 977 464 1004 etenim
481 977 623 1012 pulchrum
637 982 688 1009 est.
702 985 754 1004 non
766 978 914 1004 secundum
932 978 1065 1004 rationem

280 1033 290 1048 1
308 1024 487 1058 exasciatum)
499 1024 544 1050 ubi
563 1031 673 1050 manum
689 1023 837 1051 admovere
849 1024 925 1059 operi
949 1024 1044 1057 incipit
1057 1043 1065 1055 ,

281 1079 291 1096 1
311 1070 347 1096 ita
369 1074 496 1105 tanquam
514 1070 628 1097 alteram
647 1077 790 1104 personam
804 1069 902 1097 aﬂ'atur
918 1079 925 1096 :
940 1070 1007 1104 Age,
1026 1070 1066 1096 fu-

281 1125 290 1142 1
308 1116 426 1148 ciamus,
442 1115 569 1150 inquiens
589 1125 595 1142 :
627 1122 677 1150 age
696 1115 855 1151 ellingainus
882 1120 1009 1143 statuam.
1026 1115 1066 1142 Ad

280 1171 290 1188 1
305 1162 429 1193 eumdem
442 1162 550 1189 modum
569 1162 758 1189 universorum
779 1162 911 1189 Dominus
927 1161 1008 1194 Dens,
1027 1162 1066 1187 vi-

280 1218 290 1234 1
310 1214 418 1237 ventem
432 1209 465 1236 de
479 1213 551 1237 terra
561 1213 679 1236 statuam
692 1208 853 1240 ellinxurus,
864 1216 916 1235 non
934 1209 966 1235 ad
983 1208 1065 1235 alium

279 1265 289 1280 1
308 1255 436 1290 aliquem,
447 1254 494 1282 sed
510 1255 544 1282 ad
558 1262 636 1282 suum
659 1254 746 1289 ipsius
775 1254 936 1282 Sermonem
948 1262 978 1282 se
992 1262 1066 1281 rom-

281 1310 291 1326 1
312 1300 399 1334 ponit.
412 1299 568 1331 Faciamus.
587 1301 675 1332 aiens,
692 1300 835 1333 hominem,
861 1307 914 1328 non
940 1300 974 1327 ad
988 1308 1066 1326 eum-

281 1356 290 1371 1
308 1347 369 1373 dem
388 1345 496 1373 modum
511 1353 564 1380 quo
587 1351 708 1373 cetera:
730 1352 791 1372 uam
817 1350 893 1373 certe
916 1345 1065 1372 secundum

281 1402 290 1418 1
313 1393 447 1420 rationem
459 1394 588 1421 universa
601 1393 800 1420 formabantur.
820 1403 829 1419 ι
840 1393 920 1420 Addit
934 1394 992 1420 istis
1008 1397 1066 1427 post

278 1439 330 1466 alia
348 1446 355 1465 :
371 1438 518 1476 [lLCVlll]
551 1448 560 1464 1
589 1438 666 1466 Nunc
695 1443 787 1466 autem
813 1439 900 1466 sacris
917 1438 1065 1472 Scripturis

281 1494 290 1511 1
305 1486 398 1517 credo,
412 1485 483 1520 quod
494 1493 563 1512 unus
578 1485 615 1513 sit
634 1485 716 1517 Deus,
740 1489 768 1512 et
786 1485 844 1519 ejus
861 1485 978 1512 Verbum
994 1485 1064 1511 Deus

281 1540 290 1555 1
307 1537 323 1557 e
335 1529 415 1557 Patre
429 1530 538 1565 quidem
554 1531 632 1565 exiit,
644 1536 675 1558 ut
687 1530 778 1558 omnia
791 1537 839 1564 per
856 1530 931 1558 illum
959 1530 1064 1556 tierent.

1117 349 1125 364 1
1143 338 1233 371 ἄλλοις
1244 339 1354 375 τρόπον·
1375 339 1446 373 λόγῳ
1460 338 1540 375 γὰρὴ
1558 340 1634 367 πᾶσα
1652 339 1759 374 ἐγένετο
1771 341 1868 372 κτίσις.
1888 351 1898 367 ι

1114 384 1169 410 Kal
1180 384 1285 417 τούτοις
1305 385 1364 420 μεθ’
1378 384 1460 420 ἔτερα
1476 385 1606 420 ἐπιλέγει·
1629 395 1638 410 1
1657 385 1726 412 Νυνὶ
1738 385 1767 412 δὲ
1783 386 1902 414 πιστεύω

1117 440 1126 455 1
1146 431 1206 462 ταῖς
1228 430 1316 462 θείαις
1343 431 1475 466 Γραφακ,
1499 431 1540 458 ὅτι
1562 429 1602 463 εἷς
1618 431 1694 462 Θεὸς,
1713 431 1759 457 καὶ
1777 431 1791 457 ὸ
1807 431 1900 458 τούτου

1117 485 1126 500 1
1145 475 1228 509 Λόγος
1240 475 1306 508 Θεὸς
1320 476 1439 512 προῆλθε
1457 477 1506 513 μὲν
1521 485 1568 503 του
1579 477 1696 512 Πατρός,
1711 477 1755 503 ἵνα
1768 477 1856 504 πάντα
1869 477 1901 504 δι’

1118 532 1127 547 1
1144 521 1226 548 αὑτοῦ
1249 521 1372 556 γένηται,
1390 522 1468 549 Μετὰ
1488 522 1517 549 δὲ
1534 522 1578 548 τὸν
1598 522 1692 557 καιρὸν
1711 522 1761 557 τῆς
1774 522 1901 558 κρίσεως,

1118 578 1127 593 1
1146 568 1192 595 καὶ
1204 567 1254 603 τὴν
1266 567 1320 594 τῶν
1330 567 1458 594 ἁπάντων
1466 566 1619 603 διόρθωσιν,
1636 567 1682 594 καὶ
1693 567 1739 594 τὸν
1750 567 1903 603 ἀφανισμὸν

1117 624 1127 640 1
1145 614 1196 649 τῆς
1215 614 1409 650 ἀντικειμένης
1437 613 1547 649 ἀπάσης
1573 612 1723 649 ἐνεργείας,
1737 613 1797 640 τότε
1823 613 1903 646 αὐτὸς

1118 668 1127 684 1
1151 659 1353 696 ὑποταγήσεται
1366 659 1406 695 τῷ
1425 659 1588 692 ὑποτάξαντι
1600 658 1674 694 αὑτῷ
1685 658 1721 686 τὰ
1736 659 1834 691 πάντα,
1845 659 1904 695 Θεῷ

1118 715 1127 730 1
1146 706 1192 732 καὶ
1199 706 1296 742 Πατρὶ,
1309 705 1436 738 ῖν“οὕτως
1487 706 1516 732 ὲν
1532 705 1591 740 Θεῷ
1604 705 1618 731 ὁ
1635 705 1731 740 Λόγος,
1751 705 1845 742 ὥσπερ
1858 705 1904 733 καὶ

1119 762 1127 777 ι
1144 752 1275 788 πρότερον
1287 750 1332 788 ἦν,
1348 753 1401 788 πρὸ
1413 752 1460 779 τοῦ
1469 752 1515 778 τὸν
1529 753 1630 787 κόσμον
1643 751 1842 784 εἷναι.οὐδενὺς
1850 752 1904 787 γὰρ

1119 808 1127 823 1
1144 799 1220 830 ὄντος
1246 799 1379 834 πρότερον
1398 798 1414 833 ἢ
1433 798 1500 824 Θεοῦ
1515 798 1605 833 μόνου,
1623 798 1731 825 πάντων
1742 798 1771 824 δὲ
1792 798 1837 824 διὰ
1856 796 1903 824 τοῦ

1119 853 1128 870 ι
1147 845 1232 878 Λόγου
1243 843 1384 878 γίγνεσθαι
1402 844 1561 879 μελλόντων,
1575 842 1711 878 προῆλθεν
1723 844 1737 870 ό
1747 843 1834 877 Λόγος
1840 843 1905 879 δρα-

1121 901 1129 917 1
1150 893 1228 927 στικῇ
1254 891 1390 926 ἐνεργείᾳ,
1413 891 1428 917 ό
1448 889 1532 924 Λόγος
1550 886 1626 920 οὗτος
1639 889 1687 916 τοῦ
1706 889 1811 924 Πατρός
1824 887 1873 915 ὦν.
1893 898 1901 914 ι

1117 937 1171 962 Kal
1196 937 1277 963 πάλιν
1288 936 1338 971 τὴν
1355 934 1438 970 αὐτὴν
1452 934 1570 961 διάνοιαν
1580 934 1742 968 λευκότερον
1756 933 1847 969 τίθησι
1861 933 1904 960 λέ-

1115 989 1181 1014 γων·
1195 981 1251 1015 Πρὸ
1265 981 1318 1016 γὰρ
1333 980 1380 1006 τοῦ
1387 980 1433 1006 τὸν
1449 979 1549 1015 κόσμον
1562 976 1642 1010 εἶναι,
1660 976 1694 1014 ἦν
1703 980 1717 1005 ό
1729 978 1814 1013 Λόγος
1829 979 1906 1013 ὲντῳ

1120 1036 1128 1052 1
1143 1027 1239 1062 Πατρί.
1253 1027 1317 1052 Ὅτε
1331 1026 1359 1052 δὲ
1370 1027 1384 1052 ό
1398 1025 1464 1057 Θεὸς
1472 1024 1668 1060 παντοκράτωρ
1681 1024 1769 1051 πάντα
1776 1024 1811 1050 τὰ
1823 1024 1852 1050 ὲν
1862 1024 1907 1050 οὐ·

1119 1083 1127 1098 1
1146 1073 1236 1107 ρανοῖς
1252 1072 1300 1098 καὶ
1321 1071 1367 1097 ἐπὶ
1383 1071 1434 1105 γῆς
1453 1069 1585 1105 προῦθετο
1608 1069 1730 1104 ποιῆσαι,
1743 1070 1906 1105 ἑνεργείαςή

1120 1129 1128 1144 ι
1147 1118 1194 1144 τοῦ
1206 1118 1307 1152 κόσμου
1322 1117 1428 1152 γένεσις
1443 1116 1526 1142 ἐδεῖτο
1538 1115 1697 1151 δραπικῆς·
1706 1115 1754 1142 καὶ
1763 1115 1807 1141 διὰ
1816 1114 1906 1146 τοῦτο,

1120 1174 1129 1190 1
1146 1163 1258 1200 μηδενὸς
1272 1163 1348 1194 ὄντος
1368 1162 1461 1197 ἐτέρου
1487 1161 1557 1197 πλὴν
1579 1161 1626 1188 τοῦ
1639 1160 1718 1194 Θεοῦ,
1729 1161 1831 1196 (πάντα
1853 1161 1908 1196 γὰρ

1119 1220 1128 1234 1
1145 1209 1315 1244 ὁμολογεῖται
1337 1208 1382 1234 ὑπ’
1401 1207 1483 1234 αὐτοῦ
1505 1206 1706 1242 γεγεννῆσθαι),
1719 1206 1779 1233 τότε
1792 1207 1807 1233 ό
1823 1206 1908 1241 Δάτος

1119 1266 1127 1281 ι
1144 1254 1282 1291 προελθὼν
1291 1254 1394 1289 ἐγίνετο
1407 1253 1454 1280 τοῦ
1466 1253 1568 1288 κόσμου
1586 1252 1710 1288 ποιητὴς,
1722 1253 1737 1279 ὃ
1750 1252 1796 1280 καὶ
1812 1252 1910 1289 πρότε-

1120 1312 1128 1327 1
1144 1310 1188 1337 ρον
1199 1301 1272 1328 ἔνδον
1288 1300 1390 1335 νοητῶς
1406 1299 1545 1335 ὀνομάζων
1557 1298 1663 1325 αὐτόν.»
1677 1298 1731 1325 Kal
1744 1295 1822 1330 αὖθις
1841 1298 1909 1333 μετὰ

1117 1347 1204 1374 πάντα
1213 1346 1337 1382 ἐπιφέρει
1351 1345 1447 1380 λέγων·
1459 1354 1468 1370 1
1482 1345 1534 1371 Kal
1544 1343 1588 1371 διὰ
1598 1343 1676 1370 τοῦτο
1688 1344 1738 1379 οὐχ
1751 1344 1820 1371 flor
1834 1344 1908 1371 Θεοῦ

1119 1403 1128 1419 1
1140 1393 1235 1420 ἑαυτὸν
1242 1392 1379 1428 ὀνομάζει,
1389 1391 1446 1418 ἀλλ’
1455 1391 1666 1425 ἄνθρωπον-,ἴνα
1673 1390 1717 1417 διὰ
1725 1390 1774 1426 τῆς
1780 1389 1910 1426 τοιαύτης

1119 1449 1128 1464 1
1140 1438 1284 1473 ὁμολογίας
1303 1438 1376 1464 θέσει
1400 1437 1444 1464 τὸν
1467 1436 1610 1473 ἄνθρωπον
1618 1436 1661 1463 διὰ
1680 1436 1729 1472 τὴν
1744 1436 1813 1472 πρὸς
1828 1436 1910 1464 αὑτὸν

1120 1496 1127 1511 ι
1141 1485 1283 1512 κοινωνίαν
1294 1484 1351 1511 υἱδν
1361 1483 1429 1510 Θεοῦ
1439 1483 1565 1518 γενέσθαι
1572 1483 1778 1519 παρασκευάσῃ·
1788 1483 1835 1509 καὶ
1841 1482 1910 1518 μετὰ

1120 1542 1129 1556 1
1140 1531 1171 1557 τὸ
1193 1530 1269 1561 τέλος
1285 1530 1335 1565 τῆς
1360 1529 1485 1565 πράξεως
1500 1527 1588 1561 αὖθις,
1603 1529 1641 1560 ὼς
1665 1529 1754 1563 λόγος,
1769 1528 1856 1564 ἑνωθῇ
1870 1528 1909 1563 τῷ

281 1586 290 1602 1
309 1575 372 1604 Post
382 1576 477 1610 iudicii
493 1581 598 1612 terimus
623 1582 652 1605 et
681 1585 773 1605 rerum
791 1577 911 1605 omnium
927 1582 1065 1604 restaura-

1120 1587 1128 1603 1
1140 1575 1324 1612 Θεῷ,πληρῶν
1332 1576 1419 1602 ἐκεῖνο
1425 1575 1455 1602 τὸ
1463 1575 1514 1601 ὑπὸ
1521 1575 1567 1602 τοῦ
1576 1574 1736 1601 Ἀποστόλου
1745 1574 1910 1611 προειρημέ-

282 1631 291 1648 1
313 1623 429 1657 tinnem,
444 1627 473 1651 et
489 1624 619 1659 oppositae
633 1624 776 1659 potestatis
789 1623 975 1658 cujuscunque
988 1631 1065 1650 amo-

281 1678 291 1694 1
314 1668 446 1700 litionem,
459 1673 521 1696 tunc
530 1669 686 1701 subiicietur
701 1669 754 1703 ipse
774 1669 827 1701 illi,
845 1669 889 1704 qui
908 1677 932 1695 et
949 1669 1061 1703 subjecit

281 1724 291 1740 ι
308 1714 398 1741 omnia
411 1715 434 1747 ³,
451 1714 505 1742 Deo
529 1718 557 1741 et
581 1714 665 1747 Patri,
689 1719 718 1741 ut
733 1715 766 1741 ad
782 1723 845 1742 eum
863 1714 969 1741 modum
986 1715 1022 1741 sit
1039 1714 1064 1740 in

282 1770 291 1787 1
310 1760 364 1788 Deo
379 1760 488 1788 demum
500 1759 631 1791 Verbum.
643 1768 698 1795 quo
710 1760 785 1793 prius
795 1760 858 1787 olim
875 1759 973 1792 fuerat,
983 1767 1064 1794 quam

282 1813 292 1828 1
313 1805 431 1831 mundus
447 1808 600 1831 crearetur.
615 1803 683 1831 Nam
697 1812 757 1831 cum
774 1804 849 1838 prius
869 1804 936 1832 nihil
955 1811 1066 1839 prorsus

282 1859 291 1874 1
310 1855 430 1877 exstaret
445 1850 497 1877 nisi
513 1850 587 1878 solus
601 1850 684 1883 Deus,
704 1851 844 1878 condenda
861 1856 950 1878 autent
975 1856 1067 1879 essent

283 1905 292 1920 1
310 1897 401 1923 omnia
421 1903 470 1931 per
487 1895 618 1930 Verbum,
638 1898 737 1932 prodiit
750 1897 867 1924 Verbum
886 1897 986 1924 virtute
999 1905 1068 1932 prae-

282 1952 291 1967 1
308 1943 396 1969 1Iitum
412 1944 567 1976 nperatrice
583 1952 591 1970 :
609 1942 725 1970 Verbum
744 1943 853 1977 inquam
870 1943 934 1970 illud
950 1943 1021 1978 quod
1040 1943 1065 1969 in

282 1996 292 2012 1
311 1987 390 2014 Patre
402 1988 463 2016 fuit.
483 2000 492 2014 ι
510 1987 616 2016 Rursus
644 1994 734 2015 autem
756 1989 879 2015 eamdem
902 1988 1065 2016 sententiam

280 2034 441 2067 explicatius
454 2034 531 2069 ponit
542 2035 568 2062 in
581 2035 772 2069 sequentibus:
784 2034 828 2070 [IL
839 2034 892 2067 Lly
908 2035 970 2062 coll.
987 2035 1066 2068 p.117

1116 1634 1125 1650 1
1138 1632 1191 1650 νον.
1203 1623 1271 1650 Τότε
1280 1621 1370 1654 αὐτὸς
1380 1619 1601 1655 ὑποταγήσεται
1611 1619 1651 1652 τῷ
1658 1620 1842 1652 ὑποτάξαντι
1858 1621 1910 1647 αὺ-

1117 1679 1125 1694 ι
1138 1667 1177 1701 τῷ
1185 1668 1220 1694 τὰ
1227 1667 1387 1698 πάντα,1να
1393 1664 1413 1702 ᾖ
1420 1664 1517 1693 πάντα
1525 1666 1572 1692 καὶ
1582 1666 1616 1692 ἐν
1623 1664 1698 1693 πᾶσι
1706 1667 1833 1700 Χριστός
1840 1666 1908 1702 (5i).

1117 1727 1126 1743 1
1143 1717 1238 1743 Ἔσται
1249 1715 1303 1750 γὰρ
1310 1713 1461 1750 τηνικαῦτα
1474 1714 1547 1740 τοῦθ’
1565 1714 1633 1750 ὅπερ
1647 1714 1778 1750 πρότερον
1785 1711 1846 1749 ἦν.»
1860 1712 1910 1740 Διά

1114 1762 1247 1788 τοσούτων
1261 1760 1420 1796 Μάρκελλος
1435 1761 1527 1794 γυμνῇ
1549 1761 1581 1794 τῇ
1600 1759 1704 1794 κεφαλῇ
1721 1758 1765 1785 τὸν
1783 1757 1847 1785 Υίδν
1863 1757 1909 1784 τοῦ

1117 1807 1185 1834 Θεοῦ
1200 1806 1366 1842 ἐξωμόσατο.
1377 1806 1409 1832 Εἰ
1417 1805 1471 1841 γὰρ
1487 1805 1515 1831 ἓν
1533 1806 1580 1832 καὶ
1596 1805 1694 1832 ταύτὸν
1704 1802 1738 1840 ἦν
1752 1805 1767 1831 ό
1779 1803 1910 1836 Caecum.

1116 1854 1130 1880 ό
1147 1854 1175 1880 ὲν
1189 1851 1263 1887 αὺτῷ
1278 1851 1373 1885 Λόγος,
1387 1850 1474 1881 οὐδεὶς
1490 1849 1518 1876 δὲ
1531 1850 1640 1876 πώποτε
1653 1849 1734 1881 αὐτὸς
1750 1848 1848 1876 ἑαυτοῦ
1862 1848 1908 1883 γι-

1117 1899 1182 1926 νοιτ⁹
1211 1898 1244 1925 ἂν
1264 1897 1367 1932 Πατὴρ,
1383 1897 1421 1928 ὼς
1449 1896 1502 1922 οὐδ’
1518 1896 1712 1931 αὑτὸς-ἑαυτοῦ
1730 1895 1787 1927 υἱὸς
1809 1894 1848 1921 ὢν
1861 1895 1910 1922 καὶ

1120 1945 1210 1980 μόνος,
1222 1941 1261 1975 εἷς
1272 1943 1300 1970 δὲ
1316 1943 1395 1979 μόνος
1409 1941 1453 1978 ἦν,
1469 1943 1518 1969 καὶ
1535 1942 1628 1974 tau-co;
1642 1941 1681 1977 τῷ
1694 1940 1791 1968 ἑαυτοῦ
1803 1941 1883 1975 Λόγῳ
1894 1941 1909 1967 ό

1119 1990 1196 2022 Θεὸς,
1217 1989 1296 2025 δῆλον
1319 1989 1357 2020 ὡς
1375 1988 1405 2015 οὐ
1423 1988 1517 2023 Πατὴρ
1530 1985 1574 2023 ἦν,
1591 1987 1628 2023 μὴ
1643 1987 1812 2022 ὑπάρχοντος
1835 1985 1909 2022 αὐτῷ

1121 2036 1196 2063 Υἱοῦ·
1211 2035 1273 2062 οὔτε
1290 2035 1364 2067 Υἱὸς.
1384 2035 1421 2070 μὴ
1435 2034 1588 2070 ὑφεστῶτος
1603 2034 1678 2070 αὐτῷ
1687 2034 1805 2070 Ila-:9ng

282 2078 313 2111 1),
327 2079 379 2105 N55
395 2078 427 2114 A]
450 2089 460 2106 1
478 2080 557 2108 Prius
568 2082 640 2108 enim
652 2088 735 2115 quam
751 2081 867 2109 mundus
882 2082 1045 2109 conderetur
1063 2102 1070 2113 ,
1087 2088 1146 2110 erat
1159 2082 1285 2118 Verbum;
1301 2082 1327 2109 in
1350 2081 1433 2108 Patre
1451 2089 1511 2108 suo.
1522 2080 1588 2108 Cum
1609 2088 1674 2108 vero
1693 2080 1762 2108 Deus
1786 2079 1910 2115 omnipo-

284 2133 293 2149 ι
311 2128 371 2151 tens
384 2130 515 2153 statueret
529 2128 619 2154 omnia
631 2134 690 2161 qua:
708 2127 734 2153 in
750 2127 820 2154 cauo
837 2133 911 2159 sunt.
931 2132 958 2154 et
976 2127 1001 2154 in
1018 2133 1100 2159 terra,
1120 2129 1237 2156 condere
1252 2139 1258 2156 :
1290 2127 1384 2155 mundi
1402 2127 1506 2154 creatio
1531 2127 1575 2153 illa
1594 2126 1732 2161 indigebat
1749 2125 1908 2161 operatione

284 2180 294 2196 1
312 2170 446 2199 eﬂ'ectiva.
465 2173 578 2204 Idcirco,
589 2180 651 2200 cum
674 2178 774 2207 przeter
789 2173 872 2200 Deum
889 2173 954 2201 nihil
969 2181 1080 2208 prorsus
1099 2180 1183 2208 esset,
1197 2174 1270 2209 (nam
1284 2178 1328 2202 est
1345 2173 1464 2209 positum
1483 2173 1547 2200 illud
1571 2173 1597 2200 in
1627 2173 1764 2207 confesso,
1781 2173 1907 2200 universa

284 2229 292 2242 1
312 2216 394 2245 fuisse
414 2219 448 2246 ab
467 2219 513 2246 illo
524 2214 643 2255 condita)
658 2224 722 2246 tunc
743 2218 892 2253 procedens
908 2219 1024 2246 Verbum
1059 2219 1140 2247 ﬁebat
1171 2219 1263 2246 mundi
1280 2220 1415 2251 conditor.
1430 2219 1502 2253 quod
1529 2218 1606 2253 prius
1627 2218 1702 2246 intus
1717 2218 1910 2247 intellectuaii'

284 2274 292 2289 1
313 2269 355 2291 ter
374 2264 504 2297 residens,
523 2264 583 2300 Ipse
597 2265 675 2299 fuit.)
694 2267 723 2296 »Β
739 2265 771 2292 Ει
786 2271 881 2291 rursus
896 2270 954 2298 post
962 2265 1052 2291 oumia
1069 2265 1142 2292 addit
1159 2274 1166 2292 :
1181 2274 1190 2291 1
1207 2264 1281 2292 Hanc
1300 2266 1336 2292 ob
1347 2272 1459 2292 causam
1478 2271 1533 2291 non
1547 2271 1576 2291 se
1590 2264 1714 2292 nominat
1727 2262 1829 2291 Filium
1848 2264 1907 2298 Dei,

285 2323 293 2338 1
313 2311 358 2336 sed
373 2310 504 2337 hominem
517 2318 526 2336 :
545 2315 573 2336 ut
588 2310 624 2336 ita
649 2309 797 2342 hominem,
814 2317 864 2345 per
887 2311 1106 2337 conunuui1mem
1126 2318 1187 2337 cum
1218 2310 1277 2344 ipso
1295 2310 1462 2344 copulatum,
1475 2310 1532 2338 lieri
1548 2315 1709 2345 procuraret
1722 2310 1820 2338 Filium
1836 2310 1882 2338 Dei
1898 2319 1906 2338 :

285 2364 294 2379 1
314 2360 341 2382 et
358 2356 431 2382 finita
448 2357 499 2384 ltac
519 2356 731 2390 dispensationis
756 2356 864 2383 actione
876 2376 883 2389 ,
906 2356 1005 2383 iterum
1029 2357 1101 2384 velut
1122 2357 1239 2384 Verbum
1255 2357 1401 2384 aduniatur
1419 2357 1473 2384 Deo
1490 2356 1640 2391 adimplens
1655 2357 1728 2391 quod
1744 2356 1846 2384 dictum
1867 2356 1909 2384 esi

285 2410 294 2425 1
316 2402 502 2435 abApostolo,
523 2401 595 2428 Tum:
619 2406 643 2428 et
664 2403 718 2436 ipse
745 2402 876 2437 subjectus
897 2403 946 2429 erit
973 2403 1032 2436 illi,
1059 2404 1103 2437 qui
1125 2403 1280 2438 omniadpsi
1299 2403 1457 2438 subjecemt,
1476 2407 1504 2429 ut
1531 2402 1570 2429 sic
1595 2402 1665 2430 Deus
1687 2402 1736 2438 fiat
1761 2403 1853 2430 omnia
1880 2404 1907 2430 in

285 2456 294 2471 1
313 2447 532 2475 unmibus'1'i'uuc
546 2447 617 2474 enim
631 2448 682 2475 erit
698 2448 768 2475 idem
784 2449 854 2482 quod
870 2448 944 2483 prius
958 2448 1073 2476 fuerat.»
1099 2449 1165 2476 Tam
1182 2450 1274 2476 multis
1295 2449 1437 2476 Marcellus
1468 2449 1533 2476 illud
1554 2449 1621 2484 egit,
1646 2453 1676 2476 ut
1702 2448 1821 2476 revelata
1838 2449 1908 2477 faeie

283 2492 328 2520 Dei
352 2493 449 2520 Filium
471 2495 569 2529 ejurct.
598 2496 626 2521 Si
642 2495 713 2522 enim
731 2503 801 2523 unus
824 2500 906 2528 atque
920 2496 989 2523 idem
1006 2501 1065 2523 erat
1086 2496 1168 2527 Deus.
1184 2501 1212 2523 et
1223 2496 1294 2530 quod
1307 2497 1334 2523 in
1347 2495 1401 2523 Deo
1409 2501 1468 2523 erat
1479 2495 1608 2528 Verbum,
1636 2500 1664 2523 et
1692 2503 1773 2523 nemo
1787 2503 1906 2530 unquam

283 2539 447 2574 sibimetipsi
465 2540 583 2567 exsistat
598 2539 689 2573 Pater,
717 2545 747 2567 ut
779 2547 828 2568 nec
853 2540 939 2568 Filius
965 2541 1109 2576 quisquam
1129 2541 1180 2568 sibi
1197 2540 1259 2576 ipsi,
1273 2542 1319 2575 qui
1333 2548 1402 2567 unus
1421 2544 1504 2572 esset,
1518 2547 1588 2567 unus
1605 2545 1694 2568 autem
1709 2539 1783 2567 solus
1805 2544 1867 2567 erat
1880 2538 1908 2568 ει

284 2587 399 2620 ipsemet
411 2595 460 2615 suo
479 2587 568 2614 Verbo
601 2588 682 2620 Deus,
707 2594 819 2623 apparet
845 2590 917 2624 quod
936 2597 988 2616 non
1008 2594 1068 2615 erat
1087 2589 1178 2623 l‘ater,
1208 2596 1270 2616 cum
1300 2588 1422 2616 nondqu
1448 2591 1570 2615 exstaret
1604 2586 1689 2622 ipsius
1710 2586 1814 2615 Filius:
1830 2586 1905 2616 item.

283 2634 355 2666 quod
369 2641 420 2660 non
432 2638 490 2661 erat
509 2633 603 2666 Filius,
617 2641 679 2660 cum
703 2635 821 2662 nomlum
837 2638 960 2661 exstaret
976 2633 1068 2661 l’ater.

321 2679 358 2705 lix
376 2679 518 2707 antedictis
533 2680 593 2707 ideo
607 2680 797 2714 cognoscimus
804 2688 864 2715 qua:
871 2685 898 2707 et
909 2680 998 2714 qualia
1009 2680 1060 2706 iste

284 2724 364 2751 heluo
373 2730 570 2754 commentatus
579 2731 629 2759 est,
641 2726 674 2753 de
685 2725 773 2754 Verbo
785 2726 830 2753 Dei
841 2733 893 2753 uon
903 2725 1060 2758 exsisteulc,

1154 2677 1251 2704 ὀποῖα
1265 2677 1316 2712 μὲν
1326 2675 1372 2704 οὖν
1387 2677 1451 2711 περὶ
1466 2675 1513 2703 τοῦ
1531 2675 1597 2711 μηδὲ
1609 2672 1689 2708 εἶναι,
1704 2674 1771 2712 μηδὲ
1787 2676 1907 2711 προῦφε-

1117 2725 1212 2752 στάναι
1239 2724 1284 2751 τὸν
1313 2723 1361 2750 τοῦ
1387 2722 1456 2751 Θεοῦ
1486 2723 1560 2755 Υίὸν,
1587 2721 1713 2758 ψιλὸν-,δὲ
1731 2720 1819 2756 Λόγον
1833 2720 1905 2748 ἰνῶν

323 2811 352 2840 ὦ
373 2809 421 2838 Ed.
433 2811 534 2844 Paris.,
553 2820 614 2847 pag.
632 2812 677 2839 42.
724 2813 731 2828 ‘
751 2812 828 2839 Deut.
845 2820 886 2843 lli.
901 2811 952 2842 24;
968 2819 1004 2843 tv,
1018 2811 1062 2838 59.
1077 2811 1129 2839 lsa.
1143 2810 1286 2843 vatltJ‘i.
1308 2809 1318 2824 '
1332 2807 1414 2837 lCor.
1433 2816 1478 2842 xv,
1491 2808 1537 2836 28.
1573 2807 1584 2823 ³
1597 2807 1661 2835 ibid.

322 2877 378 2913 (5i)
400 2877 501 2907 Πάντα
527 2880 576 2906 καὶ
598 2880 633 2906 ἐν
659 2879 733 2907 πᾶσι
757 2880 890 2913 Χριστός.
909 2879 963 2906 Imo
986 2879 1068 2910 Θεὸς,

288 2915 356 2949 apud
367 2914 523 2948 Apostolum
532 2921 558 2942 et
570 2916 603 2943 de
616 2917 747 2943 sententia
758 2915 886 2942 Marcelli.
899 2915 933 2942 5|.
945 2930 978 2935 —
991 2915 1076 2949 S.:pra

1122 2879 1202 2940 vum
1223 2877 1297 2913 αὐτῷ
1313 2878 1402 2905 πάντα
1419 2882 1446 2904 et
1461 2876 1532 2904 infra
1556 2874 1645 2910 ἐαυτῷ
1658 2879 1684 2903 et
1705 2874 1750 2901 τὸν
1768 2871 1816 2900 τοῦ
1835 2870 1903 2900 (lc-:3

1131 2930 1137 2940 Α
1169 2922 1225 2940 γον.

1131 2922 1225 2947 Λογον.
