2045 3215
294 181 345 210 799

625 181 760 210 EUSEBII
777 180 1014 208 CASSARIENSIS
1030 180 1105 209 OPP.
1126 180 1214 208 PARS
1232 180 1276 208 ιν.
1293 195 1328 200 —
1345 179 1553 208 DOGMATICA.

1854 179 1901 206 800

294 244 446 271 scebatum
466 242 514 270 Hic
529 244 643 270 observa
657 244 722 270 mihi
739 248 839 275 autem,
864 242 980 277 qualiter
1005 242 1075 270 Mar-

1126 242 1253 278 τύχηκεν,
1268 241 1360 277 ἐπειδὴ
1376 241 1483 274 ὁΛόγος
1500 240 1567 275 σὰρξ
1584 240 1716 273 ἐγενετο.»
1736 238 1817 273 Τήρει
1835 238 1902 269 ὅπως

293 289 379 316 celius
402 297 497 316 nomen
518 289 581 317 Jesu
607 294 634 316 et
657 289 770 321 Christi,
793 293 821 315 et
844 294 956 316 exteras
971 296 1077 323 quoque

295 335 499 370 appellationes,
515 343 567 362 non
579 335 612 362 de
624 334 712 362 Verbo
728 335 868 362 contendit
881 336 1015 370 usur-pari,
1030 338 1076 363 sed

295 386 399 408 talltum
413 383 445 408 de
455 389 548 413 carne,
568 389 649 415 quam
668 382 818 416 assumpsit
837 381 967 409 Verbum.
995 382 1078 416 quue

295 427 424 460 quoniam
440 427 484 454 ubi
500 434 609 453 carnem
640 425 738 459 reiicit,
761 427 868 454 demum
895 428 921 454 in
938 427 1076 454 Christum

299 470 347 497 Dei
361 471 458 505 impius
473 470 606 504 reperitur
624 471 732 505 :pergit
745 471 843 508 adhuc,
866 477 894 498 et
909 471 942 499 de
965 479 1078 506 corpore

297 516 448 544 Senatoris
470 517 503 544 ad
520 517 591 544 hunc
609 517 716 545 modum
731 518 826 545 scribit
844 527 850 544 :
866 518 911 554 [Κ.
929 518 997 554 VJIl]
1014 528 1022 544 ι
1039 519 1078 547 No

297 571 309 587 ‹
324 562 375 589 hoc
391 562 476 595 ipsum
494 561 629 589 immerito
642 563 791 590 arbitretur
800 564 940 604 Asterius,
952 564 973 591 si
987 569 1077 598 poste-

298 617 309 633 ‹
326 608 380 634 rior
390 607 521 635 exsistens
531 616 580 635 suo
592 616 705 644 corpore
714 609 746 636 ad
759 609 946 643 antiquitatem
957 611 1078 645 aspirare

297 663 308 678 c
323 658 447 688 nequeat,
459 654 505 681 sed
517 654 682 687 recordetur,
696 655 767 689 quod
778 660 913 689 utcunque
926 656 1076 691 contingat,

295 706 306 722 ι
325 697 467 724 humanam
480 698 557 726 istam
578 706 686 726 carnem
701 700 876 733 posteriorem
897 708 967 732 esse,
984 702 1079 729 nihilo-

260 747 265 753 '
296 752 305 767 σ
323 743 411 770 minus
427 744 472 778 qui
489 744 560 771 illam
573 751 620 779 per
632 745 830 772 sanctissimam
848 746 985 781 Virginem
1000 755 1078 774 assu-

295 798 305 814 ‹
324 796 396 816 mere
409 789 534 824 dignatus
547 795 599 822 est,
616 786 731 818 Verbum
745 790 791 818 Dei
807 812 816 825 ,
834 791 944 818 adunito
961 792 996 819 illi
1018 799 1077 826 suo,

296 845 304 860 ι
322 836 393 868 quod
405 841 474 868 erat,
485 836 620 864 hominem
635 836 708 863 illurn
718 844 795 864 suum
810 837 939 865 universa
948 843 1079 865 creatura:

295 889 305 904 ‹
323 879 533 915 Primogenitum
546 881 703 914 reddiderit,
713 886 741 908 et
749 890 837 908 rerqu
848 882 966 910 omnium
975 883 1077 918 princi-

296 935 304 952 t
322 925 394 960 pium
407 927 500 954 volens
515 927 697 959 constituerit,
707 936 798 956 earum
811 929 903 963 quaein
913 931 992 958 terris
1003 935 1075 965 sunt,
1093 920 1114 948 Β

296 981 306 998 ι
322 977 416 1007 etque
425 973 450 999 in
459 973 544 1000 caelis.
552 983 561 998 ι
573 973 634 1000 Ilaec
643 975 686 1008 qui
695 975 814 1009 scripsit,
824 980 1016 1003 commemorat
1027 976 1077 1003 ali-

292 1022 393 1052 quanto
407 1023 469 1052 post
481 1019 602 1053 Apostoli
617 1021 709 1052 verba,
723 1020 823 1054 quibus
844 1021 904 1048 Filii
921 1022 1076 1050 coustabilit

292 1061 461 1090 divinitatem
477 1071 484 1090 :
497 1063 540 1090 illa
557 1064 696 1096 nimirunt,
711 1064 762 1097 Qui
773 1070 811 1092 est
825 1065 912 1100 imago
924 1066 969 1093 Dei
984 1068 1075 1094 invisi-

294 1108 364 1140 bilis,
377 1109 563 1145 primogenitus
583 1111 666 1137 omnis
681 1116 821 1149 creatum,
835 1111 959 1146 quoniam
974 1113 1002 1139 in
1020 1113 1075 1145 ipso

292 1154 399 1180 condila
409 1161 468 1181 sunt
483 1156 618 1188 universa,
638 1157 665 1182 in
675 1157 745 1183 uelis
758 1162 782 1183 et
796 1158 824 1183 in
835 1162 916 1190 terra,
928 1159 1040 1185 visibilia
1051 1164 1074 1185 et

291 1199 443 1232 invisibilia,
456 1201 507 1227 sive
521 1201 620 1234 throni,
636 1202 688 1229 siue
705 1202 909 1235 dominationes,
926 1204 979 1230 sive
1000 1205 1075 1237 priu-

291 1244 405 1278 ct'palus,
419 1246 472 1272 sive
482 1251 623 1280 potestates
636 1255 645 1273 :
662 1248 750 1274 omnia
763 1256 810 1282 per
829 1249 916 1282 ipsum
931 1254 953 1275 et
972 1249 999 1276 in
1019 1249 1075 1283 ipso

290 1295 452 1323 creatasunt
463 1299 472 1322 ;
483 1297 505 1317 et
517 1292 571 1325 ipse
589 1297 648 1319 ante
659 1301 758 1325 omnes.
772 1299 796 1320 et
811 1295 899 1321 omnia
912 1294 937 1321 in
947 1296 1002 1329 ipso
1017 1303 1076 1321 con-

291 1338 362 1361 stant
378 1335 398 1361 °.
412 1334 475 1362 Haec
487 1337 577 1363 omnia
589 1337 621 1363 ad
636 1345 745 1364 carnem
753 1338 825 1365 dicta
840 1339 932 1372 refert,
949 1346 998 1366 nec
1013 1347 1074 1366 eru-

291 1379 350 1406 buit
363 1380 411 1408 has
428 1388 507 1408 voces
521 1382 683 1416 apostolieas
699 1383 731 1410 de
745 1384 787 1410 illa
799 1391 882 1411 carne
896 1385 1075 1412 dictasinter—

291 1426 402 1459 pretari,
416 1426 448 1452 de
459 1434 508 1460 qua
525 1427 580 1462 ipsa
596 1428 621 1454 in
645 1429 822 1462 sequentibus
838 1430 869 1456 ad
882 1429 954 1456 hunc
966 1430 1073 1458 modum

292 1471 386 1498 scribit
400 1471 444 1506 [Β.
463 1472 547 1508 CIV]:
562 1483 571 1498 ι
594 1473 622 1500 Si
641 1474 758 1501 fateatur
778 1475 837 1502 ideo
852 1475 992 1507 Servatur,
1016 1484 1075 1503 car-

294 1525 304 1542 c
324 1524 382 1543 nem
394 1525 446 1545 non
457 1519 594 1552 prodesse,
606 1520 675 1546 unde
689 1519 729 1552 lit,
739 1525 769 1546 ut
781 1528 855 1552 caro,
871 1528 930 1555 qua:
941 1525 967 1548 et
978 1523 1006 1552 ὥ
1015 1527 1073 1548 orta

294 1571 304 1588 c
319 1568 360 1590 est
375 1564 407 1591 de
424 1568 507 1596 terra,
523 1570 550 1591 et
564 1565 628 1592 nihil
644 1566 763 1600 prodest,
777 1574 835 1593 cum
849 1566 980 1601 profuerit
996 1567 1072 1600 nihil,

294 1617 304 1633 ε
319 1608 345 1635 in
362 1607 451 1636 futuro
465 1609 562 1636 satculo
586 1609 673 1638 Verbo
690 1612 819 1638 assistat?
836 1621 845 1637 ι
865 1612 911 1646 (cf.
927 1620 954 1647 p.
976 1613 1026 1640 182
1038 1613 1071 1649 Α]

292 1653 390 1681 lterum
405 1655 438 1683 de
449 1656 542 1683 eadem
561 1656 604 1683 illa
617 1657 654 1684 ita
673 1657 753 1684 inﬁt:
772 1668 781 1683 ι
800 1658 939 1691 Quomodo
952 1666 1001 1693 par
1024 1660 1074 1687 l'uit

296 1708 305 1724 ι
323 1704 351 1726 ιιι
361 1700 431 1727 servi
448 1700 547 1734 forma,
558 1709 637 1737 quant
651 1703 797 1738 assumpsit
808 1703 858 1731 sibi
873 1703 998 1737 Verbum,
1010 1712 1072 1733 cum

294 1753 304 1770 ι
322 1746 436 1783 exsistat
458 1746 543 1774 l'ortna
558 1749 640 1780 servi,
662 1749 749 1776 Verbo
766 1755 923 1784 permaneat
952 1751 1071 1778 adunita.

294 1798 305 1816 σ
324 1790 404 1818 Certe
426 1794 521 1827 nequit
548 1793 616 1821 ﬂeri.
634 1804 643 1820 ι
665 1794 697 1821 Ει
717 1800 805 1822 tamen
832 1795 877 1823 ille
903 1796 960 1831 ipse
978 1797 1024 1831 qui
1040 1798 1074 1825 de

290 1843 373 1863 carne
391 1837 429 1864 ita
455 1838 575 1873 scripsit,
595 1839 622 1866 in
637 1841 763 1874 praesenti
782 1841 854 1868 illam
871 1846 950 1869 vocat
977 1842 1074 1878 imagi-

292 1889 354 1909 nem
374 1883 431 1916 Dei,
447 1889 474 1912 et
488 1885 576 1912 omnis
591 1891 723 1913 creatura:
738 1886 964 1922 primogenitam;
987 1889 1072 1923 ipsam

292 1935 355 1956 ante
370 1930 459 1957 omnia
474 1931 613 1959 exstitisse
625 1932 711 1959 dicit:
726 1937 754 1959 et
765 1933 792 1959 in
806 1933 851 1960 illa
862 1934 971 1960 condita
988 1933 1073 1962 fuisse

293 1972 416 2000 universa
429 1974 518 2008 docet,
534 1982 596 2002 cum
611 1983 671 2011 quae
684 1976 709 2003 in
729 1980 802 2003 terra
815 1982 888 2010 sunt,
906 1982 962 2005 tum
973 1986 1033 2013 quae
1044 1979 1072 2006 in

291 2017 380 2051 caelis,
399 2019 521 2052 thronos,
533 2021 742 2054 dominationes,
760 2023 941 2058 principatus,
956 2030 1075 2059 potesta-

296 2068 346 2091 tes.
367 2064 452 2092 Verba
474 2066 546 2094 illius
569 2072 632 2095 sunt
646 2068 656 2104 [
671 2068 703 2095 Β.
721 2069 836 2105 lV-Vll]
857 2079 863 2097 :
891 2080 900 2096 ε
918 2071 946 2098 Si
964 2072 1021 2106 ipse
1038 2072 1073 2100 sit

296 2118 306 2137 ι
321 2111 409 2138 omnis
423 2117 556 2140 creatura:
575 2114 773 2149 primogenitus
784 2135 791 2147 ,
805 2120 832 2142 et
854 2116 880 2143 in
893 2116 953 2152 ipso
962 2118 1071 2145 condita

294 2162 306 2180 α
320 2159 383 2181 sunt
410 2155 547 2189 universa,
563 2157 715 2194 intelligere
725 2166 772 2186 nos
786 2165 903 2194 oportet,
916 2163 1073 2196 Aposmlum

295 2208 306 2226 ι
321 2200 346 2226 in
362 2202 487 2234 praseuti
503 2203 669 2231 mentionem
691 2203 782 2232 facere
796 2206 829 2233 de
854 2206 898 2233 illa
925 2208 1072 2236 secundum

1126 288 1170 315 διὰ
1190 288 1290 314 τούτων
1307 286 1464 321 Μάρκελλος
1483 285 1529 311 τοῦ
1550 283 1636 319 Ἰησοῦ
1655 283 1700 310 καὶ
1716 283 1830 318 Χριστοῦ
1849 283 1901 308 δνο-

1129 343 1177 369 μα,
1193 334 1240 360 καὶ
1250 333 1298 365 τὰς
1311 332 1408 364 λοιπὰς
1423 331 1615 367 προσηγορίας,
1629 331 1660 356 οὐ
1674 329 1794 364 βούλεται
1806 328 1902 355 κεῖσθαι

1127 381 1173 406 ἐπὶ
1193 379 1238 406 τοῦ
1254 379 1353 412 Λόγου,
1378 378 1436 405 ἀλλ’
1448 378 1494 404 ἐπὶ
1513 378 1562 412 τῆς
1581 376 1682 412 σαρκὸς
1701 373 1735 411 ἧς
1758 374 1900 410 ἀνείληφεν.

1133 426 1281 460 ’Λναγκαία
1294 425 1348 460 δὲὴ
1363 425 1533 460 ἑπιτήρησις,
1545 424 1579 449 ἵν’
1591 423 1654 449 ὃταν
1666 421 1745 452 αὐτὸς
1760 420 1836 446 πάλιν
1846 421 1904 446 ἀπο-

1128 472 1196 507 ϐάλῃ
1207 472 1255 506 τὴν
1267 471 1365 506 σάρκα,
1383 469 1519 504 ἐλέγχοιτο
1529 468 1633 495 άσεὸῶν
1645 468 1700 500 (59)
1716 467 1761 493 τὸν
1775 467 1814 497 εἰς
1830 465 1903 492 αὑτὸν

1126 517 1243 553 Χριστὸν
1252 516 1298 543 τοῦ
1306 515 1383 542 Θεοῦ.
1398 515 1475 542 Μετὰ
1487 515 1518 550 δὴ
1532 515 1566 540 τὰ
1578 513 1759 549 προλεχθέντα
1774 511 1835 546 ἐξῆς
1843 520 1903 545 προ-

1127 563 1185 594 ῖὼν,
1197 562 1231 589 τὰ
1242 563 1304 597 περὶ
1318 561 1365 588 τοῦ
1383 560 1508 595 σώματος
1521 559 1567 586 τοῦ
1579 559 1715 595 Σωτῆρος,
1726 557 1835 584 τοιαῦτα
1846 557 1905 591 γράα

1129 617 1189 642 φει·
1207 619 1216 634 ‹
1229 608 1284 635 Καὶ
1301 609 1337 643 μὴ
1349 607 1426 634 τοῦτο
1438 606 1570 633 ἀπίθανον
1580 603 1649 631 εἶναι
1666 603 1800 639 νομιζέτω
1820 603 1902 628 Ἀστέ-

1132 664 1140 680 c
1151 663 1219 690 ριος,
1237 654 1260 679 εἰ
1274 653 1403 689 νεώτερον
1418 653 1447 679 ὃν
1462 651 1543 678 αὑτοῦ
1557 651 1682 686 σώματος
1691 650 1758 685 (60),
1775 649 1855 684 αὐτῆς
1862 657 1904 674 τυ-

1131 709 1140 725 t
1154 701 1210 734 χείν
1222 699 1398 734 ἀρχαιότητος
1413 698 1526 733 ἐδυνήθη
1538 706 1544 712 ”
1570 697 1626 724 ἀλλ’
1645 697 1780 727 ἐννοείτω,
1807 695 1851 721 καὶ
1869 695 1904 721 ὅτι

1132 755 1140 770 ι
1155 745 1271 780 μάλιστα
1280 744 1328 780 τὴν
1338 744 1509 780 ἀνθρωπίνην
1518 743 1606 778 σάρκα
1622 741 1757 776 νεωτέραν
1768 738 1833 767 εἶναι
1842 748 1903 774 συμ-

1131 799 1140 815 ‹
1153 789 1250 823 ϐαίνει,
1266 790 1341 824 ὅμως
1354 791 1368 816 ὁ
1381 788 1482 824 ταύτην
1498 787 1640 814 ἀναλαϐεῖν
1654 786 1685 812 δι’
1702 785 1788 820 ἁγνῆς
1797 784 1904 817 ἀξιώσας

1132 843 1140 859 ‹
1154 834 1292 869 Παρθένου
1306 833 1400 868 Λόγος,
1417 833 1501 869 ταύτῃ
1515 833 1544 859 τὸ
1559 831 1654 858 ἑαυτοῦ
1666 830 1780 862 ὲνώσας,
1791 831 1820 856 οὺ
1834 831 1904 864 μόνον

1132 881 1324 916 σΙΠρωτότοκον
1339 880 1429 915 πάσης
1440 879 1554 910 κτίσεως
1573 878 1619 904 τὸν
1633 878 1661 904 ἐν
1676 876 1767 911 ἑαυτῴ
1775 876 1905 911 ἄνθρωπον

1130 937 1139 953 ι
1150 927 1292 954 κτισθέντα
1315 925 1517 961 ἀπειργάσατο,
1537 925 1606 951 ἀλλὰ
1623 924 1670 950 καὶ
1686 923 1773 959 ἀρχὴν
1789 923 1904 950 ἁπάντων

1130 983 1139 998 ‹
1152 973 1232 999 αὑτὸν
1241 970 1308 999 εἶναι
1318 972 1449 1006 βούλεται,
1458 972 1488 997 οὐ
1496 971 1548 997 τῶν
1562 971 1608 996 ἐπὶ
1621 971 1672 1005 γῆς
1683 970 1774 1004 μόνον,
1788 969 1854 996 ἀλλὰ
1863 969 1905 995 καὶ

1130 1027 1139 1043 ‹
1150 1018 1203 1045 τῶν
1218 1019 1246 1044 ὲν
1259 1017 1407 1052 οὐρανοῖς.»
1428 1015 1553 1042 Τοσαῦτα
1564 1014 1659 1048 εἰπὼν,
1687 1014 1747 1049 μεθ’
1762 1014 1839 1050 ἔτερα
1860 1013 1904 1045 τὰς

1126 1063 1306 1094 άποστολικὰς
1326 1062 1426 1097 φωνὰς,
1445 1062 1477 1088 δι’
1491 1059 1527 1088 ὧν
1540 1061 1585 1087 τὸν
1597 1061 1660 1087 Υἱὸν
1673 1060 1722 1086 τοῦ
1740 1060 1805 1086 Θεοῦ
1824 1059 1904 1086 θεολο-

1126 1112 1179 1144 γεῖ,
1198 1110 1319 1144 φάσκων,
1338 1109 1386 1141 ’Ὀς
1402 1109 1486 1135 ἐστιν
1499 1107 1586 1134 εἰκὼν
1599 1106 1651 1133 τοῦ
1671 1106 1746 1133 Θεοῦ
1763 1106 1814 1132 τοῦ
1824 1103 1902 1138 ἀορά-

1128 1165 1190 1188 του,
1205 1156 1390 1189 πρωτότοκος
1402 1154 1502 1187 πάσης
1513 1154 1637 1185 κτίσεως
1647 1160 1654 1168 ”
1664 1152 1709 1179 ὅτι
1719 1153 1754 1179 ἐν
1768 1151 1844 1184 αὑτῴ
1853 1150 1901 1186 (61)

1124 1200 1246 1234 ἐκτίσθη
1272 1199 1307 1226 τὰ
1331 1199 1438 1231 πάντα,
1469 1199 1504 1226 τὰ
1528 1199 1562 1225 ἐν
1577 1198 1639 1231 τοῖς
1659 1197 1798 1232 οὐρανοῖς
1810 1196 1856 1223 καὶ
1872 1196 1903 1222 τὰ

1124 1246 1173 1272 ἐπὶ
1185 1245 1239 1279 τῆς
1252 1245 1319 1280 γῆς,
1333 1246 1393 1272 εἴτε
1407 1245 1517 1279 θρόνα,
1528 1245 1588 1271 εἴτε
1601 1245 1783 1278 κυριότητες,
1793 1243 1848 1270 εἴτε
1857 1242 1902 1276 ἀρ-

1125 1291 1185 1325 χαὶ,
1203 1291 1263 1317 εἴτε
1281 1291 1426 1322 ἐξουσίαι,
1445 1291 1481 1317 τὰ
1502 1290 1599 1318 πάντα
1618 1290 1654 1316 δι’
1677 1289 1782 1322 αὑτοῦ,
1805 1288 1850 1316 καὶ
1866 1289 1903 1320 εἰς

1124 1337 1217 1364 αὑτὸν
1223 1337 1365 1368 ἔκτισται,
1375 1337 1423 1363 καὶ
1434 1337 1525 1368 αὑτός
1535 1337 1598 1363 ἐστι
1608 1336 1664 1370 πρὸ
1675 1336 1805 1367 πάντων,
1819 1334 1902 1361 καὶτὰ

1124 1383 1222 1409 πάντα
1235 1384 1278 1415 εὶς
1291 1383 1383 1409 αὑτὸν
1397 1382 1569 1416 συνέστηκε
1579 1403 1586 1415 ,
1607 1382 1653 1408 ἐπὶ
1674 1382 1724 1417 τὴν
1741 1381 1827 1416 σάρκα
1844 1381 1902 1407 ἀνα-

1124 1429 1218 1464 φέρει’
1244 1429 1294 1455 οὐκ
1316 1428 1448 1464 ἐρυθριῶν
1464 1429 1512 1460 τὰς
1532 1428 1658 1460 τοιαύτας
1678 1428 1726 1455 τοῦ
1754 1425 1900 1454 Ἀποστόλου

1125 1474 1216 1509 φωνὰς
1235 1474 1414 1509 ἐκλαμϐάνειν
1435 1475 1480 1500 ἐπὶ
1495 1475 1544 1509 τὴν
1562 1475 1661 1509 σάρκα,
1682 1475 1748 1509 περὶ
1761 1471 1794 1510 ἦς
1811 1471 1900 1507 προῖὼν

1125 1521 1204 1553 αὐτὸς
1223 1521 1380 1557 Μάρκελλος
1397 1521 1483 1548 ταῦτα
1502 1521 1617 1557 γράψει’
1635 1531 1643 1547 t
1663 1521 1695 1548 Εἰ
1719 1519 1765 1548 οὖν
1781 1521 1795 1547 ὁ
1815 1517 1900 1553 Σωτὴρ

1127 1576 1137 1593 ι
1156 1555 1280 1603 ὁμολοηξεί
1289 1567 1336 1603 τὴν
1351 1567 1439 1603 σάρκα
1449 1555 1529 1602 μηδὲν
1537 1567 1659 1601 ὠφελεῖν,
1673 1567 1734 1598 πῶς
1744 1563 1900 1601 ὲγχωρεῑτὴν

1128 1623 1136 1639 ι
1157 1614 1188 1640 ὲκ
1196 1614 1246 1649 γῆς
1253 1622 1282 1640 τε
1292 1612 1383 1645 οὖσαν,
1391 1614 1436 1640 καὶ
1445 1614 1528 1649 μηδὲν
1536 1613 1692 1648 ὠφελοῦσαν
1702 1615 1732 1640 ὲν
1740 1615 1793 1644 τοῖς
1803 1610 1901 1647 μέλλοψ

1126 1670 1135 1686 t
1157 1670 1198 1687 σιν
1211 1661 1289 1687 αἰῶσι
1297 1661 1333 1692 ὡς
1341 1660 1414 1696 αὐτῷ
1423 1660 1560 1686 λυσιτελοῦ
1565 1670 1612 1686 σαν
1620 1660 1674 1696 (62)
1685 1661 1802 1687 συνεῖναι
1813 1657 1847 1692 τῷ
1854 1655 1900 1683 Δό-

1126 1714 1136 1731 ‹
1155 1715 1212 1741 γῳ;
1229 1715 1238 1732 )
1255 1706 1314 1732 Κᾶν
1330 1703 1407 1736 αὖθις
1420 1706 1484 1742 περὶ
1498 1707 1548 1741 τῆς
1559 1706 1643 1741 αὐτῆς
1659 1706 1761 1741 σαρκὸς
1776 1704 1897 1739 ἐπιλέγει·

1126 1760 1135 1776 ε
1153 1750 1214 1781 Πῶς
1225 1750 1276 1776 ἔδει
1286 1750 1334 1785 τὴν
1342 1750 1388 1776 τοῦ
1396 1750 1489 1777 δούλου
1504 1750 1620 1786 μορφὴν,
1631 1751 1664 1786 ἣν
1680 1749 1822 1785 ἀνείληφεν
1832 1749 1845 1775 ὀ
1855 1747 1899 1775 Λό·

1125 1805 1135 1821 ι
1156 1803 1213 1829 γος,
1224 1795 1329 1831 μορφὴν
1337 1793 1419 1821 οὖσαν
1427 1796 1519 1822 δούλου
1530 1797 1646 1822 συνεῖναι
1653 1795 1692 1830 τῷ
1700 1796 1778 1830 Λόγῳ
1786 1804 1791 1827 ;
1801 1793 1842 1833 At?)
1848 1793 1899 1821 ast-

1126 1850 1135 1867 ι
1154 1850 1232 1868 νατον
1248 1841 1342 1875 γένοιτ’
1354 1842 1395 1869 ἄν.
1415 1851 1424 1867 ι
1448 1842 1515 1868 Ἀλλ’
1528 1842 1542 1867 ὁ
1556 1841 1666 1868 τοιαῦτα
1682 1842 1746 1877 περὶ
1756 1841 1803 1875 τῆς
1811 1838 1898 1875 σαρκὸς

1123 1886 1207 1915 εἰπὼν
1221 1887 1267 1914 νῦν
1279 1888 1370 1914 εἰκόνα
1382 1888 1427 1914 τοῦ
1441 1887 1507 1914 Θεοῦ
1516 1887 1600 1924 αὐτὴν
1613 1888 1697 1921 λέγει,
1714 1887 1760 1914 καὶ
1772 1885 1898 1921 Πρωτάτο-

1123 1941 1170 1960 κον
1185 1933 1275 1968 πάσης
1286 1933 1411 1965 κτίσεως,
1425 1934 1510 1969 αὑτήν
1524 1942 1553 1960 τε
1567 1931 1647 1960 οὖσαν
1667 1935 1723 1970 πρὸ
1734 1934 1844 1963 πάντων,
1858 1929 1898 1957 καὶ

1124 1979 1212 2005 πάντα
1221 1979 1256 2005 τὰ
1262 1980 1291 2006 ὲν
1297 1981 1353 2011 τοῖς
1361 1980 1494 2015 οὐρανοῖς,
1503 1980 1550 2006 καὶ
1560 1980 1594 2006 τὰ
1602 1980 1648 2006 ἐπὶ
1660 1980 1709 2015 τῆς
1720 1980 1779 2015 γῆς,
1790 1978 1896 2014 θρόνους,

1122 2025 1293 2061 κυριότητας,
1306 2026 1403 2061 ἀρχὰς,
1421 2026 1553 2059 ἐξουσίας,
1568 2026 1597 2052 ὲν
1608 2027 1675 2061 αὐτῇ
1688 2026 1818 2053 ἐκτίσθαι.
1835 2023 1896 2058 Γρά-

1124 2080 1169 2105 φει
1181 2071 1208 2097 δὲ
1220 2070 1305 2103 οὕτως
1316 2080 1322 2086 ·
1336 2080 1345 2096 ‹
1357 2071 1459 2098 Οὐκοῦν
1471 2071 1645 2107 Πρωτότοκος
1657 2072 1706 2107 μέν
1720 2072 1790 2098 ἐστιν
1801 2068 1894 2101 ἁπάσης

1126 2127 1136 2143 ‹
1160 2117 1273 2149 κτίσεως
1284 2118 1374 2149 αὐτὸς,
1386 2119 1414 2144 ὲν
1424 2118 1498 2153 αὒτῷ
1511 2118 1539 2144 δὲ
1552 2117 1662 2153 ἐκτίσθη
1676 2118 1712 2145 τὰ
1725 2118 1895 2150 πάντα,προσ-

1127 2172 1136 2189 ι
1158 2164 1219 2198 ήκει
1235 2164 1333 2190 ειδέναι
1345 2164 1428 2198 ἡμᾶς,
1439 2164 1478 2190 ὅτι
1487 2164 1550 2199 περὶ
1563 2164 1613 2199 τῆς
1625 2164 1695 2190 κατὰ
1704 2164 1791 2200 σάρκα
1804 2162 1895 2188 οἰκονο-

1127 2218 1137 2234 ‹
1158 2209 1223 2243 μίας
1246 2209 1339 2241 αὑτοῦ,
1354 2209 1369 2235 ὁ
1399 2208 1558 2241 Ἀπόστολος
1580 2209 1638 2235 νυνὶ
1665 2209 1806 2244 μέμνηται.
1825 2216 1833 2232 ι
1848 2204 1894 2231 Καὶ
1940 2217 1948 2225 -

295 2255 306 2272 ι
323 2254 432 2275 carnem
455 2248 666 2283 dispensatione.
683 2261 692 2277 ι
706 2250 857 2279 Conﬁrmat
882 2253 934 2281 hoc
960 2254 1074 2289 adjectis

1126 2254 1275 2280 ὲπιϐεὸαιοῖ
1292 2254 1338 2281 τὸν
1358 2254 1446 2288 λόγον,
1465 2255 1602 2290 ἐπιφέρων
1613 2254 1691 2290 ἑξῆς’
1711 2264 1720 2280 ε
1737 2252 1894 2288 Πρωτὸτοκος

292 2296 320 2319 et
335 2293 394 2320 istis
407 2301 414 2320 :
432 2303 441 2319 ε
453 2293 571 2323 Vocatus
586 2299 628 2323 est
653 2301 746 2323 autem
765 2298 854 2325 omnis
868 2303 1000 2327 creatum
1012 2301 1069 2334 pri-

295 2347 306 2365 ε
326 2341 489 2375 mogenitus,
506 2348 558 2369 non
587 2346 617 2369 ut
638 2342 677 2370 illi
706 2343 885 2378 arbitrantur,
911 2345 982 2379 quod
1009 2351 1073 2374 ante

330 2412 359 2441 ᾖ(
375 2408 423 2436 Ed.
437 2407 534 2440 Paris.,
548 2417 598 2444 pag
614 2410 659 2436 M.
679 2410 803 2438 °Coloss.
814 2419 834 2445 ι,
847 2411 891 2441 16.
907 2411 948 2438 l7.

327 2501 384 2539 (59)
402 2502 563 2539 Εὶςναῠζρν
581 2503 743 2539 ἀσεβῶν-τα.
766 2503 837 2539 satis
853 2504 952 2538 liquet,
969 2504 1073 2539 legend.

292 2537 331 2568 ιῐς
351 2537 434 2575 αὑτὸν.
451 2537 556 2564 άσεὸὦν
572 2538 690 2575 τὸνγμίο
711 2538 800 2575 coddr.]
824 2537 949 2575 Χριστόν.
973 2537 1075 2574 Nempe

291 2572 362 2606 quod
384 2572 469 2606 ipsius
490 2580 589 2607 corpus
607 2572 672 2600 nihil
689 2578 736 2600 aut
756 2572 832 2601 nihili
850 2572 976 2601 "futurum
997 2572 1071 2607 erat,

291 2607 407 2634 abeunte
416 2607 496 2637 Λόγῳ
507 2608 540 2634 ad
549 2608 642 2637 Deum.
656 2608 681 2635 in
690 2615 743 2637 auo
754 2609 828 2637 prius
842 2614 911 2637 erat.
923 2609 957 2636 M.
966 2623 1000 2629 —
1009 2609 1073 2637 Dein

291 2614 407 2634 abeunte
416 2614 496 2640 Λογῳ
507 2614 540 2634 au
549 2614 642 2640 Deum,
656 2617 681 2635 In
690 2615 743 2640 αυο
754 2617 828 2640 prius
842 2614 911 2637 erat.
923 2614 957 2636 Μ.
966 2623 1000 2629 ’-

291 2615 407 2634 aueunte
416 2615 496 2642 Λογῳ
507 2615 540 2634 au
549 2615 642 2640 uelim,
656 2617 681 2635 In
690 2615 743 2643 quo
754 2617 769 2644 p

291 2642 370 2678 vulgo
385 2642 454 2677 μετὰ
465 2643 494 2669 δὲ
507 2642 540 2669 τὰ
553 2643 692 2678 λεχθέντα.

327 2676 390 2715 (6οχ
403 2677 500 2704 Αὐτοῦ
519 2676 740 2715 σώματος-,κίωο
754 2678 842 2715 σῶμα.
861 2679 915 2706 Pro
936 2678 1073 2715 σημαίνει,

292 2710 434 2749 legendum
447 2719 494 2749 est
511 2710 702 2748 συμῖϐαίνεὶΜ.
711 2728 746 2734 ——
756 2710 801 2742 Sic
811 2721 838 2742 et
855 2715 891 2747 Β,
901 2714 945 2749 qui
955 2710 1014 2741 dein
1022 2715 1071 2749 τῆς

292 2746 376 2789 αρτῆς
389 2747 463 2789 ανξτῷ
478 2752 505 2775 et
520 2746 606 2789 αρχῆς
624 2757 672 2789 pro
686 2749 863 2789 ἀρχαιότητος
881 2746 962 2777 σι’ὅτι
977 2749 1001 2775 εἰ
1019 2746 1070 2789 ’καί

293 2785 328 2821 ει,
339 2788 391 2808 om.
411 2783 606 2821 ἀπειργάσατο.
628 2784 692 2812 Dein
707 2783 794 2821 Vulgo
811 2783 903 2821 ⁷μόνων
922 2784 1028 2812 correxi
1046 2784 1073 2811 in

293 2815 380 2855 μόνον
397 2815 524 2855 egeo-dii.
537 2819 581 2855 qui
596 2824 623 2855 et
638 2815 785 2855 συμμαίνέι
799 2815 872 2848 dant.

329 2850 394 2915 (.61;J
409 2852 459 2879 Ἔν
474 2850 562 2885 αὐτῷ.
591 2850 799 2889 ῦΙπγέοὲειοιηιιε
829 2855 937 2889 exponit
962 2856 1004 2882 δὲ6
1024 2856 1073 2883 αὺ-

329 2894 354 2914 υ.
399 2887 480 2915 trevis
499 2889 587 2915 modo.
607 2889 768 2915 inmietatem
790 2891 876 2915 arcuit
892 2891 970 2915 huius
984 2893 1071 2915 Anrv-

292 2887 354 2915 coit.
374 2887 480 2915 Utrovis
499 2889 587 2922 modo,
607 2887 768 2924 impietatem
790 2887 876 2925 arguit
892 2891 970 2925 hujus
984 2893 1071 2924 Ancy-

1129 2309 1138 2326 I
1159 2298 1205 2327 οὖν
1222 2300 1330 2335 ἁπάσης
1344 2300 1458 2332 κτίσεως
1479 2300 1522 2327 διὰ
1543 2300 1591 2335 τὴν
1607 2300 1677 2327 κατὰ
1695 2300 1782 2336 σάρκα
1801 2297 1893 2332 γένεσιν

1129 2356 1138 2372 t
1157 2346 1313 2381 ὠνομάσθη,
1329 2346 1359 2372 οὐ
1374 2345 1418 2372 διὰ.
1431 2346 1479 2381 τὴν
1494 2346 1614 2382 ποώτην,
1628 2346 1665 2379 ὡς
1683 2347 1758 2373 αὐτοὶ
1769 2344 1820 2380 (65)
1832 2341 1893 2368 om“

1124 2505 1217 2538 ritani,
1232 2505 1278 2540 qui
1292 2505 1324 2532 ad
1345 2504 1651 2540 humatutatemrretulit
1665 2505 1735 2532 hanc
1749 2504 1890 2539 praerogati-

1123 2549 1195 2568 vam.
1211 2539 1290 2567 Μξ-
1301 2540 1361 2567 Mox
1374 2539 1452 2574 vulgo
1466 2539 1577 2575 ἐκτίσθη
1595 2541 1650 2566 καί.

1134 2579 1137 2582 ’
1158 2575 1213 2611 (62)
1233 2575 1318 2614 Αὐτῷ
1329 2573 1576 2614 -λρσιῑξελοῦσαῖζ
1601 2575 1724 2609 Requirit
1746 2579 1849 2614 sepsus_
1864 2573 1889 2614 u‘t

1123 2608 1251 2644 legamus,
1273 2609 1348 2644 αὐτῷ
1366 2610 1403 2641 ὡς
1423 2609 1622 2641 λυσιτελοῦσαν,
1643 2608 1707 2642 aut,
1734 2608 1810 2644 μηδὲν
1824 2608 1887 2644 ᾳὺῗφ

1122 2640 1322 2673 λύσιτελοῦσαν.
1334 2640 1369 2672 Μ.
1385 2640 1420 2664 4
1429 2644 1484 2671 imo
1491 2645 1529 2676 ὡς
1539 2640 1668 2681 abegi-l2
1679 2640 1705 2679 p.
1718 2640 1768 2670 ιἾό
1786 2642 1813 2669 Β.
1827 2640 1885 2681 Ιηΐεει

1122 2681 1201 2715 vulgo
1216 2680 1302 2711 οὕτως
1322 2681 1346 2706 εἰ
1363 2688 1449 2715 πρωτ.
1467 2685 1495 2706 et
1513 2680 1572 2706 ἐστὶ
1593 2680 1683 2713 πάσης
1707 2685 1733 2706 et
1755 2685 1834 2712 πρωτ.
1845 2681 1886 2715 ουν

1123 2711 1213 2756 πάξης
1232 2721 1260 2743 et
1279 2716 1360 2756 ἅναφ;
1380 2711 1427 2741 καὶ
1450 2715 1590 2756 προσέχων
1607 2720 1635 2756 (η
1655 2711 1755 2754 saxum;
1776 2711 1850 2756 779m}
1863 2711 1886 2734 ει

1122 2749 1233 2786 τριᾷῶν,
1243 2758 1331 2786 porro
1344 2750 1448 2786 ἔκτισεν
1468 2749 1518 2785 ἐμέ
1531 2756 1557 2777 et
1571 2750 1635 2784 περὶ
1646 2749 1695 2776 τοῦ
1707 2758 1732 2786 τ,
1745 2756 1770 2782 γ.
1782 2755 1821 2785 π..

1171 2777 1530 2822 65)’¹ῥςγαὺτοὶ]οῑσνὶαι
1556 2777 1665 2822 κτίσιν.
1684 2777 1793 2812 Arianos
1816 2777 1883 2822 ἰῐξζςξ·

1124 2813 1191 2855 ligit,
1205 2813 1254 2855 qui
1272 2813 1409 2848 Christum
1424 2820 1507 2855 etiam
1523 2821 1669 2846 secundum
1692 2824 1807 2855 naturam
1826 2813 1883 2840 diVi-

1124 2853 1197 2888 nam,
1210 2853 1273 2883 licet
1285 2860 1347 2882 ante
1358 2854 1455 2882 smeula
1469 2855 1617 2888 conditam,
1631 2853 1881 2889 intelligebanlcrca‘

1123 2895 1221 2924 turam,
1232 2895 1259 2918 et
1275 2890 1313 2918 sic
1327 2889 1506 2923 πρωτότοκον.
1519 2889 1554 2917 Μ,
