2045 3215
139 178 190 206 8N
705 180 845 209 CONTRA
865 180 1079 210 MARCELLUM
1097 183 1160 211 LIB.
1181 184 1214 211 11.
1706 185 1760 213 ειιε

144 247 153 262 1
173 245 230 269 ται,
242 236 340 263 κτίσιν·
362 245 371 263 ι
394 237 441 263 κτιῖ⁵
462 236 592 272 ἐπιλέγει·
615 247 625 263 1
646 238 684 265 Οὐ
705 239 793 265 τοίνυν
807 247 891 271 ὀυτος
915 240 951 272 ὑλ

951 243 966 277 λ
983 249 992 266 1
1012 241 1102 268 omnia
1130 241 1189 276 ipse
1203 240 1327 269 conditus
1342 240 1388 274 sit,
1406 240 1460 270 sed
1470 245 1580 276 propter
1593 241 1667 269 illam
1682 250 1758 271 suam

143 293 152 308 1
173 282 325 317 ἁγιώτατος
338 282 423 316 Λόγος
441 283 494 318 πρὸ
506 283 555 318 τῆς
570 283 801 319 ὲνανθρωπήσεως
818 285 927 321 Πρωτὸ-

981 297 989 312 1
1006 287 1154 314 secundum
1168 294 1277 314 carnem
1291 287 1503 321 generationem.
1522 297 1531 313 ι
1551 288 1631 314 Addit
1651 293 1757 317 autem:

144 339 152 354 1
174 337 253 360 τοκος
268 328 377 363 ἁπάσης
390 328 502 360 κτίσεως
516 329 656 364 ὠνόμαστο
675 330 742 364 (πῶς
753 330 807 366 γὰρ
817 331 927 359 δυνατὸν

980 341 989 356 1
1006 331 1137 365 Quocirca
1150 332 1351 359 sanctissimum
1374 332 1444 359 istud
1462 333 1590 365 Verbum,
1615 340 1665 360 non
1682 334 1756 360 dice.

144 384 153 399 1
173 375 221 401 τὸν
242 374 285 401 ἀεὶ
304 374 367 400 ὄντα
385 375 553 409 πρωτότοκον
574 374 642 401 εἷναί
671 384 742 407 τινος
755 385 761 407 ς
776 377 785 412 )
802 377 869 404 ἀλλὰ
883 378 928 404 τὸν

980 386 988 401 ‹
1005 377 1084 403 batur
1100 382 1162 403 ante
1175 384 1249 403 suam
1274 377 1500 409 incarnationem,
1524 379 1612 406 onmis
1626 385 1757 406 creatura:

143 430 152 444 ι
174 418 282 455 πρῶτον
298 419 390 445 καινὸν
412 419 561 454 ἄνθρωπον,
576 421 616 451 είς
629 420 658 446 ὃν
671 421 705 447 τὰ
719 422 807 448 πάντα
827 423 927 448 ἀνακε-

981 431 989 446 1
1009 421 1218 457 Primogenilus.
1243 422 1308 449 Nam
1326 424 1461 457 quomodo
1486 424 1542 451 lieri
1559 429 1675 459 poterat,
1692 431 1721 452 ut
1736 426 1758 451 is

143 474 152 490 1
175 464 380 499 φαλαιώσασθαι
406 465 538 501 ὲὸουλήθη
558 467 572 492 6
590 466 664 499 Θεὸς,
688 466 781 493 τοῦτον
810 468 838 494 al
860 468 927 494 θεῖαι

980 475 989 490 1
1005 466 1049 499 qui
1061 474 1169 501 semper
1180 472 1250 500 erat,
1264 467 1378 501 alicujus
1393 473 1465 495 esset
1480 469 1678 503 primogenitus
1689 469 1700 496 ί
1711 471 1758 497 sed

144 520 153 536 1
174 511 281 546 Γραφαὶ
294 510 466 546 Πρωτότοκον
486 511 575 546 πάσης
597 511 759 546 ὀνομάζουσι
775 513 897 545 κτίσεως.
915 524 924 540 ν

980 522 989 537 1
1006 513 1109 546 primus
1128 513 1171 540 ille
1184 521 1268 540 novus
1283 514 1374 546 homo,
1394 515 1419 540 in
1433 521 1513 548 quem
1543 515 1632 541 omnia
1654 515 1758 542 volebat

140 556 196 583 Καὶ
209 554 286 588 αὖθις
300 556 423 591 ἐπιφέρει
434 565 440 570 -
457 565 465 582 1
487 556 605 588 Ἀκούεις
621 558 693 588 ὅπως
713 558 742 584 οὺ
765 558 843 593 μόνον
860 559 926 585 ταῦ-

980 567 988 582 ‹
1008 558 1077 584 Dens
1093 558 1259 589 recolligere,
1273 558 1294 585 is
1306 558 1331 584 in
1345 565 1422 585 saera
1436 559 1575 592 Scriptura
1590 561 1758 593 nominatur,

143 612 152 628 1
172 611 216 636 τα,
232 602 299 629 ἀλλὰ
320 602 365 628 καὶ
385 602 418 628 τὰ
437 603 646 638 προϋπάρχοντα
660 603 687 629 ἕν
698 612 726 629 τε
742 604 865 639 οὐρανοῖς
881 605 927 630 καὶ

980 613 988 629 1
1004 604 1093 630 omnis
1106 610 1240 631 creatura:
1261 603 1485 638 Primogenitus.)
1502 605 1586 632 Infert
1600 610 1666 633 tum:
1682 615 1690 631 1
1703 607 1758 633 Au-

144 659 152 674 1
173 649 220 675 ὲπὶ
232 649 282 684 τῆς
297 649 347 684 γῆς
361 649 390 674 ἐν
405 649 479 684 αὑτῷ
492 650 560 676 κατὰ
576 649 624 684 τὴν
642 650 735 686 καινὴν
753 651 839 677 κτίσιν
854 652 926 677 ἐκτί-

981 659 989 674 1
1010 650 1060 682 dis,
1075 654 1103 676 ut
1117 657 1169 676 non
1186 650 1273 676 solum
1290 650 1408 683 ista,sed
1424 656 1450 678 et
1466 651 1510 678 illa
1526 652 1616 678 omnia
1632 654 1759 686 prieexsi-

142 705 152 720 1
174 695 236 721 σθαι
248 695 398 730 συμϐαίνει.
417 705 426 720 ι
446 695 536 722 Ταῦτα
553 696 601 731 μὲν
618 694 663 722 οὖν
680 697 713 722 δι’
731 694 767 723 ὧν
787 698 927 733 Πρωτότο-

980 703 988 719 1
1008 695 1105 722 stantia
1117 695 1175 722 sive
1191 702 1273 730 super
1285 701 1384 722 terram
1402 704 1450 723 seu
1472 697 1499 723 in
1516 697 1604 730 ctelis,
1621 698 1703 725 inillo
1715 706 1758 725 se-

140 750 189 768 κον
204 742 295 777 πάσης
309 741 422 773 κτίσεως
449 741 492 768 διὰ
512 742 560 777 τὴν
577 742 665 777 σάρκα
680 742 759 769 αὐτὸν
772 743 927 778 ὠνομάσθαι

980 750 988 765 1
1005 741 1122 768 cundum
1138 748 1235 768 novam
1250 741 1319 768 hanc
1334 742 1500 769 creationem
1527 744 1727 771 condebantur.
1747 754 1756 770 ι

139 787 246 823 εἴρηκε.
274 787 327 813 Θέα
347 787 375 812 δὲ
391 787 464 818 ὅπως
479 787 524 813 καὶ
538 787 578 820 τὸ,
592 788 698 822 Κύριος
712 789 813 814 ἐκτισέ
824 797 862 823 με
881 789 928 822 ἀρ-

977 787 1065 820 Atque
1081 786 1138 813 haec
1153 792 1217 814 sunt
1229 787 1272 813 illa
1286 787 1384 821 quibus
1398 790 1556 822 pronuntiat
1571 789 1644 816 illum
1658 791 1757 817 dictum

139 833 203 868 χὴν
211 832 289 860 ὁδῶν
299 833 391 860 αὑτοῦ
406 835 449 866 εὶς
460 834 530 868 ἔργα
539 833 643 866 αὑτοῦ,
657 834 737 860 πάλιν
749 835 793 860 ὲπὶ
805 835 854 870 τὴν
866 835 929 870 σάρ-

977 832 1065 860 omnis
1077 838 1210 860 creaturae
1230 832 1444 868 Primogenitum
1461 841 1570 869 propter
1593 842 1757 871 assumptam

140 888 176 906 κα
190 879 335 915 ἀναφέρεν
355 879 392 914 μὴ
408 879 547 914 προσέχων
562 881 594 914 τῇ
610 879 669 914 θείᾳ.
683 880 777 915 Γραφῇ
793 876 926 916 ἐκπροσ-

978 887 1099 906 carnem.
1114 878 1180 906 Vide
1197 884 1286 906 autem
1302 880 1418 915 qualiter
1433 880 1466 907 ad
1483 888 1593 908 carnem
1610 889 1717 916 quoque
1732 887 1758 909 et

139 925 214 951 ώπιου
235 925 283 960 τῆς
304 925 398 959 σοφίας
419 926 446 951 ἐν
467 926 525 956 ταῖς
541 925 704 961 Παροιμίαις
720 926 813 952 τοῦτον
830 926 924 960 λεγού-
943 919 946 948 Ι

952 919 963 948 3
979 924 1042 951 illud
1058 925 1166 956 referat,
1184 925 1311 952 Dominus
1325 927 1443 953 condidit
1472 936 1511 954 me
1533 928 1689 962 principium
1703 930 1759 956 vin-

140 979 175 1006 σῃ
193 970 240 996 τὸν
255 970 355 1005 τρόπον
365 978 371 984 “
399 970 468 1004 Ἐγὼ
482 970 500 1002 ἡ
517 971 608 1003 σοφία
625 970 841 1002 κατεσκήνωσεν.
851 971 925 1002 ,βου-

977 977 1034 995 rum
1046 978 1165 1000 suarum,
1188 970 1221 995 ad
1241 978 1318 1004 opera
1335 979 1383 996 sua
1401 971 1409 985 ⁷
1429 980 1435 996 :
1456 975 1485 997 et
1512 979 1618 998 sacram
1635 973 1754 1006 Scriptu-

139 1014 212 1049 λὴν,
231 1015 281 1042 καὶ
297 1015 400 1047 δόξαν,
419 1015 466 1041 καὶ
480 1015 599 1042 ἔννοιαν
612 1015 668 1050 ἐγὼ
681 1016 924 1050 ἐπεκαλεσάμην·

977 1022 1034 1040 ram
1052 1015 1169 1046 attende,
1191 1015 1215 1041 itt
1244 1015 1397 1042 Proverbiis
1413 1016 1462 1042 hoc
1480 1016 1559 1043 modo
1574 1017 1729 1050 loquentem
1749 1027 1754 1045 :

139 1061 176 1088 δι’
189 1061 263 1096 ἐμοῦ
275 1061 415 1094 βασιλεῖς
426 1062 638 1093 βασιλεύουσι,
663 1062 711 1088 καὶ
735 1064 761 1089 οὶ
780 1062 926 1089 δυνάσται

976 1050 1032 1093 Eho
1046 1060 1173 1091 sapienlia
1189 1059 1277 1086 habito
1293 1060 1320 1086 in
1337 1060 1458 1092 consilio,
1470 1067 1493 1087 et
1506 1062 1756 1094 eruditis-ininsqu

140 1107 338 1141 δικαιοσύνην
351 1107 528 1141 γράφουσιν.
549 1104 596 1138 Οἷς
611 1108 672 1142 ἑξῆς
688 1107 805 1141 ἐπιλέγει
828 1109 844 1143 ὴ
858 1108 925 1143 αὑτὴ

982 1104 1203 1138 cogitationibus:
1218 1113 1264 1139 per
1281 1113 1320 1132 me
1332 1114 1402 1139 reges
1421 1112 1577 1141 regnant,“
1595 1107 1679 1142 legum
1694 1116 1757 1134 con-

140 1148 239 1188 Σοφία·
263 1153 311 1179 Ἐν
326 1152 406 1186 ὁδοῖς
420 1152 612 1186 δικαιοσύνης
631 1153 789 1186 περιπατῶ,
804 1153 852 1179 καὶ
869 1154 926 1180 ἀνὰ

976 1150 1073 1176 (litorea
1083 1150 1157 1183 justo
1175 1149 1316 1177 ἄπει-ἰωή
1333 1151 1354 1178 ³.
1372 1151 1476 1184 Quibus
1496 1153 1590 1178 eadem
1619 1153 1755 1186 Sapientia

137 1198 235 1233 μέσον
246 1199 352 1232 τρίϐων
362 1198 555 1233 δικαιώματος
567 1198 799 1232 ἀναστρέφομαι,
815 1199 864 1224 ἵνα
875 1207 926 1233 με-

977 1195 1033 1222 bzec
1050 1196 1188 1222 annectit:
1206 1195 1238 1223 In
1259 1197 1304 1223 viis
1314 1196 1427 1230 jusliliw
1445 1204 1490 1231 ego
1514 1197 1636 1225 ambulo:
1654 1203 1678 1224 et
1692 1206 1755 1225 con-

136 1244 214 1277 ρίσω
235 1243 298 1276 τοῖς
324 1243 375 1277 ἐμὲ
395 1243 550 1278 ἀγαπῶσιν
565 1244 703 1278 ὓπαρξιν,
723 1244 770 1271 καὶ
791 1245 861 1277 τοὺς
876 1248 926 1279 θη-

977 1250 1063 1268 υεηοι-
1079 1243 1105 1268 in
1122 1244 1206 1268 medio
1233 1245 1386 1269 aemitarum
1415 1244 1567 1278 a'quilalis,
1590 1249 1617 1270 ut
1641 1244 1756 1271 d-vidam

140 1289 274 1322 σαυροὺς
300 1289 399 1315 αὐτῶν
416 1289 561 1323 ἐμπλήσω
581 1289 708 1324 ἀγαθῶν.
741 1292 811 1317 Ἐὰν
835 1292 925 1326 ἀνατ-

976 1288 1154 1314 επεὶδιεηιίωη
1169 1289 1336 1323 diligentibus
1365 1298 1414 1321 me,
1437 1295 1460 1316 et
1486 1291 1621 1316 thesauros
1640 1291 1757 1324 ipsorum

139 1335 229 1369 γείλω
244 1335 315 1369 ὑμῖν
325 1336 361 1361 τὰ
374 1335 437 1361 καθ¹
454 1335 568 1369 «ἡμέραν
582 1337 750 1371 γωνόμενα,
756 1339 925 1372 μνημονεύ-

976 1333 1008 1358 de
1023 1333 1096 1359 bonis
1119 1334 1249 1366 repleam:
1265 1335 1288 1360 si
1301 1336 1370 1361 vobis
1385 1336 1585 1368 annuntiauero,
1597 1344 1655 1370 qua:
1669 1337 1756 1370 quoti-

139 1387 185 1407 σω
215 1382 251 1408 τὰ
275 1381 309 1413 ἐξ
338 1381 445 1414 αἰῶνος
475 1381 644 1415 ἀριθμῆσαι.
673 1384 778 1417 Κύριος
808 1385 926 1411 ἐκτισέν

977 1378 1018 1404 die
1028 1379 1135 1411 fiebant,
1151 1381 1298 1406 nmnorabo
1311 1387 1449 1407 enuntiare
1463 1390 1521 1415 qua:
1538 1389 1611 1408 erant
1626 1383 1756 1409 aetatula.

137 1434 176 1460 με
205 1426 303 1460 ἀρχὴν
326 1425 404 1453 ὁδῶν
425 1427 517 1453 αὑτοῦ
539 1429 582 1459 εἰς
599 1428 671 1462 ἔργα
683 1428 786 1461 αὐτοῦ,
803 1429 858 1463 πρὸ
873 1430 925 1456 τοῦ

979 1424 1104 1450 Dominus
1115 1426 1228 1458 pouedit
1251 1433 1290 1451 me
1311 1426 1337 1451 in
1350 1426 1425 1452 initio
1436 1427 1535 1452 uiarum
1546 1435 1669 1459 suarum,
1683 1431 1758 1453 ante-

140 1471 248 1504 αἰῶνος
263 1473 438 1507 ὲθεμελίωσέ
451 1482 499 1508 με,
514 1474 548 1500 ἐν
564 1474 641 1508 ἀρχῇ
657 1475 711 1508 πρὸ
730 1475 782 1501 τοῦ
795 1475 853 1508 τὴν
868 1475 926 1509 γῆν

976 1478 1054 1504 quam
1064 1471 1205 1504 quidquam
1217 1471 1314 1505 facere!
1322 1480 1337 1497 a
1345 1472 1473 1505 principio
1483 1472 1514 1498 ab
1522 1478 1624 1499 artemo
1635 1473 1757 1499 ordinata

141 1517 284 1551 ποιῆσαι·
298 1519 343 1545 καὶ
356 1519 388 1545 τὰ
403 1519 506 1551 τούτοις
526 1521 588 1555 ἑξῆς
596 1521 661 1555 (64).
675 1520 721 1552 Οἷς
736 1521 771 1557 μὴ
786 1521 926 1557 βουληθεὶς

978 1524 1047 1547 eum,
1061 1517 1087 1541 in
1099 1516 1228 1549 principio
1242 1521 1381 1550 antequam
1393 1523 1488 1543 terram
1499 1518 1618 1544 conderet
1632 1519 1654 1550 ',
1665 1524 1759 1553 etquae

141 1564 193 1600 τὴν
200 1564 318 1591 διάνοιαν
325 1565 467 1600 ἐπιστῆσαι
476 1566 643 1601 Μάρκελλος,
654 1568 711 1598 ἑνὸς
719 1567 745 1593 δὲ
757 1568 837 1602 μόνου
849 1568 926 1601 γενό-
940 1590 948 1617 1

949 1588 962 1599 η
978 1567 1126 1595 sequuntur
1144 1570 1150 1586 :
1171 1561 1268 1594 quibus
1299 1562 1410 1589 minime
1441 1563 1533 1590 volens
1562 1564 1734 1598 acquiescere
1750 1585 1756 1596 ,

949 1607 962 1618 -Ι
980 1609 1008 1618 ιν.
1026 1613 1069 1618 μ...
1094 1608 1208 1618 4._2,,.._,_
1257 1616 1316 1618 ..μᾼλ
1376 1609 1398 1618 1η
1435 1614 1440 1618 .
1518 1609 1540 1618 Il
1609 1610 1623 1618 ll
1693 1611 1718 1618 ιιι
1752 1613 1756 1618 Ι

142 1619 224 1645 μενος
240 1611 350 1645 σκοποῦ,
364 1611 410 1638 τοῦ
426 1612 462 1647 μὴ
475 1612 639 1648 ὁμολογῆσαι
654 1614 698 1639 τὸν
715 1614 776 1640 Υἱδν
789 1614 835 1640 τοῦ
848 1614 924 1646 Θεοῦ,
940 1608 949 1618 “

951 1608 962 1618 ⁴
980 1609 1008 1637 ›Ῑ‹
1025 1613 1071 1633 aut
1092 1608 1210 1634 animtnu
1241 1616 1319 1634 suum
1349 1609 1491 1636 advertere
1517 1609 1671 1642 Marcellus,
1693 1611 1758 1638 illud

140 1659 189 1694 τὴν
204 1659 386 1694 προκειμένην
403 1658 541 1692 θεολογίαν
556 1659 601 1685 ἐπὶ
617 1659 665 1694 τὴν
681 1660 768 1695 σάρκα
786 1661 924 1695 ἀναφέρει,

977 1653 1086 1678 unicum
1112 1652 1216 1679 habens
1243 1654 1269 1680 in
1296 1655 1443 1688 proposito,
1471 1660 1499 1681 ut
1522 1663 1555 1682 ue
1581 1656 1759 1685 conﬁteretur

140 1703 188 1730 καὶ
210 1703 260 1739 τὴν
277 1703 383 1730 εὐθεῖαν
401 1705 605 1739 παρεκτραπεὶς
629 1705 695 1737 ὁδὸν,
715 1705 820 1732 ἀνοδίαν
839 1706 926 1741 ἑαυτῴ

976 1697 1073 1724 Filium
1099 1698 1156 1730 Dei,
1170 1698 1242 1725 illam
1262 1704 1324 1726 ante
1348 1700 1448 1727 dictam
1468 1701 1493 1727 in
1511 1700 1665 1730 Proverbiis
1677 1703 1710 1729 de
1725 1710 1758 1731 eo

141 1749 270 1784 ἐπενόησε
285 1750 397 1785 γράφων
413 1751 481 1777 κατὰ
496 1751 567 1783 λέξιν
584 1750 679 1782 οὕτως’
699 1760 707 1776 1
727 1752 763 1777 Τὸ
775 1752 865 1778 τοίνυν
879 1761 925 1778 κε-

977 1744 1157 1778 theologiam,
1182 1745 1214 1771 ad
1240 1752 1350 1772 carnem
1375 1745 1474 1778 refert,
1504 1752 1531 1773 et
1556 1751 1698 1782 postquam
1725 1749 1757 1775 de

144 1804 153 1819 1
174 1795 286 1828 φάλαιον
309 1795 383 1821 τουτὶ
407 1796 454 1830 τῆς
479 1796 640 1831 Παροιμὶας,
656 1797 685 1822 οὐ
703 1796 750 1831 τὴν
772 1797 858 1832 ἀρχὴν
877 1797 925 1832 τῆς

977 1797 1048 1818 recta
1065 1792 1107 1818 via
1124 1791 1316 1824 declinaverat,
1332 1792 1404 1818 invia
1429 1793 1550 1826 quaedam
1575 1793 1626 1820 sibi
1651 1795 1757 1829 excogi-

144 1850 153 1866 1
174 1841 308 1875 θεότητος,
336 1840 430 1876 ὥσπερ
456 1842 531 1868 αὐτοὶ
553 1841 701 1876 νομίζουσι,
727 1842 773 1868 τοῦ
803 1843 925 1878 Σωτῆρος

977 1838 1054 1869 tavit,
1068 1838 1117 1865 ista
1130 1838 1259 1865 verb-alim
1267 1838 1388 1865 scribens
1398 1848 1404 1864 :
1416 1837 1460 1873 [Ιί.
1474 1838 1522 1874 ΙΧ]
1534 1848 1542 1863 1
1551 1838 1755 1867 Proverbiorunt

145 1895 154 1911 1
172 1886 250 1921 ἡμῶν
264 1881 436 1921 παραστῆσαι
453 1886 620 1921 βουλόμενον,
636 1888 742 1920 Κύριος
762 1887 862 1914 ἕκτισέ
876 1896 924 1921 με,

978 1892 987 1909 1
1012 1883 1094 1918 igitur
1108 1889 1188 1918 caput
1206 1883 1286 1915 isutd,
1304 1892 1356 1911 non
1374 1889 1403 1911 ut
1427 1884 1464 1911 illi
1482 1889 1584 1918 rentur,
1598 1886 1694 1913 docere
1709 1894 1757 1913 nos

143 1939 153 1956 1
173 1931 224 1966 ἔφη
235 1939 242 1946 ·
260 1931 329 1958 ἀλλὰ
342 1931 391 1966 τὴν
405 1931 532 1967 δευτέραν
556 1932 626 1958 κατὰ
646 1932 732 1966 σάρκα
751 1932 904 1967 οἰκονομίαν
916 1941 922 1947 ·

978 1939 987 1955 1
1013 1930 1140 1961 intendit,
1156 1930 1262 1957 initium
1283 1930 1434 1957 divinitatis
1451 1931 1614 1963 Servatoris,
1632 1932 1677 1959 ubi
1693 1933 1728 1959 ait
1746 1941 1754 1959 :

144 1987 153 2003 1
173 1977 212 2004 διδ
228 1977 274 2004 καὶ
288 1977 402 2008 κτίσεως
424 1977 557 2012 μέμνηται
579 1978 740 2013 προσφόρως
758 1980 805 2013 τῆς
822 1978 925 2013 ἀνθρω-

979 1985 988 2001 1
1013 1975 1139 2002 Dominus
1160 1977 1276 2010 possedit
1304 1985 1344 2003 me
1368 1977 1498 2011 principio
1515 1978 1616 2004 uiarum
1632 1987 1739 2006 tuarum

143 2033 152 2048 1
174 2022 255 2058 πίνης
264 2023 388 2058 σαρκός.)
403 2024 456 2049 Καὶ
470 2024 532 2058 ἑξῆς
548 2024 679 2058 ἐπιλέγει·
700 2034 708 2048 1
721 2024 776 2050 Οὐκ
790 2023 836 2050 οὖν
845 2024 922 2059 (65)ἡ

978 2031 986 2047 1
1010 2022 1056 2049 sed
1073 2023 1217 2050 secundam
1234 2022 1307 2049 illam
1321 2030 1382 2057 quae
1403 2023 1428 2049 in
1450 2030 1533 2051 carne
1547 2024 1598 2050 luit
1613 2024 1687 2052 laeta
1703 2026 1758 2053 dis-

144 2079 153 2095 1
174 2071 262 2101 κτίσις
275 2071 307 2105 τῇ
318 2070 390 2096 κατὰ
409 2070 549 2105 ἄνθρωπον
567 2070 648 2098 αὑτοῦ
662 2070 783 2105 διαφέρει
794 2071 924 2105 πράγμα-

977 2078 987 2094 ‹
1010 2069 1194 2103 pensationem
1218 2077 1226 2098 :
1248 2070 1374 2103 quocirca
1414 2071 1594 2104 possessionis
1625 2072 1756 2105 meminit,

144 2120 153 2137 1
173 2112 243 2148 τείᾳ.
267 2113 311 2139 Διὸ
331 2122 412 2149 φησι·
432 2115 540 2148 Κύριος
559 2114 660 2141 ἕκτισέ
675 2123 713 2149 με
730 2115 828 2148 ἀρχὴν
848 2114 925 2141 ὁδῶν

977 2124 986 2140 1
1009 2115 1060 2141 hoc
1073 2119 1115 2141 est
1130 2115 1219 2142 carnis
1235 2115 1340 2142 noviter
1355 2120 1463 2144 creatae.
1478 2116 1535 2143 Non
1552 2117 1643 2152 igitur,
1660 2118 1694 2145 ita
1709 2119 1757 2145 ad-

144 2165 154 2182 1
173 2157 276 2189 αὺτοῦ,
309 2159 352 2191 εις
380 2159 451 2194 ἔργα
481 2160 572 2186 αὐτοῦ
595 2160 697 2186 ἐκτισέ
725 2169 776 2195 με,
806 2161 924 2195 δηλονότι

977 2169 987 2186 1
1010 2161 1058 2194 dit,
1072 2166 1197 2188 creatura
1221 2161 1255 2187 ah
1271 2161 1385 2188 humana
1402 2161 1461 2197 ejus
1477 2163 1636 2197 operatione
1652 2169 1694 2191 est
1707 2165 1758 2191 dis-

144 2211 154 2228 1
174 2202 219 2230 διὰ
231 2203 280 2238 τῆς
296 2203 429 2239 παρθένου
441 2205 562 2240 Μαρίας,
573 2206 606 2231 δι’
617 2203 650 2241 ἧς
662 2207 675 2232 6
688 2206 752 2237 Θεὸς
762 2206 859 2232 ὲνῶσαι
875 2207 924 2243 τὴν

977 2216 986 2232 1
1010 2207 1102 2233 tincta.
1126 2206 1187 2234 Ideo
1207 2207 1308 2241 inquit:
1325 2207 1451 2234 Dominus
1477 2210 1595 2235 condidit
1620 2218 1660 2236 me
1680 2210 1758 2236 initio

88 2251 95 2257 '
144 2259 153 2276 1
173 2250 344 2286 ἀνθρωπίνην
354 2251 442 2286 σάρκα
452 2251 490 2286 τῷ
500 2250 594 2280 ἑαυτοῦ
603 2252 680 2286 Λόγῳ
689 2252 837 2287 προείλετο.
852 2262 860 2278 ι
871 2252 893 2278 Κ

951 2261 985 2285 )1
1009 2253 1108 2279 viarum
1123 2261 1232 2279 suarum
1257 2254 1291 2280 ad
1311 2262 1390 2287 opera
1410 2262 1468 2281 sua.
1489 2254 1539 2282 Per
1557 2254 1691 2294 Virginem
1707 2256 1758 2282 sci-

143 2292 201 2327 μεθ¹
223 2293 305 2330 ἕτερα
323 2294 481 2330 προστίθησι
500 2294 585 2329 λέγων
605 2304 611 2310 ·
626 2305 635 2321 1
655 2296 755 2322 Τούτου
777 2297 866 2323 τοίνυν
880 2297 925 2323 οὖ-

982 2307 990 2323 1
1014 2297 1076 2324 licet
1090 2297 1213 2329 Mariam,
1228 2306 1308 2332 quam
1320 2298 1457 2333 praeelegit
1471 2299 1540 2326 Deus
1562 2292 1591 2326 ut
1607 2298 1695 2327 Verbo
1706 2308 1757 2327 suo

143 2347 153 2363 1
173 2347 228 2370 τως
244 2339 359 2375 ἔχοντος,
373 2339 517 2366 ἀκόλουθόν
534 2341 591 2367 ἐστι
606 2344 715 2368 σκοπεῖν
731 2343 763 2377 τῇ
778 2342 880 2378 διανοίᾳ
894 2343 925 2369 τὸ

980 2352 989 2367 1
1010 2349 1117 2369 carnem
1127 2343 1271 2370 humanam
1282 2343 1398 2370 uniret.)
1410 2343 1477 2370 Tum
1489 2346 1614 2379 deinceps
1622 2345 1753 2380 adjnugit:

144 2392 153 2408 1
174 2385 367 2421 παροιμιωδῶς
398 2386 541 2421 εἰρημένον
573 2387 646 2413 τουτὶ
676 2388 837 2422 κεφάλαιον·
869 2389 925 2415 Κύ-

978 2388 1022 2424 [Β.
1046 2388 1083 2424 Χ]
1101 2399 1110 2414 1
1125 2389 1181 2420 lloe
1199 2397 1264 2416 sane
1281 2397 1342 2416 cum
1371 2390 1406 2416 ita
1435 2397 1464 2417 se
1492 2390 1600 2422 habeat,
1617 2398 1756 2418 consenta-

144 2438 153 2454 1
171 2438 238 2463 ριος
245 2431 389 2466 ἕκτισέμε
397 2432 496 2465 ἀρχὴν
510 2432 588 2458 ὁδῶν
595 2431 698 2466 αὑτοῦ,
708 2434 747 2464 είς
755 2433 822 2469 ἔργα
829 2433 921 2460 αὑτοῦ.

980 2443 988 2459 1
1013 2443 1091 2461 neum
1107 2440 1148 2461 est
1161 2435 1252 2462 animo
1265 2435 1433 2469 perpendere
1446 2435 1548 2462 dictum
1564 2436 1627 2462 illud
1642 2444 1755 2470 prover—

143 2485 153 2500 1
175 2476 287 2502 Ἔκτισε
308 2478 362 2511 γὰρ
382 2477 498 2512 ἀληθῶς,
521 2478 550 2504 τὸ
569 2479 605 2513 μὴ
618 2477 647 2504 ὃν
663 2479 831 2513 πεποιηκὼς,
854 2480 867 2505 6
883 2480 925 2505 δε-

978 2490 986 2505 1
1010 2480 1118 2507 bialiler
1128 2488 1135 2507 :
1147 2480 1274 2507 Dominus
1282 2481 1400 2506 Condidit
1414 2488 1453 2506 me
1467 2481 1571 2507 initium
1581 2481 1682 2508 viarum
1695 2491 1757 2510 wa-

142 2530 152 2547 1
174 2521 277 2556 σπότης
288 2522 365 2557 ἡμῶν
378 2522 443 2554 Θεὸς
453 2524 502 2549 οὐκ
514 2521 595 2550 οὖσαν
607 2523 654 2559 τὴν
670 2525 768 2558 σάρκα,
779 2525 812 2559 ἣν
824 2525 926 2560 ἀνείλη-

979 2535 987 2551 1
1011 2533 1069 2551 rum
1081 2526 1106 2551 in
1113 2534 1191 2559 opera
1203 2526 1295 2552 1aa.ls
1302 2526 1401 2553 etenim
1415 2533 1476 2553 vere
1485 2526 1672 2561 condidit,qu
1686 2529 1755 2562 quod

142 2576 152 2592 1
173 2576 223 2601 φεν
236 2568 250 2594 6
266 2568 361 2601 Λόγος.
382 2578 391 2594 ι
407 2569 461 2595 Καὶ
476 2569 598 2605 ἐπιφέρει
612 2568 688 2601 αὖθις
705 2569 807 2603 λέγων’
826 2581 835 2595 1
855 2571 924 2597 Οὔκ-

979 2580 988 2596 1
1012 2578 1063 2597 ιιοη
1078 2575 1136 2597 erat
1148 2567 1222 2602 fecit,
1233 2571 1360 2597 Dominus
1379 2578 1475 2604 netnpe
1489 2577 1579 2598 uoster
1591 2572 1755 2605 Deus,i|lam

142 2623 151 2638 1
171 2613 219 2640 οὖν
252 2612 324 2639 τοῦτ’
348 2613 437 2647 ἐστιν,
465 2616 482 2642 ό
510 2617 614 2648 Κύριος
637 2616 738 2642 ἐκτισὲ
761 2624 799 2650 με
828 2616 927 2650 ἀρχὴν

979 2625 989 2642 1
1013 2625 1120 2643 carnem
1148 2625 1227 2651 quam
1254 2617 1401 2650 assumpsit
1422 2616 1574 2645 Verbum.»
1603 2617 1686 2644 Iul‘ert
1704 2618 1755 2645 ite-

141 2668 150 2684 1
173 2658 252 2686 ὁδῶν
270 2659 363 2686 αὑτοῦ
383 2661 427 2692 εὶς
447 2660 519 2695 ἔργα
541 2661 645 2687 αὑτοῦ.
669 2660 779 2694 Ἐπάγει
802 2661 842 2693 δὲ,
866 2662 927 2695 Πρὸ

978 2670 1036 2688 rum
1054 2670 1060 2688 :
1080 2671 1089 2686 1
1105 2660 1160 2688 Hoc
1182 2662 1263 2695 igitur
1279 2666 1333 2694 est,
1358 2660 1488 2688 Dominus
1511 2663 1626 2689 condidit
1647 2672 1687 2690 me
1703 2664 1754 2690 ini-

176 2746 207 2775 ἦ(
224 2743 272 2770 Ed.
290 2742 389 2777 Paris.,
407 2751 468 2779 pag.
485 2743 529 2771 45.
570 2743 579 2758 ⁷
597 2743 680 2781 Prov.
714 2751 773 2777 vni,
807 2743 852 2770 22.
889 2744 976 2774 Ribid.
1033 2741 1077 2768 1‘2.
1114 2741 1125 2756 ’
1140 2740 1209 2769 ibid.
1234 2738 1334 2767 20-25.

175 2825 231 2860 (64)
251 2824 331 2852 Κατὰ
352 2825 388 2851 τὰ
406 2826 532 2859 τούτοις.
551 2824 721 2860 Legendum,
741 2824 837 2852 καὶτὰ
859 2824 921 2851 τοὺ-

1009 2823 1066 2859 (65)
1085 2822 1169 2860 Vulgo
1185 2822 1215 2850 οὐ
1226 2822 1318 2860 λγοῦη
1329 2824 1389 2860 dein
1405 2824 1528 2860 διαφέρει
1539 2825 1691 2859 =refertur
1708 2825 1754 2857 ad,

138 2858 196 2893 τοις
211 2861 274 2896 ἑξῆς
287 2859 430 2897 ἀκόλουθα,
453 2866 500 2888 aut
526 2858 614 2889 simile
628 2860 701 2895 quid.
720 2860 754 2888 Μ.
771 2875 806 2881 -
817 2861 872 2888 Καὶ
886 2861 922 2888 τά

972 2858 1080 2897 ρενιὶηὲι
1090 2858 1134 2889 ad,
1154 2858 1191 2897 ll;
1205 2858 1240 2885 cl.
1255 2867 1279 2885 e.
1295 2867 1321 2897 e._
1335 2859 1369 2886 59
1384 2860 1415 2886 Α.
1432 2858 1503 2887 lnl'ra
1522 2861 1600 2896 vulgo
1609 2858 1697 2897 μεμν.
1711 2860 1755 2896 ἐφ’

140 2898 219 2924 codd.
233 2893 261 2923 et
278 2903 339 2923 mox
356 2896 469 2923 σκόπου.
636 2893 645 2895 “

636 2893 645 2895 “
972 2893 1003 2921 οὗ
1018 2899 1045 2923 et
1057 2894 1257 2928 κοινωνήσασαν
1268 2903 1293 2920 τ.
1310 2895 1353 2927 ἀγ.
1368 2903 1411 2921 πν.
