2045 3215
651 141 783 171 EUSEB‘II
803 142 1037 170 CESARIENSIS
1054 141 1132 170 OPP.
1151 142 1238 169 PARS
1257 142 1301 169 IV.
1321 157 1356 164 —-
1374 142 1582 170 DOGMATICA.

1866 141 1918 169 θοι

307 212 316 226 ι
341 202 407 228 tium
421 202 523 228 viarum
539 210 658 230 suarum.
672 203 704 229 Et
715 203 788 229 addit
801 211 810 230 ι
825 203 889 230 Ante
902 204 1010 236 Ia-cttla,
1022 203 1070 238 [un

1138 213 1147 229 ι
1168 203 1221 230 τοῦ
1240 204 1347 237 αἰῶνος
1367 205 1547 238 ἐθεμελίωσέ
1568 213 1617 238 με,
1641 203 1766 239 θεμέλιον
1792 204 1842 238 μὲν
1856 202 1918 228 τοῦ·

306 258 315 273 ι
338 248 408 274 dari!
418 255 474 280 me;
489 248 691 275 fundamentum
704 249 856 283 intelligens
868 256 978 276 carnem
992 256 1081 280 suam,

306 303 315 318 1
337 300 418 329 quam
446 294 592 321 secundum
616 295 843 327 dispensationem
861 295 1058 329 pratoruinarat
1072 305 1081 323 :

306 347 315 364 ι
337 339 505 373 quodipsnm
514 344 539 366 el
552 340 696 372 Apostolus
706 339 764 366 ait:
777 339 826 375 [ef.
849 347 876 374 p.
893 339 973 367 1511)
989 340 1080 376 1550]

306 393 315 408 ι
337 383 551 411 Fundamentum
567 384 641 411 aliud
666 385 755 412 nulla:
766 394 864 419 ponere
875 391 972 420 potesl,
987 392 1081 420 pra'ler

305 441 313 455 ι
337 430 404 457 illud
414 431 483 465 quod
491 431 603 463 positum
620 432 744 465 est,qu0d
753 436 790 458 est
804 431 882 459 lerat
893 432 1014 459 Cltrimn
1028 433 1077 458 η.»

302 476 396 504 Seculi
417 477 494 503 ttnius
511 484 593 511 porro
614 477 736 504 meminit
761 477 787 504 in
802 485 856 511 quo
876 478 1079 505 fundamentum

302 521 364 549 illud
381 522 461 549 debet
475 523 538 557 poni
551 524 622 557 quod
637 527 679 550 est
689 524 722 549 de
734 523 854 551 Christo.
873 524 1002 551 Eamdem
1021 533 1080 552 rur-

300 575 345 594 sus
368 568 510 595 confirmat
530 569 685 603 opinionem
705 570 831 604 inquiens
846 579 852 596 :
868 570 914 606 [Β.
931 570 1001 597 XVII
1015 571 1078 598 coll.

299 622 324 647 ιι.
342 613 393 640 155
406 614 427 641 Α
441 613 451 649 ]
467 624 475 639 ι
489 614 545 641 Non
565 615 700 642 immerito
724 616 853 650 propheta
883 616 925 643 ltic
949 617 1056 644 dicebat
1071 625 1077 643 :

301 668 310 683 ι
334 658 400 684 Ante
414 658 540 685 saeculum
565 659 685 693 fundavit
713 668 770 686 me:
783 667 879 694 nempe
901 661 965 688 illud
980 661 1080 688 intelli-

300 713 309 729 ι
334 712 399 739 gens
411 704 618 732 fundamentum
637 712 692 731 stlte
706 706 808 737 carnis,
825 706 952 733 nimirutn
970 711 1079 741 propter

299 758 308 774 ι
331 750 549 777 communionem
572 757 653 784 quam
677 750 793 778 habebat
807 751 924 778 Verbum
944 759 1004 778 cum
1032 752 1078 779 illo

300 804 309 820 I
333 802 396 822 vero
411 795 490 822 Filio.
509 804 519 821 ι
537 795 668 829 Deinceps
687 795 809 830 adiungit
837 796 882 831 fit.
909 796 989 824 XVIII
1012 797 1076 824 coll.

296 849 324 874 p.
342 841 394 868 155
407 841 440 868 Α.
458 841 509 869 157
526 841 568 877 ο]
583 849 590 867 :
608 841 656 868 tln
682 842 825 876 principio,
851 843 1007 877 priusquam
1022 848 1079 871 ter-

299 896 309 912 ‹
333 895 390 914 ram
409 887 580 922 produceret.
597 887 747 920 Quamnam
773 895 838 914 vero
859 889 980 915 terram?
1000 888 1075 916 Illam

300 942 309 957 ι
334 940 440 966 nempe,
468 937 497 959 ut
519 938 604 967 patet,
632 941 693 968 qua:
719 938 759 960 est
792 939 884 960 nostra
912 942 976 961 caro
993 943 1000 961 τ
1016 942 1076 969 quae

298 988 307 1002 ι
331 982 391 1012 post
405 978 579 1004 commissum
606 983 744 1013 peccatum
760 979 785 1005 itt
801 983 900 1006 terram
931 980 1009 1007 rediit
1029 981 1076 1007 de-

296 1033 307 1049 ι
332 1031 394 1050 nuo.
413 1023 494 1050 Terra
510 1032 538 1050 ει
556 1024 642 1055 enim,
657 1025 754 1058 inquit.
770 1030 795 1051 et
806 1025 832 1051 in
853 1030 950 1052 terram
967 1030 1076 1053 reverte-

297 1079 306 1093 ι
331 1069 369 1096 rit
384 1069 416 1096 ¹¹.
432 1069 483 1096 Par
508 1069 558 1096 fuit
580 1071 663 1101 enim.
679 1075 709 1096 ut
725 1070 787 1097 huic
802 1071 952 1098 remedium
970 1079 1077 1098 accom-

297 1123 306 1139 ‹
331 1115 484 1141 modaretnr
507 1115 625 1148 quodam
643 1120 736 1149 pacto,
752 1122 800 1149 per
819 1116 984 1142 sanctissimi
1002 1115 1074 1143 illius

296 1168 306 1185 ι
330 1159 409 1186 Verbi
438 1160 723 1187 communicationem.
743 1170 752 1186 ι
772 1160 869 1188 Videte
893 1167 982 1188 autem
1001 1166 1030 1188 ut
1047 1161 1073 1188 in

294 1205 355 1232 istis
382 1212 474 1232 secum
501 1205 616 1239 ipsemet
646 1205 787 1233 Marcellus
806 1212 915 1241 pugnet.
935 1206 1000 1234 Nam
1027 1207 1072 1242 qui

293 1250 357 1277 alibi
375 1251 482 1278 dixerat
497 1260 504 1277 :
517 1260 525 1276 ι
543 1250 708 1284 Principium
734 1252 837 1278 viarum
872 1252 976 1279 Domini
1009 1260 1074 1279 cou-

296 1305 306 1321 ι
328 1296 411 1323 ditant
430 1303 490 1323 esse
506 1304 628 1329 carnem,
641 1307 650 1322 ι
668 1303 696 1324 et
712 1298 758 1332 qni
775 1298 894 1324 secundo
915 1298 984 1329 loco.
999 1306 1074 1325 eatu-

291 1343 352 1369 dem
381 1343 470 1377 posuit
491 1342 704 1375 fundamentum,
732 1343 894 1377 subiungit:
914 1342 1072 1378 Priusquam

292 1393 363 1414 terra
383 1389 547 1419 conderetur.
567 1389 611 1415 ttbi
641 1389 730 1416 denuo
755 1396 802 1423 per
825 1393 923 1415 terram
949 1389 1073 1423 intelligit

292 1440 402 1460 carnem
419 1441 526 1465 :neque
549 1434 625 1466 vidit,
656 1435 754 1462 dictam
785 1435 1027 1470 inconsequenter,
1041 1440 1069 1468 »Β

291 1484 355 1506 ante
373 1487 483 1507 carnem
507 1481 644 1508 conditam
665 1488 724 1508 esse
743 1488 852 1508 carnem
869 1491 876 1508 :
892 1488 918 1508 et
933 1487 995 1516 post
1013 1490 1072 1509 car-

1135 258 1144 273 ι
1163 258 1209 276 τον
1222 250 1362 284 ὀνομάζων
1371 250 1420 285 τὴν
1436 250 1506 276 κατά
1516 250 1604 284 σάρκα
1613 249 1697 276 αὑτοῦ
1711 248 1917 284 πρωρισθεῖσαν

1134 301 1143 318 ι
1162 294 1316 328 οἰκονομίαν
1335 302 1342 310 ·
1363 294 1400 325 ὡς
1422 294 1468 320 καὶ
1482 294 1496 319 ὁ
1518 293 1668 325 Απόστολος
1682 293 1767 328 λέγει,
1782 293 1917 328 θεμέλιον

1134 348 1143 363 ι
1162 338 1217 373 γὰρ
1228 339 1325 366 ἄλλον
1335 339 1434 372 οὐδεὶς
1447 339 1569 366 δύναται
1583 337 1685 371 θεῖναὶ,
1701 338 1781 373 παρὰ
1791 338 1846 365 τὸν
1856 338 1917 365 κεί-

1133 394 1142 410 ι
1160 393 1264 419 μενον,
1287 385 1321 417 ὃς
1343 386 1429 412 ἐστιν
1457 386 1576 419 Ἰησοῦς
1595 385 1732 419 Χριστός.
1757 393 1767 410 ι
1798 384 1873 415 Ἐνὺς
1889 384 1916 410 δὲ

1130 431 1226 461 αἰῶνος
1246 430 1363 457 ἐνταῦθα
1380 431 1525 466 μέμνηται,
1541 432 1587 465 ἀφ’
1601 428 1631 457 οὗ
1654 430 1689 457 τὰ
1702 430 1772 457 κατὰ
1784 430 1831 458 τὸν
1850 430 1916 465 Χρι-

1131 475 1191 501 στὸν
1211 475 1422 511 τεθεμελιῶσθαι
1445 477 1506 511 ἔφη.
1528 477 1582 503 Καὶ
1599 476 1680 503 πάλιν
1699 476 1748 511 τὴν
1764 475 1849 512 αὐτὴν
1872 475 1915 510 βε-

1130 520 1202 547 ϐαιοῖ
1218 521 1289 553 λέξιν
1314 521 1441 556 φάσκων·
1466 531 1475 548 ι
1500 522 1618 553 Εἰκότως
1641 523 1655 548 ό
1676 522 1818 556 προφήτης
1845 520 1914 556 ἔφη,

1132 576 1140 591 ι
1161 566 1221 600 Πρὸ
1245 567 1297 594 τοῦ
1316 567 1423 600 αἰῶνος
1446 567 1623 602 ἐθεμωῑίωσέ
1644 575 1702 602 με·
1716 567 1805 602 δῆλον,
1829 567 1871 593 ὅτι
1885 566 1915 593 τὸ

1132 622 1140 637 ι
1162 612 1232 639 κατὰ
1252 613 1340 647 σάρκα
1360 613 1404 639 διὰ
1417 612 1467 648 τὴν
1486 613 1553 647 πρὸς
1567 612 1613 639 τὸν
1631 612 1738 648 ἀληθῶς
1753 612 1816 639 Υἰδν
1831 612 1913 640 αὑτοῦ

1131 667 1140 682 ι
1159 658 1245 692 Λόγον
1260 659 1411 685 κοινωνίαν.
1435 668 1444 684 ι
1470 659 1524 685 Καὶ
1534 658 1653 692 ἐπιλέγει
1671 658 1748 693 ἑξῆς·
1765 668 1775 683 ι
1799 656 1865 686 Εἶτα
1885 659 1914 684 ὲν

1131 713 1140 728 ι
1159 704 1241 739 ἀρχῇ,
1261 704 1337 739 φησὶ,
1351 703 1405 739 πρὸ
1418 703 1465 730 τοῦ
1479 703 1528 739 τὴν
1542 704 1593 739 γῆν
1608 705 1729 739 ποιῆσαι.
1743 704 1797 739 Γῆν
1816 705 1912 736 mimi;

1131 759 1139 774 t
1158 748 1266 784 Ταύτην
1289 749 1409 784 δηλονότι
1433 750 1482 785 τὴν
1499 750 1635 785 ἡμετέραν
1662 750 1761 786 σάρκα,
1777 750 1826 786 τὴν
1844 750 1914 785 μετά

1131 804 1139 819 ι
1157 794 1205 829 τὴν
1228 794 1369 830 παρακοὴν
1394 796 1445 830 γῆν
1464 793 1541 827 αὖθις
1554 795 1711 830 γενομένην.
1733 795 1777 829 Γῆ
1797 795 1853 830 γὰρ
1875 795 1912 825 εἴ,

1130 849 1139 865 α
1158 841 1238 876 φησὶ,
1253 841 1301 867 καὶ
1320 843 1363 874 εὶς
1385 841 1443 876 γῆν
1463 842 1628 876 ἁπελεύσῃ.
1648 841 1721 868 Ἔδει
1739 841 1793 878 γὰρ
1810 841 1912 876 ταύτην

1130 895 1139 911 ι
1158 886 1254 918 ἰάσεως
1268 888 1368 921 τυχεῖν,
1384 886 1443 913 τινὰ
1456 887 1555 920 τρόπον
1574 888 1775 923 κοινωνήσασαν
1791 886 1831 922 τῷ

1129 941 1139 957 ι
1160 932 1248 967 Λόγῳ.
1269 941 1278 959 ι
1295 932 1350 959 Θέα
1360 932 1388 959 δὲ
1401 933 1459 965 πῶς
1469 933 1498 959 ὲν
1509 932 1614 965 τούτοις
1627 934 1641 960 ὁ
1653 932 1810 970 Μάρκελλος
1823 933 1912 968 ἐαυτῷ

1126 977 1293 1012 περιπίπτει.
1308 979 1399 1013 Φήσας
1413 978 1478 1012 γοῦν
1495 980 1523 1005 ὲν
1539 979 1623 1014 ἑτέρῳ
1643 988 1652 1004 ι
1671 976 1742 1005 εἶναι
1757 978 1808 1014 τὴν
1823 978 1911 1014 ἀρχὴν

1129 1033 1138 1049 ι
1157 1023 1224 1050 ὁδῶν
1244 1022 1291 1049 τοῦ
1316 1024 1418 1059 Κυρίου
1447 1024 1682 1056 κατακτηθεῖσαν,
1709 1033 1718 1050 ι
1751 1024 1798 1050 καὶ
1830 1023 1911 1058 πάλιν

1125 1069 1266 1103 θεμέλιον
1283 1070 1333 1104 τὴν
1353 1070 1437 1105 αὐτὴν
1454 1068 1522 1097 εἶναι
1537 1069 1632 1102 εἰπὼν,
1653 1070 1752 1104 ἐπάγει
1771 1070 1813 1102 τὸ,
1830 1079 1840 1096 ι
1854 1070 1911 1106 Πρὸ

1127 1124 1136 1140 ι
1157 1115 1204 1141 τοῦ
1225 1115 1273 1151 τὴν
1292 1115 1343 1149 γῆν
1368 1117 1487 1149 ποιῆσαι.
1516 1124 1524 1141 ι
1546 1112 1602 1142 Εἶθ’
1624 1115 1769 1150 ἑρμηνεύει
1788 1115 1839 1151 τὴν
1857 1115 1910 1150 γῆν

1125 1160 1205 1187 πάλιν
1217 1160 1266 1196 τὴν
1289 1161 1378 1196 σάρκα
1397 1159 1477 1193 εἶναι,
1500 1162 1550 1197 οὐχ
1569 1162 1639 1197 ὁρῶν
1652 1162 1690 1193 ὡς
1711 1161 1838 1197 οὐδεμίαν
1853 1162 1909 1197 ἔχει

1124 1206 1293 1238 ἀκολουθίαν,
1309 1206 1362 1242 πρὸ
1374 1207 1424 1241 τῆς
1443 1207 1543 1242 σαρκὸς
1558 1208 1606 1242 τὴν
1625 1208 1715 1243 σάρκα
1733 1207 1854 1234 ἐκτίσθαι
1867 1207 1909 1234 λέ-

1124 1260 1193 1286 γειν,
1215 1252 1262 1278 καὶ
1283 1252 1351 1287 μετά
1371 1252 1420 1287 τὴν
1443 1252 1531 1279 κτίσιν
1555 1253 1604 1288 τῆς
1626 1252 1741 1288 σαρκὸς,
1757 1252 1838 1280 πάλιν
1860 1253 1908 1288 τὴν

1125 1298 1212 1332 σάρκα
1226 1298 1379 1333 ὀνομάζειν.
1399 1298 1427 1324 Ὁ
1443 1298 1470 1324 δὲ
1484 1297 1538 1333 (66)
1556 1298 1594 1325 ἔτι
1610 1298 1675 1334 πρὸς
1691 1297 1794 1330 τούτοις
1811 1298 1908 1333 irrupi—

1125 1351 1166 1377 ρει
1181 1343 1243 1378 ἑξῆς
1257 1343 1353 1377 λέγων,
1367 1340 1436 1374 εἶτα,
1453 1352 1462 1368 ι
1485 1343 1541 1379 Πρὸ
1557 1343 1603 1369 τοῦ
1626 1343 1674 1375 τὰς
1694 1343 1828 1376 ἀϐύσσους
1847 1353 1907 1371 n01.-

1122 1388 1196 1422 ἧσαι,
1216 1396 1225 1412 ι
1245 1387 1436 1422 παροιμιωδῶς
1464 1388 1478 1413 δ
1501 1388 1642 1423 προφήτης
1663 1387 1712 1419 τὰς
1740 1388 1794 1414 τιῖιν
1822 1388 1907 1423 ἁγίων

1122 1432 1234 1468 καρδίας
1249 1431 1318 1459 εἶναι
1330 1433 1412 1467 λέγει,
1430 1433 1479 1464 τὰς
1491 1434 1519 1460 ὲν
1534 1433 1571 1468 τῷ
1583 1433 1686 1460 ἑαυτῶν
1704 1433 1780 1468 βάθει
1794 1433 1844 1469 τὴν
1860 1434 1906 1460 τοῦ

1122 1478 1277 1514 Πνεύματος
1295 1479 1409 1514 ἐχούσας
1421 1479 1535 1515 δωρεάν.
1548 1479 1602 1506 Καὶ
1623 1480 1651 1506 ἐν
1672 1478 1775 1511 τούτοις
1794 1479 1822 1506 δὲ
1838 1480 1907 1514 πρό-

291 1533 352 1552 netu
364 1525 510 1557 conditam,
526 1525 623 1553 iterum
647 1525 674 1553 in
697 1527 787 1554 carnis
802 1528 910 1554 nomine
934 1529 1069 1556 insistere.

1123 1533 1196 1559 σχες,
1213 1525 1286 1557 ὅπως
1299 1526 1338 1556 εἰς
1353 1525 1402 1560 τὴν
1416 1524 1504 1560 σάρκα
1519 1523 1641 1551 ὲκλαὸὼν
1658 1524 1782 1560 εἰρῆσθαι
1791 1524 1834 1556 τὸ,
1847 1525 1906 1552 Kli-

290 1571 336 1598 lllc
351 1576 440 1598 tatnen
463 1571 513 1598 ista
536 1571 721 1605 superioribus
747 1572 779 1599 ad
802 1572 872 1599 hunc
886 1573 992 1600 modum
1005 1574 1070 1601 sub-

290 1616 375 1643 nectit
391 1622 398 1642 :
414 1616 458 1650 μι.
484 1615 544 1642 XIX
568 1616 631 1642 coll.
655 1624 683 1651 p.
711 1616 761 1643 158
776 1615 818 1652 Β]
838 1617 926 1644 «Ante
944 1617 1070 1646 formatas

292 1669 302 1686 ι
326 1663 447 1696 abyssos.
468 1670 477 1686 ι
508 1661 621 1695 Abyuo:
661 1662 888 1695 provarbialiter,
915 1668 1069 1690 sanctorum

289 1707 370 1734 corda
397 1711 535 1742 nuncupat
552 1708 693 1742 propheta,
716 1708 741 1734 in
756 1715 876 1742 quorum
892 1716 988 1743 nempe
1005 1716 1068 1743 pro-

290 1753 468 1781 funditatibus
483 1754 553 1780 dona
568 1753 687 1788 Spiritus
703 1754 933 1781 recondebantur.
954 1755 1069 1789 Ilicjatn

288 1799 316 1826 in
340 1799 399 1826 istis
427 1800 551 1827 attendas
576 1804 676 1831 autem,
704 1801 839 1834 quomodo
857 1801 950 1835 is,qui
968 1801 1067 1828 dictum

288 1844 354 1872 illud
371 1844 518 1872 :Dontinus
540 1846 656 1872 condidit
678 1854 718 1872 me
729 1847 762 1878 ¹¹,
780 1846 814 1872 de
828 1854 912 1874 carne
927 1847 1068 1875 intellexe-

288 1896 341 1923 rat,
362 1899 376 1917 ιι
397 1891 536 1926 Scriptura
557 1892 686 1926 deinceps
700 1893 725 1918 in
746 1899 888 1927 angustum
902 1899 1067 1929 compactos,

288 1944 348 1971 qua:
367 1937 442 1968 dicit,
463 1943 602 1967 antequam
625 1937 804 1971 formarentur
824 1940 961 1973 abyssi";
983 1940 1068 1967 inter-

287 1987 410 2017 pretatur
433 1982 556 2017 abyssos,
576 1988 730 2010 sanctorum
752 1985 833 2011 corda
852 1992 859 2010 :
875 1992 924 2012 nec
950 1986 1068 2013 advenit

287 2029 358 2061 quod
383 2029 464 2054 corda
496 2033 663 2064 sanctorum,
691 2034 754 2062 puta
781 2030 939 2063 Abrahami,
972 2031 1065 2064 Isaaci,

287 2072 390 2104 Jacobi,
404 2072 513 2107 Moysis.
531 2072 622 2105 Heliae.
643 2074 843 2107 Melchisedeci.
859 2082 885 2103 ct
902 2076 1065 2111 reliquorum

287 2119 497 2153 prophetarum.
518 2124 581 2146 ante
603 2119 758 2148 Servatoris
781 2122 996 2150 incarnationem
1010 2123 1066 2150 fue-

287 2168 356 2190 rant.
370 2163 418 2196 Qui
432 2168 520 2197 potest
539 2171 603 2197 ergo
627 2164 690 2191 illud
708 2165 742 2192 ad
755 2173 863 2193 carnem
878 2166 971 2194 referri
990 2175 997 2194 :
1011 2168 1065 2194 An-

1116 1579 1182 1604 ριος
1204 1570 1305 1598 ἐκτισέ
1326 1579 1373 1605 με,
1397 1570 1491 1597 ἔπειτα
1514 1569 1762 1606 στενοχωρούμενος
1787 1571 1841 1597 ὑπὸ
1856 1571 1906 1605 τῆς

1120 1616 1230 1652 Γραφῆς
1243 1616 1384 1652 λεγούσης,
1400 1616 1457 1650 Πρὸ
1473 1616 1525 1643 τοῦ
1537 1615 1591 1648 τὰς
1604 1616 1758 1649 ἀϐύσσους
1769 1615 1905 1650 ποιῆσαι,

1119 1663 1168 1694 τὰς
1183 1663 1232 1698 μὲν
1247 1662 1380 1694 ἀϐύσσους
1390 1661 1545 1697 ὲρμηνεύει,
1557 1661 1606 1693 τὰς
1619 1661 1672 1688 τῶν
1685 1662 1769 1695 ἁγίων
1780 1662 1903 1697 καρδίας.

1120 1707 1205 1741 λέγων
1221 1707 1305 1740 αὑτὰς
1325 1706 1405 1738 εἶναι,
1422 1708 1451 1733 οὐ
1474 1709 1573 1743 συνορᾷ
1596 1708 1635 1740 δὲ,
1650 1708 1691 1734 ὅτι
1708 1707 1803 1734 αἰτῶν
1819 1707 1904 1742 ἁγίων

1119 1753 1236 1788 καρδίαι,
1252 1752 1299 1779 τοῦ
1321 1752 1444 1788 Ἀϐραὰμ
1458 1753 1557 1788 δηλαδὴ
1571 1752 1674 1780 καὶτοῦ
1696 1753 1787 1780 Ἰσαὰκ
1798 1754 1845 1780 καὶ
1857 1754 1904 1782 τοῦ

1125 1798 1231 1830 Ἰακὼϐ,
1246 1799 1382 1829 Μωῦσέως
1396 1807 1426 1824 τε
1443 1799 1490 1825 καὶ
1508 1798 1598 1825 Ἡλίου
1614 1799 1658 1826 καὶ
1677 1799 1842 1834 Μελχισεδὲκ
1857 1800 1905 1826 καὶ

1118 1844 1171 1870 τῶν
1183 1844 1283 1870 λοιπῶν
1300 1843 1456 1879 προφητῶν,
1469 1843 1521 1879 πρὸ
1536 1844 1586 1879 τῆς
1597 1844 1697 1879 σαρκὸς
1711 1845 1839 1879 γεγόνασι
1854 1845 1903 1872 τοῦ

1117 1891 1252 1925 Σωτῆρος.
1267 1890 1329 1921 Πῶς
1345 1888 1391 1916 οὖν
1406 1890 1516 1916 δυνατὸν
1531 1891 1576 1915 ἐπὶ
1592 1889 1640 1925 τὴν
1655 1890 1743 1925 σάρκα
1757 1890 1903 1927 ἀναφέρειν

1117 1935 1176 1970 Πρὸ
1192 1936 1244 1962 τοῦ
1259 1936 1312 1967 τὰς
1333 1936 1487 1967 ἀϐύσσους
1510 1934 1651 1968 ποιῆσαι;
1675 1936 1730 1962 Καὶ
1745 1935 1802 1971 μεθ’
1820 1936 1903 1972 ἔτερα

1116 1981 1144 2007 δὲ
1157 1979 1234 2013 αὖθις
1255 1981 1353 2015 ἐπάγει
1371 1981 1473 2015 λέγων·
1501 1990 1510 2006 ι
1534 1981 1567 2007 Τί
1586 1981 1674 2007 τοίνυν
1692 1981 1750 2008 ἐστὶ
1771 1982 1802 2008 τὸ
1816 1983 1903 2017 κεφά-

1119 2036 1128 2053 ι
1148 2027 1231 2059 λαιον,
1247 2027 1305 2061 Πρὸ
1324 2027 1377 2054 τοῦ
1396 2026 1551 2061 προελθεῖν
1564 2027 1617 2059 τὰς
1635 2026 1750 2061 ain-dc;
1766 2027 1852 2055 Τοῦτο
1867 2029 1901 2063 δὴ

1118 2083 1127 2099 ι
1146 2075 1212 2109 ἡμῖν
1239 2073 1269 2099 τὸ
1298 2073 1445 2108 μυστήριον
1473 2072 1636 2107 παρίστησιν
1664 2073 1681 2107 ἡ
1708 2073 1758 2108 τῆς
1794 2073 1900 2106 Ἐξόδου

1118 2129 1127 2145 ι
1148 2119 1250 2154 γραφὴ,
1265 2119 1329 2149 τοὺς
1340 2118 1392 2144 τῶν
1405 2117 1561 2144 ἀποστόλων
1577 2117 1677 2149 τύπους
1689 2118 1773 2145 πάλαι
1783 2127 1901 2155 προαγο-

1118 2175 1127 2191 t
1149 2164 1271 2201 ρεύουσα·
1287 2163 1390 2190 δώδεκα
1407 2164 1460 2198 γὰρ
1475 2163 1559 2190 ὄντων
1573 2163 1618 2189 τὸν
1633 2163 1745 2199 ἀριθμὸν
1764 2164 1818 2192 τῶν
1832 2165 1901 2192 ἀπο-

287 2215 389 2244 tequam
417 2209 505 2244 abyssi
530 2209 729 2244 formarentur?
754 2211 822 2238 Post
850 2212 976 2246 deinceps
1000 2213 1061 2245 alia,

1123 2221 1128 2238 ι
1149 2198 1248 2238 στόλων
1261 2210 1363 2237 δώδεκα
1378 2209 1473 2244 πηγῶν
1489 2209 1634 2245 μέμνηται.
1653 2198 1708 2246 (67)
1726 2220 1735 2236 ι
1752 2211 1809 2238 Καὶ
1821 2209 1899 2244 αὖθις

286 2256 384 2283 iterum
398 2255 530 2282 subint‘ert
556 2255 679 2290 inquiens
692 2256 737 2292 [Β.
754 2256 803 2284 XX
821 2257 883 2284 coll.
897 2265 923 2292 p.
940 2258 988 2286 159
1004 2259 1035 2295 Β]
1054 2269 1060 2286 :

289 2310 297 2326 ι
313 2301 380 2334 Quid
398 2301 462 2328 illud
479 2307 567 2329 autem
589 2303 740 2330 metttbrtun
758 2303 809 2330 sibi
826 2303 902 2330 vult:
917 2304 1061 2340 Antequam

287 2357 297 2374 ι
321 2348 403 2382 [attica
426 2348 632 2381 producerentur
643 2348 819 2383 “iEquidetn
837 2349 888 2377 hoc
905 2351 1059 2385 mysterium

285 2402 297 2420 ς
323 2398 432 2420 enarrat
457 2393 534 2420 nobis
559 2392 697 2428 Scriptura
718 2393 900 2422 Exodimlein
921 2403 975 2430 qua
997 2396 1060 2423 olim

320 2492 610 2536 g_Ed.lParis.A._pag.
629 2492 673 2520 46.
711 2494 734 2510 ⁶⁰
751 2494 758 2521 |
776 2494 840 2536 Cor.
856 2501 898 2526 ιιι,
918 2495 960 2522 Il.
998 2495 1018 2511 "
1031 2495 1100 2522 Gen.
1119 2503 1160 2527 ιιι,
1176 2496 1219 2523 19.
1258 2497 1279 2512 ¹²
1295 2496 1375 2523 Prov.
1393 2495 1508 2527 vntﬂi.

282 2530 344 2558 ".'°
353 2529 440 2558 Exod.
452 2538 498 2567 xv,
512 2532 557 2562 27.

319 2630 374 2666 (66)
384 2630 476 2668 _Vulgo
492 2631 535 2668 εἶδε
544 2636 571 2668 et
587 2632 617 2658 οὐ
634 2632 752 2668 συνορῶν
772 2632 795 2658 δ’
808 2632 849 2658 ὅτι
868 2631 957 2659 αὐτῶν
969 2640 996 2658 τ.
1013 2631 1058 2666 ἀγ.

280 2666 310 2693 αι
327 2666 404 2701 καρδ.
412 2700 415 2701 ν
422 2671 447 2692 et
459 2666 535 2693 τοῦτο
550 2666 588 2693 δέ.

317 2700 372 2736 (6'!)
380 2700 555 2728 Δώδεκατιῖνν
563 2700 825 2737 πηγῶνμέμνηται.
835 2700 921 2737 Sensit
932 2702 1059 2737 secundo,

280 2740 308 2763 et
323 2735 434 2771 mystico
451 2737 500 2763 hoc
517 2735 616 2763 verum
627 2735 686 2763 esse
701 2735 800 2771 potest,
815 2741 844 2763 ut
864 2743 901 2763 λιι
916 2736 952 2771 illi
974 2735 1059 2763 fontes

282 2771 309 2797 in
328 2770 406 2804 Elim,
423 2772 492 2798 unde
510 2771 636 2798 Israelita:
655 2772 681 2798 in
702 2770 812 2798 deserto
831 2770 1058 2802 refocillabautur,

282 2811 320 2832 ut
334 2805 468 2840 apostolos
481 2806 712 2840 praetignraverint
727 2813 735 2831 :
754 2806 780 2833 id
792 2806 864 2833 enim
878 2805 952 2831 multi
968 2804 1059 2832 volunt

280 2840 318 2869 Ita
328 2847 397 2867 esse.
412 2839 563 2873 Quomodo;
576 2846 603 2869 et
617 2846 732 2873 montes,
749 2840 840 2875 colles,
853 2846 945 2876 petrae,
959 2840 1054 2873 nubes,

1116 2257 1212 2291 ἐπάγει
1228 2256 1258 2282 τὸ
1273 2256 1348 2287 αὐτὸ,
1363 2256 1476 2291 γράφων
1491 2255 1577 2287 οὕτως
1587 2264 1593 2271 ·
1611 2265 1621 2281 ι
1639 2256 1757 2288 Εἰκότως
1771 2254 1818 2284 οὖν
1833 2257 1898 2293 περὶ

1118 2312 1128 2329 ι
1148 2303 1197 2338 τῆς
1211 2302 1280 2329 κατά
1292 2302 1379 2338 σάρκα
1393 2302 1524 2335 γενέσεως
1537 2303 1551 2328 ὁ
1563 2301 1694 2337 δεσπότης
1707 2302 1751 2328 διὰ
1767 2302 1814 2329 τοῦ
1832 2311 1899 2338 προ-

1115 2359 1123 2374 ι
1145 2350 1229 2384 φήτου
1250 2348 1403 2383 Σολομῶνος
1417 2347 1551 2382 λέγοντος,
1578 2347 1632 2382 (68)
1650 2347 1708 2381 Πρὸ
1721 2347 1774 2375 τοῦ
1789 2351 1897 2391 προσνι-

1112 2395 1175 2422 θεῖν
1194 2395 1248 2426 τὰς
1261 2393 1358 2428 πηγὰς
1372 2393 1431 2420 τῶν
1443 2392 1569 2426 ὑδάτων,
1584 2393 1646 2429 ἔφη.
1667 2403 1677 2419 ›
1703 2394 1764 2420 Ἐπὶ
1776 2394 1812 2421 τὰ
1833 2395 1897 2427 ὲξῖις

1557 2496 1581 2516 ³⁸
1594 2496 1661 2524 Ibid.
1678 2496 1722 2524 25.
1790 2498 1813 2515 ’⁸
1827 2498 1895 2527 Ibid.

1109 2631 1356 2668 Iapidesrdicuntur.
1367 2631 1419 2658 Sed
1435 2631 1587 2668 Marcellum
1602 2633 1640 2659 ait
1653 2632 1794 2664 Eusebius.
1809 2641 1892 2668 quam

1109 2672 1183 2727 Irecte
1199 2666 1304 2727 vidﬁrit.
1329 2673 1409 2693 sensu
1426 2667 1523 2699 primo,
1543 2672 1570 2694 et
1591 2667 1661 2693 κατὰ
1674 2668 1791 2703 γράμμα
1809 2666 1892 2696 intel-

1118 2708 1214 2727 θυεερ.
1262 2720 1269 2727 .

1108 2702 1214 2728 lexisse.
1234 2702 1269 2727 Μ.

1143 2736 1200 2770 (68)
1215 2735 1388 2770 Σολομῶνος
1400 2736 1554 2770 λέγοντος.
1571 2735 1723 2770 Legendnm
1745 2736 1829 2771 λέγει,
1845 2737 1888 2764 vel

1107 2771 1230 2805 λέγοντος
1241 2770 1343 2806 εἴρηκε.
1358 2771 1392 2798 Μ.
1401 2786 1435 2791 -
1443 2772 1508 2798 Dein
1524 2771 1600 2805 vulgo
1611 2771 1641 2797 τὸ
1655 2771 1756 2798 λεῖπον.
1773 2770 1854 2798 Porro
1863 2771 1887 2798 Β

1107 2806 1244 2841 διαδόχους
1264 2806 1386 2836 αίνίττει,
1407 2806 1478 2840 quod
1499 2806 1594 2833 falsum
1622 2811 1668 2841 est
1681 2814 1706 2841 ιι.
1726 2806 1759 2833 70
1778 2806 1798 2834 D
1818 2807 1886 2841 lim;

1110 2842 1178 2869 infra
1197 2841 1274 2876 vulgo
1288 2840 1304 2875 ἢ
1322 2841 1383 2867 καθ’
1398 2841 1445 2876 ὀμ.
1462 2846 1488 2869 et
1502 2841 1541 2873 ὡς
1553 2840 1600 2868 καὶ
1613 2840 1748 2872 πολλάκις.
