2045 3215
124 173 180 200 805

687 173 828 202 CONTRA
849 173 1064 204 MARCELLI)“
1084 172 1148 200 LIB.
1171 172 1204 201 II.

1696 175 1749 203 806

124 232 208 266 ἕτερά
230 238 293 256 τινα
310 229 431 262 διελθὼν,
450 230 572 265 επιιρέρει
590 239 596 245 -
615 240 624 256 1
640 231 742 258 οὐκοῦν
769 232 911 266 ἐπειδήπερ

969 240 977 255 1
1001 230 1181 265 apostolorum
1194 230 1249 264 typi
1262 230 1523 264 prmnunliabantur.
1538 230 1660 258 Meminit
1674 233 1748 259 enim

129 287 138 302 1
158 275 224 311 περί
245 275 301 302 τῶν
320 275 494 310 προαγόντων
510 276 673 311 εἰρήκαμεν,
696 276 840 303 ἀκόλουθόν
856 277 914 303 ἐστι

128 331 138 347 1
157 321 205 347 καὶ
218 319 248 346 τὸ
259 319 349 346 λεῖπον
362 319 565 355 ἀναπληρῶσαι.
574 320 669 347 Λειπει
680 320 707 346 δὲ
718 320 758 352 τὸ,
773 329 782 346 1
794 321 868 347 κατὰ
879 321 914 347 τὰ

129 377 137 392 1
158 367 214 400 ὄρη
224 365 272 393 καὶ
290 365 360 398 τοὺς
371 366 513 397 βουνούς.
541 366 597 401 Πρὸ
610 367 664 402 γὰρ
675 366 722 393 τοῦ
733 366 767 392 τὰ
781 367 831 402 ὅρη
840 367 914 402 έδρα-

128 423 137 437 1
157 411 264 447 σθῆναι,
291 411 367 448 φησι,
386 411 439 446 πρὸ
457 411 486 438 δὲ
505 411 614 438 πάντων
635 412 689 439 τῶν
709 412 820 447 βουνῶν.
832 413 913 447 γεννᾷ

128 468 138 483 1
161 465 205 492 με.
221 457 291 492 Ὀρη
309 458 355 483 καὶ
370 457 478 492 βουνοὺς
490 458 552 488 τοὺς
562 457 723 489 ἀποστόλους
733 458 848 489 καὶτοὺς
859 458 913 484 τῶν

130 511 139 527 1
159 501 317 527 ἀποστόλων
330 501 468 537 διαδόχους
490 500 557 528 εἶναι
567 522 574 534 ,
587 502 630 529 ἶνα
645 503 720 538 παρὰ
740 503 803 534 τοὺς
817 503 912 535 ἄλλους

130 555 139 572 1
159 546 320 582 ἀνθρώπους
332 546 381 581 τὴν
404 547 463 574 κατ’
473 547 565 573 ἀὐτῶν
575 547 680 574 δικαίαν
696 547 831 575 πολιτείαν
845 557 913 585 παρ-

130 602 140 617 1
160 592 296 628 οιμιωδῶς
319 592 449 627 σημαίνῃ.
480 602 490 618 ι
516 593 647 624 Τοιαύτας
670 593 744 625 τινὰς
766 594 913 630 ἑρμηνείας

127 639 290 675 ἐκθέμενος,
315 638 393 671 αὖθις
415 640 461 667 ἐπὶ
483 640 531 671 τὰς
555 640 733 672 ἀποστολικάς
755 640 912 676 μεταϐαίνει

128 685 231 720 φωνὰς,
241 685 371 713 τάναντία
384 685 423 720 τῷ
443 685 598 721 Ἀποιι-ιόλῳΔ
608 686 800 721 φθεγγόμενος.
821 686 849 712 '0
863 686 911 721 μὲν

127 732 182 769 γὰρ
200 731 246 758 τὸν
277 732 394 767 προόντα
424 731 493 759 my
508 732 561 759 τοῦ
576 731 650 759 Θεοῦ
663 732 710 758 καὶ
723 732 912 766 Πρωτότοκον

127 776 230 810 πάσης
247 776 373 808 κτίσεως
394 774 474 802 αὑτὸν
497 773 567 802 εἰναι
587 775 708 809 ἐδίδαοιε
718 783 725 790 ·
737 775 771 801 τὰ
783 774 870 801 πάντα
883 776 912 801 ἐν

128 821 213 857 αὐτῷ,
225 820 272 848 καὶ
280 821 313 847 δι’
325 820 406 847 αὑτοῦ
421 820 551 848 ἐκτίσθαι·
564 820 644 847 αὐτόν
661 829 690 846 τε
708 817 778 847 εἶναι
786 820 838 855 πρὸ
848 820 912 846 πάν-

127 875 181 893 των
205 865 310 902 μεγάλῃ
322 865 370 901 βοῇ
383 865 596 901 μαρτυρόμενος*
609 866 623 891 6
640 865 669 891 δὲ
684 865 730 891 ἐπὶ
749 864 798 900 τὴν
810 865 910 900 σάρκα,

967 285 976 301 1
1000 280 1090 302 textus
1103 275 1148 302 ille
1159 274 1301 303 duodecim
1316 274 1429 302 fontium
1447 275 1472 302 in
1485 275 1554 302 Elim
1566 298 1574 310 ,
1601 283 1662 303 cum
1684 285 1750 311 apo.

967 330 976 345 1
1000 321 1130 349 stolarum
1152 321 1252 347 chorus
1275 325 1348 348 esset
1368 321 1559 349 duodenarius.
1575 330 1585 347 ι
1605 321 1675 348 ldetn
1698 322 1750 348 ite—

965 375 1023 394 rum
1039 367 1084 394 ille
1099 366 1199 400 regerit
1224 366 1257 393 ad
1287 366 1357 393 hunc
1372 366 1492 399 modum,
1506 366 1651 402 inquiens:
1671 376 1681 391 1
1694 367 1749 393 Meo

967 421 975 437 1
1002 412 1053 438 rito
1075 411 1157 446 igitur
1169 412 1202 438 de
1218 411 1392 445 generatione
1407 412 1553 438 secundum
1568 419 1678 439 carnem
1697 412 1749 438 Do-

966 465 975 481 1
999 457 1087 483 minus
1113 463 1160 490 per
1180 456 1340 491 prophetam
1369 455 1542 483 Salomonetn
1558 456 1650 483 dixit:
1666 458 1748 483 Ante-

966 511 975 527 1
999 510 1076 536 quant
1091 501 1175 536 [outer
1197 510 1327 537 aquarum
1352 502 1528 536 provenirent.
1545 511 1554 527 I
1570 500 1598 528 In
1614 504 1751 536 sequenti—

963 547 1029 579 bus,
1052 548 1174 582 quzedant
1198 547 1250 574 alia
1283 553 1444 582 prosecutus
1473 547 1554 582 style.
1586 546 1747 583 infert:[R.

962 592 1046 629 XXII]
1060 592 1208 626 «Quocirca
1219 600 1280 620 cum
1290 592 1468 627 praecedentia
1478 592 1609 620 fuerimus
1617 593 1748 625 exsecuti,

965 649 974 665 1
997 646 1165 674 consequens
1186 643 1237 670 est,
1254 642 1284 664 ιιι
1302 638 1372 673 quod
1386 642 1469 665 restat
1482 637 1570 665 adhuc
1583 638 1749 672 expleamus.

964 693 973 709 1
996 684 1090 711 Restat
1108 688 1197 711 autem
1221 683 1296 715 illud,
1315 691 1369 717 quo
1383 683 1506 709 meminit
1518 683 1649 710 montium
1668 687 1748 717 atque

965 739 974 754 1
995 729 1128 756 saltuum:
1145 729 1181 755 ait
1195 729 1266 755 enim
1282 728 1444 762 :Autequam
1461 734 1559 754 montes
1568 728 1749 761 ﬁrmarentur,

965 783 974 799 1
998 782 1059 801 ante
1075 781 1165 800 omne:
1180 774 1266 799 saltus
1287 773 1375 808 genuit
1393 780 1441 799 me.
1459 771 1526 799 Esse
1546 779 1628 807 porro
1643 776 1749 799 montes

966 828 975 844 1
999 820 1082 846 hosce
1095 824 1177 853 atque
1196 818 1283 845 saltus
1300 818 1438 851 apostolos
1456 822 1482 845 et
1496 824 1665 845 successores
1681 825 1747 851 apo-

965 872 974 888 1
998 862 1126 890 stolarum
1147 869 1155 889 :
1179 866 1208 889 ut
1228 862 1263 888 ita
1290 861 1396 889 illorum
1413 862 1563 897 justissima
1577 862 1750 889 conversatio

127 913 176 938 καὶ
193 911 294 946 ταύτην
307 911 470 938 κατασάλλει
494 911 543 946 τὴν
569 910 714 946 θεολογίαν·
727 911 823 947 μικρὸν
831 911 909 937 ὔστε-

964 918 971 933 ι
995 913 1077 943 atque
1100 908 1160 934 vita
1183 908 1324 940 institutio,
1339 913 1402 934 ante
1424 915 1518 935 omnes
1549 907 1664 934 aliorum
1679 908 1748 943 poli-

130 965 176 993 ρον
194 957 241 984 καὶ
265 955 365 990 ταύτην
381 955 554 991 ἀρνούμενος.
577 956 657 990 Λέγει
677 956 705 982 δὲ
721 956 809 982 οῦτωο
831 965 840 982 1
861 955 912 982 Διά

132 1013 142 1029 1
161 1002 241 1030 τοῦτο
249 1002 361 1034 εἰκότως
371 1002 506 1038 ἐπιφέρει,
520 1002 570 1034 Ὅς
580 1002 666 1029 ἐστιν
675 1001 763 1029 εἰκὼν
772 1002 825 1029 τοῦ
837 1001 911 1029 Θεοῦ

132 1059 141 1075 1
160 1048 214 1076 τοῦ
221 1048 360 1082 ἀοράτου.
378 1057 386 1073 ι
398 1048 467 1074 Πότε
480 1047 624 1083 γενόμενος
637 1047 734 1080 εἰκών;
748 1048 783 1074 Ἦ
792 1047 911 1082 ὁπηνίκα

129 1094 159 1121 τδ
177 1093 238 1121 κατ’
261 1093 353 1120 εἰκόνα
364 1093 410 1120 καὶ
428 1093 488 1119 καθ’
499 1093 630 1128 ὁμοίωσιν
643 1093 771 1128 ἀνείληφε
781 1093 911 1128 πλάσμα;

132 1151 141 1166 1
161 1139 295 1176 Πρότερον
309 1139 374 1175 γὰρ,
391 1138 484 1174 ὥσπερ
499 1138 627 1170 πολλάκις
640 1138 718 1173 ἔφην,
732 1138 808 1165 οὐδὲν
821 1139 912 1174 ἕτερον

132 1195 142 1211 1
160 1184 195 1222 ἦν
211 1186 228 1221 ἢ
246 1185 342 1220 Λόγος·
364 1194 374 1211 ι
393 1185 440 1212 καὶ
466 1184 589 1219 ἐπιμένει
604 1184 635 1210 τό
658 1184 723 1211 αὐτὸ
740 1183 912 1220 γυμνώτερον

128 1231 277 1266 διασαφῶν,
295 1231 328 1259 δι’
346 1228 383 1258 ὧν
398 1239 479 1266 φησιν
490 1239 496 1245 ·
510 1241 518 1256 1
532 1230 635 1257 Οὐκοῦν
653 1230 841 1266 πρόδηλον,ὂτι
860 1230 913 1266 πρὸ

133 1288 143 1304 1
154 1278 206 1313 τῆς
220 1278 267 1305 τοῦ
280 1277 414 1313 ἡμετέρου
432 1276 557 1312 σώματος
566 1276 724 1312 ἀναλήψεως
734 1277 747 1303 6
755 1277 839 1311 Λόγος
853 1276 912 1302 καθ’

132 1331 142 1348 1
154 1321 249 1348 ἐαυτὸν
263 1321 313 1348 οὐκ
337 1318 371 1357 ἦν
386 1320 466 1347 υἰκὼν
479 1321 526 1347 τοῦ
537 1321 652 1356 ἀοράτου
671 1321 750 1348 Θεοῦ.
778 1321 835 1357 Τὴν
860 1321 913 1356 γὰρ

132 1378 142 1393 1
155 1368 246 1395 εἰκόνα
253 1367 368 1404 ὁρᾶσθαι
378 1368 520 1403 προσήκει,
534 1367 576 1394 ἵνα
586 1367 629 1394 διὰ
640 1367 689 1402 τῆς
697 1367 798 1399 εἰκόνος
805 1367 835 1394 τὺ
846 1367 914 1399 τέως

132 1422 141 1439 1
156 1413 193 1449 μὴ
209 1413 345 1449 ὁρώμενον
363 1413 476 1449 ὁρᾶσθαι
495 1413 616 1448 δύνηται.
632 1423 640 1439 ι
654 1414 708 1439 Καὶ
716 1413 914 1448 πάλινπροστί-

129 1460 191 1494 οησι
203 1459 289 1493 λέγων
298 1467 306 1474 ·
326 1467 335 1484 1
355 1458 416 1490 Πῶς
430 1456 476 1484 οὖν
487 1458 576 1484 εἰκόνα
593 1458 639 1484 τοῦ
655 1457 771 1494 ἀοράτου
784 1457 850 1483 Θεοῦ
869 1457 914 1484 τὸν

132 1514 142 1530 1
162 1503 209 1530 τοῦ
221 1503 287 1530 Θεοῦ
307 1503 389 1537 Λόγον
407 1504 542 1539 Ἀστέριος
557 1501 625 1530 εἷναι
644 1504 794 1538 γέγραφεν;
811 1503 844 1528 Αἰ
860 1501 914 1538 γὰρ

132 1560 142 1575 1
166 1550 268 1582 εἰκόνες
296 1549 406 1580 τούτων,
424 1546 461 1576 ὦν
477 1550 546 1576 εἰσιν
570 1541 683 1581 εἰκόνες,
710 1549 757 1576 καὶ
777 1548 911 1581 ἀπόντων,

132 1606 141 1621 1
162 1595 294 1622 δεικτικαί
314 1596 389 1622 εἰσιν·
411 1595 480 1621 ὥστε
497 1595 543 1622 καὶ
563 1595 607 1622 τὸν
631 1595 732 1621 ἀπόντα
745 1595 799 1630 (69)
816 1594 849 1620 δι’
863 1594 911 1621 αὑ-

132 1650 141 1665 1
160 1641 213 1667 τῶν
222 1640 363 1676 φαίνεσθαι
372 1641 467 1667 δοκεῖν.
482 1641 512 1667 Εἰ
522 1641 550 1667 δὲ
560 1640 606 1666 τοῦ
618 1640 684 1666 Θεοῦ
699 1639 813 1675 ἀοράτου
824 1640 910 1671 ὄντος,

132 1697 141 1712 1
160 1687 273 1723 ἀόρατον
284 1686 352 1714 εἶναι
368 1689 416 1714 καὶ
427 1687 472 1714 τὸν
488 1687 574 1720 Λόγον
588 1686 740 1721 συμϐαίνει,
754 1685 813 1717 πῶς
830 1684 911 1712 εἰκὼν

132 1743 141 1758 1
160 1733 207 1760 τοῦ
224 1734 340 1769 ἀοράτου
355 1733 421 1760 Θεοῦ
435 1733 494 1760 καθ’
506 1733 601 1760 ἑαυτὸν
616 1734 630 1759 6
649 1733 733 1767 Λόγος
750 1731 817 1759 εἶναι
831 1732 910 1758 δύνα-

132 1789 140 1804 1
160 1787 216 1809 ται.
235 1780 281 1806 καὶ
302 1779 381 1811 αὐτὸς
403 1779 516 1815 ἀόρατος
536 1778 591 1811 ὥν;
610 1778 739 1805 ἀδύνατον
755 1778 809 1814 γὰρ
825 1778 855 1804 τὸ
874 1778 912 1813 μὴ

132 1835 142 1851 1
160 1826 256 1862 ὁρατὸν
272 1826 316 1852 διὰ
335 1826 381 1852 τοῦ
399 1826 515 1862 ἀοράτου
535 1825 652 1861 φανῆναί
675 1834 750 1852 ποτε.
769 1835 777 1851 ι
805 1825 858 1851 Καὶ
883 1826 912 1851 ἐν

129 1872 234 1903 τούτοις
246 1872 275 1898 δὲ
289 1873 302 1899 6
316 1872 473 1908 Μάρκελλος
487 1873 516 1899 οὑ
532 1873 641 1907 συνορᾷ,
656 1872 706 1904 ὅτι,
723 1873 746 1898 εἰ
761 1871 809 1907 τὴν
824 1872 912 1907 σάρκα

129 1918 240 1953 δοίημεν
256 1915 326 1944 εἶναι
339 1917 387 1953 τὴν
404 1917 494 1944 εἰκόνα
510 1917 557 1943 τοῦ
573 1916 651 1948 Θεοῦ,
668 1915 727 1952 ὥρα
738 1917 785 1943 καί
805 1916 912 1943 πάντων

129 1962 279 1998 ἀνθρώπων
286 1962 334 1993 τὰς
345 1961 459 1997 σάρκας,
470 1962 517 1987 καὶ
527 1961 562 1988 τὰ
572 1961 625 1987 τῶν
638 1961 769 1996 σωμάτων
780 1960 912 1996 πρόσωπα

129 2008 235 2040 εἰκόνας
249 2007 318 2035 εἶναι
332 2008 419 2043 λέγειν
430 2008 475 2035 τοῦ
490 2007 568 2034 θεοῦ.
585 2008 665 2034 Ὥστε
681 2008 741 2034 κατ’
752 2006 831 2033 αὑτὸν
857 2015 910 2042 μη-

130 2053 176 2081 δὲν
201 2053 340 2090 ἐξαίρετον
358 2055 502 2090 ἐσχηκέναι
521 2054 565 2080 τὸν
582 2053 706 2088 Σωτῆρα.
725 2053 753 2079 ὐ
773 2052 794 2079 δ’
819 2051 911 2088 ὥσπερ

129 2100 323 2136 ἐπιλαθόμενος
339 2097 378 2128 ὧν
394 2100 462 2136 μετὰ
478 2100 562 2126 ταῦτα
579 2100 642 2134 περί
660 2099 709 2134 τῆς
724 2098 822 2133 σαρκὸς
850 2106 911 2124 συν-

129 2146 242 2182 έγραψε,
257 2146 349 2173 δούλου
367 2146 472 2182 μορφὴν
491 2144 574 2180 αὐτὴν
588 2143 672 2171 εἰπὼν
688 2143 716 2176 ἐξ
733 2142 911 2178 ἀποπολικῆς

129 2192 315 2227 παραθέσεως,
346 2192 391 2220 καὶ
413 2192 457 2219 διὰ
486 2191 565 2218 τοῦτο
598 2191 635 2226 μὴ
665 2189 792 2216 δύνασθαι
824 2190 911 2215 συνεῖ-

964 965 973 980 1
1000 955 1068 987 tias,
1091 954 1257 989 intelligatur
1280 954 1436 981 denotari.»
1463 954 1655 988 Huiuscemodi
1681 961 1746 981 suas

963 1000 1201 1035 interpretationes
1216 999 1260 1027 ubi
1281 1003 1468 1035 proposuerat,
1484 1000 1573 1035 pergit
1592 999 1699 1027 demum
1714 1000 1747 1026 ad

963 1047 1116 1074 testimonia
1136 1046 1294 1080 apostolica,
1316 1050 1344 1073 et
1362 1046 1492 1080 Apostolo
1512 1046 1647 1074 contraria
1669 1046 1696 1073 in
1716 1052 1749 1072 os

961 1092 1099 1128 obgannit.
1127 1091 1198 1119 1llle
1228 1092 1296 1119 enim
1322 1092 1530 1126 praeminentem
1562 1090 1658 1118 Filium
1688 1090 1748 1122 Dei,

965 1147 974 1164 1
997 1138 1087 1165 omnis
1108 1142 1240 1165 creaturae
1272 1137 1483 1172 Primogenitum
1507 1136 1622 1171 appellat
1636 1136 1747 1163 :omnia

964 1195 974 1207 ι
999 1185 1025 1212 in
1041 1184 1088 1212 illo
1102 1188 1129 1211 et
1143 1191 1193 1217 per
1209 1183 1284 1211 illmn
1300 1183 1407 1211 condita
1434 1182 1512 1210 docet
1526 1191 1534 1209 :
1551 1189 1667 1216 eumque
1683 1187 1749 1209 ante

966 1240 974 1256 1
998 1230 1088 1257 omnia
1112 1230 1251 1257 exstitisse
1276 1238 1370 1264 magna
1386 1237 1445 1256 uoce
1461 1233 1645 1262 protestatur;
1664 1232 1690 1254 at
1706 1229 1747 1255 hic

967 1286 975 1301 1
999 1277 1065 1303 hanc
1078 1277 1161 1309 ipsum
1176 1276 1332 1311 theologiam
1349 1277 1383 1301 ad
1405 1283 1510 1302 carnem
1527 1275 1631 1301 deducit
1645 1281 1654 1300 .'
1667 1281 1746 1308 quam

966 1332 974 1348 1
997 1327 1020 1349 et
1043 1323 1127 1357 ipsum
1141 1322 1230 1349 statim
1248 1327 1323 1357 negat
1338 1329 1346 1347 :
1362 1321 1399 1347 ait
1429 1325 1519 1347 autem
1543 1328 1550 1346 :
1570 1319 1614 1355 [IL
1627 1318 1748 1354 LXXXI]

966 1378 974 1393 1
998 1367 1101 1395 Idcirco
1116 1368 1213 1396 merito
1228 1366 1320 1399 infert,
1338 1366 1389 1400 Qui
1411 1371 1453 1393 est
1464 1366 1550 1399 imago
1564 1366 1610 1393 Dei
1624 1365 1746 1392 invisibi-

967 1423 976 1439 1
999 1413 1042 1447 lis,
1059 1414 1167 1448 quando
1180 1418 1269 1440 autem
1292 1413 1328 1440 ita
1346 1412 1452 1440 factus?
1466 1412 1533 1438 Nunt
1551 1419 1612 1438 cum
1632 1411 1744 1446 figmen-

967 1468 976 1484 1
1000 1463 1057 1486 tum
1072 1459 1219 1493 assumpsit
1232 1458 1295 1485 illud
1307 1457 1378 1492 quod
1394 1457 1494 1485 factum
1507 1461 1547 1484 est
1557 1456 1590 1484 ad
1603 1456 1746 1491 imaginem

968 1514 977 1529 1
1000 1509 1027 1531 et
1040 1503 1265 1531 similitudinem?
1282 1505 1311 1534 )11
1328 1502 1407 1530 Prius
1421 1503 1533 1533 etenim,
1553 1503 1624 1537 quod
1646 1502 1740 1537 aliquo

968 1560 976 1575 1
1000 1550 1050 1577 ties
1075 1550 1204 1580 diximus,
1229 1549 1294 1576 nihil
1319 1549 1392 1575 aliud
1405 1556 1488 1582 qttatn
1516 1548 1632 1576 Verbum
1653 1553 1720 1576 erat.
1735 1558 1744 1574 ι

963 1595 1081 1626 Perstat,
1097 1599 1124 1621 et
1144 1594 1195 1621 hoc
1211 1593 1374 1628 explicatius
1399 1593 1526 1625 eiuctdat,
1544 1593 1588 1620 ubi
1603 1593 1720 1628 loquitur
1737 1601 1746 1619 :

963 1640 1007 1676 [IL
1017 1640 1112 1667 XXXII
1122 1640 1185 1667 coll.
1193 1647 1218 1674 p.
1228 1639 1263 1666 24
1273 1639 1328 1675 Ii]1
1344 1639 1389 1666 Est
1397 1646 1462 1674 ergo
1473 1638 1660 1671 manifestum,
1671 1640 1743 1674 quod

963 1695 1013 1714 non
1032 1691 1090 1714 erat
1104 1686 1220 1713 Verbum
1242 1685 1330 1720 imago
1349 1684 1493 1711 invisibilis
1507 1684 1555 1711 Dei
1577 1689 1641 1711 ante
1655 1685 1745 1711 carnis

963 1738 1063 1761 nostra:
1085 1732 1310 1766 assuu-ptionem.
1327 1730 1393 1757 Nam
1414 1736 1525 1757 necesse
1544 1734 1586 1757 est
1600 1729 1744 1765 imaginem

962 1778 1048 1806 oculis
1060 1778 1182 1810 cerni,ut
1194 1776 1230 1804 ita
1240 1784 1288 1811 per
1297 1776 1618 1812 imaginemdiscernatnr
1630 1775 1656 1802 id
1668 1776 1740 1810 quod

963 1832 1014 1851 non
1024 1828 1127 1859 poterat
1135 1827 1212 1850 antea
1226 1822 1311 1849 oculis
1324 1822 1473 1854 usurpari.»
1484 1821 1548 1847 Dein
1557 1821 1631 1847 addit
1644 1820 1744 1853 :1Que-

967 1879 975 1894 1
1001 1869 1061 1896 ntad
1069 1868 1182 1895 moduni
1197 1868 1280 1902 igitur
1291 1867 1414 1893 Asterius
1427 1865 1552 1897 aﬂirmat,
1567 1865 1612 1892 Dei
1628 1864 1743 1891 Verbum

965 1925 974 1940 1
997 1915 1134 1942 exstitisse
1158 1914 1302 1948 imaginem
1334 1911 1478 1939 invisibilis
1510 1910 1575 1937 Dei?
1612 1910 1745 1945 Imagines

965 1971 973 1986 1
997 1960 1095 1988 etenim
1115 1964 1177 1987 sunt
1193 1966 1287 1986 earum
1308 1965 1398 1985 rerum
1425 1956 1643 1984 demonstrativae
1661 1956 1742 1983 etiam

965 2017 973 2032 1
996 2006 1163 2038 absentium,
1182 2011 1295 2040 quarum
1315 2007 1379 2030 sunt.
1401 2002 1535 2037 imagines
1553 2010 1561 2028 :
1576 2002 1614 2029 ita
1644 2006 1671 2028 ut
1695 2009 1745 2036 per

965 2061 974 2076 1
999 2051 1058 2078 illas
1071 2050 1114 2077 vel
1131 2050 1270 2077 absentem
1286 2049 1419 2084 possimus
1433 2048 1544 2075 intueri.
1564 2047 1664 2081 Quodsi
1683 2047 1742 2079 Dei,

964 2107 974 2123 1
997 2105 1058 2125 cutn
1074 2097 1111 2124 sit
1127 2095 1281 2129 invisibilis,
1294 2096 1404 2123 verbum
1416 2102 1523 2130 quoque
1534 2094 1671 2121 invisibile
1682 2094 1718 2121 sit
1733 2103 1741 2121 :

964 2154 972 2169 1
994 2143 1129 2178 quomodo
1145 2142 1253 2168 tandem
1272 2140 1399 2172 Verbum,
1420 2141 1445 2167 in
1460 2147 1490 2167 se
1506 2139 1653 2173 invisibile,
1671 2139 1742 2167 invi-

964 2199 972 2214 1
996 2188 1082 2217 sibilis
1100 2188 1145 2215 Dei
1165 2188 1253 2222 imago
1265 2193 1326 2214 esse
1343 2191 1430 2221 potest
1442 2185 1454 2212 ?
1466 2185 1546 2213 Certe
1567 2189 1607 2213 est
1631 2193 1742 2220 prorsus

129 2246 174 2265 ναι
188 2238 248 2273 (70)
260 2238 296 2273 τῷ
308 2239 397 2274 Λόγῳ,
415 2238 459 2264 διὰ
475 2238 505 2264 τὺ
512 2237 603 2264 δούλου
624 2236 729 2272 μορφὴν
743 2232 826 2262 εἶναι·
845 2235 911 2261 ἀλλὰ

966 2244 975 2260 1
999 2233 1177 2269 impossibile,
1201 2238 1231 2259 ut
1253 2233 1323 2267 quod
1355 2240 1407 2259 non
1432 2232 1549 2264 videtur,
1570 2239 1619 2266 per
1639 2231 1742 2265 aliquid

130 2284 177 2311 καὶ
187 2285 276 2319 γυμνῇ
291 2285 324 2319 τῇ
338 2284 441 2319 κεφαλῇ
459 2285 563 2318 φήσας,
580 2292 589 2308 1
607 2282 665 2313 πῶς
683 2279 798 2316 ἐγχωρεῖ
812 2280 861 2316 τὴν
877 2281 909 2306 ἐκ

133 2339 142 2355 1
163 2330 215 2365 γῆς
228 2338 257 2356 τε
273 2328 364 2362 οὖσαν,
378 2331 424 2357 καὶ
439 2330 522 2365 μηδὲν
542 2328 709 2363 ὠφελοῦσαν,
724 2328 753 2353 ἐν
770 2327 825 2357 τοῖς
843 2326 906 2362 μέλ-

132 2385 142 2401 1
161 2375 250 2402 λουσιν
263 2375 342 2402 αἰῶσι
357 2377 475 2402 συνεῖναι
489 2374 528 2410 τῷ
540 2375 628 2409 Λόγῳ;
641 2383 650 2399 ι
671 2371 740 2399 εἶναι
755 2372 847 2398 εἰκόνα
861 2371 908 2397 τοῦ

129 2422 244 2458 ἀοράτου
253 2421 333 2455 Θεοῦ,
344 2422 394 2457 τὴν
409 2421 497 2457 σάρκα
514 2420 559 2447 ἐπὶ
576 2421 621 2446 τοῦ
636 2419 768 2455 παρόντος
780 2417 911 2453 διισχυρί-

129 2467 205 2500 ζεται
217 2467 453 2503 διαϐεϐαιούμενος
465 2465 665 2501 ἀποφαντικῶς,
679 2465 719 2491 ὅτι
734 2463 786 2500 πρὸ
797 2462 847 2498 τῆς
864 2462 910 2489 τοῦ

129 2513 263 2549 ἡμετέρου
292 2514 417 2548 σώματος
442 2512 600 2547 ἀναλήψεως
628 2510 678 2537 οὐκ
698 2507 732 2545 ἦν
760 2508 840 2535 εἰκὼν
862 2508 908 2535 τοῦ

128 2559 245 2594 ἀοράτου
252 2558 330 2590 Θεοῦ,
341 2559 355 2585 6
365 2558 449 2593 Λόγος
461 2557 554 2584 αὑτοῦ.
567 2557 621 2584 Καὶ
629 2554 706 2587 αὖθις
716 2554 784 2590 μετά
791 2554 825 2581 τὰ
833 2555 910 2580 ἐκτε-

128 2604 211 2632 θέντα
234 2605 357 2641 ἐπιφέρει
376 2604 471 2639 λέγων·
495 2614 503 2629 1
522 2604 567 2630 Διὸ
581 2601 747 2637 πανταχόθεν
766 2600 854 2634 δῆλον,
872 2600 910 2625 εί-

167 2676 197 2706 s}
222 2672 271 2700 Ed.
290 2672 388 2703 Paris..
404 2680 464 2708 pag.
480 2672 526 2699 47.

163 2743 220 2777 (69)
238 2741 322 2777 Vulgo
342 2743 389 2777 καί
400 2743 433 2769 δι’
447 2741 536 2770 αὓτῶν
554 2747 580 2769 et
595 2741 641 2767 τοῦ
656 2740 772 2776 ἀοράτου
793 2740 868 2770 ὂντος
884 2742 912 2765 et

129 2776 219 2813 σάρκα
230 2776 299 2805 δείν⁷
308 2778 356 2813 μὲν
370 2776 449 2805 εἶναι.

164 2811 221 2848 (70)
246 2813 294 2847 Μὴ
308 2811 467 2848 δύνασθαι
488 2812 634 2848 συνεῖναι.
665 2811 719 2838 ‘Ast
746 2811 824 2848 forte.
847 2816 908 2836 nam

126 2847 193 2875 illud
212 2849 310 2883 potuit.
328 2847 418 2881 Neque
432 2848 513 2874 fuisse
529 2847 667 2874 adunitam
679 2847 763 2883 verbo
777 2847 812 2883 al!
829 2849 905 2883 teter—

129 2891 173 2914 no.
187 2879 236 2910 nec
251 2882 368 2910 futuram
377 2879 571 2915 'aduniendum,
585 2888 613 2909 ut
629 2882 720 2909 statim
733 2883 761 2907 ἐν
773 2882 826 2911 τοῖς
839 2879 901 2914 μέλ-

964 2289 973 2305 1
997 2278 1129 2306 invisibile
1146 2278 1341 2305 manifestetur.
1355 2286 1364 2303 ι
1383 2277 1440 2304 Νοη
1458 2277 1502 2304 hic
1526 2276 1649 2311 intelligit
1665 2275 1736 2302 Mar-

962 2325 1059 2358 cellus,
1077 2325 1147 2359 quod
1170 2325 1191 2351 si
1212 2325 1247 2352 sit
1269 2331 1380 2351 necesse
1395 2331 1504 2351 carnem
1522 2323 1663 2356 imaginem
1681 2321 1739 2347 fieri

964 2372 1031 2405 Det,
1053 2378 1151 2398 carnes
1175 2375 1203 2397 et
1224 2377 1338 2405 corpora
1360 2369 1498 2396 hominum
1525 2367 1690 2402 singulorum
1712 2372 1739 2393 et

962 2423 1101 2451 personae,
1114 2415 1257 2451 'imagines
1280 2415 1403 2442 dicantur
1431 2420 1490 2440 esse
1509 2412 1567 2441 Dei.
1588 2412 1626 2439 Ita
1646 2417 1674 2438 ut
1692 2419 1744 2447 per

962 2462 1135 2496 semetipsum
1160 2461 1296 2496 singulare
1318 2459 1384 2487 nihil
1408 2459 1505 2486 habeat
1525 2458 1662 2486 Senator.
1687 2458 1743 2484 Istc-

961 2515 1036 2541 vero,
1053 2513 1179 2541 tanquant
1199 2506 1298 2534 oblitus
1312 2513 1403 2533 eoruttt
1422 2512 1481 2539 qua!
1492 2504 1618 2539 deinceps
1631 2504 1664 2531 de
1679 2511 1742 2530 can:-

961 2560 994 2579 ne
1014 2554 1149 2580 mandavit
1168 2553 1276 2584 litteris,
1291 2559 1351 2579 cum
1366 2559 1398 2578 ex
1414 2550 1574 2577 auctoritate
1590 2549 1738 2584 apostolica

964 2600 1034 2627 setvi
1053 2600 1166 2627 fortnam
1184 2600 1255 2627 illam
1269 2597 1444 2628 nominasset,
1460 2603 1508 2623 nec
1528 2595 1628 2623 idcirco
1643 2595 1738 2622 uuien-

959 2737 1049 2763 λουσιν
1062 2736 1152 2763 αἰῶσι.
1164 2735 1211 2762 Ubi
1225 2734 1292 2761 forte
1301 2733 1454 2767 legendum,
1467 2737 1494 2758 et
1508 2732 1737 2766 distinguendum,

958 2771 1026 2798 εἶναι
1041 2772 1070 2798 δέ
1081 2771 1171 2798 εἰκόνα
1181 2770 1226 2796 τοῦ
1241 2768 1440 2804 ἀοράτουγθεοῦ
1455 2767 1504 2804 τὴν
1519 2769 1615 2804 σάρκα,
1631 2767 1740 2804 ἐπίντοῦ

958 2808 1090 2843 παρόντος
1101 2802 1559 2843 διισχυρίζετὼ-διαὸεὒάιούμενοςζ
1619 2816 1652 2822 —
1661 2802 1738 2843 ‘Dein

958 2837 1036 2876 Vulgo
1049 2837 1117 2868 εἶναι
1129 2837 1282 2876 ὃιίἒηξμρλι
1293 2837 1471 2874 ἀποφατικῶς
1489 2843 1516 2867 et
1533 2837 1618 2865 ταῦτα
1640 2837 1674 2865 τά
1695 2838 1738 2866 ἐκ-

956 2875 1036 2905 θέντα
1048 2877 1086 2911 τῷ
1099 2875 1158 2909 Θεῷ
1172 2875 1259 2908 Λόγῳ.
