2045 3215
295 180 347 207 807

629 175 764 205 EUSEBII
782 173 1022 203 CESARIENSIS
1040 173 1115 201 OZ‘P.
1137 172 1226 200 PAeRS
1244 171 1289 200 IV.
1309 187 1343 192 —-
1361 171 1570 200 DOGMA'I‘ICA.

1860 169 1911 197 808

296 240 358 266 dam
373 244 433 267 esse
449 236 668 270 Verbo:quique
695 235 776 262 etiam
798 234 967 268 apertissima
990 233 1078 261 fronte

1135 242 1140 256 ι
1162 232 1226 258 κόνα
1249 231 1295 257 τοῦ
1322 231 1436 266 ἀοράτου
1460 230 1526 256 Θεοῦ
1547 230 1598 256 ὑπὸ
1620 230 1667 255 τοῦ
1692 228 1764 264 ἱεροῦ
1788 227 1913 263 εἰρῆσθαι

298 285 404 312 dixerat
420 294 426 310 :
442 292 451 308 1
463 282 603 316 Quomodo
626 281 827 308 concedendum
853 285 905 312 est,
927 280 998 307 illam
1016 287 1074 307 car-

300 341 309 356 1
334 337 393 357 nem
416 336 475 363 quae
495 329 527 355 de
546 333 616 354 terra
641 331 747 361 sumpta
769 331 819 357 est,
834 331 861 353 et
878 326 943 352 nihil
958 326 1077 359 prodest,

300 385 310 401 1
334 376 435 402 unilam
451 374 537 401 Verbo
549 373 693 408 persistere
709 372 734 398 in
752 372 840 398 futuro
852 372 967 399 saeculo?
981 381 990 397 ι
1004 371 1077 398 Illam

300 427 388 448 tamen
405 428 514 447 carnem
542 418 686 452 imaginem
708 424 768 444 esse
790 417 837 444 Dei
861 417 1002 444 invisibilis
1014 424 1080 443 con-

298 473 401 495 stanter
427 465 543 493 afﬁrmat
563 473 569 491 :
587 464 805 490 constantissime
832 470 932 497 negans
955 456 1076 490 eamdem

299 515 395 549 ipsam,
417 517 479 539 ante
500 511 622 545 corporis
639 511 723 537 nostri
741 510 963 544 assumptionem,
985 509 1079 543 imagi-

300 567 361 586 nem
376 557 421 585 Dei
439 556 581 584 invisibilis
597 556 733 583 exstitisse
749 556 816 583 :sed
832 560 935 581 Iantunt
962 554 1078 581 Verbum

298 605 365 638 ejus.
375 603 423 630 His
438 603 473 629 ita
482 603 577 637 positis
585 601 717 629 subinfcrt
728 602 851 635 inquiens
864 611 869 627 :
880 600 924 636 [Β.
936 599 1078 634 LXXXIII]

302 659 310 675 1
334 649 477 682 Quocirca,
491 649 564 675 omni
584 649 663 675 modo
686 652 771 681 patet.
788 648 931 681 imaginem
950 647 995 672 Dei
1011 646 1080 672 invi—

302 705 311 721 1
334 695 420 722 sibilis
435 702 449 720 a
469 699 562 722 sancto
581 695 707 728 Apostolo
729 693 779 719 dici
802 700 909 719 carm-m
924 692 1005 723 illam,
1020 700 1079 726 qua:

302 750 310 765 1
332 740 457 774 deinceps
485 739 600 766 accessit
627 738 732 765 verbo:
748 742 776 763 ut
805 745 851 771 per
868 736 974 763 visibile
996 736 1078 762 videri

301 796 310 808 ε
335 789 427 820 posset
455 785 526 818 quod
555 789 597 811 est
625 783 772 810 invisibile.
804 783 896 816 Imago
921 787 968 814 esi,
995 782 1080 816 inquit

303 841 312 857 1
334 830 490 865 Apostolus,
521 829 568 856 Dei
597 830 736 855 invisibilis
749 829 781 855 ‘7.
798 828 872 855 Nunc
899 833 981 862 patet,
1009 828 1079 860 quod

302 888 311 903 1
333 883 388 904 tum
403 877 529 911 primum,
542 884 601 902 cum
625 883 735 902 carnem
757 875 912 908 assumpsit,
930 874 1030 900 factum
1053 874 1078 900 in

301 933 311 949 1
337 923 478 957 imaginem
500 921 557 953 Dei,
572 929 634 947 vere
652 922 739 954 imago
763 920 843 947 ﬁebat
866 920 1008 947 invisibilis
1024 920 1081 946 Dei.

302 979 311 995 1
335 968 401 996 Nam
416 969 437 995 si
454 975 501 994 nos
515 975 563 1002 per
579 967 723 1001 imaginem
744 967 821 993 istam
837 973 870 992 eo
887 974 979 993 sumus
996 965 1081 992 evecti

302 1024 312 1041 1
335 1014 483 1048 dignitatis,
499 1020 528 1040 ut
544 1013 660 1039 Verbtnn
681 1013 727 1039 Dei
753 1020 916 1047 cognoscere
939 1012 1080 1045 possimus,

303 1072 312 1086 1
336 1061 423 1088 Verbo
439 1065 511 1087 certe
529 1059 580 1094 ipsi
598 1060 708 1086 credere
729 1058 858 1085 debemus
874 1066 922 1091 per
938 1059 1081 1092 imaginem

304 1117 313 1133 1
336 1106 478 1134 aﬂirmanti
492 1115 499 1133 :
513 1105 569 1140 Ego
590 1111 612 1131 et
632 1105 711 1131 Paler
727 1112 808 1130 unum
830 1113 919 1130 sumus
939 1104 960 1119 ¹⁸
981 1104 1082 1138 Impos-

305 1162 314 1178 1
338 1153 416 1180 sibile
430 1157 472 1179 est
485 1152 567 1185 enim,
585 1156 612 1177 ut
630 1151 729 1186 absque
743 1152 792 1177 hac
810 1151 925 1184 imagine
939 1151 1081 1184 quisquam

304 1206 314 1222 1
335 1197 376 1224 vel
395 1196 523 1228 Verbum,
538 1197 579 1224 vel
611 1196 690 1222 Verbi
718 1195 824 1222 Patrem
852 1200 1007 1230 cognoscat.
1024 1204 1032 1220 ι
1052 1194 1083 1220 Et

302 1250 397 1270 rursus
413 1243 532 1270 annectit
547 1242 592 1278 [IL
611 1241 754 1277 LXXXIV,I
770 1250 776 1267 :
790 1251 799 1267 1
812 1241 1083 1275 Sicitaquepronun-

303 1290 352 1316 tiat
374 1288 537 1322 Apostolus,
559 1291 588 1320 ὤ
609 1293 638 1314 ιιι
657 1288 736 1322 paqu
761 1288 885 1321 superius
906 1292 947 1314 est
967 1294 981 1313 a
1005 1287 1082 1314 nobis

302 1336 417 1369 positum
431 1343 437 1359 2
451 1334 604 1361 Exinanivu
619 1335 796 1368 semetipsum,
815 1333 881 1359 servi
908 1334 1018 1366 formam
1038 1341 1081 1358 as-

301 1381 449 1408 sumens".
469 1380 520 1407 Per
546 1381 617 1407 servi
639 1379 751 1406 formam
770 1380 913 1406 humanam
932 1380 1008 1406 nobis
1024 1388 1083 1406 car-

303 1433 364 1453 nem
389 1425 543 1460 siguilicat,
563 1433 643 1458 quam
671 1425 798 1451 Dominus
818 1429 910 1452 noster
928 1424 1015 1458 Deus,
1035 1433 1082 1451 sua

303 1471 447 1498 ellormans
471 1470 601 1503 sapientia
614 1489 622 1502 ,
640 1470 722 1496 dixit:
734 1468 876 1495 Faciamus
895 1470 1022 1496 hominem
1050 1472 1083 1497 ad

303 1517 441 1551 imaginem
460 1521 575 1542 nostram
592 1521 614 1541 et
627 1515 661 1541 ad
681 1514 878 1541 similitudinem
889 1514 1012 1542 ".Recte
1026 1523 1084 1542 car-

305 1569 367 1588 nem
381 1562 536 1592 humanam,
548 1561 691 1595 imaginem
702 1560 858 1586 nominavit.
874 1559 944 1587 Bcne
955 1561 1025 1587 enim
1039 1570 1084 1588 no-

303 1608 342 1634 vit
357 1607 499 1642 imaginem
514 1614 573 1634 esse
598 1607 668 1633 illam
687 1606 765 1633 Verbi
781 1607 832 1637 sui,
848 1607 926 1640 paulo
945 1612 1004 1641 post
1020 1609 1082 1634 sub-

304 1654 392 1681 stituri
405 1653 449 1690 [Β.
460 1652 586 1688 Χχνη..
601 1653 728 1687 Deinceps
747 1658 859 1679 conatur
875 1654 999 1687 probare,
1012 1654 1082 1688 quod

306 1699 369 1726 illud
383 1708 390 1727 :
406 1699 443 1725 De
456 1705 528 1725 utero
540 1704 600 1724 ante
613 1698 752 1732 luciferum
769 1699 847 1732 genui
863 1705 886 1724 te
897 1699 930 1729 “,
951 1699 983 1725 de
1002 1707 1083 1726 carne

305 1745 370 1772 item
388 1748 544 1779 usurpatum
559 1744 606 1770 sit.
625 1743 757 1777 Loquitur
779 1748 869 1770 autem
890 1744 922 1770 ad
939 1744 1010 1771 hunc
1027 1752 1083 1771 mo-

306 1790 368 1817 dum
386 1798 393 1817 :
414 1798 424 1814 1
440 1789 571 1823 Quocirca
588 1797 647 1816 cum
661 1796 676 1815 a
695 1789 793 1815 Davide
814 1789 967 1816 nominetur
990 1789 1084 1817 lucifer

309 1845 319 1862 1
339 1836 414 1864 stella
435 1836 495 1868 illa,
513 1844 572 1871 quae
605 1836 674 1862 diem
709 1835 832 1870 designat
857 1836 1083 1870 appropinquare,

309 1892 319 1909 1
343 1891 393 1910 non
409 1888 450 1910 est
461 1882 573 1909 ulterius
589 1882 804 1916 disquirendum,
817 1881 931 1915 quisille
944 1882 978 1908 sit
990 1881 1086 1908 lucifer

310 1938 319 1955 1
339 1930 384 1963 qui
403 1929 569 1963 intelligitur.
585 1928 650 1954 Erat
665 1933 692 1954 et
706 1928 777 1954 enim
794 1927 870 1954 stella
887 1928 931 1954 illa
959 1932 1022 1955 tunc
1037 1936 1085 1963 ap-

310 1984 320 2000 1
343 1982 453 2008 parens,
468 1982 529 2001 cum
547 1974 617 2001 diem
637 1980 663 2000 et
677 1974 786 2001 afferret
801 1979 827 2001 et
843 1975 973 2001 indicaret
988 1975 1084 2009 magis.

311 2029 319 2045 1
344 2019 380 2047 Ut
401 2020 437 2047 sit
465 2019 635 2046 manifestum
669 2019 825 2051 illud,Ante
853 2019 991 2046 luciferum
1007 2020 1085 2054 genui

311 2074 320 2091 1
346 2071 388 2093 te:
405 2069 561 2098 usurpatum
578 2065 610 2090 ab
623 2064 798 2098 omnipotenti
815 2065 877 2095 Deo,
894 2066 926 2091 de
942 2064 1029 2091 Verbo
1043 2065 1086 2091 illo

312 2119 321 2136 1
343 2110 414 2144 quod
438 2110 604 2137 nascebatur
617 2117 679 2136 cutn
695 2117 777 2137 carne
802 2111 916 2137 humana
932 2117 979 2145 per
998 2110 1087 2145 Virgi-

312 2165 322 2181 1
346 2163 406 2183 nem
422 2163 429 2181 :
445 2155 561 2189 idipsum
587 2160 736 2182 attestante
766 2156 951 2191 evangelista.
968 2157 1084 2190 primmu

347 2213 450 2276 >115Ed.
463 2212 560 2245 Paris.,
575 2220 635 2247 pag.
651 2212 695 2240 48.
739 2212 760 2228 ¹⁷
774 2212 876 2240 Coloss.
892 2220 910 2244 ι,
928 2212 972 2239 l5.

309 2257 364 2281 οη,
380 2257 407 2277 .3.

346 2363 402 2400 (71)
415 2364 476 2392 Ἵνα
490 2363 539 2390 διὰ
548 2362 600 2389 τοῦ
611 2361 750 2400 ᾴορᾴζον.
758 2362 793 2400 At
802 2362 857 2400 hoc
864 2362 1029 2397 impossibile
1038 2369 1090 2400 est,

312 2405 338 2427 et
351 2397 495 2427 absurdum
510 2404 537 2425 ut
554 2397 754 2433 perinvisibile.
769 2397 874 2433 visibile
890 2403 1028 2426 cernatur.
1045 2399 1090 2426 Li-

312 2435 420 2463 brarius
434 2441 490 2461 rem
503 2438 543 2468 ret
558 2433 650 2468 verba,
664 2433 839 2467 transposuit.
863 2432 1028 2468 Legendum,
1045 2434 1090 2461 ἵνα

311 2468 407 2497 διάτοῦ
417 2467 514 2504 ὁρατοῦ
525 2468 555 2495 τὸ
568 2467 681 2504 ἀόρατον
696 2467 834 2504 φαίνηται.
846 2468 1003 2504 _M.—Porro
1012 2469 1090 2504 vulgo

312 2504 418 2540 ἀληθῶς
430 2502 479 2540 τοῦ
492 2504 552 2540 ἀορ.
569 2502 638 2540 θ.ἐι
650 2502 743 2537 ὡφειλ.
764 2502 863 2537 ett-{1b
884 2503 930 2529 καὶ
949 2511 980 2530 π.
1001 2509 1029 2531 et
1048 2502 1090 2531 τιν

314 2512 418 2540 unum:
433 2512 479 2530 του
492 2512 552 2564 αος.
569 2512 594 2529 υ.
611 2512 638 2529 et

314 2544 369 2575 lyp.
383 2539 435 2566 τινί
450 2539 514 2575 Mp.)
543 2538 647 2575 υνατόν.

349 2573 405 2609 (72)
420 2573 505 2609 Vulgo
520 2573 579 2599 καθ’
594 2574 637 2607 ὀμ.

349 2607 405 2645 (75)
420 2608 516 2645 Εικέῦν
524 2609 589 2635 ἐστι
600 2608 722 2645 μοιρρνᾄ
736 2607 851 2645 Legend.
866 2607 951 2645 ἔσται.
968 2607 1090 2642 Prophe-

315 2643 367 2672 tice
377 2643 448 2672 enim
459 2644 559 2670 dictum
575 2644 657 2670 voluit
671 2644 696 2669 in
706 2643 857 2670 Proverbiis
871 2643 942 2670 istud
958 2651 966 2669 :
980 2645 1049 2671 unde
1063 2649 1091 2671 et

315 2680 485 2708 Salomonetn
496 2682 574 2705 vocat
584 2679 741 2712 prophetam
754 2677 836 2704 Mout.
855 2678 892 2704 Μ.

350 2713 406 2750 (74)
422 2713 505 2750 Vulgo
515 2712 592 2750 λέγει
597 2712 625 2739 δὲ
639 2712 708 2739 οὕτω
721 2719 747 2739 et
758 2712 901 2750 δηλοῦντος
908 2712 959 2750 τοῦ
977 2712 1038 2750 aut.

351 2747 406 2784 (75)
426 2748 457 2775 '0
471 2748 632 2784 τηνικαῦτα
651 2750 755 2783 φανεὶς
771 2747 877 2784 ἀστήρ.
892 2748 963 2775 Nova
980 2749 1089 2784 περίιωο

317 2782 514 2817 interpretatio,
542 2783 694 2810 Luciferum
714 2784 741 2810 in
767 2782 835 2817 psal.
854 2790 908 2812 Clx.
934 2789 994 2809 esse
1016 2783 1088 2809 illam

317 2818 433 2849 stellam,
446 2819 507 2852 quia
523 2819 572 2844 viae
585 2818 638 2845 dux
656 2818 743 2846 fuerat
758 2818 843 2851 magis
861 2819 893 2844 ad
911 2817 1045 2845 Christum
1061 2818 1087 2844 in

317 2852 483 2880 Bethlehem.
503 2853 577 2885 Quod
601 2855 709 2880 omnino
729 2853 855 2886 supponit
869 2858 898 2880 ut
919 2857 1035 2884 certum,
1062 2852 1088 2879 id

316 2887 389 2922 quod
403 2892 524 2915 versatur
538 2888 564 2916 in
579 2889 734 2923 quaestione,
757 2895 792 2915 an
805 2888 882 2916 stella
895 2887 940 2916 illa
956 2891 1017 2915 ante
1031 2887 1089 2915 edi-

1022 2213 1044 2229 ¹⁸
1053 2212 1131 2241 Joan.
1147 2223 1173 2248 ι,
1187 2217 1231 2244 50.

1131 287 1139 303 1
1160 277 1318 308 ἀποστόλου,
1331 277 1378 311 τὴν
1388 276 1607 311 προσγενομένην
1617 275 1656 309 τῷ
1666 275 1742 309 Λόγῳ
1752 274 1850 309 σάρκα·
1870 273 1913 298 ἵνα

1132 333 1140 349 1
1172 323 1216 350 διὰ
1230 323 1276 350 τοῦ
1291 322 1406 358 ἀοράτου
1420 322 1476 357 (7i)
1490 322 1536 348 καὶ
1547 321 1575 348 τὸ
1588 320 1684 355 ὁρατὸν
1703 320 1840 355 φαίνηται.
1863 319 1913 345 El-

1132 378 1141 394 1
1161 368 1222 395 κὼν
1236 368 1269 394 δέ
1291 368 1366 398 ἐστι,
1398 367 1478 402 φησὶν
1494 367 1507 393 ὁ
1529 366 1695 397 Ἄπόστολος,
1708 365 1761 392 τοῦ
1786 364 1913 399 ἀοράτου

1136 424 1145 439 1
1167 414 1250 440 Θεοῦ.
1261 413 1317 439 Νῦν
1331 413 1419 448 δῆλον,
1433 414 1483 444 ὅτι,
1496 413 1613 447 ὁπηνίκα
1625 412 1674 447 τὴν
1688 412 1747 438 κατ’
1763 410 1855 437 εἰκόνα
1866 409 1912 436 τοῦ

1132 471 1141 486 ‹
1164 460 1230 486 Θεοῦ
1254 460 1403 495 γενομένην
1425 459 1552 494 ἀνείληφε
1579 459 1677 493 σάρκα,
1704 457 1785 484 εἰκὼν
1810 456 1913 491 ἀληθὴς

1133 518 1141 533 1
1161 508 1205 533 τοῦ
1223 507 1338 542 ἀοράτου
1359 505 1425 531 Θεοῦ
1440 506 1544 539 γέγονε.
1564 505 1594 530 Εἰ
1612 505 1665 539 γὰρ
1688 503 1731 529 διὰ
1746 503 1795 538 τῆς
1809 503 1912 533 εἰκόνος

1133 563 1141 578 1
1160 554 1259 588 ταύτης
1274 553 1318 579 τὸν
1335 552 1380 578 τοῦ
1394 552 1460 578 Θεοῦ
1475 552 1558 585 Λόγον
1573 550 1727 585 ἠξιώθημεν
1740 549 1852 583 γνῶναι,
1867 556 1912 574 πι-

1133 610 1141 624 1
1163 599 1265 625 στεύειν
1280 598 1421 633 ὀφείλομεν
1439 596 1510 631 αὑτῷ
1526 597 1564 631 τῷ
1580 596 1667 630 Λόγῳ,
1683 595 1727 621 διὰ
1744 595 1793 629 τῆς
1809 594 1912 624 εἰκόνος

1133 653 1141 668 1
1162 644 1275 678 λέγοντι,
1394 643 1441 669 καὶ
1458 645 1474 669 ὀ
1489 642 1588 675 Πατὴρ
1601 642 1635 668 ἓν
1651 642 1753 675 ἐσμεν.
1771 639 1840 666 Οὔτε
1858 639 1912 674 γὰρ

1133 700 1141 715 1
1160 690 1204 716 τὸν
1220 690 1303 724 Λόγον
1322 689 1382 715 οὔτε
1396 689 1440 714 τὸν
1456 689 1564 723 Πατέρα
1581 687 1626 714 τοῦ
1649 687 1744 720 Λόγου,
1758 686 1847 721 ’χωρὶς
1864 685 1913 719 τῆς

1133 746 1141 762 1
1161 736 1262 767 εἰκόνος
1283 735 1383 770 ταύτης
1400 734 1500 769 γνῶναί
1516 742 1576 759 τινα
1592 733 1711 759 δυνατόν.
1731 742 1739 756 ι
1764 731 1815 758 Καὶ
1833 730 1914 757 πάλιν

1131 781 1264 816 ἐπιφέρει·
1280 790 1288 806 1
1306 779 1458 813 Οΰτιιβγοῦν
1470 778 1704 808 κα”ιό”Απόστολός
1718 785 1807 812 φησιν,
1821 776 1914 811 ὥσπερ

1134 836 1142 851 1
1159 826 1488 862 μικριῖιιπρόσθενὲφαμεν,
1499 824 1662 851 Ἐκένωσεν
1669 823 1786 853 ἑαυτὸν,
1795 822 1914 857 μορφὴν

1134 882 1142 897 1
1161 872 1272 898 δούλου
1288 871 1398 902 λαϐὼν,
1423 871 1467 897 διὰ
1486 871 1534 905 τῆς
1559 870 1664 904 μορφῆς
1688 868 1734 894 τοῦ
1755 867 1849 893 δούλου
1866 866 1914 902 τὴν

1099 911 1119 937 Β
1135 929 1143 942 1
1163 917 1334 952 ἀνθρωπίνην
1351 917 1415 951 ἡμῖν
1438 916 1575 950 σημαίνων
1592 916 1688 950 σάρκα,
1706 914 1739 949 ἣν
1753 915 1767 939 ό
1783 913 1915 947 δεσπότης

1136 974 1144 989 1
1165 964 1241 998 ἡμῶν
1252 963 1326 994 Θεὸς,
1338 964 1369 997 τῇ
1383 961 1478 987 ἑαυτοῦ
1496 961 1663 987 διαπλάττων
1679 959 1767 994 σοφίᾳ,
1783 959 1915 991 Ποιήσω-

1136 1019 1144 1034 1
1161 1018 1218 1044 μεν
1237 1009 1401 1043 ἄνθρωπον,
1421 1008 1483 1043 ἔφη,
1502 1007 1564 1033 κατ’
1583 1007 1685 1033 εἰκόνα
1702 1005 1847 1040 ἡμετέραν
1865 1005 1914 1032 καί

1137 1066 1145 1080 1
1166 1056 1221 1090 (72)
1235 1057 1284 1089 ὀμι
1291 1055 1385 1086 ἱωσιν,
1404 1054 1493 1085 καλῶς
1507 1054 1554 1088 τὴν
1572 1052 1742 1087 ἀνθρωπίνην
1757 1052 1845 1086 σάρκα
1859 1052 1916 1077 όνιν

1136 1112 1144 1127 1
1166 1102 1259 1137 μάζων
1278 1102 1380 1128 εἰκόνα.
1399 1101 1475 1136 ’ᾙδει
1506 1101 1559 1135 γὰρ
1591 1099 1728 1135 ἀκριϐῶς,
1763 1099 1804 1124 ὅτι
1834 1097 1915 1124 εἰκὼν

1137 1156 1145 1171 1
1165 1147 1238 1173 ἔσται
1251 1146 1348 1181 μικρὸν
1363 1146 1418 1180 (75)
1429 1145 1540 1180 ὕστερον
1549 1144 1594 1171 τοῦ
1606 1143 1701 1170 ἑαυτοῦ
1710 1144 1805 1177 Λόγου.
1820 1151 1829 1168 ι
1840 1143 1915 1169 Μετά

1133 1193 1220 1219 ταῦτα
1240 1193 1366 1227 πειρᾶται
1381 1191 1604 1223 κατασκευάζειν,
1617 1191 1657 1217 ὅτι
1677 1189 1777 1220 καὶτὸ,
1797 1189 1848 1215 Ἐκ
1864 1197 1913 1223 τα-

1134 1239 1224 1272 στρδς
1246 1239 1301 1272 πρὸ
1317 1239 1470 1272 ἑωσφόρον
1483 1237 1631 1271 ἐγέννησά
1647 1245 1693 1268 σε,
1713 1235 1838 1271 περὶτῆς
1852 1244 1917 1270 σαρ-

1134 1285 1180 1316 κὸς
1196 1285 1312 1319 ἐλέγετο.
1329 1284 1464 1320 Γράφειδὲ
1476 1284 1561 1315 οὕτως
1577 1284 1644 1318 (74)
1663 1283 1730 1318 ιζΔιὰ
1739 1282 1818 1308 τοῦτο
1828 1282 1917 1308 τοίνυν

1137 1341 1146 1357 1
1167 1331 1213 1357 τοῦ
1241 1332 1289 1366 τὴν
1313 1332 1418 1366 ἡμέραν
1442 1330 1456 1356 δ
1473 1330 1599 1365 ηλοῦντος
1612 1330 1656 1355 τοῑ
1675 1329 1788 1364 ἀστέρος
1813 1328 1917 1362 ἑωσφό-

1136 1387 1145 1403 ‹
1165 1387 1211 1413 ρου
1224 1378 1275 1403 ὑπὸ
1286 1376 1333 1402 τοῦ
1347 1378 1483 1412 προφήτου
1495 1376 1576 1402 Δαὸὶδ
1587 1376 1697 1407 εἰκότως
1712 1374 1916 1410 ὀνομασθέντος,

1136 1432 1145 1447 1
1164 1423 1213 1449 οὐκ
1226 1423 1264 1448 ἔτι
1278 1420 1415 1456 ζητεῖσθαι
1426 1422 1527 1448 δίκαιον
1538 1422 1583 1448 τὸν
1596 1422 1740 1457 ἑωσφόρον,
1755 1421 1796 1452 τίς
1807 1420 1838 1456 δή
1853 1429 1917 1446 ποτε

1137 1479 1145 1494 1
1163 1469 1199 1495 ὣν
1213 1467 1287 1500 οὗτος
1300 1469 1441 1504 τυγχάνει·
1461 1466 1537 1500 οὗτος
1550 1469 1603 1503 γὰρ
1622 1466 1655 1503 ἦν
1672 1470 1686 1494 ὁ
1698 1467 1847 1503 τηνικαῦτα
1868 1475 1918 1501 φα-

1137 1524 1145 1540 1
1164 1515 1218 1546 νεὶς
1236 1515 1322 1550 ἀστὴρ
1334 1515 1401 1549 (75),
1419 1515 1433 1540 ό
1447 1514 1535 1549 φέρων
1548 1523 1577 1540 τε
1593 1515 1639 1540 καὶ
1654 1514 1738 1549 δηλῶν
1753 1514 1802 1549 τὴν
1813 1514 1918 1549 ἡμέραν

1097 1581 1118 1610 C
1138 1570 1146 1586 1
1167 1562 1222 1592 τοῖς
1239 1562 1335 1596 μάγοις
1352 1561 1417 1596 (76).
1434 1561 1566 1596 Πρόδηλον
1580 1559 1625 1587 οὖν
1637 1561 1677 1591 τὸ,
1690 1561 1747 1594 Πρὸ
1764 1560 1917 1594 ἑωσφόρον

1139 1614 1147 1630 1
1166 1606 1313 1639 ἑγὲννησά
1323 1614 1369 1638 σε,
1384 1606 1436 1632 ὑπὸ
1450 1606 1494 1632 τοῦ
1510 1606 1725 1642 παντοκράτορος
1740 1605 1865 1641 εἰρῆσθαι
1873 1606 1919 1631 Δε-

1138 1659 1147 1675 1
1167 1651 1274 1682 σπότου,
1287 1652 1350 1687 περὶ
1362 1652 1407 1677 τοῦ
1419 1651 1462 1677 διὰ
1473 1653 1521 1687 τῆς
1536 1651 1671 1687 Παρθένου
1683 1652 1857 1687 γεννηθέντος
1871 1652 1918 1677 σὺν

1140 1699 1198 1732 (τῇ
1214 1697 1369 1733 ἀνθρωπίνῃ
1391 1698 1471 1733 σαρκὶ
1489 1698 1585 1731 Λόγου,
1600 1697 1692 1731 σαφῶς
1705 1697 1751 1723 καὶ
1775 1697 1854 1723 τοῦτο
1872 1697 1918 1723 τοῦ

1139 1752 1147 1768 1
1168 1743 1332 1777 Εὑαγγελίου
1351 1744 1538 1778 σημαίνοντος,
1551 1744 1682 1778 πρότερον
1699 1744 1747 1778 μὲν
1762 1743 1807 1769 τὸν
1816 1744 1919 1769 Δεσπό-

1140 1797 1148 1813 1
1168 1797 1217 1823 την
1234 1788 1310 1823 ἡμῶν
1326 1788 1370 1814 διὰ
1384 1789 1432 1823 τῆς
1451 1789 1587 1823 Παρθένου
1606 1788 1740 1824 τετέχθαι,
1763 1788 1876 1824 ὕστερον
1890 1789 1918 1815 δὲ

1140 1843 1149 1859 1
1167 1834 1212 1860 τὸν
1231 1834 1332 1870 ἀστέρα
1349 1835 1474 1870 φανῆναι,
1491 1835 1536 1861 τὸν
1553 1836 1601 1870 τὴν
1619 1836 1723 1872 ἡμέραν
1737 1835 1887 1862 δεικνύντα.
1907 1845 1916 1860 ι

1144 1881 1204 1908 Ἐπὶ
1219 1880 1322 1912 τούτοις
1335 1882 1435 1917 προῖὼν
1450 1881 1528 1914 αὖθις
1542 1883 1670 1916 ἐπιλέγει·
1689 1893 1698 1908 1
1708 1882 1825 1917 Είληφεν
1839 1882 1893 1918 γὰρ
1905 1882 1919 1908 ὁ

1140 1937 1149 1953 1
1168 1928 1308 1963 ἄνθρωπος
1323 1929 1352 1954 οὺ
1379 1929 1457 1963 μόνον
1476 1930 1524 1964 τὴν
1548 1929 1593 1954 ἐπὶ
1611 1929 1661 1964 γῆς
1678 1928 1730 1955 τῶν
1750 1929 1919 1964 πραγμάτων

1141 1983 1149 1998 1
1171 1973 1302 2006 ἐξουσίαν,
1319 1974 1387 2000 ἀλλὰ
1405 1975 1451 2000 καὶ
1467 1975 1519 2001 τῶν
1536 1976 1564 2001 ἐν
1581 1975 1713 2010 οὐρανοῖς.
1731 1975 1870 2006 Εἰκότως·
1895 1975 1919 2000 ει

1141 2028 1150 2044 ‹
1171 2020 1224 2055 γὰρ
1239 2021 1282 2046 ὅτε
1300 2021 1346 2046 καὶ
1362 2021 1503 2056 ἄνθρωπος
1521 2021 1639 2054 ἐγένετο,
1656 2021 1702 2047 καὶ
1721 2021 1833 2057 μεσίτης
1852 2021 1919 2047 Θεοῦ

1142 2076 1150 2090 1
1172 2066 1219 2091 καὶ
1234 2066 1393 2101 ἀνθρώπων,
1411 2066 1470 2092 τότε
1492 2067 1531 2097 εἰς
1548 2067 1626 2093 αὑτὸν
1644 2067 1754 2102 ἐκτίσθη
1770 2066 1805 2093 τὰ
1821 2067 1920 2098 πάντα,

1141 2121 1151 2136 ‹
1172 2112 1209 2143 ὼς
1224 2112 1275 2146 ἔφη
1287 2113 1301 2138 ὀ
1320 2112 1487 2144 Ἀπόστολος,
1501 2112 1536 2139 τά
1546 2120 1576 2138 τε
1591 2114 1619 2138 ὲν
1631 2112 1754 2149 οὐρανοῖς
1767 2113 1814 2139 καὶ
1829 2113 1865 2139 τὰ
1876 2113 1921 2139 ἐπὶ

1142 2166 1151 2182 1
1170 2157 1221 2192 γῆς
1234 2157 1378 2185 ἀκόλουθόν
1392 2158 1466 2184 ἐστιν
1486 2158 1608 2195 ἀκριϐῶς
1621 2158 1775 2193 γινώσκειν,
1789 2159 1831 2185 ὅτι
1843 2158 1921 2191 ἔξου-

1285 2217 1307 2235 "
1317 2216 1413 2251 Philip.
1427 2225 1456 2250 n,
1472 2216 1498 2244 7.
1551 2216 1573 2232 ¹⁰
1590 2215 1658 2244 Gen.
1677 2224 1698 2248 ι,
1715 2216 1759 2244 26.
1814 2216 1835 2232 “
1850 2215 1921 2243 Psal.

1106 2360 1128 2387 Ῑ)
1143 2370 1199 2393 tum
1212 2365 1238 2392 in
1254 2364 1340 2391 lucem
1355 2364 1527 2392 Servalorem
1542 2364 1715 2399 apparuerit?
1735 2364 1830 2391 statuit
1849 2365 1921 2391 enim

1141 2401 1184 2427 hic
1199 2400 1364 2434 apparuisse.
1380 2414 1415 2420 —
1429 2399 1465 2426 Μ.
1483 2399 1547 2427 Dein
1565 2399 1644 2433 vulgo
1660 2399 1748 2434 δηλῶν
1766 2399 1884 2434 ἡμέραν.

1176 2433 1232 2470 (76)
1246 2434 1309 2467 Τοῖς
1318 2433 1439 2470 Μάγοις.
1455 2435 1536 2467 Quasi
1557 2434 1633 2461 stella
1650 2433 1843 2469 Magortilnilla
1858 2436 1921 2461 luis-

1141 2475 1184 2497 set
1197 2470 1333 2497 ordinaria
1349 2478 1356 2496 :
1370 2476 1426 2503 aut,
1442 2470 1513 2504 quod
1529 2470 1596 2504 ipse,
1611 2470 1685 2496 solus
1698 2470 1791 2501 credo,
1807 2470 1846 2496 ait
1859 2477 1920 2496 cum

1140 2504 1414 2540 GregoriorNysseno,
1436 2506 1527 2531 caeteri
1545 2508 1639 2531 omnes
1653 2505 1829 2532 dissentiunt.
1846 2504 1921 2540 Nun-

1140 2547 1220 2575 quam
1236 2539 1306 2575 enitn
1331 2540 1405 2574 prius
1421 2540 1488 2571 visa,
1502 2547 1550 2566 nec
1572 2540 1605 2566 ab
1629 2547 1661 2567 eo
1681 2544 1813 2574 tempore,
1829 2539 1921 2575 obser:

1140 2573 1201 2600 \iata
1216 2574 1287 2608 quod
1300 2580 1371 2600 motu
1388 2580 1458 2601 mota
1474 2583 1499 2601 In
1514 2582 1618 2609 gyrum.
1639 2575 1749 2601 horsum
1765 2581 1873 2602 versum
1890 2573 1921 2600 ad

1140 2610 1320 2636 occidentem.
1348 2610 1423 2642 Quod
1447 2610 1562 2636 interdiu
1593 2611 1661 2638 visa.
1686 2610 1757 2644 quod
1778 2609 1921 2643 aliquando

1153 2651 1189 2684 ter
1199 2644 1261 2684 dies
1274 2645 1405 2684 quosdam
1425 2644 1576 2684 occultata:
1592 2645 1662 2679 quod
1676 2644 1866 2684 uni_alicui_de
1879 2651 1920 2670 re-

1141 2679 1222 2712 liquis
1237 2679 1331 2711 stellis,
1356 2679 1415 2705 sine
1437 2679 1567 2706 miraculo
1583 2688 1637 2707 non
1655 2681 1741 2714 potuit
1754 2679 1919 2712 contingere.

1141 2718 1186 2740 aut
1197 2718 1225 2739 ut
1235 2713 1296 2740 huic
1308 2713 1455 2751 multeri_et
1470 2709 1557 2751 ollicio
1570 2715 1721 2751 inserviret.
1741 2714 1800 2740 Ideo
1814 2713 1920 2751 quidam

1142 2755 1273 2775 cometam
1289 2748 1574 2783 aiuntzaliiangelum.
1587 2749 1717 2783 Spiritum
1727 2747 1920 2783 sanctumializ,

1142 2783 1186 2809 alii
1200 2790 1290 2810 veram
1301 2784 1417 2816 stellam,
1433 2782 1517 2810 scd’in
1536 2782 1649 2811 nihilum
1664 2784 1821 2811 resolutam.
1840 2782 1875 2808 M.
1890 2794 1922 2801 --

1141 2817 1303 2855 Infravulgo
1313 2817 1452 2855 ἐκτίσθαιέ
1465 2818 1617 2855 Βᾲεγτισται
1628 2827 1636 2852 ;
1646 2818 1792 2855 όείηννυιεο
1804 2817 1850 2855 ea).
1861 2816 1924 2855 γῆξ,

1141 2852 1318 2914 οιλλέγῃίθιι
1336 2853 1450 2895 διὰπτοῦ
1477 2853 1544 2881 Θεοῦ
1574 2854 1624 2882 all.
1647 2859 1674 2882 et
1701 2852 1853 2888 ὑπερόολὴν
1876 2852 1921 2885 τῆς

1142 2896 1172 2914 ot
1192 2907 1198 2914 .
