2045 3215
725 175 868 206 CONTRA
885 177 1099 206 MARCELLUM
1119 178 1184 208 LIB.
1203 178 1235 206 II.

1726 184 1779 212 "0

167 240 178 258 1
198 231 244 258 σία
259 231 289 258 οὺ
308 230 388 266 μόνον
401 232 453 258 τῶν
468 231 514 258 ἐπὶ
531 231 592 267 γῆς,
610 233 694 269 αὐτῷ,
710 234 777 262 ἀλλὰ
791 237 837 263 καὶ
851 237 904 263 τῶν
920 238 944 264 ὲν

1002 247 1012 264 1
1035 238 1069 266 de
1096 238 1206 272 Virgine
1234 237 1378 267 Dominum
1407 245 1531 268 nostrum
1555 248 1729 278 generatum,
1752 250 1782 275 et

167 287 178 304 1
197 277 322 314 οὐρανοῖς
335 277 448 304 δέδοται.
473 278 527 305 Καὶ
549 277 627 311 αὖθις
648 280 707 315 μεθ’
728 281 809 317 ἓτερα
830 283 947 317 ἐπάγει’

167 330 177 348 1
195 321 227 348 El
245 321 299 357 γὰρ
313 322 377 357 περί
392 331 464 355 τινος
478 323 556 359 δόξης
579 325 701 361 δοθείσης
721 327 795 363 αὐτῷ
810 329 884 365 παρὰ
902 329 949 356 τοῦ

167 377 176 395 1
193 367 301 404 Πατρός
322 368 353 395 τὸ
369 369 440 405 ἱερὸν
461 370 626 405 Εὑαγγέλιον
650 371 734 406 λέγει,
758 374 858 410 ταύτην
871 376 885 402 ό
901 376 949 402 ἄν-

166 422 177 440 1
194 414 303 450 θρωπος
318 413 361 441 διὰ
373 414 419 440 τοῦ
434 414 519 449 Λόγου
541 416 658 451 εἰληφὼς
675 417 811 451 φαίνεται.
829 419 950 455 Μεσιτης

166 468 176 485 1
194 458 250 494 γὰρ
268 459 420 494 γενόμενος,
437 459 507 486 κατὰ
529 460 574 487 τὸν
593 461 663 496 ἱερὸν
692 462 861 496 Ἀπόστολον,
882 464 949 491 Θεοῦ

165 513 176 530 1
196 512 227 530 τε
242 504 288 531 καὶ
303 503 463 539 ἀνθρώπων,
480 506 512 540 τῇ
528 505 634 540 δοθείσῃ
653 506 728 542 αὐτῷ
745 508 819 542 παρὰ
832 508 879 534 τοῦ
894 509 950 535 Πα-

165 558 176 574 1
195 549 259 585 τρδς
282 549 345 585 δόξῃ
365 551 426 582 τοὺς
449 550 584 582 θεοσεϐεῖς
602 551 726 584 ἐδόξασεν
749 552 916 589 ἀνθρώπους.
937 563 946 580 ι

162 595 218 622 Καὶ
234 595 314 622 πάλιν
336 595 496 631 προστίθησι
516 596 610 624 ταῦτα·
628 606 638 622 1
659 599 712 624 Kal.
726 598 825 633 ἠξίωσε
840 600 885 626 τὸν
902 609 950 626 πε-

164 650 174 666 1
195 641 276 668 σόντα
289 641 333 668 διὰ
344 642 395 677 τῆς
415 643 557 678 παρακοῆς
571 643 712 679 ἄνθρωπον
731 645 771 680 τῷ
790 646 886 673 ἑαυτοῦ
905 647 948 674 διὰ

164 696 174 713 1
191 688 241 724 τῆς
254 688 393 724 Παρθένου
411 689 578 725 συναφθῆναι
593 690 680 725 Λόγῳ.
699 692 766 718 Ποία
780 693 833 728 γὰρ
850 694 878 720 ὲν
900 694 948 720 ἀν-

163 741 174 759 1
195 731 315 768 θρώποις
339 733 420 770 ἑτέρα
437 733 537 769 μείζων
551 735 614 766 δόξα
636 735 732 769 γένοιτ’
748 737 780 763 ἂν
803 738 852 772 τῆς
870 738 948 773 δόξης

163 787 174 805 1
193 778 314 815 ταύτης,
329 779 421 806 Εῐπὼν
432 780 471 812 δὲ,
485 781 535 812 ὃτι,
552 781 683 813 ἐδόξασά
696 792 742 815 σε,
759 784 883 820 ἐπιφέρει
903 785 947 811 λέ-

163 834 174 852 ι
191 833 248 860 γων
259 834 265 840 ·
279 826 328 853 καὶ
341 826 434 853 nunc
447 827 576 861 δοξάσω,
592 829 634 855 ἵνα
647 829 679 856 δι’
695 830 846 867 ὑπερϐολὴν
859 831 949 866 φιλαν-

163 879 174 897 1
193 871 325 908 θρωπιας,
347 873 377 899 ἐν
396 875 428 909 τῇ
452 874 521 909 μετὰ
537 875 586 909 τὴν
608 875 755 902 ἀνάστασιν
778 878 826 913 τῆς
847 877 948 913 σαρκὸς

1003 291 1013 309 1
1037 283 1167 316 deinceps
1185 288 1273 310 ortum
1296 283 1380 312 fuisse
1403 285 1544 314 luciferum
1558 287 1603 321 qui
1619 287 1691 316 diem
1711 290 1782 318 indi-

1003 338 1012 354 1
1035 334 1109 357 caret
1140 329 1191 365 [IL
1210 330 1313 367 XCIV].
1330 340 1340 356 ι
1363 331 1525 367 Progressus
1553 333 1642 360 adhuc
1666 335 1781 366 ulterius

1000 374 1052 402 ista
1078 375 1220 409 loquitur:
1239 385 1248 401 1
1265 375 1390 412 Suscepit
1413 378 1485 405 enim
1506 379 1587 407 homo
1609 389 1662 409 non
1693 383 1781 412 solum

1002 429 1012 446 1
1034 425 1194 455 potestatem
1217 429 1308 448 rerum
1329 430 1423 449 earum
1446 431 1506 457 qua:
1526 424 1553 452 in
1574 430 1644 454 terra
1661 426 1779 461 fuerant.

1002 475 1012 492 1
1034 466 1081 493 sed
1100 471 1128 494 et
1146 467 1228 494 etiam
1244 474 1304 501 quae
1322 467 1349 494 in
1371 468 1458 496 ctelis.
1471 468 1526 497 Nec
1548 470 1657 505 injuria.
1673 472 1741 501 Nam
1757 473 1782 502 si

1002 520 1012 538 1
1035 517 1091 540 tum
1116 520 1176 540 cum
1208 514 1289 541 homo
1317 514 1405 548 ﬂeret,
1431 520 1459 542 et
1479 516 1525 543 Dei
1548 512 1681 546 mediator
1698 524 1782 555 atque

1003 566 1012 583 1
1035 557 1187 590 hominum,
1201 566 1249 593 per
1263 566 1324 586 eum
1340 564 1367 587 et
1388 560 1415 587 in
1431 567 1463 587 eo
1478 562 1568 589 omnia
1583 570 1674 591 creata
1689 570 1781 598 erant,

1002 611 1012 628 1
1034 608 1063 629 ut
1076 604 1174 630 asserit
1192 603 1336 637 Apostolus
1348 625 1356 635 .
1372 613 1484 640 quaeque
1506 606 1533 634 in
1549 608 1626 636 cmlis
1648 614 1736 642 erant.
1753 616 1782 638 et

1002 657 1012 674 1
1034 655 1094 682 qua:
1112 649 1138 675 in
1155 654 1226 676 terra
1238 650 1271 681 ",
1287 657 1457 685 consequens
1475 656 1517 679 est
1532 658 1628 681 exacte
1641 655 1781 683 sciendum

1002 702 1011 719 ε
1034 702 1105 726 esse,
1132 699 1294 728 potestatem
1314 696 1339 723 εἰ
1363 704 1521 725 concessam
1539 706 1590 726 non
1615 705 1717 727 tantum
1735 709 1782 729 οο-

1003 748 1012 765 1
1033 748 1090 766 rum
1107 748 1166 775 quae
1194 742 1219 768 in
1243 744 1334 775 terris,
1361 743 1408 770 sed
1427 745 1508 770 etiam
1526 749 1554 772 et
1574 752 1634 779 qua:
1649 746 1676 773 in
1704 747 1782 775 ocelis

1002 795 1011 811 1
1035 790 1123 813 erant.
1153 787 1181 814 Si
1212 787 1331 822 loquitur
1373 795 1574 818 sacrosanctum
1605 791 1779 828 Evangelium

1001 839 1010 856 1
1034 830 1067 857 de
1092 831 1181 865 aliqua
1207 831 1243 858 illi
1271 839 1284 858 a
1307 830 1389 860 Patre
1416 841 1544 862 concessa
1570 835 1677 871 gloria,
1709 839 1781 866 hanc

1001 885 1010 901 1
1033 882 1107 903 certe
1141 885 1188 912 per
1214 876 1298 904 Deum
1325 871 1406 905 homo
1432 880 1600 908 convincitur
1633 883 1779 919 accepisse.

163 926 172 943 1
190 916 304 953 δευτέρᾳ
315 917 378 954 δόξῃ
399 918 444 945 τὸν
460 920 591 955 πρότερον
608 920 704 955 θνητὸν
726 909 868 958 napum
882 909 944 949 ἆθά-

1001 931 1011 948 1
1034 909 1313 957 Factusvsiquidem,
1345 929 1375 952 ut
1400 931 1511 953 sanctus
1534 927 1591 954 vult
1623 909 1780 964 Aposlolus,

163 971 172 988 1
192 971 271 990 νατον
279 964 480 999 ἀπεργάσηται,
489 965 534 991 καὶ
546 966 663 1002 τοσαύτῃ
675 967 753 994 αὐτὸν
765 967 862 1004 δοξάσῃ
875 968 946 1004 δόξῃ,

162 1017 172 1034 1
194 1007 264 1035 ὥστε
283 1009 320 1044 μὴ
337 1010 416 1044 μόνον
433 1011 513 1036 αὑτὸν
530 1011 579 1046 τῆς
598 1013 733 1047 προτέρας
757 1013 947 1050 ἀπαλλαγῆναι

162 1062 172 1079 1
192 1053 323 1086 δουλείας,
338 1055 405 1081 ἀλλὰ
419 1056 467 1082 καὶ
485 1057 533 1092 τῆς
551 1057 621 1093 ὑπὲρ
638 1058 779 1093 ἄνθρωπον
798 1059 947 1095 ἀξιωθῆναι

162 1109 172 1126 1
191 1099 279 1136 δόξης.
299 1110 309 1126 ι
328 1101 382 1128 Καὶ
399 1100 476 1134 αὖθις
489 1104 619 1138 ἐπιλέγει·
639 1114 648 1130 1
663 1105 731 1137 Ἵνα,
746 1106 783 1138 ὡς
797 1106 874 1142 ἔφην,
895 1107 948 1133 ὑπὸ

163 1153 173 1171 1
192 1145 239 1173 τοῦ
254 1145 378 1173 διαὸόλου
393 1147 568 1184 ἅπατηθέντα
585 1150 716 1186 πρότερον
734 1150 780 1178 τὸν
794 1152 946 1188 ἄνθρωπον,

163 1201 173 1217 1
191 1191 273 1219 αὑτὸν
284 1190 362 1225 αὖθις
374 1196 483 1230 νικῆσαι
496 1195 541 1222 τὸν
552 1196 673 1224 διάϐολον
685 1199 948 1235 παρασκευάσῃ.Διὰ

163 1246 173 1263 1
190 1237 269 1264 τοῦτο
278 1239 407 1275 ἀνείληφε
416 1241 464 1266 τὸν
479 1241 632 1277 ἄνθρωπον,
641 1243 683 1269 ἵνα
694 1244 847 1276 ἀκολούθως
853 1245 947 1273 τοῦτον

163 1293 173 1310 t
192 1284 318 1321 ἀπαρχὴν
331 1286 381 1321 τῆς
394 1286 517 1319 ἐξουσίας
529 1288 694 1324 παραλαϐεῖν
711 1291 916 1328 παρασκευάσῃ.
933 1301 943 1318 ι

159 1329 214 1357 Καὶ
227 1331 405 1366 προστίθησιν
420 1332 458 1358 ἔτι
474 1332 570 1367 λέγων’
586 1343 595 1359 1
611 1332 693 1366 Οὗτος
706 1335 760 1370 γάρ
774 1336 846 1362 ἐστιν
858 1337 872 1362 ὁ
883 1337 948 1371 ἀγα-

162 1385 172 1402 1
190 1376 274 1412 πητδς
285 1396 293 1409 ,
315 1378 329 1403 ό
346 1377 385 1412 τῷ
401 1378 479 1413 Λόγῳ
496 1379 606 1411 ὲνωθεὶς
622 1380 774 1416 ἄνθρωπος,
798 1382 862 1417 περὶ
881 1379 910 1410 οὔ
932 1383 946 1409 ὁ

162 1431 172 1448 1
192 1422 387 1459 εὐαγγελιστὴς
406 1424 475 1459 ἔφη·
502 1424 595 1459 οὗτός
618 1427 703 1453 ἐστιν
727 1429 742 1453 ό
769 1428 833 1459 ΥΙός
853 1437 912 1462 μου
929 1430 947 1455 ὁ

162 1477 172 1495 1
191 1469 353 1504 ἀγαπητὸς,
364 1471 399 1497 ἐν
413 1468 437 1504 ᾦ
451 1471 612 1506 εὐδόκησα.
628 1482 637 1498 ›
650 1474 703 1499 Καὶ
718 1471 794 1505 αὖθις
810 1475 943 1510 ἐπιφέρει·

163 1521 174 1538 ι
194 1513 255 1539 Ὀτι
270 1514 285 1540 ὁ
295 1511 377 1548 Λόγος
392 1515 438 1541 τοῦ
455 1516 570 1550 ἀοράτου
586 1517 652 1544 Θεοῦ
676 1518 719 1544 διὰ
737 1519 874 1554 Παρθένου
889 1520 944 1554 (77)

1001 977 1011 994 1
1034 967 1082 994 Dei
1099 968 1233 995 mediator
1258 973 1340 1003 atque
1365 970 1548 1003 hominum",
1571 972 1643 1000 viros
1665 974 1724 1008 pios
1749 982 1781 1002 ea

1001 1023 1010 1038 1
1031 1013 1115 1048 gloria
1130 1013 1299 1048 gluriilcavit,
1317 1023 1397 1049 quam
1426 1016 1477 1050 ipsi
1500 1017 1648 1046 donaverat
1664 1019 1754 1048 Pater.
1768 1029 1778 1046 ι

999 1059 1031 1086 Et
1047 1059 1123 1086 addit
1142 1067 1235 1087 rursus
1255 1060 1302 1096 [Β.
1315 1060 1407 1098 XCVI]
1428 1070 1434 1089 :
1454 1071 1464 1088 1
1479 1063 1511 1090 Et
1533 1063 1690 1099 dignitatem
1707 1065 1780 1093 illam

1000 1113 1010 1131 1
1033 1105 1134 1132 homini
1161 1112 1209 1140 per
1236 1111 1377 1140 peccatum
1405 1107 1481 1143 lapso
1507 1110 1661 1142 concessit,
1683 1115 1713 1138 ut
1731 1119 1781 1138 suo

1001 1160 1010 1177 1
1035 1151 1120 1185 ipsius
1134 1151 1222 1179 Verbo
1237 1160 1284 1186 per
1298 1152 1433 1187 Virginem
1450 1154 1582 1182 uniretur.
1601 1155 1693 1190 Ecqua
1707 1157 1780 1184 enim

1000 1205 1010 1223 1
1032 1197 1084 1223 alia
1106 1197 1190 1225 haece
1213 1198 1300 1233 major
1316 1198 1401 1233 gloria
1422 1200 1494 1226 inter
1508 1201 1633 1229 homines
1648 1203 1781 1236 praedica-

1000 1252 1010 1268 1
1035 1243 1096 1270 Iurl
1108 1243 1175 1270 Cum
1194 1243 1307 1271 dixisset
1322 1245 1468 1279 gloriﬁcavi
1479 1252 1513 1277 te,
1529 1245 1622 1279 Iniert.
1638 1252 1663 1273 et
1683 1248 1780 1274 iterum

1000 1297 1010 1314 1
1033 1289 1187 1324 gloriﬁcabo
1198 1289 1221 1305 “
1245 1294 1298 1316 :ut
1329 1298 1361 1317 ex
1391 1290 1521 1319 immensa
1551 1300 1599 1318 sua
1626 1293 1781 1321 misericor-

1000 1343 1010 1360 1
1033 1335 1095 1368 dia,
1130 1336 1157 1362 in
1184 1337 1303 1363 secunda
1334 1340 1395 1371 post
1429 1338 1520 1364 carnis
1552 1338 1779 1366 resurrectionem

1000 1390 1009 1406 1
1034 1381 1135 1415 gloria,
1178 1382 1316 1410 hominem
1356 1382 1432 1417 prius
1473 1383 1613 1410 mortalem
1655 1384 1781 1412 redderet

999 1436 1009 1452 1
1031 1427 1225 1461 immortalem,
1240 1433 1267 1455 et
1283 1432 1356 1456 tanta
1372 1428 1446 1455 illum
1460 1428 1544 1463 gloria
1561 1429 1737 1462 gloriﬁcaret,
1748 1433 1778 1462 ὦ

1000 1481 1009 1498 1
1030 1477 1119 1500 utnon
1130 1474 1209 1500 modo
1225 1475 1356 1501 servitute
1368 1474 1449 1509 priori
1463 1474 1592 1501 liberetur
1604 1494 1611 1506 ,
1625 1476 1670 1502 sed
1686 1476 1781 1511 majori

999 1527 1008 1544 1
1030 1518 1113 1553 gloria
1133 1520 1265 1546 vestiatur
1279 1527 1361 1554 quam
1379 1520 1469 1554 capiat
1484 1519 1574 1547 homo.
1585 1529 1595 1546 ›
1621 1520 1654 1547 Et
1670 1520 1780 1553 iterum,

163 1566 174 1583 1
192 1557 370 1592 τεχθήσεσθαι
392 1559 499 1594 ἔμελλε,
515 1561 562 1587 καὶ
578 1561 626 1596 τὴν
646 1561 818 1597 ἀνθρωπίνην
843 1562 943 1597 ἀναλή-

998 1565 1042 1601 {IL
1053 1565 1171 1601 XCVII]:
1183 1575 1192 1591 1
1205 1565 1237 1593 Ut
1250 1565 1465 1593 hominemillum
1476 1566 1571 1601 priusa
1583 1566 1689 1593 diabolo
1701 1573 1782 1601 supe-

163 1611 172 1628 1
189 1602 286 1637 ψεσθαι
298 1604 396 1640 σάρκα.
411 1606 465 1632 Καὶ
479 1607 521 1633 ῖνα
533 1606 658 1642 διἀὐτῆς
673 1608 719 1634 τὸν
736 1609 866 1643 πρότερον
881 1618 945 1635 κατ-

161 1657 171 1674 1
193 1648 338 1684 ισχύσαντα
369 1650 413 1677 τοῦ
439 1651 583 1687 ἀνθρώπου
612 1652 734 1679 διάῦολον
760 1654 945 1687 καταγωνισά-

159 1702 170 1719 1
190 1702 280 1729 μενος,
294 1695 331 1731 μὴ
347 1697 426 1730 μόνον
443 1697 581 1733 ἄφθαρτον
594 1698 675 1725 αὑτὸν
691 1699 738 1726 καὶ
754 1700 886 1726 ἀθάνατον
903 1708 946 1734 γε·

160 1747 171 1764 1
186 1739 278 1767 νέσθαι
296 1743 504 1780 παρασκευάσῃ,
520 1743 588 1771 ἀλλά
603 1744 650 1770 καὶ
667 1744 809 1781 σύνθρονον
822 1746 850 1771 ἐν
863 1746 945 1781 οὐρα-

160 1793 170 1810 1
191 1785 243 1817 ni:
259 1785 299 1821 τῷ
319 1786 387 1822 Θεῷ.
410 1797 419 1814 ι
447 1789 539 1816 Ταῦτα
553 1789 581 1816 δὲ
597 1790 686 1816 πάντα
703 1791 848 1824 ἀναγκαῖον
877 1799 944 1818 κατ-

157 1826 229 1864 έχειν
242 1831 270 1857 ὲν
285 1832 379 1867 μνήμῃ
388 1832 432 1859 διὰ
444 1833 478 1860 τὰ
492 1833 622 1868 μέλλοντα
641 1835 684 1861 ὑπ’
698 1836 780 1862 αὑτοῦ
793 1836 847 1871 (78)
863 1834 945 1872 Μαρ-

156 1874 252 1902 κέλλου
270 1878 340 1905 κατὰ
361 1879 409 1913 τῆς
433 1880 543 1915 σαρκὸς,
562 1878 595 1916 ἧς
614 1881 758 1916 ἀνείληφεν
773 1882 786 1907 ὀ
806 1881 853 1908 τοῦ
875 1881 942 1911 Θεοῦ

157 1921 252 1956 Λόγος,
273 1923 466 1959 προφέρεσθαι.
499 1925 541 1956 Ὠς
557 1925 610 1960 γὰρ
630 1926 823 1962 ἀμνημονήσας
842 1928 943 1954 τούτων

156 1967 284 1995 ἁπάντων
298 1966 336 1996 ὧν
358 1969 475 2003 ἐξέθετο,
494 1971 570 2004 τέλος
586 1972 636 1998 οὐκ
655 1972 741 1999 αἴσιον
763 1974 816 2000 οὐδ’
833 1975 942 2007 εὐσεϐὲς

156 2012 255 2048 ἐπάγει
275 2014 314 2050 τῷ
335 2016 461 2051 σωτηρίῳ
479 2016 594 2052 σώματι.
615 2018 687 2053 Πρὸς
709 2019 812 2051 τούτοις
829 2019 940 2052 ἅπασιν,

156 2059 251 2096 ὥσπερ
267 2061 320 2088 τῶν
344 2062 484 2098 προτέρων
509 2063 583 2099 αὑτῷ
601 2065 831 2100 κατωρθωμένων,
848 2068 943 2102 πειρᾶ-

155 2111 203 2134 τοι
212 2105 348 2133 δεικνύναι
366 2107 413 2134 καὶ
426 2108 467 2139 τὸ,
483 2110 499 2135 ὀ
515 2110 621 2143 Κύριος
635 2111 842 2143 ἐϐασίλευσεν,
852 2112 943 2147 ἀγαλ-

155 2152 270 2180 αιὰσθω
282 2153 302 2186 ὴ
321 2153 370 2187 τῆ,
387 2155 426 2187 εις
441 2154 489 2190 τὴν
509 2155 597 2191 σάρκα
610 2157 801 2192 ἀναφέρεσθαι.
817 2158 898 2192 Λέγει
913 2158 942 2186 δὲ

155 2197 252 2230 οὕτως’
270 2208 279 2224 1
301 2200 330 2226 '0
346 2200 411 2234 γοῦν
435 2201 566 2233 καταϐὰς,
591 2202 636 2228 καὶ
656 2203 704 2238 τὴν
722 2204 810 2239 σάρκα
828 2203 872 2230 διὰ
892 2204 941 2239 τῆς

998 1620 1007 1637 1
1032 1617 1131 1644 ratum,
1159 1611 1290 1638 victorem
1305 1611 1406 1639 diaboli
1426 1612 1613 1638 constitueret.
1637 1612 1779 1640 Hominem

998 1667 1007 1684 1
1031 1658 1132 1685 idcirco
1145 1659 1172 1684 in
1191 1665 1220 1685 se
1232 1657 1397 1692 assumpsit,
1411 1662 1440 1684 ut
1451 1658 1520 1692 quod
1536 1665 1705 1691 consequens
1716 1657 1779 1690 fuit,

997 1712 1007 1729 1
1030 1703 1092 1731 huic
1109 1703 1244 1738 primitias
1263 1703 1404 1737 potestatis
1420 1711 1476 1729 suae
1489 1703 1649 1737 impertiret.
1661 1712 1670 1729 ι
1688 1703 1720 1729 Ει
1733 1711 1782 1730 an-

994 1749 1077 1777 nectit
1088 1748 1131 1785 [Ιῖ.
1141 1747 1269 1785 XXXV]:
1282 1758 1291 1774 1
1304 1748 1353 1777 Hic
1360 1753 1403 1776 est
1411 1748 1454 1775 ille
1462 1749 1585 1780 dilectus,
1596 1748 1674 1776 homo
1683 1756 1780 1783 nempe

996 1803 1006 1820 1
1032 1793 1120 1821 Verbo
1142 1794 1270 1821 adunitus
1286 1803 1292 1821 :
1307 1795 1340 1821 de
1362 1801 1415 1829 quo
1435 1794 1556 1828 loquitur
1581 1794 1746 1828 evangelista
1770 1804 1778 1811 -

997 1849 1006 1866 1
1030 1840 1079 1868 Hic
1092 1846 1132 1867 est
1148 1840 1232 1867 Filius
1250 1847 1325 1867 meus
1343 1840 1457 1868 dilectus
1473 1841 1499 1866 in
1515 1847 1568 1875 quo
1585 1841 1747 1874 complacui.
1766 1849 1777 1867 ι

995 1885 1173 1922 Adiungitﬂl.
1190 1885 1321 1921 XCVIII]:
1334 1895 1343 1911 1
1355 1886 1431 1919 Quod
1446 1885 1561 1913 Verbum
1576 1885 1716 1913 invisibilis
1731 1885 1779 1913 Del

997 1939 1006 1955 1
1029 1930 1074 1965 qui
1091 1931 1152 1962 fuit,
1164 1938 1213 1965 per
1232 1930 1369 1965 Virginem
1389 1935 1448 1957 erat
1466 1931 1634 1963 nasciturus,
1659 1935 1686 1957 et
1700 1937 1775 1957 sum-

996 1985 1005 2002 1
1027 1981 1122 2009 pturus
1146 1977 1291 2003 humanam
1321 1984 1451 2008 carnem.
1480 1980 1507 2004 et
1534 1976 1561 2002 in
1587 1975 1631 2002 illa
1644 1975 1778 2003 diabolum

996 2031 1005 2047 1
1028 2021 1213 2049 debellaturus
1235 2022 1281 2057 qui
1303 2022 1367 2049 olim
1395 2022 1573 2056 praevaluerat
1592 2029 1599 2049 :
1615 2030 1668 2049 non
1694 2022 1720 2049 in
1746 2030 1781 2050 eo

995 2076 1005 2092 1
1028 2071 1130 2094 tantum
1151 2068 1222 2102 quod
1247 2067 1320 2094 illum
1338 2067 1492 2094 redditurus
1513 2066 1563 2093 fuit
1588 2067 1781 2102 incorruptibi-

995 2122 1005 2139 1
1030 2112 1080 2140 lem
1104 2117 1131 2139 et
1148 2113 1340 2145 immortalem,
1361 2113 1409 2140 sed
1435 2113 1531 2140 eodem
1555 2112 1626 2140 solio
1653 2113 1679 2140 in
1703 2113 1780 2141 coalis

993 2167 1004 2184 1
1027 2166 1088 2186 cum
1108 2158 1162 2186 Deo
1176 2166 1379 2186 consessurum.
1396 2167 1406 2185 ι
1431 2158 1499 2185 Sunt
1517 2158 1570 2186 ista
1592 2159 1704 2186 omnino
1721 2166 1780 2186 me-

993 2205 1077 2231 moria
1101 2204 1251 2235 retinenda,
1276 2210 1385 2239 propter
1401 2204 1446 2231 illa
1461 2211 1521 2238 quae
1539 2204 1668 2238 producet
1687 2204 1780 2231 statim

159 2252 169 2269 1
187 2244 324 2281 Παρθένου
340 2246 509 2282 προσλαϐὼν,
527 2248 679 2283 κατεστάθη
691 2248 816 2283 βασιλεὺς
834 2249 879 2276 ἐπὶ
892 2249 941 2285 τὴν

998 2251 1108 2285 ipsemet
1135 2250 1301 2283 Marcellus,
1329 2256 1423 2278 contra
1453 2259 1563 2278 carnem
1593 2250 1666 2278 illaut
1697 2257 1778 2284 quam

158 2298 169 2315 1
193 2289 365 2325 Ἐκκλησίαν,
378 2291 508 2326 δηλονότι,
523 2292 566 2319 ἴνα
581 2291 624 2319 διὰ
637 2293 684 2320 τοῦ
701 2294 787 2329 Λόγου
802 2295 816 2320 ό
828 2295 878 2329 τῆς
893 2294 940 2330 βα-

158 2343 170 2362 (
188 2335 290 2367 σιλείας
310 2335 364 2362 τῶν
382 2336 505 2372 οὐρανῶν
529 2337 662 2373 πρότερον
686 2340 871 2372 ἐκπεπτωκὼς
894 2341 940 2368 ἄν-

158 2389 169 2408 1
187 2380 297 2417 θρωπος
312 2381 454 2416 βασιλείας
474 2382 574 2419 δυνηθῇ
593 2386 694 2420 τυχεῖν.
717 2385 816 2412 Τοῦτον
836 2384 881 2413 οὖν
896 2386 940 2414 τὸν

158 2434 170 2453 1
184 2426 326 2462 ἄνθρωπον
338 2425 384 2454 τὸν
399 2428 541 2463 πρότερον,
554 2429 597 2455 διὰ
611 2429 658 2464 τὴν
672 2431 811 2467 παρακοὴν
826 2432 876 2466 τῆς
893 2432 940 2467 βα-

158 2480 169 2497 I
189 2471 290 2504 σιλεὶας
312 2474 519 2505 ἐκπεπτωκότα,
545 2474 646 2509 Κύριον
664 2476 710 2502 κα)¹
729 2475 794 2502 Θεὸν
813 2477 938 2510 γενέσθαι

158 2526 168 2543 1
187 2517 346 2553 βουλόμενος
359 2519 373 2545 ὁ
392 2518 468 2550 Θεὸς,
489 2518 590 2554 ταύτην
611 2520 660 2555 τὴν
682 2521 835 2556 οικονομιαν
851 2522 939 2557 εἰργά-

157 2571 168 2589 1
188 2571 263 2590 σατο.
286 2563 316 2591 '0
331 2562 377 2591 οὖν
393 2564 543 2598 ἁγιιὶιτατος
556 2566 698 2601 προφήτης
711 2566 791 2593 Δαυῑδ
805 2575 939 2603 προφητι-

993 2297 1138 2331 assumpsit
1152 2296 1198 2323 Dei
1218 2296 1348 2323 Verbum.
1366 2295 1455 2323 Veluti
1468 2297 1539 2324 enim
1553 2296 1651 2323 oblitus
1663 2296 1778 2323 istorum

993 2342 1111 2368 omnium
1124 2349 1183 2376 quae
1197 2342 1323 2374 adduxit,
1340 2342 1420 2370 linem
1441 2343 1553 2370 minime
1566 2347 1778 2370 consentaneum

993 2386 1098 2420 pietati.
1131 2391 1159 2414 et
1186 2386 1333 2414 infaustum
1358 2387 1426 2415 satis
1454 2388 1560 2422 corpori
1591 2387 1779 2422 superinducit

999 2432 1166 2459 Servatoris.
1197 2432 1272 2459 Ultra
1299 2433 1350 2459 ista
1386 2433 1493 2467 quidem
1519 2433 1621 2464 omnia,
1651 2437 1777 2466 tanquam

992 2483 1066 2504 recte
1081 2479 1273 2510 successerint,
1291 2483 1317 2505 et
1332 2486 1364 2505 ex
1379 2479 1469 2506 aiiimo
1480 2479 1620 2513 superiora
1634 2497 1642 2510 ,
1664 2483 1778 2505 conatur

992 2525 1146 2555 Ostendere.
1161 2529 1188 2550 et
1203 2524 1276 2551 illum
1296 2525 1377 2550 etiam
1395 2529 1512 2556 textum,
1537 2523 1662 2559 Regnavit
1685 2522 1778 2549 Domi-

994 2577 1054 2600 nus,
1073 2568 1184 2596 exsultet
1198 2575 1269 2596 terra
1287 2570 1321 2601 ",
1342 2571 1374 2596 de
1388 2577 1470 2597 carne
1490 2570 1704 2604 intelligendum.
1733 2569 1778 2596 Ait

136 2667 141 2694 -τ
192 2659 223 2691 »Β
237 2656 285 2684 Ed.
299 2655 385 2685 Paris.
402 2665 463 2693 pag.
476 2657 520 2685 49.
556 2658 578 2674 "
590 2657 695 2685 Coloss.
710 2665 730 2689 ι,
746 2656 789 2684 l6.
827 2657 851 2673 ³⁸
862 2656 872 2684 l
884 2656 954 2684 Tim.
969 2665 999 2690 tt,
1014 2657 1039 2686 5.
1078 2656 1186 2685 "Joan.
1202 2664 1249 2689 xu.
1265 2656 1310 2685 28.
1348 2657 1371 2673 "
1387 2656 1458 2684 Psal.
1476 2664 1546 2688 xc",
1565 2656 1591 2683 1.

201 2756 246 2796 ΞΖ)
258 2756 532 2796 Ῡειέδεξτῆςῐιριρβν
578 2792 592 2796 -
622 2792 636 2796 _
690 2791 697 2796 .
810 2791 831 2796 _
883 2791 908 2796 ..

202 2792 248 2825 78)
262 2791 422 2819 Meller-"ta
433 2791 485 2821 ὑπ’
500 2792 604 2821 αὐτοῦ.
619 2791 746 2824 Omnino,
763 2796 792 2818 ut
810 2791 944 2819 Eusebius

154 2826 205 2858 ait;
224 2827 282 2854 hac
297 2833 360 2854 sunt
374 2828 553 2855 observanda.
572 2827 639 2854 Nam
663 2826 823 2861 stupendum
842 2827 868 2853 in
886 2834 940 2854 mo-

156 2868 214 2901 rem
228 2861 525 2901 insanivitjlarcellus,
536 2863 560 2901 si
571 2870 634 2901 vera
652 2860 729 2901 nobis
743 2861 777 2888 de
792 2860 941 2901 illo‘retulit

157 2896 339 2925 adversarius.
356 2896 423 2924 Nam
441 2896 475 2924 de
486 2896 586 2925 Christi
604 2904 699 2930 carne,
713 2897 765 2925 hoc
775 2901 816 2924 est
830 2896 939 2924 Christo

278 2943 415 2975 Ρλτιιοι.
440 2944 499 2975 Gn.
533 2944 644 2976 XXIV.

998 2755 1119 2788 homine,
1129 2755 1235 2787 delirat.
1249 2764 1309 2783 cum
1320 2755 1388 2783 ultra
1396 2764 1489 2783 omnes
1497 2756 1629 2789 homines,
1639 2762 1698 2791 post
1712 2764 1777 2785 συν-

996 2791 1102 2818 τέλειαν
1113 2792 1329 2820 exinanienunm.
1345 2793 1416 2825 quod
1435 2791 1510 2824 τέλος
1527 2792 1577 2819 οὐκ
1592 2793 1679 2819 αἴσιον
1702 2797 1778 2820 ηοω

996 2825 1234 2863 νοουιΜς-ῌιῐςει
1249 2828 1327 2861 vulgo
1337 2825 1439 2863 ταύτην
1445 2828 1539 2863 etiam,
1550 2826 1666 2860 οιλιγιι,
1675 2827 1777 2863 Κύριος

992 2860 1083 2894 ἰσασά
1094 2862 1155 2889 dein
1170 2860 1402 2897 λαϐόντοςχρόνω
1412 2860 1483 2890 τοῦδ.
1498 2862 1529 2891 ἢ.
