2032 3211
156 173 210 201 813

723 169 863 198 CONTRA
882 168 1094 197 MAROLLLUM
1113 168 1179 194 LIB.
1200 166 1233 194 ll.

1729 168 1783 197 ou

156 241 167 259 1
187 233 238 261 ὑπ’
247 233 351 265 αὑτοῦ,
363 232 412 259 ἐπὶ
429 232 504 259 Σιὼν
517 232 585 266 ὅρος
598 232 631 258 τὸ
642 231 726 266 ἅγιον
739 231 946 264 αὐτοῦ.’¹Ετερα

1007 239 1011 255 I
1032 229 1088 264 ejus
1098 228 1259 256 sanctum".
1269 227 1348 255 Aliud
1363 227 1416 256 ibi:
1431 227 1556 254 Dominus
1572 228 1697 262 regnavit,
1710 229 1784 255 indi-

157 294 167 311 1
184 284 224 317 δὲ,
247 284 279 311 '0
299 285 403 318 Κύριος
412 284 600 315 ἐϐασίλευσε,
625 282 842 317 ὁρτιζέσθωσαν·
862 281 942 308 λαοί.

157 339 168 356 1
189 330 244 358 Καὶ
258 328 346 362 αὖθις·
368 330 398 356 '0
408 331 515 364 Κύριος
529 327 944 368 ἐϐασίλευσεν-,μιγαλλιάσθω

157 390 168 409 1
187 382 207 416 ἠ
298 382 353 408 Καὶ
377 381 446 412 ὅλως
465 381 569 415 μυρίων
595 379 683 416 ῥητῶν
703 379 771 415 πρὸς
793 378 944 414 μαρτυρίαν

159 441 170 458 1
187 431 262 458 ἐστιν
276 432 465 467 εὐπορήσαντα
483 430 578 462 δεῖξαι,
601 430 641 456 ὄτι
655 429 741 464 ἀρχὴν
758 427 895 463 βασιλείας
909 426 946 453 ετ-

158 494 170 511 1
187 484 272 520 ληφεν
293 485 307 511 ὁ
329 484 470 520 ἄνθρωπος
486 482 530 509 διὰ
551 481 597 508 τοῦ
617 482 714 515 Λόγου.
731 480 762 507 Εἰ
776 478 824 505 οὖν
837 478 946 513 εἴληφεν

159 544 170 561 1
188 535 275 572 ἀρχὴν
301 534 438 570 βασιλείας
455 533 508 569 πρὸ
528 532 595 559 ὲτῶν
611 532 678 559 ὅλων
699 531 730 557 οὐ
753 530 883 556 πλειόνων
903 537 947 555 τε-

159 591 169 608 1
192 582 354 618 τρακοσίων,
383 581 457 607 οὐδὲν
482 579 641 615 παράδοξον,
667 579 691 604 εἰ
723 577 768 604 τὸν
789 576 842 612 πρὸ
862 576 946 607 οὕτως

160 637 169 653 1
190 626 281 662 ὀλίγου
308 627 403 663 χρόνου
433 627 482 661 τῆς
511 625 648 661 βασιλείας
667 624 768 659 ταύτης
794 623 908 658 τυχόντα
931 623 945 647 6

160 683 169 698 1
194 673 353 704 Ἀπόστολός
361 678 437 708 φησι,
453 671 625 707 παραδώσειν
636 671 685 706 τὴν
695 669 844 705 βασιλείαν,
859 668 948 703 δηλον-

160 728 169 744 1
189 719 229 745 ότι
252 718 291 754 τῷ
311 719 369 754 θεῷ
382 719 420 753 τῷ
441 718 639 752 καταστήσαντι
653 716 742 748 αὑτὸν,
766 715 802 746 ὡς
820 716 835 749 ὴ
852 714 946 749 Γραφή

159 774 169 790 1
191 773 267 801 φησι,
293 765 414 800 βασιλέα.
439 774 448 790 ι
472 764 527 790 Καὶ
552 763 609 799 μεθ’
632 763 714 798 ἕτερα
735 761 806 805 οξτω
827 761 925 797 γράφει
940 769 946 775 ·

160 821 169 837 ι
191 810 295 838 Οὐκοῦν
315 810 438 846 ἐνεργείᾳ
455 810 531 845 μόνῃ,
553 808 597 835 διὰ
615 809 664 844 τὴν
685 808 733 843 τῆς
751 807 852 842 σαρκὸς
879 805 946 841 πρό-

160 868 170 886 s
193 868 275 894 φασιν
290 859 353 895 ἄχρι
367 859 494 886 τοσούτου
510 858 683 894 κεχωρῆσθαι
701 857 747 884 τοῦ
760 856 866 892 Πατρδς
885 856 948 890 φαί-

998 284 1007 301 ‹
1030 280 1140 310 gnem‘ur
1162 274 1250 309 populi
1274 274 1308 301 ".
1338 283 1347 300 ι
1368 274 1448 303 Aliud
1468 282 1475 300 Ζ
1495 273 1626 301 Dominus
1656 275 1783 310 regnauit,

998 330 1007 346 1
1031 320 1141 347 exsultet
1163 325 1243 347 terra.
1268 319 1384 347 Omnino
1405 319 1542 347 sescentis
1562 319 1627 346 licet
1642 327 1676 347 ex
1699 322 1785 347 abun—

999 378 1008 393 1
1033 368 1107 394 danti
1141 367 1303 395 testimoniis
1331 367 1382 394 hoc
1411 366 1481 394 idem
1511 366 1707 401 comprobare,
1739 367 1784 394 vix

999 423 1008 440 1
1034 414 1107 448 regni
1131 414 1172 441 sui
1199 414 1305 440 inititttu
1329 413 1466 449 hominem
1489 419 1538 447 per
1559 412 1679 440 Verbum
1704 420 1784 441 acce-

1000 470 1010 486 1
1033 461 1116 496 pisse.
1135 460 1211 493 Quod
1226 460 1248 487 si
1266 460 1341 494 regni
1357 459 1463 486 initium
1483 460 1587 494 accepit
1617 460 1697 488 homo
1720 464 1785 487 ante

1000 517 1010 533 1
1033 515 1119 534 annos
1134 507 1251 535 nandum
1265 514 1329 534 cccc
1338 506 1496 541 completos,
1508 505 1573 533 nihil
1587 510 1629 533 est
1641 506 1752 534 absurdi
1762 505 1787 534 si

1000 564 1010 580 1
1030 554 1173 589 Apostolus
1199 553 1321 588 allirmet,
1347 553 1422 580 illum
1452 553 1497 586 qui
1525 553 1631 587 accepit
1657 559 1784 587 regnum.

1001 610 1010 626 1
1033 600 1112 627 annis
1136 599 1234 627 abhinc
1265 605 1319 626 tam
1345 598 1514 633 paucissimis
1533 598 1651 632 elapsis,
1676 605 1785 625 sursum

1002 656 1011 672 1
1034 646 1200 673 redditurum
1217 652 1276 672 esse
1296 652 1408 680 regnum
1427 645 1493 676 Deo,
1507 644 1551 679 qui
1569 644 1655 677 illum,
1671 650 1701 671 ut
1714 643 1788 672 Scri-

1002 701 1011 717 1
1035 696 1111 726 plura
1137 691 1194 723 ait,
1216 690 1357 718 constituit
1382 697 1482 724 regem.
1510 699 1519 715 ι
1550 689 1615 717 Post
1639 696 1723 724 pauca
1747 689 1786 717 ita

1000 738 1095 764 scribit
1119 737 1168 773 [Β.
1186 736 1254 772 CIII]
1271 744 1278 762 :
1294 739 1323 768 >11
1347 745 1356 761 1
1371 736 1454 770 Igitur
1474 735 1532 763 sola
1556 735 1711 770 operatione
1724 755 1732 768 ,
1759 740 1786 762 et

1005 793 1014 808 1
1037 784 1145 817 quidem
1163 783 1214 810 sub
1229 786 1360 817 prtetextu
1373 781 1474 813 carnis,
1493 782 1631 816 hucusque
1645 785 1786 817 separatus

1005 839 1014 854 1
1039 837 1052 854 ιι
1079 829 1157 856 Patre
1188 828 1306 859 videtur,
1336 835 1421 862 usque
1446 827 1510 854 dum
1528 828 1668 854 advenerit
1690 826 1786 861 iudicii

1004 882 1012 899 1
1038 880 1154 908 tempus,
1170 878 1198 900 ut
1211 873 1326 907 quieum
1343 872 1534 906 transﬁgerant
1545 872 1571 899 in
1583 879 1644 899 eum
1661 872 1786 899 intuean~

161 915 170 932 1
193 914 278 938 νεται,
305 906 384 941 ἄχρις
403 902 432 932 οὗ
457 905 490 932 ἂν
508 907 522 932 6
546 903 665 940 προσιὼν
684 904 733 938 τῆς
748 903 866 939 κρίσεως
882 903 948 928 ἀνα-

1007 929 1014 945 ι
1038 925 1081 946 tur
1095 926 1174 952 quem
1193 917 1395 950 lransﬁxeraut,
1422 922 1449 943 et
1474 918 1511 944 ita
1534 917 1640 944 demum
1665 917 1691 944 id
1716 918 1787 953 quod

162 958 172 976 1
195 951 265 985 φανῇ
295 951 409 985 καιρὸς,
437 949 479 976 ἵνα
502 948 557 975 τῶν
594 947 745 984 τηνικαῦτα
775 947 951 982 ἐκκεντησάν-

162 1006 172 1023 1
194 1004 258 1029 των,
277 996 347 1023 κατὰ
359 996 409 1031 τὴν
423 995 603 1031 προφητείαν,
617 994 777 1031 ἑωρακότων
793 994 838 1020 τὸν
855 994 950 1020 ἐκκεν-

162 1056 171 1074 1
196 1047 322 1083 τηθέντα,
340 1046 411 1074 οὕτω
425 1046 471 1073 καὶ
486 1046 515 1072 τὸ
527 1046 686 1081 λειπόμενον
702 1044 856 1076 ἀκολούθως
871 1044 952 1079 γένη-

162 1108 173 1124 1
195 1108 250 1125 ται.
263 1098 374 1125 Πάντων
390 1098 444 1133 γὰρ
461 1099 489 1124 ὲν
501 1098 539 1133 τῷ
553 1096 639 1133 καιρῷ
652 1095 699 1123 τοῦ
723 1096 816 1127 τέλους
835 1095 952 1122 ὑποτάσ-

163 1155 172 1171 1
196 1145 289 1172 σεσΘαι
313 1144 463 1180 μελλόντων
483 1143 522 1179 τῷ
539 1143 660 1178 Χριστῷ,
687 1142 724 1173 ὼς
749 1142 763 1167 ό
793 1141 952 1172 Ἀπόστολος

163 1202 172 1218 1
196 1192 248 1227 ἔφη
258 1213 265 1224 ,
278 1191 438 1225 τηνικαῦτα
450 1190 540 1223 αὐτὸς
554 1189 775 1223 ὑποταγήσεται
788 1186 827 1219 τῷ
841 1186 951 1214 ὐποτά-

164 1248 172 1264 1
197 1239 282 1270 ξαντι
303 1237 382 1269 αὐτῷ
399 1237 434 1263 τὰ
455 1236 561 1262 πάντα.
585 1236 648 1261 Ὅτε
669 1234 759 1260 τοίνυν
781 1233 951 1268 μανθάνομεν

164 1294 173 1310 1
197 1285 262 1320 περὶ
276 1284 328 1318 τῆς
338 1283 511 1319 ἀνθρωπίνης
526 1281 636 1317 σαρκὸς,
654 1281 687 1315 ἢν
708 1280 741 1306 δι’
753 1280 827 1315 ἡμᾶς
844 1278 951 1313 ἀνείλη-

164 1340 171 1356 1
196 1339 245 1365 φεν
260 1330 273 1356 ὁ
285 1330 380 1363 Λόγος,
400 1328 452 1363 πρὸ
461 1327 643 1363 τετρακοσίων
658 1326 706 1360 οὐχ
720 1325 787 1352 ὅλων
804 1324 882 1356 ἑτῶν,
892 1322 951 1351 τότε

163 1390 173 1407 1
196 1381 299 1416 ταύτην
310 1380 357 1407 καὶ
369 1380 398 1405 ὲν
414 1380 470 1410 τοῖς
487 1378 628 1413 μέλλουσιν
643 1376 740 1402 αἰῶσιν
759 1377 773 1402 6
784 1375 870 1409 Λόγος
886 1374 951 1406 ἕξει,

164 1441 174 1457 1
196 1431 213 1468 ἢ
230 1432 293 1467 ἄχρι
308 1430 389 1466 μόνον
398 1429 443 1455 τοῦ
453 1428 502 1463 τῆς
516 1428 632 1463 κρίσεως
645 1426 751 1462 καιροῦ.
770 1423 886 1460 Ἀνάγκη
898 1424 952 1460 γὰρ

166 1487 176 1504 1
198 1478 230 1504 τὸ
254 1476 307 1504 ὑπὸ
330 1475 376 1503 τοῦ
403 1475 543 1510 προφήτου
558 1473 652 1508 λεχθὲν
667 1473 740 1508 ἔργῳ
759 1471 950 1507 βεδαιωθῆναι.

168 1533 178 1550 1
202 1523 348 1557 Ὄψονται
372 1522 438 1556 γὰρ,
468 1521 568 1556 φησιν,
598 1521 642 1552 εις
667 1519 702 1545 ὃν
728 1517 950 1552 ἐξεκέντησανο

1006 974 1015 990 1
1038 965 1161 1000 sequitur
1180 964 1406 999 complementum
1427 971 1505 991 suum
1528 964 1667 991 sortiatur.
1691 963 1788 991 Omnia

1005 1021 1015 1038 1
1037 1012 1121 1044 cuitn,
1148 1018 1210 1038 eum
1238 1015 1298 1046 post
1321 1010 1452 1044 judicium
1482 1009 1650 1044 subjicienda
1678 1009 1787 1037 Christo

1006 1068 1014 1084 1
1036 1059 1101 1087 siut.
1119 1057 1346 1092 quemadmodum
1373 1057 1505 1085 asseritur
1524 1058 1557 1084 ah
1575 1056 1714 1091 Apostolo,
1733 1061 1788 1083 tum

1006 1114 1015 1129 1
1037 1109 1060 1131 et
1075 1105 1129 1138 ipse
1151 1104 1307 1137 subjicietur
1320 1103 1370 1137 illi,
1386 1104 1431 1138 qui
1449 1103 1499 1137 ipsi
1513 1103 1601 1130 omnia
1617 1102 1751 1138 supposuit
1765 1102 1788 1118 ³⁸

1004 1149 1051 1184 [εί.
1070 1157 1096 1184 p.
1116 1150 1168 1177 I90
1180 1149 1230 1184 A}.
1255 1149 1386 1182 Quocirca
1407 1157 1466 1176 cutn
1485 1149 1659 1176 didicerimus
1688 1140 1794 1187 huma-i

1006 1205 1014 1221 1
1039 1203 1099 1223 nam
1113 1202 1235 1227 carnem,
1249 1203 1329 1230 qttam
1339 1203 1388 1229 pro
1403 1195 1481 1222 nobis
1495 1195 1642 1230 assumpsit
1656 1195 1787 1229 Verbum,

1006 1251 1015 1268 1
1040 1248 1102 1268 autc.
1126 1250 1211 1269 annos
1228 1249 1291 1270 CCCC
1308 1247 1377 1269 ιοιοε
1392 1250 1443 1271 non
1462 1247 1645 1276 assumptum,
1665 1243 1789 1270 eamdem

1006 1296 1015 1312 1
1041 1287 1127 1322 ipsum
1144 1292 1312 1314 retenturum
1329 1288 1529 1321 cognoscimus,
1548 1295 1602 1314 non
1617 1288 1789 1322 ultrajudicii

1006 1340 1015 1357 1
1041 1337 1145 1366 tempus
1155 1332 1186 1364 ,iu
1205 1332 1295 1358 l'uturo
1309 1332 1418 1359 saeculo.
1435 1331 1550 1359 Necesse
1572 1337 1613 1360 est
1635 1333 1706 1360 enim
1724 1341 1790 1360 con—

1007 1385 1016 1402 1
1039 1378 1168 1404 stttttmari
1190 1385 1289 1411 opere,
1313 1378 1383 1411 quod
1408 1378 1490 1404 verbo
1513 1378 1670 1410 praedictum
1694 1379 1745 1405 fuit
1775 1387 1791 1405 a

1007 1432 1016 1447 1
1039 1422 1180 1456 propheta.
1203 1422 1333 1449 Videbunt
1354 1423 1433 1454 enim,
1450 1422 1547 1457 inquit,
1571 1423 1598 1449 in
1618 1423 1693 1449 illum
1714 1431 1791 1458 quem

1007 1476 1016 1492 1
1040 1468 1275 1502 transfoderunt“.
1294 1467 1408 1495 Carnem
1424 1476 1487 1496 vero
1499 1469 1571 1503 quod
1584 1468 1668 1502 liquet
1682 1470 1791 1496 transti-

1007 1521 1016 1538 1
1040 1518 1147 1541 xerunt.
1162 1523 1172 1539 ι
1194 1513 1226 1540 Ει
1252 1514 1348 1541 iterum
1376 1513 1426 1551 [IL
1450 1513 1517 1549 CIV]
1539 1523 1573 1542 :1
1599 1513 1657 1541 Non
1679 1515 1739 1542 ideo
1763 1520 1793 1543 ut

168 1580 178 1596 1
201 1569 377 1603 ἐξεκέντησαν
385 1568 422 1600 δὲ,
436 1566 514 1602 δῆλον
529 1566 580 1599 ὅτι,
590 1565 640 1601 τὴν
658 1565 775 1600 σάρκα.»
792 1564 848 1590 Καὶ
866 1573 951 1599 προσ-

1007 1569 1015 1586 ι
1037 1569 1113 1588 suant
1137 1561 1282 1588 utilitatem
1309 1562 1483 1595 procuraret,
1508 1569 1616 1588 carnem
1646 1563 1792 1596 assumpsit

163 1615 255 1651 τίθησι
271 1615 329 1650 μεθ’
343 1614 424 1649 ἕτερα
437 1613 523 1647 λέγων
533 1621 539 1626 ·
556 1621 565 1638 1
584 1612 645 1638 Ὅτι
660 1611 714 1647 γὰρ
729 1612 777 1646 οὐχ
792 1611 824 1637 ἵν’
837 1612 851 1637 6
868 1610 953 1644 Λόγος

167 1671 177 1688 1
200 1660 338 1697 ὠφεληθῇ,
354 1660 403 1695 τὴν
418 1659 557 1695 ἡμετέραν
573 1657 702 1692 ἀνείληφε
719 1656 819 1692 σάρκα,
834 1656 890 1682 ἀλλ’
911 1656 953 1682 ἵνα

167 1719 177 1735 1
199 1709 216 1744 ἡ
229 1707 296 1744 σὰρξ
310 1707 355 1734 διὰ
365 1706 413 1742 τὴν
424 1705 492 1741 πρὸς
505 1705 550 1731 τὸν
559 1704 642 1738 Λόγον
655 1703 795 1729 κοινωνίαν
806 1701 954 1733 ἀθανασίας

168 1765 178 1782 ‹
201 1755 280 1791 τύχῃ,
297 1753 375 1789 δῆλόν
388 1753 446 1778 ἐστι
459 1751 506 1778 καὶ
531 1750 576 1776 ὑπ’
599 1749 685 1783 αὐτῆς
704 1748 754 1783 τῆς
768 1748 815 1774 τοῦ
829 1748 955 1783 Σωτῆρος

168 1811 178 1828 1
200 1800 373 1835 ἀποφάσεως.
386 1798 455 1833 Περὶ
469 1797 522 1833 γὰρ
541 1796 590 1832 τῆς
608 1795 718 1831 σαρκὸς,
732 1796 765 1830 ἢν
778 1795 846 1830 ἔχων
858 1794 955 1830 ὡμίλει

169 1856 179 1873 1
200 1847 256 1878 τοῖς
272 1844 417 1880 μαθηταῖς,
431 1843 502 1870 οὕτω
515 1842 588 1876 λέγει
599 1850 606 1856 ·
625 1841 716 1868 Τοῦτο
732 1840 811 1875 ὑμᾶς
824 1840 956 1868 σκανδα-

169 1902 180 1919 1
201 1891 294 1923 liii-:1;
318 1890 372 1918 ἐὰν
386 1887 443 1917 οὖν
468 1888 551 1923 Ζδητε
576 1887 630 1914 τὸν
644 1887 711 1913 Υὶὸν
731 1886 785 1913 τοῦ
797 1886 955 1921 ἀνθρώπου

171 1948 181 1965 1
202 1938 330 1966 ἀπιόντα
354 1937 429 1964 ὅπου
460 1933 500 1970 ἦν
524 1934 557 1961 τὸ
583 1933 748 1968 πρότερον;
777 1933 811 1959 τὸ
839 1932 957 1967 πνεῦμα

171 1994 181 2011 1
205 1983 345 2015 ζωοποιεῖ,
360 1982 379 2016 ἡ
393 1981 471 2015 σὰρξ
488 1980 578 2007 οὐδὲν
591 1978 709 2013 ὠφελεῖ.
724 1979 755 2004 Εἰ
769 1976 815 2005 οὖν
830 1977 958 2013 ὁμολογεῖ

172 2040 182 2057 1
203 2031 252 2066 τὴν
269 2030 357 2065 σάρκα
371 2028 451 2064 μηδὲν
463 2027 577 2061 ὠφελεῖν
590 2025 681 2056 αὐτὸν,
702 2025 760 2056 πῶς
775 2026 891 2060 ἐγχωρεῖ
908 2024 957 2059 τὴν

171 2086 181 2103 1
206 2077 238 2103 ὲκ
253 2076 306 2111 γῆς
318 2082 348 2101 τε
360 2073 441 2101 οὖσαν
457 2073 505 2100 καὶ
517 2072 599 2107 μηδὲν
615 2070 771 2105 ὠφελοῦσαν
780 2090 786 2102 ,
800 2070 847 2096 καὶ
859 2071 887 2096 ἑν
902 2071 958 2100 τοῖς

172 2132 182 2149 1
206 2123 346 2158 μέλλουσιν
361 2120 456 2147 αἰῶσιν
469 2120 506 2150 ὡς
522 2118 595 2153 αὐτῷ
611 2117 800 2144 λυσιτελοῦσαν
816 2116 871 2152 (81)
897 2125 959 2142 συν-

173 2179 182 2195 1
205 2170 274 2196 εἶναι
288 2168 327 2203 τῷ
338 2167 418 2202 Λόγῳ
429 2176 436 2199 ;
446 2165 496 2192 Διὰ
508 2165 588 2191 τοῦτο
598 2163 652 2199 γάρ
666 2172 709 2198 μοι
721 2163 793 2189 δοκεῖ
806 2162 851 2189 καὶ
865 2162 879 2188 6
893 2170 959 2189 παν-

173 2224 183 2240 1
206 2214 348 2250 ωκρὰτωρ
363 2212 501 2247 Δεσπότης
516 2211 584 2247 πρὸς
601 2211 680 2237 αὐτὸν
694 2210 793 2244 λέγειν·
810 2208 909 2235 Κάθου
926 2208 959 2234 ἐκ

1008 1615 1018 1632 ‹
1041 1611 1178 1637 nostram.
1194 1606 1240 1633 sed
1254 1610 1283 1632 ut
1300 1613 1349 1640 per
1363 1604 1443 1632 Verbi
1460 1606 1689 1638 communionem,
1715 1606 1792 1634 carni

1009 1661 1018 1677 1
1043 1652 1186 1687 largiretur
1199 1652 1441 1678 immortalitatem.
1464 1651 1520 1678 Hoc
1537 1651 1578 1678 vel
1592 1651 1625 1678 ab
1648 1652 1705 1686 ipso
1728 1652 1791 1679 Ser-

1009 1705 1018 1722 1
1042 1701 1137 1724 valore
1161 1701 1245 1731 patet.
1273 1696 1310 1724 De
1336 1704 1418 1723 carne
1435 1697 1507 1723 cnitn
1530 1697 1556 1723 in
1581 1704 1634 1731 qua
1657 1705 1717 1724 cum
1735 1698 1792 1725 suis

1009 1752 1018 1769 1
1043 1742 1182 1778 discipulis
1196 1743 1365 1775 versabatur,
1383 1743 1422 1770 ait
1437 1751 1444 1769 :
1462 1742 1576 1770 Iloccine
1600 1752 1644 1770 vos
1660 1744 1792 1771 scandali-

1010 1798 1019 1815 1
1042 1789 1106 1815 sat?
1121 1789 1190 1821 Quid
1201 1790 1224 1816 si
1235 1789 1343 1816 videatis
1351 1788 1450 1815 Filium
1469 1789 1579 1816 hominis
1593 1797 1622 1816 eo
1637 1791 1790 1825 abeuntem,

1011 1845 1020 1862 1
1045 1837 1087 1863 ubi
1102 1838 1175 1870 prius
1193 1837 1294 1870 fuerat?
1307 1837 1414 1871 spiritus
1423 1838 1545 1871 viviﬁcat,
1558 1846 1618 1864 caro
1627 1825 1714 1864 autem
1728 1837 1792 1864 nihil

1011 1892 1020 1908 1
1042 1884 1146 1917 prodest
1161 1882 1183 1898 "
1193 1881 1240 1918 [εἴ.
1253 1890 1280 1917 p.
1295 1882 1329 1909 43
1342 1882 1363 1908 1)
1379 1882 1452 1918 ﬁn.].
1469 1883 1544 1915 Quod
1560 1883 1582 1910 si
1596 1883 1711 1910 fateatur
1725 1879 1794 1911 nihil

1011 1938 1020 1954 1
1046 1929 1113 1963 ipsis
1143 1936 1252 1956 carnem
1274 1929 1420 1963 prodesse,
1448 1929 1582 1963 quomodo
1607 1929 1792 1962 concesserit,

1012 1983 1021 2000 1
1042 1975 1116 2001 illam
1139 1983 1199 2009 qua:
1212 1975 1245 2001 de
1262 1979 1333 2001 terra
1349 1974 1499 2006 oriebatur,
1523 1982 1583 2008 qum
1598 1973 1664 2001 nihil
1685 1974 1794 2008 profue~

1011 2030 1020 2046 1
1045 2025 1095 2054 rat,
1117 2028 1176 2056 qua:
1195 2020 1260 2047 nihil
1276 2020 1414 2055 proderit,
1440 2020 1467 2047 in
1489 2020 1585 2047 futuris
1605 2021 1711 2048 sa'culis
1732 2028 1793 2048 cum

1011 2076 1021 2093 1
1045 2066 1134 2094 Verbo
1152 2066 1295 2100 copulari?
1317 2065 1358 2093 0h
1373 2066 1442 2092 hanc
1454 2070 1527 2092 certe
1544 2072 1653 2092 causam
1669 2066 1795 2100 omnipo-

1012 2121 1021 2136 1
1043 2115 1102 2139 lens
1129 2111 1258 2138 Dominus
1280 2111 1388 2138 videtur
1417 2111 1482 2137 mihi
1509 2111 1549 2137 sic
1578 2110 1674 2138 aﬂ'atus
1699 2111 1795 2139 illum:

1012 2167 1021 2183 1
1042 2157 1109 2185 Sede
1139 2166 1154 2184 a
1181 2157 1282 2184 dextris
1299 2158 1374 2191 meis,
1389 2164 1519 2192 quousque
1543 2165 1653 2191 posuero
1672 2158 1796 2185 inimicos

1014 2212 1023 2229 1
1043 2208 1101 2230 tuos
1115 2203 1256 2230 scabeltum
1271 2204 1366 2236 pedum
1381 2207 1487 2230 tuorum
1507 2203 1538 2229 ³³.
1556 2203 1669 2237 Propter
1685 2210 1796 2230 carnem

175 2270 184 2287 I
207 2248 315 2293 δεξιῶν
326 2269 397 2294 μου,
414 2259 469 2290 ἕως
485 2257 523 2284 ἂν
537 2257 577 2284 θῶ
592 2258 661 2290 τοὺς
676 2256 802 2291 ἐχθρούς
812 2262 870 2281 σου
887 2256 952 2281 ὑπο-

1016 2258 1025 2275 1
1049 2249 1195 2276 humanam
1220 2249 1326 2276 videtur
1359 2249 1424 2275 mihi
1457 2249 1512 2276 sola
1536 2249 1692 2283 operatione
1720 2248 1796 2275 illum

176 2317 185 2333 1
207 2307 312 2333 πόόιον
323 2305 382 2332 τῶν
394 2304 493 2330 ποδῶν
507 2311 574 2334 σου,
587 2303 709 2338 ἐνεργείᾳ
723 2302 789 2337 μόνῃ
800 2296 843 2326 διὰ
857 2300 906 2335 τὴν
920 2300 967 2325 ἀν-

1020 2305 1029 2322 (
1050 2302 1186 2330 separare,
1201 2299 1228 2322 et
1242 2295 1385 2322 terminum
1400 2294 1436 2321 illi
1447 2295 1546 2328 lingere
1556 2294 1731 2321 constitutum
1740 2300 1797 2320 ses-

176 2364 184 2380 1
208 2351 348 2389 θρωπίνην
364 2351 462 2386 σάρκα,
478 2348 604 2384 χωρίζειν
614 2347 694 2374 αὐτὸν
704 2346 801 2377 δοκῶν,
813 2345 860 2371 καὶ
872 2344 952 2379 ὥσπε¹

1019 2350 1028 2366 1
1049 2341 1133 2368 siouis
1161 2349 1175 2367 a
1201 2341 1304 2368 dextris
1330 2341 1389 2372 Dei,
1418 2345 1498 2374 atque
1523 2339 1597 2366 illum
1623 2340 1660 2385 ita
1686 2338 1795 2368 affatus.

175 2410 185 2426 1
210 2399 290 2436 ῥητόν
306 2406 366 2425 τινα
387 2397 481 2432 χρόνον
501 2394 597 2430 ὁρίζων
612 2393 684 2428 αὐτῷ
699 2393 747 2426 τῆς
765 2393 793 2418 ἐν
811 2391 886 2436 δεξιᾷ
897 2390 965 2436 καί)-

1017 2397 1027 2410 :
1050 2395 1130 2421 usque
1144 2387 1206 2413 dum
1214 2393 1324 2420 posuero
1336 2386 1456 2412 inimicos
1465 2389 1522 2411 tuos
1535 2375 1675 2411 scabelluin
1689 2383 1797 2417 pedibus

176 2455 186 2471 1
209 2430 300 2481 ἔδρας,
326 2442 397 2469 οὕτω
417 2441 482 2476 φησὶ
503 2440 569 2474 πρὸς
587 2439 667 2465 αὐτόν
680 2446 686 2452 ·
704 2438 776 2469 Ἕως
792 2437 829 2462 ἂν
841 2435 881 2462 θῶ
894 2434 952 2461 toil:

1017 2442 1026 2458 1
1050 2434 1110 2459 luis.
1130 2432 1319 2466 Propheticum
1339 2431 1390 2458 hoc
1420 2431 1527 2457 liavitlls
1542 2430 1651 2457 eiTatum
1676 2430 1796 2465 explica-

176 2501 185 2517 ι
208 2490 334 2526 ἐχθρούς
342 2496 400 2515 σου
413 2486 577 2514 ὑποπόδιον
591 2484 650 2511 τῶν
657 2480 921 2510 ποδῶνσου.Τοῦτο
934 2480 961 2506 δὲ

176 2547 185 2562 1
206 2536 238 2563 τὸ
257 2533 423 2570 προφητικὸν
437 2532 483 2558 τοῦ
502 2531 583 2557 Δανῖδ
605 2529 660 2565 (8‘2)
684 2528 764 2565 ῥητὸν
790 2527 958 2561 σαφέστερον

178 2594 187 2609 ι
209 2583 275 2618 ἡμῖν
286 2579 443 2617 ἑρμηνεύων
453 2579 466 2604 6
481 2573 806 2613 ἱερὸς¹Απόστολος,οὖτω
823 2581 881 2604 πως
896 2572 957 2606 ἔφη·

214 2666 242 2695 ἦ(
258 2662 305 2689 Ed.
322 2660 405 2687 Paris.
421 2667 481 2694 pag.
495 2658 538 2685 51.

175 2687 323 2730 ubi“.
362 2687 571 2726 “Psall'an.
610 2687 837 2723 “lCor.xv,‘25.

210 2766 267 2802 (Si)
300 2765 546 2802 Avmteloﬁo'ar._
567 2763 647 2790 Deest
677 2765 740 2788 ante
757 2761 829 2801 hanc
853 2767 960 2802 vpcem,

177 2794 279 2840 μηέἑιί,
307 2802 373 2829 nihil
401 2807 456 2840 tum
484 2799 651 2840 profuturam
671 2803 781 2840 carnem
796 2795 845 2840 “in
871 2794 961 2840 [utqu

176 2830 287 2868 siculo.
315 2830 541 2872 quemadmodum
571 2840 622 2872 nec
645 2832 672 2859 in
699 2832 761 2872 isto.
796 2830 848 2858 Pro
869 2830 958 2872 thauro-

176 2881 230 2905 τως
251 2866 417 2907 alibi-abst?)
446 2870 552 2907 legitur.
582 2866 642 2907 E_§t:_
666 2870 774 2907 autem,
805 2872 838 2907 ac
869 2866 902 2907 si‘
924 2866 960 2892 ita

178 2900 414 2943 argumentaretui'
439 2915 446 2932 :
471 2900 546 2932 Deus
576 2902 643 2930 nihil
669 2900 770 2936 φαῦλον
795 2905 841 2929 aut
872 2900 959 2936 φλυα-

592 2657 616 2672 ¹⁸
629 2656 700 2683 Psal.
715 2663 746 2687 tt,
760 2654 786 2681 6.
814 2655 837 2670 "'
853 2653 923 2681 Psal.
946 2660 1025 2684 xcvt,
1051 2652 1075 2678 I.

1017 2488 1026 2504 1
1048 2479 1100 2505 tius
1115 2478 1232 2505 ehtcitlat
1249 2482 1361 2504 sanctus
1375 2477 1518 2510 Apostolus
1534 2476 1567 2503 ad
1581 2477 1652 2503 hunc
1667 2478 1773 2503 modum
1788 2483 1796 2502 :

1017 2534 1026 2549 1
1048 2524 1154 2558 Oportet
1171 2523 1244 2550 illum
1264 2531 1371 2557 regnare
1392 2522 1657 2556 quousque'powerit
1677 2521 1797 2547 inimicos

1016 2580 1025 2596 1
1049 2571 1131 2604 ipsius
1145 2570 1338 2604 suppedaneum
1352 2568 1460 2602 pedibus
1476 2568 1533 2602 ejus
1552 2567 1585 2593 ³⁸.
1599 2577 1609 2592 ι
1630 2567 1799 2602 Dispensatio

1116 2650 1227 2679 “lCor.
1241 2657 1283 2682 xv,
1296 2648 1341 2675 28.
1380 2648 1401 2664 ³¹
1414 2648 1531 2675 Zachar.
1542 2654 1589 2680 xtl,
1600 2646 1643 2674 10.
1682 2647 1704 2663 ³¹
1717 2646 1797 2676 Joan.

1015 2758 1078 2795 ρόνγ
1092 2758 1165 2791 fecit;
1178 2762 1205 2784 at
1218 2758 1280 2795 ipse
1291 2754 1416 2795 Christus
1431 2757 1588 2795 pronuntiat
1601 2763 1720 2795 carnem_
1731 2755 1798 2784 nihil

1013 2791 1163 2829 prodesse;
1179 2793 1242 2827 quid
1269 2800 1333 2829 (περ
1360 2792 1422 2829 ipsi»
1435 2799 1505 2829 opus
1529 2791 1572 2829 illa
1593 2799 1691 2829 carne,
1714 2792 1739 2829 in
1756 2794 1799 2829 tu-

1014 2825 1075 2857 turo
1085 2825 1246 2856 saeculo—non
1263 2825 1424 2862 profutura?
1435 2827 1472 2853 M.
1485 2841 1522 2862 έ-
1533 2826 1641 2861 ¹δοῖ-ιιιεί
1658 2826 1696 2862 ᾡς
1711 2826 1795 2862 αὐτῷ.

1048 2864 1103 2900 (82)
1129 2861 1307 2900 Τοῆτρδὲξτὸ
1332 2861 1517 2900 προφητικὸν
1526 2862 1579 2890 τοῦ
1591 2861 1691 2900 Δαυζδ.
1713 2862 1796 2900 Recte

1012 2894 1148 2934 componit
1180 2899 1224 2926 hic
1255 2894 1428 2933 Apostoluin,
1450 2902 1476 2925 et
1499 2902 1587 2926 vatem
1607 2898 1720 2933 regium,
