2032 3211
295 216 347 246 M9

601 219 749 247 'EUSEBII
768 218 1007 248 CIESARIENSIS
1026 219 1100 248 OPP.
1121 220 1210 248 PARS
1229 221 1274 249 IV.
1293 236 1323 242 —
1346 219 1556 248 DOGMATICA.
1850 223 1894 251 820

295 273 347 302 bus
362 274 394 302 dc
413 274 507 302 eadem
525 274 569 302 illa
583 283 666 303 carne
680 277 738 310 ipse
751 276 908 311 scripserat.
923 277 951 304 ln
967 285 1081 312 sequen-

1134 279 1331 314 ἀμνημονήσας
1353 276 1391 307 ὧν
1417 280 1481 314 περὶ
1506 278 1591 313 αὐτῆς
1616 277 1660 304 διὰ
1683 278 1735 305 τῶν
1760 274 1895 315 ἔμπροσθεν

297 321 370 349 tibus
384 322 464 349 etiam
486 322 529 350 ille
546 323 602 357 ipse
616 324 660 357 qui
673 324 911 356 determinaverat,
928 325 988 352 sine
1002 332 1079 352 scru-

296 367 360 401 pulo
374 387 382 399 ,
402 375 502 403 corpus
517 368 672 397 Servatoris
688 369 808 396 futurum
825 375 885 404 post
906 369 999 404 judicii
1017 375 1082 397 tem-

295 419 347 448 pus
362 412 451 441 Verbo
475 422 523 442 suo
547 415 756 448 destituendum,
776 420 875 443 metum
892 416 1033 451 quemdam
1054 421 1082 444 et

298 460 477 488 reverentiam
498 468 552 494 prae
567 468 598 488 se
612 460 665 488 fert
678 481 685 494 ,
700 466 728 489 et
743 470 796 489 non
812 469 891 496 posse
915 463 954 490 ait
970 470 1082 496 respon-

298 505 373 538 dere,
389 507 411 533 si
425 507 485 540 quis
499 506 572 534 illum
589 508 622 535 tle
644 507 690 534 illa
706 515 788 535 carne
806 509 1024 543 interrogaverit,
1038 509 1080 535 di-

297 555 402 578 cturum
419 559 483 579 vero
503 559 532 579 se
545 552 578 580 ad
593 553 802 587 interrogantem
814 554 969 588 quemlibet,
991 563 1001 580 ε
1020 554 1081 582 Noli

299 605 310 622 ‹
329 596 462 624 sciscitari
482 598 515 625 de
529 599 610 627 rebus
624 607 683 633 qua?
697 607 750 627 non
764 600 916 628 didicimus.
931 610 940 626 ι
958 600 1007 628 Hic
1025 601 1080 635 iam

295 642 384 676 quivis
396 644 418 671 ei
431 651 544 679 oggerat
560 655 567 673 :
583 646 653 679 Quid
670 647 841 682 temetipsum
866 648 1014 676 deridiculo
1031 649 1081 676 ha-

295 688 352 720 bes,
369 689 469 716 homo?
484 691 617 724 Quorsum
635 692 661 719 in
679 693 758 720 rebus
773 701 833 727 qua:
846 701 898 720 non
916 694 1044 727 didicisti,
1056 699 1083 723 te

296 741 345 768 per
362 737 509 771 praecipitia
534 740 603 772 agis,
619 738 682 765 dum
705 739 731 766 in
746 740 856 774 scriptis
873 740 935 767 illas
948 741 1053 768 decidis
1070 740 1082 767 ί

295 780 428 812 Quorsum
447 791 499 809 non
514 784 636 811 custodis
658 792 689 811 ea
705 792 765 819 quae
781 786 924 820 suscepisti
946 786 981 814 ab
999 788 1083 814 eccle-

294 826 412 854 siasticis
427 827 563 862 Patribus,
583 834 611 856 et
625 831 782 858 doctoribus
794 851 802 863 ,
830 834 859 862 »Β
885 831 1020 860 novitates
1039 839 1082 860 se-

294 873 398 907 queris,
416 874 462 909 qui
484 883 569 909 nuper
582 881 672 902 natam
692 881 719 903 et
742 884 757 904 a
775 876 827 905 ﬁde
846 878 962 904 alienam
986 878 1083 906 distor-

295 918 398 946 tionem
412 919 438 947 in
455 921 537 948 vitam
555 922 759 950 subintroducis
772 943 780 954 ,
795 923 858 950 dum
875 931 986 958 regnum
1000 923 1082 951 Chri-

294 963 329 990 sti
345 965 546 994 circumscribis
563 967 666 994 novitio
685 968 803 1003 quodam
822 969 956 1004 principio
970 974 998 997 et
1013 974 1082 997 tem—
1096 965 1117 993 Β

294 1009 379 1044 porali
389 1030 396 1042 ,
411 1011 481 1045 quod
496 1012 548 1039 [ine
561 1021 668 1048 quoque
688 1014 887 1041 terminandum
907 1022 967 1042 esse
981 1015 1079 1050 doces;

294 1055 412 1091 abnegas
427 1064 491 1085 vere
513 1059 682 1093 unigenitum
707 1059 775 1093 Dei,
799 1060 943 1088 substituis
961 1060 1080 1088 Verbum

295 1099 503 1130 insubstanliale
525 1108 552 1130 et
576 1104 773 1139 insubsistens,
801 1105 872 1140 quod
900 1106 987 1140 ipsum
1013 1106 1081 1134 nihil

294 1146 366 1173 aliud
392 1149 552 1181 prnnuntias
573 1157 649 1182 esse,
666 1158 747 1184 quam
763 1159 844 1178 unum
857 1156 937 1186 atque
954 1152 1082 1179 idemmet

294 1200 356 1220 cum
369 1193 441 1221 Deo?
455 1194 519 1228 Quae
535 1196 657 1230 quisquis
672 1195 783 1229 dixerit,
794 1205 846 1224 non
866 1198 963 1232 injuria
976 1198 1081 1225 dicetur

293 1239 392 1267 Filium
409 1241 456 1268 Dei
471 1241 616 1277 abnegare.
633 1242 691 1270 Non
708 1247 749 1270 est
762 1245 834 1271 enim
848 1243 934 1271 Filius
944 1264 952 1277 ,
967 1244 1080 1271 verbum

294 1286 365 1319 quod
385 1294 436 1314 non
452 1289 589 1322 subsistit;
606 1296 665 1316 cum
682 1297 730 1317 nec
747 1290 860 1317 verbum
881 1290 998 1318 hominis
1008 1291 1084 1317 dica-

296 1337 350 1365 tur,
373 1333 444 1360 ﬁlius
467 1334 584 1362 hominis
603 1343 610 1362 :
633 1340 725 1370 utpote
747 1337 818 1370 quod
841 1336 897 1363 sola
924 1337 1082 1370 operatione

294 1378 420 1406 subsistit
432 1379 459 1406 in
473 1379 609 1414 loquente.
625 1381 681 1408 lloc
696 1381 782 1416 ipsum
794 1382 827 1408 de
838 1381 917 1409 Patre
931 1389 979 1409 suo
989 1389 1082 1416 egres-

295 1433 354 1452 sum
369 1445 376 1456 ,
392 1431 454 1453 ante
475 1434 560 1454 annos
577 1427 695 1454 nondum
713 1435 776 1455 cccc
800 1428 963 1462 completos,
982 1428 1080 1456 Filium

295 1471 342 1498 Dei
359 1470 459 1498 factum
484 1471 598 1502 inferius
619 1480 727 1505 narras,
742 1481 790 1508 per
806 1474 896 1500 carnis
912 1475 1080 1509 assumptio-

296 1525 368 1549 ncm,
386 1518 544 1552 etsnperius
561 1518 652 1546 Jesum
667 1519 804 1546 Christum
819 1520 998 1554 nominatum,
1011 1521 1080 1547 ima-

295 1563 383 1598 ginem
396 1564 496 1591 dictum
516 1565 561 1591 Dci
577 1564 719 1593 invisibilis
733 1585 740 1597 ,
758 1571 784 1592 et
799 1567 1008 1600 primogenitum
1023 1574 1082 1593 om-

295 1610 338 1636 nis
366 1614 497 1637 creatura:
523 1620 529 1638 :
554 1619 644 1645 regem
667 1619 775 1646 quoque
798 1612 987 1639 constitutum.
1016 1612 1081 1645 Quae

294 1656 396 1688 omnia,
415 1664 430 1683 a
449 1662 568 1690 tempore
583 1658 628 1684 illo
644 1657 784 1692 designato
795 1678 802 1690 ,
828 1658 928 1692 incepit
943 1658 989 1685 ille
1001 1665 1080 1691 esse;

295 1709 355 1736 quae
377 1703 467 1729 omnia
487 1703 566 1730 simul
583 1703 753 1737 depositurus
767 1708 818 1735 est,
835 1709 897 1737 post
908 1703 1000 1736 judicii
1016 1711 1081 1731 con—

295 1747 514 1774 summationem.
532 1747 593 1774 Hiec
613 1752 703 1775 autem
719 1748 829 1775 ubinam
853 1748 998 1775 didicisti?
1014 1748 1082 1782 Quis

296 1793 393 1820 horum
410 1793 456 1820 tibi
483 1793 644 1820 informatur
666 1793 772 1821 exstitit
785 1793 800 1820 ‘I-
821 1793 970 1829 Episcopus
998 1795 1081 1829 quis?

295 1838 396 1875 Synodi
410 1840 493 1874 qua?
510 1840 580 1873 quod
594 1839 725 1874 scriptum
745 1839 779 1867 ab
797 1839 907 1866 homine
918 1839 1083 1867 ecclesiasti-

294 1885 346 1912 co?
361 1893 459 1920 corpus
474 1885 539 1912 illud
554 1885 711 1912 Servaturis
726 1885 878 1912 immortale
890 1892 943 1920 quo
954 1885 1081 1913 secedet?

294 1932 362 1959 Nam
379 1940 439 1959 cum
454 1932 624 1960 concesseris
639 1932 704 1959 illud
716 1939 777 1959 esse
792 1931 956 1964 immortale,
970 1936 997 1959 et
1013 1932 1082 1959 divi-

293 1986 359 2005 num
374 1978 528 2013 appelluris,
549 1985 659 2006 necesse
671 1984 714 2005 εει
726 1986 863 2013 supponas
878 1978 1083 2012 incorruptibile

294 2029 322 2051 et
334 2024 576 2051 indissolvendum.
590 2024 667 2057 Quod
688 2032 753 2051 vero
767 2029 863 2051 natura
886 2032 934 2051 sua
958 2024 1013 2051 tale
1030 2029 1081 2057 est,

294 2076 386 2097 manet
402 2071 495 2104 utique
522 2071 673 2097 subsistens
699 2074 725 2096 et
748 2069 948 2098 indissolutum.
971 2069 1024 2097 Sed
1055 2075 1082 2097 tu

294 2115 413 2143 Verbum
431 2115 522 2145 abillo
539 2116 620 2148 tollis,
640 2121 667 2142 et
684 2123 745 2142 cum
763 2116 817 2143 Deo
832 2115 983 2150 conjungis.
1000 2116 1083 2142 Num-

295 2170 357 2190 nam
375 2163 457 2197 igitur-
473 2163 532 2189 sine
546 2161 636 2189 Verbo
648 2161 733 2189 solum
757 2162 885 2189 subsistet
898 2169 997 2197 corpus
1012 2161 1082 2189 istud

294 2210 321 2237 in
337 2209 480 2237 immortali
497 2213 525 2235 et
542 2210 696 2243 incorrupta
714 2208 954 2235 irrationabilitute
965 2228 971 2240 ,
993 2212 1019 2234 et
1031 2208 1082 2234 im-

294 2257 444 2284 mobilitate
456 2257 470 2283 ?-
488 2257 521 2282 At
538 2255 655 2283 Verbum
681 2256 768 2289 ipsum
794 2255 923 2282 concedet
939 2254 965 2281 in
987 2255 1081 2286 Deum,

294 2306 321 2329 et
335 2309 429 2330 rursus
447 2301 483 2328 illi
499 2301 677 2335 conjungetur
690 2302 753 2334 post
767 2300 858 2327 carnis
870 2299 1080 2334 scparationcm.

331 2409 360 2439 ἦ
376 2407 424 2434 Ed.
441 2406 526 2434 Paris.
545 2414 604 2441 pag.
618 2405 663 2432 54.

1131 323 1251 360 εἴρηκεν.
1276 322 1344 354 Εἶθ’,
1368 325 1381 351 ὁ
1408 324 1501 359 σαφῶς
1517 323 1587 351 οὕτω
1599 323 1630 349 τὸ
1645 323 1722 359 σῶμα
1735 324 1763 350 τὸ
1780 326 1896 361 σωτήριον

1131 370 1233 406 ἔρημον
1254 371 1301 398 τοῦ
1315 370 1402 405 Λόγου
1417 370 1591 406 γενήσεσθαι,
1603 369 1671 405 μετὰ
1678 369 1721 396 τὸν
1736 370 1782 405 τῆς
1795 370 1896 406 κρίσεως

1130 417 1225 452 καιρὸν
1242 417 1452 452 ἀποφηνάμενος
1479 416 1619 443 εὐλάϐειαν
1643 417 1838 450 προσποιεῖται,
1857 418 1897 443 καὶ

1132 463 1169 498 μὴ
1184 463 1282 489 εἰδέναι
1299 464 1380 498 φησιν
1403 462 1615 498 ἀποκρίνεσθαι,
1633 461 1659 487 εἴ
1675 470 1716 493 τις
1731 461 1808 487 αὐτὸν
1823 462 1898 496 ἔροιτο

1131 509 1254 545 περὶτῆς
1263 510 1374 546 σαρκὸς,
1385 510 1469 544 φῆσαι
1482 509 1543 535 δ’ἂν
1556 508 1622 544 πρὸς
1639 507 1684 534 τὸν
1698 507 1844 543 ἐρωτῶντα,
1858 508 1898 540 Μή

1131 563 1191 582 που
1211 555 1365 582 πυνθάνου
1380 556 1434 590 (95)
1455 554 1523 588 περὶ
1537 551 1581 581 ὧν
1591 553 1633 589 μὴ
1651 553 1811 588 μεμάθηκα.
1833 552 1899 579 Ἀλλὰ

1131 601 1178 628 καὶ
1194 602 1209 627 ὁ
1223 600 1312 637 τυχὼν
1326 598 1402 627 εἶπεν
1419 601 1452 627 ἂν
1469 600 1537 635 πρὸς
1551 599 1630 626 αὐτόν
1640 607 1646 613 ·
1665 599 1690 625 τί
1711 598 1742 634 δὴ
1757 596 1800 624 οὖν
1814 598 1900 624 σαυτὸν

1132 646 1276 679 σκώπτεις,
1287 646 1412 682 ἄνθρωπε
1423 655 1430 679 ;
1443 646 1475 673 Τί
1488 646 1516 672 δὲ
1525 645 1595 672 κατὰ
1609 644 1737 681 κρημνῶν
1750 644 1834 676 ὠθεῖς,
1847 644 1901 679 περὶ

1130 690 1168 720 ὧν
1185 693 1222 729 μὴ
1239 693 1402 730 μεμάθηκας
1424 692 1581 728 ὁριζόμενος
1598 691 1763 727 ὲγγράφως;
1787 690 1816 716 Τί
1830 690 1854 716 δὲ
1871 690 1902 725 μὴ

1131 739 1276 773 φυλάττεις
1301 739 1320 767 ἃ
1344 738 1421 775 παρὰ
1434 739 1488 765 τῶν
1502 736 1734 774 ἐκκλησιαστικῶν
1747 734 1865 771 πατέρων
1877 743 1902 761 τε

1131 786 1178 812 καὶ
1191 785 1359 813 διδασκάλων
1372 784 1553 820 παρείληφας,
1569 783 1741 818 νεωτερίζεις
1759 781 1780 808 δ’
1790 782 1902 817 ἄντικρυς

1131 833 1194 860 νέαν
1212 833 1260 859 καὶ
1287 832 1443 866 ξενίζουσαν
1470 831 1588 865 εἰσάγων
1604 829 1643 865 τῷ
1661 828 1711 864 βίῳ
1737 827 1902 863 διαστροφὴν,

1131 880 1218 916 ἀρχήν
1233 888 1263 906 τε
1279 879 1447 915 πρόσκαιρον
1469 877 1516 904 καὶ
1529 876 1665 912 νεωτέραν
1680 876 1714 910 τῇ
1733 874 1847 910 βασιλείᾳ.
1863 873 1904 900 τοῦ

1131 924 1249 961 Χριστοῦ
1262 924 1360 956 διδοὺς,
1375 924 1422 951 καὶ
1440 923 1541 959 ταύτης
1553 922 1630 954 τέλος
1652 921 1847 956 ὑφιστάμενος,
1865 919 1905 946 καὶ

1131 971 1177 998 τὸν
1195 970 1243 1005 μὲν
1260 969 1367 1005 ἀληθῶς
1385 968 1516 1004 μονογενῆ
1534 967 1580 994 τοῦ
1611 965 1679 993 Θεοῦ
1697 965 1760 992 Υἱὸν
1786 963 1904 1000 ἀρνούμε-

1131 1025 1185 1049 νος,
1197 1016 1282 1050 Λόγον
1295 1015 1322 1041 as
1338 1015 1426 1049 ψιλὸν,
1445 1012 1568 1041 ἀνοὺσιον
1591 1012 1638 1039 καὶ
1653 1011 1833 1039 ἀνυπόστατον
1850 1009 1904 1035 ὑπο-

1130 1063 1286 1098 τιθέμενοςο
1308 1061 1337 1088 ὃν
1358 1061 1412 1088 οὐδ’
1429 1060 1522 1096 ἓτερον
1542 1059 1559 1094 ἢ
1583 1059 1611 1085 ἓν
1632 1057 1679 1085 καὶ
1696 1056 1791 1084 ταύτὸν
1808 1055 1843 1090 τῷ
1854 1054 1905 1089 Θεῲ

1132 1107 1201 1136 εἶναι
1218 1108 1291 1143 φὴς;
1309 1108 1342 1133 ’Ὀ
1353 1106 1386 1142 δὴ
1400 1107 1448 1132 καὶ
1463 1105 1519 1141 (94)
1536 1106 1590 1136 πᾶς
1615 1104 1688 1130 εῐποι
1706 1103 1739 1130 ἂν
1756 1101 1905 1138 ἀρνούμενος

1131 1155 1176 1183 τὸν
1189 1155 1253 1181 Υἱὸν
1268 1153 1315 1180 τοῦ
1333 1151 1411 1184 Θεοῦ,
1426 1152 1547 1183 εἰκότως.
1574 1151 1611 1177 Οὐ
1626 1150 1680 1186 γὰρ
1695 1149 1753 1180 υἱδς
1771 1148 1785 1174 ὁ
1799 1147 1833 1183 μὴ
1850 1147 1905 1181 ὑφε-

1132 1201 1203 1233 στὼς
1228 1200 1325 1234 Λόγος,
1343 1199 1380 1231 ὡς
1406 1198 1465 1225 οὐδὲ
1494 1199 1522 1224 ὲν
1549 1196 1686 1232 ἀνθρώπῳ
1704 1195 1781 1230 λόγος
1805 1193 1858 1224 uili;
1878 1192 1905 1218 ἄν

1132 1256 1197 1274 ποτε
1213 1247 1307 1282 ῥηθείη
1322 1244 1476 1281 ἀνθρώπου,
1491 1243 1615 1279 ἐνεργείᾳ
1626 1242 1694 1278 μόνῃ
1708 1243 1736 1268 ὲν
1748 1240 1784 1276 τῷ
1797 1238 1905 1266 λαλοῦντι

1133 1293 1337 1328 συνιστάμενος.
1353 1290 1438 1317 Τοῦτο
1452 1290 1474 1316 δ’
1490 1290 1522 1316 ἐκ
1531 1289 1577 1315 τοῦ
1589 1288 1705 1324 Πατρὸς,
1723 1286 1777 1322 (95)
1791 1285 1839 1321 πρὸ
1848 1283 1905 1310 ἐτῶν

1131 1339 1185 1366 οὐδ’
1203 1339 1271 1365 ὅλων
1284 1337 1479 1374 τετρακοσίων,
1497 1336 1540 1362 διὰ
1549 1336 1598 1370 τῆς
1613 1334 1773 1370 ἀναλήψεως
1788 1332 1835 1367 τῆς
1850 1338 1907 1366 σαρ-

1131 1385 1188 1416 κὸς,
1206 1384 1270 1411 Υίὺν
1289 1383 1334 1411 τοῦ
1350 1383 1417 1410 Θεοῦ
1434 1381 1613 1417 γεγεννῆσθαι
1624 1380 1717 1412 καθὼς
1730 1380 1789 1415 φὴς,
1802 1377 1845 1405 καὶ
1861 1377 1906 1411 ’1η-

1133 1429 1196 1456 σοῦν
1220 1429 1266 1456 καὶ
1291 1429 1407 1465 Χριστὸν
1427 1428 1584 1464 ὠνομάσθαι
1601 1427 1667 1459 ἄνω,
1698 1426 1788 1452 εἰκόνα
1815 1432 1843 1450 τε
1866 1420 1906 1449 τοῦ

1132 1476 1198 1503 Θεοῦ
1215 1475 1262 1503 τοῦ
1279 1476 1394 1511 ἀοράτου
1407 1474 1591 1511 χρηματίσαι,
1610 1473 1657 1500 καὶ
1683 1472 1847 1508 πρωτότοκον
1862 1468 1906 1495 πά-

1134 1531 1184 1558 σης
1200 1522 1324 1553 κτίσεως,
1338 1523 1385 1548 καὶ
1393 1522 1424 1556 δὴ
1440 1522 1485 1548 καὶ
1495 1520 1606 1556 βασιλέα
1616 1520 1678 1546 τότε
1696 1517 1821 1553 γενέσθαι
1835 1514 1907 1550 ἀρξά-

1136 1577 1215 1604 μενον
1229 1568 1332 1594 τούτων
1346 1568 1472 1594 ἁπάντων
1481 1587 1488 1598 ,
1511 1567 1543 1593 ἐκ
1559 1566 1604 1592 τοῦ
1619 1564 1785 1600 δηλωθέντος
1803 1562 1888 1599 χρόνου
1899 1581 1905 1593 ,

1134 1612 1182 1638 ἕπε
1187 1621 1230 1639 ιτα
1243 1612 1331 1648 καιρῷ
1339 1613 1389 1647 τῆς
1398 1612 1553 1642 συντελείας
1560 1611 1662 1637 τούτων
1676 1610 1802 1636 ἁπάντων
1815 1606 1907 1642 ἀθρόως

1134 1659 1330 1694 παυθήσεσθαι.
1347 1658 1402 1684 Ποῦ
1420 1658 1451 1693 δὴ
1468 1656 1514 1684 οὖν
1536 1657 1620 1684 ταῦτα
1642 1654 1873 1692 μεμάθηκας;Τίς
1884 1652 1908 1678 δέ

1135 1712 1174 1730 σοι
1193 1705 1294 1730 τούτων
1308 1704 1426 1739 κατέστη
1438 1703 1605 1735 διδάσκαλος,
1619 1703 1661 1734 τίς
1670 1703 1833 1732 ἐπισκόπων,
1845 1700 1907 1726 milli

1134 1751 1249 1782 σύνοδοι,
1267 1752 1342 1777 ποῖον
1359 1750 1593 1784 ὲκκλησιαστικῶν
1610 1749 1716 1784 ἀνδρῶν
1733 1748 1852 1783 γράμμα,
1863 1753 1906 1771 που

1132 1796 1161 1822 δέ
1177 1804 1218 1822 σοι
1234 1796 1264 1822 τὸ
1281 1795 1359 1831 σῶμα
1372 1796 1403 1822 τὸ
1413 1795 1544 1823 ἀθάνατον
1562 1795 1697 1831 χωρήσειε
1713 1794 1760 1821 τοῦ
1777 1792 1906 1826 Σωτῆρος;

1133 1842 1264 1869 ἀθάνατον
1291 1841 1343 1878 γὰρ
1371 1841 1508 1877 ὁμολογῶν
1524 1841 1571 1867 καὶ
1593 1841 1662 1868 θεῖον
1683 1839 1820 1876 ὀνομάζων
1835 1836 1906 1867 αὐτὸ,

1133 1889 1241 1920 πάντως
1258 1897 1309 1915 που
1333 1888 1380 1914 καὶ
1397 1887 1536 1923 ἄφθαρτον
1557 1887 1603 1914 καὶ
1626 1887 1767 1913 ἀδιάλυτον
1787 1883 1905 1917 ὑποθήσῃ·

1134 1934 1256 1969 πεφυκὸς
1264 1933 1292 1960 δὲ
1302 1933 1431 1965 τοιοῦτον,
1445 1933 1519 1968 μένει
1530 1931 1665 1963 συνεστὼς
1676 1931 1776 1966 δηλαδὴ
1787 1926 1908 1956 κανάδιάε

1132 1978 1222 2005 λυτον.
1246 1979 1325 2005 ’Λλλὰ
1339 1979 1384 2005 τὸν
1408 1979 1493 2012 Λόγον
1514 1978 1629 2014 ἀφῄρεις
1645 1978 1738 2010 αὑτοῦ,
1754 1978 1799 2004 καὶ
1812 1975 1847 2010 τῷ
1855 1971 1908 2007 θεῷ

1134 2026 1276 2061 συνῆπτες.
1304 2025 1407 2052 Οὐκοῦν
1426 2026 1488 2053 ἄνευ
1505 2026 1593 2059 Λόγου
1620 2024 1701 2060 μόνου
1721 2025 1776 2059 (96)
1789 2023 1818 2049 τὸ
1839 2020 1909 2055 σῶμα

1133 2072 1261 2107 στήσεται
1282 2073 1311 2098 ἐν
1327 2071 1452 2106 ἀθανάτῳ
1469 2072 1516 2097 καὶ
1533 2071 1663 2105 ἀφθάρτῳ
1682 2069 1777 2104 ἀλογίᾳ.
1793 2067 1838 2094 καὶ
1857 2067 1909 2093 ἀκι-

1133 2118 1213 2153 νησίᾳ
1223 2117 1266 2149 ;τὸ
1282 2117 1310 2144 δὲ
1318 2117 1398 2149 αὐτὸς
1409 2118 1422 2143 ό
1434 2117 1521 2151 Λόγος
1531 2118 1571 2148 εἰς
1581 2116 1626 2143 τὸν
1637 2116 1704 2142 Θεὸν
1730 2116 1852 2151 χωρήσει,
1868 2110 1909 2137 καὶ

1134 2163 1332 2198 συναῳθήσεται
1343 2161 1422 2194 αὖθις
1435 2163 1509 2198 αὐτῷ
1525 2162 1592 2198 μετὰ
1603 2163 1647 2189 τὸν
1661 2163 1712 2198 τῆς
1728 2161 1824 2198 σαρκὸς
1837 2166 1909 2194 χωρι-

1135 2209 1211 2243 σμόν.
1227 2208 1300 2245 TAput
1318 2209 1354 2245 μὴ
1379 2209 1416 2236 ὢν
1433 2210 1461 2236 ἐν
1476 2209 1515 2244 τῷ
1531 2209 1600 2244 Θεῷ,
1614 2209 1657 2235 ὅτε
1677 2210 1711 2244 τῇ
1730 2207 1809 2242 σαρκὶ
1822 2205 1906 2239 συνῆν·

1133 2254 1191 2280 ἀλλ’
1209 2254 1246 2280 ὣν
1261 2255 1289 2280 ὲν
1306 2254 1380 2289 αὐτῷ
1396 2254 1441 2280 διὰ
1452 2254 1561 2285 παντὸς,
1580 2254 1715 2284 συναῖδιός
1732 2261 1761 2279 τε
1783 2251 1818 2278 ὢν
1833 2249 1875 2276 καὶ
1884 2248 1909 2273 ἓν

1134 2300 1180 2325 καὶ
1205 2299 1300 2326 ταύτὸν
1328 2299 1367 2335 τῷ
1384 2300 1458 2335 Θεῷ;
1480 2300 1542 2331 Πῶς
1556 2297 1603 2326 οὖν
1623 2299 1746 2334 ὑπῆρχεν
1766 2298 1795 2324 ὲν
1865 2293 1910 2320 σῶν

329 2498 448 2537 (95)-Μή
465 2507 523 2537 rimi
539 2498 707 2537 πυνθάνου,
732 2497 797 2537 Ιέεε.
819 2499 864 2537 Δμή
888 2507 940 2537 μου,
958 2503 986 2525 ut
1004 2498 1081 2532 paulo

1134 2498 1260 2537 ἀφαιρεῖς
1273 2513 1306 2537 :—
1328 2498 1444 2537 συνῆπτε
1457 2496 1779 2537 υὺίισυνάτττεσθαιιροπ.

293 2540 366 2562 ante.
382 2534 416 2560 M.
431 2534 540 2560 -—Dein
552 2534 631 2567 vulgo
646 2534 671 2560 τί
685 2533 713 2560 δὲ
723 2532 769 2560 οὖν
781 2532 975 2569 ειὲγγρᾶφεις.

329 2570 386 2606 (94)
401 2570 432 2606 ’ρ
448 2569 485 2602 δὴ
503 2569 563 2606 καί.
582 2569 668 2606 Vulgo
678 2569 721 2606 ὅδε
736 2569 791 2595 καί.

329 2603 387 2640 (95)
418 2605 465 2631 Ἐκ
480 2604 532 2631 τοῦ
554 2604 679 2638 Πατρός.
705 2605 786 2631 Deest
809 2603 864 2636 hic,
891 2603 995 2640 προῖόν.
1015 2603 1082 2640 lllud

295 2641 370 2671 κάτω
396 2649 403 2666 :
429 2641 462 2666 ad
491 2640 627 2668 Christum
652 2640 759 2673 opinor.
787 2647 840 2666 non
866 2639 898 2665 ad
926 2639 1081 2666 Marcellum

294 2676 464 2703 referendum
493 2680 544 2707 est,
580 2675 631 2701 hoc
661 2680 711 2705 est,
739 2674 875 2701 Christum
903 2673 966 2700 olim
991 2674 1079 2708 λόγον,

294 2711 378 2742 κάτω.
398 2712 423 2737 in
441 2710 519 2737 let-ris
534 2710 714 2740 incarnulum,
732 2709 830 2736 factum
841 2709 936 2736 Filium
953 2709 1080 2740 hominis,

294 2754 346 2773 non
358 2746 433 2772 κάτω
450 2747 513 2781 φής,
527 2746 576 2772 hoc
588 2749 629 2772 est
650 2745 761 2781 inferius
775 2744 893 2781 :tllirmas
909 2744 1001 2781 istud:
1020 2753 1080 2770 nam

293 2786 322 2807 et
332 2781 444 2807 inii-rius
462 2779 488 2806 et
509 2781 632 2815 superius
646 2779 760 2806 alilrmat
774 2787 781 2805 :
794 2780 858 2806 hinc
873 2779 950 2810 illud,
965 2779 1081 2814 Χριστόν

293 2815 449 2851 ὠνομάσθαι
468 2816 524 2842 ἀνω
541 2814 550 2843 ξ
565 2823 733 2851 quanquamh
745 2815 833 2848 potius
849 2814 999 2851 putaverint
1025 2814 1080 2840 ἄνω

294 2849 456 2881 redundare.
469 2849 581 2879 M.—R.’
591 2859 616 2884 p.
638 2851 672 2878 '50
688 2849 866 2885 τοῦτον-οὐχ
881 2850 1081 2885 ὅλων-γεγενι

295 2886 401 2921 νῆα-θαι,
422 2886 478 2912 ἄνω
501 2886 548 2913 καὶ
562 2886 637 2912 κάτω
653 2886 706 2921 φής
721 2886 809 2912 deleto
821 2886 877 2911 ἄνω
896 2884 1081 2921 ρυδιᾲὼνομά-

295 2919 366 2948 σθαι.
385 2921 448 2947 Dein
462 2921 540 2953 vulgo
555 2920 617 2947 Υἱδν
631 2919 721 2947 τοῦθ.
738 2929 765 2954 γ.
783 2925 810 2946 et
824 2920 870 2946 καὶ
888 2919 990 2954 Ἰησοῦν
1002 2920 1079 2954 γΧριν

296 2957 357 2989 στὸν
385 2956 540 2990 ὠνομάσθαι
572 2960 599 2984 ct
624 2957 670 2983 καὶ
688 2956 714 2982 δὲ
729 2953 775 2983 καὶ
790 2955 815 2990 β.
834 2962 861 2983 et
873 2955 924 2981 ποῦ
940 2955 968 2989 ἐξ
984 2953 1042 2982 οὖνν
1054 2961 1079 2983 ct

1173 2526 1228 2569 (955)
1249 2526 1339 2560 ⁵Ανευ
1355 2526 1451 2569 Λόγου
1467 2532 1573 2569 μόνου.
1589 2532 1656 2569 imo,
1674 2531 1770 2566 μόνως
1785 2526 1906 2569 hoevult,

1136 2565 1224 2596 solum
1237 2569 1289 2596 hoc
1303 2565 1407 2602 corpus
1418 2565 1527 2599 Christi.
1542 2569 1600 2594 sine
1613 2565 1692 2601 Λόγῳ
1712 2573 1761 2592 suo
1774 2565 1907 2591 subsistere

1136 2604 1245 2636 debere,
1259 2601 1496 2638 immortale,rcum
1509 2601 1793 2638 caeterornmornniun‘l
1803 2603 1906 2638 corpora

1136 2639 1224 2666 futura
1239 2634 1293 2665 sint
1305 2637 1512 2672 larua/fotum
1530 2638 1618 2665 locum
1634 2637 1673 2664 sic
1692 2636 1762 2672 lego.
1773 2640 1806 2672 et_
1818 2634 1905 2672 distin-

1135 2683 1186 2708 guo
1198 2684 1204 2700 :
1217 2673 1332 2706 Οὐκοῦν,
1343 2668 1414 2701 ’ἄνευ
1427 2673 1473 2710 τοῦ
1485 2673 1583 2710 Λόγου,
1601 2672 1679 2710 μόνον
1690 2668 1817 2710 τοῦτο-τὺ.
1828 2668 1906 2710 σῶμα

1134 2702 1260 2745 στήσεται
1274 2709 1297 2745 ὲι
1354 2718 1381 2736 κ.
1392 2710 1418 2735 ἀ.
1434 2702 1645 2745 ἄτῃάκινηᾷίᾳῖ
1662 2707 1707 2745 ὅτε
1719 2705 1797 2745 αρτῇς
1807 2702 1904 2745 ὀλόγςξν

1132 2740 1195 2781 βιοῖ,
1205 2746 1257 2781 ἄρα
1266 2744 1303 2781 μὴ
1317 2744 1364 2781 div,
1377 2750 1442 2781 etc,
1451 2743 1518 2770 ἀλλὰ
1533 2740 1628 2781 πράων
1638 2744 1666 2769 ὲν
1678 2740 1751 2781 αὐτῷ
1763 2740 1904 2781 διαπαγξξξε

1134 2780 1179 2807 Sic
1190 2776 1246 2807 vult
1262 2776 1392 2807 Eti‘sebius
1410 2780 1432 2806 si
1453 2784 1514 2812 erat
1531 2776 1561 2805 ὲν
1583 2778 1728 2804 ὑποστάσει
1743 2783 1789 2802 sua
1809 2776 1904 2812 μιξορξιέι

1133 2805 1199 2842 cuin
1212 2805 1450 2848 ἶὲίεέηίκιῐίέξεξξυ
1459 2805 1487 2841 et
1502 2810 1702 2849 κεχωρισμένος
1723 2815 1781 2838 erat
1798 2805 1904 2849 aqua:

1132 2850 1207 2885 τρός,
1224 2841 1273 2877 cur
1290 2857 1342 2876 non
1363 2841 1397 2876 ’ét
1414 2841 1477 2885 :inte
1492 2841 1605 2884 :smc‘ul'a.
1621 2841 1770 2885 curifesset
1784 2841 1903 2885 cruvg‘itittls

1134 2881 1172 2920 τῷ
1182 2885 1288 2920 [ἰατρίῖ
1300 2885 1442 2920 lil.—ln_fra
1455 2881 1495 2912 Mf
1508 2886 1533 2912 in
1543 2892 1616 2913 corr.
1629 2892 1674 2919 γρ.
1682 2882 1751 2917 δίχα,
1761 2881 1817 2908 loco
1826 2881 1902 2911 δίκηνι

1134 2918 1199 2950 Dein
1216 2918 1294 2955 vulgo
1303 2919 1378 2948 ἔσται
1394 2918 1457 2957 ἄρα.
