2032 3211
141 210 192 239 829

612 212 656 240 DE
674 212 945 241 ECCLESIASTICA
965 212 1162 242 THEOLOGIA
1179 213 1243 241 LIB.
1259 213 1280 242 Ι.

1709 215 1762 244 850

141 280 197 304 σεις
214 271 381 305 εὐθύνοντες.
407 273 521 308 Συνὰψω
537 274 565 300 δὲ
595 273 666 301 κατὰ
681 273 710 300 τὸ
731 274 797 301 αὐτὸ
812 276 844 310 τῇ
868 275 926 302 τού-

978 282 1038 303 esse
1054 274 1244 302 refutationem
1257 294 1265 307 ,
1285 278 1317 301 ut
1341 274 1378 302 ita
1393 273 1506 309 singulis
1529 276 1655 301 constare
1669 279 1761 308 queat,

141 327 194 346 nov
205 319 285 354 φωρᾷ
299 319 349 354 τὴν
360 319 406 346 τοῦ
414 320 539 356 Σωτῆρος
552 319 629 355 ἡμῶν
643 319 781 354 θεολογίαν
794 320 924 356 νεώτερον

141 365 191 399 μὲν
204 364 295 398 λέγειν
320 363 390 399 ἔχων
403 365 489 397 οὐδὲν,
505 365 559 392 οὐδ’
587 365 705 401 ἐμαυτοῦ
727 366 809 400 σοφόν
828 374 855 392 τι
878 366 926 392 καὶ

139 411 238 436 οἰκεῖον
253 410 366 446 εὕρεμα,
379 410 428 445 τῆς
436 410 464 437 δὲ
472 410 634 447 Ἐκκλησίας
646 411 692 438 τοῦ
706 411 772 438 Θεοῦ
790 412 839 447 τὴν
851 412 926 438 ἀδιά-

140 456 239 492 φθορον
250 455 423 483 διδασκαλίαν
437 457 640 492 προϊσχόμενος,
657 457 690 493 ἣν
711 457 785 492 παρὰ
801 457 854 484 τῶν
875 458 925 484 αὺ-

138 501 246 528 τοπτῶν
260 501 306 527 καὶ
320 501 461 537 αὑτηκόων
477 501 524 528 τοῦ
553 502 651 536 Λόγου,
674 502 776 529 ἄνωθεν
791 502 821 536 ὲξ
837 502 925 539 ἀρχῆς

139 547 345 583 παραλαϐοῦσα,
364 547 499 582 φυλάττει.

977 319 1051 346 illum
1069 319 1094 346 in
1109 326 1142 346 eo
1164 319 1237 354 quod
1264 318 1363 347 Filium
1382 319 1428 347 Dei
1447 319 1632 353 abnegaverit,
1648 325 1681 346 ne
1701 318 1762 346 nni-

976 374 1037 394 cum
1060 367 1095 394 de
1107 367 1192 394 sacris
1212 366 1311 394 litteris
1324 367 1510 394 testimonium
1536 366 1568 392 ad
1584 372 1640 394 rem
1654 364 1762 400 apposi-

976 416 1032 440 tum
1045 432 1054 445 ,
1069 413 1096 440 in
1123 413 1281 447 longissimo
1304 413 1350 441 illo
1371 420 1452 448 opere
1465 420 1514 440 suo
1528 412 1682 447 protulisse.
1705 410 1762 438 lmo

976 465 1052 490 vero,
1061 457 1190 493 quidquid
1201 458 1235 485 de
1248 457 1395 493 Scripturis
1411 457 1512 489 attulit,
1523 457 1689 485 contrariam
1704 456 1762 491 pla-

977 509 1012 530 ne
1032 510 1125 530 vocem
1148 502 1273 530 emisisse
1292 503 1399 535 sciant,
1419 507 1446 530 et
1462 510 1493 529 ea
1508 510 1569 537 quae
1584 501 1617 529 ab
1631 501 1676 529 illo
1688 501 1762 528 dicc-

976 548 1076 576 bantur
1097 549 1198 583 impie,
1224 549 1252 576 in
1275 554 1380 577 rectum
1405 548 1586 583 retorquendo
1603 555 1710 576 sensum
1733 551 1761 574 et

139 593 313 627 sententiam,
330 593 471 621 direxisse.
489 593 550 621 Istis
565 601 649 629 porro
659 595 817 628 conjunctas
841 594 1014 629 copulatums
1030 602 1090 622 sum
1113 595 1147 623 de
1164 595 1317 623 Servatoris
1341 597 1428 623 nostri
1451 595 1591 622 divinitate
1619 594 1760 622 rationes:

138 640 206 668 nihil
221 648 236 667 a
255 647 299 667 me
327 640 386 675 ipso
415 640 522 667 noviter
549 640 733 674 adiuventum,
751 645 797 668 aut
809 640 880 668 domi
897 647 964 668 mea:
977 645 1072 668 natum
1085 661 1094 675 ,
1107 648 1140 668 ex
1160 641 1288 674 opinione
1308 641 1459 676 profectum
1493 639 1632 675 sapientia:
1648 638 1762 673 alicujus

138 695 206 715 meae
228 686 384 715 edicturus:
400 687 448 714 sed
468 685 596 714 Ecclesiae
626 686 673 714 Dei
707 687 855 714 doctrinam
873 694 928 721 prae
948 695 991 714 me
1010 687 1116 715 laturus
1143 686 1345 722 incorruptam,
1380 694 1461 722 quam
1484 694 1499 713 ι
1528 685 1640 714 testibus
1666 684 1762 714 auritis

138 733 202 761 olim
220 737 301 768 atque
319 731 433 760 oculatis
445 731 528 759 Verbi
548 736 700 767 acceptum,
725 732 758 760 ab
775 732 861 764 Initio.
881 732 926 765 illa
938 732 1055 763 custodit
1066 733 1154 760 adhuc
1171 732 1328 760 inviolatam

460 803 540 829 ΚΕΦ.
563 802 600 828 A’.

139 859 204 886 Ὀτι
227 857 327 893 μάτην
341 857 668 893 Σασέλλιονγδιέϐαμθ
688 857 864 892 Μάρκελλος
890 857 926 885 τὰ

384 893 438 920 ισα
453 892 533 926 αὐτῷ
542 892 682 925 δοξάζων.

173 960 231 996 Πρὸ
242 960 270 987 δὲ
286 960 336 996 τῆς
354 959 456 987 τούτων
471 959 630 992 ἐξετάσεως,
656 960 748 996 ἐπειδὴ
760 959 859 995 μεταξὺ
877 960 925 987 τοῦ

138 1007 353 1043 συγγράμματος
368 1005 414 1033 τὸν
428 1006 572 1034 Σαϐέλλιον
586 1007 632 1033 ὑπ’
651 1007 733 1033 αὑτοῦ
757 1006 925 1041 κοπτόμενον

138 1050 229 1089 εὖρον,
244 1052 428 1087 καταπλαγεὶς
447 1052 497 1088 τῆς
524 1052 694 1088 ἠλιθιότητος
714 1052 759 1079 τὸν
780 1053 874 1089 ἄνδρα,
888 1052 925 1084 ὡς

136 1100 188 1126 οὐκ
205 1099 331 1134 ἐφείσατο
353 1098 446 1131 κακῶς
471 1098 630 1134 ἀγορεῦσαι,
652 1098 681 1125 δν
699 1099 807 1126 πάντων
824 1099 925 1134 μᾶλλον

137 1146 258 1172 ἐπαινεῖν
266 1145 347 1172 αὐτὸν
362 1145 456 1180 ὲχρῆν,
465 1144 593 1180 ὁμόδοξον
605 1144 678 1180 αὐτῷ
688 1145 734 1172 καὶ
746 1144 924 1180 ὁμογνώμονα

137 1191 278 1225 γεγονότα,
306 1190 355 1225 οὐχ
378 1189 526 1226 ἡγησάμην
548 1190 580 1217 ἄν
596 1199 621 1216 τι
638 1189 782 1226 παρελθεῖν
797 1192 859 1226 σιγῇ
880 1190 925 1217 τὸν

137 1237 227 1271 λόγον,
243 1235 411 1272 παραδοῦναι
425 1236 509 1262 δὲκαὶ
519 1236 616 1262 τούτου
631 1235 740 1271 ἔλεγχον
753 1235 792 1271 τῷ
809 1236 924 1271 παρόντι

137 1283 289 1319 γράμματι.
311 1283 348 1309 Τὸ
367 1282 416 1317 μὲν
432 1282 486 1318 γὰρ
502 1282 565 1313 τοὺς
599 1281 646 1308 τοῦ
668 1281 732 1308 Υίοῦ
753 1281 926 1316 λειτουργοὺς

137 1330 207 1365 πρὸς
223 1330 245 1363 (1
253 1329 278 1365 1)
295 1328 378 1356 αὑτοῦ
393 1328 597 1363 διαϐεϐλῆσθαι,
621 1328 644 1353 εί
662 1327 709 1354 καὶ
722 1326 796 1362 αὐτῴ
815 1326 866 1363 μὲν
880 1326 927 1360 ψό-

137 1384 195 1410 γον,
213 1376 268 1406 τοῖς
281 1375 303 1401 δ’
315 1374 551 1410 ἐλευθερουμένοις
568 1374 617 1406 τῆς
634 1373 702 1409 πρὸς
719 1373 801 1400 αὐτὸν
827 1381 924 1399 κοινω-

137 1420 197 1452 νίας
210 1420 330 1453 εὐδοξίαν
342 1421 494 1455 ἐπήγαγεν,
513 1421 587 1456 ὅμως
601 1419 689 1454 εἶχετὸ
703 1428 776 1451 τινος
789 1418 926 1454 (συγγνώ-

1317 803 1395 831 CAP.
1414 804 1435 831 Ι.

977 848 1122 877 Sabellium
1143 858 1159 876 α
1180 849 1308 876 Marcello
1322 851 1407 883 inepte
1429 850 1623 884 reprehensum.
1645 857 1704 876 cum
1716 857 1760 877 eo-

1010 886 1070 946 :iem
1087 885 1115 912 in
1125 892 1215 913 errore
1225 892 1285 911 cum
1307 884 1425 912 Sabellio
1437 885 1492 919 ipse
1509 893 1555 919 per
1571 885 1659 912 omnia
1676 892 1761 912 uerso-

1024 927 1065 946 ur.

1009 965 1045 991 At
1061 965 1218 1000 priusquam
1234 965 1276 994 his
1299 964 1428 1000 accingar
1439 965 1638 999 examinandis,
1654 972 1717 994 cum
1733 966 1761 994 in

975 1010 1067 1045 operis
1085 1016 1213 1040 contextu
1236 1011 1480 1039 animadverterem
1505 1012 1651 1040 Sabellium
1676 1013 1710 1040 ab
1729 1019 1763 1040 eo

975 1056 1045 1084 male
1058 1056 1351 1089 mulctatum,hominis
1365 1056 1517 1085 fatuitatem
1530 1057 1681 1085 admiratus
1689 1065 1760 1090 sum,

975 1101 1046 1135 quod
1061 1100 1099 1128 illi
1110 1102 1266 1137 neutiquam
1283 1102 1445 1137 pepercerit,
1457 1102 1505 1130 sed
1520 1102 1683 1137 impetiverit
1700 1110 1759 1130 ma-

975 1147 1081 1174 ledictis
1095 1167 1103 1180 ,
1125 1154 1205 1182 quem
1225 1148 1350 1175 laudibus
1367 1153 1430 1176 ante
1444 1148 1511 1176 alios
1527 1149 1654 1183 prosequi
1682 1147 1764 1175 debe-

975 1192 1032 1226 bat,
1051 1197 1142 1228 ulpote
1155 1194 1196 1220 sui
1214 1194 1347 1229 dogmatis
1358 1199 1564 1226 assectatorem,
1589 1198 1618 1221 et
1639 1193 1762 1228 ejusdem

975 1247 1037 1267 cum
1051 1240 1140 1275 seipso
1151 1240 1295 1274 opinionis.
1313 1241 1423 1268 Decrevi
1438 1240 1499 1267 ideo
1516 1240 1597 1267 verba
1620 1239 1678 1273 ejus
1696 1247 1764 1266 neu-

975 1285 1076 1319 tiquam
1090 1284 1198 1312 silentio
1213 1285 1368 1320 praeterire,
1390 1284 1437 1312 sed
1452 1284 1534 1311 veluti
1553 1283 1696 1319 quamdam
1715 1291 1764 1311 ac-

976 1330 1127 1357 cessionem
1138 1351 1146 1363 ,
1163 1330 1236 1357 illius
1248 1330 1438 1359 refutationem
1459 1330 1523 1357 huic
1539 1330 1614 1364 operi
1630 1329 1762 1365 adjicien-

977 1378 1049 1410 dam.
1072 1376 1211 1411 Siquidem
1231 1377 1302 1411 quod
1325 1376 1370 1403 Dei
1395 1376 1534 1403 ministros
1551 1380 1679 1408 accuset,
1699 1375 1764 1403 licet

978 1421 1043 1448 illud
1071 1421 1096 1448 in
1123 1421 1208 1456 ipsius
1231 1422 1423 1450 contumeliam
1444 1423 1533 1457 potius
1548 1421 1639 1454 cedat,
1655 1420 1763 1448 laudem

139 1468 204 1501 μης)
217 1466 327 1498 εἰκότως
347 1466 376 1492 τὸ
389 1466 476 1493 δοκεῖν
487 1466 521 1492 τὰ
540 1466 576 1501 μὴ
595 1465 669 1500 αὑτῷ
686 1465 750 1500 φίλα
767 1465 924 1500 φαυλίζειν·

979 1474 1043 1494 vero
1068 1473 1150 1501 atque
1166 1467 1393 1495 existimationem
1414 1467 1544 1502 majorem
1570 1466 1697 1503 illorum,
1716 1466 1764 1501 qui

138 1511 170 1537 τὸ
181 1511 210 1537 δὲ
220 1511 310 1537 λαθεῖν
323 1513 456 1538 κόπτοντα
469 1511 549 1537 αὑτὸν
558 1511 603 1537 διὰ
615 1511 663 1546 τῆς
674 1510 720 1537 τοῦ
737 1510 926 1546 ὸμογνώμονος

142 1556 302 1592 δυσφημίας
329 1556 382 1592 (li)
403 1557 540 1588 ἀναιδείας
571 1557 665 1592 ἔμοιγε
692 1557 775 1588 δοκεῖ,
801 1557 858 1592 ἅμα
881 1556 928 1582 καὶ

139 1601 327 1638 ἀναισθησίας,
350 1602 492 1638 ὑπάρχειν.
510 1602 572 1628 Ὅτι
598 1603 628 1629 δὲ
652 1602 729 1628 ταῦθ’
747 1602 833 1634 οὕτως
857 1602 924 1638 εχει,

137 1648 237 1683 γένοιτ’
253 1648 286 1675 ἂν
299 1648 407 1684 ἔλεγχος
419 1649 501 1680 αὐτὸς
517 1648 624 1680 ἑαυτοῦ,
639 1648 792 1684 Υἱοπάτορα
808 1648 853 1675 τὸν
862 1648 927 1674 Θεὸν

138 1692 209 1720 κατὰ
223 1692 269 1719 τὸν
291 1692 446 1725 Σαΰέλλιον,
471 1695 496 1720 εί
510 1694 557 1720 καὶ
579 1693 617 1728 μὴ
634 1693 730 1728 γυμνῷ
740 1693 781 1728 τῷ
790 1692 871 1728 λόγῳ,
892 1693 926 1728 τῇ

137 1738 202 1774 γοῦν
214 1739 327 1776 ἀληθείᾳ
341 1740 467 1774 εἰσάγων,
484 1739 524 1775 τῷ
547 1740 597 1775 τὴν
613 1740 761 1766 ὑπόστασιν
780 1739 835 1775 (13)
849 1740 926 1766 ἀναι-

139 1787 196 1822 ρεῖν
223 1785 270 1812 τοῦ
294 1785 370 1818 Υίοῦ,
386 1785 434 1812 ἕνα
455 1785 484 1812 δὲ
503 1785 568 1812 Θεὸν
594 1785 744 1821 ὁρίζεσθαι,
765 1785 811 1812 καὶ
833 1785 926 1812 τοῦτον

138 1830 234 1858 ἑαυτοῦ
251 1831 370 1867 Πατέρα,
384 1831 430 1858 καὶ
445 1828 478 1858 αὖ
487 1831 568 1858 πάλιν
580 1831 644 1858 Υίὸν
658 1830 805 1858 ἀποκαλεῖν
817 1831 924 1858 ἑαυτοῦ.

138 1876 226 1910 Λόγον
239 1876 293 1912 γὰρ
303 1875 372 1903 εἶναι
389 1876 451 1908 δοὺς
469 1877 514 1904 τὸν
535 1877 564 1903 ὲν
577 1876 616 1912 τῷ
630 1876 699 1912 Θεῷ,
712 1876 741 1903 ἓν
755 1885 786 1903 τε
799 1877 847 1903 καὶ
862 1876 925 1903 ταύ-

139 1921 185 1949 τὸν
211 1922 275 1949 ὄντα
297 1921 371 1958 αὑτῷ
395 1922 489 1949 τοῦτα
509 1923 683 1958 ὁρισάμενος.
700 1922 810 1957 Πατέρα
831 1921 925 1948 τούτου

140 1968 319 2004 χρηματίζειν
333 1968 413 1994 αὑτὸν
429 1967 494 2003 ἔφη·
511 1968 555 1994 τόν
569 1977 597 1994 τε
609 1967 694 2002 Λόγον
708 1968 771 1994 Υίὸν
787 1965 856 1994 εἶναι
876 1967 925 1994 αὐ-

139 2018 199 2050 τοῦ,
216 2018 266 2044 οὐκ
278 2017 386 2053 ἀληθῶς
398 2018 463 2044 όντα
476 2018 540 2045 Υἱὸν
561 2019 588 2044 ἐν
603 2018 695 2050 οὐσίας
709 2018 868 2050 ὑποστάσει,
881 2026 927 2044 κυ-

141 2067 208 2104 ρίως
232 2067 261 2093 δὲ
287 2067 334 2094 καὶ
356 2067 463 2103 ἀληθῶς
492 2067 555 2094 ὄντα
582 2067 677 2101 Λόγον.
700 2066 925 2102 Ἐπισημαίνεται

140 2118 217 2154 γοῦν,
231 2119 271 2145 ὅτι
287 2118 326 2154 μὴ
338 2117 564 2154 καταχρηστικῶς
577 2118 666 2152 λόγον,
680 2117 748 2144 ἀλλὰ
761 2117 863 2154 κυρίως
878 2117 924 2144 καὶ

142 2169 248 2205 ἀληθῶς
259 2170 324 2196 ὄντα
336 2169 432 2203 Λόγον,
448 2169 495 2196 καὶ
511 2169 593 2204 μηδὲν
611 2168 704 2204 ἕτερον
716 2169 732 2204 ἢ
743 2168 837 2202 Λόγον.
853 2167 919 2203 (Μ).

141 2219 174 2246 Ei
200 2219 228 2245 δὲ
243 2219 325 2254 μηδὲν
340 2218 443 2254 ἕτερον,
461 2219 551 2254 δῆλον,
563 2219 600 2251 ὡς
617 2219 676 2246 οὐδὲ
688 2219 751 2250 Υἱὸς
767 2217 800 2254 ἦν
823 2213 925 2254 κυρίως

143 2269 190 2294 καὶ
202 2268 320 2304 ἀληθῶς,
336 2269 416 2305 μέχρι
433 2268 461 2295 δὲ
476 2269 567 2304 φωνῆς
584 2268 629 2295 καὶ
644 2269 772 2303 ὀνόματος
791 2277 927 2304 καταχρη-

144 2320 244 2352 στικῶς
260 2320 462 2356 ὠνομασμένος.
483 2320 532 2346 Ἔν
542 2328 571 2346 τε
589 2317 657 2346 εἶναι
672 2319 758 2353 λέγων
770 2320 817 2346 καὶ
829 2320 927 2347 ταύτὸν

143 2369 185 2405 τῷ
202 2369 260 2405 Θεῷ
284 2369 329 2396 τὸν
352 2369 450 2403 Λόγον,
474 2368 520 2394 τὸν
540 2367 725 2403 σαρκωθέντα,
748 2368 796 2395 καὶ
823 2368 855 2395 ὲκ
879 2369 928 2404 τῆς

143 2421 282 2458 Παρθένου
294 2419 434 2455 τεχθέντα,
449 2419 515 2446 Θεὸν
535 2418 614 2445 αὑτὸν
628 2418 777 2454 ἀπέφηνεν.
792 2419 824 2445 Ὃ
834 2418 866 2454 δὴ
881 2418 932 2445 πά-

143 2473 189 2500 λαι
204 2474 250 2499 καὶ
263 2471 401 2509 πρόπαλαι
416 2470 461 2497 τὸν
474 2469 618 2498 Σαὸἑλλιον
634 2468 819 2505 φθεγξάμενον
835 2469 933 2496 ἀπεδο-

183 2570 212 2599 ιιι
227 2565 275 2593 Ed.
291 2564 380 2592 Paris.
396 2571 460 2599 pag.
474 2563 519 2591 6|.

180 2662 237 2698 (ll)
259 2661 313 2689 Τοῦ
331 2661 398 2689 Υίοῦ
414 2661 616 2698 latrone-rode.
643 2659 778 2698 Nusquam
805 2659 929 2698 alibi_ita

147 2695 268 2736 loquitur
284 2698 432 2736 Eusebius:
456 2697 502 2724 sed
518 2695 597 2736 Θεοῦ,
614 2695 751 2736 quomodo
765 2699 791 2736 et
809 2695 854 2722 hic
877 2695 929 2736 legi

146 2730 236 2761 det-et.
252 2733 379 2764 lntelligit
393 2739 450 2764 eos,
463 2739 530 2762 quos
543 2732 568 2758 in
585 2732 671 2766 primo
684 2731 753 2758 libro
764 2731 797 2757 de
811 2730 930 2766 nomini-

144 2768 195 2796 bus
206 2769 309 2796 citavit.
324 2764 646 2797 Asterium,Narcissum,
664 2765 814 2796 Paulinum,
829 2770 882 2792 etc.
893 2764 928 2791 M.

178 2803 237 2838 (12)
257 2802 476 2837 ὀμογνώμονος
490 2801 681 2838 δυσφημίας-τ.
696 2800 841 2838 Deest,_ch
859 2799 930 2838 τινα,

144 2834 189 2864 vei
211 2834 354 2864 Σαὸἐλλιον
377 2834 411 2863 de
437 2834 769 2870 nomine'compellatum.
785 2834 852 2861 Nam
883 2835 932 2861 αὐ-

145 2872 190 2900 τόν
207 2875 239 2900 ad
252 2872 408 2900 Marcellum
426 2872 525 2898 refero.
540 2871 604 2898 Vult
615 2875 642 2897 et
652 2870 788 2904 stupidum
805 2874 831 2897 et
846 2870 933 2904 impu-

147 2909 255 2935 dentem
275 2915 335 2934 essc
349 2907 419 2940 quod
432 2905 578 2933 Sabellium
600 2905 790 2939 reprehendat,
805 2912 866 2940 cum
880 2912 933 2938 quo

148 2939 513 2979 consentiebat.lli.—-Supra
522 2941 601 2978 vulgo
609 2939 702 2968 τοῦτον
711 2948 718 2976 ;
728 2940 790 2968 dein
804 2939 857 2974 Mp.
873 2948 932 2973 συγ-

978 1512 1012 1539 ab
1030 1512 1113 1546 ipsius
1127 1513 1315 1540 communione
1331 1515 1394 1540 sunt
1409 1512 1502 1545 alieni,
1515 1520 1567 1539 non
1582 1517 1670 1540 tamen
1684 1512 1764 1539 venia

978 1563 1052 1585 caret
1076 1562 1104 1585 et
1124 1558 1299 1585 excusatione
1316 1567 1322 1585 :
1342 1566 1394 1586 non
1411 1559 1540 1592 absurda,
1557 1565 1619 1585 cum
1636 1565 1696 1592 qum
1713 1558 1765 1598 mi-

979 1604 1054 1631 nime
1067 1604 1172 1639 probet,
1190 1611 1221 1631 ea
1235 1604 1414 1638 vituperanda
1427 1604 1479 1631 sibi
1494 1608 1616 1632 censeat.
1633 1605 1669 1631 At
1689 1603 1765 1631 illum

976 1649 1045 1677 velle
1061 1649 1193 1677 mulctare
1210 1649 1290 1682 male,
1306 1649 1345 1677 sic
1357 1653 1387 1676 ut
1400 1653 1490 1684 speret
1505 1656 1534 1677 se
1548 1649 1700 1681 iatiturum,
1712 1649 1761 1684 qui

977 1694 1100 1722 eamdem
1120 1694 1230 1729 impiam
1256 1701 1348 1722 secum
1364 1695 1453 1722 foveat
1472 1694 1628 1729 opinionem
1641 1713 1649 1725 ,
1675 1695 1765 1729 impu-

977 1739 1075 1768 dentia:
1092 1739 1232 1773 cujusdam
1253 1739 1448 1773 intoleranda},
1459 1744 1488 1767 et
1501 1739 1599 1767 frontis
1612 1739 1765 1774 perfrictis-

977 1787 1051 1813 sima:
1065 1786 1172 1813 videtur
1189 1793 1260 1819 esse,
1275 1793 1325 1813 nec
1337 1785 1447 1820 injuria.
1463 1785 1525 1813 Haec
1548 1789 1637 1812 autem
1661 1791 1691 1812 se
1714 1785 1765 1812 ba-

976 1831 1040 1859 bere
1055 1831 1088 1859 ad
1107 1831 1179 1859 hunc
1202 1831 1312 1858 modum
1333 1835 1421 1866 patet,
1437 1838 1525 1865 neque
1539 1830 1608 1858 falso
1622 1838 1637 1857 a
1650 1837 1694 1857 me
1719 1837 1766 1857 ca-

976 1876 1084 1904 lumniis
1096 1884 1156 1904 eum
1177 1877 1351 1911 proscissum,
1369 1884 1402 1904 eo
1416 1877 1489 1911 quod
1513 1877 1547 1904 de
1564 1867 1702 1904 s'ententia
1717 1875 1767 1903 Sa-

975 1922 1104 1954 belliana,
1113 1925 1142 1954 Et
1158 1922 1242 1951 Deum
1255 1922 1398 1957 compellet
1410 1921 1615 1949 Filio—Patrem.
1625 1922 1682 1950 Non
1692 1925 1767 1950 certe

976 1968 1108 1999 disertim,
1119 1971 1146 2001 et
1161 1967 1342 2000 totidem,hoc
1353 1966 1441 1994 fateor
1450 1967 1555 1999 verbis;
1565 1966 1665 1995 talibus
1675 1970 1766 1994 autem

975 2013 1076 2046 utitur,
1095 2020 1155 2048 quae
1171 2012 1331 2048 bypostasin
1355 2012 1416 2039 Filii
1435 2012 1537 2040 directe
1552 2012 1648 2040 tollant
1663 2021 1670 2039 :
1685 2020 1768 2040 unum

975 2058 1144 2089 solummodo
1166 2058 1251 2086 Deum
1276 2063 1398 2086 statuant
1410 2067 1418 2086 :
1432 2063 1514 2093 atque
1531 2059 1605 2086 illum
1623 2059 1709 2094 ipsum
1727 2058 1769 2086 sui

975 2105 1058 2140 ipsius
1070 2104 1218 2140 genitorem
1237 2113 1243 2132 :
1259 2104 1391 2132 etFilium
1408 2104 1523 2140 denique
1533 2104 1768 2140 suietiamipsius.

938 2145 962 2174 D
976 2149 1043 2177 Dato
1056 2150 1128 2177 enim
1139 2155 1166 2178 et
1180 2150 1432 2178 concessoVerbum
1445 2151 1471 2178 in
1486 2151 1541 2178 Deo
1555 2157 1616 2178 esse
1629 2171 1637 2184 ,
1655 2150 1726 2185 quod
1742 2153 1770 2177 et

977 2204 1058 2223 unum
1071 2200 1152 2230 atque
1163 2196 1234 2224 idem
1250 2203 1310 2223 cum
1323 2196 1382 2231 ipso
1396 2196 1520 2229 exsistat,
1532 2203 1594 2224 eum
1604 2194 1714 2229 hujusce
1722 2194 1771 2222 Pa-

977 2246 1045 2273 trem
1063 2241 1205 2270 dicendum
1231 2242 1312 2270 docet
1327 2251 1335 2270 :
1353 2247 1381 2270 et
1395 2243 1510 2270 Verbum
1533 2241 1612 2269 etiam
1637 2241 1694 2275 ejus
1708 2248 1770 2268 esse

977 2283 1086 2322 Filium,
1097 2296 1266 2324 nequaquam
1276 2289 1373 2316 Filium
1383 2289 1561 2317 exsistentem
1577 2288 1603 2315 in
1613 2287 1769 2314 substantia;

978 2334 1279 2370 subsistentia.proprie
1287 2342 1351 2362 vero
1360 2339 1386 2362 et
1393 2334 1539 2362 secundum
1549 2331 1769 2364 veritatem,Ver—

981 2380 1045 2408 bum
1061 2380 1236 2409 exsistentem
1254 2385 1354 2408 tamen.
1366 2380 1501 2414 Vultergo
1519 2378 1641 2413 intelligi,
1651 2377 1769 2404 Verbum

984 2421 1060 2453 illum
1075 2433 1145 2460 esse,
1167 2434 1218 2453 non
1234 2425 1445 2458 catashrestice,
1456 2424 1502 2452 sed
1517 2423 1660 2451 verissime
1670 2427 1770 2457 ειμι-ο·

983 2470 1120 2507 priissime
1132 2470 1263 2504 Verbum,
1276 2475 1358 2505 atque
1375 2474 1473 2504 praeter
1492 2467 1621 2501 Verbum,
1642 2467 1713 2494 aliud
1725 2466 1769 2494 ni-

982 2659 1197 2697 ypéjtua-rc‘loco
1205 2657 1358 2697 γρᾴμματι.
1374 2654 1439 2697 Dein
1451 2649 1768 2697 ouyygdtiﬂcomﬁodd.

1018 2684 1381 2731 (aEV'rwaeaam
1401 2689 1477 2731 quae
1496 2684 1635 2731 ῇτιγ.
1653 2684 1772 2731 mea

985 2724 1037 2758 σιν.
1052 2724 1080 2758 in
1094 2738 1127 2758 eo
1138 2724 1213 2764 'qnod
1229 2727 1289 2764 Filii
1308 2724 1510 2764 subsistentiam
1525 2725 1757 2764 negaretysepalj'a

985 2755 1038 2793 tam
1052 2755 1082 2793 Si
1096 2755 1246 2798 propriam.
1263 2761 1297 2798 Μ,
1314 2776 1350 2798 έ-
1367 2759 1479 2798 Correxi
1494 2755 1630 2798 vulgatam
1642 2762 1675 2782 ex
1690 2755 1769 2783 codd.

1076 2791 1211 2837 sirody'ov'ct
1222 2797 1271 2832 τὴν
1284 2796 1377 2837 ὑπόστ.
1391 2799 1420 2822 et
1429 2791 1497 2837 illa}
1508 2791 1598 2837 ,αὐτῇς
1633 2824 1746 2837 μ-,μη

1021 2828 1076 2870 (ut
1105 2828 1148 2862 "H'
1167 2828 1274 2870 Λόγοίς.
1294 2831 1384 2870 _Dccst
1410 2828 1593 2870 suﬂulciendae
1614 2828 1771 2870 sententi?

985 2860 1140 2904 aaf'iéyaiv
1169 2860 1221 2895 aut'
1242 2866 1338 2900 simile;
1365 2865 1469 2899 statim,
1491 2868 1552 2899 post
1567 2860 1771 2897 ὠνομασμένος,

987 2907 1062 2932 deest
1074 2905 1140 2932 υἱός.
1158 2903 1193 2932 Μ,

987 2907 1062 2936 deest
1074 2907 1140 2937 υἱός.
1158 2907 1193 2932 Μ,
