2032 3211
279 208 326 237 331
610 209 744 237 EUSEBH
763 208 1002 237 CESARIENSIS
1019 210 1061 238 ΟΡ

1116 211 1203 239 rans
1222 210 1267 238 tv.
1277 205 1322 232 ’-
1341 209 1550 240 DOGMATICA.
1851 213 1905 242 833

281 265 410 300 lnl,quod
423 267 446 294 si
461 266 535 293 aliud
550 266 628 298 nihil,
641 271 695 293 tum
710 271 784 294 certe
801 267 898 301 liquet,
918 268 989 302 quod
1010 277 1061 296 non

1116 269 1231 304 κίμασεν
1246 270 1421 305 ήῈκκλησία
1437 269 1483 296 τοῦ
1500 267 1579 302 Θεοῦ,
1596 270 1652 301 τοῖς
1663 269 1753 301 ἀθέοις
1771 271 1852 297 αὐτον
1866 271 1906 297 αι-

281 309 377 338 Filium
397 319 458 339 vere
475 317 556 346 atque
570 311 678 346 proprie
703 312 775 339 dicat
793 333 801 344 ,
825 313 872 340 sed
901 313 990 341 Verbo
1010 320 1064 341 Ian-

1121 314 1264 351 ρεσιώταις
1274 316 1445 348 καταλέξασα
1463 315 1486 351 (l
1492 315 1529 350 5).

281 358 342 383 tum
352 362 429 384 tenus
442 363 523 392 atque
537 358 646 385 nomine
662 358 859 386 catachrestice
873 361 1067 394 usurpandum.
1081 359 1201 396 Cumque
1220 362 1337 389 Verbum
1353 363 1447 389 doceat
1458 369 1538 388 unum
1551 368 1611 388 esse
1635 365 1716 396 atque
1741 362 1811 388 idem
1829 369 1907 396 pror-

281 410 327 430 sus
343 411 403 430 cttm
419 403 472 430 Deo
488 413 493 430 :
512 403 576 431 illud
592 412 689 438 nempe
728 404 844 432 Verbum
887 405 1060 432 iucarnatum
1076 425 1084 437 ,
1111 411 1202 433 natum
1231 408 1263 434 de
1284 408 1393 442 Virgine
1410 417 1417 434 :
1439 408 1525 440 ipsum
1559 414 1619 435 esse
1649 408 1731 434 Deum
1752 412 1904 437 asseverat.

280 448 356 482 Quod
380 449 444 477 olim
470 450 613 485 aliquando
629 459 645 478 a
661 451 780 479 Sabellio
796 452 942 488 prolatum,
956 453 989 480 ab
1004 453 1125 481 Ecclesia
1146 454 1198 482 fuit
1221 455 1348 489 rejectuu‘.
1362 477 1371 488 ,
1393 456 1530 490 ipsiusque
1554 461 1648 482 auctor
1687 464 1747 483 cum
1770 455 1904 486 haereticis

281 496 370 531 impiis
403 503 607 526 annumeratus.

607 546 681 574 CAP.
700 547 730 575 ΙΙ.

280 588 357 623 Quod
370 599 415 623 per
430 589 529 617 Christi
541 593 656 625 gratiam
671 593 766 619 callum
780 599 816 620 ut
839 594 963 622 Ecclesiae
980 595 1065 622 excel-

367 625 421 652 lens
432 627 554 660 quadam
567 629 682 662 cognitio
700 629 732 655 de
754 628 834 656 Putre
844 636 867 656 rt
886 629 968 657 Filio.

315 703 442 732 Omnium
471 707 607 741 principes
630 707 784 736 Iudaeorum
801 709 884 742 natio.
903 709 952 737 Dei
981 711 1063 738 unius

280 750 461 784 cognitionem
478 757 507 779 et
533 753 734 781 confessionem
761 759 950 790 susceperunt,
967 761 1063 784 contra

279 801 389 822 errores
405 796 551 831 gentililios
569 797 603 824 de
623 798 735 825 deorum
757 799 939 826 multitudine.
955 799 990 825 At
1002 807 1065 834 gra-

280 839 316 866 tia
330 839 375 866 illa
403 840 532 868 salutaris
561 842 688 870 Ecclesia:
716 843 950 877 communicavit,
981 844 1063 871 veluti

279 886 426 920 quamdam
456 888 634 916 excellentem
669 890 899 925 praerogativam,
937 893 1063 919 eumdem

281 930 375 962 Deum,
391 931 498 960 Patrem
511 933 572 960 Filii
586 934 728 969 unigeniti,
744 936 875 969 proﬁteri.
893 937 993 965 Filium
1017 946 1066 966 au-

279 980 333 1002 tem
348 976 424 1004 illum
443 978 532 1005 solum
552 981 675 1014 agnoscit
688 980 779 1008 Jesum
794 983 942 1015 Christum,
955 988 1067 1019 printer-

278 1027 311 1049 ea
329 1022 442 1056 nullum.
461 1023 516 1052 Nec
538 1025 611 1052 illum
623 1026 771 1054 secundum
790 1029 891 1063 carnis,
910 1037 991 1064 quam
1008 1039 1066 1058 sus-

277 1068 360 1102 cepit,
381 1071 583 1103 generationem
605 1070 685 1106 (hanc
702 1073 803 1100 etenim
819 1078 847 1101 et
861 1075 928 1102 servi
939 1075 1063 1110 formam,

277 1118 306 1141 et
323 1114 408 1149 filium
423 1117 536 1145 hominis
549 1126 658 1151 vocare,
670 1119 763 1146 edocta
776 1119 846 1155 fuit),
858 1121 905 1148 sed
916 1122 1064 1149 secundum

278 1159 352 1187 illam
378 1162 558 1196 divinitatem,
585 1172 666 1199 quam
684 1171 698 1191 a
723 1165 803 1192 Patre
832 1171 859 1193 et
886 1166 939 1194 Deo
970 1168 1064 1196 eodem

277 1205 374 1234 habuit
397 1213 461 1237 ante
478 1211 569 1237 omnia
594 1210 704 1244 sarcula,
723 1212 856 1240 universis
882 1214 1062 1248 incognitam.

278 1252 434 1280 Secundum
447 1263 528 1290 quam
542 1258 758 1291 generationem,
775 1263 896 1293 paterna:
914 1260 1064 1288 divinilalis

278 1298 486 1334 plenitudinem,
503 1307 529 1329 et
552 1302 638 1336 ipsum
662 1304 772 1336 Filium.
792 1305 874 1332 Deum
899 1306 1040 1333 constituit
1055 1326 1063 1338 ,

278 1350 332 1370 non
348 1352 362 1370 a
378 1345 468 1380 seipso
483 1354 636 1381 possessam
653 1349 695 1376 vel
709 1357 724 1376 a
748 1350 827 1377 Patre
851 1356 1014 1385 separatam,
1032 1355 1061 1384 »Β

278 1389 326 1417 sed
343 1398 393 1418 nec
406 1391 463 1419 sine
476 1393 610 1428 principio
625 1394 698 1421 illam
722 1401 749 1422 et
773 1396 959 1429 ingeneratam
977 1399 1064 1425 deita-

277 1439 345 1467 tem,
366 1436 465 1464 nedum
491 1437 600 1465 aliunde
617 1439 765 1467 derivatam
782 1441 970 1476 peregrinam,
998 1443 1064 1470 hos-

277 1480 373 1515 pitam,
393 1487 420 1509 et
438 1491 452 1509 a
466 1483 549 1511 Patre
560 1484 686 1517 alienam.
707 1487 753 1513 sed
770 1487 802 1514 de
817 1492 928 1521 paterna
948 1490 1063 1523 partici-

277 1526 398 1561 patione.
414 1527 496 1555 veluti
511 1529 543 1555 de
556 1529 613 1564 jugi
633 1535 714 1564 puteo
733 1531 758 1558 in
777 1532 864 1565 ipsum
885 1532 981 1566 elIuso,
1002 1543 1064 1570 pro—

1447 549 1526 575 ΚΕΦ.
1541 548 1578 575 B'.

1118 594 1182 631 ὀτι
1206 594 1244 628 τῇ
1265 595 1429 631 Ἐκκλησίᾳ
1452 595 1508 631 τοῦ
1528 594 1601 631 Θεοῦ
1619 595 1638 629 ἡ
1665 595 1794 631 Χριστοῦ
1821 595 1908 631 χάρις

1154 629 1210 663 τὴν
1230 629 1297 663 περὶ
1323 630 1438 664 Πατρός
1463 630 1511 657 καὶ
1528 630 1594 657 Υὶοῦ
1620 630 1733 665 γνῶσιν
1752 629 1908 665 ἐξαίρείνοὶδ

1152 665 1334 699 ἐδωρήσατο.

1154 711 1190 738 Τὸ
1211 711 1260 746 μὲν
1273 711 1326 747 γὰρ
1340 711 1404 738 Θεὸν
1415 711 1555 746 ὁμολογεῖν
1564 712 1611 738 ἕνα
1627 712 1695 747 πρὸς
1704 712 1909 748 ἀντιδιαστολὴν,

1117 757 1166 792 τῆς
1180 756 1312 791 Ἑλλήνων
1327 756 1456 783 πολυθέου
1472 756 1576 792 πλάνης
1591 758 1693 794 πρῶτοι
1707 758 1908 794 παρειλήφασιν

1125 802 1258 829 Ἰουδαίων
1275 802 1378 834 παῖδες·
1393 802 1423 829 τὸ
1441 802 1469 829 δὲ
1495 802 1542 829 καὶ
1565 803 1675 839 Πατέρα
1688 804 1733 831 τὸν
1748 805 1829 831 αὑτὸν
1841 805 1907 832 Tia-3

1120 847 1282 882 μονογενοῦς
1297 847 1440 883 γνωρίζειν
1452 848 1591 884 ἐξαίρετον
1608 849 1691 884 γέρας
1706 850 1722 884 ἡ
1735 849 1813 885 χάρις
1825 851 1842 886 ὴ
1856 858 1908 876 σω-

1117 895 1210 930 τήριος
1220 895 1254 929 τῇ
1277 894 1425 930 Ἐκκλησία
1440 894 1598 930 δεδώρηται’
1614 895 1677 922 Υἱὸν
1691 895 1718 922 δὲ
1734 896 1788 930 (l6)
1805 896 1909 930 Ὶηςοῦν

1118 939 1235 974 Χριστὸν
1254 938 1333 974 μόνον
1357 937 1410 965 οἶδε
1428 939 1475 966 καὶ
1491 939 1587 966 οὐδένα
1602 939 1704 975 ἕτερον·
1719 939 1748 966 οὺ
1764 939 1834 966 κατὰ
1860 939 1909 974 τὴν

1116 984 1166 1019 τῆς
1181 983 1291 1019 σαρκὸς,
1308 984 1341 1020 ἢν
1356 984 1495 1018 ἀνείληφε,
1511 983 1627 1018 γένεσιν,
1643 983 1754 1019 (ταύτην
1769 984 1824 1019 γὰρ
1838 983 1908 1011 δού-

1116 1032 1172 1058 λου
1179 1030 1312 1065 μορφὴν,
1323 1030 1371 1057 καὶ
1383 1030 1453 1058 Υἰὸν
1463 1031 1620 1065 ἀνθρώπου
1630 1031 1722 1057 καλεῖν
1733 1031 1909 1066 δεδίόακται·)

1116 1077 1186 1104 κατὰ
1202 1077 1231 1103 δὲ
1247 1077 1296 1112 τὴν
1311 1075 1341 1108 ἐξ
1358 1076 1441 1103 αὑτοῦ
1454 1076 1501 1103 τοῦ
1519 1077 1586 1103 Θεοῦ
1603 1078 1649 1103 καὶ
1660 1077 1763 1113 [ἰατρὸς
1777 1077 1831 1113 πρὸ
1843 1078 1910 1103 πὰνο

1115 1132 1169 1150 των
1183 1122 1297 1150 αἰώνων·
1315 1123 1452 1157 ἄγνωστον
1469 1125 1524 1155 τοῖς
1534 1124 1601 1150 πᾶσι
1612 1123 1672 1150 καθ’
1685 1124 1718 1158 ἣν
1731 1123 1761 1150 τὸ
1772 1123 1910 1159 πλήρωμα

1115 1169 1165 1204 τῆς
1193 1169 1330 1205 πατρικῆς
1345 1169 1482 1204 θεότητος,
1498 1170 1544 1196 καὶ
1565 1169 1646 1196 αὐτὸν
1666 1169 1740 1202 Υίὺν,
1761 1169 1828 1196 Θεὸν
1844 1170 1909 1196 ὑπε-

1117 1216 1245 1250 στήσατο,
1265 1215 1316 1242 οὐκ
1332 1216 1491 1251 ιδιόκτητον,
1509 1215 1612 1242 καὶτοῦ
1628 1215 1734 1251 Πατρδς
1750 1215 1909 1251 ἀφωρισμέ-

1115 1269 1174 1295 νην,
1191 1261 1244 1287 οὐδ’
1262 1260 1379 1296 ἄναρχόν
1394 1270 1456 1288 τινα
1479 1261 1525 1288 καὶ
1543 1261 1698 1296 ἀγέννητον,
1715 1261 1775 1288 οὐδὲ
1798 1260 1908 1288 ἄλλοθέν

1116 1308 1198 1334 ποθεν
1214 1307 1292 1342 ξένην
1308 1308 1356 1334 καὶ
1379 1307 1425 1334 τοῦ
1441 1308 1548 1344 Πατρὺς
1566 1307 1708 1343 ἀλλοτρίαν
1728 1307 1908 1342 ἐφελκόμενον

1116 1353 1240 1389 Θεότητα,
1254 1354 1283 1387 ἐξ
1297 1355 1383 1389 αὐτῆς
1396 1354 1424 1381 δὲ
1437 1354 1485 1390 τῆς
1505 1354 1642 1390 πατρικῆς
1661 1353 1805 1389 μετουσίας
1813 1353 1908 1389 ὣσπερ

1115 1401 1170 1427 ἀπὸ
1195 1401 1298 1436 πηγῆς,
1323 1401 1366 1427 ἐπ’
1393 1401 1473 1428 αὑτὸν
1499 1401 1683 1436 προχεομένης
1707 1400 1907 1436 πληρούμενον.

1115 1447 1196 1482 Μόνῳ
1208 1447 1262 1482 γὰρ
1271 1449 1299 1474 ὲν
1311 1447 1386 1483 αὐτῷ
1396 1448 1449 1475 πᾶν
1464 1448 1497 1475 τὸ
1512 1447 1656 1481 πλήρωμα
1671 1447 1727 1482 (l7)
1738 1447 1793 1481 τῆς
1805 1454 1907 1480 πατρι-

1115 1493 1172 1526 κῆς
1195 1494 1309 1520 ἐνοικεῖν
1336 1494 1487 1527 θεότητος,
1512 1494 1526 1520 ὁ
1555 1493 1641 1529 μέγας
1667 1493 1825 1520 ἐπαίδευσεν
1852 1492 1906 1527 (18)

1120 1539 1290 1572 Ἀπόστολος.
1313 1540 1358 1567 Διὸ
1378 1541 1409 1576 δὴ
1426 1538 1466 1573 εἷς
1482 1541 1549 1573 Θεὸς
1565 1543 1598 1576 τῇ
1619 1540 1766 1576 Ἑκκλησίᾳ
1778 1540 1824 1566 τοῦ
1840 1539 1907 1566 Θεοῦ

276 1577 403 1607 pagatam
426 1581 489 1601 cum
516 1575 693 1609 plenitudine.
721 1578 862 1612 Siquidem
883 1579 910 1606 in
938 1580 982 1607 illo
1002 1583 1062 1609 solo

1116 1584 1288 1620 κηρύττεται’
1299 1586 1346 1612 καὶ
1361 1586 1411 1612 οὐκ
1427 1586 1500 1613 ἔστιν
1511 1586 1605 1622 ἕτερος
1624 1586 1694 1622 πλὴν
1707 1585 1800 1612 αὑτοῦ·
1820 1582 1862 1616 εἷς
1880 1584 1908 1610 δὲ

278 1616 404 1646 habitare
427 1619 614 1652 plenitudinem
640 1628 758 1655 paterna:
784 1623 892 1650 deitnlis
907 1624 930 1640 “
950 1633 1064 1660 magnus

1119 1631 1166 1658 καὶ
1194 1631 1341 1668 μονογενὴς
1354 1631 1401 1658 τοῦ
1418 1632 1485 1659 Θεοῦ
1503 1632 1576 1665 Υἱὸς,
1603 1632 1684 1659 εἰκὼν
1707 1632 1756 1667 τῆς
1772 1632 1909 1667 πατρικῆς

277 1663 387 1691 edocuit
412 1665 567 1699 Apostolus.
602 1667 677 1695 Hanc
699 1669 734 1695 ob
761 1676 870 1696 causam
896 1670 923 1697 iu
942 1671 1063 1710 Ecclesia

1120 1676 1257 1712 Θεότητος,
1269 1678 1316 1704 καὶ
1331 1677 1375 1704 διὰ
1389 1677 1467 1704 τοῦτο
1480 1677 1557 1710 Θεός.

277 1717 350 1736 unus
362 1709 436 1737 solus
453 1710 524 1738 Deus
537 1713 716 1740 annuntiatur
729 1723 736 1740 ι
750 1722 836 1749 neque
846 1714 914 1743 alius
927 1709 1062 1751 quispiam
1083 1709 1198 1754 praeteri
1213 1730 1274 1750 eum
1292 1732 1299 1751 :
1328 1731 1398 1750 unus
1434 1709 1542 1750 itidcmr
1557 1724 1601 1751 Dei
1627 1723 1711 1751 Filius
1740 1724 1907 1758 unigenitus,

277 1756 368 1792 imago
391 1763 513 1793 paternas
539 1758 658 1794 deitatis,
689 1765 771 1795 atque
797 1762 833 1789 ita
859 1762 929 1790 Deus
947 1764 981 1791 oh
1003 1765 1054 1793 hoc
1073 1767 1172 1802 ipsum.

594 1807 670 1840 CAP.
693 1807 735 1836 Ill.

263 1840 358 1886 (Quod
375 1854 607 1891 variisrerroribnr
633 1856 755 1890 impliciti
771 1858 927 1891 erraverim,
945 1859 977 1886 de
994 1858 1067 1888 Filio

447 1890 552 1917 diversa
566 1891 707 1919 sentientes
723 1893 755 1918 ab
769 1891 899 1920 Ecclesia.

315 1934 400 1968 Quam
415 1935 524 1970 quidem
538 1937 680 1972 theologia:
699 1938 834 1966 rationem
846 1939 968 1975 plerique
983 1940 1064 1968 intel-

277 1978 363 2014 ligere
381 1988 434 2008 non
449 1981 583 2014 valentes,
603 1983 693 2010 varios
720 1984 772 2011 sibi
788 1992 912 2012 errorum
943 1986 1066 2014 tramites

278 2026 490 2054 adinvenerunt.
507 2027 577 2056 Sunt
592 2029 638 2063 qui
654 2029 752 2056 Filium
783 2030 865 2057 Deum
890 2038 950 2058 esse
967 2040 1068 2060 conce-

278 2070 374 2098 dentes
385 2072 522 2099 hominem
537 2074 653 2109 ejerantl
667 2082 746 2109 quem
762 2076 918 2111 assumpsit.
937 2077 988 2104 Alii
1005 2086 1068 2112 pro.

278 2117 343 2144 fessi
365 2125 426 2144 eum
439 2118 577 2146 hominem
602 2120 715 2154 nudum,
741 2121 826 2148 Deum
840 2122 866 2148 iu
883 2122 942 2157 ipso
958 2123 1068 2158 ignora-

1446 1820 1527 1847 ΚΕΦ.
1543 1820 1580 1846 Γ¹.

1120 1862 1183 1888 Ὀτι
1199 1862 1341 1896 ποικίλως
1363 1863 1545 1898 ἐσφάλησαν
1574 1866 1600 1891 οι
1621 1863 1786 1898 ἑτερόδοξοι
1812 1864 1848 1890 ἐν
1870 1863 1910 1896 τῷ

1345 1892 1412 1933 περῖ
1429 1892 1482 1926 tofi
1500 1899 1567 1935 Υἱοᾶ
1586 1892 1675 1934 λόγῳξ

1155 1944 1207 1971 Ἦν
1218 1945 1251 1981 δὴ
1275 1944 1415 1980 θεολογίαν
1441 1947 1466 1972 οἱ
1479 1946 1572 1973 πολλοὶ
1587 1946 1658 1972 νοεῖν
1676 1945 1705 1974 οὐ
1723 1946 1908 1982 χωρήσαντες,

1117 1991 1240 2023 ποικίλας
1260 1992 1400 2027 ἀτραποὺς
1416 1993 1568 2028 ἐπενόησαν
1593 1992 1707 2028 πλάνης·
1733 1993 1757 2018 οἱ
1776 1993 1825 2028 μὲν
1842 1992 1910 2019 Θεὸν

1116 2037 1206 2069 δόντες
1216 2038 1261 2064 τὺν
1275 2038 1349 2070 Υἱὺν,
1369 2038 1415 2065 τὸν
1428 2038 1451 2065 δ’
1466 2038 1619 2073 ἄνθρωπον,
1641 2038 1670 2065 ὃν
1684 2038 1840 2074 ἀνείληφεν,
1858 2039 1894 2073 ἀρ

1117 2085 1276 2120 νησάμενοιο
1290 2086 1314 2111 ot
1332 2085 1360 2111 δὲ
1376 2084 1453 2120 ψιλὸν
1472 2085 1615 2120 ἄνθρωπον
1633 2084 1804 2120 ὑποθέμενοι,
1821 2085 1868 2111 τὸν
1885 2083 1909 2110 δ’

1118 2131 1146 2157 ὲν
1170 2129 1243 2166 αὐτῷ
1257 2131 1322 2158 Θεὸν
1347 2131 1539 2167 ἀγνοήσαντες·
1557 2132 1581 2157 οἱ
1593 2131 1632 2163 δὲ,
1655 2131 1729 2166 φόϐῳ
1744 2130 1791 2157 τοῦ
1819 2131 1908 2157 δοκεῖν

277 2167 352 2191 runt.
369 2163 467 2196 Tertii,
480 2170 552 2191 metu
565 2165 612 2193 Dei
622 2165 734 2193 alterius
746 2167 947 2201 introducendi,
959 2169 1064 2197 Patrem

1117 2163 1241 2212 δεύτερον
1267 2163 1434 2212 εἰσηγεῖτο-θαι
1451 2177 1526 2209 Θεὸν,
1543 2177 1587 2203 τὸν
1612 2163 1693 2204 αὐτον
1708 2163 1776 2203 εἶναι
1797 2177 1908 2213 Πατέρα

277 2215 359 2245 atque
367 2209 462 2237 Filium
473 2219 556 2238 unum
565 2219 625 2239 esse
633 2213 813 2248 eumdcmque
827 2214 983 2248 opinantur.
993 2215 1065 2249 Quas

277 2257 338 2284 vias
352 2257 416 2284 dum
432 2257 553 2285 declinat
569 2258 690 2286 Ecclesia
707 2259 765 2292 Dei,
781 2261 944 2295 evangelica:
960 2269 1064 2296 prteco-

277 2303 325 2331 nio
338 2303 462 2331 veritatis
476 2298 618 2340 gloriatur.
644 2305 734 2333 Unum‘
755 2306 864 2340 quidem
880 2307 964 2335 Deum
982 2308 1064 2342 proii-

276 2351 327 2377 teri
342 2357 381 2382 se,
397 2358 477 2385 supra
494 2359 589 2378 omnes
608 2352 770 2385 venditaus;
786 2360 870 2380 unum
898 2361 1004 2389 quoque
1018 2354 1063 2382 Fi-

276 2396 342 2424 lium
360 2397 528 2432 unigenitum
551 2396 629 2432 ejus.
650 2398 735 2425 Deum
751 2399 784 2426 de
811 2400 865 2426 Deo
877 2399 969 2427 Jesum
982 2400 1062 2427 Chri-

275 2448 347 2472 stum
363 2452 514 2479 agnoscens
529 2453 536 2477 ;
550 2445 675 2473 eumdem
688 2446 776 2481 ipsum
793 2445 914 2481 professa
934 2446 1064 2474 Servato-

274 2497 334 2517 rem
351 2495 377 2517 et
399 2490 498 2519 Filium
524 2491 653 2522 hominis.
670 2492 720 2526 Qui
751 2500 813 2520 cum
845 2493 962 2520 nondum
981 2494 1063 2522 botno

256 2552 258 2566 ε
275 2535 366 2564 factus
379 2536 479 2570 fuerat,
498 2537 584 2566 Filius
601 2538 646 2565 Dei
661 2543 751 2566 tamen
774 2540 932 2567 exsistebat.
949 2539 1061 2573 Factus,

255 2573 259 2579 ’
275 2583 348 2617 quod
361 2591 416 2610 non
427 2584 503 2622 prius
516 2584 617 2617 fuerat,
631 2585 666 2613 ob
675 2584 890 2620 inexplicabilem
902 2586 1061 2614 misericor-

276 2628 327 2656 diae
340 2634 460 2664 paternae
473 2631 732 2658 transcendentiam.

313 2712 343 2742 ’Β
356 2710 405 2738 Ed.
419 2710 506 2738 Paris.
520 2719 580 2747 pag.
594 2712 638 2740 62.
675 2712 698 2729 ⁵³
713 2713 815 2741 Coloss.
831 2721 862 2746 ιι,
882 2713 908 2741 9.

311 2788 366 2850 :15)
378 2788 407 2816 ln
431 2791 494 2822 line.
519 2792 624 2834 tegenti:
648 2793 863 2828 ὲγκαταλέξασα.
884 2793 920 2821 Μ.
941 2808 976 2814 ——
999 2793 1060 2821 Mox

321 2831 354 2850 tto
369 2825 447 2850 νὰοιε
460 2827 476 2850 ἡ
490 2835 536 2850 του
548 2828 681 2850 Emt'nmw,

275 2825 355 2864 “ise
368 2825 447 2864 x9129:
460 2826 536 2864 ποῦ
548 2825 682 2864 Σωτῆροέι

310 2859 367 2894 (16)
380 2859 456 2887 Υῑὸν
471 2859 515 2888 δέ.
528 2862 574 2889 Sic
587 2859 742 2896 leifcndum,
752 2873 815 2896 non,
835 2869 864 2891 ut
880 2864 944 2891 alibi
959 2863 1006 2890 νῦν
1020 2864 1058 2890 δέ.

275 2893 352 2940 illum.
372 2902 478 2940 ne'mpe,
496 2897 580 2940 cuius.
596 2893 741 2934 cognitio,'
753 2905 781 2928 ut
811 2893 895 2940 γέρας
924 2900 1060 2935 ἐξαίρετον

276 2930 388 2960 dabatur
404 2930 538 2961 Ecdesiac.
556 2931 592 2960 Μ.

1118 2224 1165 2249 καὶ
1186 2223 1249 2250 Υἱὸν
1270 2224 1438 2258 ὁρισάμενοι,
1462 2223 1510 2255 οὓς
1526 2224 1694 2258 ὲκτραπεῖσα
1713 2224 1729 2258 ἡ
1759 2223 1907 2259 Ἐκκλησία

1118 2267 1164 2294 τοῦ
1181 2268 1248 2294 Θεοῦ
1265 2267 1304 2304 τῷ
1330 2268 1378 2303 τῆς
1396 2268 1526 2303 ἀληθείας
1554 2268 1723 2303 εὐαγγελικῷ
1747 2268 1907 2303 κηρύγματι

1118 2313 1288 2349 σεμνύνεται,
1306 2314 1354 2340 ἕνα
1376 2314 1424 2349 μὲν
1438 2314 1481 2340 τὸν
1497 2313 1543 2340 ἐπὶ
1558 2313 1665 2340 πάντων
1679 2313 1745 2340 Θεὸν
1761 2313 1833 2348 ἔχειν
1856 2314 1906 2340 αὐ-

1117 2360 1210 2395 χοῦσα·
1223 2360 1271 2387 ἕνα
1285 2360 1313 2387 δὲ
1335 2361 1381 2387 καὶ
1403 2361 1466 2387 Υἱὸν
1485 2361 1626 2396 μονογενῆ,
1643 2359 1708 2386 Θεὸν
1721 2360 1753 2386 ὲκ
1766 2359 1835 2386 Θεοῦ
1856 2360 1906 2395 Ἰη-

1118 2406 1181 2433 σοῦν
1195 2407 1313 2442 Χριστὸν
1328 2406 1545 2443 ἐπιγραφομένη,
1561 2407 1675 2442 Σωτῆρα
1690 2406 1735 2433 τὸν
1752 2406 1833 2433 αὐτὸν
1859 2407 1906 2433 καὶ

1117 2453 1179 2479 Υἱὸν
1191 2452 1334 2489 ἀνθρώπου
1349 2454 1499 2489 γινόμενον,
1509 2452 1687 2489 ὁμολογοῦσαν
1699 2452 1763 2479 ὄντα
1778 2452 1827 2487 μὲν
1839 2452 1904 2478 Yth

1115 2499 1193 2532 Θεοῦ,
1219 2499 1284 2535 πρὶν
1299 2499 1315 2536 ἢ
1337 2500 1383 2526 καὶ
1400 2499 1544 2535 ἀνθρώπου
1559 2499 1694 2534 γενέσθαι·
1711 2500 1758 2526 καὶ
1773 2500 1853 2526 τοῦτο
1875 2499 1904 2526 6’s

1115 2545 1269 2580 γενόμενον,
1288 2546 1356 2581 ὅπερ
1373 2546 1424 2572 οὐκ
1439 2543 1484 2581 ἦν,
1509 2546 1542 2572 δι’
1562 2546 1662 2581 ἄφατον
1685 2546 1838 2581 ὑπερϐολὴν
1855 2546 1903 2581 τῆς

1114 2589 1161 2617 τοῦ
1181 2590 1287 2627 Πατρὺς
1304 2590 1517 2627 φιλανθρωπίας.

1149 2794 1204 2830 (l7)
1231 2793 1265 2830 Τὸ
1280 2793 1433 2830 πλήρωμα.
1454 2793 1530 2821 Illum
1547 2793 1592 2830 qui
1611 2793 1829 2830 eratﬂﬁpwpa,
1857 2799 1903 2828 aut

1114 2827 1297 2866 Exovsa._Post
1309 2827 1444 2866 θεότητος,
1454 2831 1499 2864 qui
1516 2827 1794 2866 ltabebat_7t).ﬁpmua.

1150 2865 1206 2898 (l8)
1226 2864 1432 2891 Ἐπαίδευσεν.
1448 2865 1603 2898 Apostolus,
1623 2864 1727 2891 Coloss.
1744 2871 1763 2896 ι,
1783 2864 1826 2894 l9.
1858 2864 1902 2892 do-

1114 2901 1235 2939 (eL-miti
1248 2899 1279 2925 τὸ
1296 2900 1431 2939 πλῄρῳμα
1458 2900 1484 2926 in
1498 2900 1548 2939 illo
1565 2899 1742 2939 ξατοικῆσαι..
1769 2903 1798 2925 et
1828 2899 1899 2939 quod

1116 2936 1158 2964 hic
1171 2935 1316 2968 iudicatur,
1332 2934 1434 2964 Coloss.
1452 2943 1481 2969 li,
1496 2936 1524 2969 9,
1551 2935 1605 2962 πᾶν
1622 2934 1651 2965 τὸ
1684 2934 1819 2970 πλήρωμα
1851 2934 1898 2968 τῆς
