2032 3211
282 185 335 214 835

618 183 754 213 EUSEBII
772 184 1012 212 CxESARlENSIS
1032 184 1107 214 OPP.
1127 185 1217 212 PARS
1234 185 1281 213 IV.
1301 200 1335 205 --
1354 184 1566 213 DUGMATICA.

1847 184 1902 216 εδδ

282 244 415 278 exstabat,
440 247 467 271 et
492 244 708 272 substantialiter
723 245 890 272 consistebat
909 253 916 271 :
935 252 985 272 nec
1009 252 1062 272 non

1116 245 1268 280 ὑφεστῶτα⁵
1282 245 1329 271 καὶ
1344 245 1389 271 τὸν
1411 244 1506 271 τούτου
1523 244 1632 279 Πατέρα
1645 243 1722 275 Θεὸν,
1739 243 1784 278 ὑφ’
1801 241 1832 270 οὗ
1857 245 1903 271 καὶ

283 290 361 318 istius
379 290 485 317 Patrem
510 291 592 318 Deum
606 310 613 322 ,
644 298 658 317 a
683 298 736 324 quo
757 291 856 317 misws
882 290 991 317 advenit
1007 291 1063 322 ille,

282 337 507 371 quemadmodum
530 337 564 364 ab
588 337 646 370 ipso
669 344 739 370 smpe
754 336 862 370 ponitur
876 337 903 363 in
928 337 1062 365 confesso.

281 382 365 409 Nobis
379 383 461 417 igitur
470 391 538 410 unus
551 382 622 409 Deus
637 387 689 415 est,
699 391 715 408 a
729 389 780 417 quo
793 387 854 409 sunt
869 383 958 410 omnia
968 383 1003 415 “,
1020 391 1064 410 se~

281 430 398 456 cundum
419 429 538 464 Apostoli
571 429 684 456 dictum.
701 429 734 456 Et
750 437 818 456 unus
833 429 961 456 Dominus
988 430 1066 457 Iesus

281 473 406 502 Christus
430 483 476 510 per
499 483 574 508 quem
591 479 653 501 sunt
675 482 762 501 omnm
791 476 825 506 ⁵⁵,
843 476 889 510 qui
906 475 960 502 Deo
979 476 1065 503 Filius

281 520 436 554 unigenitus
449 521 664 554 praeexsistebat.
683 520 714 546 Et
728 520 833 551 tertius,
845 521 992 548 secundum
1007 528 1066 548 ear-

281 573 341 592 nem
355 565 438 592 Filins
459 566 577 592 hominis
595 575 601 592 :
617 573 697 600 quem
722 566 858 593 hominem
874 571 965 593 nostra
983 574 1065 594 causa

280 612 397 646 suscepit
409 611 494 638 Filius
508 612 566 639 Dei.
580 611 633 639 Sed
652 619 700 639 nec
713 619 811 646 corpus
823 613 894 647 quod
907 613 1064 646 assumpsit,

279 660 339 682 erat
363 656 434 682 idem
452 664 513 683 cum
540 656 608 683 Filio
627 657 683 689 Dei,
705 657 752 691 qui
773 657 919 691 assumpsit
940 665 946 682 :
978 664 1067 692 neque

279 701 339 735 ipse
353 701 400 728 Dei
420 702 506 729 Filius
528 710 598 730 unus
612 702 736 736 idemque
748 703 826 730 debet
837 703 987 730 existimari
1004 710 1066 730 cum

279 748 403 782 genitore
417 755 475 775 suo.
492 748 513 775 Ε
530 749 617 775 tribus
632 752 722 775 autem
748 748 880 782 subjectis
902 748 978 776 hisce
991 769 998 782 ,
1029 749 1067 776 illi

279 793 324 828 qui
336 793 443 820 duobus
458 794 598 821 concessis
611 794 722 821 tertium
737 793 875 828 rejiciunt,
890 795 924 822 ab
946 794 1067 822 Ecclesia

279 839 326 866 Dei
346 843 410 867 sunt
426 839 580 875 rejiciendi.

599 883 674 912 CAP.
697 883 752 911 VII.

1115 291 1196 323 αὐτὸς
1225 290 1392 317 ἀπεστάλθαι
1412 290 1531 325 συνεχῶς
1553 290 1689 325 ὁμολογεῖ.
1711 291 1791 326 Ἡμῖν
1813 290 1903 318 τοίνυν

1115 335 1154 368 εἷς
1168 337 1233 368 Θεὸς
1247 338 1261 363 ὁ
1279 336 1384 371 Πατὴρ,
1404 337 1439 368 ἐξ
1457 335 1492 364 οὗ
1509 337 1544 362 τὰ
1558 336 1664 367 πάντα.
1682 336 1752 363 κατὰ
1759 336 1803 362 τὸν
1825 337 1903 363 Ἀπό-

1116 383 1215 410 στολον·
1246 385 1291 410 καὶ
1313 381 1352 416 εἷς
1366 383 1466 419 Κύριος
1486 382 1589 418 Ἰησοῦς
1602 382 1728 418 Χριστὸς,
1753 382 1789 408 δι’
1810 379 1847 410 οὗ
1867 382 1904 409 τὰ

1115 428 1222 459 πάντα,
1239 430 1252 455 ὁ
1267 428 1356 464 προὼν
1371 429 1418 454 τοῦ
1433 427 1499 454 Θεοῦ
1515 428 1660 464 μονογενὴς
1673 428 1746 461 Υἱὸς,
1755 428 1802 455 καὶ
1812 427 1904 463 τρίτος

1115 474 1130 499 ὀ
1146 474 1215 500 κατά
1230 475 1318 510 σάρκα
1334 475 1395 505 Υίὸς
1407 473 1560 509 ἀνθρώπου,
1577 474 1605 500 ὃν
1627 475 1660 500 δι’
1677 475 1750 510 ἡμᾶς
1760 475 1904 510 ἀνείληφεν

1116 520 1130 545 ὁ
1140 519 1208 551 -Υἰὸς
1218 519 1265 546 τοῦ
1282 520 1361 547 Θεοῦ.
1386 520 1454 546 Ἀλλ’
1466 520 1527 547 οὕτε
1543 521 1557 546 ὃ
1572 521 1698 556 ἀνείληφε
1716 521 1794 556 σῶμα
1806 521 1904 548 ταύτὸν

1115 562 1150 599 ἧν
1160 564 1197 599 τῷ
1212 565 1366 600 ἀνειληφότι
1387 565 1443 600 Υἱῷ
1457 565 1504 592 τοῦ
1527 565 1604 592 Θεοῦ·
1620 565 1681 591 οὔτε
1705 565 1784 597 αὐτὸς
1802 567 1816 592 ὁ
1842 565 1905 595 Υἱὸς

1115 609 1163 636 τοῦ
1177 610 1243 637 Θεοῦ
1259 609 1299 642 εἷς
1316 611 1363 637 καὶ
1384 612 1399 637 ὁ
1420 612 1501 642 αὐτὸς
1519 611 1551 637 ἂν
1567 611 1707 647 νομισθείη
1719 611 1757 646 τῷ
1774 620 1904 647 γεγεννη-

1096 652 1103 660 ’
1116 659 1186 684 κότι·
1202 658 1287 693 τριῶν
1300 657 1332 693 δὴ
1349 658 1450 685 τούτων
1466 659 1661 694 ὑποκειμένων,
1673 660 1697 685 οἱ
1709 659 1755 685 δύο
1778 659 1904 691 διδόντες,

1116 703 1146 729 τὸ
1163 704 1254 739 τρίτον
1271 704 1292 730 δ’
1306 705 1425 732 ἐκποδὼν
1441 705 1606 740 ποιούμενοι,
1620 705 1669 741 τῆς
1677 705 1840 742 Ἑκκλησὶας
1853 703 1906 733 εἷεν

1117 748 1151 775 ἂν
1167 749 1324 786 ἀπόϐλητοι.

1446 888 1525 915 ΚΕΦ.
1541 889 1578 916 Ζ’.

279 939 356 978 Quod
363 940 536 978 igersumra‘b
548 939 666 967 Ecclesia
674 940 769 975 dogma
778 945 887 978 tuentes,
896 950 912 968 α
919 941 1064 976 theologica

1118 932 1214 966 Ὅπως
1233 934 1260 960 οι
1271 933 1437 978 ἐτερόδρεοι
1451 934 1607 978 διαφόρως,
1615 934 1670 969 τῆς
1685 935 1750 969 περὶ
1767 935 1822 962 τοῦ
1838 935 1905 962 Ποῦ

277 978 310 1002 de
323 975 370 1002 Dei
384 975 455 1002 Filio
467 976 580 1008 ratione,
599 983 650 1002 non
665 984 717 1002 uno
735 977 811 1003 modo
828 977 884 1003 solo
897 975 1063 1004 exciderunt.

313 1021 429 1048 Carnem
444 1025 519 1048 certe
538 1020 693 1048 Servatoris
712 1020 786 1048 athei
809 1022 919 1056 quidam
944 1022 1065 1050 hxeretici

277 1065 449 1101 abnegando,
467 1070 495 1094 et
523 1067 652 1101 opinione
679 1071 783 1094 tantum
811 1067 893 1098 nuda,
921 1072 1002 1102 atque
1018 1075 1066 1103 per

276 1112 449 1146 phantasiam
478 1112 506 1139 in
531 1113 611 1140 terris
635 1113 793 1147 apparuisse
817 1112 903 1140 solam
929 1113 1063 1148 dicendo,

276 1158 357 1193 primi
369 1162 448 1185 erant
463 1158 509 1193 qui
524 1157 552 1185 in
572 1159 623 1186 hoc
636 1166 736 1193 genere
753 1166 768 1185 a
786 1166 870 1193 διτορο
881 1159 1005 1186 veritatis
1018 1167 1066 1186 ex-

276 1205 414 1232 ciderunt.
440 1205 522 1239 Atqui
537 1205 767 1240 dispensationem
790 1205 864 1232 illam
879 1205 904 1232 in
918 1213 1000 1233 carne
1015 1206 1063 1233 ad-

276 1251 420 1285 miserunt,
444 1251 613 1284 abnegantes
641 1252 888 1285 praeexsistentiam
912 1251 975 1279 Filii
1005 1252 1063 1286 Dei,

275 1298 376 1329 varias.
395 1297 466 1332 quod
477 1297 535 1332 jam
548 1297 616 1329 dixi,
638 1304 761 1325 errorum
786 1298 897 1325 semitas
920 1298 1066 1327 adinvene-

276 1348 350 1370 runt.
368 1343 494 1378 Suntqui
512 1351 618 1370 merum
636 1343 710 1369 illum
731 1343 869 1370 hominem
885 1344 1062 1377 arbitrantur,

276 1389 362 1416 nihilo
378 1388 517 1416 meliorem
532 1387 674 1416 hominum
693 1392 790 1414 natura
821 1389 981 1421 communi,
1010 1389 1064 1416 nisi

276 1440 406 1469 quantum
417 1435 449 1461 ad
460 1434 570 1461 virtutis
583 1434 786 1468 prterogativas.
800 1435 835 1460 At
849 1435 893 1468 qui
910 1435 998 1469 ipsum
1015 1442 1063 1461 su-

275 1486 325 1514 per
339 1479 430 1506 omnia
448 1479 532 1506 Deum
544 1486 645 1512 corpus
670 1478 840 1505 inhabitasse
859 1477 1006 1512 afﬁrmant,
1035 1483 1063 1506 et

276 1525 364 1559 ipsum
375 1525 415 1552 sui
436 1525 521 1560 ipsius
540 1524 638 1551 Filium
652 1524 790 1552 exstitisse
807 1529 942 1556 asserunt,
955 1530 1065 1560 propter

276 1570 350 1598 illam
363 1570 509 1597 secundum
522 1569 659 1597 hominem
676 1569 920 1604 dispensationem,
936 1577 998 1597 cum
1009 1570 1064 1598 duo

1311 970 1465 1004 θεολογίας
1477 969 1715 996 ὲκπεπτώκιισιν.

1153 1013 1208 1048 Τὴν
1232 1013 1264 1050 δὴ
1289 1014 1337 1049 μὲν
1361 1014 1450 1049 σάρκα
1474 1014 1521 1040 τοῦ
1541 1014 1667 1049 Σωτῆρος
1687 1014 1761 1042 ἀθεοί
1770 1022 1842 1046 τινες
1853 1014 1906 1042 τῶν

1117 1060 1277 1095 ἑτεροδόξων
1294 1061 1538 1096 παραιτησάμενοι,
1561 1062 1624 1098 δόξῃ
1639 1062 1666 1088 δέ
1687 1071 1738 1089 τινι
1757 1063 1906 1096 φαντασίας

1116 1102 1204 1140 ὦφθαι
1219 1106 1300 1132 αὑτὸν
1310 1107 1356 1132 ἐπὶ
1374 1107 1423 1142 τῆς
1441 1107 1493 1142 γῆς
1512 1108 1662 1142 εἰρηκότες,
1679 1107 1782 1143 πρῶτοι
1798 1107 1845 1134 τοῦ
1857 1109 1905 1144 τῆς

1116 1151 1244 1187 ἀληθείας
1260 1152 1360 1179 σκοποῦ
1386 1153 1614 1189 διημαρτήκασιν.
1629 1154 1659 1180 υἱ
1674 1154 1758 1190 δὲτὴν
1775 1154 1905 1190 ἐνσαρκον

1116 1199 1272 1234 οἰκονομίαν
1290 1200 1529 1235 παραδεδεγμένοι,
1545 1201 1591 1226 τὸν
1608 1201 1636 1227 δὲ
1650 1202 1765 1236 προόντα
1776 1201 1823 1227 τοῦ
1839 1201 1904 1227 Θεθῦ

1118 1244 1180 1270 Υἱὸν
1203 1246 1397 1280 ἀρνησάμενοι,
1419 1245 1553 1277 ποικίλας,
1573 1246 1611 1278 ὼς
1627 1246 1706 1281 ἔφην,
1728 1247 1835 1278 ἑαυτοῖς
1858 1247 1907 1274 ἀν-

1116 1290 1190 1322 οδίας
1207 1291 1369 1326 ἐπενόησαν.
1386 1292 1418 1318 Οἱ
1431 1291 1459 1318 δὲ
1482 1291 1559 1326 ψιλὸν
1583 1292 1736 1328 ἀνορωπον,
1750 1293 1800 1327 τῆς
1814 1293 1906 1327 κοινῆς

1116 1336 1242 1363 ἁπάντων
1252 1337 1358 1372 φύσεως
1378 1339 1436 1364 κατ’
1452 1338 1527 1364 οὐδὲν
1545 1339 1685 1374 κρείττονα
1699 1338 1714 1374 ἢ
1730 1339 1791 1365 ὅσον
1807 1339 1906 1374 ἀρετῆς

1116 1383 1314 1418 προτερήμασι,
1332 1383 1472 1417 γεγονέναι
1494 1384 1574 1410 αὐτὸν
1597 1385 1747 1420 εἰρηκότες.
1764 1385 1795 1411 OE
1817 1385 1839 1410 δ’
1864 1386 1907 1412 αὺ-

1115 1428 1160 1454 τὸν
1172 1429 1311 1464 ἐνοικῆσαι
1333 1429 1378 1456 τὸν
1400 1429 1454 1456 τῶν
1468 1430 1536 1456 ὅλων
1547 1430 1613 1457 Θεὸν
1631 1430 1669 1465 τῷ
1687 1431 1792 1466 σώματι
1803 1431 1906 1466 δογμα-

1115 1475 1249 1507 τίσαντες,
1268 1475 1332 1502 Υἱόν
1345 1485 1375 1502 τε
1389 1476 1470 1502 αὑτὸν
1495 1476 1596 1504 ἑαυτοῦ
1613 1477 1780 1513 χρηματίσαι
1795 1477 1904 1511 φάντες,

1114 1520 1194 1556 δι’ἥν
1219 1521 1349 1556 ὑπέμεινε
1374 1523 1433 1549 κατ’
1458 1523 1599 1559 ἄνθρωπον
1622 1523 1788 1558 οἰκονομίαν,
1810 1523 1859 1550 δύο
1869 1523 1906 1549 δι-

1113 1565 1204 1598 δόντες
1231 1562 1321 1599 οὖτοι,”
1333 1567 1400 1594 Θεὸν
1426 1567 1473 1594 καὶ
1498 1567 1650 1603 ἄνθρωπον,
1675 1566 1722 1593 τοῦ
1747 1567 1841 1602 τρίτου
1861 1567 1905 1593 τὸν

277 1617 468 1647 concederent,
490 1616 574 1643 Deum
598 1621 680 1650 atque
709 1616 865 1647 hominem,
889 1623 904 1642 a
922 1616 1003 1643 tertio
1020 1623 1064 1643 se-

1117 1611 1248 1646 μονογενῆ
1257 1611 1304 1637 τοῦ
1320 1611 1388 1637 Θεοῦ
1402 1611 1476 1645 Υὶὸν,
1487 1612 1680 1648 ἀρνησάμενοι.
1701 1612 1809 1638 Τούτων
1822 1611 1906 1638 παλαι

275 1661 407 1695 metipsos
415 1660 600 1692 excluserunt,
612 1660 788 1687 Servatorem
802 1660 890 1694 ipsum
903 1660 949 1687 Dei
965 1660 1064 1688 Filium

275 1707 443 1742 unigenitum
463 1706 632 1741 abnegando.
646 1709 675 1737 »Ε
690 1705 766 1733 Hanc
782 1706 847 1733 olim
860 1705 994 1733 Sabellius
1007 1711 1064 1734 tue-

275 1751 358 1780 batur
376 1752 541 1780 sententiam
555 1761 561 1778 :
591 1756 619 1779 et
636 1752 669 1779 ad
694 1751 767 1778 illam
783 1759 855 1779 nunc
871 1751 976 1779 delatus
991 1751 1064 1779 Mar-

275 1798 360 1826 cellus
375 1798 451 1825 abiit.
465 1797 528 1832 Qui,
542 1806 596 1825 non
611 1798 692 1825 aliter
721 1805 802 1832 quam
819 1796 904 1825 Judaei
920 1797 1041 1825 inﬁdeles
1054 1817 1063 1830 ,

275 1851 305 1872 se
322 1845 405 1872 Deum
417 1851 565 1879 agnoscere
574 1844 746 1880 profitentur,
756 1844 802 1880 qui
812 1849 854 1871 est
863 1851 946 1879 super
957 1850 1063 1877 omnes,

275 1890 368 1918 ethoc
390 1891 567 1918 vehementer
592 1895 700 1926 urgent.
729 1890 855 1919 Secundo
871 1898 978 1926 quoque
1003 1890 1063 1919 loco

276 1943 387 1964 carnem
401 1941 551 1971 agnoscunt
561 1937 594 1964 de
606 1936 717 1971 Virgine
730 1941 865 1971 sumptam
872 1935 1061 1964 sanctissima:

277 1981 388 2008 tertium
403 1989 470 2009 vero
484 1982 562 2015 illud,
575 1982 646 2016 quod
660 1985 702 2009 est
714 1982 830 2016 primunt
849 1981 946 2009 salutis
963 1987 1064 2009 nostra

276 2032 368 2061 caput,
382 2025 490 2060 Filium,
505 2033 586 2062 quem
603 2027 676 2054 velut
699 2028 786 2055 obviis
803 2027 873 2054 ulnis
891 2027 1062 2061 amplectun-

276 2076 332 2104 tur,
345 2072 432 2099 lucem
447 2078 528 2105 atque
544 2074 700 2107 veritatem,
714 2081 761 2108 per
774 2074 979 2108 abnegationem
990 2074 1062 2109 Filii,

275 2125 292 2145 α
305 2119 430 2146 veritatis
449 2119 507 2146 luce
524 2120 694 2147 exciderunt.
709 2119 778 2147 Hinc
790 2125 841 2153 est,
855 2125 884 2148 ut
896 2120 956 2147 illos
968 2121 1062 2148 audia-

274 2172 338 2193 mus
352 2172 434 2192 unum
452 2165 562 2200 quidem
577 2165 662 2192 Deum
674 2166 846 2198 conﬁtentes,
857 2171 884 2193 et
896 2174 1005 2194 carnem
1016 2174 1063 2194 ve-

275 2216 406 2238 nerantes
419 2219 433 2238 a
450 2211 598 2238 Servatore
609 2215 764 2246 susceptam
781 2221 788 2239 :
806 2216 834 2238 at
853 2212 951 2239 Filium
965 2211 1063 2240 nihilo-

274 2257 365 2285 minus
384 2256 437 2290 Dei,
449 2257 646 2284 iultabitantem
667 2257 738 2285 hanc
752 2265 874 2289 carnem,
893 2265 958 2285 voce
984 2263 1061 2286 lenus
1077 2271 1099 2298 ι)

275 2307 358 2338 atque
372 2303 460 2336 labiis,
478 2310 538 2330 cum
557 2307 716 2337 agnoscant,
729 2310 760 2330 re
773 2303 828 2338 ipsa
852 2303 960 2338 penitus
979 2305 1061 2333 abne-

273 2353 380 2383 gantes.
391 2348 459 2375 Nam
474 2348 571 2376 Filium
587 2348 633 2376 Dei
659 2349 796 2383 inquirere
810 2349 941 2377 debemus
962 2350 1037 2378 illum
1053 2371 1061 2384 ,

273 2395 323 2429 qui
334 2395 407 2422 vivat
421 2399 448 2422 et
461 2395 590 2422 subsistat
601 2402 680 2422 vere:
695 2403 747 2422 non
764 2395 835 2422 idem
847 2397 891 2430 qui
905 2403 1060 2430 censeatur,

274 2448 336 2468 eum
349 2440 394 2468 illo
421 2442 491 2475 quod
522 2441 668 2476 assumpsit
684 2448 813 2476 corpore;
839 2449 889 2469 nec
906 2442 975 2468 idem
998 2449 1061 2468 cum

274 2485 329 2513 Deo
351 2491 432 2520 atque
446 2486 536 2513 Patre.
557 2486 650 2521 Neque
672 2486 743 2513 enim
765 2487 913 2514 secundum
932 2487 1060 2521 pietatem

274 2539 338 2561 vere
355 2533 470 2560 senserit
499 2533 533 2566 is,
555 2533 601 2567 qui
631 2531 731 2560 Filium
746 2532 888 2566 proﬁtetur
901 2540 961 2560 esse
984 2532 1059 2559 illum

1115 1657 1165 1692 μὲν
1184 1657 1336 1690 Σαϐελλιος,
1359 1658 1418 1684 νυνὶ
1447 1658 1474 1684 δὲ
1498 1658 1669 1693 Μάρκελλος,
1687 1659 1720 1693 τῇ
1735 1657 1834 1694 γνώμῃ
1849 1667 1907 1685 συν-

1114 1703 1297 1737 απαχθέντες,
1309 1703 1353 1730 τὸν
1366 1704 1414 1739 μὲν
1429 1705 1475 1730 ἐπὶ
1493 1704 1601 1731 πάντων
1623 1704 1690 1730 Θεὸν
1707 1704 1842 1731 Ἰουδαίων
1849 1705 1905 1737 τοῖς

1115 1747 1238 1779 ἀπίστοις
1249 1749 1350 1784 ὁμοίως
1372 1747 1401 1776 εὖ
1416 1749 1487 1785 μάλα
1501 1749 1600 1776 εἰδέναι
1611 1749 1838 1786 διισχυριζονται·
1857 1751 1905 1778 καὶ

1114 1793 1239 1830 δεύτερον
1263 1795 1312 1830 τὴν
1340 1795 1428 1831 σάρκα
1450 1795 1498 1831 τὴν
1525 1797 1557 1822 ὲκ
1586 1795 1635 1831 τῆς
1657 1796 1736 1830 ἁγίας
1764 1795 1904 1832 Παρθένου

1114 1841 1366 1875 συνωμολογήκασι·
1391 1841 1447 1876 (25)
1467 1841 1498 1868 τὸ
1514 1841 1543 1868 δὲ
1557 1841 1660 1876 τρίτον,
1679 1841 1745 1868 αὐτὸ
1767 1841 1799 1868 τὸ
1818 1842 1906 1876 κεφά-

1118 1885 1195 1913 λαιον
1217 1887 1267 1922 τῆς
1282 1887 1408 1914 ἁπάντων
1428 1887 1506 1923 ἡμῶν
1531 1887 1679 1924 σωτηρίας,
1706 1888 1754 1914 τὸν
1768 1888 1833 1914 Υἱὸν
1858 1888 1906 1915 τοῦ

1113 1930 1181 1958 Θεοῦ
1195 1932 1480 1968 παραγκωνισάμενοι,
1490 1932 1548 1967 φῶς
1554 1932 1620 1959 ὄντα
1631 1932 1676 1959 καὶ
1689 1932 1817 1968 ἀλήθειαν
1825 1933 1906 1969 ὁμοῦ,

1114 1979 1146 2013 τῇ
1161 1978 1274 2013 ἀρνήσει
1300 1979 1347 2005 τοῦ
1373 1978 1448 2010 Υὶοῦ,
1471 1979 1517 2005 καὶ
1532 1978 1578 2005 τοῦ
1596 1979 1646 2014 τῆς
1669 1978 1798 2014 ἀληθείας
1817 1980 1907 2014 φωτὸς

1114 2025 1333 2052 ὲκπεπτώκασιν.
1358 2025 1454 2052 Ἔνθεν
1470 2025 1518 2052 ἕνα
1537 2025 1587 2060 μὲν
1608 2025 1675 2051 Θεὸν
1701 2025 1907 2060 ὁμολογούντων

1114 2070 1203 2096 αὐτῶν
1220 2070 1342 2103 ἀκούσει,
1364 2070 1412 2098 καὶ
1436 2070 1484 2106 τὴν
1501 2071 1591 2106 σάρκα
1609 2071 1637 2097 δὲ
1658 2070 1705 2098 τοῦ
1725 2072 1850 2108 Σωτῆρος
1864 2081 1907 2099 τι-

1116 2116 1237 2152 μώντων·
1246 2117 1292 2144 τὸν
1307 2117 1334 2143 δὲ
1346 2118 1523 2152 ὲνοικήσαντα
1539 2119 1572 2153 τῇ
1593 2119 1674 2154 σαρκὶ
1686 2119 1753 2145 Θεοῦ
1770 2119 1836 2146 Υἱὸν
1851 2129 1907 2154 φω-

1113 2163 1145 2198 νῇ
1159 2163 1206 2198 μὲν
1224 2163 1270 2189 καὶ
1292 2163 1393 2197 χείλεσι
1409 2163 1646 2198 παραδεχομένων,
1669 2163 1742 2200 ἔργῳ
1760 2164 1788 2190 δὲ
1808 2174 1907 2201 παραι-

1113 2209 1260 2244 τουμένων.
1273 2209 1337 2235 Υὶὸν
1348 2209 1402 2245 γὰρ
1411 2209 1478 2236 Θεοῦ
1495 2210 1564 2245 χρῆν
1578 2209 1679 2246 ζητεῖν,
1695 2211 1803 2246 ἀληθῶς
1816 2211 1908 2243 ζῶντα

1113 2255 1160 2281 καὶ
1174 2255 1326 2289 ὑφεστῶτα·
1347 2254 1408 2281 οὒτε
1433 2256 1478 2282 τὸν
1497 2256 1588 2287 αὑτὸν,
1615 2254 1638 2290 ᾧ
1659 2257 1817 2292 ἀνείληφεν,
1841 2257 1906 2284 ὄντα

1115 2299 1232 2335 σώματι,
1247 2300 1309 2326 οὔτε
1321 2300 1366 2327 τὸν
1375 2301 1454 2327 αὑτὸν
1470 2301 1533 2328 ὖντα
1543 2301 1582 2336 τῷ
1594 2302 1653 2337 Θεῷ
1664 2303 1710 2328 καὶ
1723 2302 1820 2338 Πατρί.
1836 2302 1906 2329 οὔτε

1114 2345 1168 2381 γὰρ
1178 2346 1224 2372 τὸν
1241 2346 1369 2373 ἐπέκεινα
1383 2346 1436 2373 τῶν
1455 2347 1523 2374 ὅλων
1545 2347 1610 2374 Θεὸν
1634 2348 1697 2375 Υἱὸν
1715 2348 1747 2375 ἄν
1760 2357 1804 2380 τις
1820 2348 1904 2375 εἰπὼν

1114 2392 1228 2427 εὐσεϐὴς
1241 2392 1292 2427 εἴη·
1302 2393 1385 2427 (τίνος
1396 2393 1450 2429 γὰρ
1468 2393 1544 2420 ἔσται
1559 2394 1622 2426 Υἱὸς
1637 2395 1650 2420 ὁ
1666 2394 1714 2429 τὴν
1727 2395 1846 2430 ἄναρχον
1859 2394 1905 2422 καὶ

1114 2438 1260 2473 ἀγέννητον
1275 2439 1389 2474 θεότητα
1405 2439 1635 2475 περιϐεϐλημένος
1646 2440 1665 2474 ι)
1681 2440 1742 2466 οὔτε
1759 2441 1804 2467 τὸν
1827 2449 1905 2476 μονο-

1111 2485 1177 2520 γενῆ
1192 2485 1237 2511 τοῦ
1251 2485 1317 2512 Θεοῦ
1339 2486 1403 2512 Υίὸν
1418 2486 1498 2512 αὐτὸν
1515 2484 1584 2513 εἶναι
1608 2487 1652 2514 τὸν
1673 2487 1783 2522 Πατέρα
1805 2496 1848 2520 τις
1867 2488 1905 2514 εί·-

1112 2531 1170 2558 πὼν
1189 2532 1318 2567 δράσεται
1334 2533 1382 2567 τὴν
1402 2532 1472 2559 κατὰ
1486 2532 1540 2558 τῶν
1554 2532 1701 2568 δυσφήμων
1719 2533 1808 2569 δίκην.

274 2577 360 2604 Deum
377 2578 422 2612 qui
442 2582 485 2605 est
510 2585 592 2612 super
617 2578 719 2605 omnia.
744 2577 861 2612 Eeeujus
886 2578 984 2604 matris
1001 2585 1061 2605 esse
1080 2582 1170 2611 potest
1184 2577 1228 2604 ille
1242 2577 1337 2611 Filius,
1350 2579 1395 2613 qui
1418 2578 1561 2605 divinitate
1592 2579 1711 2614 ingenita
1746 2585 1773 2607 et
1797 2580 1903 2616 absque

273 2625 328 2652 ullo
344 2625 487 2660 principio,
503 2625 647 2653 amicitur?
662 2625 717 2653 Nec
733 2626 754 2653 si
767 2626 827 2660 quis
844 2625 1014 2660 unigenitum
1031 2625 1079 2653 Dei
1100 2625 1208 2657 Filium.
1226 2625 1408 2653 eumdemmet
1420 2630 1446 2654 et
1457 2625 1564 2654 Patrem
1580 2633 1641 2654 esse
1654 2629 1758 2660 doceat,
1770 2628 1904 2662 judicium

273 2674 373 2707 poterit
394 2674 542 2706 declinare,
560 2675 633 2709 quod
659 2679 701 2702 est
727 2679 820 2702 contra
835 2674 982 2701 maledicos
1005 2674 1194 2701 constitutumt

311 2785 340 2814 »ις
356 2783 403 2810 Ed.
420 2783 507 2813 Paris.
524 2791 584 2820 pag.
598 2783 642 2811 65.

702 2784 725 2800 ⁸³
739 2783 844 2812 Coloss.
859 2789 879 2817 ι,
895 2782 938 2811 16.
977 2782 999 2798 ⁸⁵
1014 2782 1081 2810 Ibid.
1102 2782 1142 2809 l7.

310 2870 367 2907 (25-)
390 2872 424 2908 Td
435 2872 468 2898 δὲ
482 2873 682 2907 τρίτον-Νηίῳ
699 2873 766 2900 ἀλλὰ
778 2873 807 2899 τὸ
819 2873 910 2908 τρίτον
928 2877 954 2900 et
969 2871 1026 2908 Mp,
1039 2880 1064 2908 γ]

1114 2871 1177 2908 ιμῶς
1202 2871 1260 2899 loco
1274 2870 1353 2907 ὁμοῦ,
1369 2877 1396 2901 et
1408 2882 1452 2908 γρ.
1474 2873 1610 2905 ἀκούσεις,
1621 2873 1679 2902 loco
1693 2871 1903 2908 ἀκούσει.,[)θὶη

272 2907 354 2942 vulgo
369 2907 420 2941 χρὴ
440 2908 529 2942 ζητεῖν
542 2914 568 2936 et
583 2908 652 2935 κατά
663 2917 687 2935 τ.
703 2909 839 2935 Busae!)th
855 2908 933 2944 δίκην
950 2913 976 2936 ct
994 2907 1035 2934 διὸ
1051 2907 1079 2933 δὲ
1097 2907 1156 2940 τήν.
