2032 3211
136 191 186 221 857

469 253 544 279 ΚΕΦ.
561 247 600 279 H’.

136 297 302 332 Παράθεσις
321 297 376 332 τῆς
401 298 504 333 ὑγιοῦς
529 298 576 324 καὶ
604 298 857 333 ὲκκλησιαστικης
878 304 925 332 ορ-
938 280 947 286 ³

451 333 600 366 θοδοξίας.

168 379 213 405 Διὸ
229 379 262 414 δὴ
274 379 323 414 τὴν
337 378 444 405 εὐθεῖαν
460 379 505 405 καὶ
519 378 660 414 βασιλικὴν
673 379 731 406 ὁδὸν
741 379 924 416 δρθοτομοῦσα

135 425 149 460 ἡ
174 424 322 459 Ἐκκλησία
342 424 387 451 τοῦ
402 424 479 456 Θεοῦ,
495 424 543 456 τὰς
560 425 608 459 μὲν
626 425 708 456 ἄλλας
732 425 925 461 παρεκτροπὰς

133 469 328 505 ἀπεδοκίμασε,
346 472 401 502 τοῖς
413 470 435 497 δ’
447 470 532 505 αὐτῆς
547 470 686 506 θρέμμασι
699 470 750 506 τῆς
764 471 854 497 ἐνθέου
874 471 924 506 χὰ-

134 524 207 550 ριτος
222 516 387 550 παραδίδωσι
407 515 456 551 τὴν
467 516 587 550 Ιγνῶσιν,
608 517 667 543 κατ’
684 517 748 543 αὐτὸ
762 517 811 552 τῆς
828 517 924 551 παλιγ-

133 561 258 595 γενεσίας
276 562 423 597 μυστήριον
443 562 584 597 ὁμολογεῖν
605 562 766 589 διδάσκουσα
789 564 857 598 (καὶ)
880 573 924 590 πι-

133 605 240 632 στεύειν
255 606 311 640 (24)
321 607 361 638 εἰς
376 606 424 633 ἕνα
438 606 514 639 Θεὸν,
524 607 632 642 Πατέρα
649 608 865 643 παντοκράτορα,
881 616 924 634 τε-

132 651 207 677 λείαν
221 651 267 678 καὶ
282 652 383 687 ἀκριϐῆ
408 652 454 678 καὶ
467 653 611 688 ὁλόκληρον
630 652 730 689 ταύτην
753 653 851 680 εἰδέναι

132 696 304 731 παρέχουσαν
318 696 366 732 τὴν
380 697 525 731 θεολογίαν,
540 698 557 732 ἢ
569 697 634 725 Θεὸν
652 698 699 733 μὲν
715 698 762 725 ἕνα
773 699 923 733 παραδίδω-

133 749 186 773 σιν,
207 742 373 778 ἀφορίζουσα
392 743 441 778 τῆς
464 743 620 779 Ἑλληνικῆς
642 744 688 770 καὶ
704 744 833 770 πολυθέου
857 743 922 769 πλά-

133 795 191 822 νης·
213 788 323 824 Πατέρα
336 788 363 814 δὲ
377 789 457 815 αὑτὸν
469 787 521 815 οἶδε
538 790 588 825 τῆς
608 789 754 824 Ἰουδαϊκῆς
770 789 922 825 χωρίζουσα

132 833 314 866 διδασκαλίας,
339 834 546 871 παντοκράτυρα
565 835 593 862 δὲ
615 835 694 862 αὑτὸν
718 835 852 870 ὁμολογεῖ,
873 835 922 870 τῆς

134 877 187 904 τῶν
212 878 300 905 ἀθέων
322 880 482 914 ἑτεροδόξων
508 880 733 916 ἀποστρεφομένη
759 879 807 916 τὴν
829 880 922 906 δυσσέ-

637 191 681 219 DE
699 190 964 220 ECCLESIASTICA
980 190 1178 218 THEOLOGIA
1195 190 1259 218 LIB.
1277 190 1299 217 1.

1702 188 1757 220 θῦε

1327 250 1357 278 Ρ.
1380 250 1449 278 VIII.
1466 268 1470 272 ι

1280 251 1357 278 CAP.
1380 251 1449 278 VIII.
1466 268 1470 272 η

976 297 1138 332 Ρποροηὶιιιν
1163 297 1310 324 orthodoxa
1333 301 1360 324 et
1382 296 1510 324 salutaris
1534 296 1658 326 Ecclesia
1680 297 1757 331 ﬁdes.

971 411 975 414 '
1010 376 1180 411 Quapropter
1191 377 1235 404 via
1250 377 1323 412 regia
1337 381 1416 412 atque
1432 382 1504 405 recta
1522 378 1649 406 incedens
1663 378 1757 406 Eccle-

975 423 1014 451 sia
1041 423 1098 456 Dei,
1127 423 1285 451 diverticula
1309 431 1324 451 a
1351 430 1380 451 se
1399 424 1505 458 ablegat
1533 423 1759 459 cujusquemoili:
1785 458 1793 467 δ

975 468 1043 501 suis,
1058 469 1102 503 qui
1119 473 1196 500 sunt,
1213 469 1328 496 alumnis
1349 470 1444 504 gratia:
1463 470 1562 497 divina:
1578 471 1758 506 cognitionem

975 515 1146 541 commendat
1171 521 1178 540 :
1201 513 1263 541 dum
1291 514 1317 542 in
1345 515 1405 550 ipso
1426 516 1639 550 regenerationis
1669 524 1760 545 sacra—

974 564 1064 587 mento
1078 560 1156 587 docet
1174 560 1306 593 conﬁteri,
1333 565 1360 588 et
1377 561 1488 589 credere
1515 562 1541 589 in
1567 570 1648 590 unum
1676 563 1759 590 Deum

974 605 1082 633 Patrem
1107 607 1340 641 omnipotentem,
1376 607 1522 642 perfectam
1554 609 1611 636 suis
1639 609 1761 637 numeris

974 656 1110 682 exactam,
1121 656 1149 678 et
1161 656 1377 678 consummatam
1394 652 1512 687 undique
1526 653 1596 680 hanc
1613 660 1668 688 pra:
1681 661 1710 680 se
1722 654 1760 680 fe-

974 703 1037 723 rens
1053 695 1214 723 credendam
1227 696 1367 733 tbeologiae
1382 697 1525 730 rationem,
1549 704 1602 732 qua
1616 697 1686 725 Deus
1700 705 1759 725 esse

974 749 1041 768 unus
1059 742 1183 775 traditur,
1205 750 1372 777 paganorum
1399 743 1432 770 de
1456 743 1508 771 diis
1533 744 1624 771 multis
1649 751 1759 772 errores

974 786 1153 818 refelluntur:
1176 795 1226 822 qua
1240 788 1396 822 agnoscitur
1417 788 1486 816 idem
1503 789 1575 817 Deus
1591 789 1672 817 Pater
1689 799 1694 817 :
1711 797 1760 824 per

973 840 1053 867 quam
1082 833 1282 860 confessionem
1308 841 1385 860 suam
1408 834 1571 862 discernitur
1596 835 1716 863 Ecclesia
1743 843 1758 863 a

973 878 1096 912 Judzeis;
1119 886 1171 914 qua
1204 879 1359 912 agnoscitur
1382 879 1453 907 idem
1483 880 1653 915 omnipotens
1679 888 1757 913 esse,

134 923 218 950 δειαν.
237 924 330 956 οὐδεὶς
343 924 407 959 γοῦν
424 925 477 952 τῶν
493 926 652 961 ἑτεροδόξων
667 926 739 952 εἴποι
755 925 788 952 ἂν
803 925 847 952 τὸν
864 927 921 952 Πα-

973 925 1114 952 atheorum
1130 930 1158 952 et
1184 925 1374 952 haereticorum
1396 925 1561 961 impietatem
1589 927 1758 955 detestando.

133 969 199 1004 τέρα
215 969 262 996 τοῦ
277 970 407 1006 Χριστοῦ,
426 971 508 998 αὑτὸν
523 969 591 998 εἶναι
616 972 661 998 τὸν
678 972 743 998 Θεὸν
760 972 805 998 τὸν
824 979 922 999 παντο-

134 1015 265 1052 κράτορα,
278 1016 316 1048 ὡς
336 1017 396 1043 οὐδὲ
418 1017 550 1044 Ἰουδαίων
568 1018 760 1054 ὁμολογήσειεν
777 1018 809 1044 ἄν
822 1027 863 1050 τις
875 1019 921 1046 τὸν

133 1062 200 1089 Θεὸν
211 1062 320 1098 Πατέρα
337 1061 415 1096 εἶναι,
433 1063 478 1090 τὸν
495 1064 626 1100 μονογενῆ
645 1064 708 1091 Υἰὸν
724 1064 760 1100 μὴ
770 1064 846 1096 εἰδώς
858 1073 865 1080 ’
880 1066 922 1091 οὐ·

133 1107 160 1133 δέ
174 1115 207 1141 γε
219 1107 318 1143 Ἕλλην
336 1108 384 1135 ἕνα
400 1108 479 1144 μόνον
492 1110 602 1144 φήσειεν
617 1110 716 1136 εἰδέναι
729 1110 804 1136 Θεόν.
821 1110 870 1136 Διά
880 1119 920 1136 τοι

133 1151 233 1178 τούτων
243 1152 368 1179 άπάνπυν
378 1153 598 1188 ἀποκαθαίρουσα
610 1154 658 1190 τὴν
668 1154 770 1190 πλάνην
779 1155 795 1190 ή
807 1152 921 1191 Ἐκκλη-

134 1197 189 1228 σία,
205 1198 250 1223 τὸν
265 1197 312 1224 ἕνα
328 1197 394 1224 Θεὸν
411 1198 550 1233 κηρύττει,
565 1199 646 1226 αὑτὸν
666 1197 734 1226 εἶναι
751 1200 797 1226 καὶ
812 1191 920 1236 Πατέρα

133 1245 180 1271 καὶ
195 1243 400 1280 παντοκράὲορα
419 1245 591 1277 διδάσκουσα,
614 1245 722 1282 Πατέρα
739 1246 788 1281 μὲν
803 1246 861 1278 ἑνὸς
873 1246 920 1272 τοῦ

131 1290 251 1325 Χριστοῦ
272 1291 365 1326 μόνου,
387 1291 440 1318 τῶν
465 1291 492 1317 δὲ
514 1292 613 1319 λοιπῶν
633 1293 760 1320 ἁπάντων
783 1294 849 1322 Θεὸν
873 1297 921 1322 καὶ

132 1336 243 1371 κτίστην
264 1336 311 1362 καὶ
327 1336 438 1372 Κύριον.
454 1337 531 1363 Οὕτω
553 1338 599 1364 καὶ
616 1338 678 1365 Υἰὸν
701 1339 768 1366 Θεοῦ
789 1341 919 1376 μονογενῆ

138 1382 242 1417 Ἰησοῦν
254 1383 372 1418 Χριστὸν
385 1383 560 1419 παραδίδωσι,
574 1385 619 1411 τὸν
630 1386 684 1420 πρὸ
696 1386 803 1413 πάντων
816 1387 920 1414 αἰώνων

132 1428 164 1454 ὲκ
175 1428 222 1455 τοῦ
239 1429 344 1464 Πατρὸς
357 1430 552 1465 γεγεννημένον
562 1439 569 1446 ’
589 1431 619 1457 οὐ
642 1431 687 1457 τὸν
701 1432 780 1458 αὑτὸν
801 1432 865 1459 ὄντα
882 1433 921 1468 τῷ

132 1474 232 1510 Πατρὶ,
250 1475 309 1501 καθ’
329 1475 423 1502 ἑαυτὸν
440 1475 467 1502 δὲ
481 1475 546 1502 ὅντα
563 1476 609 1503 καὶ
623 1476 722 1508 ζῶντα,
746 1478 793 1504 καὶ
813 1478 921 1514 ἀληθῶς

131 1520 199 1545 Υἱὸν
226 1520 335 1546 συνόντα
351 1520 418 1556 (26),
443 1521 508 1547 Θεὸν
531 1521 587 1556 (27)
603 1521 635 1548 ὲκ
652 1522 730 1554 Θεοῦ,
755 1523 802 1549 καὶ
818 1523 874 1557 φῶς
888 1524 920 1550 ὲκ

134 1565 234 1599 φωτὸς,
252 1565 297 1592 καὶ
316 1566 385 1601 ζωὴν
405 1567 438 1593 ὲκ
459 1567 548 1602 ζωῆς*
571 1567 694 1599 ἀλέκτοις
710 1568 757 1594 καὶ
780 1569 919 1604 ἀρρήτοις,

133 1611 182 1637 καὶ
198 1611 369 1640 παντάπασιν
389 1612 538 1647 ἀγνώστοις
558 1613 634 1648 ἡμῖν,
656 1614 703 1640 καὶ
719 1615 921 1650 ἀκαταλήπτοις
934 1611 955 1627 “

132 1657 222 1692 λόγοις
238 1660 270 1685 ὲκ
283 1658 329 1685 τοῦ
339 1659 445 1695 Πατρὸς
460 1660 506 1686 ἐπὶ
517 1660 638 1696 σωτηρίᾳ
651 1661 705 1687 τῶν
715 1661 783 1687 ὅλων
794 1669 920 1697 γεγεννη-

134 1705 223 1739 μένον,
232 1706 280 1732 καὶ
289 1706 338 1741 οὐχ
350 1706 449 1741 ὁμοίως
464 1707 512 1741 μὲν
525 1708 581 1739 τοῖς
594 1707 696 1738 λοιποῖς
707 1709 843 1743 γεννητοῖς
857 1708 921 1735 ὐπο-

132 1751 244 1783 στάντα,
261 1752 321 1779 οὐδὲ
335 1751 406 1787 ζωὴν
422 1753 526 1788 ἐμφερῆ
541 1754 596 1785 τοῖς
615 1753 647 1779 δι’
659 1753 740 1779 αὑτοῦ
755 1753 920 1789 γεγεννημέ-

133 1805 188 1828 vet;
204 1796 303 1829 ζῶντα,
325 1797 405 1833 μόνον
429 1798 458 1824 δὲ
485 1797 515 1830 ἐξ
531 1798 614 1824 αὐτοῦ
634 1798 681 1825 τοῦ
704 1799 810 1834 Πατρὸς
825 1800 921 1826 ἀποτε-

132 1842 243 1879 χθέντα,
261 1844 308 1871 καὶ
322 1844 462 1880 αὑτοζωὴν
482 1844 554 1871 ὄντα.
570 1845 625 1872 Καὶ
638 1844 740 1880 ἔπρεπε
757 1844 812 1880 γὰρ
822 1845 861 1880 τῷ
875 1846 920 1872 ἐπὶ

133 1889 242 1916 πάντων
254 1889 324 1925 Θεῷ,
341 1889 394 1925 πρὸ
413 1889 513 1921 παντὸς
531 1888 671 1924 γεννητοῦ,
687 1889 734 1915 καὶ¹
745 1889 798 1925 πρὸ
813 1890 920 1916 πάντων

133 1933 250 1967 αἰώνων,
270 1935 300 1961 τὸ
318 1935 458 1970 μονογενὲς
479 1935 558 1961 τοῦτο
575 1934 771 1970 προϐάλλεσθαι
788 1935 919 1970 γέννημα,

133 1979 227 2016 ὥσπερ
243 1980 304 2008 τινὰ
319 1980 440 2016 κρηπίδα
453 1980 500 2007 καὶ
515 1980 637 2016 θεμέλιον
657 1980 776 2016 ἀρραγῆ,
790 1979 843 2006 τῶν
857 1979 921 2015 μελ-

132 2024 234 2054 λόντων
243 2026 276 2053 δι’
283 2026 364 2054 αὑτοῦ
375 2027 562 2063 γεννήσεσθαι.
573 2027 618 2052 Διὸ
676 2026 728 2061 πρὸ
743 2026 851 2053 πάντων
867 2025 920 2052 τῶν

135 2072 287 2109 μελλόντων
298 2073 406 2100 ἔσεσθαι
422 2061 467 2100 τὸν
479 2073 542 2099 Υίὸν
554 2061 661 2107 ἐγέννα,
675 2072 770 2108 ὥσπερ
777 2072 849 2103 τινὸς
863 2080 919 2106 φω-

132 2118 178 2150 τὺς
193 2118 301 2152 ἀκτῖνα,
312 2119 360 2147 καὶ
375 2117 447 2153 ζωῆς
465 2118 567 2152 πηγὴν,
593 2118 639 2144 καὶ
652 2117 786 2152 θησαυρὸν
800 2116 918 2151 ἀγαθῶν,

136 2170 146 2187 ‹
158 2163 187 2188 ὲν
198 2158 221 2196 ᾧ
235 2162 335 2193 πάντες
362 2163 429 2189 εἰσὶν
444 2163 468 2188 οἱ
490 2162 619 2197 θησαυροῖ¹
638 2162 686 2197 τῆς
701 2161 795 2196 σοφίας
809 2161 856 2187 καὶ
870 2161 921 2196 τῆς

136 2207 283 2242 «γνώσεως
300 2208 463 2244 ἀπόκρυφοι,
477 2217 486 2233 ι
504 2208 574 2234 κατὰ
597 2208 641 2234 τὸν
654 2207 724 2234 θεῖον
749 2207 917 2234 ’Δπὸστολον.

133 2253 274 2281 Τοσοὺτων
290 2254 408 2288 ἀγαθῶν,
429 2255 443 2280 ό
461 2254 538 2290 μόνος
563 2254 663 2288 ἀγαθὸς
685 2254 779 2289 Πατὴρ
792 2254 837 2280 τὸν
857 2252 920 2279 Υίὸν

134 2299 234 2335 ὑφίστη
248 2299 387 2335 αὖτοζωὴν
409 2300 483 2332 ὖντα,
502 2299 631 2332 ζωοποιὸν
647 2299 701 2326 τῶν
717 2299 794 2331 ὅλων,
812 2299 858 2325 καὶ
873 2298 921 2324 αὖ·

133 2345 223 2379 τοφῶς
235 2345 265 2372 τὸ
276 2345 411 2380 ἀληθινὸν,
425 2346 471 2372 καὶ
485 2345 573 2381 πάσης
585 2346 679 2380 νοερᾶς
694 2346 740 2372 καὶ
753 2345 863 2380 λογικῆς
878 2345 922 2371 οὺ-

135 2388 195 2422 σίας
218 2391 395 2425 φωτιστικόν·
421 2391 468 2417 καὶ
488 2391 641 2425 αὑτὸλογον,
666 2392 713 2418 καὶ
741 2391 846 2426 σοφίαν,
877 2400 920 2417 σο-

136 2435 193 2470 φῶς
207 2435 263 2470 (28)
280 2436 314 2463 τὰ
327 2437 414 2463 πάντα
428 2437 475 2463 καὶ
500 2436 614 2470 λογικῶς
630 2437 809 2472 ὑφιστάμενον
823 2446 852 2463 τε
873 2438 920 2464 καὶ

134 2481 293 2509 διοικοῦντα.
310 2479 359 2508 Ὧν
379 2482 409 2518 δὴ
428 2483 507 2517 χάριν
521 2483 534 2508 ό
552 2483 696 2517 μονογενὴς
711 2483 774 2513 Υἱὸς
788 2483 835 2509 τοῦ
852 2482 919 2509 Θεοῦ

138 2528 217 2562 μόνος
247 2527 327 2559 αὐτὸς
354 2528 401 2554 καὶ
429 2528 489 2554 οὐδὲ
515 2528 593 2560 ἄλλος
617 2528 797 2564 ἀνηγόρευται
820 2537 850 2554 τε
876 2529 922 2556 καὶ

135 2571 220 2600 ἔστιν.

171 2711 227 2748 (24)
242 2712 433 2740 Διδάσκουσα
446 2714 608 2746 πιστεύειν,
625 2713 683 2747 lege
701 2714 748 2741 καὶ
773 2713 921 2741 πιστεύειν.

137 2745 225 2773 Corde
241 2747 311 2774 enim
326 2750 455 2780 creditur.
483 2757 531 2776 ore
546 2749 576 2775 lit
603 2745 736 2776 contiessio
753 2756 760 2774 :
780 2753 924 2783 utrumque

137 2783 257 2815 exigitur
274 2783 299 2809 in
314 2791 391 2810 sacro
403 2783 575 2817 baptismate.

173 2816 445 2854 (25)7Hapézova’ari
462 2819 628 2854 θεολογίαν.
654 2818 724 2852 Lege
753 2819 921 2854 παρέχουσα.

137 2849 258 2880 Ecclesia
276 2849 381 2886 tieiiipe,
396 2853 452 2879 suis
473 2849 589 2880 alumnis
606 2854 673 2880 hanc
693 2849 844 2886 iidemfsi'c
866 2858 923 2880 sta-

140 2887 186 2915 tim
204 2887 369 2923 χωρίζουσα.
389 2888 424 2915 Μ.
439 2904 474 2908 --
489 2888 548 2915 Mox
567 2891 644 2924 γωεο
659 2888 704 2914 τὸν
719 2888 785 2915 Θεὸν
800 2888 920 2924 Πατέρα.

972 969 1066 997 Nullus
1080 975 1169 997 autem
1188 970 1268 1005 plane
1288 970 1359 998 inter
1387 971 1465 998 aliter
1487 971 1662 1005 profitentes,
1677 980 1760 1007 quam

971 1016 1093 1046 Ecclesia
1115 1016 1213 1048 docet,
1238 1017 1412 1044 conﬁtebitur
1427 1017 1509 1044 Deum
1526 1017 1636 1045 Patrem
1658 1018 1759 1047 Christi

971 1071 1031 1092 esse
1054 1062 1129 1092 illum
1151 1063 1197 1100 qui
1215 1061 1287 1090 Deus
1303 1069 1346 1090 est.
1362 1063 1550 1098 omnipotens;
1566 1066 1596 1095 vn
1613 1068 1642 1091 ut
1670 1072 1719 1091 nec
1743 1072 1760 1093 e

970 1109 1122 1138 Iudaeorum
1146 1113 1222 1138 secta
1245 1108 1380 1143 quispiam
1408 1112 1451 1136 est
1471 1107 1643 1141 professurus
1673 1108 1759 1136 Deum

971 1156 1090 1188 Patrem,
1104 1164 1165 1184 cum
1181 1157 1240 1192 ejus
1254 1155 1354 1185 unum
1367 1153 1533 1188 unigenitum
1549 1161 1604 1181 non
1615 1153 1757 1182 admittat:

971 1202 1017 1230 sed
1046 1209 1098 1230 nec
1127 1210 1294 1238 paganorum
1334 1203 1403 1231 ullus
1454 1200 1639 1233 concesserit,
1674 1207 1760 1228 unum

970 1247 1056 1275 solum
1078 1255 1140 1276 esse
1156 1248 1252 1276 Deum.
1279 1248 1321 1277 Ab
1339 1249 1452 1277 istorum
1472 1245 1596 1277 omnium
1621 1247 1759 1274 erroribus

970 1294 1090 1322 Ecclesia
1120 1300 1150 1321 se
1167 1294 1311 1327 inundans,
1340 1303 1423 1322 unum
1451 1295 1534 1322 Deum
1561 1291 1707 1330 praedicat.
1732 1294 1760 1317 ετ

970 1341 1092 1367 eumdem
1110 1347 1171 1368 esse
1185 1341 1264 1368 docet
1280 1340 1389 1368 Patrem
1410 1346 1437 1368 et
1452 1341 1664 1376 omnipotentem
1681 1349 1688 1369 :
1707 1336 1760 1366 Pe-

971 1390 1039 1413 trem
1053 1385 1162 1420 quidem
1177 1386 1258 1414 unius
1271 1386 1356 1414 solius
1378 1386 1499 1419 Christi;
1519 1387 1639 1414 omnium
1666 1391 1757 1414 autem

971 1430 1111 1458 Dominum
1137 1436 1164 1458 et
1188 1431 1368 1465 conditorem,
1394 1435 1421 1458 et
1447 1431 1542 1459 Deum.
1565 1431 1606 1459 Ad
1632 1431 1756 1458 eumdem

971 1487 1076 1515 quoque
1099 1480 1208 1508 modum
1233 1479 1282 1507 Dei
1309 1479 1408 1507 Filium
1433 1480 1601 1515 unigenitum
1635 1479 1758 1513 agnoscit

970 1533 1043 1558 eum,
1058 1527 1104 1561 qui
1120 1531 1184 1554 ante
1201 1527 1293 1554 omnia
1307 1525 1406 1554 stecula
1420 1526 1454 1553 de
1468 1526 1546 1554 Patre
1562 1526 1612 1554 fuit
1626 1527 1733 1560 genitus
1747 1535 1754 1553 :

971 1579 1023 1598 non
1044 1571 1119 1599 illum
1132 1576 1215 1604 certe,
1235 1571 1359 1599 eumdem
1389 1579 1451 1599 cum
1472 1571 1551 1598 Patre
1570 1571 1757 1604 exsistentem,

972 1621 999 1644 at
1014 1624 1062 1651 per
1076 1625 1105 1645 se
1126 1618 1332 1651 subsistentem,
1355 1618 1543 1651 viventemque
1562 1624 1626 1644 vere
1648 1617 1754 1650 Filium,

971 1668 1033 1688 cum
1047 1661 1127 1688 Patre
1145 1663 1357 1691 coexsistentem
1377 1663 1460 1690 Deum
1483 1663 1516 1690 de
1532 1662 1595 1696 Deo,
1611 1662 1699 1689 lumen
1724 1664 1757 1689 de

972 1707 1070 1735 lumine
1084 1715 1091 1736 t
1109 1709 1192 1735 vitam
1206 1709 1238 1736 de
1252 1709 1306 1737 vita
1320 1718 1327 1742 ;
1347 1709 1578 1737 inenarrabilibus
1589 1728 1596 1740 ,
1613 1708 1758 1735 ineﬂ'abili-

971 1752 1043 1784 bus,
1070 1753 1226 1782 omnimodo
1250 1754 1398 1790 incognitis
1425 1760 1452 1782 et
1479 1754 1756 1790 imperscrutabilibus

971 1798 1121 1826 rationibus
1136 1799 1170 1827 de
1183 1800 1264 1827 Patre
1280 1801 1412 1836 genitum,
1430 1802 1463 1828 ad
1481 1800 1597 1828 salutem
1624 1800 1756 1827 universis

970 1845 1181 1879 procurandam.
1212 1845 1269 1873 Non
1298 1846 1425 1874 similiter
1452 1846 1514 1873 aliis
1538 1846 1754 1875 subsistentem:

971 1897 1020 1917 nec
1033 1890 1115 1917 vitam
1130 1891 1264 1918 viventem
1278 1899 1338 1918 cum
1357 1891 1409 1918 illis
1424 1899 1516 1927 parem
1534 1892 1579 1926 qui
1594 1892 1629 1919 ab
1645 1899 1677 1919 eo
1693 1896 1757 1919 sunt

971 1936 1055 1963 creati
1070 1942 1078 1962 :
1095 1936 1182 1963 solum
1203 1936 1237 1964 de
1264 1937 1322 1964 solo
1348 1937 1429 1965 Patre
1452 1938 1570 1973 genitum
1586 1945 1593 1966 :
1610 1938 1757 1973 ipsammet

970 1981 1053 2009 vitam
1072 1982 1260 2010 exsistentem.
1278 1982 1344 2010 Erat
1369 1983 1441 2010 enim
1467 1983 1523 2011 Deo
1544 1984 1709 2012 conveniens
1729 1988 1758 2011 et

971 2033 1130 2062 congruum,
1151 2028 1198 2062 qui
1220 2034 1301 2062 super
1319 2036 1414 2056 omnes
1432 2033 1485 2061 est,
1511 2029 1557 2064 qui
1577 2033 1640 2056 ante
1666 2030 1757 2057 omnia

971 2072 1072 2107 genita,
1089 2077 1152 2101 ante
1171 2073 1269 2101 stecula
1294 2075 1384 2102 omnia
1400 2075 1565 2108 exsistebat,
1590 2076 1756 2110 unigenitum

971 2119 1023 2146 hoc
1044 2120 1168 2154 genimen
1197 2121 1366 2154 producere‘,
1389 2120 1471 2148 veluti
1493 2121 1637 2156 quamdam
1668 2122 1756 2149 basim

971 2163 1090 2192 futurum
1111 2170 1138 2192 et
1152 2165 1369 2199 fundamentum,
1385 2171 1413 2193 et
1432 2167 1644 2194 sustentaculum
1659 2167 1758 2194 inuno-

971 2211 1023 2238 bile
1039 2218 1132 2238 eorum
1145 2212 1265 2239 omnium
1283 2219 1344 2247 quae
1359 2217 1439 2240 erant
1456 2213 1483 2240 in
1504 2213 1632 2241 secundis
1657 2214 1758 2247 produ-

935 2264 958 2293 ι)
971 2256 1066 2283 cendo.
1086 2256 1160 2284 lianc
1173 2258 1208 2284 ob
1219 2264 1330 2285 causam
1349 2257 1449 2290 Filium
1475 2258 1672 2294 progeneravit,
1695 2262 1757 2285 ante

973 2309 1004 2330 ea
1028 2302 1118 2330 omnia
1141 2310 1201 2338 quae
1222 2303 1394 2338 producenda
1423 2309 1520 2337 erant,
1540 2309 1665 2339 tanquam
1689 2303 1757 2331 lucis

974 2348 1110 2381 cujusdam
1138 2349 1253 2381 radium,
1278 2350 1339 2377 vita:
1364 2350 1476 2382 fontem,
1496 2349 1625 2377 bonorum
1649 2349 1757 2376 thesau-

973 2401 1043 2425 rum,
1056 2403 1065 2419 ε
1076 2393 1103 2420 in
1117 2401 1172 2429 quo
1180 2399 1344 2422 suntomnes
1355 2395 1493 2429 sapientiae
1507 2395 1625 2421 thesauri
1641 2394 1757 2422 abscon-

974 2439 1019 2465 diti
1031 2444 1058 2466 et
1071 2439 1244 2474 cognitionis,
1258 2449 1267 2466 ›
1277 2441 1500 2475 quemadmodum
1514 2440 1619 2467 divinus
1636 2440 1755 2467 docebat

972 2483 1119 2518 Apostolus
1137 2485 1170 2513 “.
1198 2485 1344 2513 Tantorum
1373 2486 1519 2521 taliumque
1538 2486 1681 2519 bonorum,
1710 2487 1754 2520 qui

971 2530 1044 2557 solus
1071 2531 1157 2558 bonus
1189 2531 1269 2558 Pater
1291 2536 1344 2564 est,
1369 2524 1465 2559 Filium
1490 2533 1634 2566 progenuit
1664 2539 1754 2563 suum,

973 2575 1117 2610 ipsammet
1131 2576 1214 2604 vitam
1227 2577 1401 2605 exsistentem
1412 2598 1420 2610 ,
1441 2581 1468 2604 et
1482 2577 1602 2604 omnium
1618 2584 1678 2611 quae
1693 2581 1756 2604 sunt

1008 2714 1063 2749 (26)
1081 2713 1149 2741 Υιὸιν
1161 2713 1408 2749 συνόντανῡεοεῑ,
1421 2713 1459 2748 τῷ
1471 2712 1569 2749 Πατρί.

1008 2747 1064 2785 (27)
1085 2749 1138 2785 ΜΡἶ
1155 2758 1200 2785 γρ.
1221 2748 1313 2785 ,Πατρί
1331 2754 1393 2776 ante
1417 2748 1482 2775 Θεόν
1501 2747 1664 2784 ponendum.
1693 2748 1753 2776 Mox

971 2783 1100 2816 νυΙιζυδιὸ
1111 2783 1140 2809 δέ
1154 2783 1180 2810 ei
1196 2783 1261 2810 αὐτὸ
1275 2783 1342 2817 φῶς,
1358 2788 1411 2810 etc.

995 2819 1063 2853 ,(28)
1081 2819 1134 2845 Καὶ
1154 2819 1277 2852 σοφίαν,
1292 2818 1405 2852 σαφῶς.
1425 2818 1517 2845 Potius
1528 2817 1708 2853 αὑτοσοφιαν,
1723 2823 1753 2853 nt

972 2849 1125 2889 αὐτόλογον.
1148 2849 1232 2889 Sic'et
1248 2860 1312 2881 mss.
1329 2849 1364 2880 cf.
1429 2853 1475 2880 i‘li
1494 2853 1524 2881 Ι).
1545 2853 1602 2881 Mox
1621 2849 1705 2889 vulgo
1718 2849 1753 2879 tiu.

971 2888 999 2915 δέ
1013 2894 1039 2917 et
1055 2888 1256 2923 ἀναγορεύεται.
