2032 3211
137 203 186 230 8H

606 202 650 230 DE
670 203 939 232 ECCLESIASTICA
959 200 1157 233 THEOLOGIA
1175 204 1242 234 ΜΒ.
1261 202 1281 233 1.

1702 209 1755 238 8η

132 260 212 294 πρὸς,
224 258 338 292 ἐκεῖνος
348 258 527 294 ἐξηγήσατο.
541 270 550 286 t
568 259 647 287 ’Λλλὰ
659 261 705 287 καὶ
717 261 797 287 αὑτοῦ
808 261 854 288 τοῦ
866 262 907 288 Σω

972 260 1094 288 eamdem
1114 259 1196 288 veluti
1211 260 1298 296 sigillo
1311 267 1361 289 suo
1373 261 1598 290 communiturus.
1621 263 1755 297 Quocirca

129 307 214 341 τῆρος
230 305 259 330 ἐν
269 306 328 336 ταῖς
342 306 405 341 περὶ
416 305 498 331 αὑτοῦ
511 304 694 336 διδαπαλξαις
703 305 779 332 ταῦτ’
792 306 921 342 ἐπισφρα-

129 350 294 385 γιςομένου,
315 350 350 376 δι’
372 347 409 376 ὦν
431 349 533 384 ἐλεγεψ
553 350 634 376 Οὕτω
655 350 710 384 γὰρ
728 350 887 385 ἠγάπησεν
903 354 919 378 ό

130 396 205 429 Θεὸς
217 395 269 422 τὸν
281 397 405 430 κόσμον,
421 395 498 422 ὥστε
515 396 568 422 τὸν
581 395 649 423 Υἱὸν
661 396 754 424 αὐτοῦ
765 396 818 423 τὸν
826 406 917 431 μονο-

128 441 203 478 γενῆ
222 442 344 474 ἔδωκεν,
360 442 411 468 ἶνα
427 441 486 474 πᾶς
501 443 517 468 ὸ
536 442 688 468 πιστεύων
703 443 746 475 εὶς
756 442 848 470 αὐτὸν
861 444 916 478 ἔχῃ

127 488 205 522 ζωὴν
219 487 348 515 αἰώνιον.
365 487 394 514 ’0
406 488 474 523 μετὰ
483 487 584 520 ταύτας
599 487 648 519 τὰς
660 487 751 522 φωνὰς
762 488 872 524 γενητὸν
886 488 916 520 ἐξ

126 535 176 560 οὐκ
199 534 293 565 ὄντων,
307 533 354 560 καὶ
378 533 480 569 κτίσμα
493 533 547 569 (56)
568 533 739 569 προηγμένον
758 533 791 560 ὲκ
811 533 857 560 τοῦ
877 534 915 570 μὴ

125 579 203 610 ὄντος
221 579 266 606 τὸν
279 579 343 606 Υῐὺν
356 579 522 615 ὁριζόμενος,
538 579 632 614 λέληθε
645 578 762 614 τοῦνομα
779 579 828 614 μὲν
839 579 914 614 αὑτῷ

127 625 208 660 μόνον
224 625 412 660 χαριζόμενος,
420 624 450 651 τὸ
463 624 485 651 δ’
496 624 603 660 ἀληθῶς
614 624 677 651 Υἱὺν
689 623 758 651 εἶναι
777 624 857 660 ἁρνού
862 633 911 660 με-

124 678 180 701 νος.
193 665 232 696 ~'0
253 669 307 705 γὰρ
324 668 353 702 ἐξ
368 670 418 696 οὑκ
435 669 520 696 ὄντων
538 669 666 704 γεγονὼς,
686 669 736 696 οὐκ
758 669 790 696 ειν
805 669 913 705 ἀληθῶς

124 715 224 750 γένοιτ’
235 715 267 743 ἂν
283 716 346 748 Υἱὸς
361 716 408 743 τοῦ
420 715 502 742 Θεοῦ·
519 716 559 742 ὅτι
579 715 646 751 μηδὲ
662 715 724 742 ἄλλο
739 723 765 742 τι
781 715 835 741 τῶν
851 723 912 749 γεν-

124 769 225 796 νητων.

971 313 1032 333 cum
1043 305 1196 340 hujusmodi
1210 305 1394 334 testimonium
1415 307 1465 342 ipsi
1482 308 1668 336 universorum
1683 310 1753 338 Deus

969 350 1144 384 exhibuerit;
1178 359 1295 386 cumque
1323 351 1433 380 disertis
1464 353 1554 381 verbis
1579 353 1752 390 Evangellsta

969 397 1135 432 pronuntiet.
1151 404 1212 424 eum
1230 403 1291 425 esse
1303 397 1401 425 Filium
1420 398 1599 434 unigenitum,
1613 400 1675 428 dunt
1690 409 1753 437 pro-

971 442 1077 469 nuntiat
1094 451 1101 469 :
1119 442 1203 469 Deum
1219 451 1292 470 nemo
1304 443 1369 470 vidit
1382 451 1497 478 unquam
1509 443 1686 481 :Unigenitus
1700 447 1754 474 Fi-

969 488 1020 514 lius
1042 486 1099 523 (aut
1119 488 1190 515 Deus
1206 488 1372 524 unigenitus)
1389 490 1434 524 qui
1454 495 1510 518 erat
1527 491 1555 518 in
1571 492 1632 519 sinu
1648 492 1752 526 Patris.

969 534 1023 569 ipse
1033 534 1167 561 enarravit
1179 533 1212 561 ".
1229 533 1324 561 Adhuc
1338 542 1399 562 cum
1416 534 1547 562 Servator
1561 536 1670 572 insuper
1682 538 1750 573 ipse,

967 580 1039 607 inter
1065 579 1227 611 docendum,
1258 579 1310 607 ltoc
1335 581 1464 616 assignat,
1488 581 1532 609 ubi
1551 581 1586 609 ita
1608 582 1750 617 laquitur:

965 624 1009 652 lla
1019 624 1089 652 Deus
1101 625 1193 652 dilexit
1207 627 1335 653 mundum
1347 645 1355 659 ,
1378 632 1405 653 ut
1420 626 1520 654 Filium
1533 628 1615 662 ipsius
1632 629 1752 664 unigeni-

965 675 1020 697 tum
1037 671 1157 704 dederit,
1171 675 1199 698 ut
1215 671 1300 699 omnia
1321 671 1403 705 quiin
1420 680 1480 700 eum
1496 674 1650 706 crediderit,
1671 675 1750 702 vitam

964 715 1096 748 possideat
1112 721 1236 744 wiernam
1259 716 1293 743 “.
1316 717 1445 752 Quisquis
1469 718 1550 753 Igitur
1567 721 1597 750 ›Ι‹
1611 723 1671 754 post
1692 719 1750 747 inec

965 762 1119 790 testimonia
1138 763 1307 798 progenitum
1322 763 1396 790 illum
1413 764 1446 791 de
1459 771 1512 792 non
1524 765 1649 798 entibus,
1672 769 1699 793 et
1716 773 1751 794 ex

123 814 180 835 non
195 811 258 834 ente
287 805 447 841 productam
479 806 654 834 aﬂirmaverit
674 811 837 838 creaturam,
859 806 941 835 istum
961 808 1078 842 Filium;
1116 817 1213 837 nomen
1241 811 1265 838 ei
1299 811 1404 845 nudum
1438 811 1624 839 tantummodo
1656 811 1748 847 largiri

125 851 346 887 deprehenditur,
371 859 464 880 revera
492 858 581 880 autem
597 852 695 879 Filium
721 859 791 885 esse,
811 860 970 889 pernegare.
987 855 1054 882 Nam
1077 855 1122 891 qui
1153 855 1186 882 de
1216 863 1268 883 non
1303 856 1496 884 exsistentibus
1514 861 1660 892 generatus
1687 863 1750 891 est,

123 901 150 931 is
164 906 240 930 certe
251 901 298 929 Dei
312 900 398 929 Filius
417 908 478 943 esse
496 908 591 929 revera
613 900 706 936 nequit
722 909 730 942 ξ
746 908 799 929 non
821 902 908 936 magis
927 910 1008 938 quam
1027 903 1135 938 quidvis
1147 904 1220 932 aliud
1237 908 1370 931 creatum.

461 948 540 975 ΚΕΦ.
555 948 583 974 I’.

123 993 185 1020 Ὀτι
197 993 290 1028 μόνος
306 993 340 1020 ἐκ
355 993 409 1021 τοῦ
424 993 539 1028 Πατρὸς
553 994 707 1029 γεννηθεὶς
724 995 845 1028 εἰκότως
862 996 912 1023 καὶ

159 1029 233 1062 Θεὸς
256 1029 303 1056 καὶ
325 1029 493 1064 μονογενὴς
522 1030 586 1062 Υἱὸς
606 1031 699 1065 μόνος
720 1031 811 1064 αὐτὸς
826 1031 913 1058 ἀνει-

197 1072 253 1090 ται.

197 1072 253 1090 ται.

152 1072 215 1144 ἵξἹ)
233 1109 262 1136 ’0
276 1109 298 1136 δ’
311 1109 419 1144 ἀληθῶς
435 1109 498 1141 Υἱὸς
511 1109 558 1136 τοῦ
574 1110 641 1136 Θεοῦ
660 1109 690 1142 ἐξ
710 1110 791 1138 αὑτοῦ
813 1111 862 1138 ac:
880 1110 911 1146 δὴ

119 1155 154 1185 ἐκ
165 1155 269 1191 Πατρὺς
283 1155 451 1190 ἀποτεχθεὶς,
464 1155 575 1187 εἰκότως
587 1156 633 1183 καὶ
641 1157 791 1192 Ἀγαπητὺς
806 1157 852 1184 καὶ
860 1157 913 1184 Μαι

119 1203 232 1236 νογενὴς
258 1201 452 1237 χρηματίζειεν
466 1202 499 1229 ἂν
514 1201 562 1229 τοῦ
585 1202 705 1238 Πατρός’
725 1202 796 1229 οὕτω
815 1203 843 1230 δὲ
865 1203 912 1229 καὶ

118 1247 186 1279 Θεὸς
201 1247 232 1275 ἂν
244 1248 286 1284 εἴη
302 1247 368 1284 (58).
383 1247 416 1273 Τί
429 1247 484 1284 γὰρ
500 1247 533 1274 ἂν
546 1247 651 1282 γένοιτο
664 1248 731 1275 Θεοῦ
742 1248 865 1284 γέννημα
872 1248 911 1284 τῷ

118 1294 295 1329 γεγεννηκότι
311 1294 547 1329 ἀφωμοιωμένονς
572 1294 666 1327 Κτίζει
687 1294 737 1330 μὲν
757 1292 805 1322 οὖν
833 1295 910 1330 βασι-

117 1337 180 1370 λεὺς
191 1339 279 1370 πόλιν,
292 1338 350 1365 ἀλλ’
362 1338 392 1364 οὐ
407 1338 489 1374 γεννᾷ
501 1338 579 1365 πόλιν
591 1347 597 1353 ·
615 1339 712 1374 γεννᾷν
725 1338 754 1366 δὲ
769 1339 837 1372 υἱὸν,
853 1338 909 1366 ἀλλ’

117 1384 149 1411 οὑ
163 1385 264 1417 κτίζειν
280 1384 389 1418 λέγεται
400 1392 407 1399 ο
425 1384 472 1410 καὶ
485 1385 499 1410 ὁ
515 1383 679 1420 δημιουργὸς
693 1384 830 1420 τεχνίτης,
850 1384 909 1411 ἀλλ’

117 1431 180 1466 οὐχὶ
193 1430 284 1466 πατὴρ
302 1429 399 1464 γένοιτ’
421 1429 454 1457 ἂν
469 1429 517 1456 τοῦ
540 1430 608 1466 πρὸς
629 1431 708 1458 αὑτὸν
731 1431 909 1466 δημιουργου-

120 1476 220 1512 μένοψ
239 1476 286 1503 τοῦ
302 1476 324 1503 δ’
339 1476 368 1509 ἐξ
380 1475 463 1503 αὑτοῦ
475 1475 573 1509 φύντος
589 1475 648 1502 υίοῦ
659 1477 714 1511 ,οὐκ
728 1476 762 1503 ἂν
778 1476 908 1512 δημιουρ-

116 1523 168 1558 γὸς
189 1523 308 1558 λεχθείη.
325 1523 378 1550 Καὶ
394 1522 426 1558 δὴ
449 1523 496 1549 καὶ
511 1522 526 1549 ὁ
549 1522 603 1549 τῶν
617 1522 685 1550 ὅλων
699 1522 765 1555 θεὸς
788 1523 835 1549 τοῦ
861 1523 909 1558 μὲν

117 1569 186 1597 Υίοῠ
201 1569 305 1606 Πατὴρ,
320 1569 365 1596 τοῦ
385 1569 414 1595 δὲ
437 1569 539 1604 κόσμου
553 1568 663 1604 κτίστης
684 1568 718 1595 ἂν
734 1568 844 1600 εἰκότως
862 1569 909 1594 καὶ

1284 952 1360 980 CAP.
1384 951 1417 979 X.

965 997 1041 1030 Quod
1060 1006 1118 1025 cum
1132 997 1203 1026 solue
1215 999 1249 1025 ait
1258 998 1290 1025 de
1303 997 1385 1025 Patre
1400 999 1562 1034 progenitus,
1574 999 1666 1027 merito
1676 1000 1748 1028 salus

997 1044 1094 1071 dicitur
1109 1044 1162 1078 ipae
1174 1049 1198 1071 et
1210 1043 1290 1077 Deus,
1304 1050 1327 1071 et
1342 1043 1511 1080 Unigeuitua,
1523 1050 1601 1080 atque
1617 1044 1727 1072 Filius.’

999 1112 1049 1147 Qui
1069 1113 1216 1141 secundum
1236 1113 1380 1141 veritatem
1399 1113 1446 1140 Dei
1464 1113 1550 1141 Filius
1570 1118 1628 1146 est,
1649 1112 1684 1141 de
1699 1113 1745 1141 illo

963 1159 1015 1187 ltoc
1027 1163 1080 1192 est,
1095 1159 1128 1187 de
1143 1159 1222 1186 Patre
1236 1159 1355 1194 genitus,
1369 1159 1431 1194 quid
1443 1159 1541 1186 mirunt
1554 1159 1577 1187 si
1588 1164 1616 1186 et
1624 1158 1747 1187 Dilectus

963 1206 1064 1238 audiat,
1086 1210 1114 1233 et
1127 1204 1214 1232 Patris
1241 1205 1282 1232 sui
1301 1203 1471 1241 Unigenitus.
1492 1205 1528 1232 ob
1556 1211 1636 1240 quam
1659 1205 1747 1240 ipsam

961 1259 1071 1279 causam
1089 1256 1116 1279 et
1129 1251 1201 1279 Deus
1226 1250 1326 1278 fuerit?
1339 1250 1376 1278 De
1387 1249 1441 1278 Deo
1450 1250 1581 1286 siquidem
1593 1251 1657 1286 quid
1672 1252 1747 1279 aliud

961 1297 1033 1332 gigni
1046 1296 1140 1332 possit,
1155 1304 1235 1331 quam
1253 1296 1326 1331 quod
1339 1295 1388 1331 ipsi
1405 1303 1453 1331 per
1469 1296 1560 1324 omnia
1580 1297 1618 1324 sit
1638 1296 1747 1325 similli-

961 1343 1053 1370 mum?
1075 1342 1174 1370 Condit
1192 1342 1317 1377 equidem
1337 1341 1474 1369 civitatem
1495 1349 1555 1374 rex,
1582 1348 1635 1369 non
1656 1346 1745 1369 autent

961 1387 1045 1423 gignit
1063 1387 1215 1421 civitatem;
1231 1388 1342 1424 gignere
1358 1394 1422 1415 vero
1438 1386 1520 1414 lilium
1531 1407 1539 1419 ,
1555 1394 1607 1414 non
1626 1387 1747 1415 condere

960 1434 1060 1462 dicitur
1083 1442 1091 1462 :
1122 1433 1220 1461 artifex
1245 1433 1328 1461 etiam
1357 1437 1542 1464 constructor,
1574 1438 1745 1467 nequaquam

961 1487 1028 1508 vero
1046 1484 1123 1515 pater
1138 1479 1197 1514 ejus
1217 1479 1272 1507 dici
1298 1479 1391 1512 debet,
1415 1478 1486 1513 quod
1503 1479 1657 1506 construxit
1673 1486 1681 1505 :
1699 1478 1746 1513 qui

960 1525 1008 1552 ﬁlii
1025 1525 1098 1552 dese
1110 1524 1278 1560 progenerati
1299 1524 1424 1551 conditor
1445 1531 1499 1550 non
1520 1522 1682 1558 appellatur.
1704 1523 1746 1550 Ad

960 1571 1086 1599 eumdetn
1100 1571 1210 1598 modunt
1223 1570 1411 1598 universorum
1425 1569 1506 1602 Deus,
1514 1569 1575 1597 Filii
1591 1569 1632 1597 sui
1651 1568 1744 1602 Pater,

115 1616 234 1652 ποιητὴς
248 1615 359 1650 λέγοιτο.
373 1615 405 1641 Εί
419 1614 441 1642 δ’
454 1614 528 1647 ἅπαξ
541 1622 592 1640 που
604 1615 651 1650 τῆς
663 1614 773 1650 Γραφῆς
786 1614 907 1650 εὑρίσκει

961 1616 1052 1643 mundi
1068 1615 1193 1643 conditor
1210 1615 1311 1650 optimo
1322 1614 1383 1649 jure
1397 1619 1424 1642 et
1436 1618 1608 1642 constructor
1623 1614 1745 1649 appella-

114 1670 158 1692 τις
169 1660 323 1696 εἰρημένον,
335 1660 442 1694 Κύριος
458 1659 560 1686 ἔκτισέ
569 1668 607 1695 με
616 1659 715 1694 ἀρχὴν
723 1659 800 1686 ὁδῶν
813 1659 906 1686 αὑτοῦ

958 1665 1012 1688 tur.
1025 1661 1102 1694 Quod
1112 1661 1134 1688 si
1143 1659 1225 1688 semel
1238 1667 1286 1695 per
1297 1659 1448 1693 Scriptura;
1458 1659 1611 1686 inveniatur
1623 1659 1742 1687 dictum:

115 1708 159 1740 εις
179 1706 250 1740 ἔργα
268 1706 362 1733 αὑτοῦ
374 1725 382 1737 ,
402 1704 448 1731 τὸν
464 1704 526 1731 νοῦν
544 1706 703 1732 ἐπισκοπεῖν
720 1704 771 1740 χρὴ
790 1704 837 1731 τοῦ
861 1704 906 1731 λό-

115 1760 175 1785 γου,
193 1752 222 1778 ὃν
250 1752 348 1787 μικρὸν
362 1751 474 1788 ὕστερον
489 1751 654 1787 ὲκθήσομαι⁸
682 1750 750 1785 ἀλλά
770 1751 819 1786 μὴ,
836 1750 906 1777 κατὰ

115 1797 285 1834 Μάρκελλον,
300 1798 332 1825 ὲκ
351 1798 414 1833 μιᾶς
429 1798 528 1830 λέξεως
547 1797 578 1823 τὸ
594 1797 760 1833 κυριώτατον
774 1797 823 1832 τῆς
844 1797 905 1823 Ἐκ-

116 1844 230 1879 κλησίας
246 1844 446 1880 παρασαλεύειν
470 1844 566 1878 δόγμα.
585 1844 719 1875 Κάκεῖνος
742 1843 807 1879 γὰρ,
833 1842 905 1877 ἅπαξ

115 1890 235 1921 ἀκούσας
254 1891 338 1924 Λόγον
355 1889 424 1917 εἶναι
438 1890 483 1917 τὸν
495 1890 568 1922 Υίον,
582 1888 629 1915 ἐπὶ
640 1888 687 1915 τὸν
698 1887 840 1923 ἄνθρωπον
856 1896 906 1914 xa—

114 1935 252 1967 ταπεσὼν,
267 1935 316 1971 τὴν
331 1934 446 1970 ὓπαρξιν
458 1934 547 1969 haec“
560 1933 654 1960 αὑτοῦ.
671 1933 717 1960 ⁸ον
731 1933 763 1969 δὴ
778 1933 826 1960 καὶ
837 1932 906 1969 πρὸς

115 1981 197 2009 αὑτοῦ
208 1981 255 2008 καὶ
267 1981 335 2016 πρὸς
347 1980 393 2008 τοῦ
401 1979 507 2016 [ἰατρὸς
517 1978 738 2015 μαρτυρούμενον
749 1977 818 2005 εἶναι
830 1978 903 2011 Υἱὸν,

116 2027 175 2058 πῶς
190 2028 248 2058 τοῖς
266 2027 370 2058 λοιποῖς
383 2026 521 2062 γεννητοῖς
537 2024 720 2060 παραϐάλλειν
733 2024 823 2058 ὃσιον;
841 2023 904 2055 Πῶς

115 2076 137 2103 δ’
152 2075 227 2102 ἔσται
245 2075 410 2111 Μονογενὴς,
424 2074 463 2110 τῷ
476 2073 573 2110 πλήθει
588 2073 643 2100 τῶν
658 2073 806 2108 γεγονότων
822 2080 903 2099 συνα-

116 2122 314 2158 ριθμούμενος;
331 2121 385 2148 Καὶ
401 2120 453 2156 μὴν
470 2119 500 2152 se
519 2119 604 2154 αὐτῆς
620 2120 670 2154 τῆς
685 2119 869 2155 προσηγορίας
890 2119 904 2145 ὁ

116 2168 174 2200 υἱὸς
187 2168 236 2203 τὴν
250 2168 318 2203 πρὸς
338 2167 385 2194 τὸν
401 2166 506 2202 πατέρα
526 2165 642 2201 φυσικὴν
660 2165 752 2200 σχέσιν
769 2165 904 2200 παρίστη-

116 2221 159 2240 σιν
168 2221 175 2227 ·
189 2212 227 2244 ὡς
244 2210 278 2238 αὖ
291 2212 371 2239 πάλιν
383 2211 414 2238 τὺ
432 2210 572 2246 μονογενὲς
591 2210 675 2245 ὄνομα
689 2209 735 2236 καὶ
749 2209 796 2236 τοῦ
810 2210 904 2244 γένους

115 2258 278 2293 ἐφάπτεται,
293 2257 340 2284 καὶ
354 2258 403 2292 τῆς
419 2258 570 2292 γεννήσεως
583 2256 677 2290 αὐτῆς,
698 2255 745 2282 καὶ
763 2254 810 2282 τοῦ
825 2255 903 2291 μόνον

956 1707 1086 1735 Dominus
1111 1706 1228 1734 condidit
1252 1713 1292 1732 me
1313 1705 1470 1740 principium
1491 1705 1593 1732 viarum
1610 1705 1685 1740 ejus,
1707 1705 1743 1732 ad

955 1761 1034 1788 Opera
1052 1755 1110 1788 ejus
1126 1753 1160 1787 ⁸⁸,
1172 1752 1279 1788 penitus
1299 1751 1463 1779 Sententiam
1479 1750 1539 1786 ejus
1562 1750 1637 1783 dicti,
1660 1758 1742 1786 quam

955 1798 1034 1835 paulo
1050 1803 1111 1834 post
1124 1797 1299 1833 expositurus
1315 1804 1386 1829 sum,
1399 1796 1529 1824 debemus
1539 1796 1716 1832 introspicere
1732 1806 1740 1824 :

955 1852 1005 1872 nec
1028 1844 1099 1879 quod
1124 1843 1252 1871 Marcello
1281 1846 1439 1877 usurpatuttt
1465 1841 1527 1874 fuit,
1554 1847 1664 1878 propter
1689 1843 1742 1870 hoc

955 1889 1065 1917 unicum
1091 1888 1295 1920 testimoniunt,
1321 1886 1536 1915 ecclesiasticum
1572 1887 1740 1922 prmeipuuttt

954 1933 1050 1970 dogma
1061 1934 1233 1962 labefactare.
1243 1933 1290 1960 Ille
1297 1933 1368 1960 enim
1378 1940 1439 1960 cum
1450 1933 1598 1961 audivisset
1609 1933 1648 1961 vel
1656 1934 1741 1962 semet

955 1980 1071 2014 positum
1093 1978 1190 2006 Filium
1220 1978 1339 2006 Verbum
1365 1977 1515 2010 nominari,
1543 1978 1577 2005 ad
1605 1977 1740 2006 humanae

955 2025 1074 2053 rationes
1088 2023 1230 2058 delapsus,
1253 2022 1336 2057 ipsius
1353 2022 1433 2057 plane
1458 2021 1568 2050 sustulit
1588 2021 1740 2050 subsistens

955 2070 1029 2098 tiam.
1046 2069 1112 2098 Cum
1127 2070 1173 2104 qui
1191 2076 1239 2104 per
1252 2068 1383 2103 seipsunt,
1397 2072 1424 2095 et
1436 2075 1484 2102 per
1501 2067 1590 2095 Patris
1604 2067 1739 2103 prolatum

955 2115 1150 2147 testimonium,
1168 2114 1254 2142 Filius
1267 2117 1452 2148 usurparetur,
1468 2113 1520 2140 nisi
1536 2120 1669 2141 summam
1691 2121 1740 2149 per

954 2162 1119 2196 impietatem
1144 2168 1206 2188 cum
1236 2159 1341 2188 caeteris
1369 2159 1502 2187 creaturis
1532 2167 1583 2188 nec
1612 2161 1740 2195 componi

954 2207 1051 2236 debeat
1065 2214 1153 2241 neque
1161 2205 1323 2240 comparari.
1338 2205 1404 2232 Nam
1419 2212 1473 2240 quo
1485 2210 1563 2240 pacto
1578 2205 1739 2240 Uttigenitus

955 2251 1081 2287 appellari
1095 2255 1194 2287 queat,
1214 2250 1261 2285 qui
1278 2258 1340 2278 cum
1356 2249 1529 2278 multitudine
1542 2254 1739 2277 annumeratur

115 2303 195 2336 εἶναι,
215 2304 263 2330 καὶ
278 2304 425 2339 μηδέτερον
442 2302 516 2338 αὐτῷ
538 2302 588 2338 τῆς
609 2301 731 2336 νεότητος
752 2301 900 2330 κοινωνεῖν.

958 2297 1159 2325 creaturarum?
1169 2297 1234 2324 Cum
1244 2296 1285 2323 vel
1296 2296 1330 2323 de
1340 2296 1457 2323 nominis
1468 2295 1553 2322 solius
1565 2295 1739 2329 usurpatione

120 2347 190 2376 ‘AD.’
204 2349 308 2375 ἐοίκασι
319 2346 413 2375 ταύτὸν
423 2347 574 2383 Μαρκέλλῳ
590 2345 674 2378 πάθος
684 2345 843 2373 πεπονθέναι
855 2345 902 2373 καὶ

113 2393 197 2423 οὗτοι.
220 2396 248 2422 '0
265 2395 314 2431 μὲν
329 2394 384 2430 γὰρ
394 2394 448 2421 δέει
462 2394 509 2420 τοῦ
528 2393 565 2429 μὴ
580 2392 627 2419 δύο
641 2392 723 2424 Θεοὺς
738 2392 834 2424 εἰπεῖν,
852 2391 902 2427 τὴν

113 2441 227 2477 ἄρνησιν
237 2441 284 2467 τοῦ
296 2441 360 2467 Υἱοῦ
373 2439 566 2476 προύϐάλλετο,
579 2439 628 2474 τὴν
641 2438 787 2465 ὑπόστασιν
798 2437 901 2465 ἀθετῶν

114 2487 197 2515 αὑτοῦ
207 2495 214 2503 ⁸
229 2489 253 2514 οἱ
265 2487 358 2520 δὲ,δύο
373 2486 463 2518 δόντες
473 2485 646 2516 ὑποστάσεις,
658 2484 708 2519 τὴν
725 2484 773 2518 μὲν
788 2484 902 2518 ἀγέννη-

107 2541 170 2564 τον,
184 2531 235 2567 τὴν
257 2531 279 2558 δ’
294 2531 323 2564 ἐξ
338 2530 387 2558 οὑκ
403 2530 487 2557 ὄντων
508 2529 674 2560 κτισθεῖσαν,
695 2528 742 2554 ἕνα
767 2527 816 2563 μὲν
834 2527 900 2554 Θεὸν

108 2578 283 2612 ὑφίστανται.
302 2577 330 2603 Ὀ
346 2577 374 2603 δὲ
394 2576 454 2607 rw;
466 2576 516 2602 οὑκ
532 2575 569 2601 ἔτ’
584 2574 684 2605 αὐτοῖς,
700 2573 761 2600 οὐδὲ
777 2573 897 2607 Μονογε-

955 2343 1026 2371 ﬁlius
1044 2342 1194 2370 naturalem
1219 2341 1363 2377 quamdam
1385 2341 1507 2368 obtineat
1530 2341 1565 2368 ad
1586 2340 1737 2376 genitorem

954 2396 1032 2416 suum
1050 2387 1218 2420 relationem,
1234 2393 1350 2422 cutnque
1362 2393 1460 2413 nomen
1479 2385 1554 2417 illud,
1571 2385 1736 2420 unigenitus,

955 2433 989 2461 ad
1003 2441 1086 2468 genus
1102 2433 1254 2468 pertingat,
1279 2437 1307 2460 et
1329 2431 1529 2467 generationem
1542 2450 1550 2463 ,
1569 2431 1656 2458 solum
1675 2438 1738 2458 eunt

953 2479 1055 2507 ittdicct
1067 2485 1092 2506 et
1102 2478 1253 2506 solitarium
1271 2487 1278 2505 :
1293 2484 1344 2505 nec
1360 2478 1387 2504 in
1401 2477 1531 2504 ﬁliatione
1542 2483 1602 2509 sua,
1617 2483 1737 2511 quocun-

953 2533 1005 2560 que
1026 2532 1086 2552 cunt
1111 2525 1164 2552 alio
1189 2523 1404 2559 participantettt.
1421 2522 1496 2554 ryAt
1519 2522 1592 2550 enim
1610 2522 1737 2550 videntur

952 2570 1031 2598 iidem
1045 2571 1089 2598 isti
1106 2578 1166 2598 cuttt
1178 2569 1302 2597 Marcello
1323 2569 1418 2597 eodem
1434 2568 1514 2603 plane
1527 2568 1607 2596 modo
1630 2566 1732 2596 allecti.

153 2662 182 2691 »ῃ
198 2658 246 2685 Ed.
261 2657 358 2689 Puris.,
376 2664 454 2692 pagg.
467 2655 512 2690 68,
525 2656 568 2683 69.
608 2655 631 2670 ⁵³
644 2653 721 2682 Joan.
737 2661 757 2686 ι,
772 2653 815 2680 18.
851 2653 875 2669 ⁸⁸
887 2653 907 2680 .1‹

958 2672 964 2679 .
982 2659 1023 2683 ttt,
1042 2649 1083 2677 i6.
1121 2650 1144 2665 ⁵⁵
1160 2649 1239 2675 Prov,
1253 2654 1312 2680 vttt,
1330 2646 1376 2673 22.

144 2756 201 2790 (56)
217 2755 416 2796 ῌροηῃιέγον.
431 2753 523 2783 Recte.
537 2754 613 2796 'male
626 2751 758 2796 autemlin
771 2741 895 2796 Docrate,

112 2787 327 2828 προηγούμενον,
345 2790 416 2818 forte
440 2789 650 2824 προαγόμενονε
676 2787 721 2814 sed
751 2787 820 2813 hanc
847 2794 895 2813 no-

111 2833 197 2855 stram
209 2826 349 2852 lectionem
364 2824 610 2853 ttt:tlittt.M.—l)ein
619 2823 696 2857 vulgo
712 2822 815 2857 γένοιτο
822 2821 893 2857 Δυἱός.

149 2861 205 2896 (37)
226 2861 258 2888 '0
269 2859 434 2896 δ’νάληθῶς.
461 2860 587 2896 socrates
607 2855 751 2896 ΔΙοίςνίῖ,ό’ὂ’
780 2855 892 2896 ἀλύτῳς,

111 2891 156 2924 scd
173 2891 263 2922 minus
280 2891 387 2922 sincera
409 2891 452 2922 est
467 2895 537 2922 illius
552 2894 631 2921 lectio
643 2891 726 2927 quam
741 2896 840 2920 nostra.
857 2891 892 2919 M.

111 2948 143 2953 -
166 2931 233 2959 Dein
248 2931 325 2965 vulgo
343 2930 390 2956 ἆτε
406 2929 444 2955 δέ.

277 2977 412 3006 Parnm"
428 2975 486 3006 Gtt.
503 2975 605 3005 XXIV

983 2752 1039 2787 (58)
1056 2751 1087 2779 Τί
1093 2751 1148 2786 γὰρ
1163 2750 1200 2778 ἂν
1215 2751 1340 2787 γένοιτο.
1356 2750 1435 2776 Deest
1457 2756 1507 2787 vox
1532 2747 1635 2781 γένοιτο
1664 2745 1734 2787 apud

948 2783 1086 2814 Socratem
1097 2783 1181 2819 'tnEtle,
1197 2783 1243 2819 qui
1256 2790 1283 2812 et
1296 2788 1415 2812 nostram
1432 2783 1733 2819 scriptittratnicorrigtt,

946 2822 1052 2856 legend.
1072 2822 1152 2853 enim,
1165 2821 1181 2856 ἢ
1196 2818 1237 2852 τὸ,
1249 2819 1289 2856 τῷ
1299 2818 1483 2856 γεγεννηκότι.
1499 2818 1643 2856 M_._-—-lllox
1656 2820 1734 2856 vitii};

946 2852 1011 2898 δημ.
1028 2856 1162 2898 τεχνίτηςλ
1169 2852 1196 2883 et
1210 2852 1287 2897 εκκλ.
1305 2852 1505 2891 ’τταρασκεύειν
1520 2853 1608 2888 δόγμα
1624 2857 1652 2881 et
1667 2852 1734 2879 avos

945 2890 993 2918 καί
1009 2897 1036 2920 et
1053 2890 1312 2926 σύναριθμούμενον.

1533 2968 1571 2997 ‘27
