2032 3211
241 205 294 235 847

241 262 353 298 quidem
373 258 407 287 ad
429 257 578 286 humanum
605 253 734 289 operandi
764 253 875 279 modum
901 252 1023 284 spectat,
1038 249 1062 279 Α

243 295 370 337 nimirum
381 326 389 339 .
414 305 449 333 de
472 302 566 332 nullibi
577 302 726 330 exsistente
739 299 868 330 materia,
882 295 1024 324 essentiam

245 361 334 382 rerum
351 356 532 380 constructam
557 349 623 376 dare
641 355 648 373 :
664 347 713 382 ipsi
733 350 823 372 tamen
841 341 1025 371 universitatis

243 399 378 428 conditori
393 397 520 434 possibile
532 395 579 422 fuit
589 394 678 429 plane,
691 398 717 420 et
729 392 830 419 factum
843 396 894 417 est.
911 389 1025 422 Captum

245 448 296 475 hoc
322 447 467 473 humanum
493 440 658 468 transcendit
679 445 813 473 prorsus:
835 442 922 470 neque
948 434 1026 468 hujus

245 495 284 522 rei
302 494 370 521 ratio
385 488 577 525 comprehendi
600 492 726 514 sermone
746 488 793 512 aut
807 481 961 511 annuntiari
979 488 1026 515 po-

245 545 307 568 test.
332 538 372 566 Ad
392 536 515 564 eumdem
541 533 666 564 modum,
679 536 706 560 et
722 531 807 558 multo
817 528 924 564 quidem
942 526 1027 560 magis

245 584 374 620 unigeniti
392 582 449 616 ejus
470 580 530 608 Filii
545 578 693 615 generatio,
706 573 985 611 incomprehensibilis
1000 577 1028 599 et

246 617 452 663 investigabilis,
468 634 520 654 non
539 625 615 653 nobis
625 622 804 654 solummodo,
821 621 867 648 sed
877 624 905 646 et
921 617 1028 645 virtuti-

246 678 294 704 bus
321 676 354 703 iis
370 674 461 705 fuerit,
477 680 539 708 qua:
551 678 600 698 nos
623 670 702 704 longo
720 671 850 702 superant
873 665 1025 693 intervallo.

245 721 385 756 Siquidem
397 719 442 746 illa
462 726 521 753 qua:
541 724 589 751 per
602 720 726 742 naturam
740 720 816 740 suam
830 712 941 739 inferius
964 711 1028 738 sub-

244 768 355 798 sidunt,
369 770 398 793 et
410 765 444 793 ab
459 764 508 798 illa,
524 762 614 790 divina
632 759 810 788 inenarrabili
826 758 945 785 essentia
967 760 1029 784 sunt

245 812 400 847 longissimo
411 815 438 837 et
460 808 580 837 inferiori
599 811 686 834 tractu
702 809 816 837 semota,
829 802 963 838 quomodo
979 809 1028 836 po-

247 859 327 886 terint
351 856 506 892 cognitione
531 862 579 882 sua
605 853 638 879 ad
664 851 791 878 sublimia
817 850 883 877 etin
897 848 1029 876 altissimo

247 904 344 939 posita,
367 901 510 938 aspirare?
532 900 582 933 Qui
609 898 708 934 poterit
727 897 796 928 lieri,
818 901 846 922 ut
860 895 950 922 animo
968 894 1028 928 quis

247 928 344 939 r"""v
370 928 410 938 ηπ
446 928 449 929 ν
537 928 554 933 ν-
610 928 615 934 .

246 958 276 979 ea
292 954 451 984 assequatur
476 948 545 983 (qua:
569 946 632 973 olim
658 940 768 972 omnino
796 950 848 969 non
873 940 1026 971 exstabant,

1083 939 1138 963 atv;
1151 930 1210 961 πῶς
1227 929 1321 963 ἐγέννα

1149 976 1180 984 wn
1223 975 1245 984 ιιι
1260 983 1263 984 ν
1282 973 1302 984 γλ

246 998 293 1025 sed
317 997 349 1024 de
374 1004 426 1023 non
443 1002 519 1025 esse,
535 992 567 1019 ad
592 991 740 1018 subsistere
763 996 859 1019 suum,
882 994 930 1022 per
944 986 1027 1013 Deum

246 1047 309 1071 sunt
329 1042 459 1078 producta
476 1038 590 1074 originis
606 1041 743 1063 auctorem
758 1054 765 1067 ,
780 1039 947 1067 causamque
963 1031 1029 1064 ipsis

246 1087 395 1117 exsistendi
415 1085 603 1116 exsistenlem)
616 1087 678 1109 ante
689 1089 764 1109 suam
780 1081 899 1115 ipsorum
914 1078 1028 1113 primam

247 1131 477 1171 productionem?
497 1131 550 1157 Aut
571 1136 621 1156 nos
637 1127 695 1155 heri
719 1132 799 1160 atque
816 1125 916 1152 nudius
935 1123 1030 1150 tertius

247 1182 342 1216 pellem
364 1179 450 1206 induti
467 1182 547 1212 atque
562 1183 672 1203 carnem
688 1182 694 1200 ε
714 1173 820 1200 ossibus
840 1176 922 1206 atque
936 1168 1028 1197 nervis

247 1224 453 1262 compaginati:
474 1223 520 1258 qui
547 1229 596 1249 nec
618 1221 662 1247 illa
687 1219 795 1254 quidem
824 1218 947 1245 novimus
971 1223 1031 1250 qua:

245 1274 322 1309 juxta
339 1279 389 1299 nos
403 1270 555 1298 consistunt
568 1288 576 1300 ,
597 1267 733 1302 quomodo
759 1265 818 1292 sine
834 1262 953 1298 periculo
973 1262 1030 1289 dis-

247 1318 421 1354 quisitionem
448 1316 481 1343 de
507 1313 688 1342 ineﬂ‘abilibus
705 1311 877 1338 instituemus
888 1310 901 1336 Ἰ
917 1308 1032 1343 qualiter

250 1368 281 1397 ιι(
300 1364 397 1391 Filium
412 1369 489 1390 suum
508 1359 653 1395 progenuit
669 1357 761 1390 Pater,
777 1361 929 1389 satagentes
947 1364 953 1382 :
970 1361 1031 1381 cum

249 1412 391 1438 innumera
409 1407 462 1435 sint
476 1406 531 1438 illa,
544 1412 603 1440 qua:
618 1411 678 1431 cum
704 1403 736 1429 ad
764 1402 846 1437 pedes
868 1401 948 1427 etiam
969 1407 1032 1426 nos-

249 1461 307 1484 tros
322 1454 524 1491 provolvantur,
546 1451 622 1479 nobis
638 1455 728 1478 tamen
749 1449 857 1484 penitus
876 1451 940 1473 sunt
955 1446 1032 1472 inco~

250 1502 335 1538 snitu.
349 1499 479 1534 Exemplo
499 1505 555 1525 rem
577 1496 656 1523 istam
674 1493 825 1537 illustrabo.
842 1492 940 1526 Ecquis
959 1491 1031 1518 enim

250 1548 316 1575 Inibi
333 1546 460 1581 expedire
476 1543 587 1580 poterit,
604 1541 693 1569 anima
706 1531 811 1574 corpori
824 1538 959 1573 quomodo
967 1544 1033 1565 con-

250 1592 414 1622 catenatur?
432 1591 549 1626 qualiter
572 1588 634 1616 inde
653 1587 756 1614 exeat?
773 1584 890 1619 qualiter
909 1583 1029 1618 ingressa

250 1641 300 1668 fuit
316 1640 350 1666 ab
376 1638 475 1665 initio?
491 1644 550 1671 qua:
566 1635 651 1670 ipsius
671 1631 798 1667 species?
822 1629 910 1665 qualis
936 1630 1033 1664 ligura,

250 1687 348 1718 forma,
360 1685 476 1716 habitus,
493 1682 611 1710 essentia
625 1681 636 1707 ?
651 1678 772 1706 Nondum
787 1685 835 1712 per
850 1675 1033 1703 curiositatem

211 1718 337 1776 {meam
353 1731 435 1758 ullam
456 1735 579 1756 naturam
591 1733 641 1761 ego
653 1726 802 1752 daunonuin
814 1722 939 1757 indagavi
954 1729 962 1748 :
981 1729 1033 1748 non

250 1778 366 1814 explictui
394 1775 561 1804 substantias
585 1772 768 1807 angelorum:
787 1776 839 1796 non
862 1767 979 1803 qualiter
1005 1774 1035 1793 sc

251 1813 368 1853 habeant
384 1822 562 1858 principatus,
581 1818 682 1848 throni,
701 1815 901 1843 dominationes
918 1823 925 1840 :
942 1813 974 1840 de
985 1819 1035 1847 po-

252 1870 396 1899 testatibus
410 1887 418 1899 .
432 1872 458 1894 et
486 1865 576 1893 mundi
596 1861 812 1891 moderatoribus
834 1860 931 1888 rescivi
959 1859 1033 1886 nihil.

251 1916 284 1944 Et
297 1915 319 1943 si
331 1922 397 1943 sane
413 1913 446 1940 ab
461 1912 520 1940 istis
534 1918 577 1938 me
592 1917 644 1937 non
654 1907 806 1943 expediam,
818 1906 881 1941 quid
896 1905 960 1932 mihi
975 1912 1036 1939 pro.

251 1962 323 1989 derit
340 1960 503 1994 investigare
528 1957 670 1985 scientiam
683 1975 690 1987 ,
706 1954 738 1981 de
752 1953 853 1980 deitate
878 1952 1034 1987 ingenerata

251 2013 279 2036 et
301 2007 433 2043 principio
450 2005 524 2032 omni
550 2002 714 2037 superiore?
740 2000 810 2034 Quid
828 1999 861 2027 de
888 1998 1036 2025 inaccessis

253 2053 416 2089 quaestiones
436 2050 567 2078 instituo?
589 2048 724 2083 quomodo
741 2047 811 2074 Deus
832 2046 963 2086 prodierit
981 2045 1036 2072 Pa-

255 2082 296 2127 ter
311 2098 370 2126 Filii
389 2097 430 2124 sui
446 2095 575 2130 unigeniti
587 2082 692 2129 ?7quasi
709 2101 761 2120 non
776 2092 910 2120 sulliceret
924 2082 950 2118 in
970 2091 1037 2117 dile-

253 2145 290 2173 cli
305 2145 346 2171 sui
359 2142 542 2170 testimonium
562 2146 673 2175 paterna
690 2139 734 2166 illa
750 2146 813 2170 vox.
830 2145 911 2172 quant
924 2137 956 2164 de
968 2137 1036 2164 cmlo

253 2189 432 2227 promulgavit
448 2188 550 2220 tlicens,
566 2187 615 2213 llic
629 2190 667 2213 est
685 2185 772 2212 Filius
787 2193 858 2211 metu
873 2183 995 2214 dilectus,
1008 2183 1036 2209 in

251 2244 304 2271 quo
323 2234 480 2269 complacui,
497 2233 580 2267 ipsum
597 2232 686 2258 audite
698 2231 732 2257 ⁸³.
749 2230 824 2263 Quod
840 2229 862 2256 si
885 2228 1033 2263 praecipiat,

595 195 730 226 EUSEBII
748 189 989 224 CESARIENSIS
1007 187 1083 216 OPP.
1103 186 1193 215 PARS
1212 186 1256 215 IV.
1277 201 1312 208 —-
1331 182 1541 213 DOGMATlCA.

1805 178 1856 206 8ιὲ

1076 246 1136 273 κατ’
1152 244 1304 281 ἄνθρωπον,
1318 242 1447 279 ἀρῤήτοις
1462 241 1490 267 δὲ
1507 239 1555 266 καὶ
1570 237 1719 274 ἀφράστοις
1732 236 1799 271 ἡμῖν
1813 235 1857 262 λᾶι

1075 299 1144 326 γοις,
1158 290 1228 317 οὕτω
1243 290 1291 317 καὶ
1311 288 1378 315 πολὺ
1394 286 1476 313 πλέον
1498 286 1515 321 ἡ
1532 284 1579 311 τοῦ
1594 282 1761 317 Μονογενοῦς
1778 282 1859 309 αὐτοῦ

1075 338 1200 373 γέννησις
1213 336 1287 369 ἁνεξε
1293 334 1418 371 ρεύνητος
1429 333 1475 360 καὶ
1492 331 1688 367 ἀνεξιχνίαστος
1700 329 1733 356 ἂν
1746 329 1800 364 εἴη,
1813 328 1860 364 οὗ)

1077 384 1151 418 ἡμῖν,
1165 382 1202 413 ὡς
1215 381 1247 408 ἂν
1263 380 1329 415 φαίη
1344 388 1396 410 τις,
1421 378 1520 413 μόνοις,
1542 376 1608 403 ἀλλὰ
1622 375 1670 402 καὶ
1688 374 1789 405 πάσαις
1802 374 1864 404 ταῖς

1076 428 1225 463 κρείττοσιν
1239 426 1255 461 ἢ
1270 425 1330 452 καθ’
1343 425 1416 460 ἡμᾶς
1430 423 1571 458 δυνάμεσι.
1586 420 1626 447 Τὰ
1638 420 1692 456 γὰρ
1705 418 1802 455 μακρῷ
1814 418 1864 453 τὴν

1077 474 1156 509 φύσιν
1173 470 1370 506 ὑποϐεϐηκότα,
1398 469 1472 495 κάτω
1494 477 1523 494 τε
1546 467 1592 494 καὶ
1618 464 1786 501 πορρωτάτω
1814 464 1864 499 τῆς

1077 521 1196 556 ἀρρήτου
1215 519 1261 545 καὶ
1274 517 1368 552 θεῖκῆς
1386 514 1542 542 καθεστῶτα
1557 513 1659 544 οὐσίας,
1682 511 1741 542 πῶς
1757 510 1791 537 ἂν
1804 509 1864 544 ἐφί-

1078 574 1151 592 κοιτο
1165 564 1215 599 τῆς
1233 563 1360 590 ἐπέκεινα
1376 562 1422 588 καὶ
1438 560 1567 587 ἀνωτάτω
1587 556 1780 593 καταλήψεως
1802 555 1865 587 Πῶς

1077 612 1099 637 δ’
1114 611 1146 638 ἂν
1156 610 1189 637 τὰ
1205 610 1241 645 μὴ
1255 609 1318 636 ὂντα
1329 608 1469 642 πρότερον,
1481 606 1513 632 δι’
1528 604 1610 631 αὑτοῦ
1627 604 1649 630 δ’
1664 604 1696 630 ὲκ
1708 602 1756 629 τοῦ
1773 601 1811 637 μὴ
1822 600 1866 628 ιν-

1077 666 1123 689 τος
1139 658 1178 688 εἰς
1194 656 1224 682 τὸ
1241 653 1309 682 εἶναι
1330 653 1509 690 προαχθέντα,
1526 650 1573 677 τοῦ
1594 648 1810 684 παραγαγόντος,
1827 648 1867 674 αι-

1078 703 1134 730 τίου
1149 711 1178 728 τε
1195 702 1283 733 αὐτοῖς
1298 701 1347 735 τῆς
1358 699 1500 734 ὑπάρξεως
1511 696 1665 731 γενομένου,
1683 694 1758 730 σχοίη
1774 693 1807 721 ἄν
1823 701 1865 724 τις

1079 748 1132 784 πρὸ
1152 748 1202 782 τῆς
1217 747 1349 781 γενέσεως
1374 745 1423 780 τὴν
1451 743 1567 778 γνῶσιν;
1591 742 1681 767 Ἦπου
1697 748 1729 774 γε
1745 739 1826 774 ἡμεῖς
1840 739 1866 765 οι

1079 783 1176 829 χθιζοὶ,
1200 792 1287 827 δέρμα
1310 791 1356 817 καὶ
1383 788 1468 825 κρέας
1487 785 1672 822 ἐνδεδυμένοι·
1697 784 1800 815 ὀστέοις
1818 783 1866 809 καὶ

1079 839 1184 874 νεύροις
1204 837 1362 872 ὲνειρμένοι,
1393 835 1440 861 καὶ
1459 833 1525 869 μηδὲ
1541 833 1574 859 τὰ
1590 832 1650 858 καθ’
1666 831 1739 866 ἡμᾶς
1755 829 1865 861 εἰδότες,

1079 885 1128 920 τὴν
1148 884 1210 919 περὶ
1229 882 1282 909 τῶν
1297 882 1424 917 ἀρρήτων
1439 879 1578 907 ἀκίνδυνον
1599 875 1768 912 ποιησόμεθα
1784 875 1869 910 ζήτη-

1337 928 1382 954 τὸν
1395 926 1458 953 Υἱδν
1471 927 1485 952 ὁ
1498 924 1592 960 Πατὴρ
1608 921 1868 958 πολυπραγμονοῦν-

1080 985 1134 1008 τες.
1149 976 1208 1002 ’Ότι
1221 975 1248 1001 δὲ
1259 973 1306 1000 καὶ
1319 972 1372 999 τῶν
1387 970 1463 1008 παρὰ
1474 970 1556 1001 πόδας
1571 968 1654 1005 μυρία
1666 967 1714 1003 τὴν
1729 966 1868 1002 ἡμετέραν

1079 1020 1259 1056 διαδιδράσκει
1275 1018 1373 1053 γνῶσιν
1388 1017 1465 1052 δῆλον
1479 1015 1511 1042 ἂν
1526 1015 1567 1049 εῐη
1582 1012 1697 1040 ἐνθένδε.
1709 1012 1756 1043 Τίς
1769 1011 1825 1048 γὰρ
1835 1011 1868 1038 ἃν

1080 1065 1166 1090 εἰπεῖν
1183 1063 1249 1098 ἔχοι,
1268 1063 1325 1093 πῶς
1336 1061 1493 1096 καθεῖρκται
1506 1059 1545 1094 τῷ
1559 1058 1664 1093 σώματι
1680 1059 1697 1093 ὴ
1709 1057 1792 1092 ψυχὴ,
1809 1056 1868 1087 πῶς

1080 1110 1180 1143 ἑξεισι;
1203 1109 1261 1141 πῶς
1273 1108 1301 1134 δὲ
1314 1108 1362 1142 τὴν
1383 1106 1468 1142 ἀρχὴν
1485 1104 1642 1140 είσεκρίοη;
1659 1104 1750 1129 ὁποῖον
1769 1102 1798 1129 δὲ
1818 1102 1869 1129 αὑ-

1079 1155 1130 1190 τῆς
1144 1155 1173 1181 τδ
1191 1153 1277 1186 5760:;
1294 1153 1321 1180 τί
1338 1153 1369 1179 τὺ
1388 1152 1496 1187 Orﬁum;
1516 1150 1557 1182 τίς
1576 1150 1593 1185 ἡ
1615 1148 1721 1185 μορφή;
1737 1148 1779 1180 τίς
1796 1147 1870 1183 ἡού-

1082 1201 1139 1233 cla;
1158 1201 1240 1227 Οὔπω
1258 1209 1302 1235 μοι
1318 1198 1364 1226 τὸν
1376 1199 1440 1233 περὶ
1449 1197 1582 1232 δαιμόνων
1598 1196 1653 1232 (45)
1670 1195 1768 1231 (λόγον)
1785 1194 1870 1222 πολυ-

1081 1246 1257 1281 πραγμονεῖν,
1275 1244 1306 1270 οὐ
1318 1243 1363 1270 τὸν
1378 1243 1441 1279 περὶ
1453 1242 1546 1273 οὐσίας
1561 1240 1683 1275 ἀγγέλων
1693 1248 1701 1255 ·
1715 1241 1746 1266 οὐ
1759 1239 1806 1266 τὸν
1820 1247 1870 1266 πε-

1082 1291 1109 1327 ρὶ
1122 1290 1213 1327 ἀρχῶν
1227 1290 1274 1316 καὶ
1288 1289 1401 1325 Θρόνων,
1425 1287 1473 1314 καὶ
1493 1287 1675 1322 κυριοτήτων’
1698 1285 1728 1311 οὗ
1746 1284 1793 1311 τὸν
1804 1284 1871 1321 περὶ

1082 1335 1221 1369 ἐξουσιῶν,
1234 1336 1280 1361 καὶ
1297 1334 1534 1369 γαοσμοκρατὸρων.
1551 1333 1583 1358 Εἰ
1598 1332 1620 1359 δ’
1639 1331 1668 1357 ὲν
1681 1330 1786 1362 τούτοις
1797 1330 1871 1358 ἃπα-

1082 1392 1124 1409 σιν
1139 1381 1341 1417 ἀμηχανοῦμεν,
1360 1378 1387 1406 τί
1404 1380 1443 1406 δεῖ
1463 1379 1513 1414 τὴν
1528 1377 1591 1414 περὶ
1611 1377 1660 1413 τῆς
1679 1376 1797 1412 ἁνάρχου
1824 1376 1871 1402 καὶ

1082 1429 1228 1463 ἀγεννήτου
1246 1427 1371 1461 θεότητος
1387 1425 1486 1460 γνῶσιν
1501 1423 1703 1459 διερευνᾶσθαι;
1725 1421 1757 1448 Τί
1771 1421 1804 1447 τὰ
1820 1421 1872 1447 ἁν-

1081 1475 1178 1509 ἐφικτα
1190 1473 1310 1509 ὲρωτᾷν;
1328 1472 1385 1503 πῶς
1398 1470 1462 1498 Υἱοῦ
1483 1468 1641 1505 μονογενοῦς
1656 1468 1671 1494 ό
1684 1467 1751 1499 Θεὸς
1767 1466 1872 1500 ὑπέστη

1083 1521 1195 1555 Πατήρ;
1213 1519 1250 1551 ὼς
1265 1519 1301 1554 μὴ
1320 1517 1497 1553 ἀπαρχούσης
1514 1516 1578 1551 ἡμῖν
1591 1514 1640 1549 τῆς
1657 1512 1795 1548 πατρικῆς
1812 1520 1871 1545 φω-

1082 1565 1132 1600 νῆς
1149 1564 1215 1600 πρὸς
1233 1562 1383 1598 μαρτυρίαν
1406 1561 1453 1587 τοῦ
1473 1558 1638 1595 ’Λγαπητοῦ,
1663 1557 1693 1584 ὅν
1720 1555 1871 1591 ἀνεκήρυξε

1047 1607 1067 1636 C
1085 1598 1186 1637 είττών·
1206 1607 1299 1641 Οὗτός
1309 1609 1392 1634 ἐστιν
1410 1608 1426 1633 ό
1445 1606 1510 1638 Υιός
1523 1613 1582 1639 μου
1598 1606 1614 1631 ό
1627 1602 1788 1638 ἀγαπητὸς,
1801 1602 1837 1628 ἐν
1848 1598 1874 1634 ᾧ

1084 1653 1250 1687 ηὐδόκησιι,
1264 1651 1359 1678 αὐτοῦ
1371 1650 1504 1677 ἀκούετε.
1515 1649 1546 1675 El
1563 1648 1594 1683 δὴ
1607 1647 1715 1674 ἀκούειν
1728 1645 1809 1673 αὐτοῦ
1825 1646 1874 1678 ἐγ-

1085 1698 1234 1730 κελεύεται,
1249 1695 1378 1732 βασιλικῷ
1393 1696 1467 1730 νόμῳ
1480 1692 1700 1730 πειθαρχοῦντες,
1713 1690 1873 1726 ἀκούσωμεν

1085 1745 1132 1772 τοῦ
1149 1743 1289 1779 ἀγαπητοῦ
1310 1742 1386 1768 Tia-3.
1405 1741 1436 1767 Τί
1453 1741 1482 1767 δὲ
1496 1737 1574 1771 οὗτος
1587 1738 1652 1774 περὶ
1667 1737 1762 1764 ἑαυτοῦ
1782 1736 1874 1772 βούλε-

1085 1798 1130 1816 ται
1159 1789 1232 1824 ἡμᾶς
1261 1787 1369 1817 εἰδέναι,
1400 1785 1569 1820 παραστήσει
1585 1783 1689 1818 λέγων’
1715 1781 1796 1809 οὕτω
1817 1781 1875 1816 τὰρ

1085 1834 1242 1870 ἠγάπησεν
1260 1834 1276 1860 ό
1291 1832 1362 1864 Θεὸς
1378 1831 1432 1858 τὸν
1446 1831 1570 1865 κόσμον,
1583 1828 1660 1855 ὥστε
1670 1828 1724 1855 τὸν
1740 1826 1809 1855 Υιὸν
1821 1827 1875 1853 αὺ-

1086 1880 1139 1907 τοῦ
1161 1879 1214 1906 τὸν
1234 1876 1381 1913 μονογενῆ
1401 1876 1521 1908 ἔδωκεν,
1547 1875 1597 1901 ἵνα
1611 1873 1671 1907 πᾶς
1690 1875 1706 1900 ὸ
1725 1873 1877 1900 πιστεύοιν-

1086 1926 1130 1958 sic
1151 1924 1245 1951 αὑτὸν
1257 1924 1313 1958 sm
1331 1922 1406 1956 ζωὴν
1418 1922 1545 1948 αἰώνιον.
1569 1919 1729 1946 Πιστευτέον
1743 1918 1810 1954 θῆτα
1825 1918 1876 1944 αὒ-

1087 1970 1136 2004 τῷ,
1161 1969 1198 2000 ὡς
1218 1968 1251 1995 ἂν
1266 1968 1317 2003 τῆς
1336 1967 1444 1994 αἰωνίου
1460 1965 1588 2001 τύχοιμεν
1601 1964 1684 1999 ζωῆς.
1711 1963 1743 1989 ὀ
1758 1962 1815 1997 γὰρ
1828 1969 1876 1989 1n-

1087 2015 1212 2046 στεύων,
1236 2014 1328 2048 φησὶν.
1343 2014 1386 2045 εις
1402 2012 1494 2038 αὑτὸν
1505 2011 1568 2045 ἔχει
1583 2010 1660 2043 ζωὴν
1678 2008 1807 2040 αἰώνιον,
1824 2008 1874 2042 οὐχ

1087 2061 1101 2086 ὁ
1117 2058 1255 2093 γινώσκων
1272 2059 1345 2088 ὅπως
1355 2057 1387 2082 ἐκ
1398 2055 1445 2082 τοῦ
1464 2054 1570 2090 Πατρδς
1587 2052 1755 2088 γεγέννηται·
1773 2051 1805 2077 οὐ
1819 2051 1875 2085 γὰρ

1089 2105 1121 2132 ἄν
1133 2113 1184 2130 τινι
1199 2103 1282 2138 μετῆν
1299 2102 1370 2137 ζωῆς
1386 2101 1506 2131 αἰωνίου,
1523 2101 1547 2126 εἰ
1564 2100 1596 2134 δὴ
1618 2098 1688 2125 τοῦτ’
1701 2097 1820 2133 εῐρηται,
1834 2097 1876 2123 ὃτι

1088 2149 1196 2183 Μηδεὶς
1209 2148 1284 2183 ἔγνω
1307 2148 1360 2173 τὸν
1374 2146 1488 2180 Πατέρα
1509 2147 1535 2172 ει
1548 2145 1590 2180 μὴ
1608 2146 1625 2171 ὁ
1642 2145 1723 2176 Υἱός·
1733 2143 1811 2178 μηδὲ
1822 2143 1877 2170 τὸν

1093 2194 1160 2221 Υὶόν
1178 2202 1222 2226 τις
1241 2193 1316 2227 ἑγνω
1340 2193 1366 2218 εὶ
1379 2191 1419 2225 μὴ
1435 2191 1529 2225 μόνος
1552 2191 1568 2216 ό
1582 2189 1733 2224 γεννήσας
1748 2188 1843 2215 αὑτὸν
1859 2189 1876 2215 ό

1089 2239 1199 2273 Πατήρ.
1223 2239 1356 2274 Ἀπαρκεῖ
1370 2236 1512 2272 τοιγαροῦν
1525 2236 1588 2270 ἡμῖν
1605 2236 1624 2270 ἡ
1637 2235 1726 2267 πίστις
1740 2234 1807 2269 πρὸς
1822 2242 1877 2261 σω-

253 2283 325 2309 hunc
336 2279 442 2312 audire,
459 2279 585 2306 mandato
602 2277 664 2305 huic
676 2277 750 2311 regio
766 2277 983 2310 obtemperantes
994 2274 1032 2301 Fi-

1091 2286 1191 2321 τήριον,
1205 2285 1222 2319 ἡ
1238 2284 1303 2310 θεὸν
1315 2283 1424 2318 Πατέρα
1441 2281 1646 2316 παντοκράτορα
1660 2280 1817 2316 παρέχουσα
1832 2288 1878 2314 γι-

253 2328 317 2355 lium
343 2327 470 2355 dilectum
491 2325 644 2352 audiamus.
666 2323 805 2356 Quodnam
824 2329 889 2350 vero
910 2322 975 2349 illud
992 2322 1038 2354 sit,

252 2373 325 2408 quod
337 2379 386 2400 nos
398 2371 432 2398 de
448 2371 536 2405 seipso
550 2369 699 2405 intelligere
715 2368 839 2399 volebat,
856 2368 912 2402 ipse
925 2375 974 2395 nos
989 2369 1038 2395 do-

256 2418 338 2452 cebit,
348 2417 391 2444 ubi
401 2417 454 2444 ait:
471 2416 515 2444 Sic
525 2416 594 2443 enim
609 2415 676 2442 Deus
686 2415 778 2442 dilexit
788 2414 925 2447 mundum,
940 2419 967 2440 ιιι
985 2412 1039 2440 Fi-

256 2464 320 2490 lium
338 2470 414 2490 suum
430 2462 591 2497 unigenitum
609 2462 692 2492 daret.
708 2466 735 2487 ut
752 2461 835 2487 omnis
851 2460 896 2494 qui
915 2461 995 2486 credit
1012 2460 1039 2486 in

253 2518 311 2537 eum
321 2517 372 2536 non
385 2513 483 2543 pereat,
492 2508 537 2535 sed
544 2508 636 2534 habent
645 2508 722 2534 vitam
730 2513 851 2533 maniam
860 2507 892 2534 θ’.
914 2506 951 2533 illi
962 2507 1042 2540 igitur

254 2556 417 2583 credendum
443 2560 502 2583 est.
531 2560 559 2581 ut
574 2554 657 2581 vitam
673 2559 801 2581 attentam
826 2561 1037 2588 consequamur.

252 2603 320 2630 Nam
339 2603 384 2637 qui
398 2603 424 2629 in
439 2610 512 2632 eum,
528 2601 623 2635 inquit,
640 2600 737 2631 credit,
757 2600 838 2627 habet
859 2600 942 2626 vitam
959 2604 1038 2626 reter-

252 2657 329 2681 nam;
351 2656 402 2676 non
420 2648 465 2683 qui
483 2648 624 2682 cognoscit
643 2646 779 2681 quomodo
792 2650 874 2672 natus
889 2651 931 2673 est
944 2646 976 2673 de
989 2646 1039 2673 Pa-

290 2720 319 2748 )14
339 2717 390 2745 Ed.
403 2718 503 2750 Paris.,
516 2725 577 2752 pag.
592 2717 637 2745 72.
684 2717 707 2733 “
718 2716 812 2745 Matth.
830 2716 928 2750 xvn,5.

253 2817 455 2851 προαγαγόντος
467 2818 552 2845 αἰτίου
567 2834 600 2839 —-
617 2818 693 2854 σχοίη
707 2817 740 2845 ἂν
755 2817 804 2853 τῆς
814 2817 924 2853 πρώτης
940 2817 1036 2852 γεννή-

254 2859 323 2877 σεως
340 2852 430 2877 (codd.
449 2853 590 2877 νενέσεωεὶ
606 2862 632 2877 τ.
647 2863 690 2877 γν.
709 2855 740 2877 Κ.
755 2861 782 2877 n.
795 2853 840 2877 99.
855 2852 939 2877 Porro
959 2852 1036 2877 vnlrm

276 2859 323 2882 εως
340 2852 430 2886 (codd.
449 2853 590 2887 γενέσεως)
606 2852 692 2888 τ.’γνζ
708 2855 740 2881 Κ.
755 2852 787 2888 p.’
795 2853 840 2881 99.
855 2852 939 2881 Porro
959 2852 1037 2887 vulgo

254 2886 272 2921 ἡ
288 2893 339 2923 που
354 2887 433 2922 ἡμεῖς
447 2886 473 2914 et
483 2886 667 2923 ποιησώμεθα.

1093 2330 1215 2361 νώσκειν,
1230 2330 1276 2356 καὶ
1291 2329 1336 2355 τὸν
1357 2328 1486 2364 μονογενῆ
1502 2326 1585 2353 αὐτοῦ
1601 2326 1663 2352 Υίὸν
1677 2326 1877 2361 ἐπιγράφεσθαι

1093 2377 1214 2411 Σωτῆρα.
1236 2376 1284 2407 Ὃς
1309 2375 1339 2409 δὴ
1366 2374 1432 2410 πρὸς
1455 2374 1508 2405 τοῖς
1533 2372 1632 2403 ἄλλοις,
1660 2372 1708 2399 καὶ
1733 2371 1810 2398 ταῦθ’
1826 2368 1878 2397 ὦδε

1094 2422 1244 2458 παρεδίδου,
1259 2421 1344 2455 λέγων
1353 2428 1360 2435 ·
1379 2420 1413 2446 Τὸ
1426 2418 1642 2454 γεγεννημένον
1657 2418 1690 2443 ἐκ
1700 2416 1755 2450 τῆς
1765 2416 1881 2452 σαρκὸς

1094 2468 1171 2502 σάρξ
1181 2468 1255 2498 ἐστι,
1281 2467 1328 2493 καὶ
1346 2466 1379 2493 τὸ
1401 2465 1617 2500 γεγεννημένον
1629 2464 1662 2490 ἐκ
1676 2463 1729 2490 τοῦ
1747 2463 1880 2496 πνεύμα-

1092 2523 1143 2546 τος
1166 2512 1282 2547 πνεῦμά
1303 2512 1381 2538 ἐστι’
1408 2510 1525 2545 πνεῦμα
1545 2510 1578 2536 δὲ
1593 2511 1610 2537 ὁ
1621 2510 1702 2542 Θεός.
1721 2509 1766 2535 Διὸ
1782 2508 1880 2535 ἕπεται

1091 2559 1171 2590 νοεῖν,
1195 2558 1232 2589 ὼς
1255 2557 1301 2583 καὶ
1315 2557 1345 2583 τὸ
1365 2556 1562 2591 γεγεννημένον
1578 2556 1609 2582 ὲκ
1622 2555 1668 2581 τοῦ
1682 2553 1749 2580 Θεοῦ
1763 2553 1830 2585 Θεὸς
1844 2552 1879 2579 ἂν

1091 2604 1144 2639 εἴη.
1160 2605 1234 2638 ’Ὸσῳ
1252 2603 1279 2629 δὲ
1306 2603 1355 2638 τῆς
1377 2602 1494 2636 γεώδους
1518 2601 1618 2638 σαρκὸς
1638 2601 1651 2627 ὁ
1673 2598 1878 2627 ἐπέκειναοτῶν

1089 2649 1156 2675 ὅλων
1169 2649 1233 2681 Θεὸς
1250 2648 1466 2683 ἀπηλλοτρίωται
1489 2648 1536 2674 καὶ
1556 2646 1759 2682 ἀπεσχοίνισται
1774 2645 1809 2680 τῇ
1825 2644 1877 2679 φύ-

975 2717 1000 2733 ⁶⁵
1012 2717 1091 2746 Joat‘l.
1108 2727 1150 2751 In.
1167 2720 1211 2747 16.

1091 2817 1156 2854 Dein
1170 2817 1249 2853 vulgo
1264 2817 1293 2845 ὃν
1307 2817 1423 2854 ἐκήρυξε
1437 2817 1527 2852 λέγων
1534 2821 1567 2854 et
1580 2817 1604 2844 εί
1618 2816 1646 2843 δὲ
1662 2815 1772 2854 ακούειν
1787 2820 1815 2854 et
1831 2824 1880 2854 γε-

1090 2853 1202 2893 γένηται
1214 2851 1241 2880 ét
1258 2851 1439 2914 persig'iwﬁ;
1453 2851 1480 2880 et
1493 2852 1562 2887 πρὸς
1576 2852 1713 2887 σωτηρίαν
1727 2857 1754 2878 et
1769 2851 1815 2877 τὸν
1830 2851 1880 2879 αὐ-

1090 2897 1138 2914 του
1158 2890 1286 2914 μονογενῆ
1307 2889 1340 2914 Υί
1357 2897 1371 2914 ν
1382 2889 1481 2914 ὑπογο.
1494 2888 1608 2914 Σωτῆρα
1619 2895 1625 2902 ·
1641 2887 1672 2914 ὃς
1686 2886 1727 2913 δέ.
1743 2885 1827 2914 Porro
1839 2885 1880 2914 ὡς

1090 2885 1138 2915 τοῦ
1150 2885 1286 2923 ’μονογενῆ
1307 2885 1371 2924 Tibi:
1382 2885 1481 2924 ὑπογρ.
1494 2885 1608 2923 Σωτῆρα
1619 2895 1625 2902 ·
1641 2885 1727 2924 ὃςδέ.
1743 2885 1827 2914 Porro
1839 2885 1880 2918 ὡς

290 2921 344 2958 (45)
360 2921 629 2958 Πολυπραγμὸνεῖν.
644 2924 723 2951 Deest
737 2922 826 2958 λόγον,
840 2923 944 2958 opinor.
960 2922 1032 2950 Μ.-

1088 2924 1119 2950 τὸ
1141 2921 1233 2957 γεγενζ
1246 2921 1383 2954 ειθ.Θεὸς
1395 2921 1460 2950 ἐστι
1469 2927 1495 2951 et
1511 2921 1593 2959 σαρᾶἱ.
1608 2923 1766 2958 γεννήσεως.
