2032 3211
131 185 184 213 M9

645 184 690 212 DE
710 183 977 212 ECCLESlASTlCA
999 183 1196 226 TIIEOLOGIA
1216 185 1282 213 LIB.
1302 186 1324 213 1.

1705 188 1759 219 850

130 254 185 278 σει,
198 250 317 280 meum)
330 245 382 281 χρὴ
397 246 466 272 νοεῖν
481 245 527 271 καὶ
540 245 590 280 τῆς
604 245 658 271 τῶν
669 246 778 281 σαρκῶν
792 245 912 279 γενέσεωη

978 249 1027 272 lrc.
1040 245 1124 273 Nemo
1137 247 1208 274 enim
1222 251 1278 273 tum
1293 246 1376 274 vitam
1392 251 1602 282 consequeretur
1615 253 1755 283 aeternam,

130 289 369 326 ἀπηλλοτριῶσθαι
385 290 430 316 τὸν
445 291 554 325 τρόπον,
571 290 630 318 καθ’
645 290 674 318 ὃν
690 291 704 317 ὁ
716 291 809 326 Πατὴρ
826 291 921 324 ἐγέννα

127 336 175 362 τὸν
188 336 261 363 Υἱόν.
284 336 321 362 Οὔ
336 335 390 371 γάρ
410 345 436 362 τι
457 335 627 371 προϊέμενος,
650 336 705 363 οὐδ’
721 336 920 372 ἀλλοιούμενος,

127 382 190 408 οὐδὲ
205 390 237 416 γε
251 381 410 418 παθητικῶς
423 382 589 417 κινούμενος,
601 382 655 408 οὐδ’
671 383 740 414 ὅλως
756 391 783 409 τι
792 383 845 409 τῶν
856 384 921 418 ἡμῖν

127 427 368 462 συνεγνωσμένων,
387 427 539 463 ὑπομένων,
557 427 654 463 ὑφίστη
672 429 763 455 αὐτόν.
782 429 849 455 Οὐδὲ
866 430 921 463 γὰρ

127 471 211 508 σῶμα
224 470 269 507 ἦν,
284 472 322 504 ὼς
339 472 488 508 ἀπόρροιαν
502 473 557 507 (46)
574 473 590 509 ἢ
613 474 735 509 μείωσιν,
765 473 781 509 ἢ
799 474 919 505 ἔκτασιν,

126 519 143 553 ἢ
168 518 329 554 μεταϐολὴν,
350 518 366 554 ἢ
384 519 498 556 τροπὴν,
521 519 537 555 ἦ
554 520 628 554 ῥοὴν,
654 520 670 555 ἢ
694 520 786 556 μέρος,
803 520 819 556 ἢ
836 520 920 553 πάθος

125 564 173 589 ἐπ’
189 563 263 599 αὑτῷ
276 563 450 598 λογίσασθαι·
467 565 568 592 τούτων
585 565 607 592 δ’
626 566 703 597 ἐκτὸς
724 567 852 593 ἁπάντων
871 568 920 603 ἄῤ-

128 611 211 644 ῥητον
225 611 290 645 ἡμῖν
314 611 360 642 καὶ
376 611 590 645 ἀνεπιλόγιστον,
609 612 708 646 μᾶλλον
724 613 753 639 δὲ
770 613 843 649 πάσῃ
859 622 919 648 γεν-

125 658 196 691 νητῇ
214 655 294 689 φύσει
305 656 513 692 ἀνεξερεύνητον
530 657 577 683 καὶ
592 658 792 693 ἀνεξιχνίαστον
808 659 856 694 τὴν
870 668 918 694 γε-

125 702 300 737 νεσιουργίαν
323 703 433 739 ὺφίστη,
454 704 536 739 Γεννᾷ
555 705 603 739 μὲν
617 704 664 732 οὖν
681 705 727 732 καὶ
749 706 762 732 ὁ
781 706 855 741 ἥλιος
869 706 918 742 τὴν

126 748 232 784 αὐγὴν,
254 748 362 783 λέγεται
383 749 411 775 δὲ
430 750 476 776 καὶ
496 751 511 776 ὁ
530 750 594 782 Υἱὸς
617 752 800 786 ἀπαύγασμα
821 753 918 787 φωτὸς

124 795 225 821 ἀϊδίου
240 795 288 821 καὶ
301 795 482 830 ἀπαύγασμα
494 796 549 831 τῆς
562 796 665 830 δόξης,
678 798 708 823 οὐ
722 798 771 832 μὲν
784 798 853 824 κατὰ
868 799 917 834 τὴν

124 840 259 876 αἰσθητὴν
274 840 321 867 τοῦ
333 841 421 875 φωτὸς
434 842 524 868 εἰκόνα
537 843 675 876 (ἐπέκεινα
687 842 741 879 γὰρ
754 844 854 875 παντὸς
869 853 922 870 ποις

127 887 327 922 ραδείγματος),
339 887 469 923 ἀρρήτοις
485 888 565 915 αὑτὸν
585 890 630 915 καὶ
652 890 854 926 ἀκαταλήπτοις
875 892 916 918 λό-

125 941 185 966 γοις
198 932 307 968 ὖφῐπη,
319 934 366 959 καὶ
378 933 471 960 τοῦτον
483 934 531 961 ἕνα
547 935 592 961 καὶ
604 936 751 971 Μονογενῆ.
768 937 913 964 Ausa-a6ti

123 978 154 1004 δὲ
170 977 216 1004 καὶ
234 976 322 1004 ἀθέων
342 978 457 1014 ἀνδρῶν,
482 979 530 1015 τὴν
545 979 673 1007 πολύθεον
690 980 794 1015 πλάνην
805 991 915 1017 νενοση-

124 1024 222 1056 κότων,
237 1025 440 1060 ἀποπεφράχθω
463 1027 517 1052 πᾶν
534 1026 630 1061 στόμα,
649 1028 673 1054 οἱ
692 1027 739 1054 τοῦ
756 1029 916 1063 μονογενοῦς

125 1070 191 1097 Υξοῦ
202 1070 251 1105 τὴν
261 1070 397 1106 ἐξαίρετον
407 1073 454 1098 καὶ
466 1072 617 1105 ἰδιάζουσαν
626 1073 750 1109 γέννησιν
763 1076 803 1106 εις
814 1075 916 1110 πλῆθος

122 1116 338 1148 καταϐάλλοντες
359 1118 473 1152 Πατέρα
487 1118 604 1153 ἀνδρῶν
624 1128 656 1146 τε
671 1120 746 1146 θεῶν
762 1122 914 1157 τε.ἀνειρή-

123 1169 213 1194 κασιν,
246 1162 314 1197 ὁμοῦ
340 1163 389 1198 μὲν
414 1163 512 1198 ἄνδρας
536 1164 662 1199 μίξαντες
687 1165 767 1197 θεοῖς,
791 1166 859 1201 ὁμοῦ
885 1167 914 1193 δὲ

122 1207 229 1239 ⁸’τούτοις
244 1208 353 1243 ὁμοφυῆ
369 1208 416 1234 καὶ
430 1209 475 1235 τὸν
493 1210 572 1236 αὑτὸν
586 1211 775 1246 εἰσηγούμενοι
793 1213 912 1248 Πατέρα.

129 1253 199 1280 Ἀλλ’
213 1254 273 1280 οὐδὲ
295 1254 343 1289 μὲν
359 1254 483 1290 ἐνεργείᾳ.
496 1255 638 1291 δαιμονικῇ
655 1256 685 1282 τὸ
697 1257 826 1289 δυσσεϐὲς
839 1259 914 1285 τουτὶ

122 1299 171 1325 καὶ
186 1299 265 1327 ἄθεον
281 1300 435 1335 προήκαντο
454 1301 539 1335 ῥῆμα,
555 1300 594 1336 τῷ
606 1302 695 1337 θνητῷ
711 1303 758 1329 καὶ
771 1303 913 1340 παθητικῷ

122 1345 170 1372 καὶ
188 1345 367 1380 ἁμαρτητικῷ
382 1345 454 1380 γένει
471 1346 523 1372 τῶν
542 1346 693 1382 ἀνθρώπων
714 1349 843 1383 ὁμοφυεῖς
866 1351 914 1377 καὶ

120 1391 271 1425 ὁμοπαθεῖς
287 1390 375 1422 θεοὺς,
395 1391 442 1417 καὶ
461 1391 506 1417 τὸν
527 1391 630 1418 τούτων
645 1392 733 1419 κοινὸν
753 1393 913 1429 ὑποθέμενοι

120 1436 241 1472 Πατέρα,
267 1436 375 1467 πάντως
394 1445 445 1466 που
463 1438 519 1469 τοῖς
534 1438 627 1464 παισὶν
643 1440 886 1474 παρωμοιωμένον,
899 1442 913 1467 ὁ

119 1483 142 1508 δ’
155 1482 377 1517 ὲκκλησιαστικὸς
390 1483 476 1518 κήρυξ
491 1483 548 1514 ἐνὸς
562 1483 628 1509 θεοῦ
640 1484 687 1510 ἕνα
706 1487 836 1521 μονογενῆ
850 1486 913 1513 Υἰὺν

120 1529 179 1559 τοῖς
204 1529 286 1555 πᾶσιν
313 1528 503 1564 ἀνακηρύττει,
531 1529 559 1556 ὃν
590 1530 661 1565 ὑπὲρ
689 1532 738 1565 τῆς
769 1531 823 1557 τῶν
855 1541 913 1566 γεν-

973 292 995 318 si
1022 292 1078 319 lnec
1099 292 1218 320 conditio
1234 297 1334 320 statuta
1358 293 1453 321 fuisset
1468 303 1475 321 :
1492 294 1571 329 quia,
1587 294 1672 321 Nemo
1687 298 1757 323 norit

973 335 1082 363 I’alrem
1097 337 1147 364 nisi
1171 337 1266 370 Filius,
1274 346 1354 372 neque
1372 337 1472 365 Filium
1486 339 1544 373 quis
1557 340 1626 367 novit
1641 340 1692 367 nisi
1707 340 1759 367 Pa-

972 388 1012 409 !er
1023 384 1104 414 solus,
1119 384 1164 418 qui
1181 383 1255 410 illum
1280 385 1413 418 generavit
1428 384 1461 412 “.
1484 384 1588 412 Subicit
1601 392 1666 421 ergo
1681 387 1758 413 nobis

972 429 1004 454 ad
1021 429 1134 456 salutem
1154 429 1219 456 lides
1231 449 1239 460 ,
1258 437 1288 456 ea
1313 437 1373 464 qum
1392 430 1474 456 Deum
1489 431 1567 458 nobis
1581 431 1692 459 exhibet
1711 432 1758 459 Pa-

973 477 1061 505 trem,
1076 473 1289 507 omnipotentem
1305 494 1313 506 ,
1331 479 1357 501 et
1383 473 1480 501 Filium
1508 475 1594 508 ipsius
1616 475 1758 510 subsignat

974 520 1158 546 Servatorem.
1176 519 1227 552 Qui
1242 524 1268 546 ct
1288 519 1346 549 inse
1366 519 1437 546 inter
1450 520 1502 546 alia
1520 519 1597 547 nobis
1611 519 1662 547 ista
1683 527 1757 547 cont-

972 566 1110 592 meudavit
1126 565 1267 601 inquiens:
1284 565 1359 598 Quod
1379 570 1469 591 natum
1486 570 1524 592 est
1546 573 1578 592 ex
1590 573 1679 598 carne,
1695 572 1757 592 caro

972 616 1009 638 est
1025 617 1070 644 ;et
1086 613 1156 646 quod
1178 618 1266 642 natum
1292 616 1329 638 est
1345 619 1377 637 ex
1398 612 1490 644 spirilu
1503 632 1510 643 ,
1532 611 1640 646 spiritus
1655 616 1693 637 est
1712 610 1754 644 ἐς

971 657 1042 684 Deus
1066 662 1153 684 autem
1176 658 1284 690 spiritus
1301 662 1338 683 est
1359 657 1391 683 θ’.
1410 657 1584 690 Consequens
1608 656 1689 690 igitur
1702 660 1756 689 est,

969 709 1000 730 ut
1011 704 1283 738 intelligamus,quod
1300 707 1392 729 natum
1404 707 1446 729 est
1462 702 1495 729 de
1511 702 1575 734 Deo,
1592 701 1675 728 Deum
1684 708 1753 728 esse.

972 751 1105 783 Quantum
1122 757 1186 776 vero
1203 749 1273 776 Deus
1286 749 1330 776 ille
1349 749 1536 775 universorum
1552 755 1633 781 super
1646 753 1754 773 carnem

970 797 1039 824 hanc
1052 802 1190 824 terrenam
1209 796 1343 824 cxaltatus
1356 815 1364 827 ,
1387 796 1421 822 ab
1447 794 1520 821 illius
1545 794 1625 821 modo
1642 792 1755 820 recessit

968 848 995 870 ct
1009 850 1138 870 mensura
1154 851 1160 869 :
1175 842 1201 869 in
1227 846 1332 868 tantum
1349 841 1428 868 nobis
1442 841 1532 867 animo
1548 838 1754 874 concipiendum

968 893 1010 916 est
1027 908 1034 921 ,
1059 889 1167 916 modum
1192 888 1267 915 illum
1281 908 1288 920 ,
1309 887 1457 914 secundum
1471 893 1550 920 quem
1568 885 1648 912 Pater
1664 885 1756 919 genuit

971 934 1082 967 Filium,
1100 933 1192 961 multis
1208 933 1316 967 quidem
1334 933 1500 967 parasangis,
1517 931 1655 959 carnalem
1672 939 1753 965 gene-

968 979 1045 1006 raudi
1067 979 1175 1006 modum
1194 985 1369 1012 exsuperare.
1388 980 1417 1008 is
1444 977 1536 1010 Neque
1558 977 1630 1003 enim
1652 976 1754 1010 aliquid

967 1025 1127 1057 emittenda,
1147 1024 1244 1052 nedum
1269 1024 1327 1058 ipse
1353 1023 1483 1050 alteratus
1496 1042 1503 1055 ,
1522 1027 1567 1049 aut
1585 1030 1633 1056 per
1647 1022 1753 1056 passio-

967 1080 1028 1099 nem
1048 1070 1163 1099 aﬂ'ectus
1183 1070 1349 1105 aliqualiter,
1362 1076 1389 1096 ct
1401 1090 1409 1102 ,
1424 1075 1455 1097 ut
1480 1069 1620 1104 expediam
1647 1067 1732 1095 verbo
1744 1087 1752 1099 ,

966 1117 1033 1145 nihil
1049 1125 1142 1144 eorum
1161 1116 1312 1147 subeundo,
1333 1124 1392 1150 quae
1410 1116 1511 1143 nostris
1524 1114 1621 1141 animis
1631 1119 1695 1141 sunt
1708 1121 1754 1141 co-

965 1163 1085 1198 gnitione
1102 1162 1342 1197 apprchensibilia,
1359 1161 1433 1188 illum
1448 1161 1596 1188 subsistere
1612 1159 1686 1187 fecit.
1694 1159 1754 1187 Non

965 1210 1036 1237 enim
1054 1216 1153 1244 corpus
1170 1213 1229 1237 erat
1244 1208 1326 1239 Patri.
1354 1212 1384 1234 ut
1402 1207 1528 1234 cllluxum
1550 1206 1617 1240 ipsi,
1632 1206 1754 1232 diminu-

967 1257 1078 1287 tionem,
1098 1254 1299 1287 extensioncm,
1314 1253 1580 1283 transmutationem,
1598 1251 1754 1278 conversio-

966 1310 1025 1329 nem
1040 1321 1049 1335 ,
1062 1301 1163 1328 ﬂuxum
1177 1320 1185 1333 ,
1201 1305 1292 1336 partes
1302 1319 1309 1332 ,
1328 1300 1483 1334 passionem
1506 1298 1685 1326 attribuamus
1698 1297 1753 1324 ullo

965 1352 1053 1382 pacto.
1069 1347 1110 1374 Ab
1135 1347 1195 1374 istis
1211 1350 1301 1373 autem
1320 1346 1449 1372 omnibus
1473 1344 1542 1371 liber
1559 1348 1586 1372 et
1609 1347 1731 1370 semotus
1744 1362 1751 1375 ,

964 1391 1147 1426 generationis
1165 1391 1274 1417 modum
1299 1390 1399 1417 subivit
1413 1389 1469 1421 illc,
1487 1396 1539 1416 non
1552 1388 1751 1422 cxplicabilem,

964 1436 1261 1471 ineomprebeusibilem
1281 1448 1286 1463 :
1307 1436 1361 1463 imo
1375 1439 1402 1462 et
1417 1435 1550 1462 universae
1564 1439 1751 1461 creaturarum

964 1488 1066 1510 natura:
1081 1502 1089 1516 ,
1106 1482 1186 1510 nullis
1201 1482 1323 1517 vestigiis
1347 1481 1512 1510 odor-audam
1526 1501 1535 1515 ,
1552 1480 1625 1507 nulla
1641 1480 1752 1507 investi-

963 1530 1075 1563 gatione
1100 1530 1307 1564 assequendam.
1329 1527 1468 1562 Prugiguit
1493 1527 1600 1561 quidem
1621 1524 1751 1560 splendo-v

121 1573 213 1605 νητῶν
248 1573 372 1601 ἁπάντων
407 1574 542 1609 σωτηρίας
573 1583 602 1601 τε
635 1575 681 1601 καὶ
703 1576 831 1610 προνοίας
860 1578 911 1611 ὑφ-

965 1583 1020 1602 rem
1035 1575 1068 1603 de
1082 1583 1111 1602 se
1125 1575 1176 1602 sol.
1192 1574 1299 1602 Dicitur
1316 1578 1405 1601 autem
1420 1573 1514 1605 Filius,
1540 1572 1663 1606 splendor
1682 1570 1751 1597 lucis

122 1615 182 1651 ίστη
187 1636 194 1643 .
491 1623 499 1650 ἡ

964 1627 1069 1649 (etcrme
1085 1622 1107 1637 ⁸⁸
1125 1630 1132 1649 :
1156 1626 1180 1648 et
1200 1621 1292 1655 gloriw
1304 1619 1428 1654 splendor
1443 1619 1476 1652 “,
1499 1618 1547 1645 sed
1572 1625 1625 1644 non
1651 1623 1750 1643 secun-

120 1661 185 1687 dum
209 1660 278 1690 lucis
305 1662 441 1690 sensibilis
458 1663 614 1698 imaginem.
635 1662 702 1691 Nam
721 1672 802 1700 supra
818 1667 907 1694 omnis
927 1668 1042 1703 exempli
1077 1666 1282 1694 similitudinem
1295 1685 1303 1698 ,
1338 1663 1570 1693 ineuarrabilibus
1583 1670 1644 1690 eum
1663 1661 1750 1689 modis

120 1713 145 1735 et
174 1708 465 1744 iucomprebendendis
489 1711 618 1746 produxit
649 1712 730 1740 Pater
755 1722 761 1740 :
790 1722 905 1750 eumque
925 1724 1008 1746 unum
1026 1721 1054 1743 et
1079 1715 1265 1750 Unigcuitum.
1299 1712 1393 1747 lmpiis
1425 1717 1513 1739 autem
1533 1710 1668 1743 omnibus,
1684 1713 1712 1737 et
1732 1718 1750 1736 a

120 1755 222 1789 pietate
243 1757 373 1789 remotis,
396 1764 441 1792 qui
468 1758 564 1785 morbo
587 1758 712 1785 laborant
735 1760 767 1787 de
796 1761 906 1789 deorum
926 1762 1110 1794 multitudine,
1143 1761 1305 1788 obturantur
1335 1767 1382 1787 ora
1400 1768 1407 1786 :
1426 1759 1470 1792 qui
1486 1758 1649 1793 singularem
1668 1757 1748 1784 istam

120 1806 148 1829 et
159 1808 286 1830 aeternam
300 1804 430 1839 unigeniti
451 1805 509 1832 Filii
530 1806 749 1840 generationem,
767 1807 793 1835 in
812 1809 1013 1838 multitudinem
1045 1810 1171 1837 deorsqu
1203 1808 1369 1842 conjiciunt,
1398 1805 1507 1833 Patrem
1546 1806 1680 1832 hominum
1700 1811 1749 1832 no-

120 1850 255 1879 minantes
275 1853 453 1887 deorumque,
477 1853 599 1881 homines
621 1854 671 1882 diis
684 1857 908 1891 connniscentcs,
928 1858 1036 1885 Patrem
1051 1862 1233 1893 suppenentes
1264 1857 1305 1884 bis
1337 1863 1527 1890 congenerem.
1546 1854 1615 1887 Alii,
1631 1861 1679 1888 per
1692 1853 1747 1880 daa-

121 1903 232 1923 Inonnm
260 1897 467 1931 operationem.
495 1897 605 1930 impium
637 1898 708 1926 istud
738 1902 846 1928 verbum
881 1908 907 1929 et
927 1903 1060 1930 atbeismo
1090 1903 1197 1938 plenum
1235 1901 1382 1938 protulere,
1407 1902 1471 1928 deos
1491 1907 1670 1934 congeneres,
1698 1899 1747 1926 iis-

120 1942 236 1976 demque
253 1941 424 1978 passiouibus
440 1941 584 1975 obnoxios,
597 1943 694 1976 quibus
713 1945 837 1977 mortale,
866 1947 1002 1980 passibile.
1039 1952 1066 1974 et
1098 1947 1235 1982 peccabile
1246 1954 1331 1981 genus
1354 1946 1493 1973 hominum
1509 1945 1640 1980 subiacet,
1651 1945 1746 1972 borum

119 1988 242 2014 omnium
268 1992 295 2015 et
318 1987 484 2022 singulorum
514 1987 622 2016 Patrem
657 1989 752 2022 Deum,
778 1991 891 2026 singulis
915 1997 942 2019 et
968 1994 1102 2020 universis
1125 1994 1280 2021 assimilari.
1305 1992 1398 2019 Prazco
1422 1996 1510 2018 autem
1538 1991 1746 2019 Ecclesiastieus

120 2033 199 2060 unius
213 2033 270 2066 Dei,
285 2041 366 2060 unum
383 2034 534 2066 annuntiat,
549 2039 576 2061 et
597 2035 764 2069 unigenitum
779 2037 877 2064 Filium
894 2047 900 2065 ι
921 2046 1000 2074 quem
1029 2040 1110 2068 Pater
1135 2040 1168 2067 ad
1192 2040 1306 2067 salutem
1324 2039 1533 2071 universorum,
1575 2042 1602 2065 ct
1634 2037 1747 2073 singulis

121 2079 316 2113 providendum
332 2080 476 2111 creaturis,
491 2081 638 2108 subsistere
652 2082 728 2109 fecit.

444 2126 577 2153 manu
926 2138 948 2165 ο

119 2170 184 2197 ’Ὁτι
204 2171 352 2205 ἀναγκαία
372 2171 421 2197 καὶ
440 2171 588 2208 σωτήριος
608 2173 672 2206 τοῖς
694 2173 790 2200 πᾶσιν
816 2175 834 2208 ἡ
856 2175 909 2202 τοῦ

386 2207 453 2234 Υὶοῦ
470 2207 642 2235 ἐπιστασία.

1267 2127 1343 2155 CAP.
1366 2126 1432 2154 Xlll.

998 2173 1075 2207 Quod
1089 2173 1215 2200 adventus
1230 2172 1295 2205 Filii
1313 2173 1432 2199 omnibus
1448 2173 1527 2207 fuerit
1548 2173 1672 2200 salutaris
1687 2178 1712 2200 et

1269 2216 1440 2235 ιιεεεεδιινιιιε.

996 2254 1219 2288 Quandoquidem
1235 2260 1300 2281 vero
1325 2261 1415 2280 rerum
1438 2258 1676 2288 progeneratarum
1698 2261 1746 2279 na-

159 2252 267 2288 Ὲπειόὴ
279 2254 334 2289 γὰρ
344 2255 360 2288 ἡ
373 2253 427 2280 τῶν
443 2254 592 2288 γεγονότων
604 2254 684 2289 φύσις
699 2255 728 2281 ἐν
743 2254 849 2290 σώμασι
861 2256 908 2282 καὶ

117 2300 284 2335 ἀπωμὰτοις,
300 2299 433 2334 ἐμψύχοις
445 2308 475 2326 τε.
490 2299 536 2325 καὶ
549 2299 671 2335 ἀψύχοις,
686 2300 803 2334 λογικοῖς
818 2310 847 2327 τε
860 2303 907 2328 καὶ

116 2346 233 2380 ἀλόγοις,
258 2345 364 2380 θνητοῖς
383 2354 413 2371 τε
435 2346 482 2372 καὶ
495 2346 647 2378 ἀθανάτοις,
664 2347 695 2372 τὸ
716 2347 842 2383 διάφορον
859 2356 906 2373 κε-

116 2393 240 2428 κτημένη
252 2412 259 2423 ,
274 2392 314 2427 τῷ
331 2392 400 2428 ὑπὲρ
414 2393 522 2419 πάντων
539 2393 584 2418 καὶ¹
599 2393 645 2419 ἐπὶ
661 2394 768 2420 πάντων
782 2393 840 2429 Θεῷ
856 2403 904 2420 πε-

115 2438 207 2470 ’ἆζειν
220 2438 266 2464 καὶ
280 2438 333 2464 τῶν
345 2438 394 2473 τῆς
407 2438 489 2464 αὐτοῦ
506 2438 632 2472 θεότητος
650 2439 838 2474 μαρμαρυγῶν
855 2440 904 2474 οὐχ

112 2493 129 2504 ἰ
141 2491 156 2511 5
173 2493 202 2510 τε
219 2482 252 2519 ἦν
272 2484 394 2519 μετέχειν
409 2484 442 2510 δι’
458 2484 610 2519 ὑπερϐολὴν
626 2485 674 2519 τῆς
687 2485 739 2512 ἀπὸ
755 2484 800 2510 τοῦ
816 2485 904 2520 κρείτ-

113 2538 190 2561 τονος
200 2530 354 2564 ἐλλείψεως,
373 2530 480 2565 μακρὰν
494 2530 522 2555 δὲ
543 2530 590 2556 καί
604 2531 780 2566 πορρωτάτω,
797 2530 902 2564 φύσεως

112 2575 251 2610 ἁοθενείᾳ,
266 2575 394 2601 διολισθὲν
407 2575 439 2602 ἂν
455 2574 508 2610 εἴη,
524 2575 578 2610 (47)
598 2576 622 2601 εἰ
639 2575 675 2611 μὴ
689 2575 755 2602 Θεοῦ
779 2576 904 2611 Σωτῆρος

112 2619 192 2655 ἔτυχε
218 2619 324 2656 βοηθοῦ,
344 2620 455 2651 εἰκότως
472 2620 487 2655 ἡ
505 2620 624 2656 πατρικὴ
642 2620 842 2655 φιλανθρωπία,
860 2622 904 2647 τὸν

959 2306 1029 2333 tura,
1048 2308 1108 2335 quae
1121 2299 1302 2328 differentiam
1321 2301 1417 2327 sortita
1436 2304 1478 2327 est
1491 2299 1679 2334 multiplicem.
1696 2306 1746 2333 per

958 2342 1104 2380 corporeas
1117 2351 1144 2374 et
1157 2346 1332 2380 incorporeas
1349 2347 1482 2373 csscutias
1492 2366 1499 2378 ,
1513 2346 1645 2373 animatas
1661 2350 1688 2372 ct
1701 2345 1744 2372 iu-

957 2393 1092 2420 animatas
1108 2414 1115 2425 ,
1130 2394 1277 2420 rationales
1289 2414 1295 2424 ,
1310 2398 1337 2420 et
1352 2392 1541 2425 irrationales,
1563 2392 1689 2419 mortales
1717 2397 1745 2420 et

957 2439 1127 2466 immortales
1139 2459 1146 2471 ,
1171 2440 1389 2474 appropinquare
1405 2439 1459 2466 Deo
1472 2458 1480 2472 ,
1495 2438 1539 2472 qui
1556 2446 1636 2473 super
1652 2439 1743 2466 omnia

956 2488 983 2511 et
1000 2492 1047 2518 per
1064 2484 1155 2513 omnia
1170 2489 1277 2518 praeest,
1289 2487 1318 2516 ᾖ(
1337 2484 1408 2511 illius
1419 2483 1570 2511 divinitatis
1583 2483 1742 2518 splendores

956 2529 1029 2556 nullo
1055 2529 1134 2556 modo
1158 2530 1247 2564 potuit
1265 2529 1449 2563 participare,
1471 2527 1507 2555 ob
1532 2527 1642 2554 nimiam
1668 2526 1742 2553 illam

955 2583 1031 2602 Suam
1050 2575 1232 2602 deﬁcientiam
1245 2595 1253 2607 ,
1267 2582 1315 2609 per
1340 2582 1419 2609 quam
1439 2581 1453 2600 a
1473 2577 1569 2600 natura
1593 2573 1638 2600 illa
1657 2571 1741 2599 subli-

957 2621 1077 2649 missima
1097 2627 1261 2650 semovetur.
1277 2620 1353 2648 Unde
1369 2627 1466 2655 magno
1478 2639 1485 2653 ,
1510 2620 1566 2646 imo
1583 2618 1740 2654 longissimo

151 2704 182 2734 »Β
195 2701 244 2730 Ed.
262 2702 361 2735 Paris.,
372 2709 451 2738 pagg.
462 2702 554 2735 75,74.
569 2702 591 2718 °'
600 2701 696 2730 Matth.
715 2701 972 2737 xr,27._“.loan.ux,
990 2701 1017 2728 6.
1036 2701 1059 2718 "
1068 2701 1145 2728 Joan.
1156 2700 1247 2734 "1,24.
1285 2700 1308 2716 “
1315 2699 1380 2733 Sap.
1394 2706 1448 2733 vn,
1463 2698 1507 2726 26.
1547 2699 1570 2715 ⁶⁹
1577 2698 1690 2733 ﬂeer,
1710 2699 1737 2726 5.

151 2820 204 2857 με)
220 2821 305 2858 Vingo
321 2823 371 2858 καὶ
389 2821 514 2858 μείωσιν,
529 2821 589 2858 dein
605 2821 667 2857 ῥοὴν
682 2826 708 2849 et
721 2830 898 2858 γεννησιουρε

111 2856 215 2893 γὶιινήει
230 2856 278 2883 καὶ
289 2858 304 2883 ὸ
317 2856 435 2893 ﬁnget
446 2857 495 2883 ἀπ.
507 2856 691 2893 δόξηςηῐιοττο
715 2856 842 2893 αἰσθητόν
864 2856 893 2886 et

112 2892 140 2918 αἱ
151 2891 236 2919 ἀΐδιον
252 2896 281 2927 et
295 2891 509 2925 καταΰάλλοντες
523 2898 549 2919 et
563 2892 641 2927 ἀνδρ.
657 2892 702 2919 καὶ
718 2891 798 2921 θεῶνᾏ
821 2893 891 2923 Dein.

111 2927 184 2954 ἄλλοι
199 2927 228 2954 δὲ
249 2926 299 2963 μέν
310 2932 337 2956 et
351 2927 391 2960 τῷ
403 2928 478 2962 διαφ.
494 2927 547 2962 Mp.
560 2927 595 2954 ετ.
609 2926 647 2953 τό.

950 2866 1024 2894 patet

948 2895 1045 2932 nempe
1057 2896 1148 2924 lilium.
1169 2895 1202 2923 Μ.

988 2825 1044 2861 (47)
1061 2826 1096 2853 Et
1107 2824 1248 2861 μὴηΘεοῇ
1260 2824 1417 2859 Σωτήριος.
1435 2823 1477 2861 Ita
1494 2823 1597 2861 legend.
1626 2823 1738 2861 omnino

1061 2826 1096 2853 Et
1107 2825 1150 2860 μὴ
1171 2825 1246 2852 Θεοῦ
1260 2825 1417 2859 Σωτήριος.
1435 2825 1473 2851 lla
1494 2825 1597 2858 legend.
1626 2825 1737 2852 omnino

1035 2825 1125 2896 {vulgo
1140 2859 1260 2897 el'qttﬁ],
1274 2861 1376 2893 statim,
1390 2858 1529 2896 χωροῦντα
1542 2858 1598 2896 [sic
1608 2863 1634 2887 et
1643 2857 1737 2897 οοιιιιε]
