2032 3211
271 157 323 185 855

604 154 738 183 EUSEBII
758 153 998 182 CASSARIENSIS
1015 152 1091 182 OPP.
1111 153 1203 181 PARS
1222 153 1264 181 IV.
1279 168 1313 173 —
1331 152 1540 181 DOGMATICA.

1838 151 1891 180 856

272 225 281 241 ι
301 215 373 243 dzeos
387 214 545 250 alloquitur,
561 215 606 250 qui
621 219 685 242 tunc
696 214 825 249 temporis
840 221 869 242 se
884 213 967 241 Deum
983 213 1051 241 scire

1108 223 1118 239 ε
1137 213 1249 244 τοῦν-τας
1262 212 1284 239 δ’
1295 212 1376 239 αὑτοῦ
1398 212 1443 239 τὸν
1457 212 1553 246 Λόγον,
1577 210 1611 238 δι’
1623 206 1654 238 οὗ
1668 209 1749 246 μόνον
1760 202 1892 244 de):st

271 273 278 286 ι
301 261 514 293 arbitrabantur,
541 260 657 288 Verbum
673 265 762 287 autem
782 259 828 286 Dei
855 260 1051 294 repudiabant;

271 317 279 330 ε
299 313 354 340 quo
368 309 458 333 tamen
471 306 515 333 ille
534 305 592 333 solo
614 305 777 332 intermedio
795 304 1003 338 agnoscebatur,
1016 304 1055 331 ait

271 360 281 376 ι
302 351 385 379 enim:
402 350 487 378 Nemo
502 352 570 378 nouit
586 350 692 378 Patrem
709 351 758 377 nisi
771 349 869 384 Filius,
880 351 956 377 etcui
967 349 1054 378 Filius

273 406 282 422 ι
299 396 421 424 reuelabit
433 397 467 424 ⁷³.
480 396 547 423 Nam
562 404 623 424 cum
641 396 694 423 alio
708 396 804 431 quovis
827 396 907 423 modo
930 396 1054 431 impossi-

273 452 282 468 ε
305 442 357 470 hile
371 442 465 470 fuisset
491 432 655 478 coéuosccre
671 442 765 476 Deum,
793 449 843 477 per
864 449 941 469 suum
969 442 1054 477 ipsius

272 499 281 514 ι
305 489 431 522 Verbum,
449 489 489 515 sui
501 489 681 523 cognitionem
699 489 853 516 hominibus
869 488 940 516 Deus
954 489 1053 524 imper-

271 544 281 560 ι
300 534 395 568 tiebat,
412 539 441 561 ut
455 541 564 562 errasse
581 533 655 561 illurn
673 534 826 562 certissime
849 539 966 565 constet,
992 542 1053 562 cum

274 588 284 605 ‹
303 587 389 614 neque
401 579 507 607 Patrem
525 581 661 608 exactiore
678 581 767 611 modo,
786 588 874 615 neque
888 580 947 614 ejus
957 579 1053 607 Filium

275 635 286 651 ι
306 626 477 661 intelligeret.
497 637 506 653 ι
525 627 588 655 llaec
606 627 663 662 ipsa
676 628 821 655 Marcellus
846 627 985 655 mandavit
1013 627 1055 654 lit-

273 673 348 706 teris,
364 673 428 700 dum
447 680 476 700 se
494 674 549 700 vult
563 681 680 709 purgare
702 681 717 700 a
730 674 883 709 suspicione
899 675 971 701 omni
1001 673 1053 701 Sa-

269 720 429 748 bcllianismi
446 730 451 747 :
468 720 514 747 sed
531 720 622 755 lingua
641 724 745 747 tantttm
759 726 786 747 et
802 727 868 747 voce
883 724 971 747 tenus.
987 719 1054 747 Nam

267 771 399 800 quantum
416 767 449 793 ad
464 766 546 793 animi
559 767 720 793 sententiam
735 766 789 798 stti,
808 771 911 794 etcum
938 766 984 793 illo
1006 766 1055 793 lto-

269 812 340 839 mine
353 812 566 846 conspirantem.
582 812 677 839 iisdem
703 813 801 846 quibus
815 812 869 844 ille,
886 812 946 840 telis
970 811 1054 838 conli-

269 864 318 884 xus
339 864 400 885 esse
415 857 644 892 deprehenditur,
662 862 690 884 ιιι
716 858 780 884 milti
797 858 905 893 quidem
932 857 997 884 illud
1023 857 1050 884 in

1107 269 1117 286 ‹
1136 269 1180 286 ται
1198 260 1213 287 ὁ
1231 259 1305 290 Θεὸς,
1330 259 1421 293 ἔλεγεν
1433 265 1439 272 ·
1449 258 1556 291 Οὐδεὶς
1571 256 1754 293 ἐπιγινώσκει
1765 256 1820 283 τὸν
1832 258 1892 282 Πα-

1106 315 1115 331 ι
1135 305 1205 341 τέρα
1222 307 1248 333 εὶ
1259 305 1302 340 μὴ
1319 307 1336 333 ό
1355 305 1436 338 Υἱὸς,
1447 305 1496 331 καὶ
1509 300 1577 337 ᾧᾶν
1587 306 1602 331 ὀ
1615 303 1679 336 Υἱὸς
1690 303 1890 337 ἀποκαλύψει.

1107 359 1116 377 ‹
1136 351 1245 386 Ἐπειδὴ
1262 351 1317 386 γὰρ
1332 350 1463 377 ἅδύνατον
1479 347 1512 384 ἦν
1525 349 1625 385 ἑτέρως
1636 348 1735 383 γνῶναι
1754 348 1800 374 τὸν
1814 348 1890 381 Θεὸν,

1107 405 1116 421 ι
1136 395 1180 422 διὰ
1205 395 1252 422 τοῦ
1281 396 1345 422 ἰδίου
1372 395 1458 428 Λόγου
1480 395 1575 425 εἰδέναι
1603 394 1684 421 αὐτὸν
1703 394 1765 425 τοὺς
1785 393 1891 429 ἀνθρώ-

1106 450 1115 467 ‹
1133 450 1200 473 mu;
1218 441 1347 473 διδάσκει,
1364 440 1433 467 ὥστε
1445 439 1546 475 ἐσφάλη
1573 439 1621 475 μὲν
1639 440 1772 471 κάκεῖνος,
1794 439 1832 474 μὴ
1847 439 1891 465 τὸν

1106 497 1116 514 ‹
1138 488 1247 524 Πατέρα
1272 489 1320 515 καὶ
1337 488 1382 515 τὸν
1404 487 1498 515 τούτου
1521 487 1606 521 Λόγον
1626 486 1746 522 ἀκριϐῶς
1770 486 1860 520 γνούς.
1879 495 1888 511 ι

1103 534 1196 562 Ταῦτα
1207 534 1364 570 Μάρκελλος
1379 534 1482 569 ἔγραφε
1494 553 1501 564 ,
1516 533 1566 568 τῆς
1584 532 1628 559 τοῦ
1646 530 1816 563 summa“;
1829 532 1892 557 ὐπο-

1104 581 1177 613 νοίιις
1195 581 1335 617 καθαίρων
1347 580 1453 612 ἑαυτὸν,
1472 579 1552 615 μέχρι
1568 578 1660 613 φωνῆς
1676 579 1724 604 καὶ
1738 578 1818 611 λόγου
1830 586 1836 591 ·
1857 578 1890 612 τῇ

1104 635 1135 660 γε
1151 626 1199 661 μὲν
1214 625 1324 665 γνώμῃ,
1341 626 1386 652 καὶ
1409 627 1441 661 τῇ
1461 624 1528 660 πρὸς
1547 624 1592 650 τὸν
1611 623 1695 658 ἄνδρα
1719 622 1890 663 ὁμοφροσύνῃ

1105 672 1244 700 ἁλίσκεται
1263 674 1319 704 τοῖς
1336 672 1426 702 αὐτοῖς
1452 670 1548 708 ἐκείνῳ
1573 669 1797 705 περιπειρόμενος
1819 668 1892 704 βέλε-

1105 727 1157 745 σιν.
1178 718 1222 750 Ὠς
1237 718 1330 753 ἔμοιγε
1344 719 1391 746 καὶ
1404 718 1437 744 δι’
1452 717 1533 754 εὐχῆς
1553 716 1673 752 ὑπῆρξεν
1689 715 1721 742 ἂν
1737 715 1766 741 τὸ
1781 715 1818 751 μὴ
1831 715 1890 741 τότε

1105 765 1196 796 αὺτοῖς
1215 764 1296 791 αὐτὸν
1311 765 1469 800 περιπεσεῖν
1482 773 1489 781 ν
1515 763 1574 790 νυνὶ
1594 763 1622 789 δὲ
1636 762 1731 789 κάκιον
1753 761 1769 797 ἢ
1788 762 1892 793 ἐκεῖνος

1105 809 1272 845 πλημμελῶν
1285 811 1418 845 φαίνεται.
1427 811 1456 836 'U
1465 809 1513 846 μὲν
1526 809 1579 845 γὰρ
1587 809 1656 844 τάχα
1671 817 1721 835 που
1740 807 1840 842 ceam
1844 816 1892 843 με-

1105 865 1148 887 νος
1158 856 1248 890 ἠγνόει
1261 864 1268 871 ·
1289 857 1303 882 ὁ
1319 856 1357 888 δὲ,
1372 855 1511 890 ὁμολογῶν
1521 854 1653 890 ἐσφάλθαι
1665 854 1720 890 (58)
1736 854 1780 880 τὸν
1795 853 1892 889 ἄνδρα,

267 903 339 931 votis
356 903 402 935 sit.
422 911 457 932 ne
475 904 501 931 in
522 903 600 938 hujus
616 904 782 931 mentionem
802 903 954 930 istiusmodi
985 903 1051 930 inci-

1102 901 1218 928 κᾶπειτα
1242 902 1322 928 αὑτὸν
1345 901 1423 928 ώϐὦν
1449 901 1495 928 ἐπὶ
1512 901 1557 928 τὸν
1583 900 1708 937 προφανῆ
1734 900 1783 935 τῆς
1806 899 1894 934 αὐτῆς

267 949 351 977 disset
367 959 374 977 :
392 950 463 977 ultra
489 950 564 977 illum
577 951 677 985 quippe
691 950 797 977 videtur
820 957 981 985 progressus
999 950 1051 976 im-

267 994 377 1028 pietate.
395 994 440 1021 llle
450 995 522 1022 enim
534 994 668 1027 fortassis,
683 1001 731 1028 per
743 993 924 1028 ignorantiam
934 994 1049 1021 erravit:

269 1043 298 1071 Et
317 1039 363 1068 ille
374 1045 475 1075 autem,
491 1042 609 1076 quicum
629 1042 791 1069 confiteatur
824 1041 899 1068 illutn
917 1041 1053 1068 hominem
1073 1041 1227 1074 aberrasse,
1261 1047 1286 1070 et
1306 1047 1393 1070 tatneu
1425 1044 1600 1077 semetipsum
1618 1042 1646 1069 in
1668 1041 1738 1069 idem
1760 1040 1880 1075 protrusi

1103 948 1261 980 δυσσεϐείας
1295 948 1427 983 κρημνὸν,
1464 948 1591 989 οὐδεμιᾶς
1627 946 1726 981 γένοιτ’
1752 945 1784 973 ἂν
1817 946 1893 978 ἄξιος

1105 994 1279 1030 συγγνώμης.
1295 994 1374 1021 Ἀλλὰ
1388 995 1442 1030 γὰρ
1457 993 1666 1029 διασκεψώμεθα
1679 993 1712 1021 τὰ
1731 993 1894 1054 λελεγμέναὶ

1112 1049 1215 1054 ...ι-η..--
1262 1047 1285 1054 ..ι
1306 1047 1391 1054 ι-.,.,...
1426 1044 1599 1054 -,...λ,.ιι......υ.
1618 1042 1643 1054 ξ..
1668 1041 1737 1054 ελυ...
1760 1040 1879 1054 ..-ιιι-...ετ

267 1087 410 1115 manifeste
438 1088 616 1124 prmcipitium
643 1088 808 1123 impietatis,
838 1089 918 1116 venia
939 1095 1050 1123 prorsus
1068 1089 1291 1125 omniiudiguum
1307 1097 1337 1118 se
1351 1090 1486 1126 praestitit.
1501 1089 1556 1118 Sed
1583 1090 1641 1125 ipsa
1658 1089 1719 1125 ejus
1746 1089 1817 1117 dicta
1849 1089 1891 1116 in-

267 1133 465 1168 trospiciamus.

571 1181 647 1209 CAP.
663 1182 741 1218 pm.

267 1225 403 1258 Quomodo
418 1235 431 1253 e
452 1227 508 1254 suis
523 1228 607 1261 ipsius
622 1228 704 1255 verbis
717 1227 918 1261 deprehenditur
930 1228 1049 1255 eamdem

284 1261 368 1293 ipsam
384 1262 532 1295 opinionem
549 1271 608 1289 cum
624 1261 741 1289 Sabellio
760 1261 856 1296 fovere,
878 1263 1032 1290 Marcellus.

301 1306 436 1340 Imprimis
450 1307 514 1334 illud
528 1309 634 1340 statuit,
657 1315 706 1335 nec
722 1308 867 1336 Sabellium
884 1316 935 1336 nec
943 1308 1050 1336 Iudaeos

265 1353 407 1385 agnovisse
426 1353 519 1386 Deum,
536 1361 569 1380 eo
581 1356 652 1387 quod
666 1354 783 1381 Verbum
800 1355 968 1389 ignorabant.
982 1354 1050 1382 Ver-

266 1397 329 1424 btun
347 1405 411 1425 vero
427 1398 565 1433 quodnam
590 1399 770 1434 intelligebat,
787 1400 983 1434 dispiciendum
1000 1409 1049 1428 no-

264 1442 306 1470 bis
320 1448 373 1471 est.
399 1443 538 1478 Siquidem
569 1444 666 1471 Filium
685 1445 731 1472 Dei
755 1445 933 1480 unigenitum,
961 1445 1049 1473 subsi-

265 1495 381 1516 stentem
397 1489 487 1517 vivum
499 1497 569 1522 esse,
587 1490 726 1518 enimvero
744 1491 814 1518 ltunc
828 1491 864 1518 ita
880 1499 967 1527 neque
981 1492 1051 1527 ipse-

266 1540 321 1561 met
336 1535 454 1570 agnovit.
465 1534 587 1570 Cumque
612 1536 739 1564 Servator
757 1541 850 1564 noster
870 1537 1050 1565 diversimode
1064 1551 1085 1579 ο

265 1580 428 1606 mentionem
447 1579 507 1607 Filii
535 1580 651 1608 fecerit:
673 1585 700 1608 et
720 1581 858 1609 multoties
873 1581 1048 1617 Unigenitum

265 1622 340 1650 illum
355 1623 542 1658 appellaverit,
559 1632 610 1652 nec
623 1625 721 1652 alicubi
738 1633 768 1652 se
781 1624 900 1652 Verbum
929 1626 1049 1652 nomina-

264 1668 344 1700 verit,
362 1669 409 1695 sed
428 1668 528 1704 ubique
541 1676 589 1704 per
597 1669 742 1704 Evangelia
759 1677 788 1696 se
800 1669 846 1696 Dei
864 1669 960 1696 Filium
972 1677 1050 1697 usur~

265 1713 371 1748 paverit
387 1723 394 1745 ί
408 1713 442 1740 ob
457 1721 570 1749 eamque
586 1714 673 1748 ipsam
691 1714 909 1747 confessionem,
941 1715 1048 1742 Petrun

262 1759 371 1785 beatum
386 1759 573 1793 prazdicaverit
595 1765 705 1795 propter
729 1760 802 1787 illam
824 1760 1046 1789 confessionem:

265 1803 305 1832 Τιι
323 1812 350 1831 es
361 1804 407 1834 ille
418 1804 549 1837 Christus,
565 1804 652 1831 Filius
669 1805 717 1832 Dei
731 1797 785 1832 viui
796 1805 818 1821 ⁷⁸
832 1813 842 1832 .'
861 1806 936 1840 Cujus
951 1806 1050 1833 revela-

264 1849 364 1877 tionem
391 1857 406 1876 a
432 1848 511 1876 Patre
528 1849 679 1885 profectam
695 1851 719 1878 ei
741 1851 810 1878 dixit
824 1851 984 1883 innotttisse,
1003 1851 1046 1878 ttbi

263 1895 439 1929 testificatur,
459 1895 557 1926 Beatus
574 1905 611 1930 es,
626 1897 717 1925 Simon
727 1897 856 1932 Barjana.
878 1899 940 1933 quia
951 1907 1013 1925 caro
1024 1903 1048 1925 et

263 1943 372 1977 sanguis
387 1943 435 1970 hoc
457 1944 503 1970 tibi
520 1952 572 1970 non
591 1944 724 1978 reuelauit,
745 1945 790 1972 sed
810 1944 893 1971 Pater
917 1953 989 1971 meus
1003 1945 1047 1979 qui

264 1992 301 2015 est
313 1988 340 2015 in
352 1989 423 2016 caelis
450 1989 484 2016 "'.
506 1988 555 2017 Vir
569 1989 620 2017 iste
637 1990 813 2021 admirabilis.
833 1990 975 2018 obturatas
1000 1990 1049 2017 ha-

264 2034 331 2061 bens
348 2042 439 2066 aures.
451 2034 508 2061 haec
523 2035 630 2062 disertis
652 2034 742 2063 verbis
768 2035 862 2063 scribit
878 2043 884 2061 :
903 2045 912 2061 ι
930 2035 963 2062 Ει
979 2036 1048 2063 hanc

264 2080 350 2114 ipsum
369 2079 404 2106 ob
418 2079 548 2107 rationem
562 2080 654 2107 nullibi
672 2089 702 2108 se
720 2080 816 2107 Filium
833 2081 879 2108 Dei
903 2081 1048 2113 nominat,

265 2124 366 2158 ubique
380 2128 469 2151 autem
482 2124 579 2152 Filium
606 2126 736 2160 hominis,
761 2131 789 2153 ιιι
804 2134 851 2161 per
877 2127 947 2155 hanc
969 2134 1047 2154 suam

263 2169 473 2204 confessionem,
490 2175 583 2198 notum
599 2171 709 2204 faceret,
728 2178 788 2198 cum
806 2172 851 2207 qui
877 2177 1048 2200 revera'erat

1418 1182 1495 1208 xeo.
1516 1182 1574 1215 ις’.

1103 1227 1201 1261 Ὅπως
1220 1227 1376 1254 ἁλίσκεται
1392 1227 1440 1254 διὰ
1455 1227 1513 1254 τῶν
1527 1227 1619 1255 αὐτοῦ
1637 1227 1753 1262 φωνῶν,
1764 1227 1801 1254 τὰ
1815 1227 1893 1256 αὐτὰ

1208 1262 1247 1295 τῷ
1261 1263 1410 1294 Σιιϐελλίῳ
1425 1262 1555 1295 δοξάζων
1570 1264 1587 1290 ὁ
1600 1263 1789 1297 Μάρκελλος.

1138 1308 1249 1344 Πρῶτον
1270 1309 1319 1344 μὲν
1340 1306 1386 1335 οὖν
1409 1309 1479 1344 μήτε
1500 1308 1545 1335 τὸν
1562 1308 1716 1340 Σαϐἐλλιον,
1735 1309 1805 1345 μήτε
1823 1309 1891 1336 Ἰου-

1102 1355 1193 1387 δαίους
1207 1355 1358 1390 ἡγνωκέναι
1365 1355 1409 1382 τὸν
1417 1355 1483 1382 Θεὸν
1491 1354 1552 1391 ἔφη,
1564 1355 1603 1390 τῷ
1615 1355 1652 1391 μὴ
1662 1355 1706 1382 τὸν
1712 1356 1796 1390 Λόγον
1804 1356 1893 1390 ἠγνω-

1103 1400 1179 1426 κέναι
1194 1400 1299 1432 αὐτούς.
1309 1400 1364 1436 (59)
1373 1400 1527 1435 Σκέψασθαι
1541 1401 1569 1427 δὲ
1588 1401 1640 1437 χρὴ
1659 1402 1750 1428 ὁποῖον
1765 1401 1892 1428 ὑποτιθε-

1103 1455 1146 1472 ται
1163 1446 1263 1480 Λόγον·
1290 1446 1321 1472 Εἰ
1344 1445 1394 1481 μὲν
1410 1445 1464 1481 γὰρ
1480 1446 1526 1472 τὸν
1544 1446 1606 1473 Υἱὺν
1619 1446 1665 1473 τοῦ
1688 1446 1755 1473 Θεοῦ
1773 1446 1818 1473 τὸν
1840 1455 1891 1482 μο-

1105 1492 1210 1528 νογενῆ,
1226 1492 1271 1519 τδν
1288 1491 1442 1527 ὑφεστῶτα,
1468 1493 1512 1520 καὶ
1535 1491 1624 1525 ζῶντα
1636 1512 1643 1524 ,
1666 1491 1723 1518 ἀλλ’
1740 1492 1794 1518 οὐδ’
1809 1492 1890 1524 αὐτὸς

1102 1537 1197 1565 τοῦτον
1214 1537 1294 1572 ἔγνω.
1309 1537 1412 1566 Αὐτίκα
1428 1538 1450 1565 δ’
1463 1535 1520 1570 οὖν,
1540 1538 1587 1565 τοῦ
1607 1539 1733 1574 Σωτῆρος
1745 1537 1823 1574 ἡμῶν
1835 1538 1891 1564 δια-

1102 1583 1192 1619 φόρως
1209 1583 1443 1619 μνημονεύσαντος
1459 1583 1505 1610 τοῦ
1527 1583 1602 1616 Υἱοῦ,
1617 1584 1664 1610 καὶ
1687 1583 1817 1615 πολλάκις
1843 1592 1890 1618 μο-

1101 1628 1197 1664 νογενῆ
1214 1628 1278 1656 Υίὺν
1298 1628 1462 1660 ἀνειπόντος,
1480 1628 1527 1655 καὶ
1542 1628 1675 1664 μηδέποτε
1689 1628 1774 1662 Λόγον
1794 1628 1891 1654 ἑαυτὸν

1100 1675 1327 1706 ἀποκαλέσαντος,
1348 1674 1391 1701 διὰ
1405 1675 1512 1702 πάντων
1530 1674 1558 1701 δὲ
1571 1674 1626 1700 τῶν
1640 1673 1812 1709 Εὐαγγελίων
1826 1673 1890 1700 Υιὺν

1100 1721 1167 1748 Θεοῦ
1181 1719 1249 1748 εἶναι
1260 1721 1425 1753 διδάξαντος,
1443 1721 1485 1754 ἐφ’
1504 1717 1526 1754 ᾦ
1548 1720 1595 1747 καὶ
1614 1720 1762 1756 μακαρίζει
1776 1719 1822 1746 τὸν
1837 1720 1890 1746 Πέ-

1100 1776 1163 1803 τρον
1177 1767 1317 1803 sip-quon,
1333 1767 1374 1794 Σὺ
1388 1765 1418 1794 εἴ
1431 1768 1448 1793 ὁ
1461 1767 1599 1800 Χριστὸς,
1618 1768 1634 1793 ὁ
1651 1767 1718 1799 Υἱὸς
1744 1766 1796 1793 τοῦ
1813 1766 1889 1793 Θεοῦ

1099 1812 1152 1842 τοῦ
1167 1812 1287 1846 ζῶντος·
1303 1813 1350 1839 καὶ
1363 1812 1412 1848 τὴν
1428 1812 1528 1848 γνῶσιν
1545 1812 1620 1848 αὐτῷ
1636 1812 1834 1847 ἀποκαλύψεως
1842 1812 1888 1839 τοῦ

1100 1857 1205 1892 Πατρὸς
1219 1857 1357 1891 γεγονέναι
1374 1858 1507 1892 μαρτυρεῖ
1518 1866 1617 1893 ῳησας,
1629 1857 1779 1891 Μακάριος
1793 1856 1830 1890 εἴ,
1842 1857 1890 1884 Σί-

1097 1911 1162 1936 μων
1172 1901 1315 1936 Βαριωνᾶ,
1331 1903 1375 1929 ὅτι
1390 1903 1468 1938 σὰρξ
1484 1904 1533 1930 καὶ
1546 1901 1618 1938 αἷμα
1633 1904 1690 1930 οὑκ
1710 1902 1889 1937 ἀπεκάλυψέ

1100 1955 1160 1979 σοι,
1175 1947 1243 1974 ἀλλ’
1266 1948 1283 1974 ό
1299 1947 1399 1982 Πατήρ
1409 1957 1470 1982 μου
1485 1949 1501 1975 ὀ
1525 1947 1679 1981 οὐράνιος⁸
1701 1948 1715 1974 ὁ
1734 1947 1889 1982 θαυμαστὸς

1099 1990 1176 2025 οὗτος
1190 1992 1284 2028 ὥσπερ
1299 1993 1464 2028 βεϐυσμένος
1478 1992 1512 2019 τὰ
1533 1990 1600 2025 ὦτα,
1620 1993 1706 2020 ταῦτα
1728 1993 1799 2020 κατὰ
1815 1993 1888 2026 λέξιν

1098 2037 1216 2072 γράφει·
1235 2047 1244 2064 ι
1265 2038 1320 2064 Καὶ
1341 2039 1385 2065 διὰ
1397 2038 1476 2066 τοῦτο
1487 2039 1536 2074 οὐχ
1551 2039 1616 2065 Υἰὺν
1636 2039 1702 2065 Θεοῦ
1718 2039 1813 2065 ἑαυτὸν
1829 2039 1888 2065 ὀνο-

1102 2092 1110 2108 ι
1132 2084 1222 2118 μάζει,
1238 2083 1305 2111 ἀλλὰ
1316 2084 1452 2119 πανταχοῦ
1468 2085 1531 2110 Υἱὸν
1540 2083 1682 2119 ἀνθρώπου
1694 2085 1789 2111 ἑαυτὸν
1803 2085 1887 2119 λέγει.

1101 2138 1110 2154 ‹
1131 2129 1174 2156 ἴνα
1192 2129 1236 2156 διὰ
1257 2130 1306 2166 τῆς
1333 2130 1460 2166 τοιαύτης
1477 2130 1639 2166 ὁμολογίας,
1668 2129 1723 2165 (60)
1751 2129 1824 2157 θέσει
1842 2130 1887 2157 τὸν

1101 2183 1110 2199 t
1131 2175 1283 2210 ἄνθρωπον,
1297 2175 1341 2201 διὰ
1356 2176 1405 2211 τῆς
1416 2175 1483 2212 πρὸς
1490 2175 1569 2202 αὐτὸν
1586 2175 1809 2207 κοινωνίας,Υἱὺν
1819 2176 1887 2202 Θεοῦ

263 2215 351 2244 Filius
363 2217 488 2250 hominis,
501 2222 610 2252 propter
623 2218 837 2245 communionem
851 2217 934 2251 illam,
950 2218 1046 2245 Filium

1103 2229 1112 2246 ι
1133 2220 1259 2254 γενέσθαι
1279 2221 1487 2257 παρασκευάσῃ.
1506 2231 1515 2247 ι
1543 2221 1624 2256 Ὁρᾷς
1655 2222 1729 2253 ὅπως
1746 2221 1810 2248 Υἱὸν
1838 2222 1887 2257 μὲν

263 2262 310 2290 Dei
328 2263 514 2291 constitutttm.
536 2273 546 2289 ι
558 2263 637 2290 Vides
650 2268 749 2296 autem,
766 2264 836 2298 quod
852 2272 904 2291 non
927 2265 1007 2293 audet
1024 2272 1051 2292 se

1102 2267 1182 2293 αὐτὸν
1197 2267 1245 2293 τοῦ
1257 2267 1324 2294 Θεοῦ
1340 2267 1480 2303 ὁμολογεῖν
1498 2268 1529 2294 οὐ
1541 2267 1638 2303 τολμᾷ,
1654 2268 1691 2300 ὼς
1703 2268 1735 2294 ἂν
1754 2267 1791 2303 μὴ
1806 2268 1888 2295 ἐκπέ-

265 2309 312 2336 Dei
341 2309 437 2337 Filium
462 2309 602 2344 profiteri:
628 2317 662 2336 ne
684 2317 699 2336 a
719 2309 846 2343 dogmate
879 2310 924 2337 illo
943 2310 1051 2337 excidat

1102 2321 1140 2338 σοι
1153 2311 1200 2338 τοῦ
1217 2312 1361 2339 Σαϐελλίου
1372 2313 1515 2348 δόγματος·
1528 2312 1591 2338 Υίὸν
1603 2312 1631 2338 δὲ
1641 2311 1785 2348 ἀνθρώπου
1799 2312 1886 2344 καλεῖ,

263 2355 429 2383 Sabelliano.
449 2355 547 2383 Filium
574 2363 641 2383 vero
660 2356 788 2388 hominis,
807 2361 917 2390 propter
937 2363 1047 2384 carnem

1102 2357 1130 2384 δι’
1146 2357 1178 2393 ἣν
1192 2357 1319 2393 ἀνείληφε
1337 2358 1435 2394 σάρκα.
1451 2358 1506 2385 Καὶ
1535 2357 1621 2392 Λόγον
1651 2357 1680 2384 δὲ
1705 2358 1738 2384 δι’
1752 2358 1813 2384 ὅλου
1839 2357 1886 2385 τοῦ

262 2400 335 2427 illam
367 2408 446 2435 quam
471 2401 627 2436 assumpsit,
653 2401 786 2428 nominat.
819 2400 937 2428 Verbum
956 2405 1046 2428 autem

1102 2403 1199 2429 οἰκείου
1218 2404 1433 2439 συγγράμματος
1450 2403 1577 2439 ὀνομάζει
1595 2403 1712 2439 συνεχῶς
1737 2405 1886 2440 ἐπισημαι-

261 2445 363 2480 ubique
379 2445 406 2473 iu
424 2446 470 2473 illo
480 2454 530 2473 suo
541 2446 642 2480 scripto
659 2445 803 2481 compellat
817 2445 998 2480 frequentius,
1018 2449 1047 2473 ut

1102 2447 1218 2482 πιόμενος,
1235 2448 1273 2479 ὡς
1288 2448 1362 2474 οὐδὲν
1378 2448 1433 2484 (61)
1447 2448 1539 2484 ἕτερον
1557 2446 1590 2483 ἦν
1613 2448 1707 2482 Λόγος.
1729 2449 1784 2475 Καὶ
1804 2450 1833 2475 ἐν
1845 2446 1886 2481 οἷς

260 2490 394 2518 indicaret
405 2490 482 2524 illud,
497 2490 548 2518 nisi
558 2490 684 2531 Verbum,
698 2490 764 2518 nihil
778 2498 889 2521 prorsus
899 2491 1045 2520 exstitisse.

1102 2493 1118 2520 5‘
1131 2491 1177 2520 οὖν
1192 2493 1238 2520 τὸν
1253 2493 1394 2520 Σαδέλλιον
1410 2494 1819 2529 καταμέμφεται,παρατίθεται
1834 2494 1885 2531 μὲν

297 2552 326 2581 ᾖ(
344 2549 392 2577 Ed.
406 2548 505 2582 Paris.,
522 2557 584 2585 pag.
600 2549 645 2576 77.
674 2549 710 2579 ⁷³,
731 2549 827 2577 Matth.
841 2548 934 2581 xt,27.
966 2550 990 2565 ’⁸
1006 2549 1046 2575 Ma

1116 2548 1229 2582 “1,16.
1269 2552 1292 2567 ὀ
1307 2553 1374 2579 luta.
1390 2553 1433 2586 l6,
1454 2557 1496 2584 Π.

294 2629 350 2666 (58)
370 2629 461 2670 _l_lulg_o
481 2629 623 2670 ⁸ὴοφόιλβαι
655 2634 683 2658 et
714 2629 810 2657 ἑαυτὸν
835 2626 904 2657 ὧθεν
931 2635 959 2658 et
973 2631 1046 2664 ἄξιος

1102 2632 1212 2670 obscura
1229 2642 1237 2668 ς
1257 2634 1437 2670 Ιιοογνοίοίιιιι,
1451 2633 1497 2661 τὸν
1511 2634 1664 2670 ἄνθρωπον,
1679 2641 1775 2669 nempe
1789 2635 1880 2669 φύσει,

260 2664 355 2699 συγγν.
370 2664 403 2692 Et
417 2664 459 2693 bis
477 2664 643 2701 ἡγνὼκέναι.

296 2701 351 2721 15m
371 2699 540 2721 E'ws‘ilrnnﬂn:
552 2701 586 2721 R1!-
602 2701 666 2721 πηγήν
686 2700 724 2721 [In
753 2701 819 2721 ΙιιιπιΔ
835 2700 900 2721 Nam
913 2700 963 2721 hm|
977 2701 1032 2721 vult

1102 2667 1171 2699 Βέσει
1186 2664 1285 2696 factum
1305 2669 1351 2696 Dei
1377 2669 1484 2698 Filium.
1502 2664 1610 2702 propter
1631 2664 1702 2696 illam
1728 2664 1880 2699 κοινώνίανξ

1102 2702 1122 2721 Μ
1148 2719 1182 2721 _
1196 2703 1259 2721 mn.
1275 2704 1352 2721 νηιηη
1427 2703 1494 2721 τιμῇ
1508 2705 1588 2721 ..ι-θλ..
1599 2704 1661 2721 smn

296 2701 351 2733 (59)
367 2699 541 2734 Σκέψαιίθαι
552 2701 586 2728 δὲ
600 2701 668 2736 χρή.
686 2700 724 2727 lta
753 2701 820 2735 lego.
834 2700 900 2728 Nam
913 2700 963 2728 hoc
977 2701 1044 2734 vult,
1097 2701 1132 2731 M.
1147 2719 1182 2723 —
1195 2703 1259 2731 Dein
1275 2704 1352 2739 vulgo
1367 2704 1415 2739 μὲν
1427 2703 1494 2730 Θεοῦ
1502 2699 1588 2731 αὐτὸν
1599 2704 1674 2740 ὁμολ.

261 2735 395 2776 δημεηίυε
410 2735 628 2776 ιιεοηιίηζιηλόγου
635 2736 794 2776 _.-quid_per
818 2735 895 2776 λόγον
913 2736 1045 2776 intelligat
1131 2739 1186 2775 (Gl)
1202 2740 1324 2776 Ἕτερον
1337 2738 1408 2776 ἦγένά
1418 2739 1522 2776 Λόγος.
1538 2739 1608 2773 Lege
1615 2740 1645 2776 si
1663 2739 1699 2775 μὴ
1712 2740 1727 2766 ὁ
1741 2739 1836 2776 Λόγῳ,
1854 2740 1879 2767 id

263 2771 409 2814 fideamu‘s'.
426 2771 495 2814 Num
514 2771 619 2814 filium"?
635 2771 670 2798 Μ.
690 2771 798 2814 τ-Μοιι
818 2773 898 2814 vulgo
910 2771 1043 2814 μηδέποτε
1094 2771 1246 2814 enim'vull,
1263 2771 1402 2814 nulloalio
1413 2771 1536 2814 bonum:
1546 2771 1718 2814 appellatum.
1730 2771 1879 2814 —_§I_l_._lmo

260 2805 355 2838 ὲαυτρν
377 2805 455 2840 λόγον
466 2811 492 2832 et
506 2807 557 2842 μοῠ
572 2807 587 2833 ὁ
600 2807 758 2842 ἐπουράνιος
774 2811 802 2833 et
823 2805 900 2838 οὗτος
925 2806 1041 2842 ὑπερϐε-

260 2839 395 2872 ϐυσμένος
411 2846 438 2867 et
453 2841 509 2868 υἱὸν
525 2841 669 2872 ἀνθρώπου
685 2842 728 2868 ἵνα
741 2842 795 2868 διά.

1106 2805 1269 2844 εεθηάιιηιεί
1285 2811 1348 2845 quid
1377 2810 1453 2837 video
1473 2807 1507 2844 ἦν
1523 2810 1539 2843 ἢ
1564 2805 1644 2844 λόγος
1673 2809 1709 2838 cf.
1724 2817 1751 2845 p.
1769 2810 1819 2837 ll7
1835 2810 1875 2843 D;

1103 2853 1174 2872 torro
1191 2846 1270 2872 vuiao
1281 2845 1458 2872 παρατίθεται
1471 2844 1530 2872 τάς.

281 2849 395 2874 υσμενος
411 2849 438 2867 et
453 2849 509 2868 utov
525 2849 669 2876 avnpwmu
686 2850 728 2868 ινα
741 2849 795 2868 οια.

297 2875 353 2912 (GU)
368 2875 454 2903 Θέσει
480 2877 532 2904 τὸν
557 2877 722 2911 ἄνθρωπον.
751 2875 902 2911 'l‘rajectitia
924 2881 996 2911 sunt,
1012 2882 1039 2905 et

1103 2853 1174 2873 ιοιτο
1191 2849 1270 2881 vulgo
1281 2849 1458 2881 παρατίθεται
1471 2849 1530 2876 τας.
