2032 3211
264 146 317 177 859

614 144 748 172 EUSEBII
767 143 1000 172 CESARIENSIS
1018 144 1093 172 OPP.
1115 144 1201 172 PARS
1219 144 1264 172 IV.
1284 160 1318 166 —
1336 143 1545 172 DOGMATICA.

1827 146 1880 174 860

268 215 279 234 ε
298 205 388 240 operis
403 205 586 233 tantummodo
605 206 732 233 eﬂlcacia.
757 215 766 231 ι
782 205 914 238 Quocirca
936 206 980 233 ubi
1010 205 1045 231 ita

1106 214 1110 230 I
1130 205 1254 240 πράξεως
1274 205 1407 240 ἐνεργείᾳ.
1422 214 1431 231 ι
1444 205 1554 240 Διόπερ,
1571 205 1635 231 ποτὲ
1655 205 1703 240 μὲν
1715 204 1881 240 ἀπεφαίνετο

265 252 367 285 statuit,
394 251 550 286 priusquam
579 252 693 278 mundus
723 252 940 284 produceretur,
982 251 1046 278 nihil

266 297 378 324 omnino
403 301 500 331 praeter
536 296 618 323 Deum
653 296 796 328 exstitisse,
824 301 852 322 et
883 295 945 323 alibi
973 296 1048 322 hisce

266 342 331 374 ipsis
350 341 440 368 verbis
465 342 570 368 utitur:
595 351 604 366 ι
623 340 692 368 Cum
717 341 834 367 nondum
859 341 910 368 iste
934 341 1048 367 mundus

268 397 278 413 ι
300 387 444 422 productus
467 386 561 419 fuerat,
589 391 686 420 praeter
706 386 789 413 Deum
809 386 917 420 quidem
949 386 1047 418 solum,

270 442 279 458 ι
301 433 366 460 nihil
394 437 453 460 erat
479 432 567 465 aliud;
584 441 593 458 ι
615 438 639 458 et
664 432 707 459 ubi
733 432 852 458 divinum
886 432 950 459 illud
982 431 1048 459 Ver-

267 480 350 511 bum,
386 482 476 506 nostro
504 478 648 505 indicativo
680 485 727 512 per
758 477 850 504 omnia
889 477 1049 504 assimilavit

267 526 358 557 verbo,
385 525 410 551 in
430 524 526 559 quibus
544 524 593 551 ista
612 524 708 551 scribit
735 523 782 559 [Β.
811 522 854 550 LV
873 524 933 551 colt.
963 531 988 557 p.
1015 523 1049 550 59

267 571 299 598 1).
316 571 366 597 ιιι
381 571 409 597 D.
425 569 526 605 1258.]
550 578 556 596 :
570 579 580 595 ι
601 569 829 602 Quemadmodum
857 577 900 596 res
918 570 1049 602 universa:

271 625 280 641 ι
300 623 359 650 qua
373 616 511 650 producta:
522 615 638 647 fuerunt,
651 623 665 642 a
679 614 759 642 Patre
772 615 990 650 producebantur
1001 622 1049 649 per

272 672 280 686 ι
304 661 430 695 Verbum,
460 661 492 688 ad
508 661 631 688 eumdem
644 661 750 688 modum
766 666 863 696 etquae
879 670 893 687 a
918 661 997 688 Patre
1007 661 1048 688 di-

270 718 279 732 σ
297 708 438 737 cebantur,
454 715 501 742 per
510 707 627 734 Verbum
645 708 758 735 indicem
770 708 946 735 edebantur.»
960 707 1048 742 Atque

267 754 316 786 ita,
330 761 391 780 cum
407 753 457 780 hoc
471 757 547 786 pacto
569 752 744 780 indicativum
758 752 869 779 verbum
888 752 1046 786 compellas-

267 803 309 825 set
331 798 429 833 ipsum.
447 805 573 824 sermone
596 798 784 832 progrediente
810 802 897 824 tamen
923 797 1047 825 eumdem

268 844 354 877 ipsum
377 850 391 869 a
408 842 487 869 Patre
502 843 708 877 inseparabilem
720 843 888 876 pronuntiat,
903 843 973 876 quod
987 850 1047 876 spe-

266 891 324 914 ctat
344 887 377 914 ad
405 887 563 922 hypostasin
593 895 686 920 suam,
716 895 853 921 unumque
879 895 941 915 cum
969 887 1048 915 Patre

267 937 348 967 atque
372 933 441 959 idetn
467 933 556 964 docet,
582 934 655 960 hisce
679 933 791 960 verbis:
813 943 822 959 ι
845 933 933 968 Atque
965 934 1048 965 istud,

270 987 278 1002 ι
300 978 405 1012 opinor,
432 978 477 1013 qui
494 984 567 1005 recte
590 979 682 1005 volunt
703 986 809 1012 sapere,
833 987 885 1005 non
904 979 1048 1005 admodum

270 1031 279 1048 ι
299 1023 442 1050 difﬁculter
456 1024 593 1051 collecturi
611 1028 672 1050 sunt
688 1024 721 1050 ah
735 1024 797 1050 exili
813 1024 931 1058 quodam
957 1029 982 1051 et
997 1025 1048 1051 hu—

270 1077 278 1093 c
301 1068 356 1094 mili
380 1068 451 1095 inter
467 1069 589 1096 homines
600 1069 732 1103 exempla.
747 1069 812 1095 Nam
829 1077 877 1096 nec
890 1070 1048 1101 humanum,

271 1125 278 1137 ι
305 1113 338 1141 ab
353 1114 461 1141 homine
477 1115 597 1147 verbum,
611 1120 745 1148 potestate
764 1116 853 1149 quivis
870 1121 896 1142 et
911 1116 1049 1150 hypostasi

271 1170 278 1184 ι
301 1159 477 1194 separaverit.
497 1160 541 1187 Est
558 1161 631 1187 enim
646 1161 769 1193 verbum,
784 1169 865 1188 unum
883 1165 962 1196 atque
980 1162 1049 1188 idem

270 1214 279 1229 ι
296 1212 357 1232 cutn
371 1205 478 1232 homine
494 1213 502 1231 :
518 1213 569 1232 non
582 1205 660 1232 aliter
672 1206 782 1232 omnino
798 1207 958 1240 separabile,
968 1214 1048 1240 quam

271 1259 281 1275 ο
300 1250 382 1277 solius
403 1250 569 1284 operationis
592 1249 698 1276 elTectu.
716 1260 724 1276 ι
738 1250 795 1283 Qua
822 1251 997 1278 similitudine
1022 1255 1051 1277 et

269 1295 332 1321 alibi
348 1303 411 1322 usus
424 1300 475 1326 est,
493 1296 535 1322 ubi
552 1296 589 1321 ait
605 1296 649 1331 [IL
668 1296 733 1331 LVI]
749 1305 755 1321 :
775 1305 784 1321 ε
800 1296 971 1330 Qumcunque
989 1302 1051 1323 sunt

272 1349 281 1365 ο
304 1347 363 1374 quae
375 1339 453 1367 Pater
466 1340 536 1374 loqui
554 1340 773 1374 deprehenditur,
797 1341 841 1367 illa
857 1341 947 1367 omnia
963 1342 1050 1376 prolo‘

272 1394 281 1410 ‹
303 1385 394 1420 quitur
409 1393 457 1418 per
474 1385 587 1412 Verbum
613 1393 700 1412 suum.
724 1387 812 1420 Atque
839 1386 889 1412 hoc
919 1387 944 1412 in
975 1387 1052 1414 uobis

274 1439 283 1456 ι
306 1431 370 1464 ipsis
384 1435 495 1464 apparet
509 1438 569 1456 esse
586 1430 631 1460 ita,
648 1431 778 1464 siquidem
792 1431 881 1466 parvis
897 1431 976 1458 liceat
992 1440 1050 1458 ma-

274 1485 282 1501 :
303 1484 355 1511 gna
369 1483 539 1510 componere.
565 1475 631 1502 Nam
647 1484 813 1511 quaecunque
839 1485 887 1504 nos
909 1477 984 1511 juxta
1003 1487 1052 1505 no-

273 1538 277 1543 -
305 1527 390 1548 strum
405 1528 499 1555 posse,
521 1521 610 1548 dicere
626 1521 665 1548 vel
686 1521 776 1549 facere
795 1524 986 1558 cupiverimus,
1005 1532 1052 1556 per

274 1575 285 1592 ‹
305 1571 424 1594 nostrqu
450 1574 498 1594 nos
524 1567 635 1594 verbutu
659 1567 704 1595 illa
719 1568 814 1595 ell'ecta
829 1569 934 1597 damus.
963 1579 971 1595 ι
990 1569 1053 1596 lltec

271 1619 321 1640 nos
342 1617 448 1646 oportet
471 1613 626 1641 existimare
652 1622 703 1641 non
719 1615 807 1642 minus
826 1615 982 1643 Marcellum
1013 1616 1053 1643 di-

272 1661 378 1683 centem
399 1657 501 1689 audire,
521 1666 602 1693 quam
620 1658 778 1687 Sabelliutu.
800 1660 855 1687 Nisi
879 1660 948 1688 forte
962 1661 1052 1688 riden-

271 1704 334 1729 dum
356 1703 464 1731 volebat
479 1704 625 1731 Sabellium
648 1704 791 1733 Marcellus
810 1706 970 1740 propinare;
991 1707 1053 1742 quia

273 1757 325 1777 non
352 1750 479 1783 audebat,
511 1751 581 1785 quod
606 1758 688 1778 ausus
701 1756 743 1778 est
771 1752 836 1786 ipse,
855 1752 970 1779 Verbum
992 1753 1055 1780 illud

273 1795 321 1822 Dei
341 1795 531 1828 indicativum,
554 1798 626 1831 quod
647 1797 783 1824 existimat
811 1803 931 1831 tantum,
957 1799 1054 1826 Filium

272 1842 320 1869 Dei
341 1842 491 1869 nominare.
512 1842 592 1870 Certe
618 1851 671 1870 non
697 1851 729 1871 eo
743 1843 864 1878 prorupit
887 1844 909 1871 is
933 1845 1054 1876 insanizv,

274 1892 304 1914 ut
321 1895 485 1921 sermonem,
513 1896 560 1922 per
586 1889 675 1915 omnia
695 1889 814 1915 humano
839 1890 1004 1916 simillimum
1025 1893 1054 1922 bis

275 1933 330 1960 Deo
343 1933 462 1960 omnium
487 1941 614 1966 supremo
632 1933 744 1960 auderet
759 1934 906 1961 ascribere.
932 1934 985 1960 Sed
1006 1942 1057 1961 nec

273 1985 307 2004 eo
319 1978 441 2006 stultitia:
456 1979 573 2009 devertit.
589 1984 618 2005 ut
636 1979 748 2006 verbum
765 1979 873 2014 aliquod
900 1987 951 2006 non
968 1980 1058 2007 subsi-

274 2032 360 2060 stens,
383 2027 481 2054 Filium
509 2027 555 2054 Dei
571 2027 732 2054 nominaret.
761 2026 892 2060 Quocirca
910 2028 955 2062 qui
977 2035 1057 2054 unum

275 2072 342 2099 dixit
363 2072 446 2098 Deum
470 2072 613 2105 Sabellius,
640 2071 735 2099 Filium
747 2079 810 2098 vero
827 2072 980 2106 abnegavit.
995 2080 1058 2099 con-

275 2122 438 2152 sequenter,
467 2118 612 2145 secundum
639 2125 713 2145 suam
741 2118 949 2151 suppositionem
985 2125 1060 2144 eum-

274 2163 334 2190 dem
362 2163 505 2190 alIirmavit
517 2163 635 2194 Patrem,
652 2170 732 2197 quem
752 2167 779 2189 et
798 2162 905 2189 Filium.
921 2162 1061 2189 Marcellus

1099 251 1151 285 πρὸ
1162 251 1211 285 τῆς
1224 250 1270 277 τοῦ
1286 251 1389 285 κόσμου
1413 250 1566 281 συστάσεως
1589 250 1670 285 μηδὲν
1694 250 1788 285 ἕτερον
1811 249 1880 278 εἶναι

1100 297 1168 332 πλὴν
1188 296 1272 328 Θεοῦ,
1303 296 1350 323 καὶ
1376 296 1457 323 πάλιν
1481 296 1570 328 αὐτοῖς
1590 297 1707 331 ῥήμασιν
1725 296 1827 330 ἔλεγεν,
1841 298 1880 324 ὁτι

1101 353 1110 367 ι
1135 343 1216 378 μήπω
1232 342 1278 369 τοῦ
1295 343 1396 377 κόσμου
1409 342 1559 376 γεγονότος,
1571 342 1645 368 οὐδὲν
1666 342 1758 378 ἓτερον
1769 339 1803 377 ἦν
1814 341 1877 377 πλὴι

1102 398 1110 413 ἰ
1133 388 1199 414 Θεοῦ
1225 388 1322 423 μόνου·
1345 398 1353 413 ι
1381 388 1445 414 ποτὲ
1465 387 1494 414 δὲ
1512 387 1550 423 τῷ
1569 388 1696 423 ἡμετέρῳ
1722 388 1880 423 σημαντικῷ

1099 434 1170 469 λόγῳ
1188 435 1233 460 τὸν
1249 433 1295 460 τοῦ
1309 433 1375 460 Θεοῦ
1391 433 1568 469 παρέϐαλλεν,
1585 434 1613 459 ὲν
1625 430 1666 465 οἷς
1681 429 1732 460 ὧδε
1742 433 1863 469 ἔγραφεν
1876 441 1882 449 ⁸

1102 490 1111 504 «
1124 480 1230 515 ’Ὠσπερ
1243 479 1277 506 τὰ
1287 479 1417 514 γεγονότα
1431 478 1519 506 πάντα
1533 479 1584 506 ὑπὸ
1601 479 1647 506 τοῦ
1665 479 1773 515 Πατρὸς
1782 479 1827 506 διὰ
1836 480 1882 506 τοῦ

1102 535 1111 549 ι
1136 526 1221 559 Λόγου
1241 524 1361 559 γέγονεν,
1389 524 1460 550 οὕτω
1478 524 1524 550 καὶ
1550 524 1584 550 τὰ
1608 523 1742 559 λεγόμενα
1761 523 1813 550 ὑπὸ
1837 523 1883 550 τοῦ

1102 580 1110 592 ι
1132 570 1238 606 Πατρὺς
1253 570 1297 596 διὰ
1312 569 1359 596 τοῦ
1375 570 1460 603 Λόγου
1473 569 1643 604 σημαίνεται.
1665 578 1673 594 ι
1695 569 1750 595 Καὶ
1763 569 1796 604 δὴ
1806 568 1884 603 λόγον

1100 615 1263 651 σημαντικδν
1275 617 1304 642 ὲν
1326 615 1429 646 τούτοις
1444 614 1524 641 αὑτὸν
1544 614 1672 645 ἀνειπὼν,
1691 614 1793 649 προῖὼν
1810 614 1883 649 ἑξῆς,

1100 661 1249 697 ἀχώριστον
1272 661 1353 687 αὐτὸν
1369 661 1402 695 τῇ
1425 660 1580 692 ὑποστάσει,
1594 659 1622 687 ἓν
1638 660 1685 686 καὶ
1700 659 1797 686 ταύτὸν
1814 656 1885 686 εἶναι

1098 707 1136 742 τῷ
1162 707 1248 742 [latth
1271 706 1449 741 παρίστησιν,
1473 702 1523 731 ὧδέ
1546 713 1582 739 πη
1608 704 1709 738 λέγων’
1730 713 1740 729 ι
1759 703 1886 730 Τοῦτοδὶ

1102 762 1111 778 ι
1135 753 1223 788 ῥᾴδιον
1235 750 1309 786 οἶμαι
1317 753 1373 783 τοῖς
1386 750 1555 786 εὐφρονοῦσι,
1572 751 1618 776 xa‘t
1632 750 1685 776 ἀπὸ
1699 749 1798 785 μικροῦ
1812 757 1886 781 τινος

1101 808 1109 823 ‹
1134 799 1180 824 καὶ
1187 797 1312 824 ταπεινοῦ
1321 796 1380 824 καθ’
1390 797 1463 831 ἡμᾶς
1470 795 1688 831 παραδείγματος
1699 794 1811 829 γνῶναι.
1819 794 1886 820 οὐδὲ

1103 853 1110 868 ‹
1133 843 1186 879 γὰρ
1204 843 1248 869 τὸν
1264 842 1310 869 τοῦ
1321 841 1464 877 ἀνθρώπου
1475 841 1552 874 λόγον
1560 841 1672 876 δυνάμει
1683 840 1729 867 καὶ
1740 840 1887 868 ὑποστάσει

1104 899 1113 914 ι
1134 889 1248 924 χωρίσαι
1259 890 1312 915 τινὶ
1328 888 1448 915 δυνατόν.
1465 888 1513 914 Ἐν
1534 887 1588 922 γάρ
1602 887 1659 913 ἐστι
1675 886 1721 913 καὶ
1736 886 1834 912 ταύτὸν
1849 886 1887 922 τῷ

1105 945 1114 961 ς
1134 935 1268 970 ἀνθρώπῳ
1281 935 1294 960 ὁ
1308 934 1395 968 λόγος,
1416 934 1462 960 καὶ
1475 934 1562 960 οὐδενὶ
1584 932 1766 968 χωριζόμενος
1790 932 1886 968 ἑτέρῳ,

1105 991 1113 1005 ι
1137 982 1153 1016 ἢ
1169 982 1238 1016 μόνῃ
1256 982 1288 1016 τῇ
1304 981 1353 1015 τῆς
1369 980 1495 1015 πράξεως
1512 979 1647 1015 ἐνεργείᾳ.
1664 988 1672 1003 ι
1694 978 1748 1005 Καὶ
1762 976 1841 1009 αὖθις
1854 979 1887 1012 τῇ

1102 1028 1169 1062 αὐτῇ
1189 1027 1319 1062 κέχρηται
1336 1026 1418 1052 εἰκόνι
1435 1026 1462 1052 ὲν
1482 1023 1522 1056 οἷς
1537 1034 1618 1060 φησι·
1639 1034 1648 1049 ι
1668 1024 1759 1051 Πάντα
1771 1024 1826 1059 γὰρ
1838 1022 1896 1058 ὅσῃ

1106 1084 1114 1099 ‹
1137 1073 1169 1100 ἂν
1184 1074 1198 1099 ὁ
1216 1073 1310 1108 Πατὴρ
1325 1071 1402 1108 λέγῃ,
1415 1071 1501 1097 ταῦτα
1525 1070 1662 1105 πανταχοῦ
1679 1069 1723 1096 διὰ
1736 1070 1783 1096 τοῦ
1801 1069 1888 1104 Λόγου

1106 1130 1114 1145 ‹
1135 1119 1220 1154 λέγων
1237 1119 1368 1154 φαίνεται.
1379 1117 1463 1144 Τοῦτο
1478 1119 1506 1144 δὲ
1520 1118 1598 1152 δῆλόν
1615 1117 1734 1143 ἐστικαὶ
1749 1117 1795 1151 ἀφ’
1808 1116 1886 1152 ἡμῶν

1106 1176 1114 1190 ε
1139 1166 1238 1197 αὐτῶν,
1257 1166 1306 1191 ὅσα
1322 1164 1407 1200 μικρὰ
1425 1163 1552 1199 μεγάλοις
1565 1163 1610 1189 καὶ
1626 1162 1708 1194 θείοις
1727 1162 1886 1189 ἀπεικάσαι.

1107 1223 1114 1237 ι
1138 1212 1193 1238 Καὶ
1217 1212 1298 1246 ἡμεῖς
1313 1210 1377 1245 γὰρ,
1397 1209 1485 1236 πάντα
1500 1209 1550 1235 ὅσα
1564 1208 1596 1235 ἂν
1617 1208 1754 1242 θέλωμεν,
1771 1206 1843 1234 κατὰ
1858 1206 1889 1233 τὸ

1107 1268 1114 1282 ι
1134 1257 1244 1284 δυνατὸν
1258 1256 1346 1288 λέγειν
1359 1263 1389 1281 τε
1405 1255 1452 1281 καὶ
1464 1255 1559 1285 ποιεῖν,
1568 1253 1607 1288 τῷ
1619 1253 1745 1288 ἡμετέρῳ
1759 1252 1888 1287 ποιοῦμεν

1107 1314 1114 1328 ‹
1135 1303 1215 1337 λόγῳ.
1239 1313 1248 1328 ι
1265 1301 1357 1328 Ταῦτα
1374 1301 1403 1326 οὐ
1425 1300 1525 1335 μᾶλλον
1542 1299 1700 1334 Μαρκέλλου
1715 1298 1888 1334 ἢΣαεελλίοο

1104 1349 1224 1383 λέγοντος
1247 1347 1355 1373 ἀκούειν
1374 1347 1505 1381 προσήκει
1516 1345 1644 1380 νομίζειν,
1657 1345 1681 1370 εἰ
1699 1344 1735 1379 μὴ
1748 1344 1802 1380 ἄρα
1817 1343 1890 1370 τοῖτ’

1105 1393 1271 1420 ὲπισκώπτοι
1286 1392 1421 1426 Σαϐελλίῳ
1437 1391 1606 1427 Μάρκελλος,
1615 1391 1655 1416 ὅτι
1671 1389 1707 1425 μὴ
1721 1389 1835 1421 ἀναιδῶς
1845 1389 1889 1416 τὸν

1104 1442 1133 1467 ἐν
1147 1439 1185 1474 τῷ
1199 1438 1257 1473 Θεῷ
1273 1438 1438 1473 σημαντικὸν
1453 1438 1547 1471 Λόγον,
1568 1436 1606 1468 ὡς
1623 1436 1703 1467 αὐτὸς
1714 1435 1808 1468 οἴεται,
1825 1434 1890 1462 Υἱδν

1105 1485 1204 1520 ἐτόλμα
1214 1483 1364 1519 ὀνομάζειν.
1381 1483 1417 1509 Οὐ
1430 1483 1483 1518 γὰρ
1497 1481 1530 1509 αὖ
1547 1481 1663 1517 τοσαύτη
1677 1481 1751 1516 αὐτῷ
1759 1480 1900 1517 λογισμοῦ.

1105 1532 1194 1567 παρῆν
1206 1532 1292 1562 ἄνοια,
1303 1530 1340 1561 ὡς
1355 1529 1438 1563 Λόγον
1453 1529 1552 1564 ὁμοίως
1560 1527 1722 1563 ἀνθρώποις,
1735 1527 1782 1553 καλ⁵
1796 1525 1837 1561 τῷ
1846 1526 1891 1552 ἐπὶ

1105 1577 1212 1604 πάντων
1230 1577 1327 1603 διδόναι
1343 1575 1411 1610 Θεῷ.
1434 1575 1495 1601 Οὐδ’
1509 1574 1595 1605 οὕτως
1611 1573 1713 1608 ἠλίθιος
1727 1570 1771 1608 ἦν,
1787 1572 1825 1603 ὡς
1847 1571 1891 1598 τὸν

1107 1623 1143 1659 μὴ
1155 1622 1295 1658 ὑφεστῶτα
1307 1622 1399 1656 λόγον,
1414 1621 1477 1647 Υἱὸν
1485 1620 1551 1646 Θεοῦ
1563 1619 1664 1646 καλεῖν.
1676 1619 1784 1653 Διόπερ,
1797 1616 1893 1644 216$).-

1104 1669 1159 1701 λιος
1187 1670 1234 1695 ἕνα
1262 1668 1327 1694 Θεὸν
1354 1666 1449 1698 εἰπὼν,
1477 1666 1522 1692 τδν
1552 1665 1580 1691 δὲ
1604 1664 1668 1691 Υἱδν
1692 1663 1890 1699 ἀρνησάμενος.

1105 1715 1245 1750 ἑπομένως
1265 1716 1298 1749 τῇ
1321 1713 1394 1748 αὐτῴ
1409 1712 1516 1747 δοθείσῃ
1534 1710 1670 1741 ὑποθέσει,
1685 1710 1729 1736 τὸν
1745 1708 1826 1735 αὑτὸν
1839 1708 1893 1734 Πα-

1105 1760 1171 1794 τέρα
1182 1757 1250 1785 εἷναι
1261 1760 1307 1784 καὶ
1315 1757 1377 1783 Υἰὸν
1389 1757 1499 1791 ἔφασκε.
1510 1754 1668 1791 Μάρκελλος
1679 1754 1706 1780 δὲ
1716 1753 1781 1789 (65),
1794 1753 1892 1788 ὁμοίως

1106 1805 1202 1838 ἐκείνῳ
1215 1803 1243 1829 ἓν
1256 1803 1302 1829 καὶ
1314 1802 1410 1828 ταύτὸν
1427 1799 1495 1826 εἶναι
1514 1800 1559 1826 τὶν
1570 1800 1645 1831 Θεὸν,
1663 1799 1710 1825 καὶ
1721 1798 1766 1824 τὸν
1779 1799 1810 1824 ὲν
1819 1797 1893 1832 αὐτῷ

1107 1847 1192 1881 Λόγον
1209 1846 1304 1877 διδοὺς,
1324 1845 1411 1881 μάτην
1426 1844 1556 1878 ἐσφάλθαι
1571 1843 1614 1869 τὸν
1627 1842 1778 1873 Σαδέλλιον,
1796 1841 1893 1877 οὺχὶδὲ

1108 1893 1154 1919 καὶ
1167 1892 1261 1919 ἑαυτὸν
1276 1891 1409 1926 ὁμολογεῖ.
1433 1890 1467 1916 ’Ἠ
1492 1889 1547 1923 γὰρ
1566 1889 1690 1915 κάκεῖνον
1714 1887 1892 1923 ἀποδέχεσθαι

1108 1937 1186 1973 χρῆν,
1201 1937 1217 1972 ἢ
1234 1937 1280 1963 καὶ
1300 1935 1380 1963 αὑτὸν
1400 1934 1554 1970 μέμψεσθαι
1567 1941 1573 1947 ·
1592 1934 1608 1968 ἢ
1629 1933 1805 1969 μεμφόμενον
1823 1933 1893 1959 ὲκεῖο

1109 1992 1165 2016 νον,
1184 1983 1232 2018 τὴν
1252 1982 1347 2017 ὁμοίαν
1364 1980 1438 2015 αὒτῴ
1458 1979 1616 2012 κακοδοξίαν
1637 1978 1829 2014 ἐκτρέπεσθαι,
1848 1978 1894 2004 καὶ

1111 2028 1148 2063 μὴ
1162 2026 1379 2062 ἀνδριαντοποιοῦ
1399 2026 1475 2060 δίκην
1495 2024 1667 2050 ὑποτίθεσθαι
1689 2023 1734 2050 τὸν
1757 2023 1834 2055 Θεὸν,
1861 2024 1894 2058 τῇ

1111 2073 1206 2100 ἑαυτοῦ
1227 2073 1373 2107 ὲνΟυμήσει
1387 2071 1433 2098 καὶ
1445 2070 1483 2105 τῷ
1497 2070 1553 2104 ἰδίῳ
1563 2069 1686 2105 λογισμῷ
1707 2068 1896 2104 προσδιαλεγόν

1113 2128 1202 2156 μενον,
1219 2118 1298 2145 αὐτόν
1313 2127 1341 2144 τε
1357 2117 1444 2152 ἑαυτῴ
1462 2116 1711 2152 παρακελευόμενον
1723 2115 1823 2150 λέγειν,
1838 2115 1895 2150 (86)

1113 2166 1179 2199 νΛγε
1202 2164 1369 2198 ποιήσωμεν,
1391 2162 1441 2195 ἄγε
1464 2161 1610 2196 πλάσωμεν
1634 2160 1790 2196 ἀνδριάντα.
1819 2159 1897 2186 Οὕτω

274 2217 338 2236 vero
353 2210 399 2244 qui
418 2209 530 2241 perinde
557 2213 638 2243 atque
662 2209 705 2236 ille
722 2209 803 2235 Deum
826 2216 908 2235 unttm
934 2209 1052 2243 idemth

1113 2211 1165 2245 γὰρ
1176 2210 1222 2235 καὶ
1233 2209 1277 2234 τὸν
1283 2208 1347 2234 Θεὸν
1356 2207 1493 2242 εἰρηκέναι
1500 2207 1541 2238 τὸ,
1551 2206 1724 2240 Ποιήσωμεν
1731 2206 1896 2240 ἄνθρωπον,

274 2256 410 2284 statuebat
424 2263 485 2283 cum
503 2255 591 2283 Verbo
604 2263 663 2286 suo,
678 2256 768 2289 inepte
783 2261 894 2282 accusat
907 2254 1055 2282 Sabellium

273 2303 387 2336 erroris,
401 2310 512 2337 prorsus
525 2303 575 2329 nisi
592 2310 621 2329 se
633 2306 660 2328 et
674 2309 780 2329 errasse
794 2302 918 2329 fateatur.
935 2301 1001 2328 Nam
1018 2302 1059 2328 vel

275 2356 337 2376 cum
360 2349 477 2375 Sabellio
492 2349 652 2382 conspirare
677 2348 804 2380 debebat,
825 2348 866 2375 vel
881 2348 1056 2381 semetipsum

275 2396 452 2429 redarguere,
473 2400 519 2422 aut
538 2395 561 2422 si
588 2394 751 2429 redarguere
771 2393 919 2421 Sabellium
940 2392 1057 2424 volebat,

276 2442 397 2469 eamdem
422 2449 530 2477 pravam
547 2450 622 2468 suam
646 2441 769 2468 hazresim
792 2439 917 2474 abiurare
932 2447 994 2467 eum
1014 2440 1060 2466 de—

276 2489 334 2515 cuit
352 2496 359 2514 :
381 2495 431 2515 nec
455 2489 601 2516 admodum
629 2488 744 2522 alicujus
766 2492 864 2514 statua:
889 2485 1058 2518 conﬂatoris,

277 2535 360 2562 Deum
380 2542 532 2569 supportere
551 2534 757 2569 colloquentem.
775 2541 834 2560 cum
851 2540 898 2559 sua
910 2531 1057 2559 ratiocina-

280 2582 363 2612 tione,
385 2585 413 2608 et
437 2581 518 2608 animi
547 2581 587 2607 sui
617 2579 817 2614 intelligentia:
840 2578 982 2612 ipsumque
1009 2574 1060 2602 sibi

279 2626 330 2661 ipsi
343 2627 518 2662 imperantem
533 2627 703 2654 introducere
718 2627 750 2653 ad
769 2625 838 2652 hunc
859 2624 968 2652 modtun
985 2631 991 2647 :
1010 2620 1060 2648 Fa-

323 2699 353 2728 >Β
370 2697 418 2725 Ed.
429 2697 527 2732 Paris.,
541 2705 602 2733 pag.
622 2697 666 2725 80.

317 2777 361 2848 265
388 2778 471 2811 Vulgo
483 2780 582 2814 ὁμοίως
597 2778 671 2814 αὑτῴ
683 2782 708 2805 et
719 2778 795 2804 ἁποδ.
812 2777 904 2813 ἐχρῆν.

328 2785 372 2848 (ibi
389 2815 453 2848 Ἄγε
472 2814 654 2848 ποιήσωμεν.
674 2814 826 2846 [ιριςυιιιίωιιι
847 2814 904 2848 ποιή

328 2785 361 2805 eo
391 2785 471 2811 Vulgo
483 2785 582 2814 ομοίως
597 2785 671 2814 αυτῳ
683 2785 708 2805 et
719 2785 795 2804 αποο.
812 2786 904 2813 εχρην.

328 2785 372 2848 (ibi
389 2815 453 2848 Ἄγε
472 2814 654 2849 ποιήσωμεν.
674 2814 826 2849 [ιριςυιιιίωιιι
847 2814 1016 2849 ποιήσωμεν,
1036 2816 1064 2849 ut

283 2847 349 2876 altas
363 2847 497 2882 habetur,
520 2847 609 2876 statim
628 2857 675 2884 pro
696 2848 845 2883 μηδέποτε,
870 2847 981 2876 restitue
1002 2847 1063 2873 ποτὲ

1112 2257 1174 2291 ἔφη,
1189 2254 1325 2290 μηδὲποτὲ
1341 2254 1389 2289 μὲν
1400 2253 1557 2283 ἐνδιάθετον,
1570 2253 1607 2284 ὡς
1619 2253 1661 2278 ἐπ’
1668 2251 1801 2287 ἀνθρώπῳ
1809 2252 1897 2286 λόγον,

1105 2301 1176 2329 ’ποτὲ
1197 2301 1225 2326 δὲ
1238 2299 1415 2334 σημαντικὸν,
1425 2299 1461 2330 ὡς
1470 2299 1515 2324 τὸν
1533 2300 1560 2324 ὲν
1572 2300 1635 2333 ἡμῖν
1649 2297 1815 2334 προφορικὸν
1827 2317 1834 2327 ,
1853 2297 1900 2324 καὶ

1114 2351 1142 2375 ἐν
1161 2348 1198 2383 τῷ
1207 2346 1265 2381 Θεῷ
1281 2345 1462 2372 ὑποτίθεσθαι.
1479 2344 1572 2371 Ταῦτα
1584 2345 1638 2379 γὰρ
1653 2343 1795 2370 Σαϐελλίου
1808 2343 1900 2379 ἦἸου-

1114 2393 1195 2420 δαίων
1211 2392 1282 2423 τινὸς
1300 2391 1354 2417 τῶν
1367 2391 1411 2417 τὸν
1428 2390 1492 2416 Υἱὸν
1508 2390 1555 2415 τοῦ
1575 2388 1642 2415 Θεοῦ
1661 2387 1900 2424 ἀπαρακαλύπτως

1114 2439 1284 2474 ἀρνουμένων
1293 2436 1403 2464 ἀνεκτὸν
1415 2434 1449 2472 ἧν
1466 2435 1564 2470 μᾶλλον
1573 2434 1589 2470 ἦ
1600 2435 1620 2460 Χ
1627 2432 1760 2469 ριστιανοῦ
1778 2433 1900 2467 λέγοντος

1114 2483 1232 2512 ἀκούειν.
1253 2483 1281 2509 '0
1292 2483 1325 2516 δ’,
1336 2483 1429 2517 ὥσπερ
1440 2480 1708 2516 ὲγκαλλωπιζόμενος
1721 2480 1754 2514 τῇ
1769 2479 1900 2513 Ἰουδαϊκῇ

1113 2529 1279 2564 διδασκαλίᾳ,
1293 2530 1324 2564 τῇ
1337 2527 1486 2564 Ἐκκλησία
1499 2525 1616 2562 Χριστοῦ
1632 2526 1695 2560 περὶ
1715 2525 1761 2551 τοῦ
1783 2525 1821 2559 μὴ
1835 2522 1902 2550 εἶναι

1113 2576 1158 2602 τὸν
1176 2575 1238 2602 Υἰὸν
1259 2574 1305 2601 τοῦ
1326 2574 1404 2606 Θεοῦ,
1429 2573 1458 2599 τὸ
1481 2572 1610 2603 δυσσεϐὲς
1639 2571 1713 2597 τουτὶ
1745 2570 1791 2596 καὶ
1824 2568 1900 2595 ἄθεον

1116 2622 1219 2656 εἰσάγει
1236 2621 1333 2656 δόγμα,
1351 2620 1405 2655 πρὸ
1422 2619 1469 2646 τοῦ
1491 2619 1535 2644 τὸν
1554 2617 1654 2652 κόσμον
1675 2615 1802 2650 γενέσθαι
1821 2614 1900 2654 μηδὲν

1120 2775 1179 2810 μέν.
1201 2774 1235 2800 Μ.
1247 2789 1280 2794 -
1290 2773 1374 2810 Vulgo
1390 2779 1468 2810 supra
1487 2771 1659 2809 πλάσσωμεν.
1672 2768 1730 2810 ἣξοχ
1744 2767 1830 2810 vulng

1119 2803 1150 2845 δὴ
1163 2818 1227 2845 σημ,
1254 2814 1280 2834 et
1297 2803 1373 2845 ἐκπέλ,
1389 2803 1435 2834 τοῦ
1451 2815 1492 2842 χρ.
1511 2811 1535 2834 cl
1553 2803 1605 2831 τοῦ
1616 2803 1772 2839 ποιηθέντος
1790 2803 1862 2835 αὐτῷ
1876 2806 1901 2827 et

1120 2843 1156 2872 πα
1161 2843 1249 2873 οαδεδε
1255 2852 1280 2876 ιγ
1285 2843 1372 2877 μένον.
