2032 3211
665 169 708 196 DE
731 167 1000 197 ECCLESIASTICA
1021 167 1219 196 THEOLOGIA
1239 166 1302 196 LIB.
1323 167 1343 197 Ι.

1765 173 1818 198 8ίῖ

186 226 278 262 ἕτερον
296 225 365 255 εἶναι
383 229 452 264 πλὴν
468 229 535 256 Θεοῦ
554 229 646 265 μόνου,
660 229 692 256 δι’
708 229 768 256 ὅλου
782 228 829 255 τοῦ
848 229 971 265 πονηθέν-

1029 229 1132 256 ciamus
1147 228 1272 263 agedum,
1295 229 1408 263 agedum
1427 228 1569 262 ﬁngamus,
1598 237 1649 264 age
1665 231 1778 259 conﬂem
1787 239 1818 258 us

186 280 231 304 τος
239 273 314 308 αὐτῷ
327 275 541 310 συγγράμματος
552 276 772 308 κατασκευάζων,
785 275 817 301 ἵν’
825 276 974 311 ἀποκλείσῃ

184 318 223 353 τῷ
244 320 301 355 Υἱῷ
324 319 372 355 τὴν
399 321 523 357 πάροδον.
547 322 627 348 Ἀλλὰ
642 323 689 349 καὶ
705 321 865 356 σεμνύνεται
882 321 973 356 αὐχῶν

185 365 232 391 ἕνα
260 365 326 393 Θεὸν
350 366 456 393 εἰδέναι·
483 368 520 399 ὠς
549 368 608 402 οὐχὶ
633 368 681 394 καί
695 368 772 402 ἡμῶν
786 367 864 394 τοῦτο
880 368 972 401 λεγόν-

183 419 248 442 των,
264 411 310 438 τὸν
324 412 388 439 mu
411 413 456 439 soi
472 413 539 440 Θεοῦ
557 414 663 448 ἀληθῶς
683 413 747 440 Υίὺν
770 411 839 440 εἶναι
855 413 972 449 παραδε-

184 457 210 484 δε
216 457 344 493 ιγμένων,
363 460 428 494 παρ’
437 459 518 486 αὐτοῦ
525 469 555 486 τε
564 460 764 495 μεμαθηκότων
774 460 822 486 ’ἐνα
830 460 972 495 γνωρίζειν

183 503 260 537 Θεὸν,
278 505 358 532 αὐτόν
374 514 403 532 τε
415 503 484 532 εἶναι
495 506 562 533 Θεὸν
577 507 645 542 ὁμοῦ
656 507 703 534 καὶ
716 507 825 542 Πατέρα
835 506 890 541 (67)
906 505 970 532 Υἱοῦ

182 549 230 576 τοῦ
247 550 419 585 μονογενοῦς,
433 552 530 579 ἑαυτοῦ
537 553 636 588 δηλαδὴ
646 553 721 585 ὄντος
728 552 835 588 ἀληθῶς
842 552 907 578 Υἱοῦ
920 552 971 588 πρὸ

183 595 293 623 πάντων
307 596 412 623 αἰώνων
430 597 460 629 ἐξ
477 598 559 624 αὐτοῦ
572 598 767 634 γεγενημένου,
780 599 827 624 καὶ
841 598 872 624 οὐ
892 597 971 633 μόνον

181 641 269 676 Λόγου
291 642 459 678 κεκλημένου
486 644 539 680 πρὸ
555 644 602 679 τῆς
624 644 780 679 ἀναλήψεως
795 643 845 678 τῆς
860 643 970 679 σαρκὸς,

182 688 251 724 ὅπερ
264 688 278 714 ὀ
293 689 416 723 γενναῖος
436 689 594 725 διορίζεται,
620 689 687 715 ἀλλὰ
706 689 753 715 καὶ
776 689 861 724 μυρία
877 689 969 724 ἔτερα,

181 734 234 761 ὁδὲ
249 733 303 761 κᾶν
318 734 414 770 τούτῳ,
429 725 478 771 τῆς
489 735 565 767 θείας
575 736 687 771 Γραφῆς
702 736 908 771 καταψεύδεται,
918 736 972 771 πρὸ

181 781 232 816 τῆς
260 781 393 817 ὲνσάρκου
422 783 573 817 παρουσίας
600 783 682 818 μηδὲν
701 783 794 819 ἓτερον
822 783 969 818 κεκλῆσθαι

181 827 262 854 αὐτὸν
273 827 516 864 ἀπισχυριζόμενος
530 829 546 863 ἢ
559 829 651 862 Λόγον.

1028 279 1156 302 statuam.
1172 274 1209 300 Ila
1226 275 1297 301 enirn
1314 275 1442 309 supponit
1461 276 1542 302 Deum
1566 276 1709 311 aliquand’o
1723 279 1812 312 prolo-

1027 325 1129 351 cutum,
1147 318 1289 346 Faciamus
1305 320 1434 346 hominem
1449 321 1482 348 "".
1496 321 1632 356 Nusquam
1644 327 1720 349 certe
1736 327 1814 350 vocat

1027 366 1143 393 Verbum
1162 366 1234 392 inlns
1248 366 1435 398 constitutum,
1449 369 1584 401 quomodo
1601 367 1675 402 loqui
1694 375 1751 395 mos
1767 373 1813 395 est

1026 412 1051 438 in
1070 412 1210 438 humanis:
1223 417 1251 438 at
1270 413 1403 439 interdum
1425 418 1502 440 vocat
1520 414 1706 446 indicativum,
1727 414 1812 441 simil-

1025 459 1117 486 limum
1134 464 1227 486 nostro
1242 460 1323 486 verbo
1336 460 1481 495 prolatitio.
1498 460 1574 487 Esset
1587 461 1638 487 hoc
1654 461 1681 487 in
1695 460 1813 488 Sabellio

1024 506 1133 540 quidem
1173 506 1332 533 tolerabile:
1349 507 1389 533 vel
1412 507 1438 534 in
1455 507 1609 534 Iuda-orum
1643 507 1734 541 aliquo
1765 506 1813 541 qui

1024 553 1082 579 sine
1098 552 1322 586 tergiversatione
1336 553 1424 587 aliqua
1444 553 1539 580 Filiqu
1552 553 1597 579 Dei
1613 557 1813 588 pernegaturus

1023 603 1094 624 esset
1113 609 1120 625 :
1139 603 1166 624 at
1183 599 1243 633 quis
1262 599 1319 626 htec
1334 599 1467 626 dicentem
1481 598 1666 626 Christianum
1680 599 1766 626 ferat?
1779 600 1813 626 At

1024 644 1069 670 ille
1093 644 1172 672 veluti
1191 645 1236 679 qui
1265 645 1427 680 gloriaretur
1451 645 1484 672 de
1507 645 1666 677 Judaismo,
1698 645 1812 680 impium

1024 690 1120 725 dogma
1140 696 1221 724 atque
1241 692 1351 718 athenm
1373 691 1520 718 introducit
1546 691 1571 717 in
1593 690 1751 723 Ecclesiam,
1770 691 1813 717 Fi-

1025 736 1089 764 lium
1102 738 1149 765 Dei
1162 738 1317 772 neutiquam
1333 738 1481 769 exstitisse,
1505 743 1568 764 ante
1590 737 1681 764 mundi
1709 737 1811 771 produ-

1025 782 1140 810 ctionem
1156 793 1162 809 :
1179 791 1239 810 cum
1254 784 1312 810 solo
1327 783 1381 810 Deo
1397 789 1509 818 excepto
1526 783 1591 810 nihil
1604 784 1682 818 plane
1694 787 1812 810 exstaret

1025 828 1083 855 ibi:
1106 829 1211 863 hocque
1236 829 1323 864 ipsum
1349 830 1536 862 constabilire,
1557 837 1605 865 per
1628 829 1723 863 scripti
1739 829 1812 855 illitis

182 874 224 901 sui
239 882 395 909 processum
410 880 525 902 conatur
543 876 699 904 universum
716 885 723 903 ι
739 876 769 903 in
785 883 846 904 eum
872 876 965 908 tinem,
984 881 1012 903 ul
1028 876 1097 904 Filio
1130 884 1239 904 onlnem
1272 878 1374 905 aditum
1391 878 1425 904 ad
1448 877 1654 904 subsistentiam
1680 876 1812 904 interclu-

181 924 237 950 dat.
257 922 310 950 Sed
326 928 354 951 et
368 923 479 959 insuper
494 925 670 952 vehementer
686 925 825 959 gloriatur,
843 932 873 952 se
888 933 969 951 unum
991 927 1177 952 tantummodo
1200 927 1282 953 Deum
1318 934 1483 962 agnoscere:
1515 927 1594 960 quasi
1612 927 1662 953 hoc
1686 934 1733 953 nos
1759 934 1811 952 non

181 970 373 998 conﬁteremur
388 979 449 998 cum
462 971 518 1004 illo,
534 972 579 1006 qui
595 977 683 1000 tamen
702 972 746 999 Dei
763 980 854 1000 revera
871 973 968 1000 Filium
989 980 1050 1000 esse
1076 974 1242 1007 accepimus,
1267 979 1294 1001 et
1323 974 1357 1000 ab
1377 975 1491 1007 ipsemet
1512 974 1593 1000 ctiam
1627 973 1696 1001 Filio
1729 981 1811 1000 unum

182 1018 265 1045 Deum
281 1026 430 1053 agnoscere
448 1019 536 1047 edocti
557 1019 668 1051 titinius,
685 1020 826 1054 ipsumque
843 1021 926 1047 Deum
937 1028 997 1051 esse
1017 1021 1097 1048 simul
1108 1027 1189 1055 atque
1201 1021 1305 1048 Patrem
1320 1021 1380 1048 Filii
1394 1022 1538 1056 unigeniti,
1553 1022 1595 1049 sui
1607 1029 1703 1056 nempe
1714 1022 1811 1056 ipsius,

181 1064 226 1099 qui
244 1073 292 1092 nos
311 1066 351 1092 sic
364 1066 464 1099 docuit,
486 1067 531 1102 qui
557 1075 619 1095 vere
639 1067 721 1094 Filius
741 1068 890 1095 exsistebat
904 1074 967 1095 ante
990 1069 1080 1096 omnia
1102 1069 1211 1101 srccula,
1233 1069 1266 1096 de
1284 1069 1330 1096 illo
1356 1069 1436 1096 Patre
1466 1070 1582 1104 genitus,
1596 1077 1675 1104 quem
1695 1077 1746 1096 non
1766 1077 1809 1096 so-

181 1112 234 1139 lmn
257 1113 374 1140 Verbum
411 1115 573 1149 compellare
598 1115 717 1143 solemus
733 1137 740 1148 ,
767 1116 848 1143 etiam
868 1121 930 1143 ante
951 1122 1104 1151 susceptam
1118 1124 1238 1149 carnem,
1257 1117 1294 1143 uti
1310 1116 1384 1144 illum
1407 1115 1608 1143 circumscribit
1641 1116 1728 1143 bonus
1761 1116 1812 1142 iste

181 1162 231 1194 vir,
250 1161 296 1189 sed
313 1162 403 1190 nudtis
417 1162 477 1190 aliis
494 1164 650 1190 nominibus
664 1183 671 1194 ,
699 1165 745 1197 qui
778 1164 829 1191 hoc
859 1163 916 1198 ipso
942 1164 1074 1191 mendacii
1105 1165 1227 1199 coarguit
1242 1164 1422 1198 Scripturmn,
1445 1163 1508 1190 dmn
1535 1163 1722 1190 vehementius
1739 1170 1812 1190 asse—

179 1213 255 1235 verat
282 1208 356 1236 illum
381 1209 454 1237 nullo
470 1209 522 1237 alio
547 1210 656 1237 nomine
684 1210 821 1237 exstitisse
837 1214 941 1243 notum,
958 1214 1022 1236 ante
1038 1218 1114 1237 suam
1132 1210 1358 1237 incarnationem.

499 1257 576 1284 ΚΕΦ,
598 1258 650 1283 IH’.

179 1301 278 1340 ὀίιως
301 1302 359 1336 πρὸ
382 1301 439 1340 ῖῆς
463 1303 717 1340 ἐγανορωπῄσεῳς
752 1303 854 1340 οὐδὲν⁵
867 1303 970 1338 ἕτερον

212 1336 348 1373 ἔφασκεν
366 1336 441 1364 εἶναι
457 1338 510 1365 τάν
533 1336 601 1365 flor
614 1339 632 1373 ἢ
647 1338 754 1372 Λόγον,
777 1336 858 1371 αὐτῷ
874 1336 970 1372 μόνον

213 1371 369 1406 ἅμοιον.τῷ
383 1373 450 1407 παρ’
462 1371 638 1407 ἀνθρώποις,
693 1371 706 1377 ⁷’

220 1417 386 1444 Ἐπὰκουσον
409 1417 485 1451 γοῦν,
507 1417 545 1449 ὡς
563 1414 780 1449 διαϐεϐαιοῦται,
805 1417 895 1448 αὐτοῖς
921 1416 971 1452 ῥή-

182 1471 248 1498 μασι
273 1463 364 1490 τοῦτον
384 1464 497 1499 γράφων
519 1463 563 1490 τὸν
584 1464 700 1499 τρόπον’
729 1473 737 1489 1
762 1463 842 1489 Ὥστε
868 1471 970 1489 παντα-

184 1520 193 1536 1
217 1510 294 1546 χύθεν
311 1510 364 1546 (68)
383 1511 441 1537 ἐστὶ
462 1510 551 1545 δῆλον,
570 1511 651 1546 μηδὲν
668 1511 760 1546 ἕτερον
782 1512 814 1546 τῇ
839 1510 970 1546 ἀῐδιότητι

185 1566 193 1581 1
216 1555 264 1582 τοῦ
275 1555 359 1590 Λόγου
373 1556 518 1592 ἁρμόττειν
532 1555 626 1591 ὖνομα,
646 1555 662 1590 ἢ
677 1555 761 1588 τοῦθ’,
777 1555 845 1590 ὅπερ
857 1556 871 1581 ὁ
887 1553 971 1588 ἁγιώ-

181 1612 191 1628 1
215 1610 294 1634 τατος
310 1602 356 1628 τοῦ
372 1602 439 1628 Θεοῦ
462 1601 586 1636 μαθητὴς
605 1602 652 1627 καὶ
669 1600 816 1631 ἀπόστολος
834 1599 969 1635 Ἰωάννης,

181 1658 191 1674 1
214 1649 243 1674 ἐν
267 1648 338 1684 ἀρχῇ
363 1648 410 1675 τοῦ
439 1647 605 1682 Εὑαγγελίου
630 1647 751 1683 εἴρηκεν.
780 1646 889 1681 Ἐπειδὴ
917 1645 969 1681 γὰρ

182 1704 190 1719 1
217 1693 285 1729 μετὰ
308 1694 358 1730 τὴν
381 1694 431 1729 τῆς
458 1694 558 1729 σαρκὸς
578 1693 710 1728 ἀνάληψιν
734 1692 852 1728 Χριστός
874 1700 904 1718 τε
925 1692 971 1718 καὶ

180 1750 189 1765 1
220 1740 322 1775 Ἰησοῦς
337 1739 509 1776 κηρύττεται,
526 1735 580 1774 ζωή
598 1747 627 1765 τε
645 1739 691 1765 καὶ
711 1738 786 1771 ὁδὸς,
814 1739 861 1767 καὶ
881 1738 971 1778 ἡμέρα

182 1794 191 1810 1
215 1785 261 1812 καὶ
277 1785 443 1818 ἀνάστασις,
467 1785 514 1811 καὶ
539 1784 608 1819 θύρα
640 1784 687 1811 καὶ
711 1783 811 1819 ἄρτος,
835 1784 882 1810 καὶ
905 1783 932 1810 εἴ
943 1792 970 1810 τι

181 1840 190 1856 1
214 1830 307 1870 ’ἕτερον
335 1831 388 1857 ὑπὸ
419 1831 474 1857 τῶν
498 1831 577 1857 θείων
601 1830 759 1865 ὀνομάζοιτο
786 1829 911 1866 Γραφῶν,
940 1829 970 1856 οὐ

182 1887 190 1902 ι
216 1878 291 1913 παρὰ
318 1877 397 1904 τοῦτο
419 1878 525 1912 ἀγνοεῖν
552 1878 625 1912 ἡμᾶς
649 1877 782 1911 προσήκει
811 1876 841 1902 τὸ
865 1876 972 1911 πρῶτον

1290 1260 1318 1289 ἦ(
1334 1256 1410 1284 CAP.
1437 1256 1527 1284 XVlll.

1023 1304 1100 1337 Quod
1116 1305 1223 1339 afﬁrmet
1249 1303 1347 1329 Filium
1363 1308 1423 1328 ante
1437 1305 1600 1339 assttrliptrtm
1621 1309 1725 1328 carnem
1747 1302 1813 1339 nihil

1056 1335 1165 1372 prorsus
1183 1339 1256 1365 aliud
1273 1338 1402 1364 exstitisse
1413 1345 1492 1371 quam
1518 1335 1641 1367 Verbum,
1659 1337 1806 1363 consimilli’

1058 1382 1130 1400 mum
1142 1374 1257 1400 Itumano
1273 1374 1360 1400 verba.

1059 1420 1125 1447 Audi
1137 1425 1228 1447 autem
1237 1420 1373 1454 quomodo
1381 1419 1432 1446 hoc
1442 1418 1528 1454 ipsum
1539 1419 1645 1447 doceat.
1656 1418 1719 1444 dum
1730 1417 1814 1444 discr-

1022 1466 1057 1493 tis
1069 1466 1178 1500 quidem
1192 1465 1281 1492 verbis
1292 1465 1327 1492 ita
1345 1465 1440 1492 scribit
1454 1463 1500 1500 [Β.
1513 1463 1647 1499 XXXVII]
1660 1472 1682 1490 :1
1694 1463 1768 1489 Adeo
1784 1467 1813 1490 ut

1025 1520 1034 1536 1
1057 1511 1134 1546 plane
1145 1511 1217 1538 omni
1229 1511 1308 1538 modo
1324 1511 1497 1538 manifestum
1511 1511 1602 1543 fuerit,
1613 1510 1715 1538 nullum
1731 1510 1812 1536 alium

1024 1565 1034 1580 ι
1057 1563 1153 1583 nomen
1166 1556 1308 1582 πίει-ηειδιί
1322 1555 1399 1582 Verbi
1409 1556 1601 1582 convenienter
1612 1556 1812 1587 ascribendnm,

1024 1612 1033 1627 1
1054 1610 1134 1636 quam
1148 1602 1199 1629 hoc
1212 1601 1310 1636 ipsum,
1322 1602 1394 1636 quod
1409 1610 1423 1627 a
1439 1601 1611 1629 sanctissiqu
1629 1602 1675 1628 Dei
1689 1601 1814 1636 apostolo

1025 1657 1034 1673 1
1055 1653 1082 1674 et
1097 1648 1231 1681 discipulo
1253 1647 1368 1680 Joanne,
1396 1648 1420 1674 in
1441 1648 1577 1682 principio
1592 1648 1702 1682 ponitur
1721 1647 1812 1673 Evan-

1026 1704 1034 1720 1
1055 1694 1126 1728 gelii.
1160 1694 1300 1732 Siquidem
1327 1694 1360 1726 is,
1390 1698 1451 1728 post
1479 1698 1644 1728 assumptum
1678 1700 1811 1725 carnem,

1026 1750 1034 1766 1
1054 1741 1178 1768 Christus
1198 1744 1225 1767 et
1237 1739 1315 1767 Jesus
1324 1741 1499 1775 praedicatur,
1509 1739 1617 1774 vitaque
1629 1743 1657 1766 et
1673 1739 1726 1770 via,
1743 1738 1809 1770 dies,

1026 1797 1034 1812 1
1058 1787 1232 1818 resurrectio,
1251 1787 1362 1819 ostium,
1378 1786 1466 1822 panis,
1485 1791 1512 1814 et
1528 1793 1586 1821 qum
1598 1790 1696 1813 caetera
1713 1784 1749 1811 illi
1763 1792 1812 1812 oo-

1026 1843 1034 1858 1
1059 1833 1129 1859 mina
1159 1833 1187 1862 in
1216 1833 1365 1868 Scripturis
1399 1832 1582 1864 sacrosanctis
1613 1831 1808 1860 ascribunlur,

1027 1889 1035 1904 1
1059 1884 1148 1906 tamen
1169 1887 1221 1906 non
1238 1880 1366 1912 debemus
1388 1880 1524 1913 ignorare,
1541 1878 1612 1912 quod
1635 1876 1760 1912 princeps
1774 1876 1810 1903 illi

183 1934 192 1950 1
215 1925 312 1964 ὄνομα,
329 1925 369 1951 ὅτι
389 1924 474 1958 Λόγος
496 1923 550 1959 (69)
573 1921 618 1959 ἦν.
641 1923 690 1949 Διὰ
705 1922 783 1948 τοῦτο
806 1922 871 1957 γὰρ,
888 1921 935 1948 καὶ
960 1922 971 1948 ὁ

1028 1934 1037 1950 r
1060 1931 1155 1952 nomen
1181 1923 1299 1951 Verbum
1326 1923 1423 1951 fuerat.
1440 1922 1480 1950 Ob
1506 1923 1575 1962 Itane
1591 1922 1677 1957 ipsam
1702 1928 1811 1951 causam

182 1981 190 1996 I
213 1971 364 2006 ἀγιώτατος
385 1970 580 2006 εὐαγγελιστὴς
595 1970 641 1996 καὶ
660 1969 782 2005 μαθητὴς
793 1968 839 1996 τοῦ
854 1967 967 2003 Κυρίου,

180 2027 191 2044 1
214 2017 316 2054 σφόδρα
333 2017 491 2053 ἐγρηγορὼς
506 2017 545 2051 τῷ
562 2015 707 2052 πνεύματι,
722 2015 770 2050 τῆς
787 2014 889 2044 ἄνωθεν
908 2023 971 2049 μνη-

181 2074 189 2090 1
215 2064 334 2100 μονεύων
352 2064 455 2100 ἀρχῆς,
477 2063 523 2090 καὶ
551 2062 662 2098 μηδενὸς
682 2061 737 2097 (70)
760 2060 903 2096 νεωτέρου,
923 2060 971 2086 Ἐν

181 2120 190 2136 ι
214 2109 293 2146 ἀρχῇ
313 2108 352 2145 ἦν
365 2111 381 2137 ό
400 2110 504 2144 Λόγος,
527 2108 589 2144 ἔφη,
611 2107 660 2135 καὶ
681 2109 697 2134 ὁ
716 2107 810 2140 Λόγος
835 2103 875 2140 ἦν
896 2104 971 2140 πρὸς

181 2120 190 2136 ι
214 2120 232 2137 α
252 2120 291 2146 χῃ
313 2120 380 2145 ηνο
400 2120 504 2144 Αργος,
527 2120 589 2144 εφη,
611 2120 660 2135 και
681 2120 696 2134 υ
716 2120 810 2140 nurui;
835 2120 866 2140 1p
896 2120 969 2140 ιίιμυς

181 2166 191 2182 1
213 2120 267 2183 sgf
285 2155 370 2188 Θεὸν,
384 2155 432 2182 καὶ
454 2154 525 2188 Θεὸς
543 2153 582 2190 ἦν
600 2155 617 2181 ὁ
631 2154 735 2188 Λόγος,
753 2153 797 2179 ἵνα
811 2152 886 2188 δείξῃ
902 2151 929 2177 εἴ
943 2160 969 2177 τι

182 2212 191 2225 ι
215 2202 306 2230 καινὸν
319 2203 366 2229 καὶ
385 2201 516 2237 νεώτερον
530 2200 624 2235 ὄνομα,
640 2199 711 2226 τοῦτ’
731 2199 785 2225 ἀπὸ
801 2198 850 2233 τῆς
875 2197 970 2232 καινῆς

181 2259 192 2275 ι
215 2249 288 2285 αὑτῷ
312 2249 359 2276 καὶ
378 2248 442 2280 νέας
457 2246 560 2282 ὑπῆρξε
577 2245 648 2273 κατὰ
671 2246 759 2281 σάρκα
780 2244 944 2279 οἰκονομίας.
958 2252 967 2268 ι

180 2296 235 2323 Καὶ
250 2295 314 2330 ἑξῆς
338 2294 473 2328 ἐπιλέγει·
496 2303 504 2319 1
519 2293 633 2323 Οὐκοῦν,
657 2291 709 2327 πρὸ
733 2290 782 2326 μὲν
803 2289 850 2316 τοῦ
875 2288 971 2315 κατελ-

183 2353 192 2369 1
215 2341 271 2369 θεῖν
297 2342 344 2368 καὶ
369 2341 413 2368 διὰ
436 2341 485 2376 τῆς
504 2338 641 2374 Παρθένου
663 2337 808 2372 τεχθῆναι,
832 2336 918 2369 Λόγος
937 2332 970 2370 ἦν

217 2390 306 2425 μόνον.
326 2389 414 2420 Ἐπεὶ,
429 2388 455 2413 τί
470 2386 526 2421 (7|)
544 2386 637 2421 ἕτερον
652 2382 697 2419 ἦν,
715 2384 767 2418 πρὸ
783 2383 830 2409 τοῦ
853 2382 903 2417 τὴν
923 2382 970 2407 ἀν-

216 2435 356 2470 θρωπίνην
368 2434 512 2461 ἀναλαϐεῖν
526 2433 615 2468 σάρκα
630 2431 661 2457 τὸ
680 2429 808 2456 κατελθὸν
824 2429 867 2455 ἐπ’
888 2427 969 2463 ἐσχά-

215 2491 271 2510 των
284 2481 337 2508 τῶν
358 2480 487 2517 ἡμερῶν;
509 2479 545 2510 ὡς
566 2478 613 2504 καὶ
630 2476 711 2508 αὐτὸς
733 2475 846 2511 ἔγραφε.
871 2473 925 2500 Καὶ
941 2473 971 2499 τὸ

214 2520 344 2564 γεννηθέν
357 2529 389 2554 ὲκ
414 2526 463 2561 τῆς
486 2525 566 2559 ἁγίας
582 2523 731 2559 Παρθένου,
752 2522 827 2548 οὐδὲν
843 2521 936 2556 ἕτερον
953 2520 969 2554 ἢ

218 2576 334 2609 Λόγος.)
360 2573 416 2600 Καὶ
440 2572 520 2599 πάλιν
546 2570 687 2605 ἐπιφέρει·
716 2579 724 2594 1
743 2568 877 2603 Πρότερον
907 2566 969 2603 γὰρ,

216 2619 317 2655 ὥσπερῆ
334 2617 462 2652 πολλάκις
479 2617 557 2652 ἔφην,
571 2616 646 2643 οὐδὲν
661 2615 753 2649 ἕτερον
768 2612 802 2649 ἧν
819 2613 836 2647 ἢ
851 2613 945 2646 Λόγος.
959 2622 968 2637 ι

175 2400 184 2414 Ι

176 2446 185 2462 θ

176 2494 185 2510 ι

177 2539 185 2554 l

177 2587 186 2601 ζ

177 2629 186 2646 1

1025 1979 1033 1994 1
1055 1969 1241 1996 sanctissimus
1262 1967 1426 2002 evangelista
1456 1972 1482 1994 et
1514 1965 1662 2001 discipulus
1687 1965 1810 1996 Domini,

1026 2023 1035 2038 1
1059 2014 1134 2041 valde
1147 2014 1256 2049 quidem
1270 2014 1313 2040 ille
1325 2014 1420 2048 spiritu
1437 2013 1566 2048 vigilans,
1582 2013 1626 2039 ubi
1640 2012 1723 2043 illius,
1738 2010 1810 2045 quod

1026 2071 1035 2086 1
1054 2066 1113 2088 erat
1125 2061 1158 2088 ab
1172 2061 1245 2088 omni
1262 2066 1336 2087 retro
1353 2060 1505 2087 :eternitate
1523 2059 1650 2093 principii
1673 2058 1809 2089 meminit,

1026 2117 1034 2132 1
1059 2115 1107 2133 nec
1121 2107 1234 2133 inferius
1248 2106 1426 2138 descendens,
1447 2105 1480 2132 In
1497 2105 1637 2140 principio,
1656 2105 1735 2136 dixit.
1755 2108 1810 2130 erat

1025 2162 1034 2178 1
1060 2151 1190 2179 Verbum:
1207 2157 1230 2178 et
1258 2151 1367 2178 Verbum
1399 2157 1455 2178 erat
1475 2152 1545 2185 apud
1567 2151 1672 2177 Deum:
1692 2155 1715 2177 et
1741 2150 1809 2176 Deut

1025 2209 1033 2224 1
1052 2203 1106 2225 erat
1131 2198 1198 2225 illud
1224 2198 1338 2225 Verbum
1346 2197 1379 2229 ⁷⁸,
1409 2202 1436 2224 ut
1452 2198 1491 2224 sic
1511 2196 1680 2228 ostenderet,
1699 2197 1720 2222 si
1736 2195 1809 2229 quod

1026 2254 1034 2270 1
1054 2244 1126 2271 aliud
1141 2245 1173 2271 de
1185 2251 1254 2271 novo
1265 2249 1292 2271 et
1304 2244 1433 2271 novitimn
1449 2243 1486 2270 illi
1505 2242 1685 2276 adaptabatur
1699 2248 1808 2273 nomen,

1025 2301 1034 2316 ι
1057 2291 1119 2317 illud
1132 2290 1157 2317 ei
1174 2290 1331 2322 accessisse,
1349 2298 1363 2315 a
1380 2297 1448 2315 nova
1465 2288 1508 2314 illa
1523 2295 1571 2315 sua
1588 2286 1736 2314 secundum
1748 2293 1809 2312 car-

1025 2347 1034 2362 1
1056 2344 1116 2363 nem
1129 2336 1340 2370 dispensatione.
1366 2344 1376 2361 ›
1393 2333 1497 2368 Quibus
1510 2332 1636 2366 adjunxit
1649 2332 1675 2358 in
1692 2338 1809 2366 sequen-

1023 2383 1112 2410 tibus:
1132 2391 1141 2408 1
1160 2383 1293 2416 Quocirca
1308 2382 1464 2417 priusquam
1476 2379 1529 2406 huc
1543 2379 1577 2404 ad
1597 2386 1646 2405 nos
1660 2377 1807 2405 descende-

1026 2438 1035 2454 1
1058 2432 1108 2460 ret,
1125 2434 1151 2456 et
1174 2429 1207 2455 de
1233 2428 1340 2463 Virgine
1361 2430 1527 2457 nasceretur,
1543 2424 1657 2451 Verbum
1675 2431 1724 2450 nec
1741 2431 1810 2457 prae-

1024 2485 1034 2501 ι
1055 2482 1126 2502 terea
1142 2475 1287 2510 quidquam
1300 2474 1359 2501 fuit.
1372 2473 1438 2500 Nam
1453 2473 1515 2508 quid
1535 2475 1593 2498 erat
1604 2471 1691 2501 aliud,
1706 2477 1809 2503 quaeso,

1025 2531 1033 2546 1
1057 2521 1210 2555 priusquam
1231 2521 1372 2547 lnnnanatn
1398 2524 1547 2546 assumeret
1564 2524 1684 2547 carnem,
1699 2516 1723 2542 id
1738 2514 1811 2549 quod

1026 2577 1034 2592 1
1056 2567 1193 2595 descendit
1208 2567 1233 2593 in
1247 2566 1399 2592 novissimis
1416 2564 1527 2592 diebus?
1541 2563 1611 2598 quod
1628 2567 1655 2589 et
1673 2562 1758 2593 ipsum
1778 2561 1811 2587 ab

1027 2623 1036 2639 1
1056 2621 1088 2641 eo
1105 2613 1233 2648 scriptum
1246 2611 1404 2639 adﬁrmatur.
1419 2611 1571 2642 Enimvero,
1587 2607 1656 2642 quod
1669 2608 1702 2634 de
1718 2611 1811 2633 sancta

222 2693 252 2722 ᾖ
271 2690 320 2719 Ed.
333 2688 558 2724 Paris.,pag.8l.
585 2687 607 2703 ⁷⁷
625 2685 692 2713 Gen.
712 2694 732 2718 ι,
748 2684 793 2713 26.
831 2683 854 2705 “3
868 2681 946 2709 Joau.
960 2690 979 2715 l,
996 2683 1021 2709 1.

219 2773 276 2807 (67)
299 2773 353 2800 Καὶ
368 2772 436 2799 Υῑὸν
447 2770 641 2807 μονογενοᾷς.
667 2767 753 2807 Patet
773 2766 914 2807 legendum
929 2766 972 2806 (ex

185 2802 341 2836 eoildfdedi
356 2802 465 2842 Πατέρᾶ
482 2802 547 2832 Υίοῦ
565 2805 610 2842 τοῦ
624 2813 682 2839 μον.
701 2807 725 2830 et
739 2802 823 2842 delevi
845 2808 906 2842 mox
919 2802 972 2827 τῶν

186 2849 249 2870 ante
263 2836 505 2879 aitbvwvid'ldtépa
521 2841 585 2879 γίρῦ
613 2836 783 2879 μονογενοῦςἶ
806 2836 902 2879 ὃιὲξίρι
918 2844 974 2879 Je-

185 2879 284 2910 scribe,
300 2878 343 2905 ὂδε
358 2870 410 2904 κᾶν
421 2870 510 2910 ’τούτῳ
525 2876 576 2910 lsic
591 2870 619 2904 et
632 2870 722 2908 eodm,
741 2873 819 2907 vulgo
831 2870 904 2900 ὧδε-1.
918 2871 953 2898 Μ.

294 2903 386 2948 Vulgo,
393 2913 450 2939 ἐστὶ
463 2903 552 2948 δῆλον.

1060 2768 1116 2802 (69)
1129 2767 1214 2799 Vulgo
1229 2766 1275 2792 ὥν.

1061 2795 1116 2838 (70)
1130 2795 1194 2829 Post
1207 2804 1232 2828 h.
1251 2810 1274 2827 v.
1291 2801 1323 2827 ll.
1336 2800 1465 2834 ὀνόματος
1474 2797 1594 2834 ἐμνήσθη
1604 2796 1643 2823 vel
1652 2795 1739 2824 simile
1748 2795 1815 2831 quid

1025 2839 1157 2865 excidisse
1172 2838 1266 2864 credit.

1060 2874 1116 2909 (71)
1128 2873 1214 2908 Vulgo
1228 2870 1260 2907 ἦν
1276 2871 1384 2907 Ξτερςιε
1400 2878 1461 2898 ιιιοκ
1483 2869 1559 2905 vulgo
1574 2866 1687 2902 ἔγραψε.
