2032 3211
269 168 322 198 88⁵1
604 168 737 197 EUSEBII
757 167 997 196 ωεδΑιιιΕΝειε
1015 167 1090 196 OPP.
1111 168 1204 196 PARS
1224 168 1269 196 IV.
1290 184 1323 189 —-
1343 168 1554 197 DOGMATICA.
1845 166 1895 194 868

259 228 405 255 oexsistens
418 232 445 255 et
458 228 671 263 appellatuslux.
687 229 745 256 Lux
761 233 852 256 autem
868 236 921 256 non
938 229 1057 256 sensibi-

1108 229 1175 265 ἡλίῳ
1199 229 1331 264 φωτίζον·
1357 229 1428 256 οὕτω
1449 230 1504 265 γὰρ
1529 228 1563 255 ἃν
1589 228 1635 255 καὶ
1657 228 1673 263 ἠ
1706 226 1760 264 τῷν
1791 224 1895 260 ἀλόγων

269 273 315 304 lis,
332 280 385 300 non
402 273 552 309 corporalis
568 281 574 300 :
589 281 641 300 non
658 281 717 308 qua:
734 274 840 306 oculos,
855 279 885 301 ut
898 274 939 301 sol
956 274 1055 301 illumi-

1107 274 1184 306 ζώων
1220 275 1301 310 φύσις
1338 277 1461 311 μετεῖχεν
1498 274 1591 302 αὑτοῦ.
1621 273 1689 300 Νυνὶ
1717 272 1745 299 δὲ
1776 271 1896 298 διδάσκει

270 323 343 346 raret
356 329 365 347 ι
386 327 448 346 nam
465 320 504 347 sic
520 319 589 346 illius
607 320 675 346 adeo
700 320 845 354 participes
868 320 965 348 tierent
980 328 1056 347 crea-

1105 322 1197 348 ὁποῖον
1225 320 1260 357 ἦν
1289 322 1362 356 φῶς,
1387 321 1490 356 λέγων’
1515 319 1576 348 Ἦν·
1603 319 1659 354 (85)
1695 317 1728 344 τὸ
1759 317 1837 352 φῶς,
1864 316 1895 343 τὸ

269 369 336 392 tura:
355 365 536 393 irrationales.
557 365 634 392 Nunc
649 365 737 400 qualis
752 371 812 392 erat
827 366 871 392 ille
886 366 933 393 lux
945 374 995 394 nos
1008 367 1055 394 do-

1105 366 1230 400 ρωτίζον
1251 367 1349 394 πάντα
1361 366 1517 401 ἄνθρωπον
1535 366 1697 400 ἐρχόμενον
1708 365 1751 396 εις
1763 363 1815 389 τὸν
1826 362 1896 390 κίσ-

269 417 324 443 cet,
340 412 486 445 inquiens:
502 411 567 438 Erat
592 416 680 438 autem
702 411 750 439 tua:
772 411 928 440 illuminant
951 421 1054 440 omnem

1103 421 1172 447 μον.
1190 413 1258 448 (85’)
1272 413 1360 440 Μόνον
1374 414 1427 448 ἄρα
1441 411 1474 448 ἦν
1491 412 1640 447 ἀνθρώπων
1649 411 1679 438 τὸ
1697 410 1804 444 λογικὸν
1819 409 1896 436 τοῦτο

268 461 399 487 hominem
413 459 551 485 uenientem
570 457 597 484 in
608 457 677 485 hunc
692 458 830 485 mundum.
847 458 887 485 Ad
904 458 976 485 solos
991 465 1055 492 ergo

1106 461 1173 494 φῶς.
1193 461 1238 487 Διὺ
1250 460 1363 496 δυνάμει
1385 460 1465 495 νοερᾷ
1484 459 1531 486 καὶ
1546 459 1640 493 ὶογικῇ
1661 457 1710 489 τὰς
1728 453 1896 483 κατέἱκόνα

268 504 391 531 homines
416 502 568 536 pertinebat
597 502 737 530 rationalis
767 503 818 530 ista
846 503 902 531 lux.
920 503 1054 537 Quocirca

1106 508 1154 542 τὴν
1171 507 1252 534 αὑτοῦ
1269 507 1315 533 καὶ
1334 506 1463 541 ὁμοίωσιν
1485 504 1672 540 πεποιημένας
1691 502 1780 538 ψυχὰς
1801 500 1896 536 νοερὰς

268 557 316 583 per
330 549 478 583 potentiam
494 556 571 575 suam
587 548 716 582 praeditus
733 549 875 577 intellectu
889 555 918 577 et
934 550 1052 583 ratione,

1106 552 1153 579 καὶ
1168 551 1280 586 λογικὰς
1295 550 1487 587 ἀπειργάζετο,
1505 551 1549 582 Ὠς
1562 549 1590 576 δὲ
1602 550 1651 576 οὐκ
1668 548 1797 583 αἰσθητὸν
1818 545 1897 580 ἐτύγ-

267 596 312 630 qui
335 599 376 622 est
398 595 454 627 lux,
471 595 503 622 ad
529 595 675 630 imaginem
700 602 778 622 suam
796 600 823 623 et
849 596 1054 623 similitudinem

1106 607 1170 634 χανε
1190 599 1258 633 φῶς,
1273 599 1359 630 οὕτως
1380 598 1439 624 οὐδὲ
1455 597 1485 624 τὸ
1508 597 1635 623 ἐπέκεινα
1652 595 1705 622 τῶν
1727 595 1796 622 ὅλων
1817 593 1896 625 αὐτὸς

267 641 412 668 rationales
440 641 545 668 animas
569 646 597 668 et
620 640 803 676 intelligentes
832 642 968 676 produxit.
995 642 1054 669 Non

1105 645 1199 675 ὁΘεδς
1209 642 1253 679 ἦν.
1274 644 1304 670 '0
1320 644 1375 679 γὰρ
1399 644 1465 675 Θεὺς
1491 643 1548 678 φῶς
1570 644 1637 673 ἐστι,
1660 641 1708 668 καὶ
1730 640 1824 675 σκοτία
1848 640 1897 666 οὐκ

265 692 325 715 erat
338 695 403 722 ergo
415 687 457 714 illa
472 687 517 714 lux
536 687 689 720 sensibilis;
706 693 735 715 ut
753 695 839 723 neque
856 689 926 715 Deus
939 693 998 716 erat
1012 689 1056 716 ille

1106 690 1179 717 ἐστιν
1196 691 1224 716 ὲν
1241 688 1315 724 αὐτῷ
1326 689 1448 724 οὐδεμία.
1466 689 1521 716 Καὶ
1540 689 1594 725 γὰρ
1613 690 1627 715 ὁ
1651 688 1699 723 μὲν
1717 685 1774 722 φῶς
1795 685 1896 721 ἀπρόσ-

265 733 311 767 qui
331 738 377 773 est
389 732 471 767 super
483 734 621 760 universa.
641 732 714 760 Deus
726 735 799 761 enim
817 733 861 760 lux
875 738 928 766 est,
941 739 969 761 et
984 739 1055 762 teuc-

1107 745 1162 762 ιτον
1173 734 1217 772 ἦν,
1229 736 1266 768 ὡς
1280 737 1294 762 ὁ
1307 736 1376 767 θεῖος
1397 735 1557 767 Ἀπόστολος
1572 729 1692 761 διδάσκει
1702 754 1709 766 ,
1727 733 1823 767 λέγων·
1834 731 1897 764 Φῶς

264 778 320 805 brae
333 786 385 806 nou
402 783 464 805 sunt
479 777 505 805 in
524 785 567 805 eo.
579 775 637 805 Lux
650 782 741 805 autent
759 781 800 805 est
811 778 963 810 inaccessa,
982 780 1055 813 quod

1105 782 1194 809 οἰκῶν
1215 783 1389 816 ἀπρόσιτον,
1418 782 1454 808 ὃν
1482 780 1564 808 εἶδεν
1586 781 1702 814 οὐδεὶς,
1734 773 1797 806 οὐδη
1825 777 1897 805 ἰδεῖν

264 818 409 859 Apostolus
428 825 517 857 docet,
534 824 577 851 ubi
595 825 633 850 ait
649 833 656 850 :
671 823 767 850 Lucem
783 822 908 852 habitans
935 825 1053 853 inacces-

1105 828 1239 855 δύναται.
1263 828 1288 854 Ὀ
1304 827 1329 854 δ’
1349 823 1383 854 ἐν
1401 827 1441 860 τῷ
1462 826 1563 862 κόσμῳ
1580 824 1629 862 ἦν,
1652 824 1781 860 φωτίζων
1799 822 1897 850 πάντα

264 879 333 903 tam,
347 878 422 906 quem
449 879 524 897 nemo
538 871 612 901 vidit,
633 871 678 897 uti
700 879 745 897 nec
759 876 844 903 potest
857 871 944 898 videre
955 871 989 900 εί.
1003 871 1054 898 Ille

1106 875 1263 908 ἄνθρωπον
1276 875 1438 909 ἐρχόμενον
1461 875 1504 906 εἱς
1524 873 1577 899 τὸν·
1598 873 1724 907 κόσμον.
1749 869 1830 897 Ἀλλὰ
1849 868 1897 896 καῖ

264 920 352 943 autem
367 917 394 942 in
412 917 509 943 mundo
530 921 598 948 erat,
614 915 771 943 illuminans
800 925 900 943 omnem
923 917 1053 944 hominem

1108 923 1121 948 ό
1142 905 1252 956 κδσμος,
1270 905 1353 955 φῇἓιξ
1372 919 1415 946 διὰ
1437 905 1514 945 τοῦδε
1540 918 1585 945 τοῦ
1609 905 1697 953 φωεὺς
1713 916 1826 951 γέγονε,
1850 914 1897 942 τοῦ

265 963 408 989 venientem
437 962 464 988 in
491 962 630 988 mundum.
657 961 710 989 Sed
733 967 761 989 et
784 963 912 995 mundus,
937 963 985 994 ait,
1007 971 1055 998 per

1109 955 1274 1003 κρείτεονος,
1295 967 1395 1002 δηλαδὴ
1421 966 1468 992 τοῦ
1493 965 1599 1001 Πατρὸς
1627 963 1670 990 διὰ
1696 962 1744 989 τοῦ
1777 961 1844 988 Υίοῦ
1867 955 1897 987 εὖ

264 1009 336 1035 hanc
350 1007 440 1035 lucem
456 1007 544 1035 iactus
560 1013 638 1040 erat;
659 1008 799 1040 nimirum,
813 1009 885 1043 quod
911 1016 1054 1043 supremus

1109 1015 1162 1040 πᾶν
1180 1014 1383 1048 συνισταμένου.
1400 1013 1479 1048 Τρεῖς
1497 1012 1546 1046 μὲν
1561 1011 1592 1046 δὴ
1609 1007 1688 1037 αὗται
1704 1009 1774 1036 κατὰ
1785 1008 1816 1035 τὺ
1831 1006 1898 1034 aint

263 1053 356 1085 Pater,
369 1061 417 1088 per
430 1054 529 1081 Filium
549 1061 628 1080 suum
650 1054 777 1081 universa
803 1055 991 1082 constituerat.
1007 1056 1054 1082 At-

1108 1058 1161 1084 τῶν
1175 1058 1221 1085 τοῦ
1241 1058 1306 1084 Υίοῦ
1325 1057 1371 1084 τοῦ
1388 1057 1454 1083 Θεοῦ
1471 1052 1526 1092 (84)
1546 1055 1701 1091 δυναμένων
1717 1053 1834 1089 εὔφημοι
1851 1051 1897 1078 καὶ

263 1107 317 1134 que
340 1100 375 1127 ita
403 1105 458 1127 tres
484 1099 541 1127 ista:
569 1099 777 1134 appellationes,
800 1101 828 1127 in
856 1108 938 1128 unum
965 1101 1053 1128 locum

1108 1104 1228 1135 εὐσεϐεῖς
1254 1103 1398 1139 ὲπηγορίαι
1417 1102 1456 1138 τῷ
1484 1101 1600 1136 θεολόγῳ
1619 1101 1667 1136 τῆς
1683 1099 1795 1136 Γραφῆς
1817 1098 1897 1132 ἀρχο-

263 1148 399 1180 congestze
424 1151 439 1170 a
467 1142 603 1179 theologo,
624 1144 651 1170 in
670 1145 805 1180 principio
829 1145 981 1180 Scripturae
997 1155 1054 1174 sua:

1110 1149 1182 1185 μένῳ
1202 1148 1436 1186 παρελείφθησαν·
1452 1149 1466 1175 ὁ
1482 1147 1578 1181 Λόγος,
1599 1146 1646 1173 καὶ
1669 1147 1683 1173 ὁ
1704 1144 1782 1177 Θεὸς,
1798 1143 1847 1170 καὶ
1867 1142 1897 1169 τὸ

262 1191 401 1226 leguntur,
415 1198 475 1225 quae
489 1191 533 1225 pie
546 1188 656 1225 quidem
675 1195 702 1218 et
718 1191 778 1218 sine
802 1191 857 1218 ulla
876 1192 993 1225 offensa,
1007 1201 1054 1227 po-
1109 1196 1175 1231 φῶς.

263 1241 391 1263 testatem
417 1235 568 1271 insigniunt
599 1234 662 1263 Filii
691 1236 759 1270 Dei,
785 1242 883 1272 nempe
917 1237 1053 1271 Verbum,

262 1281 335 1309 Deus
347 1287 430 1317 atque
445 1282 502 1310 lux.

297 1329 325 1356 ι.
347 1328 475 1362 Quartam
494 1329 539 1356 bis
555 1329 676 1356 annectit
697 1329 768 1356 idem
786 1337 819 1357 eo
831 1329 900 1363 loco,
923 1331 1054 1366 Unigeni-

1143 1332 1174 1359 δ’.
1197 1332 1265 1367 Ἤδη
1300 1332 1328 1358 δὲ
1356 1332 1402 1358 καὶ
1435 1331 1569 1366 τετάρεὲην
1604 1329 1781 1366 προστίθησιν
1805 1330 1821 1356 ὸ
1847 1328 1898 1357 αὖ·

265 1382 320 1403 tum
336 1376 473 1411 appellans
484 1376 545 1404 istis
556 1377 686 1404 vocibus:
698 1376 732 1402 Et
756 1376 867 1404 Verbum
878 1386 940 1405 caro
953 1379 1053 1413 factum

1108 1379 1163 1409 τὸς,
1181 1377 1321 1411 Μονογενῆ
1347 1377 1392 1403 τὸν
1420 1377 1499 1403 αὑτὸν
1527 1375 1681 1408 ἀποκαλῶν,
1702 1376 1730 1402 ὲν
1753 1372 1793 1406 οἷς
1813 1381 1896 1410 φησι·

268 1429 317 1456 aut,
338 1429 362 1450 et
377 1423 501 1449 habitavit
516 1423 543 1448 in
558 1422 632 1449 nobis
647 1433 653 1450 :
671 1422 705 1448 Et
724 1423 837 1450 vidimus
851 1424 962 1458 gloriam
984 1426 1052 1460 ejus,

1108 1423 1163 1450 Καὶ
1192 1425 1209 1450 ό
1238 1425 1332 1458 Λόγος
1362 1423 1439 1457 σὰρξ
1475 1422 1609 1457 ἐγένετο,
1637 1422 1687 1448 καὶ
1720 1420 1898 1454 ἐσκήνωσα-

264 1470 377 1506 gloriam
397 1470 473 1505 quasi
492 1468 625 1504 Unigeniti
639 1478 654 1495 a
681 1469 771 1502 Patre,
787 1471 892 1505 plenum
911 1473 1006 1507 gratite
1028 1479 1054 1500 et

1108 1470 1142 1496 ἐν
1170 1469 1251 1504 ἡμῖν,
1288 1469 1336 1496 καὶ
1366 1468 1549 1502 ἐθεασάμεθα
1578 1467 1637 1501 τὴν
1669 1467 1763 1500 δόξαν
1791 1466 1896 1499 αὐτοῦ,

266 1516 386 1542 ueritatis
396 1515 432 1543 ⁸²,
451 1514 489 1542 lta
503 1523 611 1550 quoque
625 1521 651 1543 et
667 1515 826 1551 Unigenitus
841 1518 984 1545 dicebatur
997 1519 1053 1552 ille,

1108 1515 1202 1548 δόξαν
1238 1516 1278 1548 ὡς
1309 1515 1499 1549 Μονογενοῦς
1538 1515 1617 1549 παρὰ
1656 1514 1785 1548 Πατρὸς,
1818 1513 1897 1547 πλή-

263 1563 420 1598 priusquam
454 1562 655 1589 incarnaretur.
684 1562 752 1590 Nam
785 1568 923 1599 utcunque
960 1570 1052 1592 nostra

1104 1571 1163 1596 ρης
1191 1561 1311 1597 χάριτος
1338 1561 1386 1588 καὶ
1412 1561 1564 1595 ἀληθείας.
1593 1560 1697 1587 Οὐκοῦν
1723 1560 1770 1586 καὶ
1796 1560 1811 1585 δ
1840 1560 1897 1585 Μο-

263 1615 356 1639 causa,
369 1607 441 1641 quod
453 1607 491 1634 ait
507 1615 515 1633 :
528 1606 597 1634 Caro
608 1607 697 1641 factus
708 1614 744 1635 est
758 1608 859 1635 Sermo.
874 1602 1054 1637 Nihilominus

1107 1608 1219 1644 νογενὴς
1242 1607 1289 1634 τοῦ
1313 1606 1381 1634 Θεοῦ
1410 1608 1473 1642 πρὶν
1501 1607 1518 1641 ἢ
1542 1606 1591 1639 τὴν
1622 1606 1710 1641 σάρκα
1738 1604 1895 1634 ἀναλαϐεῖν,

262 1660 313 1680 nos
332 1653 382 1687 ipsi
409 1653 508 1687 quibus
527 1652 649 1680 revelare
674 1656 703 1685 ᾖ(
727 1655 853 1689 dignatus
868 1660 910 1682 est
928 1655 1055 1683 divinita-

1106 1653 1299 1689 ἐχρημάτιζεν.
1323 1653 1355 1679 Et
1384 1652 1437 1687 γὰρ
1465 1652 1513 1678 καὶ
1539 1652 1575 1678 τὰ
1605 1651 1739 1686 μάλιστα,
1762 1650 1845 1685 φησὶ,
1865 1649 1899 1677 δι’

264 1703 319 1727 tem
334 1706 423 1732 suam,-
442 1700 599 1734 neutiquam
624 1701 649 1727 in
673 1707 784 1727 carnem
810 1701 997 1735 respicientes,
1013 1707 1055 1730 est

1106 1701 1189 1736 ἡμᾶς,
1205 1701 1219 1726 ὁ
1236 1701 1332 1734 Λόγος
1343 1699 1421 1733 σὰρξ
1431 1698 1559 1733 ἐγένετο,
1579 1697 1635 1724 ἀλλ’
1651 1698 1725 1733 ὅμως
1748 1698 1842 1733 ἡμεῖς.
1858 1694 1898 1728 οἷς

263 1744 337 1771 enim
356 1751 421 1771 caro
441 1746 513 1772 servi
542 1744 640 1778 forma,
656 1746 703 1773 sed
727 1746 754 1772 in
774 1746 857 1781 ipsius
880 1746 995 1781 gloriam
1013 1747 1055 1774 in-

1105 1746 1273 1781 κατηξίωσεν
1288 1745 1454 1778 ἐνδείξασθαι
1467 1744 1515 1779 τὴν
1531 1744 1626 1771 ἑαυτοῦ
1647 1743 1760 1779 θεότητα
1772 1763 1779 1775 ,
1793 1743 1844 1769 οὐκ
1860 1744 1898 1774 εἰς

263 1796 382 1823 tuentes,
398 1798 458 1826 qua:
481 1797 561 1819 extra
586 1792 695 1826 quidem
720 1799 820 1826 corpus
842 1799 857 1819 a
881 1794 972 1819 mente
987 1800 1053 1827 pura

1103 1793 1153 1828 τὴν
1166 1792 1254 1827 σάρκα
1271 1791 1437 1826 ἀφορῶντες,
1450 1790 1519 1826 αῦτη
1542 1790 1596 1826 γὰρ
1613 1789 1669 1824 (85)
1692 1789 1782 1826 μορφὴ
1804 1788 1899 1815 δούλου

263 1836 361 1864 visitur
383 1842 410 1864 et
428 1838 569 1870 defaecata,
592 1838 709 1866 vidimus
724 1838 783 1873 ejus
797 1838 922 1873 gloriam,
938 1838 1053 1872 gloriam

1103 1835 1148 1873 ἦν,
1166 1837 1222 1865 ἀλλ’
1236 1838 1275 1869 εἰς
1288 1838 1336 1873 τὴν
1351 1836 1429 1870 δόξαν
1444 1836 1526 1863 αὑτοῦ
1545 1836 1593 1872 τὴν
1609 1835 1688 1867 ἐκτὸς
1708 1835 1754 1862 τοῦ
1773 1834 1898 1870 σώματος

263 1881 438 1917 ineffabilem,
453 1887 480 1910 et
506 1888 616 1918 captum
641 1883 789 1918 quemlibet
813 1883 960 1911 humanum
977 1888 1052 1910 tran-

1105 1883 1142 1919 νῷ
1155 1883 1267 1919 καθαρῷ
1281 1883 1483 1918 θεωρουμένην,
1501 1882 1673 1917 εοεασάμεθα
1688 1881 1737 1917 τὴν
1752 1881 1830 1914 δόξαν
1854 1881 1898 1908 αὐ⁴

263 1930 451 1961 scendeutem,
466 1930 573 1964 qualem
592 1929 721 1956 nimirum
739 1929 801 1963 quis
826 1929 968 1964 imaginari
989 1929 1054 1957 velit

1104 1931 1162 1962 τοῦ,
1190 1931 1268 1963 δόξαν
1298 1930 1417 1966 ἄῤῥητον
1446 1929 1493 1956 καὶ
1518 1928 1607 1955 πάντα
1635 1927 1739 1962 θνητῶν
1768 1927 1896 1963 λογισμὸν

265 1975 382 2009 gloriam
409 1974 548 2010 Unigeniti
575 1975 633 2002 Dei.
664 1975 728 2002 Erat
752 1980 873 2002 autema
891 1976 982 2008 Patre,
1000 1976 1053 2003 ista

1105 1977 1331 2012 ὺπερὸαίνουσαν,
1348 1976 1443 2002 ὁποίαν
1453 1984 1494 2007 τις
1505 1976 1638 2010 ἐννοήσειε
1654 1974 1731 2005 δόξαν
1746 1973 1811 2000 Υίοῦ
1828 1973 1895 2000 Θεοῦ

265 2022 363 2057 gloria.
383 2021 586 2048 Animadvertis
605 2029 658 2048 non
673 2021 718 2048 hic
729 2021 792 2054 dici,
807 2021 923 2049 vidimus
936 2022 1052 2056 gloriam

1106 2023 1276 2059 μονογενοῦς.
1297 2021 1351 2049 Ἦν
1370 2022 1398 2048 δὲ
1420 2021 1488 2058 αὕτη
1516 2021 1592 2057 παρὰ
1616 2020 1664 2048 τοῦ
1691 2020 1797 2056 Πατρὸς
1822 2020 1895 2053 δόξα.

265 2067 334 2101 ejus,
353 2067 467 2102 gloriati]
486 2067 568 2093 veluti
583 2065 678 2100 Verbi,
700 2075 733 2094 ne
753 2073 808 2094 tum
829 2076 890 2095 eum
906 2068 1010 2095 dixerat
1025 2068 1051 2095 in

1109 2070 1191 2105 Ὁρᾷς
1204 2089 1211 2101 ,
1227 2070 1300 2100 ὅπως
1322 2069 1372 2095 οὐκ
1390 2066 1465 2101 εἷπε,
1483 2067 1529 2094 καὶ
1553 2066 1724 2102 ἐθεασάμεθα
1746 2066 1796 2102 τὴν
1819 2065 1897 2098 δόξαν

265 2112 500 2148 praecedentibus;
518 2112 631 2140 Verbum
663 2121 725 2140 cnro
746 2114 845 2147 factum
868 2114 929 2147 fuit,
950 2115 997 2141 sed
1024 2118 1054 2140 ut

1104 2116 1196 2148 αὐτοῦ,
1211 2115 1288 2147 δόξαν
1301 2114 1338 2146 ὡς
1354 2114 1451 2148 Λόγου,
1465 2113 1553 2140 καίτοι
1578 2112 1728 2148 προειπὼνί
1754 2111 1786 2138 ’0
1801 2112 1896 2145 Λόγος

265 2158 378 2193 intelligi
402 2163 492 2193 posset
508 2158 659 2193 cujusmodi
687 2157 803 2186 Verbum
821 2159 867 2186 ille
886 2165 946 2185 eum
970 2165 1054 2193 pone-

1103 2160 1181 2195 σὰρε
1195 2159 1323 2194 ἐγένετο,
1338 2159 1394 2185 ἀλλ’
1410 2159 1452 2185 ἴνα
1460 2158 1553 2194 διδάξῃ
1571 2159 1661 2184 ὁποῖον
1676 2155 1757 2184 αὑτὸν
1777 2157 1895 2192 ὑπεστή-

266 2211 317 2238 ret,
342 2205 475 2242 (minime
494 2205 602 2240 quidem
630 2205 807 2231 indicativum
822 2212 829 2230 :
846 2212 908 2231 nam
932 2205 1051 2233 Verbum

1104 2217 1169 2235 σατο
1183 2208 1278 2242 Λόγον·
1295 2207 1346 2242 (ὅτι
1362 2206 1399 2242 μὴ
1411 2206 1586 2242 σημαντικὸν,
1599 2206 1656 2238 πῶς
1667 2206 1720 2241 γὰρ
1737 2206 1784 2232 καῖ
1797 2203 1854 2232 οἷόν
1867 2215 1894 2232 τε

265 2252 373 2287 quidem
394 2252 458 2284 tale,
473 2259 538 2279 caro
555 2251 614 2278 ﬁeri
640 2250 780 2286 nequibat)
793 2250 968 2285 Unigenitum
983 2259 1052 2293 prae-

1104 2252 1138 2290 ἦν
1149 2255 1195 2281 τὸν
1208 2254 1327 2281 τοιοῦτον
1339 2254 1428 2289 σάρκα
1445 2252 1570 2287 γενέσθαι
1581 2261 1588 2283 ε
1601 2252 1611 2287 )
1638 2251 1794 2286 ἀναγκαίως
1814 2252 1896 2278 Μονο-

265 2299 381 2332 dixerat,
397 2304 425 2325 et
448 2298 560 2332 gloriam
591 2297 649 2332 ejus
668 2297 759 2330 talem,
786 2297 894 2332 qualem
914 2297 976 2325 Filii
1002 2297 1049 2326 Dei

1107 2300 1172 2336 γενῆ
1202 2300 1281 2327 αὐτὸν
1307 2298 1431 2335 προεῖτὶε.
1452 2299 1508 2325 Καὶ
1523 2298 1571 2334 τὴν
1594 2297 1671 2330 δόξαν
1686 2297 1767 2324 αὐτοῦ
1794 2297 1895 2334 ταύτην

266 2345 397 2379 unigeniti
422 2344 537 2379 gloriam
555 2343 739 2378 intelligimus.
756 2343 788 2371 Et
800 2343 914 2378 gloriam
937 2344 973 2371 illi
991 2352 1051 2372 eam

1107 2346 1176 2374 εἷναι
1189 2346 1326 2378 διδάσκει,
1351 2345 1411 2373 καθ’
1427 2345 1461 2380 ἢν
1479 2347 1577 2372 νοεῖται
1594 2343 1742 2380 μονογενὴς
1761 2341 1810 2370 τοῦ
1827 2343 1894 2371 Θεοῦ

263 2397 278 2416 a
296 2389 376 2416 Patre
401 2397 507 2424 quoque
534 2390 613 2416 docet
636 2393 664 2415 et
690 2397 742 2417 non
768 2389 876 2417 aliunde
899 2389 1052 2418 advenisse.

1106 2393 1179 2424 Υίὸς.
1205 2392 1351 2427 Ὑπάρχειν
1364 2400 1394 2417 τε
1409 2391 1463 2426 (86)
1481 2390 1565 2426 αὐτῷ,
1580 2390 1657 2426 φησι,
1679 2389 1729 2425 τὴν
1747 2389 1826 2423 δόξαν
1847 2390 1894 2416 οὐκ

263 2436 332 2464 Nam
353 2444 403 2464 nec
423 2437 581 2472 ingenitam,
603 2445 652 2465 nec
671 2438 807 2473 principio
832 2442 980 2472 carentem,
1002 2446 1052 2466 nec

1107 2438 1217 2466 ἄλλοθεν
1231 2437 1247 2473 ἥ
1263 2437 1338 2474 παρὰ
1350 2436 1396 2463 τοῦ
1410 2436 1516 2472 Πατρός
1528 2443 1534 2449 ·
1549 2436 1580 2462 οὐ
1598 2435 1651 2471 γὰρ
1665 2435 1823 2470 ἀγέννητον,
1837 2435 1894 2462 οὐδὲ

262 2490 278 2510 a
301 2490 330 2510 se
348 2490 511 2518 possessam,
530 2489 560 2511 et
579 2491 632 2510 non
655 2483 767 2511 aliunde
788 2484 903 2519 gloriam
921 2484 1049 2517 habebat,

1107 2485 1233 2521 ἄναρχον,
1249 2484 1309 2510 οὐδὲ
1327 2484 1474 2519 ίδιόκτητον
1490 2480 1547 2518 εἶχε
1559 2482 1609 2517 τὴν
1621 2482 1715 2514 δόξαν,
1729 2481 1797 2509 ἀλλὰ
1822 2481 1893 2518 mp!

265 2531 312 2558 sed
327 2537 342 2557 a
357 2530 437 2558 Patre
459 2538 509 2558 suo
534 2535 674 2564 acceptam
691 2540 698 2558 :
713 2530 785 2565 quod
814 2530 894 2558 docet
921 2531 980 2566 ipse
1007 2531 1050 2558 in-

1105 2531 1150 2557 τοῦ
1180 2530 1285 2566 Πατρὸς
1302 2529 1390 2556 λαϐών
1417 2528 1482 2565 (87).
1510 2527 1544 2555 Ὀ
1558 2528 1589 2564 δὴ
1608 2528 1654 2555 καὶ
1674 2525 1754 2559 acea;
1774 2527 1893 2562 παρίστε

265 2577 385 2612 quiens:
403 2576 495 2609 Pater,
514 2576 633 2611 gloriﬁca
651 2584 691 2603 me
712 2576 797 2612 gloria
812 2575 860 2603 illa
883 2585 962 2612 quam
980 2578 1050 2611 apud

1105 2576 1316 2612 λέγων,Πάτερ,
1334 2575 1467 2607 δόξασόν
1480 2583 1518 2609 με
1530 2574 1567 2608 τῇ
1583 2574 1669 2608 δόξῃ,
1680 2573 1721 2607 ἢν
1738 2571 1822 2607 εἶχον
1836 2571 1893 2606 κρί

267 2629 292 2651 te
315 2625 408 2657 habui,
431 2629 492 2651 ante
518 2624 730 2651 constitutionem
752 2623 829 2650 istius
852 2624 944 2650 mundi
956 2623 989 2656 ",
1003 2623 1047 2651 cui

1103 2624 1157 2651 τοῦ
1173 2623 1227 2650 τὸν
1243 2615 1358 2658 κόιγμον
1372 2622 1448 2649 εἶναι
1459 2620 1539 2656 παρὰ
1550 2621 1611 2648 σοι.
1629 2614 1676 2647 Ὃν
1688 2619 1735 2646 καὶ
1751 2618 1893 2654 ἀμείϐεται

1754 1275 1771 1291 ἡ

304 2707 333 2736 r14
348 2704 397 2732 Ed.
419 2703 518 2739 Paris.,
532 2713 594 2741 pag.
609 2706 652 2733 85.
690 2705 733 2734 "1
747 2704 864 2739 Tim.vt,
881 2706 925 2735 16.
963 2705 986 2722 ⁸²
997 2696 1075 2734 Joan.
1093 2705 1161 2738 LM.
1200 2706 1223 2722 ⁸³
1235 2705 1315 2735 Joan.
1326 2712 1394 2739 xvtt,
1410 2704 1436 2732 5.

304 2782 427 2822 (ξέὶἮν.
439 2786 453 2812 ὸ
466 2786 545 2820 Mra:
560 2787 647 2822 vulso-

640 2805 647 2813 .
1106 2787 1151 2815 λου
1155 2796 1204 2815 σαν
1209 2808 1218 2817 .

302 2819 481 2857 (ξδ’)-Μόνῳν
496 2818 548 2857 lllp.
563 2818 621 2848 Μοῖι
637 2822 716 2857 vulgo
733 2823 852 2850 διδάσκει
868 2822 1033 2854 Απόστολος.

977 2822 1033 2854 λος.
1143 2823 1198 2857 (86)
1215 2823 1251 2849 ia.
1268 2821 1341 2856 αὐτῷ
1358 2822 1399 2850 vel
1413 2818 1496 2850 αὕτοῦ
1515 2820 1580 2856 Μν..
1591 2822 1671 2857 vulgo
1687 2821 1779 2857 αὐτόν.

316 2826 369 2854 ω’)
387 2826 481 2847 Μονων
496 2826 548 2855 Mp.
563 2826 621 2848 Mox
637 2826 716 2857 vulgo
733 2826 852 2850 διδάσκει
868 2826 1033 2854 Απὸστολος.

316 2853 361 2902 ﬁt
374 2855 646 2902 ἕρμὶσκέφνάξμεξυι
665 2858 740 2902 in":
753 2860 830 2902 “1‘5"
848 2859 1046 2902 ἐχρημάτιξςιο
1108 2901 1112 2902 ν

1154 2826 1198 2856 86)
1215 2826 1251 2849 ta.
1268 2826 1341 2856 αὐτῷ
1358 2826 1399 2850 vel
1413 2826 1496 2850 αὑτοῦ
1516 2826 1580 2856 Μν..
1591 2826 1671 2857 vulgo
1687 2826 1780 2849 αὐτόν.

1141 2826 1197 2902 ἕξις)
1211 2857 1298 2901 yltlgo
1309 2859 1362 2888 ὅδε.
1377 2863 1476 2902 et'tnox
1494 2858 1568 2902 παρέ
1582 2866 1628 2884 σου
1638 2855 1791 2893 θιέδόξασὰ
1805 2855 1893 2885 σεκαὶ

315 2889 360 2924 85)
378 2889 461 2935 ῩυΙδο
481 2899 535 2919 οηι.
559 2889 614 2918 καί.
632 2893 704 2920 Inl'ra
727 2889 820 2928 θνητὸν
848 2889 890 2920 ).’“
910 2889 1048 2929 ῦπερὸἁλ-
1102 2901 1117 2922 e

772 2889 820 2928 56y
848 2889 890 2920 ).’“
910 2889 1048 2929 ῦπερὸἁλ-
1102 2898 1129 2922 et
1141 2889 1224 2921 ὰύέοῦ
1243 2889 1343 2924 πάντες
1357 2899 1385 2921 et
1399 2893 1492 2920 ἀκούει
1509 2889 1574 2920 Σέιῦ.
