2032 3211
147 205 199 235 869

147 263 236 298 λέγων
252 263 267 289 5
283 262 387 299 Πατήρ·
407 262 461 290 Kal
477 262 608 295 ἐδόξασα
631 262 681 289 καὶ
694 262 787 289 πάλιν
805 262 934 295 δοξάσω.

147 309 204 337 Καὶ
224 310 265 336 ἔτι
289 310 389 345 μᾶλλον
408 310 459 346 τὴν
484 310 631 337 ὑπόστασιν
654 309 735 337 αὐτοῦ
754 310 908 344 συνίστησιν
922 310 936 336 6

148 355 231 387 αὐτὸς
256 355 450 391 εὑαγγελιστὴς
466 356 619 391 ἐπιφέρων,
654 356 778 391 Ἰωάννης
803 356 937 391 μαρτυρεῖ

147 400 212 436 περὶ
225 400 307 426 αὑτοῦ
322 400 368 427 καὶ
381 400 500 436 κέκραγε
520 401 606 435 λέγων
620 410 626 416 ·
641 399 737 435 Οὗτος
753 400 792 436 ἦν
807 404 822 428 ό
840 402 935 428 ὀπίσω

147 452 206 478 μου
217 444 378 478 ἐρχόμενος
391 463 397 475 r
413 444 446 478 ὅς
462 446 631 480 ἔμπροσθέν
647 454 706 479 μου
725 446 846 480 γέγονεν
858 466 864 477 ,
892 446 935 473 ὅτι

148 489 263 524 πρῶτός
276 500 335 525 μου
355 489 405 526 ἦν,
424 491 467 517 ὄτι
493 492 527 518 ἐκ
550 491 604 518 τοῦ
628 491 823 525 πληρώματος
843 492 935 518 αὑτοῦ

148 535 234 569 ἡμεῖς
249 536 360 569 πάντες
384 537 539 572 ἐλάϐομεν.
567 537 646 564 Ἀλλὰ
672 537 785 572 βοῶντος
804 538 934 566 Ἰωάννου.

148 582 188 607 au
203 581 311 616 πρῶτος
333 580 367 617 ἦν
386 583 466 609 αὑτοῦ
481 603 487 613 ,
500 583 549 609 οὐκ
571 583 662 609 ἀκούει
683 584 696 609 6
710 583 768 614 νέος
783 584 934 614 Σαϐέλλιος,

148 627 237 654 καίτοι
251 628 321 654 κατὰ
331 628 420 663 σάρκα
430 628 534 663 προῆγε
557 628 603 654 τοῦ
618 628 724 664 (88-89)
744 628 792 663 τὴν
806 630 910 662 γένεσιν
922 630 935 655 6

149 673 304 708 Βαπτιστὴς
326 673 459 707 Ἰωάννης.
477 673 538 704 Πῶς
555 670 600 699 οὖν
612 672 789 707 μαρτύρεται,
807 673 848 698 ὅτι
861 672 935 707 πρῶο

147 727 194 750 τος
208 718 289 745 αὑτοῦ
307 716 340 754 ἦν
352 720 400 753 ruﬁ
414 719 462 753 μὲν
477 718 530 753 γὰρ
543 719 614 745 κατὰ
628 720 715 754 σάρκα
731 719 812 753 γεννή
819 727 868 747 σει.
886 718 935 744 οὐκ

148 762 182 800 ἢν
195 764 302 800 πρῶτος
316 764 397 790 αὑτοῦ
410 766 423 790 6
435 765 528 799 Σωτήρ
541 773 548 779 ·
567 764 665 791 οὐκοῦν
677 764 737 790 καθ’
753 764 767 790 ὃ
781 764 936 799 Μονογενὴς

147 807 182 845 ἧν
197 808 244 835 τοῦ
255 808 332 840 Θεοῦ,
348 808 453 844 πρῶτος
468 806 502 844 ἦν
517 808 563 834 τοῦ
578 809 711 838 Ἰωάννου,
726 809 771 835 καὶ
783 808 935 844 ἔμπροσθεν

149 854 232 880 αὑτοῦ
244 855 364 888 γέγονεν.
380 852 442 889 τΛρ¹
454 852 499 880 οὖν
510 855 662 889 ἐπιδέχεται
669 855 755 881 ταῦτα
767 855 812 880 ἐπὶ
825 854 868 880 τὸν
882 855 935 880 Πα-

150 899 218 935 τέρα
229 900 275 926 καὶ
282 899 347 926 Θεὸν
360 899 412 925 τῶν
421 900 488 926 ὅλων
507 900 698 935 ἀναφέρεσθαι,
713 900 729 935 ἢ
747 900 793 926 ἐπὶ
809 899 935 926 ἀνούσιον

151 946 197 971 καὶ
204 944 386 971 ἀνυπόστατον
395 946 422 971 ἐν
438 944 477 979 τῷ
492 944 550 979 Θεῷ
569 945 653 978 Λόγον
660 945 703 971 τὸν
722 944 801 970 αὐτὸν
819 944 882 970 ὄντα
898 944 937 979 τῷ

128 1029 131 1031 Δ
151 990 227 1026 Θεῷ;
251 992 306 1017 Καὶ
322 991 378 1022 πῶς
398 991 430 1018 ἂν
444 991 486 1025 εἴη
497 990 607 1017 δυνατὸν
622 991 685 1026 περὶ
702 991 747 1017 τοῦ
763 990 801 1025 μὴ
817 990 937 1025 ὑφεστῶ-

151 1045 196 1068 τος
210 1037 288 1070 λόγου
297 1036 422 1070 λέγεσθαι
432 1037 471 1068 τὸ,
486 1035 674 1070 Ἐμπροσθέν
684 1045 743 1070 μου
754 1035 856 1070 γέγονε
868 1044 876 1066 ;
890 1036 937 1066 Τίς

150 1082 173 1108 δ’
189 1081 259 1108 οὕτω
273 1082 380 1117 μανείη,
397 1082 433 1114 ὡς
461 1082 569 1117 νομίσαι
587 1081 711 1116 Ἰωάννην
728 1081 772 1107 τὸν
784 1081 937 1116 Βαπτιστὴν

152 1127 270 1163 περὶτοῦ
279 1128 346 1154 Θεοῦ
355 1128 407 1154 τῶν
417 1128 484 1154 ὅλων
493 1128 631 1162 εἰρηκέναι
639 1127 872 1161 τὸ,Ἐμπροσοέν
879 1135 937 1160 μου

152 1173 254 1208 γέγονε
264 1193 271 1205 ,
288 1174 336 1199 καὶ
358 1174 399 1200 ὅτι
427 1173 610 1208 πρῶτός-’μου
623 1172 678 1208 ἦν;
693 1172 794 1199 Οὐκοῦν
806 1173 937 1199 δέδεικται

152 1219 195 1245 διὰ
216 1220 318 1245 τούτων
347 1220 528 1255 προῠπάρχων
552 1219 600 1254 τῆς
625 1218 746 1245 Ἰωάννου
773 1219 902 1252 γενέσεως
925 1220 938 1244 6

153 1265 372 1300 θεολογούμενος,
390 1266 437 1292 καὶ
465 1265 616 1300 ἔμπροσθεν
639 1264 720 1291 αὑτοῦ
743 1264 860 1298 γεγονὼς
883 1264 937 1296 ι90)

154 1311 267 1347 συνέστη
279 1321 308 1337 τε
324 1312 354 1338 οὐ
373 1312 452 1347 μόνον
471 1311 555 1345 Λόγος
565 1332 571 1343 ,
587 1311 654 1337 ἀλλὰ
673 1311 717 1337 καὶ
732 1310 796 1342 Θεὸς
810 1311 855 1337 καὶ
870 1310 937 1344 φῶς,

153 1358 200 1384 καὶ
212 1358 376 1392 Μονογενὴς,
393 1358 445 1393 πρὸ
462 1358 510 1392 τῆς
531 1357 662 1392 ὲνσάρκου
684 1357 832 1392 παρουσίας
854 1356 939 1392 ὑπάρ-

153 1413 207 1438 χων
222 1413 250 1430 τε
265 1405 311 1430 καὶ
325 1403 524 1438 ὠνομασμένος.
539 1404 646 1429 Τούτων
663 1403 690 1429 δὲ
707 1403 788 1429 πόθεν
808 1403 823 1431 ἡ
841 1402 938 1436 γνῶσις

153 1450 192 1484 τῷ
209 1450 395 1484 εὖαγγελιστῇ,
411 1449 489 1480 αὐτὸς
509 1448 621 1484 δηλώσει
633 1448 718 1481 λέγων
735 1447 812 1482 ἑξῆς,
829 1449 842 1473 6
855 1448 939 1473 Μονο-

155 1496 237 1530 γενὴς
254 1495 316 1527 Υἱὸς
333 1497 346 1522 6
357 1495 393 1521 ὢν
411 1497 449 1526 εἰς
460 1495 505 1521 τὸν
519 1495 617 1521 κόλπον
630 1494 675 1521 τοῦ
690 1493 795 1528 Πατρος
806 1514 813 1524 ,
837 1494 940 1523 ἐκεῖνος

156 1541 318 1576 ἐξηγήσατο.
345 1541 424 1576 Ὁρᾷς
451 1540 525 1575 παρὰ
551 1540 622 1570 τίνος
644 1538 785 1574 μεμάθηκε
808 1538 854 1564 τοῦ
878 1538 939 1563 Υἱοῦ

157 1587 207 1622 τὴν
221 1585 364 1620 θεολογίαν.

624 205 666 233 DE
685 205 951 233 ECCLESIASTICA
970 204 1166 233 THEOLOGIA
1186 205 1253 234 LIB.
1272 205 1293 233 Ι.

1714 204 1767 231 870

950 264 972 294 Α
987 263 1152 297 respondens
1173 262 1210 289 ait
1232 261 1314 289 Pater
1330 269 1337 288 :
1352 260 1387 288 Et
1402 260 1550 296 gloriﬁcaui
1571 265 1607 293 te,
1624 265 1646 288 et
1671 261 1765 288 iterum

986 307 1181 342 glariﬁcabo".
1210 308 1263 335 Sed
1283 308 1373 335 adhuc
1392 307 1506 334 ulterius
1532 307 1697 342 evangelista
1723 307 1767 334 ille

987 353 1057 380 idem
1071 353 1105 379 de
1119 352 1258 388 hypostasi
1271 353 1357 387 ipsius
1369 352 1493 387 perhibet
1508 353 1703 385 testiinonium,
1721 354 1765 379 uhi

986 397 1102 425 Joannes
1127 398 1246 433 Baptista
1271 398 1453 425 testiinonium
1469 398 1494 425 ei
1509 398 1655 432 perhibuit,
1666 403 1693 426 et
1709 399 1767 425 cla-

988 445 1070 472 tnavit
1086 446 1177 472 dicens
1194 445 1267 472 :llic
1291 449 1347 471 erat
1369 445 1413 478 qui
1427 448 1483 478 post
1505 452 1545 471 me
1567 445 1682 476 veniens,
1707 451 1767 471 ante

987 501 1026 519 me
1042 492 1127 526 {actus
1143 497 1191 524 est,
1207 492 1268 527 quia
1285 493 1359 525 prior
1373 499 1412 517 me
1435 496 1501 522 erat,
1517 492 1579 525 quia
1600 492 1632 518 de
1653 492 1766 525 plenitu-

986 541 1047 566 dine
1061 540 1117 575 ejus
1131 548 1218 566 omnes
1233 539 1378 573 accepimus
1386 539 1419 567 ⁸⁵.
1442 539 1494 566 Sed
1511 539 1671 565 clamantem
1683 537 1750 565 Joan
1760 552 1767 557 ν

987 594 1047 613 nem
1063 586 1133 619 quod
1159 586 1233 619 prior
1252 585 1310 619 ipso
1331 583 1421 616 fuerit,
1435 584 1569 611 Sabellins
1599 591 1651 610 non
1681 585 1766 615 audit,

988 639 1123 667 utcunque
1144 633 1176 659 de
1193 632 1369 665 generatione
1388 627 1456 664 apud
1474 630 1580 657 Patrem
1594 629 1715 664 Baptista
1728 630 1768 656 in-

986 680 1114 705 stituebat
1142 684 1304 705 sermonem.
1330 677 1471 710 Quomodo
1493 676 1574 709 igitur
1595 675 1619 702 ei
1646 675 1768 702 testimo-

987 726 1059 751 nium
1074 724 1206 758 perhibet,
1225 723 1297 757 qund
1313 727 1376 750 ante
1394 723 1481 757 ipsum
1504 721 1583 748 erat?
1597 721 1680 748 Certe
1695 721 1766 754 qttod

987 774 1091 804 spectat
1117 769 1208 796 carnis
1231 768 1450 803 generationem,
1470 766 1600 793 Servator
1630 772 1683 791 non
1708 769 1769 791 erat

987 820 1049 841 ante
1060 822 1120 841 eum
1136 822 1142 840 :
1158 815 1314 841 necessario
1327 813 1382 840 vult
1401 813 1547 840 secundum
1562 819 1634 844 eam,-
1649 818 1701 844 qna
1721 810 1767 836 Dei

987 861 1085 887 dicitur
1104 859 1272 895 Unigenitus.
1294 859 1447 886 Secundum
1473 858 1545 885 banc
1573 859 1647 891 prior
1666 856 1768 883 Joanne

989 902 1049 934 fuit,
1065 908 1093 930 et
1106 909 1170 930 ante
1188 911 1248 930 entn
1281 902 1454 929 nascebatur.
1476 900 1633 927 Palieturne
1659 899 1709 925 ista
1736 899 1769 924 ad

955 948 974 974 Β
986 945 1092 972 Patrem
1110 949 1137 972 et
1152 945 1339 971 universorum
1353 943 1437 970 Deum
1453 942 1560 974 referri,
1576 949 1609 968 an
1625 941 1714 976 potius
1733 941 1767 966 ad

988 991 1099 1016 verbum
1124 990 1336 1016 involuntarium
1357 994 1384 1016 et
1402 988 1551 1015 inexislens
1569 987 1596 1014 in
1611 987 1682 1018 Deo,
1698 987 1769 1020 quod

989 1044 1047 1063 cuttt
1058 1036 1111 1063 Deo
1127 1036 1195 1063 ident
1208 1035 1263 1062 sit?
1275 1035 1326 1062 Sed
1336 1035 1368 1061 de
1382 1034 1462 1061 verbo
1474 1041 1526 1061 non
1540 1033 1714 1064 subsistente,
1727 1038 1769 1058 est

989 1080 1195 1116 impossibilcut
1208 1080 1314 1107 dicatur
1335 1079 1400 1105 illttd
1418 1087 1424 1105 :
1444 1079 1511 1105 Ante
1533 1086 1573 1104 me
1594 1077 1690 1111 fuerat.
1702 1076 1769 1109 Quis

989 1128 1056 1153 adeo
1073 1127 1183 1153 insanus
1199 1130 1250 1156 est,
1268 1130 1296 1151 ut
1312 1125 1437 1158 opinetur
1450 1124 1599 1158 Baptistatn
1616 1123 1648 1150 de
1660 1123 1768 1150 univer—

990 1181 1079 1200 sorum
1102 1172 1158 1198 Deo
1185 1171 1277 1198 isthmc
1308 1177 1474 1203 usurpasse:
1491 1169 1556 1195 Erat
1576 1174 1635 1195 ante
1664 1176 1714 1199 me,
1742 1173 1770 1195 et

989 1220 1061 1253 prius
1074 1226 1112 1244 me
1136 1218 1238 1252 genitus
1251 1217 1311 1243 est?
1330 1218 1358 1247 ᾖ
1375 1216 1442 1242 llinc
1458 1215 1540 1249 igitur
1554 1215 1769 1242 demonslralutn

990 1270 1043 1296 est,
1059 1272 1120 1291 eutn
1146 1264 1179 1290 de
1204 1262 1281 1295 cujus
1301 1261 1444 1288 divinitate
1460 1261 1559 1295 agitur,
1575 1263 1637 1286 ante
1651 1259 1769 1294 genitum

990 1311 1119 1338 Joannem
1147 1308 1319 1336 substitisse:
1338 1311 1365 1334 et
1389 1307 1464 1341 prius
1483 1305 1528 1332 illo
1552 1305 1670 1340 genitum
1686 1304 1771 1331 exsti-

992 1356 1080 1382 tisse:
1100 1355 1146 1389 qui
1172 1361 1224 1380 non
1244 1352 1329 1380 solum
1355 1352 1433 1378 modo
1460 1350 1591 1382 Verbum,
1619 1350 1667 1377 sed
1690 1350 1770 1380 Deus,

991 1401 1049 1433 lux,
1066 1400 1237 1435 llnigenitus,
1252 1404 1316 1425 ante
1330 1397 1474 1424 adventum
1489 1396 1514 1422 in
1530 1402 1612 1422 carne
1625 1399 1652 1422 et
1674 1399 1731 1422 erat
1743 1399 1771 1420 ct

991 1446 1141 1473 dicebatur.
1174 1445 1249 1472 Unde
1279 1451 1343 1470 vero
1370 1443 1426 1469 hate
1452 1441 1572 1476 cognitio
1600 1440 1772 1474 evangelista:

991 1491 1147 1522 accesserit,
1158 1491 1213 1525 ipse
1224 1498 1271 1517 nos
1286 1489 1391 1516 docebit
1405 1489 1430 1514 in
1444 1486 1632 1521 sequentibus,
1644 1485 1772 1519 Unigeni-

992 1541 1034 1563 tus
1054 1536 1150 1567 Filius,
1172 1536 1218 1570 qni
1234 1540 1292 1562 erat
1313 1535 1337 1561 in
1358 1534 1418 1560 sinu
1437 1532 1537 1562 l’atris.
1551 1532 1607 1565 ipse
1621 1530 1770 1558 enarravit.

994 1581 1073 1608 Vides
1085 1581 1165 1608 Verbi
1182 1580 1330 1607 divinitatis
1351 1579 1468 1606 rationes
1483 1577 1551 1603 unde
1563 1575 1667 1603 didicit.

191 1632 221 1658 ε’.
236 1633 272 1658 Οὐ
287 1615 339 1667 γὰρ
356 1633 456 1667 Μωσῆς
469 1640 549 1665 φησιν
563 1630 628 1665 (91).
653 1630 712 1655 οὐδὲ
734 1629 879 1665 προφητῶν
901 1639 939 1660 τις

1027 1627 1052 1653 5.
1073 1626 1131 1653 Non
1156 1625 1261 1660 Moyses
1285 1625 1332 1657 ait,
1351 1624 1396 1651 sed
1419 1630 1470 1650 nec
1490 1621 1679 1656 prophetarum
1700 1620 1775 1655 quis-

155 1677 209 1703 τῶν
224 1677 293 1712 μετὰ
307 1676 406 1703 Μωσέα
417 1685 423 1691 ’
439 1675 498 1701 οὑδὲ
512 1683 543 1709 γε
553 1674 675 1708 ἀγγέλων
688 1683 739 1705 τις,
754 1674 770 1708 ἢ
785 1674 837 1699 τῶν
855 1682 943 1709 κρειτν

155 1721 239 1749 τόνων
262 1721 403 1756 δυνάμεων
414 1741 420 1752 ,
436 1720 492 1747 ἀλλ’
504 1720 583 1751 αὐτὸς
601 1720 614 1745 6
640 1719 784 1754 μονογενὴς
798 1719 860 1750 Υἱὺς
873 1719 942 1745 τοῦτ’

156 1767 316 1803 ἐξηγήσατο.
329 1766 431 1793 Οὐκοῦν
453 1768 467 1793 ὁ
487 1766 534 1801 μὲν
556 1766 669 1801 ἀόρατος
690 1765 755 1796 Θεὸς
776 1765 824 1790 οὐκ
847 1764 943 1799 ἐξηγή-

158 1821 240 1845 σατο,
259 1814 273 1840 6
296 1813 324 1839 δὲ
350 1812 493 1847 μονογενὴς
514 1812 576 1842 Υἱὸς
600 1811 695 1846 ὁρατὸς
714 1811 873 1845 γενόμενος,
896 1810 943 1844 τὴν

158 1859 279 1895 περὶτοῦ
294 1859 399 1893 Πατρὺς
415 1857 566 1894 ἀνθρώποις
581 1857 708 1891 ἐξήγησιν
724 1856 877 1891 ἐποιήσατο,
892 1855 944 1881 ἕτε-

159 1917 204 1944 ρος
226 1907 263 1934 ὣν
285 1906 384 1942 δηλαδὴ
408 1905 482 1941 παρὰ
496 1906 540 1931 τὸν
566 1905 680 1939 ἀόρατον
707 1903 789 1930 Θεόν·
811 1903 878 1929 ἀλλὰ
898 1903 944 1928 κιὶ

159 1953 342 1989 προῦπάρχων
357 1950 402 1987 ἦν,
419 1952 469 1977 οὐκ
491 1952 519 1977 ἐν
533 1952 565 1986 τῇ
590 1950 692 1985 διανοίᾳ.
709 1948 752 1975 τοῦ
767 1949 872 1984 Πατρὺς
884 1968 891 1979 ,
908 1949 944 1979 ὡς

159 1998 246 2024 ἐδόκει
259 1997 421 2033 Μαρκέλλῳ,
438 1996 494 2023 ἀλλ’
508 1997 535 2022 ὲν
550 1997 606 2026 τοῖς
618 1994 725 2025 κόλποις
743 1993 837 2024 αὑτοῦ,
851 1993 924 2019 ὥσπε
929 2002 944 2028 ρ

161 2044 217 2078 (9‘2)
230 2043 262 2079 δὴ
276 2044 342 2078 ἡμῖν
356 2041 519 2077 ἐπήγγελται
531 2042 546 2067 ὁ
562 2040 656 2076 Σωτὴρ
668 2040 707 2071 εἰς
717 2039 832 2070 κόλπους
848 2038 944 2073 Ἀϐρα-

161 2090 201 2124 ὰμ
214 2090 261 2115 καὶ
280 2088 372 2115 Ἰσαὰκ
385 2089 429 2114 καὶ
448 2086 543 2113 Ἰακὼϐ
558 2084 803 2114 διαναπαύσασθαι,
817 2083 887 2110 οὕτω
899 2083 945 2110 καὶ

161 2137 174 2161 6
191 2135 254 2166 Υἱὸς
268 2137 307 2166 εὶς
317 2134 362 2160 τὸν
377 2134 474 2160 κόλπον
488 2131 521 2168 ἦν
537 2132 583 2158 τοῦ
597 2131 701 2166 Πατρὸς
714 2151 721 2163 ,
736 2131 784 2165 οὺχ
807 2129 848 2160 εἷς
870 2130 916 2155 καὶ
931 2130 945 2155 6

162 2181 241 2212 αὐτὸς
260 2180 298 2207 ὣν
312 2180 350 2215 τῷ
370 2180 465 2214 Πατρὶ,
480 2178 541 2204 ἐπεὶ
557 2177 623 2212 μηδὲ
639 2177 718 2212 ἡμεῖς
731 2176 808 2202 αὐτοὶ
828 2174 945 2210 ἐσόμεθα

162 2228 217 2258 τοῖς
229 2226 316 2261 ἁγίοις
337 2226 480 2259 πατράσιν.
504 2223 583 2249 ’Λλλὰ
596 2222 649 2257 γὰρ
663 2222 709 2248 ἐπὶ
728 2221 833 2252 τούτοις
857 2221 943 2255 τήρει,

162 2274 235 2304 ὅπως
247 2272 314 2308 μετὰ
323 2272 351 2298 τὺ
359 2270 431 2302 ἅπαξ
441 2270 570 2305 ὀνομάσαι
580 2269 663 2302 Λόγον
677 2268 723 2294 καὶ
730 2267 795 2293 Θεὸν
807 2267 850 2292 τὸν
865 2266 943 2293 αὑτὸν

163 2319 294 2349 ἀνειπεῖν,
311 2318 357 2344 καὶ
369 2317 425 2351 φῶς
437 2315 618 2346 ἀποκαλέσαι,
634 2313 681 2340 καὶ
696 2312 834 2347 Μονογενῆ
849 2312 942 2346 φάναι,

163 2365 210 2391 καὶ
223 2364 285 2390 Υἱὸν
298 2363 363 2390 Θεοῦ
386 2361 564 2397 ὁμολογῆσαι,
580 2362 629 2387 οὐκ
648 2361 687 2386 ἔτι
703 2359 787 2392 Λόγον
806 2357 942 2393 ὀνομάζει,

163 2411 231 2438 ἀλλὰ
246 2410 293 2436 καὶ
309 2409 388 2435 αὑτὸν
403 2407 494 2434 λοιπὸν
514 2408 613 2442 ἱστορεῖ
637 2407 682 2433 τὸν
698 2406 829 2440 Σωτῆρα,
847 2404 876 2430 οὐ
892 2403 944 2430 Λό-

164 2465 211 2490 γον
225 2456 320 2489 ὲαητὺν
332 2453 518 2482 ἀποκαλοῦντα
530 2472 537 2483 ,
561 2452 628 2479 ἀλλὰ
645 2452 708 2478 Υἰὸν
724 2452 770 2478 καὶ
795 2449 943 2483 Μονογενῆ,

165 2502 210 2528 καὶ
226 2502 292 2535 φῶς,
309 2501 355 2527 καὶ
368 2500 439 2535 ζωὴν
451 2519 459 2531 ,
481 2499 527 2525 καὶ
540 2498 683 2532 ἀλήθειαν,
701 2497 748 2523 καὶ
760 2496 827 2523 ἄλλα
845 2495 944 2530 μυρία·

165 2549 258 2583 ὥσπερ
269 2546 315 2574 οὖν
327 2547 441 2574 ἀκοῦσαι
458 2546 587 2582 πάρεστιν
597 2543 679 2570 αὑτοῦ
692 2540 742 2570 ὧδέ
756 2550 795 2577 πη
806 2541 946 2568 διδάσκον-

165 2601 209 2624 τος
220 2601 226 2608 ·
245 2593 326 2618 Οὕτω
336 2591 389 2626 γὰρ
403 2590 559 2625 ἠγάπησεν
567 2591 582 2616 ὁ
593 2588 663 2621 Θεὸς
675 2587 727 2615 τὸν
733 2587 858 2620 κόσμον,
869 2584 946 2611 ὥστε

166 2639 219 2665 τὸν
241 2638 308 2665 T161-
319 2636 410 2663 αὑτοῦ
431 2636 483 2662 τὸν
493 2633 641 2669 μονογενῆ
660 2633 772 2660 ἔδωκεν
783 2651 790 2662 ,
807 2631 858 2657 ἵνα
888 2628 946 2661 πᾶς

204 2732 234 2762 νζ(
246 2728 297 2757 Ed.
307 2727 405 2761 Paris"
421 2734 483 2763 pag.
495 2724 540 2754 80.
576 2724 600 2740 ⁸⁸
616 2723 695 2751 Joan.
709 2729 758 2754 ut,
771 2720 816 2747 28.
844 2719 867 2735 "
879 2718 955 2746 Joan.

204 2850 311 2886 (88-89)
325 2847 408 2884 Vulgo
420 2847 523 2886 πατρός
533 2850 561 2874 et
575 2844 643 2872 infra
654 2841 761 2878 πρῶτος
777 2839 859 2868 αὐτοῦ
869 2836 903 2875 ἦν
920 2844 949 2867 et

168 2883 214 2913 ὲπῐ
225 2883 350 2912 ἀκούσιον
363 2883 390 2911 ei
400 2883 521 2918 νομίσας.
539 2916 544 2918 Α
668 2914 682 2918 _
699 2914 731 2918 ___
749 2912 762 2918 _
779 2910 791 2918 ,,
823 2910 833 2918 ,
876 2910 884 2918 ,
895 2904 901 2913 .

204 2910 441 2956 (seminam;
454 2918 484 2944 οὐ
501 2910 581 2952 vulgo
597 2919 623 2943 et
636 2914 683 2941 τοῦ
699 2912 763 2940 Tia-3
778 2910 929 2945 θεολογίαν.

993 1673 1064 1707 piam
1081 1675 1141 1706 post
1162 1670 1280 1705 lloysem
1294 1677 1301 1696 :
1314 1676 1366 1696 non
1382 1676 1397 1695 ε
1419 1674 1532 1695 numero
1546 1665 1714 1700 angelorum,
1727 1671 1775 1691 aut

994 1718 1148 1745 sublimium
1164 1716 1262 1750 aliquis
1275 1719 1437 1750 potestatum
1454 1722 1461 1740 :
1474 1713 1521 1740 sed
1541 1712 1598 1746 ipse
1612 1710 1696 1737 Filius
1710 1711 1772 1737 uni-

993 1764 1111 1798 genitus,
1132 1763 1183 1790 hoc
1201 1761 1357 1789 enarrabat.
1385 1759 1547 1794 Unigenilus
1565 1757 1660 1788 Filius,
1683 1756 1772 1783 factus

994 1809 1119 1840 visibilis,
1138 1809 1335 1835 enarrationem
1358 1806 1391 1832 de
1410 1804 1489 1831 Patre
1505 1803 1575 1838 apud
1597 1802 1774 1829 hominesin-

995 1855 1123 1881 stituebat
1135 1854 1217 1885 alius,
1230 1859 1324 1886 nempe
1336 1851 1484 1881 enistens,
1505 1849 1538 1876 ab
1553 1847 1679 1876 invisibili
1698 1847 1771 1874 Deo:

994 1900 1040 1926 sed
1052 1904 1079 1926 et
1095 1898 1301 1932 praeessislebat
1318 1896 1363 1923 ille
1381 1903 1446 1927 neti,
1461 1895 1532 1929 quod
1547 1892 1671 1920 Marcello
1687 1892 1773 1919 visutn

994 1949 1045 1976 est,
1065 1944 1091 1971 in
1117 1948 1206 1971 mente
1227 1942 1332 1973 Patris;
1345 1941 1392 1968 sed
1414 1941 1440 1967 in
1464 1940 1524 1966 sinu
1545 1938 1623 1972 ejus:
1640 1938 1774 1972 quomodo

995 1989 1120 2022 promisit
1146 1988 1273 2015 Servator
1302 1986 1389 2018 nobis,
1418 1992 1467 2012 nos
1493 1985 1519 2011 in
1541 1984 1600 2010 sinu
1625 1984 1773 2014 Abraham,

996 2034 1078 2067 Isaac,
1095 2038 1121 2061 et
1136 2033 1220 2060 Jacob
1239 2032 1378 2067 quieturos
1395 2038 1402 2058 :
1419 2031 1456 2057 ita
1473 2035 1500 2058 et
1523 2029 1580 2064 ipse
1597 2032 1658 2056 erat
1674 2028 1700 2055 in
1714 2027 1774 2055 sinu

995 2080 1093 2112 Patris,
1108 2087 1161 2107 non
1175 2086 1245 2106 unus
1264 2078 1388 2111 idemque
1400 2084 1460 2104 cum
1476 2083 1525 2103 suo
1538 2075 1628 2101 Patre.
1642 2073 1707 2100 Nam
1727 2081 1776 2100 nec

996 2134 1044 2153 nos
1059 2125 1141 2152 futuri
1159 2131 1254 2151 sumus
1268 2123 1348 2150 iidem
1367 2130 1427 2149 eum
1448 2121 1549 2148 sanctis
1572 2121 1624 2148 illis
1643 2120 1775 2154 patribus.

996 2172 1048 2199 Sed
1064 2177 1091 2199 et
1113 2171 1176 2198 illud
1200 2171 1310 2205 insuper
1325 2168 1523 2196 observandum
1541 2167 1623 2198 venit,
1644 2166 1716 2200 quod
1732 2165 1776 2192 ubi

996 2219 1078 2246 semel
1086 2217 1201 2244 Verbum
1212 2216 1410 2245 nominaveral,
1425 2213 1547 2241 eutndem
1561 2212 1642 2239 etiatn
1655 2215 1682 2238 et
1694 2211 1777 2237 Deum

996 2269 1023 2290 et
1037 2264 1123 2290 lucem
1142 2262 1220 2294 dixit,
1233 2266 1260 2289 et
1275 2261 1444 2295 Unigenitum
1461 2257 1615 2294 appellavit,
1633 2261 1660 2283 et
1681 2255 1776 2282 Filium

997 2309 1042 2336 Dei
1059 2309 1212 2335 conﬁtetur.
1229 2306 1284 2334 Nec
1313 2306 1439 2339 deinceps
1456 2304 1532 2331 illum
1557 2302 1673 2329 Verbum
1697 2308 1776 2327 usur-

997 2361 1053 2391 pat,
1070 2356 1116 2383 sed
1131 2359 1157 2382 et
1173 2353 1343 2381 Servatorem
1357 2353 1560 2379 commemorat,
1570 2348 1679 2381 insuper
1691 2345 1777 2379 ipsum

999 2390 1027 2427 se
1043 2399 1177 2427 dicentem
1197 2405 1251 2425 non
1265 2397 1394 2428 Verbum,
1411 2394 1458 2421 sed
1478 2392 1575 2419 Filium
1597 2390 1776 2424 unigenitum,

998 2446 1096 2478 lucem,
1115 2444 1208 2475 vitam,
1230 2442 1383 2472 veritatem,
1400 2444 1427 2467 et
1440 2441 1568 2465 sexcenta
1586 2437 1694 2471 quidem
1712 2435 1775 2461 alia.

996 2492 1128 2519 Nimirum
1143 2490 1237 2517 audire
1251 2489 1314 2516 licet
1331 2488 1417 2522 ipsum
1438 2486 1478 2512 sic
1494 2485 1635 2511 decentem
1651 2490 1658 2509 :
1676 2481 1719 2509 Sic
1737 2482 1778 2507 di-

998 2536 1061 2563 lexit
1084 2535 1154 2562 Deus
1176 2535 1313 2564 mundum,
1336 2536 1364 2558 ut
1386 2530 1486 2556 Filium
1510 2536 1587 2555 suum
1617 2526 1778 2561 unigenitum

999 2585 1084 2613 daret,
1099 2586 1127 2607 ut
1141 2581 1224 2607 omnis
1239 2579 1283 2614 qui
1299 2577 1384 2604 credet
1408 2577 1435 2602 in
1452 2583 1510 2601 eum
1529 2582 1579 2600 non
1596 2579 1683 2606 pereat
1696 2572 1729 2598 “.
1747 2572 1779 2599 Et

1000 2629 1096 2656 iterum
1111 2637 1117 2654 :
1131 2626 1221 2661 Neque
1245 2626 1313 2652 enim
1336 2624 1407 2651 misit
1438 2623 1507 2649 Deus
1535 2620 1633 2647 Filium
1659 2627 1736 2646 suum
1752 2619 1780 2646 in

972 2724 993 2750 I,
1009 2717 1053 2750 i5,
1070 2716 1111 2744 16.
1148 2716 1171 2732 ⁶⁶
1186 2714 1264 2742 Joan.
1279 2713 1379 2745 111,16.

1035 2832 1258 2871 (91ῌἎλλξρῠδὲ
1279 2830 1441 2871 ξροφητῶν
1468 2828 1599 2871 τιςκιιωο
1619 2832 1661 2857 est
1675 2826 1781 2857 verale-

1001 2864 1064 2900 etii).
1078 2869 1150 2896 M.-—-
1164 2864 1324 2904 (Egorcodd.
1335 2864 1444 2895 secutus
1457 2873 1515 2894 sum
1529 2864 1539 2900 )

1036 2905 1091 2941 (92)
1111 2904 1196 2939 Vulgo
1211 2903 1249 2930 δέ.
