2032 3211
268 194 316 222 87!

640 192 775 222 EUSEBII
793 192 1033 222 CESARIENSIS
1052 194 1127 223 OPP.
1149 193 1240 222 PARS
1256 194 1300 223 ιν.
1319 209 1354 215 ——
1372 195 1581 224 DOGMATICA.

1841 200 1893 228 872

268 251 408 283 "liuidum,
428 254 456 276 ut
467 249 567 284 judice!
585 250 756 277 mundum".
777 249 809 276 Et
824 251 904 276 tertio
917 259 924 276 :
939 250 991 283 Qui
1005 259 1047 277 nor

1107 252 1124 277 ό
1153 252 1303 279 πιστεύων
1322 253 1367 286 εἰς
1381 251 1476 280 αὐτὸν
1492 253 1536 288 μὴ
1546 253 1703 288 ἀπόληται.
1720 254 1775 281 Καὶ
1792 255 1889 282 πάλιν·

267 295 363 327 credit,
374 295 433 328 jam
449 294 587 329 judicatus
610 300 658 326 est,
676 295 738 329 quia
753 302 805 320 non
821 295 906 321 credit
918 295 945 321 in
961 303 1054 322 nomen

267 340 397 375 unigeniti
423 339 488 366 Filii
503 339 551 367 Dei
563 339 596 366 ⁸⁸.
613 339 651 366 ita
671 340 722 366 hoc
737 339 763 365 in
777 339 835 366 loco
850 339 947 366 iterum
961 347 970 366 :
984 339 1054 367 Deus

267 385 339 412 dedit
355 390 378 411 et
388 385 458 411 misit
471 384 682 416 Filium.mundi
693 383 880 416 Servatorem;
894 390 921 412 et
933 385 977 420 qui
996 387 1055 413 mit-

268 432 386 464 tebatur,
398 435 457 458 erat
472 431 581 458 omnino
592 430 660 458 alius
673 439 687 458 a
699 431 831 459 Illittenle.
847 431 977 464 Quocirca
989 433 1053 460 mihi

267 477 376 504 videtur
387 477 515 504 Setvator
523 477 549 503 in
561 477 748 510 sequentibus,
762 481 890 512 tanquam
899 477 1053 505 Marcellum

267 527 295 550 et
316 527 428 551 caeteros
443 523 488 557 qui
518 527 621 550 natura:
632 521 691 550 Filii
715 523 843 556 invident,
866 524 1055 558 pronuntiasse

267 571 339 605 quod
352 570 480 604 scriptum
491 574 532 597 est
544 569 653 597 :Noune
665 571 691 597 in
703 570 757 604 leqe
769 577 852 598 vestra
863 572 988 605 seriptum
998 577 1052 599 est:

270 619 300 648 »Β
318 616 373 651 Ego
396 616 462 648 duri,
479 616 516 642 dii
535 617 606 643 estis.
630 615 681 643 Eo:
703 617 772 644 dixit
794 618 865 649 deos,
884 618 918 644 ad
933 626 997 652 quos
1012 619 1054 652 [u-

267 668 336 689 ctum
347 667 384 690 est
397 663 500 689 verbum
513 662 561 689 Dei
571 669 667 697 :neque
678 663 770 696 poterit
784 663 892 690 dissolvi
903 663 1052 698 Scriptura.

266 707 348 740 Quem
372 707 453 734 Pater
469 707 654 741 sancti/icuoit,
671 713 695 734 et
719 709 747 735 in
769 710 895 735 mundum
913 710 994 741 misit,
1008 718 1053 736 vos

264 754 352 780 dicitis
366 761 375 780 :
388 754 464 786 Quod
478 753 652 787 blasphemas,
667 754 789 788 quoniam
802 754 870 788 dixi,
881 755 949 789 quod
965 754 1053 782 Filius

265 800 314 826 Dei
327 800 428 826 sum”.
442 800 560 826 Audisne
579 799 623 826 hic
646 800 751 834 quoties
770 807 800 827 se
817 799 944 827 Servalor
967 801 1054 828 nomi-

265 849 310 872 net
330 852 384 872 non
403 843 531 877 Verbum,
545 844 591 871 sed
612 843 710 871 Filium
732 849 760 871 et
775 843 947 879 Unigenitum
963 853 970 871 :
986 853 1053 879 qua-

263 890 327 917 liter
350 897 411 917 sese
430 897 445 916 a
462 889 542 916 Patre
569 888 680 916 missum
704 889 799 916 doceat
818 894 868 916 :et
896 890 1051 924 priusquam

263 937 427 968 mitteretur,
448 935 646 962 sanctificatum
663 943 670 968 ;
696 935 990 970 et.quemadmodum,
1005 944 1053 963 eos

263 982 308 1016 qui
324 985 471 1016 gravantur
482 980 604 1007 conﬁteri
620 980 708 1015 ipsum
723 980 820 1007 Filium
833 988 893 1008 esse
905 980 962 1012 Dei,
976 989 1052 1008 aver-

262 1031 345 1060 setur,
359 1034 375 1054 ο
390 1026 488 1053 divinis
503 1026 653 1060 Scripturis
671 1025 781 1058 docens.
795 1027 866 1060 quod
882 1033 934 1054 non
948 1031 1050 1054 tantum

262 1072 310 1099 lilii
329 1072 386 1104 Dei,
413 1072 462 1099 sed
478 1071 559 1098 etiam
578 1071 613 1098 dii
635 1071 763 1099 mortales
777 1072 900 1099 homines
915 1072 1051 1108 appellen-

263 1122 309 1145 tur
325 1127 332 1145 :
348 1122 378 1145 ut
398 1118 508 1145 minime
525 1117 684 1151 blaspheme
697 1117 799 1144 dictum
814 1118 955 1151 habeatur,
967 1119 1052 1145 conli-

264 1163 316 1191 teri
333 1163 407 1190 illum
419 1163 512 1194 simul,
524 1168 551 1190 et
566 1162 612 1190 Dei
625 1162 735 1195 Filium,
749 1168 777 1190 et
795 1162 890 1194 Deum,
910 1170 989 1197 quem
1001 1163 1052 1190 Pa-

261 1215 306 1238 ter
322 1208 502 1236 sanetilicavit
517 1213 544 1235 et
558 1208 584 1235 in
604 1209 732 1235 mundum
745 1208 828 1236 misit.
844 1208 913 1241 Quid
928 1216 994 1244 ergo
1007 1209 1051 1236 ille

260 1255 427 1289 patiebatur,
441 1255 487 1288 qui
501 1259 562 1289 post
578 1254 659 1281 hasce
673 1260 753 1281 voces
764 1261 846 1282 ausus
863 1259 905 1281 est
918 1255 1049 1282 exsertim

261 1300 363 1333 dicere,
375 1300 495 1327 Verbum
508 1307 569 1326 esse
581 1299 668 1332 illum,
678 1306 729 1327 nec
744 1305 873 1334 praeterea
885 1301 1048 1335 quidquam:

261 1348 343 1378 atque
361 1344 396 1372 ob
410 1351 469 1372 eam
488 1352 598 1371 causam
620 1344 656 1371 ita
679 1345 793 1372 totidem
812 1346 902 1373 verbis
918 1346 1048 1378 scribere.

261 1389 308 1425 [Β.
321 1389 406 1417 XXIV
424 1389 486 1417 coll.
508 1398 534 1424 p.
549 1389 596 1425 42]
613 1399 623 1415 ι
642 1389 702 1417 Non
722 1391 842 1417 nominat
863 1399 924 1418 eum
942 1391 987 1419 Dei
1004 1392 1049 1419 Fi-

263 1442 274 1460 ι
296 1434 363 1461 lium
381 1442 388 1461 :
402 1436 450 1462 sed
462 1434 664 1469 ubiqueFilium
677 1435 792 1462 hominis
806 1443 835 1463 se
845 1436 900 1470 ipse
915 1437 1048 1471 appellat,

263 1488 273 1505 ι
296 1484 325 1507 ut
339 1481 379 1508 sic
394 1487 442 1514 per
458 1480 610 1508 iSIiusmodi
623 1481 983 1514 confessionem,hominem
1000 1492 1048 1510 na—

262 1535 272 1552 ι
296 1526 418 1554 turaliter
427 1527 613 1560 exsistentem,
632 1527 679 1554 Dei
701 1527 797 1555 Filiqu
818 1527 917 1556 factum
938 1537 1050 1564 persua-

263 1582 273 1599 ι
296 1574 368 1607 deat,
390 1581 440 1609 per
461 1573 614 1607 hujusmodi
630 1582 690 1602 cum
706 1574 760 1602 Deo
781 1575 1010 1603 communionem.
1031 1585 1042 1602 ι

258 1618 323 1647 Haec
338 1627 399 1647 cum
428 1620 553 1647 dicantur
576 1627 592 1647 a
610 1620 748 1652 Marcello,
776 1620 861 1648 miror
881 1628 932 1655 ego
949 1621 1047 1656 quibus

259 1666 345 1694 oculis
372 1672 470 1694 comra
500 1666 591 1700 tueri,
620 1667 718 1701 quibus
739 1666 842 1694 labellis
863 1669 1048 1695 contradicere

259 1717 299 1740 tot
314 1713 413 1740 audeat
434 1712 605 1740 testimoniis.
620 1712 689 1745 Quin
711 1717 739 1739 et
758 1713 854 1740 ducem
881 1721 941 1741 esse
961 1714 1046 1748 ipsum

258 1765 288 1784 se
299 1757 429 1784 Servatur
450 1757 489 1784 ait
502 1762 683 1792 congruenter
699 1757 732 1785 iis
750 1765 810 1792 quae
832 1759 865 1785 de
895 1759 954 1786 luce
985 1765 1048 1786 sunt

258 1803 397 1837 praedicta,
410 1802 478 1838 Ego,
497 1803 632 1838 inquiens,
650 1811 707 1830 sum
721 1804 769 1831 lux
789 1804 923 1832 mundi".
947 1807 980 1833 Et
997 1808 1048 1834 ite—

257 1855 316 1874 rum
332 1855 340 1873 :
356 1847 411 1882 Ego
427 1856 485 1874 sum
501 1847 558 1880 lux,
572 1853 597 1875 et
610 1849 749 1880 ueritas,et
764 1850 816 1876 vita
827 1849 860 1876 ἰ.
872 1850 904 1877 Et
918 1850 1045 1878 demum:

258 1892 316 1920 Lua“-
334 1893 402 1920 uenit
417 1894 445 1920 in
460 1895 597 1926 mundum,
617 1900 641 1921 et
657 1896 805 1922 dilexerunt
821 1896 938 1924 homines
963 1899 1046 1933 magis

257 1939 376 1966 tenebras
387 1948 466 1974 quant
480 1940 565 1967 lucem
577 1942 610 1967 ⁸⁸.
620 1940 695 1974 Quod
708 1942 731 1968 si
748 1942 809 1976 quis
821 1943 980 1978 interroget.
995 1953 1046 1971 un-

257 1986 290 2011 de
316 1985 437 2018 advenit,
462 1985 636 2020 respondebit
662 1986 684 2013 is
702 1987 748 2021 qui
772 1987 864 2020 dixit,
881 1987 933 2021 Qui
952 1989 1046 2016 desur-

257 2037 315 2056 sum
337 2030 402 2056 venit
427 2038 505 2064 super
530 2039 619 2058 omnes
639 2038 676 2057 est
691 2031 725 2064 ’³,
744 2037 771 2059 et
789 2032 841 2065 Qui
860 2033 892 2060 de
917 2034 981 2061 cazlo
1003 2043 1047 2062 ve-

259 2074 307 2106 nit,
320 2074 389 2108 quod
407 2074 481 2105 vidit,
494 2080 517 2101 et
530 2076 640 2109 audivit,
662 2078 827 2110 testiﬁcatur.
841 2078 864 2094 ”
879 2079 945 2112 Quis
956 2086 1046 2107 autem

259 2119 371 2146 eratille
387 2120 433 2154 qui
449 2120 482 2148 de
497 2120 566 2147 coelo
581 2121 679 2148 venit?
700 2121 768 2149 Num
793 2131 844 2150 non
867 2132 930 2152 caro
941 2145 948 2156 ,
966 2133 1047 2160 quam

260 2165 405 2200 assumpsit
427 2164 581 2193 Servatur?
609 2167 802 2202 Nequaquam,
826 2171 873 2196 sed
896 2170 952 2205 ipse
977 2175 1046 2203 erat,

258 2217 354 2245 nempe
367 2211 411 2238 lux
422 2211 640 2248 Verbum,atque
654 2214 733 2246 Deus,
747 2213 909 2250 Unigenitus
926 2216 1045 2245 existens

257 2260 285 2284 et
299 2256 394 2285 Filius.
415 2257 440 2285 Is
453 2257 496 2285 illa
513 2259 604 2286 omnia
621 2267 680 2294 qua:
692 2260 768 2294 vidit,
782 2266 810 2288 et
823 2261 935 2295 audivit,
949 2264 1043 2290 testiti-

258 2307 345 2330 catur.
361 2304 402 2330 An
415 2304 518 2331 audivit
530 2305 587 2332 haec
599 2310 625 2332 et
643 2306 719 2339 vidit,
727 2314 794 2334 cum
811 2307 837 2334 in
858 2309 938 2336 ter-ris
951 2316 1042 2337 versa-

257 2349 356 2376 retur?
371 2348 439 2381 Non,
452 2350 499 2378 sed
515 2351 600 2386 prius.
619 2352 654 2378 At
671 2359 794 2386 quaenam
814 2353 858 2380 illa
880 2360 968 2388 erant,
983 2364 1042 2391 quae

256 2398 285 2421 et
297 2394 372 2427 vidit,
385 2395 436 2422 nisi
451 2395 532 2424 Pater
546 2396 558 2424 ?
575 2397 660 2430 Quem
685 2397 730 2425 ille
745 2400 858 2433 audivit,
878 2406 978 2435 preter
992 2401 1044 2428 Ρα-

258 2439 344 2466 trem?
358 2440 432 2468 Adeo
444 2446 533 2469 autem
544 2444 722 2479 semetipsum
734 2443 853 2473 Verbum
871 2453 1042 2482 nequaquam

257 2485 464 2521 signiﬁcativum
476 2495 536 2516 esse
549 2489 687 2524 professus
703 2495 755 2523 est,
773 2495 802 2524 ›Ξ‹
815 2493 862 2520 sed
869 2492 967 2521 Filium
979 2501 1042 2522 vere

256 2532 346 2559 vivum
375 2539 403 2560 et
425 2534 638 2572 subsiswutem,
656 2543 685 2566 ut
707 2539 744 2567 ita
763 2540 845 2568 fuerit
866 2541 1039 2575 prolocutus,

256 2577 337 2605 Pater
345 2579 430 2614 diligit
446 2579 590 2615 Filium,et
605 2585 693 2612 omnia
706 2586 813 2613 tradidit
824 2586 853 2612 in
866 2594 946 2614 manu
960 2589 1016 2622 ejus
1029 2596 1035 2615 :

255 2623 299 2657 qui
314 2626 394 2651 credit
412 2626 439 2652 in
455 2625 568 2661 Filium,
582 2630 660 2656 vitam
678 2631 755 2658 habet
774 2636 901 2659 wtemam
920 2633 956 2659 ’⁵.
970 2634 1038 2661 Cre-

1103 298 1145 324 οὐ
1169 298 1225 332 γὰρ
1253 298 1434 325 ἀπέστειλεν
1457 300 1473 326 ὀ
1505 299 1577 332 Θεὸς
1602 299 1656 326 τὸν
1683 299 1752 327 Υὶὸν
1772 302 1816 334 εἰς
1840 301 1893 329 τὸν

1105 343 1230 378 κόσμον,
1248 343 1298 371 ἵνα
1311 345 1397 379 κρίνῃ
1409 344 1462 371 τὸν
1476 345 1601 380 κόσμον.
1621 346 1676 372 Καὶ
1691 344 1770 378 αὖθις
1780 357 1788 364 ·
1809 348 1836 374 Ὁ
1859 348 1894 375 δὲ

1102 389 1145 424 μὴ
1163 391 1314 417 πιστεύων
1338 390 1395 424 ἤδη
1411 390 1553 424 κέκριται,
1571 390 1620 417 ὅτι
1638 393 1675 418 οὺ
1692 393 1893 420 πεπίστευκεν

1104 437 1148 469 εὶς
1168 435 1201 462 τὸ
1216 436 1310 470 ὄνομα
1334 435 1388 462 τοῦ
1423 437 1608 471 μονογενοῦς
1634 437 1701 464 Υιοῦ
1727 438 1780 464 τοῦ
1806 439 1891 466 Θεοῦ.

1104 482 1160 508 Καὶ
1188 482 1305 508 ἐνταῦθα
1336 482 1432 509 πάλιν·
1464 483 1496 508 '0
1527 482 1587 517 μὲν
1613 483 1685 516 Θεὸς
1705 483 1808 510 ἐδίδου
1841 484 1890 511 καὶ

1104 525 1273 555 ἀπέστελλε
1294 528 1348 555 τὸν
1366 528 1434 556 Υὶὸν
1454 528 1575 563 Σωτῆρα
1597 529 1650 556 τοῦ
1672 528 1807 564 κόσμου,
1830 530 1845 556 6
1863 531 1892 558 δὲ

1104 574 1281 601 ἀπεστέλλετο
1312 574 1406 610 ’ἔτερος
1437 575 1474 602 ὢν
1505 575 1604 611 δηλαδὴ
1641 573 1716 612 παρὰ
1750 576 1796 604 τὸν
1825 578 1892 605 ἀτω-

1104 622 1257 650 στέλλοντα.
1282 622 1328 648 Διό
1350 631 1394 658 μοι
1422 622 1496 649 δοκεῖ
1520 623 1565 650 διὰ
1592 622 1645 649 τῶν
1663 623 1745 658 ἑξῆς,
1765 623 1804 655 ὡς
1822 624 1890 660 πρὸς

1104 665 1184 693 αὑτὸν
1200 667 1358 702 Μάρκελλον
1372 668 1417 694 καὶ
1431 668 1500 703 πρὸς
1511 669 1574 700 τοὺς
1590 668 1832 704 διαφθονουμένους
1856 673 1889 707 τῇ

1103 712 1150 738 τοῦ
1163 712 1228 738 Υῑοῦ
1244 713 1323 746 φύσει
1341 714 1550 748 ἀναγεγράφθαι
1570 715 1652 746 αὐτὸς
1668 716 1683 742 6
1697 715 1792 751 Σωτὴρ
1812 717 1890 752 ἡμῶν

1103 757 1237 793 ειρηκώς·
1256 759 1317 785 οὐκ
1334 759 1401 786 ἐστι
1415 758 1617 794 γεγτραμμένον
1631 761 1665 788 ἐν
1682 761 1722 794 τῷ
1733 763 1829 796 νόμῳ,
1846 762 1890 789 ὅτι

1102 803 1159 838 ἐγὼ
1167 802 1246 831 εἶπα·
1261 805 1328 832 Θεοί
1341 805 1410 832 ἐστε
1420 814 1427 839 ;
1446 807 1467 831 Ε
1471 807 1479 832 ι
1489 803 1623 839 ἐκείνους
1632 804 1697 833 εἷπε
1708 807 1804 841 θεοὺς,
1815 809 1891 842 πρὸς

1103 849 1157 882 οὓς
1169 851 1185 876 ὀ
1202 850 1292 885 λόγος
1303 850 1421 884 ἐγένετο
1431 851 1485 878 τοῦ
1497 852 1582 879 6901")-
1595 853 1643 879 καὶ
1656 854 1692 880 οὐ
1703 853 1827 880 δύναται
1836 856 1892 881 λυ-

1104 894 1191 928 θῆναι
1202 896 1220 929 ἠ
1232 896 1348 930 Γραφή.
1359 898 1410 924 ’ον
1421 898 1437 923 ὁ
1447 897 1548 932 Πατὴρ
1559 897 1676 933 ἡγίασε,
1690 899 1740 926 καὶ
1751 899 1891 927 ἀπέστειι-

1102 942 1157 967 λεν
1165 942 1207 974 εὶς
1216 941 1268 968 τὸν
1278 941 1402 977 κόσμον,
1414 944 1499 977 ὑμεῖς
1507 943 1619 979 λέγετε,
1632 945 1677 971 ὅτι
1684 946 1890 981 βλασφημεῖς.

1103 986 1146 1012 ὅτι
1157 985 1252 1020 εἷπον,
1264 987 1329 1020 Υιὸς
1345 988 1398 1015 τοῦ
1415 989 1489 1016 Θεοῦ
1510 990 1578 1024 εὶμι.
1591 990 1712 1022 Ἀκούεις
1724 990 1820 1022 ὁσάκις
1832 990 1890 1027 (93)

1102 1033 1181 1064 αὐτὸς
1189 1035 1202 1060 6
1210 1033 1304 1069 Σωτὴρ
1312 1034 1408 1060 ἑαυτὸν
1417 1035 1447 1061 οὐ
1454 1035 1549 1070 Λόγον,
1556 1036 1624 1063 ἀλλὰ
1632 1036 1696 1063 Υῐδν
1703 1036 1838 1073 ὠνόμασε,
1845 1037 1892 1064 καὶ

1101 1078 1239 1114 Μονογενῆ
1258 1082 1416 1116 προσεῖπεν·
1426 1082 1498 1112 ὅπως
1514 1081 1541 1107 δὲ
1553 1082 1720 1109 ἀπεστάλθαι
1730 1083 1892 1115 ἐαυτὸν,καὶ

1101 1123 1229 1158 ἠγιάσθαι
1244 1125 1297 1161 πρὸ
1309 1126 1357 1152 τοῦ
1369 1127 1552 1162 ἀποσταλῆναι
1570 1127 1622 1154 ὑπὸ
1635 1128 1682 1154 τοῦ
1690 1127 1796 1164 Πατρὸς
1803 1129 1891 1156 ἐδίδα-

1103 1177 1162 1201 σκε,
1180 1170 1227 1197 καὶ
1235 1171 1272 1202 ὡς
1282 1172 1345 1203 τοὺς
1354 1168 1501 1204 ὀκνοῦντας
1512 1173 1575 1200 Υἱὸν
1588 1174 1668 1200 αὐτὸν
1681 1175 1822 1210 ὁμολογεῖν
1842 1175 1891 1203 τοῦ

1101 1215 1168 1242 Θεοῦ
1179 1217 1307 1250 δυσωπεῖ,
1323 1217 1455 1245 διδάσκων
1468 1220 1500 1245 ἐκ
1512 1220 1560 1255 τῆς
1574 1220 1648 1252 θείας
1668 1221 1779 1256 Γραφῆς
1788 1240 1796 1254 ,
1806 1221 1845 1254 ὡς
1858 1222 1890 1248 οὔ

1103 1262 1182 1296 μόνον
1191 1262 1244 1289 υἱοὶ
1252 1262 1330 1295 Θεοῦ,
1339 1263 1407 1290 ἀλλά
1415 1264 1460 1290 καὶ
1470 1264 1526 1291 θεοὶ
1539 1265 1630 1300 θνητοὶ
1637 1266 1685 1302 τὴν
1700 1267 1781 1302 φύσιν
1793 1267 1891 1304 ἄνδρες

1100 1311 1254 1347 ἐκλήθησαν
1264 1320 1271 1327 ·
1287 1312 1327 1339 διὸ
1338 1313 1374 1349 μὴ
1397 1315 1494 1350 χρῆναι
1509 1314 1629 1350 νομίζειν
1649 1315 1807 1351 βλάσφημον
1820 1314 1890 1343 εἶναι

1100 1357 1131 1383 τὸ
1155 1358 1203 1384 καὶ
1223 1358 1287 1385 Υἰὸν
1311 1359 1378 1385 Θεοῦ
1402 1360 1449 1386 καὶ
1467 1359 1533 1386 Θεὸν
1553 1361 1693 1396 ὁμολογεῖν
1712 1362 1742 1387 ὃν
1762 1362 1776 1388 6
1793 1361 1890 1398 Πατὴρ

1101 1402 1198 1436 ήγίασε
1211 1404 1258 1430 καὶ
1272 1404 1429 1432 ἀπέστειλεν
1442 1406 1481 1438 εἰς
1494 1406 1540 1433 τὸν
1562 1406 1673 1442 κόσμον.
1693 1407 1725 1433 Τί
1742 1405 1788 1434 οὖν
1805 1408 1890 1443 ἐχρῆν

1100 1449 1196 1475 παθεῖν
1220 1450 1266 1476 τὸν
1290 1451 1357 1485 μετὰ
1382 1451 1431 1483 τὰς
1447 1452 1580 1484 τοσαύτας
1604 1453 1695 1486 φωνὰς
1713 1453 1888 1489 τολμήσαντα

1100 1493 1194 1528 φάναι,
1204 1493 1258 1529 (94)
1269 1503 1278 1519 ι
1295 1495 1355 1522 ὅλον
1366 1493 1435 1523 εἶναι
1450 1496 1598 1529 αὑτὸν,καὶ
1613 1497 1688 1524 ούδὲν
1698 1497 1801 1533 ἕτερον,
1817 1507 1827 1524 ι
1843 1498 1890 1525 αὺ-

1099 1540 1201 1573 τολεξεί
1218 1549 1248 1566 τε
1261 1541 1399 1576 εἰρηκότα,
1418 1552 1427 1568 ‹
1443 1543 1489 1569 καὶ
1502 1543 1546 1570 διὰ
1559 1543 1653 1575 τοῦτο,
1666 1544 1716 1579 οὐχ
1731 1545 1795 1571 Υἱὸν
1819 1545 1887 1572 Θεοῦ

1063 1596 1087 1626 C
1104 1594 1113 1611 ι
1129 1585 1210 1612 αὑτὸν
1218 1585 1355 1621 ὀνομάζει,
1366 1586 1433 1614 ἀλλὰ
1446 1588 1582 1623 πανταχοῦ
1597 1587 1659 1615 Υίὸν
1672 1588 1816 1625 ἀνθρώπου
1827 1590 1888 1616 ὲαυ·

1101 1640 1110 1657 ι
1127 1631 1172 1658 τὺν
1188 1631 1270 1665 λέγει,
1289 1632 1334 1659 ἵνα
1349 1632 1393 1659 διὰ
1407 1633 1457 1668 τῆς
1469 1634 1596 1670 τοιαύτης
1609 1634 1752 1669 ὁμολογίας
1768 1634 1825 1670 (95)
1842 1634 1887 1662 θέ-

1101 1684 1110 1702 ‹
1126 1685 1167 1702 σει
1189 1676 1234 1703 τὸν
1250 1676 1393 1712 ἄνθρωπον
1404 1698 1411 1710 ,
1426 1677 1470 1705 διὰ
1494 1679 1544 1714 τῆς
1558 1678 1626 1713 πρὸς
1640 1677 1719 1705 αὐτὸν
1733 1679 1887 1712 κοινωνίας,

1101 1731 1109 1747 ι
1124 1721 1189 1748 Υἱὺν
1212 1721 1280 1748 Θεοῦ
1302 1722 1430 1755 γενέσθαι
1455 1724 1663 1760 παρασκευάσῃ.
1681 1733 1691 1750 ›
1716 1724 1810 1751 Ταῦτα
1832 1724 1887 1760 γὰρ

1096 1766 1255 1802 Μάρκελλος
1276 1767 1360 1793 εἰπὼν
1372 1787 1378 1799 ,
1394 1768 1443 1794 οὐκ
1463 1767 1511 1795 οἷδ’
1526 1769 1600 1801 ὅπως
1615 1770 1718 1802 ὁποίοις
1736 1769 1887 1806 ὀφθαλμοῖς

1096 1809 1152 1843 οἷός
1167 1820 1196 1837 τε
1216 1810 1250 1847 ἦν
1263 1812 1448 1845 ἀντιὸλέπειν,
1464 1813 1480 1848 ἢ
1500 1813 1585 1846 ποίοις
1609 1814 1724 1849 χείλεσιν
1739 1815 1887 1851 ἀντιφθέγ-

1096 1857 1202 1892 γεσθαι,
1215 1858 1276 1889 ταῖς
1290 1857 1435 1890 τοσαύταις
1453 1859 1626 1895 μαρτυρίαις.
1647 1860 1702 1887 Καὶ
1719 1860 1776 1895 φῶς
1792 1860 1822 1887 δὲ
1834 1861 1885 1888 αὓ-

1095 1904 1141 1930 τὸν
1156 1902 1224 1930 εἶναι
1234 1904 1248 1929 6
1262 1903 1357 1940 Σωτὴρ
1370 1905 1500 1940 παρίστη,
1515 1906 1667 1941 συμφώνως
1682 1908 1738 1939 τοῖς
1754 1908 1819 1942 περὶ
1837 1907 1885 1935 τοῦ

1096 1948 1185 1982 φωτὸς
1199 1949 1407 1983 προαποδοθεῖσι
1420 1970 1427 1982 ,
1439 1949 1525 1984 λέγων
1535 1970 1543 1982 ,
1552 1950 1624 1985 Ἐγώ
1639 1952 1698 1986 εἰμι
1713 1951 1745 1978 τὸ
1759 1952 1885 1986 φῶςτσῦ

1096 1994 1221 2028 κόσμου.
1233 1994 1288 2021 Καὶ
1295 1995 1386 2021 πάλιν
1395 1995 1464 2030 Ἐγώ
1474 1997 1530 2030 εἰμι
1540 1996 1572 2023 τὸ
1580 1996 1653 2031 φῶς,
1662 1997 1711 2024 καὶ
1720 1998 1740 2032 ἠ
1747 1997 1884 2032 ἀλήθεια,

1096 2040 1144 2066 καὶ
1156 2041 1174 2074 ἡ
1184 2039 1250 2075 ζωή.
1262 2041 1316 2068 Καὶ
1329 2039 1406 2072 αὖθις
1415 2049 1422 2056 ·
1432 2042 1493 2068 ’Ὁτι
1503 2042 1536 2069 τὸ
1545 2041 1609 2077 φῶς
1619 2043 1768 2077 ἐλήλυθεν
1779 2045 1824 2078 εις
1830 2044 1885 2072 τὸν

1097 2085 1220 2119 κόσμον,
1242 2085 1292 2112 καὶ
1312 2086 1475 2121 ἠγάπησαν
1498 2089 1525 2114 οἱ
1544 2087 1692 2122 ἅνθρωποι
1706 2088 1828 2124 μᾶλλον
1849 2089 1884 2116 τὸ

1096 2130 1207 2163 σκότος
1221 2131 1241 2164 ἢ
1254 2130 1289 2157 τὸ
1299 2131 1371 2165 φῶς.
1388 2132 1442 2158 Καὶ
1458 2132 1528 2166 εῖγὲ
1543 2141 1585 2165 τις
1598 2133 1701 2168 ἔροιτο,
1720 2134 1802 2161 πόθεν
1818 2133 1882 2170 ἐλή-

1097 2175 1186 2208 λυθεν,
1204 2177 1416 2213 ἀποκρινεῖταιὸ
1433 2179 1526 2212 εἰπὼν,
1549 2179 1576 2206 '0
1592 2180 1701 2208 ἀνωθεν
1709 2180 1882 2216 ἐρχόμενος,

1097 2222 1197 2249 ἐπάνω
1212 2222 1333 2250 πάντων
1341 2224 1441 2257 ἐστὶν,
1457 2226 1513 2257 καὶ,
1537 2226 1568 2253 '0
1581 2227 1616 2254 ἐκ
1630 2228 1683 2255 τοῦ
1691 2228 1821 2264 οὐρανοῦ
1836 2229 1883 2264 ἑρ-

1059 2266 1081 2294 D
1094 2269 1230 2303 χόμενος,
1249 2270 1266 2296 ὃ
1282 2270 1392 2305 ἑώρακε
1408 2271 1457 2298 καὶ
1471 2272 1601 2306 ἤκουσε,
1614 2276 1766 2310 μαρτυρεῖ.
1789 2277 1839 2310 Τις
1859 2278 1882 2305 δ’

1093 2312 1127 2350 ἦν
1141 2315 1155 2341 6
1170 2315 1315 2350 ἐρχόμενος
1326 2317 1358 2342 ἐκ
1367 2316 1415 2343 τοῦ
1426 2317 1559 2353 οὺρανοῦ;
1575 2320 1650 2355 Μήτι
1662 2329 1694 2355 γε
1715 2322 1732 2358 ἡ
1751 2322 1831 2359 σὰρξ,
1847 2325 1882 2360 ἢν

1093 2360 1236 2396 ἀνείληφεν
1248 2363 1262 2387 6
1277 2361 1392 2397 Σωτήρς
1409 2363 1550 2399 Οὐδαμῶς,
1570 2365 1629 2392 ἀλλ’
1647 2367 1727 2399 αὐτὸς
1747 2368 1880 2404 δηλονότι,

1091 2406 1122 2433 τὸ
1133 2407 1199 2441 φῶς,
1217 2407 1265 2433 καὶ
1278 2408 1292 2434 6
1310 2408 1396 2442 Λόγος
1407 2429 1414 2441 ,
1431 2410 1476 2436 καὶ
1491 2411 1505 2436 6
1520 2410 1586 2443 Θεὸς
1596 2432 1603 2444 ,
1618 2413 1666 2440 καὶ
1682 2414 1696 2440 6
1711 2415 1880 2453 Μονογενὴς,

1092 2453 1140 2479 καὶ
1157 2453 1171 2479 6
1188 2453 1262 2486 Υἱὸς,
1273 2454 1353 2486 αὐτὸς
1370 2454 1407 2481 ὢν
1416 2455 1502 2482 ταῦτα
1520 2457 1618 2486 πάντα.
1643 2460 1677 2486 Ἃ
1698 2459 1805 2495 ἑώρωςε
1825 2463 1882 2490 τοί-

1092 2507 1139 2525 νυν
1153 2495 1230 2531 οὗτος
1241 2499 1289 2526 καὶ
1300 2499 1318 2526 ἃ
1331 2500 1442 2536 ἤκουσε,
1462 2503 1542 2538 φησὶ,
1560 2506 1701 2540 μαρτυρεῖ.
1717 2507 1822 2534 Οὐκοῦν
1833 2509 1881 2535 καὶ

1090 2542 1164 2579 ἑώρα
1177 2544 1224 2570 καὶ
1234 2544 1334 2579 ἤκουσε
1354 2546 1420 2580 πρὶν
1440 2546 1486 2573 ἐπὶ
1501 2547 1552 2582 γῆς
1572 2548 1667 2576 ἐλθεῖν.
1682 2549 1748 2577 Τίνα
1760 2551 1788 2578 δὲ
1804 2552 1880 2587 ἑώρα

1093 2588 1148 2624 (96)
1165 2590 1181 2626 ἢ
1199 2591 1245 2617 τὸν
1260 2591 1385 2627 Πατέρα;
1399 2591 1477 2624 Τίνος
1491 2592 1519 2619 δὲ
1533 2593 1647 2629 ἤκουσεν
1664 2595 1681 2631 ἢ
1693 2595 1740 2622 τοῦ
1752 2597 1878 2633 Πατρός

1092 2635 1163 2662 οὕτω
1184 2636 1213 2663 δὲ
1231 2636 1345 2670 ἑαυτὸν,
1363 2637 1394 2664 οὺ
1413 2638 1499 2673 Λόγον
1520 2641 1702 2675 σημαντικὸν,
1723 2642 1791 2670 ἀλλὰ
1814 2643 1879 2671 Υἱῦν

292 2701 644 2757 Ῐ¹⁴ἐ³⁴¹’σξ’⁸ἷῗὲςινῗ.ίὲ·,⁸ἔ·
681 2707 794 2757 iter:-
807 2716 850 2757 ιιι
866 2709 913 2757 ιιε
928 2709 1173 2757 ..τξ,.ιιιί;ιίε;..ττ
1186 2714 1271 2757 90-1»:-
1283 2718 1429 2757 sst-ss.
1465 2720 1580 2750 ’νιος-ιι.
1675 2723 1719 2752 ιε.
1758 2722 1875 2752 "mn.

255 2741 300 2761 xvt
326 2735 352 2762 6.
392 2737 415 2753 "
439 2735 636 2775 Joau.'tﬁ,19.

291 2833 346 2874 (9})
360 2834 446 2878 Vulgo
461 2846 516 2865 om.
532 2841 631 2876 αὺτός;
645 2850 706 2871 mox
727 2843 806 2880 vulg'o
835 2846 993 2884 ἁπεστάλθη
1006 2853 1034 2877 ct

248 2868 322 2895 Θεου
345 2870 417 2902 Υιός.

290 2905 345 2941 (9-5)
362 2905 415 2941 Mp.
430 2906 466 2933 ῖσ.
479 2907 565 2943 λόγον.

686 2740 852 2772 "lbid.5l.
889 2743 996 2773 “Ibid.
1020 2746 1065 2775 δε.
1103 2740 1337 2786 θηδιαῗὲἐεζὲἒιξ

1124 2852 1180 2891 (ἓξ)
1193 2853 1246 2891 ΜΡ,
1260 2862 1295 2883 ισ.
1314 2856 1404 2891 φύσει.

1123 2888 1178 2924 (96)
1193 2888 1277 2927 Vulgo
1289 2888 1345 2920 καί.
