2032 3211
152 155 207 183 873

622 153 671 182 -ΒΕ
689 152 956 182 ECCLESIAST.CA
975 153 1169 183 THEOLOGIA
1189 155 1253 183 LIB.
1274 155 1296 183 Ι.
1344 145 1346 147 ί

1716 159 1768 187 876

153 210 262 248 ἀληθῶς
289 209 379 242 ζ’ῶντα
410 210 457 237 καὶ
485 208 627 244 ὑφεστῶτα
656 209 808 242 ἐδίδασκεν,
829 209 867 242 ὼς
896 209 936 236 λέ-

990 209 1078 237 dimus
1093 210 1194 244 itaque,
1205 210 1277 244 quod
1301 209 1398 238 Filium
1424 218 1502 239 suum
1518 211 1589 240 Deus
1605 219 1665 240 cum
1676 214 1770 249 dilige-

154 268 211 293 γειν
223 279 230 290 ,
247 258 279 285 '0
290 258 391 292 Πατὴρ
409 256 510 292 ἀγαπᾷ
523 257 576 283 τὸν
601 257 668 284 Υἱὸν
682 257 731 283 καὶ
745 256 842 283 πάντα
853 257 940 283 δέδω-

155 314 207 332 κεν
221 303 260 331 ὲν
280 303 317 338 τῇ
335 304 410 339 χειρί
436 304 543 331 αὺτοῦ·
561 305 577 330 d
602 303 749 330 πιστεύων
763 302 819 337 (97)
833 304 875 335 είς
886 303 940 329 τὸν

159 352 231 378 Υἰὸν
246 351 308 384 ἔχει
324 349 402 383 ζωὴν
422 350 551 376 αἰώνιον.
579 349 752 383 Πιστεύωμεν
771 349 876 381 τοίνυν,
899 349 939 374 ὅτι

154 397 199 423 τὴν
212 397 275 423 Υίδν
289 396 403 431 ἀγαπῶν
414 396 531 431 δΠατὴρ
547 395 634 421 πάντα
643 395 756 421 δέδωκεν
772 395 802 421 ὲν
820 396 852 431 τῇ
868 395 939 430 χειρὶ

155 443 247 469 αὐτοῦ.
272 442 422 477 Ἐπιμελῶς
435 442 462 468 δὲ
478 441 641 476 προσεκτέον
656 440 696 475 τῷ
706 440 804 467 πάντα
818 440 868 476 τῆς
885 442 938 467 τῶν

155 489 290 525 γεννητῶν
311 488 452 524 ὑπάρξεως
466 487 592 514 ἁπάντων
605 486 795 522 περιληπτικῷ
815 487 871 513 ὖντι
883 507 890 518 ,
904 488 938 513 δι’

152 532 183 562 οὗ
200 536 231 563 τὺ
249 535 360 571 μέγεθος
374 535 423 569 τῆς
433 534 480 560 τοῦ
493 534 558 560 Υἱοῦ
575 534 622 560 τοῦ
637 533 704 560 Θεοῦ
721 533 870 568 δυνάμεως,
889 532 936 561 ἴδοι

153 581 185 608 ἄν
199 589 251 612 τις,
269 581 397 615 ἐννοήσας
409 580 459 615 ὅσῃ
476 580 523 606 καὶ
539 579 620 614 ὁποίᾳ
639 579 710 614 χειρὶ
730 579 804 614 παρὰ
819 579 866 605 τοῦ
883 580 939 605 Πα-

151 628 215 662 τρὸς
231 626 390 653 ὑπεδέδεκτο
406 626 456 661 τὴν
480 626 533 651 τῶν
557 625 641 651 ὄντων
661 625 787 652 ἁπάντων
810 625 935 661 ὓπαρξιν.

151 673 183 698 Et
197 673 252 707 γὰρ
268 670 299 706 δὴ
315 670 398 706 μέγας
413 671 428 696 ὁ
451 670 561 705 σύμπας
582 669 695 704 οὐρανός
713 678 743 695 τε
763 670 809 695 καὶ
826 670 936 704 κόσμος,

152 718 199 744 καὶ
219 717 322 743 τούτων
344 716 383 742 ἔτι
418 715 516 751 μακρῷ
543 714 684 750 κρείττονα
708 715 754 741 καὶ
779 715 937 750 διαφέροντα

150 762 278 797 τυγχάνει
300 761 335 788 τὰ
358 761 485 788 ἐπέκεινα
497 760 550 786 τῶν
571 759 716 795 ὁρωμένων
738 761 766 786 έν
783 760 938 795 ἀσωμάτοις

152 809 198 835 καὶ
214 807 371 842 ἀφθάρτοις,
385 807 491 842 νοεραῖς
503 815 531 832 τε
544 806 591 833 καὶ
607 806 693 837 θείαις
711 805 852 840 ὑφεστῶτα
862 805 938 832 δυνά-

153 862 226 888 μεσι,
249 853 337 880 πάντα.
358 861 388 879 τε
411 853 463 879 ὅσα
484 852 530 879 τὸν
555 852 688 888 ἡμέτερον
718 851 937 887 διαδιδράσκοντα

151 898 224 929 νοῦν,
236 898 286 933 τὴν
298 897 435 933 ἡμετέραν
456 897 555 931 γνῶσιν
572 897 714 924 λανθάνει·
730 897 831 924 τούτων
852 898 937 924 ἁπάν-

151 953 204 970 των
225 943 274 978 μία
289 942 335 969 τοῦ
350 942 518 976 Μονογενοῦς
540 943 603 968 Υἱοῦ
622 942 669 969 τοῦ
694 943 760 969 Θεοῦ
780 943 840 978 χεὶρ
858 952 935 978 περι-

151 989 327 1024 δραττομένη,
344 988 392 1023 τῆς
406 988 635 1023 ἁπειρομεγέθους
646 988 726 1014 αὑτοῦ
737 988 878 1023 δυνάμεως
889 990 937 1025 τὴν

152 1035 250 1071 ἀρετὴν
268 1034 451 1062 ἐπιδείκνυται
470 1034 536 1069 (98),
556 1035 587 1061 ’Ὁ
599 1034 630 1070 δὴ
638 1035 685 1060 καὶ
703 1035 735 1060 δι’
749 1035 844 1070 ἐτέρας
859 1035 937 1061 πάλιν

152 1082 233 1112 αὐτὸς
259 1082 273 1107 ὁ
298 1081 362 1113 Υἱὸς
385 1081 503 1117 παρίστη
523 1081 625 1115 φωνῆς,
649 1080 751 1114 λέγων,
774 1081 874 1107 Πάντα
886 1089 938 1114 μοι

151 1127 300 1162 παρεδόθη
319 1127 377 1154 ὑπὸ
404 1126 455 1153 τοῦ
484 1127 599 1160 Πατρός
620 1135 690 1160 μου.
716 1124 832 1157 Εἶθ’,ὠς
860 1126 937 1161 ἡμῶν

153 1172 344 1208 ἀπορούντων,
355 1172 397 1204 τίς
416 1173 476 1198 ποτ’
491 1170 536 1208 ἦν,
553 1172 598 1198 καὶ
623 1172 637 1197 ὁ
654 1171 784 1207 πηλίκος,
802 1172 816 1197 ὁ
830 1171 878 1206 τὴν
894 1180 937 1198 το-

153 1218 252 1254 σαύτην
261 1218 493 1254 παρακαταθήκην
502 1217 721 1252 ὑ-ποδεδεγμένος,
733 1217 780 1250 Μὴ
789 1216 875 1250 ζήτει,
887 1226 937 1252 φη-

154 1265 190 1296 οὶ,
196 1265 267 1300 μηδ’
284 1264 386 1298 ἐρώτα.
407 1264 446 1290 Οὐ
461 1264 515 1298 γὰρ
529 1263 585 1298 ἔχει
602 1263 682 1297 φύσιν
696 1262 848 1298 ἀνθρώποις
868 1272 937 1297 γνω-

153 1311 291 1346 ρίζεσθαι,
314 1311 370 1337 ἀλλ’
391 1310 450 1336 οὐδὲ
472 1311 532 1341 ταῖς
560 1310 694 1345 κρείττοσι
717 1310 764 1336 καὶ
790 1309 937 1344 θειοτέροις

151 1357 297 1392 δυνάμεσιν
311 1357 327 1392 ἡ
342 1356 458 1391 ἀκριϐὴς
472 1356 518 1381 τοῦ
543 1355 606 1382 Υἱοῦ
627 1355 673 1381 τοῦ
689 1355 756 1381 Θεοῦ
776 1355 935 1391 κατάληψις.

151 1404 197 1430 Διὸ
220 1404 372 1439 προφήσας,
395 1401 496 1428 Πάντα
508 1410 557 1435 μοι
572 1401 720 1435 παρεδόθη
737 1401 795 1427 ὑπὸ
808 1401 860 1428 τοῦ
879 1402 937 1427 Ha-

151 1448 222 1482 τριάς
227 1456 296 1482 μου,
310 1448 450 1482 ἐπήγαγε·
475 1446 530 1473 Καὶ
551 1446 650 1478 οὐδεὶς
675 1445 729 1481 (99)
750 1444 935 1480 ἐπιγινώσκει

153 1494 207 1520 τὸν
220 1493 331 1525 Υίὸν,εὶ
337 1492 378 1528 μὴ
388 1494 404 1520 ό
411 1492 519 1526 Πατήρ.
533 1491 688 1526 Σεσιγάσθω
695 1492 783 1517 τοίνυν
795 1492 847 1522 πᾶς
855 1491 937 1526 ἀττόρ-

994 261 1032 282 ret
1048 255 1136 286 Pater,
1150 255 1242 282 omnia
1256 255 1307 290 ipsi
1331 256 1357 283 in
1372 264 1468 284 manus
1485 258 1605 285 tradidit.
1625 259 1770 287 Attendeu-

990 301 1051 327 dum
1071 307 1112 328 est
1134 308 1214 335 porro
1236 301 1331 328 sedulo
1350 301 1383 329 ad
1400 302 1476 334 illud,
1494 304 1594 336 omnia,
1612 309 1704 338 utpote
1717 314 1771 340 quo

991 353 1080 373 rerum
1094 347 1214 374 omnium
1232 347 1414 375 subsistentia:
1430 350 1693 384 comprehendantur
1706 360 1778 379 :un-v

990 391 1022 418 de
1042 396 1071 419 et
1091 392 1184 419 videre
1203 392 1337 427 quispiam
1366 399 1458 427 posset
1483 395 1694 430 magnitudinem
1718 405 1767 432 po—

991 437 1080 464 tentia:
1095 436 1156 464 Filii
1177 438 1242 471 Dei;
1256 439 1319 465 dum
1339 440 1481 475 recogitet,
1500 447 1629 476 quantam
1650 443 1771 478 qualem-

989 483 1078 516 quein
1100 491 1208 511 manum
1241 485 1339 512 tradita
1362 486 1398 513 sil.
1416 494 1431 513 a
1453 486 1534 515 Patre
1553 496 1644 516 rerum
1663 490 1772 518 univer—

988 535 1077 555 sarum
1094 529 1276 556 subsistentia.
1294 530 1322 557 Si
1347 539 1471 566 magnum
1499 533 1536 560 sit
1558 534 1655 562 caelum
1677 540 1704 563 et
1720 536 1771 564 hoc

989 573 1153 606 universum,
1166 580 1239 602 certe
1255 583 1313 610 qum
1327 584 1407 610 supra
1422 581 1484 604 sunt
1497 578 1546 605 ista
1557 579 1644 607 oculis
1658 588 1772 615 usurpa-

990 624 1024 651 ta,
1038 619 1064 646 in
1079 621 1258 654 potestatibus
1270 621 1444 649 subsistentia
1458 624 1635 658 incorporeis,
1648 627 1770 652 incorru-

988 665 1138 699 ptibilibus,
1155 667 1369 702 intelligibilibus
1382 674 1409 696 et
1429 670 1538 702 divinis,
1558 670 1642 698 multo
1661 672 1769 706 quidem

989 712 1062 738 bisce
1086 717 1148 739 sunt
1161 712 1276 747 majora,
1289 719 1315 741 ct
1331 715 1364 741 ab
1389 715 1448 743 istis
1471 716 1549 753 longe
1570 717 1770 752 discrepantia:

987 764 1072 792 eique
1087 758 1120 785 ab
1135 758 1194 786 istis
1208 760 1346 794 universa,
1359 769 1419 795 quae
1435 770 1496 789 cum
1510 767 1618 797 captum
1632 768 1772 791 transcen-

988 802 1052 829 dant
1078 808 1207 836 nostrum,
1225 811 1343 833 nostram
1361 814 1471 841 quoque
1495 808 1771 844 refugiuntcognitio-

988 856 1060 875 nem.
1075 848 1125 877 Ista
1148 850 1237 878 omnia
1253 856 1280 879 et
1304 852 1406 887 singula
1427 861 1486 880 cum
1512 855 1590 881 unica
1609 855 1651 882 illa
1676 862 1772 884 tuane}

990 894 1049 921 Filii
1068 894 1114 922 Dei
1137 896 1267 931 unigeniti
1289 898 1482 932 apprehendat,
1500 901 1628 934 potentia:
1645 909 1701 928 sua:
1716 902 1770 929 vir--

990 944 1083 973 tntem,
1096 948 1203 968 omnem
1219 943 1430 977 magnitudinem
1441 952 1620 980 supergressus
1634 947 1770 981 patefacit.

988 985 1063 1018 Quod
1085 986 1182 1021 ipsum.
1198 991 1225 1014 et
1239 995 1288 1020 per
1305 989 1384 1015 aliam
1408 997 1485 1017 suam
1502 998 1595 1018 vocem
1610 992 1712 1020 indicat
1727 993 1772 1020 Fi-

988 1030 1038 1058 lius
1058 1031 1100 1058 ubi
1126 1031 1260 1066 loquitur,
1282 1033 1377 1060 Omni‘a
1390 1035 1451 1061 mihi
1465 1036 1562 1062 tradita
1576 1041 1637 1063 sunt
1658 1046 1674 1064 α
1693 1038 1772 1066 Patre

989 1085 1043 1103 meo
1056 1078 1088 1103 ’°.
1100 1077 1200 1105 Deinde
1213 1086 1245 1106 ac
1259 1079 1281 1106 si
1299 1088 1347 1107 nos
1360 1081 1386 1107 in
1399 1081 1501 1109 incerto
1517 1082 1772 1119 lmreremus,quis-

989 1130 1049 1149 nam
1067 1123 1111 1150 ille
1132 1128 1213 1156 esset,
1230 1129 1257 1151 et
1278 1126 1377 1160 qualis,
1395 1128 1440 1161 qui
1457 1128 1608 1162 depositum
1631 1135 1771 1164 receperat

987 1168 1157 1202 istiusmodi,
1186 1169 1294 1202 Nolito,
1333 1172 1389 1204 ait,
1428 1181 1544 1207 quaerere
1582 1181 1627 1200 nec
1658 1176 1772 1204 interro-

987 1222 1049 1248 gare
1061 1215 1138 1249 quia?
1165 1215 1225 1244 Non
1251 1222 1293 1244 est
1313 1219 1385 1246 enim
1414 1219 1458 1246 ille
1479 1220 1540 1248 talis
1567 1214 1612 1256 qui
1631 1222 1665 1249 ab
1683 1224 1772 1251 homi-

989 1261 1066 1287 nibus
1083 1262 1167 1294 possit
1180 1265 1372 1298 comprehendi
1388 1275 1393 1292 :
1411 1266 1465 1293 imo
1487 1275 1521 1295 ne
1533 1269 1640 1303 quidem
1651 1270 1772 1305 perfecte

988 1304 1099 1340 intelligi
1116 1310 1205 1341 potest
1230 1307 1264 1334 ab
1279 1308 1376 1341 illisce,
1392 1317 1452 1344 quac
1470 1317 1533 1338 sunt
1554 1320 1682 1347 superne,
1695 1320 1772 1349 pote-

988 1350 1104 1377 statibus
1122 1360 1130 1383 ;
1146 1359 1206 1379 cum
1232 1352 1267 1379 sit
1287 1353 1371 1380 Filius
1394 1353 1452 1382 Dei.
1477 1355 1610 1388 Quocirca
1630 1364 1772 1393 postquam

987 1396 1190 1428 enuntiaverat,
1209 1396 1306 1424 Omnia
1322 1399 1387 1425 mihi
1412 1400 1476 1427 dam
1497 1408 1556 1428 sunt
1573 1411 1589 1429 a
1602 1402 1684 1431 Patre
1704 1413 1772 1438 meo,

988 1438 1096 1468 intulit:
1114 1441 1146 1469 Et
1169 1450 1244 1469 nemo
1266 1444 1335 1470 noui!
1358 1443 1469 1479 Filium,
1486 1448 1536 1474 nisi
1560 1448 1642 1476 Pater
1653 1450 1685 1476 9".
1702 1450 1773 1483 Quo-
1802 1482 1806 1486 η

987 1487 1059 1514 circa
1079 1487 1188 1516 silentio
1208 1489 1361 1517 involvatur
1376 1492 1465 1519 omnis
1481 1492 1514 1520 de
1529 1493 1599 1521 Filio
1615 1495 1660 1522 Dei
1681 1503 1772 1523 sermo

154 1540 236 1574 ρητος
255 1539 318 1574 περὶ
336 1538 382 1565 τοῦ
402 1538 467 1565 Υἱοῦ
483 1537 529 1564 τοῦ
548 1537 614 1563 Θεοῦ
627 1538 711 1571 Λόγος
722 1557 729 1569 ,
744 1538 790 1563 καὶ
809 1537 882 1572 μόνῳ
895 1537 934 1572 τῷ

988 1533 1084 1566 quiest
1101 1533 1298 1567 inenarrabilis,
1313 1540 1340 1562 et
1356 1535 1406 1563 soli
1424 1538 1482 1572 ejus
1504 1537 1576 1566 Patri
1597 1542 1773 1568 commende-

152 1585 240 1620 Πατρὶ
249 1584 436 1619 παραδεδόσθω
445 1585 460 1618 ἡ
470 1584 517 1618 τῆς
533 1582 562 1615 ἐξ
576 1583 657 1609 αὐτοῦ
666 1583 797 1616 γενέσεως
806 1583 887 1609 αὐτοῦ
897 1583 936 1619 (ἐ)

152 1631 251 1665 γνῶσις
262 1651 269 1662 ,
288 1630 355 1666 μηδὲ
371 1630 526 1665 περαιτέρω
538 1638 578 1660 τις
590 1629 677 1664 ζητῶν
695 1629 818 1664 χωρείτω
831 1629 936 1663 φύσεως

153 1677 217 1712 πέρι
225 1677 272 1703 καὶ
278 1676 372 1708 οὐσίας
380 1676 545 1711 ἀπορρήτου.
557 1675 633 1710 Μόνη
644 1675 672 1701 δὲ
681 1675 770 1709 ἡμῖνή
781 1675 862 1701 αὐτοῦ
873 1676 937 1710 περὶ

152 1722 235 1748 αὐτοῦ
248 1722 405 1749 διδασκαλία
420 1723 453 1756 τῇ
468 1721 517 1755 τῆς
529 1721 645 1751 πίστεως
656 1720 821 1754 βεϐαιούσθω
834 1720 934 1756 χάριτι,

152 1767 245 1801 σαφῶς
257 1768 345 1794 πάντα
353 1766 426 1801 αὐτῷ
436 1766 488 1792 ὑπὸ
497 1765 543 1791 τοῦ
552 1765 655 1801 Πατρὺς
668 1765 863 1799 παραδεδόσθαι
875 1774 935 1791 παι-

151 1814 273 1840 δεύουσα.
291 1812 395 1839 vixet-iv
414 1812 428 1837 ὁ
448 1812 495 1847 μὲν
503 1811 567 1842 Θεὸς
582 1811 665 1837 ἐδίδου
677 1812 723 1837 καὶ
732 1811 874 1847 παρεδίδου
888 1813 934 1838 ἐπὶ

154 1858 292 1893 βελτιώσει
304 1858 351 1884 καὶ
362 1857 482 1892 ὠφελείᾳ
490 1876 497 1888 ,
508 1855 552 1882 οἷα
563 1856 667 1890 Σωτῆρι
680 1857 726 1883 καὶ
737 1857 820 1892 ίατρῴ
831 1858 877 1883 καὶ
890 1866 936 1883 κν-

151 1904 267 1939 6ερνήτῃ
291 1903 345 1930 τῶν
369 1903 436 1930 ὅλων
460 1903 509 1937 τὴν
528 1902 677 1937 παράδοσιν
689 1901 862 1937 ποιούμενος’
883 1903 935 1929 ὁδε

151 1950 216 1981 Υἱὸς
229 1949 376 1985 ἐλάμϐανε,
395 1949 442 1975 καὶ
464 1946 508 1975 οἷα
528 1948 621 1979 πιστὸς
639 1947 870 1983 παραθηκοφύλαξ
886 1948 935 1982 τὴν

150 1996 225 2023 δόσιν
231 1996 357 2031 ὑπείχετο
369 1995 418 2029 (2),
429 1995 478 2029 οὐχ
488 1994 524 2026 ὡς
534 1994 618 2029 Λόγος
632 1993 757 2025 ἀνούσιος
771 1994 817 2019 καὶ
832 1993 934 2019 ἀνυπό-

151 2051 258 2074 στατος,
268 2042 325 2069 ἀλλ’
341 2042 378 2074 ὡς
395 2040 502 2076 ἀληθῶς
511 2041 574 2073 Υἱὸς
590 2040 628 2066 ὢν
642 2040 795 2074 Μονογενὴς
808 2040 854 2065 καὶ
866 2040 934 2073 ἀγα-

151 2088 237 2124 πητὸς
252 2087 300 2114 τοῦ
315 2087 433 2122 Πατρός.

989 1582 1032 1604 tur
1051 1578 1124 1606 illius
1146 1579 1178 1607 de
1200 1580 1289 1615 seipso
1307 1583 1491 1615 generationis
1506 1585 1602 1612 modus
1626 1590 1654 1613 et
1675 1587 1773 1614 intelli-

987 1624 1077 1657 gentia
1096 1632 1104 1650 ι
1123 1631 1172 1652 nec
1186 1624 1362 1659 disquirendo
1376 1627 1510 1661 quispiam
1526 1631 1714 1664 progrediatur
1732 1633 1774 1658 ul—

989 1669 1086 1702 terius,
1104 1669 1130 1696 in
1153 1675 1249 1697 natura
1266 1676 1293 1698 et
1309 1672 1459 1700 substantia
1480 1674 1663 1703 inenarrabili.
1687 1677 1773 1711 Ipsius

987 1718 1076 1741 autem
1093 1715 1126 1742 de
1153 1715 1241 1750 seipso
1257 1716 1381 1744 doctrina
1404 1718 1573 1747 solummodo
1593 1728 1639 1754 per
1658 1723 1771 1756 gratiam

987 1768 1047 1795 quae
1061 1769 1092 1788 ex
1109 1761 1165 1790 ﬁde
1176 1768 1217 1790 est
1230 1764 1367 1798 obsignata
1391 1770 1498 1793 maneat
1514 1774 1592 1800 :qua:
1608 1768 1698 1794 omnia
1712 1769 1773 1803 qui-

987 1807 1047 1834 dem
1068 1807 1116 1841 ipsi
1138 1809 1236 1836 tradita
1260 1817 1275 1836 a
1301 1809 1382 1837 Patre
1401 1817 1451 1838 suo
1469 1811 1610 1839 manifeste
1627 1812 1772 1839 admodum.

988 1861 1036 1880 nos
1052 1854 1139 1881 docet.
1155 1855 1233 1882 Dedit
1253 1863 1318 1890 ergo
1331 1856 1401 1883 Deus
1419 1861 1500 1891 atque
1516 1858 1626 1885 tradidit
1641 1858 1677 1885 illi
1690 1859 1773 1892 ,lianc

988 1899 1161 1927 traditionem
1187 1909 1274 1935 suam,
1290 1901 1323 1929 ad
1343 1902 1560 1930 emendationem
1573 1907 1599 1930 et
1620 1903 1771 1938 profectum

988 1946 1184 1980 universitatis,
1198 1952 1325 1982 tanquam
1344 1948 1494 1980 Servatori,
1508 1948 1623 1979 medico.
1637 1950 1774 1984 guberna-

989 1993 1038 2019 tori
1049 1993 1181 2020 omnium.
1200 1997 1229 2026 ᾖ(
1246 1994 1330 2022 Filius
1341 2002 1373 2022 ea
1389 1995 1503 2030 recepit,
1515 2000 1542 2022 et
1558 2001 1686 2031 tanquam
1704 1997 1773 2024 ﬁdus

988 2039 1121 2074 quispiam
1133 2039 1247 2075 depositi
1261 2046 1351 2069 custos
1363 2041 1469 2076 idonum
1491 2042 1555 2069 illud
1572 2044 1642 2078 apud
1657 2050 1687 2071 se
1703 2044 1774 2070 deti-

987 2086 1069 2119 nuit,‘
1082 2093 1135 2113 non
1159 2091 1189 2113 ut
1202 2087 1318 2115 Verbum
1350 2088 1530 2117 insubsistens
1558 2093 1586 2116 et
1618 2090 1771 2117 substantia

150 2142 255 2167 carens,
270 2133 317 2161 sed
335 2138 460 2167 tanquam
475 2132 508 2164 is,
538 2132 584 2166 qui
597 2139 660 2159 vere
670 2138 731 2159 cum
756 2132 792 2158 sit
810 2130 911 2162 Filius,
928 2131 1081 2166 unigenitus
1101 2137 1128 2160 et
1150 2132 1263 2162 dilectus
1282 2134 1366 2167 Patri,
1387 2134 1419 2161 ad
1437 2134 1507 2168 hinc,
1524 2136 1697 2170 semetipsum
1717 2137 1773 2171 ipse

150 2180 298 2208 nominavit
310 2186 406 2215 panem
419 2179 490 2210 vitaz,
503 2179 625 2213 inquiens
641 2186 649 2204 :

185 2227 219 2259 ζ’.
237 2227 297 2254 Ἔτι
320 2227 387 2263 πρὸς
407 2226 510 2257 τούτοις
528 2227 574 2252 καὶ
595 2226 676 2260 ἄρτον
698 2225 746 2259 τῆς
768 2224 838 2259 ζωῆς
856 2224 934 2255 αὐτὸς

1022 2225 1049 2252 7.
1070 2226 1126 2260 Ego
1140 2235 1197 2253 sum
1210 2228 1285 2260 ponis
1303 2229 1373 2254 vilic.
1393 2228 1448 2263 Ego
1461 2237 1519 2255 sum
1533 2230 1607 2260 panis
1630 2229 1674 2255 ille
1689 2230 1771 2256 υἱυιιδι

151 2273 246 2300 ἑαυτὸν
255 2272 389 2308 ὠνόμαζε,
400 2272 484 2306 λέγων
494 2280 501 2286 ·
520 2271 589 2306 Ἐγώ
597 2272 654 2305 ειμι
663 2272 678 2297 ὀ
686 2270 774 2304 ἄρτος
783 2269 838 2304 τῆς
847 2269 930 2303 (om.

156 2318 227 2354 Ὲτώ
241 2320 300 2354 ειμι
316 2320 332 2345 ὁ
346 2318 434 2352 ἄρτος
450 2320 466 2345 ὁ
479 2317 543 2351 (dir,
560 2319 575 2344 ὁ
591 2317 625 2343 ἐκ
638 2317 690 2343 τοῦ
703 2315 832 2350 οὐρανοῦ
847 2324 933 2342 κατα-

150 2363 214 2396 ϐάς.
239 2363 294 2390 Καὶ
320 2363 394 2394 ὅπως
419 2362 525 2398 ὑπῆρχε
550 2361 614 2393 ζῶν,
636 2361 756 2395 διεσάφει
781 2360 932 2396 τρανότατα

148 2409 294 2445 δίαρθρῶν,
309 2411 338 2436 ὲν
353 2406 393 2440 οἷς
410 2417 485 2444 φησι,
502 2407 604 2439 Καθὼς
620 2406 778 2434 ἀπέστειλέ
791 2415 829 2440 με
850 2407 865 2432 ὁ
879 2405 935 2436 ζῶν

148 2454 261 2489 Πατὴρ,
281 2454 361 2489 κάγὼ
376 2453 412 2485 ᾅῖ)
430 2454 478 2480 διὰ
490 2454 543 2480 τὸν
558 2452 681 2487 Πατέρα.
699 2452 754 2479 Καὶ
773 2452 803 2478 '0
820 2452 935 2486 τρώγων

145 2510 194 2536 με,
208 2500 345 2533 κάκεῖνος
359 2499 441 2532 ζήσει
456 2499 492 2525 δι’
507 2498 567 2533 ἐμέ.
585 2497 669 2524 Τοῦτο
684 2497 712 2523 δὲ
725 2497 771 2524 καὶ
787 2498 816 2524 ὲν
833 2497 935 2532 ἑτέροις

148 2547 267 2579 ἐδίδαξεν
284 2546 368 2573 εἰπών
377 2554 383 2560 ·
402 2546 515 2578 ’Ὠσπερ
529 2544 583 2578 τὰρ
596 2545 612 2570 ὀ
622 2543 722 2576 Πατὴρ
735 2542 811 2576 ζωὴν
824 2543 885 2576 ἔχει
901 2543 936 2568 ἐν

147 2592 253 2625 ἐαυτῷ,
270 2593 346 2619 οὕτω
364 2592 412 2618 καὶ
437 2591 477 2624 τῷ
501 2590 558 2622 Υῐῷ
573 2590 611 2625 (5)
627 2590 737 2616 ἔδωκεν
759 2589 840 2624 ἔχειν
859 2588 934 2621 ἄδήν

186 2665 216 2693 vis
236 2661 282 2688 Ed.
295 2660 379 2688 Paris.
394 2668 453 2694 pag.
471 2659 564 2690 88,89.

183 2697 205 2713 “
219 2696 315 2723 Matth.
330 2703 369 2727 It,
382 2696 427 2722 27.
465 2695 486 2709 "
500 2695 564 2721 ibid.

181 2784 238 2821 (97)
257 2784 347 2821 Vulgo
360 2783 523 2819 πιστεύομεν
546 2786 573 2809 et
602 2782 663 2810 deln
685 2780 827 2816 ὑπάρξεως
844 2781 931 2808 ἀπάν-

145 2819 241 2858 τωνᾲςι
253 2819 425 2858 ςιςιιςδέδξκτο..
455 2854 462 2858 _
491 2853 498 2858 _
554 2851 567 2858 _

182 2856 239 2889 (98)
254 2855 341 2888 Vulgo
352 2854 396 2881 ὅδε
406 2858 434 2889 νει
451 2853 505 2880 ἀπὶ
521 2853 568 2879 τοῦ
581 2861 610 2879 π.

182 2885 239 2927 (99)
252 2885 338 2925 Vulgo
350 2888 479 2923 γινώσκει
496 2893 523 2915 et
537 2895 597 2915 mox
610 2885 806 2922 παραδιδόσθω.

310 2936 447 2967 ΡΑτιοι..
469 2934 529 2966 Gtt.
554 2934 578 2965 X
587 2933 671 2964 XIV.

985 2272 1031 2306 qui
1052 2273 1084 2299 de
1096 2273 1159 2299 caelo
1178 2274 1299 2300 descendi
1313 2274 1345 2300 ’⁸.
1360 2273 1480 2307 Qualiter
1499 2279 1589 2301 autem
1612 2277 1688 2301 vivus
1701 2276 1771 2302 exsi—

986 2318 1085 2349 stebat,
1100 2318 1268 2351 apertissime
1289 2318 1435 2346 declaravit
1462 2319 1597 2352 inquiens.
1615 2319 1678 2345 dum
1700 2319 1771 2346 aftir-

988 2367 1053 2394 Inat,
1068 2362 1293 2395 Quemadmodum
1313 2365 1383 2390 misit
1404 2373 1443 2390 me
1464 2364 1549 2390 uiuens
1575 2363 1663 2395 Pater,
1686 2369 1710 2390 et
1724 2373 1771 2398 ego

988 2408 1044 2434 viro
1060 2416 1107 2442 per
1116 2407 1225 2436 Patrem
1239 2409 1273 2436 ⁹⁸.
1284 2410 1316 2436 Ει
1331 2418 1338 2436 :
1353 2409 1405 2442 Qui
1422 2418 1461 2436 me
1473 2410 1594 2443 comedit,
1612 2410 1655 2437 ille
1668 2417 1771 2445 propter

989 2462 1028 2480 me
1054 2454 1147 2481 vivet‘.
1171 2454 1228 2482 Hoc
1243 2455 1328 2490 ipsum
1344 2456 1408 2483 alibi
1435 2455 1554 2487 edocuit,
1575 2455 1718 2490 inquiens:
1738 2455 1771 2482 Et

988 2500 1205 2531 quemadmodum
1232 2500 1312 2528 Pater
1328 2502 1408 2527 vitam
1431 2501 1506 2528 habet
1526 2502 1552 2528 in
1570 2502 1715 2533 semetipso.
1734 2503 1771 2529 ita

989 2551 1012 2569 t‘!
1028 2543 1099 2571 Filio
1115 2546 1188 2572 dedit
1212 2546 1306 2572 habere
1320 2547 1399 2572 vitam
1415 2547 1441 2573 in
1463 2547 1629 2581 semetipso’.
1646 2547 1710 2573 Erat
1722 2547 1770 2581 igi-

991 2595 1033 2616 tur
1050 2591 1127 2624 panis
1148 2591 1209 2617 vitae
1227 2601 1234 2617 :
1255 2595 1282 2618 et
1303 2591 1328 2617 in
1353 2591 1423 2618 caelo
1447 2591 1619 2623 subsistebat,
1635 2592 1771 2626 angelieas

602 2692 623 2708 "‘
635 2692 711 2719 Joan.
725 2699 760 2723 Vl,
775 2691 819 2723 35,
833 2691 879 2718 Η.
916 2692 938 2708 ’⁵
953 2691 1018 2719 ibid.
1034 2690 1077 2717 58.
1117 2691 1123 2705 '
1144 2690 1208 2717 ibid.
1246 2691 1257 2705 '
1271 2689 1348 2717 Joan.
1363 2699 1388 2721 ν,
1407 2691 1451 2718 26.

1020 2778 1058 2817 (1)
1069 2779 1154 2817 [ullgo
1167 2788 1221 2817 om.
1230 2781 1313 2817 αὑτοῦ
1328 2786 1355 2808 et
1369 2788 1429 2817 mox
1442 2781 1644 2817 παραδίδοσθαι.

1020 2781 1043 2811 Η
1069 2781 1154 2815 Vulgo
1167 2788 1221 2807 om.
1230 2781 1313 2808 αὑτοῦ
1328 2786 1355 2808 et
1369 2788 1429 2808 mox
1442 2781 1644 2817 παραδίδοσθαι.

1019 2781 1058 2852 (ἳζ
1076 2815 1161 2850 Vulgo
1178 2815 1265 2850 ὲπείχ.
1280 2822 1307 2843 et
1329 2824 1388 2843 mox
1404 2816 1484 2852 ἄρτον
1500 2817 1549 2853 τῆς
1573 2817 1598 2849 ζ.
1613 2823 1641 2847 et
1664 2818 1769 2854 τρανῶ-

984 2859 1064 2878 τατα.

1021 2885 1059 2922 ('5)
1076 2885 1160 2921 Vulgo
1171 2883 1296 2913 δέδωκεν.

1573 2934 1612 2964 28
