  <div class='ocr_page' id='page_1' title='image "/cluster/home/n/w/nwhite01/storage/ocr_20150623/24/njp.32101077772513/447.png"; bbox 0 0 2032 3211; ppageno 0'>
   <div class='ocr_carea' id='block_1_1' title="bbox 271 164 325 191">
    <p class='ocr_par' dir='ltr' id='par_1_1' title="bbox 271 164 325 191">
     <span class='ocr_line' id='line_1_1' title="bbox 271 164 325 191; baseline 0.019 -1"><span class='ocrx_word' id='word_1_1' title='bbox 271 164 325 191; x_wconf 82' lang='lat'><strong>879</strong></span> 
     </span>
    </p>
   </div>
   <div class='ocr_carea' id='block_1_2' title="bbox 619 161 1556 193">
    <p class='ocr_par' dir='ltr' id='par_1_2' title="bbox 619 161 1556 193">
     <span class='ocr_line' id='line_1_2' title="bbox 619 161 1556 193; baseline 0.001 -3"><span class='ocrx_word' id='word_1_2' title='bbox 619 163 749 190; x_wconf 47' lang='lat' dir='ltr'><strong>EI‘SEBII</strong></span> <span class='ocrx_word' id='word_1_3' title='bbox 765 161 1006 190; x_wconf 66' lang='lat' dir='ltr'><strong>C/ESARIENSIS</strong></span> <span class='ocrx_word' id='word_1_4' title='bbox 1024 162 1099 191; x_wconf 81' lang='lat' dir='ltr'><strong>OPP.</strong></span> <span class='ocrx_word' id='word_1_5' title='bbox 1122 162 1210 190; x_wconf 74' lang='lat' dir='ltr'><strong>PARS</strong></span> <span class='ocrx_word' id='word_1_6' title='bbox 1230 162 1275 193; x_wconf 81' lang='lat' dir='ltr'><strong>lV.</strong></span> <span class='ocrx_word' id='word_1_7' title='bbox 1294 178 1328 183; x_wconf 76' lang='grc'><strong>’-</strong></span> <span class='ocrx_word' id='word_1_8' title='bbox 1349 161 1556 191; x_wconf 74' lang='lat' dir='ltr'><strong>DOGMATICA.</strong></span> 
     </span>
    </p>
   </div>
   <div class='ocr_carea' id='block_1_3' title="bbox 1838 161 1890 188">
    <p class='ocr_par' dir='ltr' id='par_1_3' title="bbox 1838 161 1890 188">
     <span class='ocr_line' id='line_1_3' title="bbox 1838 161 1890 188; baseline 0.019 -1"><span class='ocrx_word' id='word_1_9' title='bbox 1838 161 1890 188; x_wconf 85' lang='lat'><strong>880</strong></span> 
     </span>
    </p>
   </div>
   <div class='ocr_carea' id='block_1_4' title="bbox 272 217 1055 261">
    <p class='ocr_par' dir='ltr' id='par_1_4' title="bbox 272 222 1055 258">
     <span class='ocr_line' id='line_1_4' title="bbox 272 222 1055 258; baseline 0.001 -9"><span class='ocrx_word' id='word_1_10' title='bbox 272 223 336 250; x_wconf 88' lang='lat' dir='ltr'><strong>illud</strong></span> <span class='ocrx_word' id='word_1_11' title='bbox 347 223 418 258; x_wconf 85' lang='lat' dir='ltr'><strong>quod</strong></span> <span class='ocrx_word' id='word_1_12' title='bbox 433 222 458 250; x_wconf 92' lang='lat' dir='ltr'><strong>in</strong></span> <span class='ocrx_word' id='word_1_13' title='bbox 477 223 531 250; x_wconf 87' lang='lat' dir='ltr'><strong>Deo</strong></span> <span class='ocrx_word' id='word_1_14' title='bbox 545 223 643 256; x_wconf 78' lang='lat' dir='ltr'><strong>fuerat,</strong></span> <span class='ocrx_word' id='word_1_15' title='bbox 656 224 768 258; x_wconf 88' lang='lat' dir='ltr'><strong>ipsemet</strong></span> <span class='ocrx_word' id='word_1_16' title='bbox 783 224 852 251; x_wconf 84' lang='lat' dir='ltr'><strong>idem</strong></span> <span class='ocrx_word' id='word_1_17' title='bbox 867 223 948 255; x_wconf 86' lang='lat' dir='ltr'><strong>Deus,</strong></span> <span class='ocrx_word' id='word_1_18' title='bbox 965 228 993 250; x_wconf 91' lang='lat' dir='ltr'><strong>ut</strong></span> <span class='ocrx_word' id='word_1_19' title='bbox 1007 224 1055 250; x_wconf 91' lang='lat' dir='ltr'><strong>Sa-</strong></span> 
     </span>
    </p>
   </div>
   <div class='ocr_carea' id='block_1_5' title="bbox 1108 217 1891 261">
    <p class='ocr_par' dir='ltr' id='par_1_5' title="bbox 1108 217 1891 261">
     <span class='ocr_line' id='line_1_5' title="bbox 1108 217 1891 261; baseline -0.006 -11"><span class='ocrx_word' id='word_1_20' title='bbox 1108 223 1182 261; x_wconf 66' lang='lat' dir='ltr'><strong>Qeifi;</strong></span> <span class='ocrx_word' id='word_1_21' title='bbox 1195 223 1255 254; x_wconf 78' lang='grc' dir='ltr'><strong>Πῶς</strong></span> <span class='ocrx_word' id='word_1_22' title='bbox 1267 223 1424 250; x_wconf 83' lang='grc' dir='ltr'>διδάσκαλον</span> <span class='ocrx_word' id='word_1_23' title='bbox 1435 221 1516 249; x_wconf 80' lang='grc' dir='ltr'>αὐτοῦ</span> <span class='ocrx_word' id='word_1_24' title='bbox 1530 228 1612 255; x_wconf 73' lang='grc' dir='ltr'>φησιν</span> <span class='ocrx_word' id='word_1_25' title='bbox 1622 217 1692 247; x_wconf 82' lang='grc' dir='ltr'>εἶναι</span> <span class='ocrx_word' id='word_1_26' title='bbox 1706 219 1751 246; x_wconf 79' lang='grc' dir='ltr'>τὸν</span> <span class='ocrx_word' id='word_1_27' title='bbox 1765 219 1891 255; x_wconf 82' lang='grc' dir='ltr'>Πατέρα;</span> 
     </span>
    </p>
   </div>
   <div class='ocr_carea' id='block_1_6' title="bbox 272 269 1054 304">
    <p class='ocr_par' dir='ltr' id='par_1_6' title="bbox 272 269 1054 304">
     <span class='ocr_line' id='line_1_6' title="bbox 272 269 1054 304; baseline 0.003 -10"><span class='ocrx_word' id='word_1_28' title='bbox 272 269 353 296; x_wconf 82' lang='lat' dir='ltr'><strong>hellio</strong></span> <span class='ocrx_word' id='word_1_29' title='bbox 371 269 468 303; x_wconf 82' lang='lat' dir='ltr'><strong>placuit</strong></span> <span class='ocrx_word' id='word_1_30' title='bbox 482 269 494 294; x_wconf 67' lang='grc' dir='ltr'>ἰν</span> <span class='ocrx_word' id='word_1_31' title='bbox 506 273 553 296; x_wconf 93' lang='lat' dir='ltr'><strong>aut</strong></span> <span class='ocrx_word' id='word_1_32' title='bbox 568 269 656 303; x_wconf 90' lang='lat' dir='ltr'><strong>potius</strong></span> <span class='ocrx_word' id='word_1_33' title='bbox 678 269 757 304; x_wconf 89' lang='lat' dir='ltr'><strong>(quod</strong></span> <span class='ocrx_word' id='word_1_34' title='bbox 771 275 832 296; x_wconf 87' lang='lat' dir='ltr'><strong>cum</strong></span> <span class='ocrx_word' id='word_1_35' title='bbox 849 269 991 296; x_wconf 81' lang='lat' dir='ltr'><strong>sanctitate</strong></span> <span class='ocrx_word' id='word_1_36' title='bbox 1001 274 1054 297; x_wconf 82' lang='lat' dir='ltr'><strong>stat</strong></span> 
     </span>
    </p>
   </div>
   <div class='ocr_carea' id='block_1_7' title="bbox 272 313 1054 348">
    <p class='ocr_par' dir='ltr' id='par_1_7' title="bbox 272 313 1054 348">
     <span class='ocr_line' id='line_1_7' title="bbox 272 313 1054 348; baseline 0.003 -9"><span class='ocrx_word' id='word_1_37' title='bbox 272 319 299 339; x_wconf 80' lang='lat' dir='ltr'><strong>et</strong></span> <span class='ocrx_word' id='word_1_38' title='bbox 315 314 438 347; x_wconf 84' lang='lat' dir='ltr'><strong>veritate)</strong></span> <span class='ocrx_word' id='word_1_39' title='bbox 455 314 548 341; x_wconf 76' lang='lat' dir='ltr'><strong>vivens</strong></span> <span class='ocrx_word' id='word_1_40' title='bbox 571 318 600 340; x_wconf 85' lang='lat' dir='ltr'><strong>et</strong></span> <span class='ocrx_word' id='word_1_41' title='bbox 616 313 767 340; x_wconf 78' lang='lat' dir='ltr'><strong>subsistens</strong></span> <span class='ocrx_word' id='word_1_42' title='bbox 788 314 944 348; x_wconf 83' lang='lat' dir='ltr'><strong>uuigenitns</strong></span> <span class='ocrx_word' id='word_1_43' title='bbox 971 314 1054 341; x_wconf 80' lang='lat' dir='ltr'><strong>Filius</strong></span> 
     </span>
    </p>
   </div>
   <div class='ocr_carea' id='block_1_8' title="bbox 275 359 1054 394">
    <p class='ocr_par' dir='ltr' id='par_1_8' title="bbox 275 359 1054 394">
     <span class='ocr_line' id='line_1_8' title="bbox 275 359 1054 394; baseline 0 -7"><span class='ocrx_word' id='word_1_44' title='bbox 275 360 320 388; x_wconf 83' lang='lat' dir='ltr'><strong>Dei</strong></span> <span class='ocrx_word' id='word_1_45' title='bbox 332 361 343 373; x_wconf 88' lang='lat'><em>“</em></span> <span class='ocrx_word' id='word_1_46' title='bbox 357 360 432 393; x_wconf 82' lang='lat' dir='ltr'><strong>Quod</strong></span> <span class='ocrx_word' id='word_1_47' title='bbox 447 360 468 386; x_wconf 84' lang='lat' dir='ltr'><strong>si</strong></span> <span class='ocrx_word' id='word_1_48' title='bbox 488 359 552 386; x_wconf 82' lang='lat' dir='ltr'><strong>nihil</strong></span> <span class='ocrx_word' id='word_1_49' title='bbox 571 359 664 386; x_wconf 90' lang='lat' dir='ltr'><strong>horum</strong></span> <span class='ocrx_word' id='word_1_50' title='bbox 683 359 732 394; x_wconf 86' lang='lat' dir='ltr'><strong>ipsi</strong></span> <span class='ocrx_word' id='word_1_51' title='bbox 751 359 885 392; x_wconf 75' lang='lat' dir='ltr'><strong>arriserit,</strong></span> <span class='ocrx_word' id='word_1_52' title='bbox 899 360 1054 387; x_wconf 82' lang='lat' dir='ltr'><strong>omnimodo</strong></span> 
     </span>
    </p>
   </div>
   <div class='ocr_carea' id='block_1_9' title="bbox 273 405 1054 440">
    <p class='ocr_par' dir='ltr' id='par_1_9' title="bbox 273 405 1054 440">
     <span class='ocr_line' id='line_1_9' title="bbox 273 405 1054 440; baseline 0.001 -8"><span class='ocrx_word' id='word_1_53' title='bbox 273 406 417 433; x_wconf 82' lang='lat' dir='ltr'><strong>substituet</strong></span> <span class='ocrx_word' id='word_1_54' title='bbox 435 405 478 432; x_wconf 92' lang='lat' dir='ltr'><strong>hic</strong></span> <span class='ocrx_word' id='word_1_55' title='bbox 489 405 631 439; x_wconf 83' lang='lat' dir='ltr'><strong>lnnnauam</strong></span> <span class='ocrx_word' id='word_1_56' title='bbox 644 405 779 438; x_wconf 82' lang='lat' dir='ltr'><strong>animam;</strong></span> <span class='ocrx_word' id='word_1_57' title='bbox 795 410 874 440; x_wconf 89' lang='lat' dir='ltr'><strong>atque</strong></span> <span class='ocrx_word' id='word_1_58' title='bbox 888 406 924 432; x_wconf 91' lang='lat' dir='ltr'><strong>ita</strong></span> <span class='ocrx_word' id='word_1_59' title='bbox 950 406 1003 433; x_wconf 89' lang='lat' dir='ltr'><strong>erit</strong></span> <span class='ocrx_word' id='word_1_60' title='bbox 1018 406 1054 433; x_wconf 86' lang='lat' dir='ltr'><strong>illi</strong></span> 
     </span>
    </p>
   </div>
   <div class='ocr_carea' id='block_1_10' title="bbox 273 449 1055 478">
    <p class='ocr_par' dir='ltr' id='par_1_10' title="bbox 273 449 1055 478">
     <span class='ocr_line' id='line_1_10' title="bbox 273 449 1055 478; baseline 0 -1"><span class='ocrx_word' id='word_1_61' title='bbox 273 451 361 477; x_wconf 90' lang='lat' dir='ltr'><strong>nudus</strong></span> <span class='ocrx_word' id='word_1_62' title='bbox 376 451 457 477; x_wconf 90' lang='lat' dir='ltr'><strong>homo</strong></span> <span class='ocrx_word' id='word_1_63' title='bbox 473 450 605 477; x_wconf 77' lang='lat' dir='ltr'><strong>Christus.</strong></span> <span class='ocrx_word' id='word_1_64' title='bbox 623 449 677 476; x_wconf 81' lang='lat' dir='ltr'><strong>Nec</strong></span> <span class='ocrx_word' id='word_1_65' title='bbox 691 449 806 476; x_wconf 88' lang='lat' dir='ltr'><strong>ulterius</strong></span> <span class='ocrx_word' id='word_1_66' title='bbox 824 450 902 477; x_wconf 82' lang='lat' dir='ltr'><strong>nobis</strong></span> <span class='ocrx_word' id='word_1_67' title='bbox 923 450 1055 478; x_wconf 84' lang='lat' dir='ltr'><strong>Sabellius</strong></span> 
     </span>
    </p>
   </div>
   <div class='ocr_carea' id='block_1_11' title="bbox 273 494 1054 531">
    <p class='ocr_par' dir='ltr' id='par_1_11' title="bbox 273 494 1054 531">
     <span class='ocr_line' id='line_1_11' title="bbox 273 494 1054 531; baseline 0 -8"><span class='ocrx_word' id='word_1_68' title='bbox 273 496 400 531; x_wconf 91' lang='lat' dir='ltr'><strong>prodibit,</strong></span> <span class='ocrx_word' id='word_1_69' title='bbox 413 495 460 522; x_wconf 87' lang='lat' dir='ltr'><strong>sed</strong></span> <span class='ocrx_word' id='word_1_70' title='bbox 478 495 511 522; x_wconf 86' lang='lat' dir='ltr'><strong>de</strong></span> <span class='ocrx_word' id='word_1_71' title='bbox 522 500 594 522; x_wconf 80' lang='lat' dir='ltr'><strong>secta</strong></span> <span class='ocrx_word' id='word_1_72' title='bbox 608 494 810 527; x_wconf 84' lang='lat' dir='ltr'><strong>Pauliauorum,</strong></span> <span class='ocrx_word' id='word_1_73' title='bbox 825 503 910 523; x_wconf 89' lang='lat' dir='ltr'><strong>novus</strong></span> <span class='ocrx_word' id='word_1_74' title='bbox 925 497 1054 531; x_wconf 84' lang='lat' dir='ltr'><strong>scriptor.</strong></span> 
     </span>
    </p>
   </div>
   <div class='ocr_carea' id='block_1_12' title="bbox 272 537 1054 575">
    <p class='ocr_par' dir='ltr' id='par_1_12' title="bbox 272 537 1054 575">
     <span class='ocr_line' id='line_1_12' title="bbox 272 537 1054 575; baseline 0.001 -6"><span class='ocrx_word' id='word_1_75' title='bbox 272 542 348 575; x_wconf 83' lang='lat' dir='ltr'><strong>Quod</strong></span> <span class='ocrx_word' id='word_1_76' title='bbox 364 542 386 568; x_wconf 88' lang='lat' dir='ltr'><strong>si</strong></span> <span class='ocrx_word' id='word_1_77' title='bbox 412 541 527 568; x_wconf 80' lang='lat' dir='ltr'><strong>Verbum</strong></span> <span class='ocrx_word' id='word_1_78' title='bbox 555 541 618 568; x_wconf 86' lang='lat' dir='ltr'><strong>illud</strong></span> <span class='ocrx_word' id='word_1_79' title='bbox 635 537 735 568; x_wconf 75' lang='lat' dir='ltr'><strong>dixerit</strong></span> <span class='ocrx_word' id='word_1_80' title='bbox 756 541 893 569; x_wconf 84' lang='lat' dir='ltr'><strong>hominem</strong></span> <span class='ocrx_word' id='word_1_81' title='bbox 921 542 1054 575; x_wconf 90' lang='lat' dir='ltr'><strong>habitare,</strong></span> 
     </span>
    </p>
   </div>
   <div class='ocr_carea' id='block_1_13' title="bbox 274 585 1054 621">
    <p class='ocr_par' dir='ltr' id='par_1_13' title="bbox 274 585 1054 621">
     <span class='ocr_line' id='line_1_13' title="bbox 274 585 1054 621; baseline 0.004 -9"><span class='ocrx_word' id='word_1_82' title='bbox 274 587 343 620; x_wconf 82' lang='lat' dir='ltr'><strong>quod</strong></span> <span class='ocrx_word' id='word_1_83' title='bbox 361 587 388 613; x_wconf 89' lang='lat' dir='ltr'><strong>in</strong></span> <span class='ocrx_word' id='word_1_84' title='bbox 404 585 459 613; x_wconf 85' lang='lat' dir='ltr'><strong>Deo</strong></span> <span class='ocrx_word' id='word_1_85' title='bbox 486 586 549 619; x_wconf 84' lang='lat' dir='ltr'><strong>fuit,</strong></span> <span class='ocrx_word' id='word_1_86' title='bbox 572 587 637 613; x_wconf 92' lang='lat' dir='ltr'><strong>nihil</strong></span> <span class='ocrx_word' id='word_1_87' title='bbox 653 587 726 614; x_wconf 83' lang='lat' dir='ltr'><strong>aliud</strong></span> <span class='ocrx_word' id='word_1_88' title='bbox 755 587 853 621; x_wconf 89' lang='lat' dir='ltr'><strong>ipsum,</strong></span> <span class='ocrx_word' id='word_1_89' title='bbox 869 588 919 616; x_wconf 91' lang='lat' dir='ltr'><strong>nisi</strong></span> <span class='ocrx_word' id='word_1_90' title='bbox 939 587 1054 616; x_wconf 89' lang='lat' dir='ltr'><strong>Verbum</strong></span> 
     </span>
    </p>
   </div>
   <div class='ocr_carea' id='block_1_14' title="bbox 274 631 1054 669">
    <p class='ocr_par' dir='ltr' id='par_1_14' title="bbox 274 631 1054 669">
     <span class='ocr_line' id='line_1_14' title="bbox 274 631 1054 669; baseline 0.003 -10"><span class='ocrx_word' id='word_1_91' title='bbox 274 633 415 664; x_wconf 76' lang='lat' dir='ltr'><strong>exsistens,</strong></span> <span class='ocrx_word' id='word_1_92' title='bbox 432 637 458 659; x_wconf 87' lang='lat' dir='ltr'><strong>et</strong></span> <span class='ocrx_word' id='word_1_93' title='bbox 469 631 584 659; x_wconf 85' lang='lat' dir='ltr'><strong>Verbum</strong></span> <span class='ocrx_word' id='word_1_94' title='bbox 600 632 808 667; x_wconf 80' lang='lat' dir='ltr'><strong>significativnm</strong></span> <span class='ocrx_word' id='word_1_95' title='bbox 823 633 866 661; x_wconf 91' lang='lat' dir='ltr'><strong>vel</strong></span> <span class='ocrx_word' id='word_1_96' title='bbox 877 635 1054 669; x_wconf 86' lang='lat' dir='ltr'><strong>operativum,</strong></span> 
     </span>
    </p>
   </div>
   <div class='ocr_carea' id='block_1_15' title="bbox 273 678 1055 714">
    <p class='ocr_par' dir='ltr' id='par_1_15' title="bbox 273 678 1055 714">
     <span class='ocr_line' id='line_1_15' title="bbox 273 678 1055 714; baseline 0.004 -10"><span class='ocrx_word' id='word_1_97' title='bbox 273 685 325 712; x_wconf 87' lang='lat' dir='ltr'><strong>quo</strong></span> <span class='ocrx_word' id='word_1_98' title='bbox 339 682 416 712; x_wconf 83' lang='lat' dir='ltr'><strong>pacto</strong></span> <span class='ocrx_word' id='word_1_99' title='bbox 424 679 476 705; x_wconf 92' lang='lat' dir='ltr'><strong>hoc</strong></span> <span class='ocrx_word' id='word_1_100' title='bbox 485 678 599 710; x_wconf 77' lang='lat' dir='ltr'><strong>dicatur,</strong></span> <span class='ocrx_word' id='word_1_101' title='bbox 612 680 694 705; x_wconf 85' lang='lat' dir='ltr'><strong>vitam</strong></span> <span class='ocrx_word' id='word_1_102' title='bbox 707 679 842 714; x_wconf 83' lang='lat' dir='ltr'><strong>propriam</strong></span> <span class='ocrx_word' id='word_1_103' title='bbox 854 685 881 707; x_wconf 85' lang='lat' dir='ltr'><strong>et</strong></span> <span class='ocrx_word' id='word_1_104' title='bbox 894 680 1055 714; x_wconf 83' lang='lat' dir='ltr'><strong>peculiarem</strong></span> 
     </span>
    </p>
   </div>
   <div class='ocr_carea' id='block_1_16' title="bbox 273 722 1056 760">
    <p class='ocr_par' dir='ltr' id='par_1_16' title="bbox 273 722 1056 760">
     <span class='ocr_line' id='line_1_16' title="bbox 273 722 1056 760; baseline 0.005 -12"><span class='ocrx_word' id='word_1_105' title='bbox 273 722 364 749; x_wconf 78' lang='lat' dir='ltr'><strong>vivere</strong></span> <span class='ocrx_word' id='word_1_106' title='bbox 387 722 538 756; x_wconf 88' lang='lat' dir='ltr'><strong>sejunctam</strong></span> <span class='ocrx_word' id='word_1_107' title='bbox 555 731 570 749; x_wconf 91' lang='lat' dir='ltr'><strong>a</strong></span> <span class='ocrx_word' id='word_1_108' title='bbox 586 722 682 750; x_wconf 84' lang='lat' dir='ltr'><strong>Patre?</strong></span> <span class='ocrx_word' id='word_1_109' title='bbox 698 723 757 756; x_wconf 88' lang='lat' dir='ltr'><strong>Quo</strong></span> <span class='ocrx_word' id='word_1_110' title='bbox 773 724 871 751; x_wconf 89' lang='lat' dir='ltr'><strong>missus</strong></span> <span class='ocrx_word' id='word_1_111' title='bbox 890 725 941 752; x_wconf 83' lang='lat' dir='ltr'><strong>fuit</strong></span> <span class='ocrx_word' id='word_1_112' title='bbox 955 725 998 752; x_wconf 86' lang='lat' dir='ltr'><strong>ille</strong></span> <span class='ocrx_word' id='word_1_113' title='bbox 1011 725 1056 760; x_wconf 87' lang='lat' dir='ltr'><strong>qui</strong></span> 
     </span>
    </p>
   </div>
   <div class='ocr_carea' id='block_1_17' title="bbox 273 768 1057 804">
    <p class='ocr_par' dir='ltr' id='par_1_17' title="bbox 273 768 1057 804">
     <span class='ocr_line' id='line_1_17' title="bbox 273 768 1057 804; baseline 0.008 -11"><span class='ocrx_word' id='word_1_114' title='bbox 273 768 382 802; x_wconf 86' lang='lat' dir='ltr'><strong>quidem</strong></span> <span class='ocrx_word' id='word_1_115' title='bbox 408 768 532 795; x_wconf 88' lang='lat' dir='ltr'><strong>counitus</strong></span> <span class='ocrx_word' id='word_1_116' title='bbox 545 776 662 803; x_wconf 83' lang='lat' dir='ltr'><strong>semper,</strong></span> <span class='ocrx_word' id='word_1_117' title='bbox 676 773 703 796; x_wconf 88' lang='lat' dir='ltr'><strong>et</strong></span> <span class='ocrx_word' id='word_1_118' title='bbox 723 769 860 804; x_wconf 81' lang='lat' dir='ltr'><strong>copulatus</strong></span> <span class='ocrx_word' id='word_1_119' title='bbox 878 769 952 798; x_wconf 88' lang='lat' dir='ltr'><strong>Patri</strong></span> <span class='ocrx_word' id='word_1_120' title='bbox 969 771 1057 798; x_wconf 90' lang='lat' dir='ltr'><strong>consi-</strong></span> 
     </span>
    </p>
   </div>
   <div class='ocr_carea' id='block_1_18' title="bbox 273 813 1055 849">
    <p class='ocr_par' dir='ltr' id='par_1_18' title="bbox 273 813 1055 849">
     <span class='ocr_line' id='line_1_18' title="bbox 273 813 1055 849; baseline 0.004 -9"><span class='ocrx_word' id='word_1_121' title='bbox 273 814 381 841; x_wconf 77' lang='lat' dir='ltr'><strong>stebat?</strong></span> <span class='ocrx_word' id='word_1_122' title='bbox 394 813 452 847; x_wconf 88' lang='lat' dir='ltr'><strong>Quo</strong></span> <span class='ocrx_word' id='word_1_123' title='bbox 466 819 544 848; x_wconf 90' lang='lat' dir='ltr'><strong>pacto</strong></span> <span class='ocrx_word' id='word_1_124' title='bbox 555 821 744 849; x_wconf 63' lang='lat' dir='ltr'><strong>praeceptorem</strong></span> <span class='ocrx_word' id='word_1_125' title='bbox 758 823 834 842; x_wconf 87' lang='lat' dir='ltr'><strong>suum</strong></span> <span class='ocrx_word' id='word_1_126' title='bbox 846 815 959 842; x_wconf 76' lang='lat' dir='ltr'><strong>afﬁrmat</strong></span> <span class='ocrx_word' id='word_1_127' title='bbox 973 816 1055 843; x_wconf 85' lang='lat' dir='ltr'><strong>Deum</strong></span> 
     </span>
    </p>
   </div>
   <div class='ocr_carea' id='block_1_19' title="bbox 274 858 1055 896">
    <p class='ocr_par' dir='ltr' id='par_1_19' title="bbox 274 858 1055 896">
     <span class='ocr_line' id='line_1_19' title="bbox 274 858 1055 896; baseline 0.005 -10"><span class='ocrx_word' id='word_1_128' title='bbox 274 858 402 886; x_wconf 83' lang='lat' dir='ltr'><strong>Patrem?</strong></span> <span class='ocrx_word' id='word_1_129' title='bbox 418 867 470 893; x_wconf 87' lang='lat' dir='ltr'><strong>quo</strong></span> <span class='ocrx_word' id='word_1_130' title='bbox 486 866 567 894; x_wconf 86' lang='lat' dir='ltr'><strong>pacto</strong></span> <span class='ocrx_word' id='word_1_131' title='bbox 589 867 618 887; x_wconf 82' lang='lat' dir='ltr'><strong>se</strong></span> <span class='ocrx_word' id='word_1_132' title='bbox 634 867 740 894; x_wconf 87' lang='lat' dir='ltr'><strong>semper</strong></span> <span class='ocrx_word' id='word_1_133' title='bbox 760 865 788 888; x_wconf 89' lang='lat' dir='ltr'><strong>et</strong></span> <span class='ocrx_word' id='word_1_134' title='bbox 812 864 842 893; x_wconf 77' lang='grc' dir='ltr'><strong>›Ῑ‹</strong></span> <span class='ocrx_word' id='word_1_135' title='bbox 861 862 959 896; x_wconf 86' lang='lat' dir='ltr'><strong>ubique</strong></span> <span class='ocrx_word' id='word_1_136' title='bbox 983 862 1055 890; x_wconf 80' lang='lat' dir='ltr'><strong>Patri</strong></span> 
     </span>
    </p>
   </div>
   <div class='ocr_carea' id='block_1_20' title="bbox 1105 267 1894 304">
    <p class='ocr_par' dir='ltr' id='par_1_20' title="bbox 1105 267 1894 304">
     <span class='ocr_line' id='line_1_20' title="bbox 1105 267 1894 304; baseline -0.005 -8"><span class='ocrx_word' id='word_1_137' title='bbox 1105 269 1166 301; x_wconf 86' lang='grc' dir='ltr'><strong>Πῶς</strong></span> <span class='ocrx_word' id='word_1_138' title='bbox 1178 269 1206 296; x_wconf 81' lang='grc' dir='ltr'><strong>δὲ</strong></span> <span class='ocrx_word' id='word_1_139' title='bbox 1217 269 1250 296; x_wconf 82' lang='grc' dir='ltr'><strong>τὰ</strong></span> <span class='ocrx_word' id='word_1_140' title='bbox 1261 269 1363 304; x_wconf 79' lang='grc' dir='ltr'>ἀρεστὰ</span> <span class='ocrx_word' id='word_1_141' title='bbox 1383 268 1422 303; x_wconf 80' lang='grc' dir='ltr'>τῷ</span> <span class='ocrx_word' id='word_1_142' title='bbox 1444 268 1531 303; x_wconf 79' lang='grc' dir='ltr'>Πατρὶ</span> <span class='ocrx_word' id='word_1_143' title='bbox 1543 267 1659 294; x_wconf 82' lang='grc' dir='ltr'>πάντοτε</span> <span class='ocrx_word' id='word_1_144' title='bbox 1679 267 1809 302; x_wconf 65' lang='grc' dir='ltr'><strong>⁵πράττειν</strong></span> <span class='ocrx_word' id='word_1_145' title='bbox 1830 267 1894 292; x_wconf 76' lang='grc' dir='ltr'>ἐαυ-</span> 
     </span>
    </p>
   </div>
   <div class='ocr_carea' id='block_1_21' title="bbox 1103 312 1894 350">
    <p class='ocr_par' dir='ltr' id='par_1_21' title="bbox 1103 312 1894 350">
     <span class='ocr_line' id='line_1_21' title="bbox 1103 312 1894 350; baseline -0.005 -8"><span class='ocrx_word' id='word_1_146' title='bbox 1103 316 1148 342; x_wconf 78' lang='grc' dir='ltr'><strong>τὸν</strong></span> <span class='ocrx_word' id='word_1_147' title='bbox 1160 316 1269 349; x_wconf 78' lang='grc' dir='ltr'>ἐλεγεν;</span> <span class='ocrx_word' id='word_1_148' title='bbox 1293 312 1373 341; x_wconf 76' lang='grc' dir='ltr'>αὗται</span> <span class='ocrx_word' id='word_1_149' title='bbox 1394 314 1448 350; x_wconf 79' lang='grc' dir='ltr'><strong>γὰρ</strong></span> <span class='ocrx_word' id='word_1_150' title='bbox 1476 313 1624 349; x_wconf 71' lang='grc' dir='ltr'>διαρρήδην</span> <span class='ocrx_word' id='word_1_151' title='bbox 1645 313 1710 339; x_wconf 84' lang='grc' dir='ltr'><strong>Υῑοῦ</strong></span> <span class='ocrx_word' id='word_1_152' title='bbox 1737 313 1894 348; x_wconf 73' lang='grc' dir='ltr'><strong>ὑφεστῶτος</strong></span> 
     </span>
    </p>
   </div>
   <div class='ocr_carea' id='block_1_22' title="bbox 1104 358 1894 401">
    <p class='ocr_par' dir='ltr' id='par_1_22' title="bbox 1104 358 1894 401">
     <span class='ocr_line' id='line_1_22' title="bbox 1104 358 1894 401; baseline -0.004 -13"><span class='ocrx_word' id='word_1_153' title='bbox 1104 362 1150 388; x_wconf 69' lang='grc' dir='ltr'>καὶ</span> <span class='ocrx_word' id='word_1_154' title='bbox 1162 361 1261 394; x_wconf 81' lang='grc' dir='ltr'>ζῶντος</span> <span class='ocrx_word' id='word_1_155' title='bbox 1275 361 1331 396; x_wconf 73' lang='grc'><strong>(14)</strong></span> <span class='ocrx_word' id='word_1_156' title='bbox 1342 358 1396 387; x_wconf 73' lang='grc' dir='ltr'><strong>εἷεν</strong></span> <span class='ocrx_word' id='word_1_157' title='bbox 1409 360 1442 387; x_wconf 84' lang='grc' dir='ltr'>ἂν</span> <span class='ocrx_word' id='word_1_158' title='bbox 1454 359 1552 394; x_wconf 72' lang='grc' dir='ltr'>φωναὶ,</span> <span class='ocrx_word' id='word_1_159' title='bbox 1562 360 1609 386; x_wconf 76' lang='grc' dir='ltr'><strong>καὶ</strong></span> <span class='ocrx_word' id='word_1_160' title='bbox 1619 360 1653 386; x_wconf 87' lang='grc' dir='ltr'>δι’</span> <span class='ocrx_word' id='word_1_161' title='bbox 1665 359 1727 386; x_wconf 78' lang='grc' dir='ltr'>ὅλου</span> <span class='ocrx_word' id='word_1_162' title='bbox 1738 358 1766 386; x_wconf 81' lang='grc' dir='ltr'><strong>δὲ</strong></span> <span class='ocrx_word' id='word_1_163' title='bbox 1776 359 1832 401; x_wconf 75' lang='grc'><strong>(15)</strong></span> <span class='ocrx_word' id='word_1_164' title='bbox 1845 359 1894 385; x_wconf 82' lang='grc' dir='ltr'><strong>τοῦ</strong></span> 
     </span>
    </p>
   </div>
   <div class='ocr_carea' id='block_1_23' title="bbox 1105 405 1898 442">
    <p class='ocr_par' dir='ltr' id='par_1_23' title="bbox 1105 405 1898 442">
     <span class='ocr_line' id='line_1_23' title="bbox 1105 405 1898 442; baseline -0.003 -8"><span class='ocrx_word' id='word_1_165' title='bbox 1105 408 1267 442; x_wconf 73' lang='grc' dir='ltr'>Εὑαγγελίου</span> <span class='ocrx_word' id='word_1_166' title='bbox 1286 407 1300 433; x_wconf 84' lang='grc' dir='ltr'>ὁ</span> <span class='ocrx_word' id='word_1_167' title='bbox 1320 407 1462 442; x_wconf 79' lang='grc' dir='ltr'>εὐχόμενος</span> <span class='ocrx_word' id='word_1_168' title='bbox 1482 406 1522 441; x_wconf 72' lang='grc' dir='ltr'>τῷ</span> <span class='ocrx_word' id='word_1_169' title='bbox 1541 406 1636 441; x_wconf 76' lang='grc' dir='ltr'>Πατρὶ,</span> <span class='ocrx_word' id='word_1_170' title='bbox 1655 405 1772 439; x_wconf 82' lang='grc' dir='ltr'><strong>δοξάζων</strong></span> <span class='ocrx_word' id='word_1_171' title='bbox 1782 406 1828 432; x_wconf 84' lang='grc' dir='ltr'>τδν</span> <span class='ocrx_word' id='word_1_172' title='bbox 1838 405 1898 432; x_wconf 83' lang='grc' dir='ltr'><strong>Πα-</strong></span> 
     </span>
    </p>
   </div>
   <div class='ocr_carea' id='block_1_24' title="bbox 1104 450 1896 487">
    <p class='ocr_par' dir='ltr' id='par_1_24' title="bbox 1104 450 1896 487">
     <span class='ocr_line' id='line_1_24' title="bbox 1104 450 1896 487; baseline -0.003 -9"><span class='ocrx_word' id='word_1_173' title='bbox 1104 453 1170 487; x_wconf 86' lang='grc' dir='ltr'>τέρα</span> <span class='ocrx_word' id='word_1_174' title='bbox 1181 454 1195 478; x_wconf 86' lang='grc' dir='ltr'><strong>ό</strong></span> <span class='ocrx_word' id='word_1_175' title='bbox 1209 452 1282 487; x_wconf 75' lang='grc' dir='ltr'>παρὰ</span> <span class='ocrx_word' id='word_1_176' title='bbox 1301 451 1348 478; x_wconf 82' lang='grc' dir='ltr'><strong>τοῦ</strong></span> <span class='ocrx_word' id='word_1_177' title='bbox 1365 451 1470 486; x_wconf 59' lang='grc' dir='ltr'>Πατρός</span> <span class='ocrx_word' id='word_1_178' title='bbox 1481 450 1643 485; x_wconf 78' lang='grc' dir='ltr'>δοξασθῆναι</span> <span class='ocrx_word' id='word_1_179' title='bbox 1655 450 1748 482; x_wconf 78' lang='grc' dir='ltr'>ἀξιῶν,</span> <span class='ocrx_word' id='word_1_180' title='bbox 1759 450 1896 485; x_wconf 72' lang='grc' dir='ltr'>τι,ἒτερον</span> 
     </span>
    </p>
   </div>
   <div class='ocr_carea' id='block_1_25' title="bbox 1105 495 1894 532">
    <p class='ocr_par' dir='ltr' id='par_1_25' title="bbox 1105 495 1894 532">
     <span class='ocr_line' id='line_1_25' title="bbox 1105 495 1894 532; baseline -0.001 -9"><span class='ocrx_word' id='word_1_181' title='bbox 1105 497 1122 532; x_wconf 82' lang='grc' dir='ltr'>ἦ</span> <span class='ocrx_word' id='word_1_182' title='bbox 1136 497 1278 532; x_wconf 77' lang='grc' dir='ltr'>ὑφεστῶτα</span> <span class='ocrx_word' id='word_1_183' title='bbox 1293 497 1388 523; x_wconf 76' lang='grc' dir='ltr'>ἑαυτὸν</span> <span class='ocrx_word' id='word_1_184' title='bbox 1398 496 1527 527; x_wconf 81' lang='grc' dir='ltr'>δείκνυσι,</span> <span class='ocrx_word' id='word_1_185' title='bbox 1552 496 1599 522; x_wconf 71' lang='grc' dir='ltr'><strong>καὶ</strong></span> <span class='ocrx_word' id='word_1_186' title='bbox 1620 496 1737 530; x_wconf 77' lang='grc' dir='ltr'>μάλιστα</span> <span class='ocrx_word' id='word_1_187' title='bbox 1754 496 1799 523; x_wconf 74' lang='grc' dir='ltr'><strong>ὅτε</strong></span> <span class='ocrx_word' id='word_1_188' title='bbox 1815 495 1894 530; x_wconf 76' lang='grc' dir='ltr'><strong>φησὶ,</strong></span> 
     </span>
    </p>
   </div>
   <div class='ocr_carea' id='block_1_26' title="bbox 1106 540 1897 576">
    <p class='ocr_par' dir='ltr' id='par_1_26' title="bbox 1106 540 1897 576">
     <span class='ocr_line' id='line_1_26' title="bbox 1106 540 1897 576; baseline -0.003 -7"><span class='ocrx_word' id='word_1_189' title='bbox 1106 543 1164 570; x_wconf 86' lang='grc' dir='ltr'>Δύο</span> <span class='ocrx_word' id='word_1_190' title='bbox 1186 542 1348 576; x_wconf 73' lang='grc' dir='ltr'>ἀνθρώπων</span> <span class='ocrx_word' id='word_1_191' title='bbox 1366 543 1384 576; x_wconf 80' lang='grc' dir='ltr'><strong><em>ή</em></strong></span> <span class='ocrx_word' id='word_1_192' title='bbox 1402 542 1548 576; x_wconf 77' lang='grc' dir='ltr'>μαρτυρία</span> <span class='ocrx_word' id='word_1_193' title='bbox 1570 541 1687 574; x_wconf 71' lang='grc' dir='ltr'><strong>ἀληθής</strong></span> <span class='ocrx_word' id='word_1_194' title='bbox 1705 541 1801 568; x_wconf 81' lang='grc' dir='ltr'>ἐστιν.</span> <span class='ocrx_word' id='word_1_195' title='bbox 1821 540 1897 575; x_wconf 71' lang='grc' dir='ltr'><strong>Ἐγώ</strong></span> 
     </span>
    </p>
   </div>
   <div class='ocr_carea' id='block_1_27' title="bbox 1105 587 1896 624">
    <p class='ocr_par' dir='ltr' id='par_1_27' title="bbox 1105 587 1896 624">
     <span class='ocr_line' id='line_1_27' title="bbox 1105 587 1896 624; baseline -0.004 -8"><span class='ocrx_word' id='word_1_196' title='bbox 1105 591 1162 624; x_wconf 79' lang='grc' dir='ltr'>εἰμι</span> <span class='ocrx_word' id='word_1_197' title='bbox 1178 591 1194 616; x_wconf 86' lang='lat' dir='ltr'><strong>d</strong></span> <span class='ocrx_word' id='word_1_198' title='bbox 1214 587 1371 623; x_wconf 80' lang='grc' dir='ltr'>μαρτυρῶν</span> <span class='ocrx_word' id='word_1_199' title='bbox 1386 588 1453 621; x_wconf 74' lang='grc' dir='ltr'><strong>περὶ</strong></span> <span class='ocrx_word' id='word_1_200' title='bbox 1470 587 1614 622; x_wconf 80' lang='grc' dir='ltr'>ἐμαυτοῦ·</span> <span class='ocrx_word' id='word_1_201' title='bbox 1631 587 1690 614; x_wconf 70' lang='grc' dir='ltr'>καίσ</span> <span class='ocrx_word' id='word_1_202' title='bbox 1718 587 1749 614; x_wconf 86' lang='lat'><strong><em>&#39;0</em></strong></span> <span class='ocrx_word' id='word_1_203' title='bbox 1773 587 1896 622; x_wconf 74' lang='grc' dir='ltr'>πέμψας</span> 
     </span>
    </p>
   </div>
   <div class='ocr_carea' id='block_1_28' title="bbox 1104 632 1902 670">
    <p class='ocr_par' dir='ltr' id='par_1_28' title="bbox 1104 632 1902 670">
     <span class='ocr_line' id='line_1_28' title="bbox 1104 632 1902 670; baseline -0.005 -7"><span class='ocrx_word' id='word_1_204' title='bbox 1104 644 1142 670; x_wconf 83' lang='grc' dir='ltr'>με</span> <span class='ocrx_word' id='word_1_205' title='bbox 1157 635 1257 669; x_wconf 80' lang='grc' dir='ltr'>Πατὴρ</span> <span class='ocrx_word' id='word_1_206' title='bbox 1270 634 1415 670; x_wconf 72' lang='grc' dir='ltr'>μαρτιιρεῐ</span> <span class='ocrx_word' id='word_1_207' title='bbox 1426 635 1491 668; x_wconf 75' lang='grc' dir='ltr'><strong>περὶ</strong></span> <span class='ocrx_word' id='word_1_208' title='bbox 1506 634 1588 668; x_wconf 87' lang='grc' dir='ltr'>ἐμοῦ.</span> <span class='ocrx_word' id='word_1_209' title='bbox 1603 633 1653 660; x_wconf 83' lang='grc' dir='ltr'><strong>Διὰ</strong></span> <span class='ocrx_word' id='word_1_210' title='bbox 1668 632 1802 660; x_wconf 85' lang='grc' dir='ltr'><strong>τοσούτων</strong></span> <span class='ocrx_word' id='word_1_211' title='bbox 1812 633 1902 664; x_wconf 62' lang='grc' dir='ltr'>αὐτὸς</span> 
     </span>
    </p>
   </div>
   <div class='ocr_carea' id='block_1_29' title="bbox 1106 678 1896 716">
    <p class='ocr_par' dir='ltr' id='par_1_29' title="bbox 1106 678 1896 716">
     <span class='ocr_line' id='line_1_29' title="bbox 1106 678 1896 716; baseline -0.003 -9"><span class='ocrx_word' id='word_1_212' title='bbox 1106 682 1120 707; x_wconf 86' lang='grc' dir='ltr'>ὁ</span> <span class='ocrx_word' id='word_1_213' title='bbox 1145 681 1239 716; x_wconf 84' lang='grc' dir='ltr'>Σωτὴρ</span> <span class='ocrx_word' id='word_1_214' title='bbox 1261 680 1350 712; x_wconf 81' lang='grc' dir='ltr'>ζῶντα</span> <span class='ocrx_word' id='word_1_215' title='bbox 1379 681 1474 707; x_wconf 75' lang='grc' dir='ltr'>ἑαυτὸν</span> <span class='ocrx_word' id='word_1_216' title='bbox 1495 680 1684 716; x_wconf 78' lang='grc' dir='ltr'><strong>παραστήσας,</strong></span> <span class='ocrx_word' id='word_1_217' title='bbox 1702 678 1822 715; x_wconf 82' lang='grc' dir='ltr'><strong>οὐδαμοῦ</strong></span> <span class='ocrx_word' id='word_1_218' title='bbox 1845 679 1896 714; x_wconf 74' lang='grc' dir='ltr'>μὲν</span> 
     </span>
    </p>
   </div>
   <div class='ocr_carea' id='block_1_30' title="bbox 1107 722 1897 761">
    <p class='ocr_par' dir='ltr' id='par_1_30' title="bbox 1107 722 1897 761">
     <span class='ocr_line' id='line_1_30' title="bbox 1107 722 1897 761; baseline -0.006 -8"><span class='ocrx_word' id='word_1_219' title='bbox 1107 727 1204 761; x_wconf 79' lang='grc' dir='ltr'>Λόγον</span> <span class='ocrx_word' id='word_1_220' title='bbox 1215 725 1308 752; x_wconf 73' lang='grc' dir='ltr'>ἑαυτὸν</span> <span class='ocrx_word' id='word_1_221' title='bbox 1321 725 1472 760; x_wconf 76' lang='grc' dir='ltr'><strong>ὠνόμασεν,</strong></span> <span class='ocrx_word' id='word_1_222' title='bbox 1485 723 1550 750; x_wconf 83' lang='grc' dir='ltr'>Υἱὺν</span> <span class='ocrx_word' id='word_1_223' title='bbox 1561 723 1600 756; x_wconf 83' lang='grc' dir='ltr'><strong>δὲ,</strong></span> <span class='ocrx_word' id='word_1_224' title='bbox 1612 724 1659 750; x_wconf 78' lang='grc' dir='ltr'>καὶ</span> <span class='ocrx_word' id='word_1_225' title='bbox 1671 722 1738 758; x_wconf 83' lang='grc' dir='ltr'><strong>φῶς,</strong></span> <span class='ocrx_word' id='word_1_226' title='bbox 1750 722 1798 750; x_wconf 77' lang='grc' dir='ltr'>καὶ</span> <span class='ocrx_word' id='word_1_227' title='bbox 1809 723 1897 749; x_wconf 81' lang='grc' dir='ltr'>Μονο-</span> 
     </span>
    </p>
   </div>
   <div class='ocr_carea' id='block_1_31' title="bbox 1107 768 1895 807">
    <p class='ocr_par' dir='ltr' id='par_1_31' title="bbox 1107 768 1895 807">
     <span class='ocr_line' id='line_1_31' title="bbox 1107 768 1895 807; baseline -0.005 -9"><span class='ocrx_word' id='word_1_228' title='bbox 1107 774 1183 807; x_wconf 81' lang='grc' dir='ltr'><strong>γενῆ,</strong></span> <span class='ocrx_word' id='word_1_229' title='bbox 1197 771 1244 798; x_wconf 79' lang='grc' dir='ltr'>καὶ</span> <span class='ocrx_word' id='word_1_230' title='bbox 1256 772 1336 807; x_wconf 75' lang='grc' dir='ltr'>ἄρτον</span> <span class='ocrx_word' id='word_1_231' title='bbox 1349 771 1420 806; x_wconf 76' lang='grc' dir='ltr'>ζωῆς</span> <span class='ocrx_word' id='word_1_232' title='bbox 1435 770 1497 806; x_wconf 80' lang='grc'><strong>(16)-</strong></span> <span class='ocrx_word' id='word_1_233' title='bbox 1525 770 1591 806; x_wconf 85' lang='lat' dir='ltr'><strong>[Kal</strong></span> <span class='ocrx_word' id='word_1_234' title='bbox 1602 770 1693 796; x_wconf 85' lang='grc' dir='ltr'>πάντα</span> <span class='ocrx_word' id='word_1_235' title='bbox 1704 769 1793 803; x_wconf 85' lang='grc' dir='ltr'>λόγον,</span> <span class='ocrx_word' id='word_1_236' title='bbox 1807 768 1824 804; x_wconf 80' lang='grc' dir='ltr'>ἢ</span> <span class='ocrx_word' id='word_1_237' title='bbox 1841 768 1895 794; x_wconf 84' lang='grc' dir='ltr'><strong>Λό-</strong></span> 
     </span>
    </p>
   </div>
   <div class='ocr_carea' id='block_1_32' title="bbox 1108 813 1898 852">
    <p class='ocr_par' dir='ltr' id='par_1_32' title="bbox 1108 813 1898 852">
     <span class='ocr_line' id='line_1_32' title="bbox 1108 813 1898 852; baseline -0.006 -8"><span class='ocrx_word' id='word_1_238' title='bbox 1108 817 1178 852; x_wconf 51' lang='grc' dir='ltr'>γονλ</span> <span class='ocrx_word' id='word_1_239' title='bbox 1199 818 1254 844; x_wconf 83' lang='lat' dir='ltr'><strong>Kal</strong></span> <span class='ocrx_word' id='word_1_240' title='bbox 1275 816 1353 851; x_wconf 80' lang='grc' dir='ltr'>λόγον</span> <span class='ocrx_word' id='word_1_241' title='bbox 1377 816 1426 851; x_wconf 86' lang='grc' dir='ltr'>μὲν</span> <span class='ocrx_word' id='word_1_242' title='bbox 1443 816 1515 851; x_wconf 81' lang='grc' dir='ltr'>ἔχειν</span> <span class='ocrx_word' id='word_1_243' title='bbox 1539 816 1657 843; x_wconf 74' lang='grc' dir='ltr'><strong>διδάσκει</strong></span> <span class='ocrx_word' id='word_1_244' title='bbox 1681 815 1804 849; x_wconf 82' lang='grc' dir='ltr'>φάσκων,</span> <span class='ocrx_word' id='word_1_245' title='bbox 1825 813 1898 840; x_wconf 68' lang='grc' dir='ltr'><strong>Ἐάν</strong></span> 
     </span>
    </p>
   </div>
   <div class='ocr_carea' id='block_1_33' title="bbox 1108 857 1897 897">
    <p class='ocr_par' dir='ltr' id='par_1_33' title="bbox 1108 857 1897 897">
     <span class='ocr_line' id='line_1_33' title="bbox 1108 857 1897 897; baseline -0.005 -8"><span class='ocrx_word' id='word_1_246' title='bbox 1108 871 1152 895; x_wconf 78' lang='grc' dir='ltr'><strong>τίς</strong></span> <span class='ocrx_word' id='word_1_247' title='bbox 1166 862 1265 897; x_wconf 76' lang='grc' dir='ltr'>ἀγαπᾷ</span> <span class='ocrx_word' id='word_1_248' title='bbox 1278 871 1326 897; x_wconf 80' lang='grc' dir='ltr'><strong>με,</strong></span> <span class='ocrx_word' id='word_1_249' title='bbox 1347 862 1399 888; x_wconf 82' lang='grc' dir='ltr'><strong>τὸν</strong></span> <span class='ocrx_word' id='word_1_250' title='bbox 1413 863 1510 896; x_wconf 79' lang='grc' dir='ltr'>Λόγον</span> <span class='ocrx_word' id='word_1_251' title='bbox 1523 870 1582 896; x_wconf 85' lang='grc' dir='ltr'><strong>μου</strong></span> <span class='ocrx_word' id='word_1_252' title='bbox 1599 861 1737 895; x_wconf 62' lang='grc' dir='ltr'><strong>τηρήσει⁵</strong></span> <span class='ocrx_word' id='word_1_253' title='bbox 1755 859 1851 886; x_wconf 78' lang='grc' dir='ltr'>ἑαυτὸν</span> <span class='ocrx_word' id='word_1_254' title='bbox 1865 857 1897 885; x_wconf 63' lang='grc' dir='ltr'><strong>δὲ</strong></span> 
     </span>
    </p>
   </div>
   <div class='ocr_carea' id='block_1_34' title="bbox 274 899 1055 942">
    <p class='ocr_par' dir='ltr' id='par_1_34' title="bbox 274 905 1055 939">
     <span class='ocr_line' id='line_1_34' title="bbox 274 905 1055 939; baseline 0.005 -8"><span class='ocrx_word' id='word_1_255' title='bbox 274 912 323 932; x_wconf 91' lang='lat' dir='ltr'><strong>suo</strong></span> <span class='ocrx_word' id='word_1_256' title='bbox 338 905 529 939; x_wconf 80' lang='lat' dir='ltr'><strong>complacentia</strong></span> <span class='ocrx_word' id='word_1_257' title='bbox 548 905 645 933; x_wconf 80' lang='lat' dir='ltr'><strong>fecisse</strong></span> <span class='ocrx_word' id='word_1_258' title='bbox 661 906 749 933; x_wconf 73' lang='lat' dir='ltr'><strong>(licet?</strong></span> <span class='ocrx_word' id='word_1_259' title='bbox 768 906 836 933; x_wconf 91' lang='lat' dir='ltr'><strong>Sunt</strong></span> <span class='ocrx_word' id='word_1_260' title='bbox 857 907 927 934; x_wconf 88' lang='lat' dir='ltr'><strong>enim</strong></span> <span class='ocrx_word' id='word_1_261' title='bbox 953 908 992 934; x_wconf 73' lang='lat' dir='ltr'><strong>ha:</strong></span> <span class='ocrx_word' id='word_1_262' title='bbox 1006 916 1055 935; x_wconf 81' lang='lat' dir='ltr'><strong>vo-</strong></span> 
     </span>
    </p>
   </div>
   <div class='ocr_carea' id='block_1_35' title="bbox 1108 899 1895 942">
    <p class='ocr_par' dir='ltr' id='par_1_35' title="bbox 1108 904 1895 942">
     <span class='ocr_line' id='line_1_35' title="bbox 1108 904 1895 942; baseline -0.005 -7"><span class='ocrx_word' id='word_1_263' title='bbox 1108 909 1192 942; x_wconf 78' lang='grc' dir='ltr'>Λόγον</span> <span class='ocrx_word' id='word_1_264' title='bbox 1208 907 1276 934; x_wconf 84' lang='grc' dir='ltr'>εἶναι</span> <span class='ocrx_word' id='word_1_265' title='bbox 1295 908 1325 934; x_wconf 71' lang='grc' dir='ltr'><strong>οῦ</strong></span> <span class='ocrx_word' id='word_1_266' title='bbox 1342 916 1433 942; x_wconf 82' lang='grc' dir='ltr'>φησιν.</span> <span class='ocrx_word' id='word_1_267' title='bbox 1452 907 1513 939; x_wconf 85' lang='grc' dir='ltr'><strong>Πῶς</strong></span> <span class='ocrx_word' id='word_1_268' title='bbox 1533 905 1579 934; x_wconf 77' lang='grc' dir='ltr'>οὖν</span> <span class='ocrx_word' id='word_1_269' title='bbox 1597 907 1665 942; x_wconf 81' lang='grc' dir='ltr'>μετὰ</span> <span class='ocrx_word' id='word_1_270' title='bbox 1686 907 1773 933; x_wconf 83' lang='grc' dir='ltr'>ταῦτα</span> <span class='ocrx_word' id='word_1_271' title='bbox 1795 904 1895 934; x_wconf 77' lang='grc' dir='ltr'>πάντα,</span> 
     </span>
    </p>
   </div>
   <div class='ocr_carea' id='block_1_36' title="bbox 274 952 1057 981">
    <p class='ocr_par' dir='ltr' id='par_1_36' title="bbox 274 952 1057 981">
     <span class='ocr_line' id='line_1_36' title="bbox 274 952 1057 981; baseline 0.001 -2"><span class='ocrx_word' id='word_1_272' title='bbox 274 960 321 979; x_wconf 80' lang='lat' dir='ltr'><strong>ces</strong></span> <span class='ocrx_word' id='word_1_273' title='bbox 339 952 406 979; x_wconf 86' lang='lat' dir='ltr'><strong>satis</strong></span> <span class='ocrx_word' id='word_1_274' title='bbox 423 952 503 979; x_wconf 63' lang='lat' dir='ltr'><strong>clarae</strong></span> <span class='ocrx_word' id='word_1_275' title='bbox 518 957 545 979; x_wconf 90' lang='lat' dir='ltr'><strong>et</strong></span> <span class='ocrx_word' id='word_1_276' title='bbox 563 952 712 978; x_wconf 68' lang='lat' dir='ltr'><strong>manifesta:</strong></span> <span class='ocrx_word' id='word_1_277' title='bbox 727 952 772 979; x_wconf 86' lang='lat' dir='ltr'><strong>filii</strong></span> <span class='ocrx_word' id='word_1_278' title='bbox 796 953 866 980; x_wconf 90' lang='lat' dir='ltr'><strong>illius</strong></span> <span class='ocrx_word' id='word_1_279' title='bbox 882 953 933 980; x_wconf 86' lang='lat' dir='ltr'><strong>vivi</strong></span> <span class='ocrx_word' id='word_1_280' title='bbox 950 958 977 981; x_wconf 86' lang='lat' dir='ltr'><strong>et</strong></span> <span class='ocrx_word' id='word_1_281' title='bbox 991 954 1057 981; x_wconf 83' lang='lat' dir='ltr'><strong>sub-</strong></span> 
     </span>
    </p>
   </div>
   <div class='ocr_carea' id='block_1_37' title="bbox 275 997 1056 1034">
    <p class='ocr_par' dir='ltr' id='par_1_37' title="bbox 275 997 1056 1034">
     <span class='ocr_line' id='line_1_37' title="bbox 275 997 1056 1034; baseline 0.003 -10"><span class='ocrx_word' id='word_1_282' title='bbox 275 998 406 1029; x_wconf 85' lang='lat' dir='ltr'><strong>sistentis,</strong></span> <span class='ocrx_word' id='word_1_283' title='bbox 423 997 468 1032; x_wconf 85' lang='lat' dir='ltr'><strong>qui</strong></span> <span class='ocrx_word' id='word_1_284' title='bbox 485 997 583 1032; x_wconf 88' lang='lat' dir='ltr'><strong>ubique</strong></span> <span class='ocrx_word' id='word_1_285' title='bbox 606 1003 680 1024; x_wconf 87' lang='lat' dir='ltr'><strong>certe</strong></span> <span class='ocrx_word' id='word_1_286' title='bbox 698 1006 746 1032; x_wconf 86' lang='lat' dir='ltr'><strong>per</strong></span> <span class='ocrx_word' id='word_1_287' title='bbox 774 998 947 1033; x_wconf 81' lang='lat' dir='ltr'><strong>Evangelium</strong></span> <span class='ocrx_word' id='word_1_288' title='bbox 959 1000 1056 1034; x_wconf 87' lang='lat' dir='ltr'><strong>depre-</strong></span> 
     </span>
    </p>
   </div>
   <div class='ocr_carea' id='block_1_38' title="bbox 274 1043 1055 1080">
    <p class='ocr_par' dir='ltr' id='par_1_38' title="bbox 274 1043 1055 1080">
     <span class='ocr_line' id='line_1_38' title="bbox 274 1043 1055 1080; baseline 0.004 -10"><span class='ocrx_word' id='word_1_289' title='bbox 274 1049 352 1070; x_wconf 72' lang='lat' dir='ltr'><strong>catur</strong></span> <span class='ocrx_word' id='word_1_290' title='bbox 374 1043 493 1077; x_wconf 87' lang='lat' dir='ltr'><strong>Patrem,</strong></span> <span class='ocrx_word' id='word_1_291' title='bbox 522 1049 552 1070; x_wconf 87' lang='lat' dir='ltr'><strong>et</strong></span> <span class='ocrx_word' id='word_1_292' title='bbox 569 1051 583 1070; x_wconf 91' lang='lat' dir='ltr'><strong>a</strong></span> <span class='ocrx_word' id='word_1_293' title='bbox 599 1044 690 1075; x_wconf 81' lang='lat' dir='ltr'><strong>Patre.</strong></span> <span class='ocrx_word' id='word_1_294' title='bbox 716 1048 746 1070; x_wconf 92' lang='lat' dir='ltr'><strong>ut</strong></span> <span class='ocrx_word' id='word_1_295' title='bbox 771 1052 800 1071; x_wconf 90' lang='lat' dir='ltr'><strong>se</strong></span> <span class='ocrx_word' id='word_1_296' title='bbox 815 1044 957 1079; x_wconf 84' lang='lat' dir='ltr'><strong>gloriﬁcet,</strong></span> <span class='ocrx_word' id='word_1_297' title='bbox 979 1046 1055 1080; x_wconf 84' lang='lat' dir='ltr'><strong>petit.</strong></span> 
     </span>
    </p>
   </div>
   <div class='ocr_carea' id='block_1_39' title="bbox 274 1089 1055 1126">
    <p class='ocr_par' dir='ltr' id='par_1_39' title="bbox 274 1089 1055 1126">
     <span class='ocr_line' id='line_1_39' title="bbox 274 1089 1055 1126; baseline 0.004 -10"><span class='ocrx_word' id='word_1_298' title='bbox 274 1090 339 1122; x_wconf 60' lang='lat' dir='ltr'><strong>Quae</strong></span> <span class='ocrx_word' id='word_1_299' title='bbox 364 1090 473 1125; x_wconf 86' lang='lat' dir='ltr'><strong>quidem</strong></span> <span class='ocrx_word' id='word_1_300' title='bbox 508 1089 609 1123; x_wconf 86' lang='lat' dir='ltr'><strong>omnia,</strong></span> <span class='ocrx_word' id='word_1_301' title='bbox 637 1090 703 1124; x_wconf 89' lang='lat' dir='ltr'><strong>quid</strong></span> <span class='ocrx_word' id='word_1_302' title='bbox 738 1089 808 1117; x_wconf 86' lang='lat' dir='ltr'><strong>aliud</strong></span> <span class='ocrx_word' id='word_1_303' title='bbox 837 1090 945 1123; x_wconf 83' lang='lat' dir='ltr'><strong>docent,</strong></span> <span class='ocrx_word' id='word_1_304' title='bbox 972 1099 1055 1126; x_wconf 88' lang='lat' dir='ltr'><strong>quam</strong></span> 
     </span>
    </p>
   </div>
   <div class='ocr_carea' id='block_1_40' title="bbox 275 1136 1057 1171">
    <p class='ocr_par' dir='ltr' id='par_1_40' title="bbox 275 1136 1057 1171">
     <span class='ocr_line' id='line_1_40' title="bbox 275 1136 1057 1171; baseline 0.003 -9"><span class='ocrx_word' id='word_1_305' title='bbox 275 1137 361 1170; x_wconf 88' lang='lat' dir='ltr'><strong>ipsum</strong></span> <span class='ocrx_word' id='word_1_306' title='bbox 386 1143 479 1163; x_wconf 83' lang='lat' dir='ltr'><strong>revera</strong></span> <span class='ocrx_word' id='word_1_307' title='bbox 495 1136 672 1163; x_wconf 60' lang='lat' dir='ltr'><strong>substitisse?</strong></span> <span class='ocrx_word' id='word_1_308' title='bbox 691 1136 824 1171; x_wconf 91' lang='lat' dir='ltr'><strong>imprimis</strong></span> <span class='ocrx_word' id='word_1_309' title='bbox 839 1136 883 1162; x_wconf 88' lang='lat' dir='ltr'><strong>ubi</strong></span> <span class='ocrx_word' id='word_1_310' title='bbox 907 1137 944 1163; x_wconf 83' lang='lat' dir='ltr'><strong>ait</strong></span> <span class='ocrx_word' id='word_1_311' title='bbox 961 1145 968 1164; x_wconf 88' lang='lat'>:</span> <span class='ocrx_word' id='word_1_312' title='bbox 982 1137 1057 1164; x_wconf 85' lang='lat' dir='ltr'><strong>Duo-</strong></span> 
     </span>
    </p>
   </div>
   <div class='ocr_carea' id='block_1_41' title="bbox 275 1181 1057 1218">
    <p class='ocr_par' dir='ltr' id='par_1_41' title="bbox 275 1181 1057 1218">
     <span class='ocr_line' id='line_1_41' title="bbox 275 1181 1057 1218; baseline 0.001 -10"><span class='ocrx_word' id='word_1_313' title='bbox 275 1191 331 1209; x_wconf 85' lang='lat' dir='ltr'><strong>rum</strong></span> <span class='ocrx_word' id='word_1_314' title='bbox 351 1183 483 1208; x_wconf 84' lang='lat' dir='ltr'><strong>hominum</strong></span> <span class='ocrx_word' id='word_1_315' title='bbox 502 1183 676 1208; x_wconf 68' lang='lat' dir='ltr'><strong>testimonium</strong></span> <span class='ocrx_word' id='word_1_316' title='bbox 691 1190 779 1208; x_wconf 78' lang='lat' dir='ltr'><strong>rerum</strong></span> <span class='ocrx_word' id='word_1_317' title='bbox 793 1187 839 1209; x_wconf 80' lang='lat' dir='ltr'><strong>est.</strong></span> <span class='ocrx_word' id='word_1_318' title='bbox 863 1181 917 1217; x_wconf 88' lang='lat' dir='ltr'><strong>Ego</strong></span> <span class='ocrx_word' id='word_1_319' title='bbox 932 1191 1000 1215; x_wconf 70' lang='lat' dir='ltr'><strong>sum,</strong></span> <span class='ocrx_word' id='word_1_320' title='bbox 1013 1184 1057 1218; x_wconf 83' lang='lat' dir='ltr'><strong>qui</strong></span> 
     </span>
    </p>
   </div>
   <div class='ocr_carea' id='block_1_42' title="bbox 274 1227 1058 1262">
    <p class='ocr_par' dir='ltr' id='par_1_42' title="bbox 274 1227 1058 1262">
     <span class='ocr_line' id='line_1_42' title="bbox 274 1227 1058 1262; baseline 0.001 -8"><span class='ocrx_word' id='word_1_321' title='bbox 274 1228 450 1255; x_wconf 77' lang='lat' dir='ltr'><strong>testimonium</strong></span> <span class='ocrx_word' id='word_1_322' title='bbox 472 1228 593 1261; x_wconf 70' lang='lat' dir='ltr'><strong>perhibet)</strong></span> <span class='ocrx_word' id='word_1_323' title='bbox 610 1227 777 1261; x_wconf 73' lang='lat' dir='ltr'><strong>mihimetipsi</strong></span> <span class='ocrx_word' id='word_1_324' title='bbox 803 1235 813 1254; x_wconf 81' lang='lat'><strong>.‘</strong></span> <span class='ocrx_word' id='word_1_325' title='bbox 827 1233 849 1253; x_wconf 75' lang='lat' dir='ltr'><strong>et</strong></span> <span class='ocrx_word' id='word_1_326' title='bbox 873 1228 916 1262; x_wconf 83' lang='lat' dir='ltr'><strong>qui</strong></span> <span class='ocrx_word' id='word_1_327' title='bbox 933 1228 1004 1254; x_wconf 79' lang='lat' dir='ltr'><strong>misit</strong></span> <span class='ocrx_word' id='word_1_328' title='bbox 1017 1236 1058 1255; x_wconf 76' lang='lat' dir='ltr'><strong>me</strong></span> 
     </span>
    </p>
   </div>
   <div class='ocr_carea' id='block_1_43' title="bbox 275 1272 1056 1306">
    <p class='ocr_par' dir='ltr' id='par_1_43' title="bbox 275 1272 1056 1306">
     <span class='ocr_line' id='line_1_43' title="bbox 275 1272 1056 1306; baseline -0.003 -6"><span class='ocrx_word' id='word_1_329' title='bbox 275 1273 366 1304; x_wconf 85' lang='lat' dir='ltr'><strong>Pater,</strong></span> <span class='ocrx_word' id='word_1_330' title='bbox 378 1273 410 1299; x_wconf 78' lang='lat' dir='ltr'><strong>de</strong></span> <span class='ocrx_word' id='word_1_331' title='bbox 420 1280 459 1298; x_wconf 81' lang='lat' dir='ltr'><strong>me</strong></span> <span class='ocrx_word' id='word_1_332' title='bbox 472 1273 495 1298; x_wconf 71' lang='lat' dir='ltr'><strong>is</strong></span> <span class='ocrx_word' id='word_1_333' title='bbox 506 1273 621 1306; x_wconf 68' lang='lat' dir='ltr'><strong>perhibet</strong></span> <span class='ocrx_word' id='word_1_334' title='bbox 633 1273 808 1298; x_wconf 77' lang='lat' dir='ltr'><strong>testimonium</strong></span> <span class='ocrx_word' id='word_1_335' title='bbox 818 1272 838 1298; x_wconf 80' lang='grc' dir='ltr'><strong>τ.</strong></span> <span class='ocrx_word' id='word_1_336' title='bbox 855 1272 904 1299; x_wconf 89' lang='lat' dir='ltr'><strong>Tot</strong></span> <span class='ocrx_word' id='word_1_337' title='bbox 916 1272 982 1299; x_wconf 85' lang='lat' dir='ltr'><strong>locis</strong></span> <span class='ocrx_word' id='word_1_338' title='bbox 996 1279 1056 1300; x_wconf 90' lang='lat' dir='ltr'><strong>cum</strong></span> 
     </span>
    </p>
   </div>
   <div class='ocr_carea' id='block_1_44' title="bbox 275 1317 1056 1352">
    <p class='ocr_par' dir='ltr' id='par_1_44' title="bbox 275 1317 1056 1352">
     <span class='ocr_line' id='line_1_44' title="bbox 275 1317 1056 1352; baseline -0.001 -8"><span class='ocrx_word' id='word_1_339' title='bbox 275 1324 304 1344; x_wconf 89' lang='lat' dir='ltr'><strong>se</strong></span> <span class='ocrx_word' id='word_1_340' title='bbox 320 1318 410 1344; x_wconf 91' lang='lat' dir='ltr'><strong>vivum</strong></span> <span class='ocrx_word' id='word_1_341' title='bbox 426 1317 612 1352; x_wconf 74' lang='lat' dir='ltr'><strong>praedicaverit</strong></span> <span class='ocrx_word' id='word_1_342' title='bbox 626 1317 763 1350; x_wconf 79' lang='lat' dir='ltr'><strong>Servator,</strong></span> <span class='ocrx_word' id='word_1_343' title='bbox 780 1324 912 1352; x_wconf 88' lang='lat' dir='ltr'><strong>nusquam</strong></span> <span class='ocrx_word' id='word_1_344' title='bbox 924 1325 952 1344; x_wconf 89' lang='lat' dir='ltr'><strong>se</strong></span> <span class='ocrx_word' id='word_1_345' title='bbox 967 1322 1056 1344; x_wconf 83' lang='lat' dir='ltr'><strong>tamen</strong></span> 
     </span>
    </p>
   </div>
   <div class='ocr_carea' id='block_1_45' title="bbox 281 1362 1057 1394">
    <p class='ocr_par' dir='ltr' id='par_1_45' title="bbox 281 1362 1057 1394">
     <span class='ocr_line' id='line_1_45' title="bbox 281 1362 1057 1394; baseline -0.003 -4"><span class='ocrx_word' id='word_1_346' title='bbox 281 1362 391 1391; x_wconf 83' lang='lat' dir='ltr'><strong>Verbum</strong></span> <span class='ocrx_word' id='word_1_347' title='bbox 409 1363 566 1394; x_wconf 85' lang='lat' dir='ltr'><strong>nominavit,</strong></span> <span class='ocrx_word' id='word_1_348' title='bbox 589 1362 635 1389; x_wconf 90' lang='lat' dir='ltr'><strong>sed</strong></span> <span class='ocrx_word' id='word_1_349' title='bbox 657 1362 763 1394; x_wconf 89' lang='lat' dir='ltr'><strong>Filium,</strong></span> <span class='ocrx_word' id='word_1_350' title='bbox 789 1367 817 1389; x_wconf 89' lang='lat' dir='ltr'><strong>et</strong></span> <span class='ocrx_word' id='word_1_351' title='bbox 835 1362 932 1394; x_wconf 87' lang='lat' dir='ltr'><strong>lucem,</strong></span> <span class='ocrx_word' id='word_1_352' title='bbox 956 1367 982 1389; x_wconf 90' lang='lat' dir='ltr'><strong>et</strong></span> <span class='ocrx_word' id='word_1_353' title='bbox 1000 1363 1057 1389; x_wconf 82' lang='lat' dir='ltr'><strong>uni-</strong></span> 
     </span>
    </p>
   </div>
   <div class='ocr_carea' id='block_1_46' title="bbox 275 1406 1057 1444">
    <p class='ocr_par' dir='ltr' id='par_1_46' title="bbox 275 1406 1057 1444">
     <span class='ocr_line' id='line_1_46' title="bbox 275 1406 1057 1444; baseline -0.001 -9"><span class='ocrx_word' id='word_1_354' title='bbox 275 1409 405 1444; x_wconf 76' lang='lat' dir='ltr'><strong>genitum,</strong></span> <span class='ocrx_word' id='word_1_355' title='bbox 417 1412 444 1435; x_wconf 89' lang='lat' dir='ltr'><strong>et</strong></span> <span class='ocrx_word' id='word_1_356' title='bbox 461 1415 556 1442; x_wconf 88' lang='lat' dir='ltr'><strong>panem</strong></span> <span class='ocrx_word' id='word_1_357' title='bbox 569 1409 640 1434; x_wconf 66' lang='lat' dir='ltr'><strong>vitaz.</strong></span> <span class='ocrx_word' id='word_1_358' title='bbox 663 1406 747 1434; x_wconf 86' lang='lat' dir='ltr'><strong>Verba</strong></span> <span class='ocrx_word' id='word_1_359' title='bbox 766 1412 855 1434; x_wconf 89' lang='lat' dir='ltr'><strong>autem</strong></span> <span class='ocrx_word' id='word_1_360' title='bbox 870 1414 917 1434; x_wconf 90' lang='lat' dir='ltr'><strong>sua</strong></span> <span class='ocrx_word' id='word_1_361' title='bbox 936 1411 964 1434; x_wconf 88' lang='lat' dir='ltr'><strong>et</strong></span> <span class='ocrx_word' id='word_1_362' title='bbox 977 1408 1057 1434; x_wconf 86' lang='lat' dir='ltr'><strong>verba</strong></span> 
     </span>
    </p>
   </div>
   <div class='ocr_carea' id='block_1_47' title="bbox 275 1450 1057 1487">
    <p class='ocr_par' dir='ltr' id='par_1_47' title="bbox 275 1450 1057 1487">
     <span class='ocr_line' id='line_1_47' title="bbox 275 1450 1057 1487; baseline -0.003 -6"><span class='ocrx_word' id='word_1_363' title='bbox 275 1461 306 1481; x_wconf 87' lang='lat' dir='ltr'><strong>se</strong></span> <span class='ocrx_word' id='word_1_364' title='bbox 323 1453 422 1480; x_wconf 89' lang='lat' dir='ltr'><strong>habere</strong></span> <span class='ocrx_word' id='word_1_365' title='bbox 438 1453 545 1487; x_wconf 89' lang='lat' dir='ltr'><strong>quidem</strong></span> <span class='ocrx_word' id='word_1_366' title='bbox 571 1452 660 1484; x_wconf 87' lang='lat' dir='ltr'><strong>docet,</strong></span> <span class='ocrx_word' id='word_1_367' title='bbox 687 1452 733 1478; x_wconf 92' lang='lat' dir='ltr'><strong>ubi</strong></span> <span class='ocrx_word' id='word_1_368' title='bbox 748 1452 796 1484; x_wconf 89' lang='lat' dir='ltr'><strong>ait,</strong></span> <span class='ocrx_word' id='word_1_369' title='bbox 814 1451 845 1479; x_wconf 78' lang='lat' dir='ltr'><strong>Si</strong></span> <span class='ocrx_word' id='word_1_370' title='bbox 867 1452 924 1486; x_wconf 71' lang='lat' dir='ltr'><strong>qui:</strong></span> <span class='ocrx_word' id='word_1_371' title='bbox 946 1450 1057 1479; x_wconf 82' lang='lat' dir='ltr'><strong>Verbum</strong></span> 
     </span>
    </p>
   </div>
   <div class='ocr_carea' id='block_1_48' title="bbox 275 1496 1058 1531">
    <p class='ocr_par' dir='ltr' id='par_1_48' title="bbox 275 1496 1058 1531">
     <span class='ocr_line' id='line_1_48' title="bbox 275 1496 1058 1531; baseline -0.001 -6"><span class='ocrx_word' id='word_1_372' title='bbox 275 1506 362 1525; x_wconf 79' lang='lat' dir='ltr'><strong>meum</strong></span> <span class='ocrx_word' id='word_1_373' title='bbox 383 1497 572 1524; x_wconf 67' lang='lat' dir='ltr'><strong>custodiverit‘</strong></span> <span class='ocrx_word' id='word_1_374' title='bbox 586 1505 593 1523; x_wconf 75' lang='grc' dir='ltr'><em>τ</em></span> <span class='ocrx_word' id='word_1_375' title='bbox 609 1501 635 1523; x_wconf 92' lang='lat' dir='ltr'><strong>at</strong></span> <span class='ocrx_word' id='word_1_376' title='bbox 649 1497 834 1531; x_wconf 84' lang='lat' dir='ltr'><strong>semetipsum,</strong></span> <span class='ocrx_word' id='word_1_377' title='bbox 853 1496 970 1524; x_wconf 83' lang='lat' dir='ltr'><strong>Verbum</strong></span> <span class='ocrx_word' id='word_1_378' title='bbox 994 1505 1058 1524; x_wconf 91' lang='lat' dir='ltr'><strong>nus-</strong></span> 
     </span>
    </p>
   </div>
   <div class='ocr_carea' id='block_1_49' title="bbox 275 1542 1055 1578">
    <p class='ocr_par' dir='ltr' id='par_1_49' title="bbox 275 1542 1055 1578">
     <span class='ocr_line' id='line_1_49' title="bbox 275 1542 1055 1578; baseline 0.001 -8"><span class='ocrx_word' id='word_1_379' title='bbox 275 1551 356 1578; x_wconf 87' lang='lat' dir='ltr'><strong>quam</strong></span> <span class='ocrx_word' id='word_1_380' title='bbox 378 1543 509 1570; x_wconf 85' lang='lat' dir='ltr'><strong>nominat.</strong></span> <span class='ocrx_word' id='word_1_381' title='bbox 530 1542 562 1569; x_wconf 89' lang='lat' dir='ltr'><strong>Et</strong></span> <span class='ocrx_word' id='word_1_382' title='bbox 578 1546 651 1570; x_wconf 89' lang='lat' dir='ltr'><strong>certe</strong></span> <span class='ocrx_word' id='word_1_383' title='bbox 667 1543 878 1570; x_wconf 86' lang='lat' dir='ltr'><strong>erubescendum</strong></span> <span class='ocrx_word' id='word_1_384' title='bbox 898 1543 934 1569; x_wconf 93' lang='lat' dir='ltr'><strong>illi</strong></span> <span class='ocrx_word' id='word_1_385' title='bbox 959 1543 1055 1572; x_wconf 83' lang='lat' dir='ltr'><strong>fuerat.</strong></span> 
     </span>
    </p>
   </div>
   <div class='ocr_carea' id='block_1_50' title="bbox 275 1588 1057 1623">
    <p class='ocr_par' dir='ltr' id='par_1_50' title="bbox 275 1588 1057 1623">
     <span class='ocr_line' id='line_1_50' title="bbox 275 1588 1057 1623; baseline 0 -7"><span class='ocrx_word' id='word_1_386' title='bbox 275 1589 332 1623; x_wconf 89' lang='lat' dir='ltr'><strong>qui,</strong></span> <span class='ocrx_word' id='word_1_387' title='bbox 347 1589 420 1616; x_wconf 88' lang='lat' dir='ltr'><strong>hisce</strong></span> <span class='ocrx_word' id='word_1_388' title='bbox 440 1588 564 1616; x_wconf 88' lang='lat' dir='ltr'><strong>omnibus</strong></span> <span class='ocrx_word' id='word_1_389' title='bbox 580 1595 633 1614; x_wconf 91' lang='lat' dir='ltr'><strong>non</strong></span> <span class='ocrx_word' id='word_1_390' title='bbox 649 1588 828 1622; x_wconf 85' lang='lat' dir='ltr'><strong>obstantibus,</strong></span> <span class='ocrx_word' id='word_1_391' title='bbox 852 1588 966 1616; x_wconf 85' lang='lat' dir='ltr'><strong>Verbum</strong></span> <span class='ocrx_word' id='word_1_392' title='bbox 984 1589 1057 1616; x_wconf 82' lang='lat' dir='ltr'><strong>illum</strong></span> 
     </span>
    </p>
   </div>
   <div class='ocr_carea' id='block_1_51' title="bbox 274 1633 1058 1671">
    <p class='ocr_par' dir='ltr' id='par_1_51' title="bbox 274 1633 1058 1671">
     <span class='ocr_line' id='line_1_51' title="bbox 274 1633 1058 1671; baseline 0.001 -10"><span class='ocrx_word' id='word_1_393' title='bbox 274 1639 302 1661; x_wconf 91' lang='lat' dir='ltr'><strong>et.</strong></span> <span class='ocrx_word' id='word_1_394' title='bbox 317 1634 382 1661; x_wconf 90' lang='lat' dir='ltr'><strong>nihil</strong></span> <span class='ocrx_word' id='word_1_395' title='bbox 403 1633 474 1661; x_wconf 89' lang='lat' dir='ltr'><strong>aliud</strong></span> <span class='ocrx_word' id='word_1_396' title='bbox 487 1633 539 1661; x_wconf 89' lang='lat' dir='ltr'><strong>nisi</strong></span> <span class='ocrx_word' id='word_1_397' title='bbox 559 1633 676 1660; x_wconf 87' lang='lat' dir='ltr'><strong>Verbum</strong></span> <span class='ocrx_word' id='word_1_398' title='bbox 701 1634 860 1668; x_wconf 79' lang='lat' dir='ltr'><strong>designavit.</strong></span> <span class='ocrx_word' id='word_1_399' title='bbox 872 1634 981 1662; x_wconf 77' lang='lat' dir='ltr'><strong>Audisis</strong></span> <span class='ocrx_word' id='word_1_400' title='bbox 994 1643 1058 1671; x_wconf 90' lang='lat' dir='ltr'><strong>ergo</strong></span> 
     </span>
    </p>
   </div>
   <div class='ocr_carea' id='block_1_52' title="bbox 274 1679 1058 1716">
    <p class='ocr_par' dir='ltr' id='par_1_52' title="bbox 274 1679 1058 1716">
     <span class='ocr_line' id='line_1_52' title="bbox 274 1679 1058 1716; baseline 0.003 -11"><span class='ocrx_word' id='word_1_401' title='bbox 274 1688 334 1714; x_wconf 60' lang='lat' dir='ltr'><strong>quin</strong></span> <span class='ocrx_word' id='word_1_402' title='bbox 350 1679 469 1714; x_wconf 88' lang='lat' dir='ltr'><strong>scripsit,</strong></span> <span class='ocrx_word' id='word_1_403' title='bbox 488 1679 564 1706; x_wconf 78' lang='lat' dir='ltr'><strong>dixit.</strong></span> <span class='ocrx_word' id='word_1_404' title='bbox 580 1679 625 1716; x_wconf 72' lang='grc' dir='ltr'><strong>[Κ.</strong></span> <span class='ocrx_word' id='word_1_405' title='bbox 646 1679 792 1715; x_wconf 73' lang='grc' dir='ltr'><strong>ΧΧΧνΙΙ.]</strong></span> <span class='ocrx_word' id='word_1_406' title='bbox 811 1690 821 1706; x_wconf 84' lang='grc'><strong><em>‹</em></strong></span> <span class='ocrx_word' id='word_1_407' title='bbox 836 1681 910 1708; x_wconf 79' lang='lat' dir='ltr'><strong>Adeo</strong></span> <span class='ocrx_word' id='word_1_408' title='bbox 928 1685 957 1708; x_wconf 95' lang='lat' dir='ltr'><strong>ut</strong></span> <span class='ocrx_word' id='word_1_409' title='bbox 969 1681 1058 1707; x_wconf 90' lang='lat' dir='ltr'><strong>omni-</strong></span> 
     </span>
    </p>
   </div>
   <div class='ocr_carea' id='block_1_53' title="bbox 277 1724 1057 1757">
    <p class='ocr_par' dir='ltr' id='par_1_53' title="bbox 277 1724 1057 1757">
     <span class='ocr_line' id='line_1_53' title="bbox 277 1724 1057 1757; baseline 0.003 -5"><span class='ocrx_word' id='word_1_410' title='bbox 277 1726 379 1752; x_wconf 70' lang='lat' dir='ltr'><strong>umodo</strong></span> <span class='ocrx_word' id='word_1_411' title='bbox 402 1724 575 1752; x_wconf 85' lang='lat' dir='ltr'><strong>manifestum</strong></span> <span class='ocrx_word' id='word_1_412' title='bbox 609 1725 699 1757; x_wconf 88' lang='lat' dir='ltr'><strong>fuerit,</strong></span> <span class='ocrx_word' id='word_1_413' title='bbox 737 1725 837 1752; x_wconf 92' lang='lat' dir='ltr'><strong>nullum</strong></span> <span class='ocrx_word' id='word_1_414' title='bbox 865 1726 936 1753; x_wconf 85' lang='lat' dir='ltr'><strong>aliud</strong></span> <span class='ocrx_word' id='word_1_415' title='bbox 961 1734 1057 1754; x_wconf 88' lang='lat' dir='ltr'><strong>nomen</strong></span> 
     </span>
    </p>
   </div>
   <div class='ocr_carea' id='block_1_54' title="bbox 277 1771 1058 1807">
    <p class='ocr_par' dir='ltr' id='par_1_54' title="bbox 277 1771 1058 1807">
     <span class='ocr_line' id='line_1_54' title="bbox 277 1771 1058 1807; baseline 0.003 -10"><span class='ocrx_word' id='word_1_416' title='bbox 277 1780 286 1796; x_wconf 80' lang='grc' dir='ltr'><strong>ι</strong></span> <span class='ocrx_word' id='word_1_417' title='bbox 302 1771 380 1799; x_wconf 84' lang='lat' dir='ltr'><strong>Verbi</strong></span> <span class='ocrx_word' id='word_1_418' title='bbox 394 1771 537 1799; x_wconf 73' lang='lat' dir='ltr'><strong>aeternitati</strong></span> <span class='ocrx_word' id='word_1_419' title='bbox 551 1779 699 1807; x_wconf 72' lang='lat' dir='ltr'><strong>congruere</strong></span> <span class='ocrx_word' id='word_1_420' title='bbox 711 1776 807 1806; x_wconf 72' lang='lat' dir='ltr'><strong>praeter</strong></span> <span class='ocrx_word' id='word_1_421' title='bbox 818 1772 869 1799; x_wconf 90' lang='lat' dir='ltr'><strong>hoc</strong></span> <span class='ocrx_word' id='word_1_422' title='bbox 881 1772 977 1806; x_wconf 87' lang='lat' dir='ltr'><strong>ipsum,</strong></span> <span class='ocrx_word' id='word_1_423' title='bbox 990 1772 1058 1806; x_wconf 90' lang='lat' dir='ltr'><strong>quod</strong></span> 
     </span>
    </p>
   </div>
   <div class='ocr_carea' id='block_1_55' title="bbox 276 1817 1059 1852">
    <p class='ocr_par' dir='ltr' id='par_1_55' title="bbox 276 1817 1059 1852">
     <span class='ocr_line' id='line_1_55' title="bbox 276 1817 1059 1852; baseline 0.003 -10"><span class='ocrx_word' id='word_1_424' title='bbox 276 1827 286 1842; x_wconf 74' lang='grc' dir='ltr'><strong>ε</strong></span> <span class='ocrx_word' id='word_1_425' title='bbox 298 1817 486 1845; x_wconf 84' lang='lat' dir='ltr'><strong>sanctissimus</strong></span> <span class='ocrx_word' id='word_1_426' title='bbox 500 1817 545 1844; x_wconf 88' lang='lat' dir='ltr'><strong>Dei</strong></span> <span class='ocrx_word' id='word_1_427' title='bbox 573 1817 720 1852; x_wconf 89' lang='lat' dir='ltr'><strong>discipulus</strong></span> <span class='ocrx_word' id='word_1_428' title='bbox 745 1822 772 1844; x_wconf 91' lang='lat' dir='ltr'><strong>et</strong></span> <span class='ocrx_word' id='word_1_429' title='bbox 791 1819 929 1851; x_wconf 83' lang='lat' dir='ltr'><strong>apostolus</strong></span> <span class='ocrx_word' id='word_1_430' title='bbox 942 1817 1059 1845; x_wconf 79' lang='lat' dir='ltr'><strong>Joannes</strong></span> 
     </span>
    </p>
   </div>
   <div class='ocr_carea' id='block_1_56' title="bbox 276 1863 1057 1898">
    <p class='ocr_par' dir='ltr' id='par_1_56' title="bbox 276 1863 1057 1898">
     <span class='ocr_line' id='line_1_56' title="bbox 276 1863 1057 1898; baseline 0.001 -9"><span class='ocrx_word' id='word_1_431' title='bbox 276 1873 286 1889; x_wconf 77' lang='grc' dir='ltr'><strong>ι</strong></span> <span class='ocrx_word' id='word_1_432' title='bbox 301 1863 326 1890; x_wconf 94' lang='lat' dir='ltr'><strong>in</strong></span> <span class='ocrx_word' id='word_1_433' title='bbox 341 1863 476 1898; x_wconf 90' lang='lat' dir='ltr'><strong>principio</strong></span> <span class='ocrx_word' id='word_1_434' title='bbox 501 1863 637 1898; x_wconf 72' lang='lat' dir='ltr'><strong>Evangelii</strong></span> <span class='ocrx_word' id='word_1_435' title='bbox 663 1863 822 1890; x_wconf 87' lang='lat' dir='ltr'><strong>nominavit.</strong></span> <span class='ocrx_word' id='word_1_436' title='bbox 842 1873 852 1889; x_wconf 73' lang='grc' dir='ltr'><strong>ι</strong></span> <span class='ocrx_word' id='word_1_437' title='bbox 866 1863 899 1890; x_wconf 85' lang='lat' dir='ltr'><strong>Et.</strong></span> <span class='ocrx_word' id='word_1_438' title='bbox 919 1863 1057 1890; x_wconf 84' lang='lat' dir='ltr'><strong>secundo:</strong></span> 
     </span>
    </p>
   </div>
   <div class='ocr_carea' id='block_1_57' title="bbox 275 1908 1058 1943">
    <p class='ocr_par' dir='ltr' id='par_1_57' title="bbox 275 1908 1058 1943">
     <span class='ocr_line' id='line_1_57' title="bbox 275 1908 1058 1943; baseline 0.001 -9"><span class='ocrx_word' id='word_1_439' title='bbox 275 1918 285 1934; x_wconf 77' lang='grc' dir='ltr'><strong>ι</strong></span> <span class='ocrx_word' id='word_1_440' title='bbox 303 1908 337 1937; x_wconf 87' lang='lat' dir='ltr'><strong>Ut</strong></span> <span class='ocrx_word' id='word_1_441' title='bbox 351 1909 516 1942; x_wconf 82' lang='lat' dir='ltr'><strong>ostenderet,</strong></span> <span class='ocrx_word' id='word_1_442' title='bbox 543 1909 613 1943; x_wconf 82' lang='lat' dir='ltr'><strong>quod</strong></span> <span class='ocrx_word' id='word_1_443' title='bbox 635 1909 657 1936; x_wconf 86' lang='lat' dir='ltr'><strong>si</strong></span> <span class='ocrx_word' id='word_1_444' title='bbox 670 1916 767 1936; x_wconf 87' lang='lat' dir='ltr'><strong>novum</strong></span> <span class='ocrx_word' id='word_1_445' title='bbox 794 1916 891 1936; x_wconf 89' lang='lat' dir='ltr'><strong>nomen</strong></span> <span class='ocrx_word' id='word_1_446' title='bbox 911 1909 1018 1943; x_wconf 87' lang='lat' dir='ltr'><strong>aliquod</strong></span> <span class='ocrx_word' id='word_1_447' title='bbox 1031 1913 1058 1936; x_wconf 86' lang='lat' dir='ltr'><strong>et</strong></span> 
     </span>
    </p>
   </div>
   <div class='ocr_carea' id='block_1_58' title="bbox 276 1954 1057 1989">
    <p class='ocr_par' dir='ltr' id='par_1_58' title="bbox 276 1954 1057 1989">
     <span class='ocr_line' id='line_1_58' title="bbox 276 1954 1057 1989; baseline 0 -9"><span class='ocrx_word' id='word_1_448' title='bbox 276 1962 285 1979; x_wconf 79' lang='grc' dir='ltr'><strong>ι</strong></span> <span class='ocrx_word' id='word_1_449' title='bbox 301 1961 388 1988; x_wconf 89' lang='lat' dir='ltr'><strong>nuper</strong></span> <span class='ocrx_word' id='word_1_450' title='bbox 403 1954 495 1981; x_wconf 88' lang='lat' dir='ltr'><strong>datum</strong></span> <span class='ocrx_word' id='word_1_451' title='bbox 509 1954 533 1981; x_wconf 89' lang='lat' dir='ltr'><strong>ei</strong></span> <span class='ocrx_word' id='word_1_452' title='bbox 552 1954 737 1986; x_wconf 85' lang='lat' dir='ltr'><strong>conveniebat,</strong></span> <span class='ocrx_word' id='word_1_453' title='bbox 752 1961 767 1980; x_wconf 92' lang='lat' dir='ltr'><strong>a</strong></span> <span class='ocrx_word' id='word_1_454' title='bbox 778 1960 848 1981; x_wconf 92' lang='lat' dir='ltr'><strong>novo</strong></span> <span class='ocrx_word' id='word_1_455' title='bbox 861 1958 888 1980; x_wconf 90' lang='lat' dir='ltr'><strong>et.</strong></span> <span class='ocrx_word' id='word_1_456' title='bbox 904 1960 989 1989; x_wconf 89' lang='lat' dir='ltr'><strong>nuper</strong></span> <span class='ocrx_word' id='word_1_457' title='bbox 1001 1959 1057 1981; x_wconf 86' lang='lat' dir='ltr'><strong>tra—</strong></span> 
     </span>
    </p>
   </div>
   <div class='ocr_carea' id='block_1_59' title="bbox 277 2000 1057 2035">
    <p class='ocr_par' dir='ltr' id='par_1_59' title="bbox 277 2000 1057 2035">
     <span class='ocr_line' id='line_1_59' title="bbox 277 2000 1057 2035; baseline 0.004 -10"><span class='ocrx_word' id='word_1_458' title='bbox 277 2009 286 2025; x_wconf 74' lang='grc' dir='ltr'><strong>ι</strong></span> <span class='ocrx_word' id='word_1_459' title='bbox 301 2000 356 2028; x_wconf 88' lang='lat' dir='ltr'><strong>dito</strong></span> <span class='ocrx_word' id='word_1_460' title='bbox 374 2005 546 2033; x_wconf 82' lang='lat' dir='ltr'><strong>testamento,</strong></span> <span class='ocrx_word' id='word_1_461' title='bbox 562 2001 613 2027; x_wconf 89' lang='lat' dir='ltr'><strong>hnc</strong></span> <span class='ocrx_word' id='word_1_462' title='bbox 631 2006 689 2027; x_wconf 90' lang='lat' dir='ltr'><strong>erat</strong></span> <span class='ocrx_word' id='word_1_463' title='bbox 712 2000 799 2035; x_wconf 88' lang='lat' dir='ltr'><strong>ipsum</strong></span> <span class='ocrx_word' id='word_1_464' title='bbox 815 2007 962 2035; x_wconf 86' lang='lat' dir='ltr'><strong>congruum</strong></span> <span class='ocrx_word' id='word_1_465' title='bbox 977 2001 1012 2027; x_wconf 92' lang='lat' dir='ltr'><strong>illi</strong></span> <span class='ocrx_word' id='word_1_466' title='bbox 1031 2001 1057 2028; x_wconf 91' lang='lat' dir='ltr'><strong>in</strong></span> 
     </span>
    </p>
   </div>
   <div class='ocr_carea' id='block_1_60' title="bbox 275 2045 1058 2081">
    <p class='ocr_par' dir='ltr' id='par_1_60' title="bbox 275 2045 1058 2081">
     <span class='ocr_line' id='line_1_60' title="bbox 275 2045 1058 2081; baseline 0.004 -10"><span class='ocrx_word' id='word_1_467' title='bbox 275 2055 285 2070; x_wconf 75' lang='grc' dir='ltr'><strong>ι</strong></span> <span class='ocrx_word' id='word_1_468' title='bbox 298 2053 380 2073; x_wconf 87' lang='lat' dir='ltr'><strong>carne</strong></span> <span class='ocrx_word' id='word_1_469' title='bbox 395 2046 597 2080; x_wconf 83' lang='lat' dir='ltr'><strong>dispensationi.</strong></span> <span class='ocrx_word' id='word_1_470' title='bbox 613 2055 622 2071; x_wconf 73' lang='grc' dir='ltr'><strong>ι</strong></span> <span class='ocrx_word' id='word_1_471' title='bbox 641 2046 673 2072; x_wconf 87' lang='lat' dir='ltr'><strong>Et</strong></span> <span class='ocrx_word' id='word_1_472' title='bbox 684 2047 763 2072; x_wconf 87' lang='lat' dir='ltr'><strong>tertio</strong></span> <span class='ocrx_word' id='word_1_473' title='bbox 773 2055 779 2073; x_wconf 94' lang='lat'><strong>:</strong></span> <span class='ocrx_word' id='word_1_474' title='bbox 789 2055 798 2071; x_wconf 83' lang='grc' dir='ltr'><strong>ι</strong></span> <span class='ocrx_word' id='word_1_475' title='bbox 811 2045 953 2079; x_wconf 82' lang='lat' dir='ltr'><strong>Quocirca.</strong></span> <span class='ocrx_word' id='word_1_476' title='bbox 968 2047 1058 2081; x_wconf 91' lang='lat' dir='ltr'><strong>prius-</strong></span> 
     </span>
    </p>
   </div>
   <div class='ocr_carea' id='block_1_61' title="bbox 276 2090 1057 2126">
    <p class='ocr_par' dir='ltr' id='par_1_61' title="bbox 276 2090 1057 2126">
     <span class='ocr_line' id='line_1_61' title="bbox 276 2090 1057 2126; baseline 0.003 -9"><span class='ocrx_word' id='word_1_477' title='bbox 276 2103 285 2116; x_wconf 77' lang='grc' dir='ltr'><strong>ι</strong></span> <span class='ocrx_word' id='word_1_478' title='bbox 297 2098 378 2126; x_wconf 89' lang='lat' dir='ltr'><strong>quam</strong></span> <span class='ocrx_word' id='word_1_479' title='bbox 396 2091 580 2124; x_wconf 79' lang='lat' dir='ltr'><strong>descenderet,</strong></span> <span class='ocrx_word' id='word_1_480' title='bbox 595 2097 622 2118; x_wconf 89' lang='lat' dir='ltr'><strong>et</strong></span> <span class='ocrx_word' id='word_1_481' title='bbox 635 2091 667 2118; x_wconf 92' lang='lat' dir='ltr'><strong>de</strong></span> <span class='ocrx_word' id='word_1_482' title='bbox 680 2090 791 2126; x_wconf 79' lang='lat' dir='ltr'><strong>Virgine</strong></span> <span class='ocrx_word' id='word_1_483' title='bbox 805 2096 972 2119; x_wconf 84' lang='lat' dir='ltr'><strong>nasceretur.</strong></span> <span class='ocrx_word' id='word_1_484' title='bbox 989 2091 1057 2119; x_wconf 87' lang='lat' dir='ltr'><strong>Ver-</strong></span> 
     </span>
    </p>
   </div>
   <div class='ocr_carea' id='block_1_62' title="bbox 276 2135 1057 2171">
    <p class='ocr_par' dir='ltr' id='par_1_62' title="bbox 276 2135 1057 2171">
     <span class='ocr_line' id='line_1_62' title="bbox 276 2135 1057 2171; baseline 0.001 -9"><span class='ocrx_word' id='word_1_485' title='bbox 276 2146 286 2161; x_wconf 75' lang='grc' dir='ltr'><strong>ι</strong></span> <span class='ocrx_word' id='word_1_486' title='bbox 295 2136 359 2162; x_wconf 83' lang='lat' dir='ltr'><strong>bum</strong></span> <span class='ocrx_word' id='word_1_487' title='bbox 367 2141 427 2162; x_wconf 88' lang='lat' dir='ltr'><strong>erat</strong></span> <span class='ocrx_word' id='word_1_488' title='bbox 437 2136 632 2162; x_wconf 88' lang='lat' dir='ltr'><strong>tantummodo.</strong></span> <span class='ocrx_word' id='word_1_489' title='bbox 645 2135 713 2168; x_wconf 86' lang='lat' dir='ltr'><strong>Quid</strong></span> <span class='ocrx_word' id='word_1_490' title='bbox 724 2136 795 2163; x_wconf 89' lang='lat' dir='ltr'><strong>enim</strong></span> <span class='ocrx_word' id='word_1_491' title='bbox 805 2141 876 2164; x_wconf 88' lang='lat' dir='ltr'><strong>esset</strong></span> <span class='ocrx_word' id='word_1_492' title='bbox 886 2136 956 2163; x_wconf 89' lang='lat' dir='ltr'><strong>aliud</strong></span> <span class='ocrx_word' id='word_1_493' title='bbox 969 2137 1057 2171; x_wconf 85' lang='lat' dir='ltr'><strong>prius-</strong></span> 
     </span>
    </p>
   </div>
   <div class='ocr_carea' id='block_1_63' title="bbox 1107 950 1896 990">
    <p class='ocr_par' dir='ltr' id='par_1_63' title="bbox 1107 950 1896 990">
     <span class='ocr_line' id='line_1_63' title="bbox 1107 950 1896 990; baseline -0.003 -10"><span class='ocrx_word' id='word_1_494' title='bbox 1107 955 1156 981; x_wconf 81' lang='grc' dir='ltr'>οὐκ</span> <span class='ocrx_word' id='word_1_495' title='bbox 1174 954 1285 990; x_wconf 76' lang='grc' dir='ltr'><strong>ἐρυθριᾷ</strong></span> <span class='ocrx_word' id='word_1_496' title='bbox 1299 955 1313 980; x_wconf 87' lang='grc' dir='ltr'><strong>ό</strong></span> <span class='ocrx_word' id='word_1_497' title='bbox 1329 954 1407 988; x_wconf 86' lang='grc' dir='ltr'>μόνον</span> <span class='ocrx_word' id='word_1_498' title='bbox 1429 953 1524 987; x_wconf 80' lang='grc' dir='ltr'>Λόγον,</span> <span class='ocrx_word' id='word_1_499' title='bbox 1546 953 1592 979; x_wconf 74' lang='lat' dir='ltr'><strong>zal</strong></span> <span class='ocrx_word' id='word_1_500' title='bbox 1613 953 1689 979; x_wconf 73' lang='grc' dir='ltr'>οὐδὲν</span> <span class='ocrx_word' id='word_1_501' title='bbox 1709 953 1802 988; x_wconf 76' lang='grc' dir='ltr'>ἕτερον</span> <span class='ocrx_word' id='word_1_502' title='bbox 1825 950 1896 978; x_wconf 74' lang='grc' dir='ltr'>εἶναι</span> 
     </span>
    </p>
   </div>
   <div class='ocr_carea' id='block_1_64' title="bbox 1108 997 1895 1034">
    <p class='ocr_par' dir='ltr' id='par_1_64' title="bbox 1108 997 1895 1034">
     <span class='ocr_line' id='line_1_64' title="bbox 1108 997 1895 1034; baseline -0.004 -8"><span class='ocrx_word' id='word_1_503' title='bbox 1108 1000 1188 1026; x_wconf 73' lang='grc' dir='ltr'>αὑτὸν</span> <span class='ocrx_word' id='word_1_504' title='bbox 1202 999 1427 1034; x_wconf 72' lang='grc' dir='ltr'>ἁποφηνάμενοςς</span> <span class='ocrx_word' id='word_1_505' title='bbox 1447 999 1611 1025; x_wconf 79' lang='grc' dir='ltr'>Ἐπάκουσον</span> <span class='ocrx_word' id='word_1_506' title='bbox 1618 998 1682 1032; x_wconf 79' lang='grc' dir='ltr'>γοῦν</span> <span class='ocrx_word' id='word_1_507' title='bbox 1693 998 1766 1030; x_wconf 75' lang='grc' dir='ltr'>ὅπως</span> <span class='ocrx_word' id='word_1_508' title='bbox 1779 997 1895 1034; x_wconf 70' lang='grc' dir='ltr'>ἔγραφε,</span> 
     </span>
    </p>
   </div>
   <div class='ocr_carea' id='block_1_65' title="bbox 1107 1042 1896 1080">
    <p class='ocr_par' dir='ltr' id='par_1_65' title="bbox 1107 1042 1896 1080">
     <span class='ocr_line' id='line_1_65' title="bbox 1107 1042 1896 1080; baseline -0.004 -9"><span class='ocrx_word' id='word_1_509' title='bbox 1107 1046 1202 1080; x_wconf 83' lang='grc' dir='ltr'>λέγων,</span> <span class='ocrx_word' id='word_1_510' title='bbox 1222 1055 1231 1070; x_wconf 77' lang='grc' dir='ltr'><strong>ι</strong></span> <span class='ocrx_word' id='word_1_511' title='bbox 1246 1045 1326 1071; x_wconf 78' lang='grc' dir='ltr'>Ὥστε</span> <span class='ocrx_word' id='word_1_512' title='bbox 1348 1044 1513 1078; x_wconf 79' lang='grc' dir='ltr'>πανταχόθεν</span> <span class='ocrx_word' id='word_1_513' title='bbox 1531 1044 1609 1078; x_wconf 79' lang='grc' dir='ltr'>δῆλόν</span> <span class='ocrx_word' id='word_1_514' title='bbox 1630 1044 1689 1070; x_wconf 73' lang='grc' dir='ltr'>ἐστι</span> <span class='ocrx_word' id='word_1_515' title='bbox 1705 1042 1786 1078; x_wconf 77' lang='grc' dir='ltr'>μηδὲν</span> <span class='ocrx_word' id='word_1_516' title='bbox 1801 1042 1896 1076; x_wconf 69' lang='grc' dir='ltr'>ἕτερον</span> 
     </span>
    </p>
   </div>
   <div class='ocr_carea' id='block_1_66' title="bbox 1111 1087 1895 1126">
    <p class='ocr_par' dir='ltr' id='par_1_66' title="bbox 1111 1087 1895 1126">
     <span class='ocr_line' id='line_1_66' title="bbox 1111 1087 1895 1126; baseline -0.003 -10"><span class='ocrx_word' id='word_1_517' title='bbox 1111 1100 1119 1116; x_wconf 90' lang='grc'><strong>‹</strong></span> <span class='ocrx_word' id='word_1_518' title='bbox 1134 1092 1166 1126; x_wconf 85' lang='grc' dir='ltr'>τῇ</span> <span class='ocrx_word' id='word_1_519' title='bbox 1186 1091 1315 1126; x_wconf 80' lang='grc' dir='ltr'>ἀῖδιὸτητι</span> <span class='ocrx_word' id='word_1_520' title='bbox 1330 1090 1377 1117; x_wconf 83' lang='grc' dir='ltr'><strong>τοῦ</strong></span> <span class='ocrx_word' id='word_1_521' title='bbox 1391 1090 1480 1124; x_wconf 87' lang='grc' dir='ltr'>Λόγου</span> <span class='ocrx_word' id='word_1_522' title='bbox 1495 1089 1640 1125; x_wconf 81' lang='grc' dir='ltr'><strong>ἁρμόττειν</strong></span> <span class='ocrx_word' id='word_1_523' title='bbox 1663 1088 1758 1123; x_wconf 76' lang='grc' dir='ltr'>δνομα,</span> <span class='ocrx_word' id='word_1_524' title='bbox 1773 1088 1790 1123; x_wconf 84' lang='grc' dir='ltr'>ἢ</span> <span class='ocrx_word' id='word_1_525' title='bbox 1809 1087 1895 1118; x_wconf 82' lang='grc' dir='ltr'>τοῦθ’,</span> 
     </span>
    </p>
   </div>
   <div class='ocr_carea' id='block_1_67' title="bbox 1112 1133 1897 1172">
    <p class='ocr_par' dir='ltr' id='par_1_67' title="bbox 1112 1133 1897 1172">
     <span class='ocr_line' id='line_1_67' title="bbox 1112 1133 1897 1172; baseline -0.004 -9"><span class='ocrx_word' id='word_1_526' title='bbox 1112 1146 1120 1162; x_wconf 80' lang='grc' dir='ltr'><strong>ι</strong></span> <span class='ocrx_word' id='word_1_527' title='bbox 1132 1137 1199 1172; x_wconf 81' lang='grc' dir='ltr'><strong>ὅπερ</strong></span> <span class='ocrx_word' id='word_1_528' title='bbox 1209 1137 1223 1162; x_wconf 82' lang='grc' dir='ltr'><strong>ὸ</strong></span> <span class='ocrx_word' id='word_1_529' title='bbox 1235 1135 1386 1170; x_wconf 85' lang='grc' dir='ltr'>ἁγιώτατος</span> <span class='ocrx_word' id='word_1_530' title='bbox 1396 1135 1443 1163; x_wconf 84' lang='grc' dir='ltr'><strong>τοῦ</strong></span> <span class='ocrx_word' id='word_1_531' title='bbox 1454 1135 1521 1162; x_wconf 81' lang='grc' dir='ltr'>Θεοῦ</span> <span class='ocrx_word' id='word_1_532' title='bbox 1537 1134 1660 1170; x_wconf 86' lang='grc' dir='ltr'>μαθητὴς</span> <span class='ocrx_word' id='word_1_533' title='bbox 1676 1135 1724 1161; x_wconf 78' lang='grc' dir='ltr'><strong>καὶ</strong></span> <span class='ocrx_word' id='word_1_534' title='bbox 1748 1133 1897 1165; x_wconf 78' lang='grc' dir='ltr'>ἀπόστολος</span> 
     </span>
    </p>
   </div>
   <div class='ocr_carea' id='block_1_68' title="bbox 1111 1179 1897 1218">
    <p class='ocr_par' dir='ltr' id='par_1_68' title="bbox 1111 1179 1897 1218">
     <span class='ocr_line' id='line_1_68' title="bbox 1111 1179 1897 1218; baseline -0.004 -9"><span class='ocrx_word' id='word_1_535' title='bbox 1111 1193 1119 1208; x_wconf 72' lang='grc' dir='ltr'><strong>ι</strong></span> <span class='ocrx_word' id='word_1_536' title='bbox 1141 1184 1276 1218; x_wconf 79' lang='grc' dir='ltr'><strong>Ἰωάννης,</strong></span> <span class='ocrx_word' id='word_1_537' title='bbox 1289 1183 1318 1208; x_wconf 86' lang='grc' dir='ltr'>ὲν</span> <span class='ocrx_word' id='word_1_538' title='bbox 1334 1183 1405 1218; x_wconf 85' lang='grc' dir='ltr'>ἀρχῇ</span> <span class='ocrx_word' id='word_1_539' title='bbox 1423 1182 1469 1208; x_wconf 83' lang='grc' dir='ltr'><strong>τοῦ</strong></span> <span class='ocrx_word' id='word_1_540' title='bbox 1485 1181 1648 1216; x_wconf 77' lang='grc' dir='ltr'>Εὐαγγελὶου</span> <span class='ocrx_word' id='word_1_541' title='bbox 1663 1179 1814 1216; x_wconf 49' lang='lat' dir='ltr'><strong>iii-reﬂ”).</strong></span> <span class='ocrx_word' id='word_1_542' title='bbox 1827 1180 1897 1216; x_wconf 80' lang='grc' dir='ltr'><strong>[Καὶ</strong></span> 
     </span>
    </p>
   </div>
   <div class='ocr_carea' id='block_1_69' title="bbox 1111 1227 1895 1265">
    <p class='ocr_par' dir='ltr' id='par_1_69' title="bbox 1111 1227 1895 1265">
     <span class='ocr_line' id='line_1_69' title="bbox 1111 1227 1895 1265; baseline -0.003 -10"><span class='ocrx_word' id='word_1_543' title='bbox 1111 1239 1120 1255; x_wconf 84' lang='grc'><strong><em>‹</em></strong></span> <span class='ocrx_word' id='word_1_544' title='bbox 1132 1228 1235 1264; x_wconf 60' lang='lat' dir='ltr'><strong>adiuv]</strong></span> <span class='ocrx_word' id='word_1_545' title='bbox 1246 1230 1302 1255; x_wconf 81' lang='grc' dir='ltr'>Ἵνα</span> <span class='ocrx_word' id='word_1_546' title='bbox 1313 1228 1387 1265; x_wconf 79' lang='grc' dir='ltr'>δείξῃ</span> <span class='ocrx_word' id='word_1_547' title='bbox 1397 1229 1437 1254; x_wconf 76' lang='grc' dir='ltr'>ὅτι</span> <span class='ocrx_word' id='word_1_548' title='bbox 1445 1228 1599 1262; x_wconf 74' lang='grc' dir='ltr'>εἴτιικαινὸν</span> <span class='ocrx_word' id='word_1_549' title='bbox 1609 1228 1655 1254; x_wconf 84' lang='grc' dir='ltr'>καὶ</span> <span class='ocrx_word' id='word_1_550' title='bbox 1662 1227 1790 1262; x_wconf 84' lang='grc' dir='ltr'>νεώτερον</span> <span class='ocrx_word' id='word_1_551' title='bbox 1798 1227 1895 1261; x_wconf 72' lang='grc' dir='ltr'>ὄνομα,</span> 
     </span>
    </p>
   </div>
   <div class='ocr_carea' id='block_1_70' title="bbox 1112 1271 1896 1309">
    <p class='ocr_par' dir='ltr' id='par_1_70' title="bbox 1112 1271 1896 1309">
     <span class='ocr_line' id='line_1_70' title="bbox 1112 1271 1896 1309; baseline -0.003 -9"><span class='ocrx_word' id='word_1_552' title='bbox 1112 1284 1122 1299; x_wconf 90' lang='grc' dir='ltr'><strong>ι</strong></span> <span class='ocrx_word' id='word_1_553' title='bbox 1132 1274 1203 1300; x_wconf 76' lang='grc' dir='ltr'>τοῦτ’</span> <span class='ocrx_word' id='word_1_554' title='bbox 1221 1274 1274 1300; x_wconf 75' lang='grc' dir='ltr'><strong>ἀπὸ</strong></span> <span class='ocrx_word' id='word_1_555' title='bbox 1288 1274 1338 1308; x_wconf 77' lang='grc' dir='ltr'><strong>τῆς</strong></span> <span class='ocrx_word' id='word_1_556' title='bbox 1358 1275 1454 1309; x_wconf 79' lang='grc' dir='ltr'>καινῆς</span> <span class='ocrx_word' id='word_1_557' title='bbox 1469 1273 1546 1308; x_wconf 84' lang='grc' dir='ltr'>αὐτῷ</span> <span class='ocrx_word' id='word_1_558' title='bbox 1562 1273 1610 1300; x_wconf 75' lang='grc' dir='ltr'>καὶ</span> <span class='ocrx_word' id='word_1_559' title='bbox 1630 1273 1692 1305; x_wconf 85' lang='grc' dir='ltr'>νέας</span> <span class='ocrx_word' id='word_1_560' title='bbox 1707 1273 1811 1308; x_wconf 80' lang='grc' dir='ltr'>ὑπῆρξε</span> <span class='ocrx_word' id='word_1_561' title='bbox 1825 1271 1896 1299; x_wconf 80' lang='grc' dir='ltr'>κατὰ</span> 
     </span>
    </p>
   </div>
   <div class='ocr_carea' id='block_1_71' title="bbox 1112 1316 1896 1355">
    <p class='ocr_par' dir='ltr' id='par_1_71' title="bbox 1112 1316 1896 1355">
     <span class='ocr_line' id='line_1_71' title="bbox 1112 1316 1896 1355; baseline -0.004 -9"><span class='ocrx_word' id='word_1_562' title='bbox 1112 1329 1120 1345; x_wconf 82' lang='grc' dir='ltr'><strong>ι</strong></span> <span class='ocrx_word' id='word_1_563' title='bbox 1135 1319 1223 1355; x_wconf 79' lang='grc' dir='ltr'>σάρκα</span> <span class='ocrx_word' id='word_1_564' title='bbox 1237 1320 1400 1355; x_wconf 80' lang='grc' dir='ltr'>οἰκονομίας.</span> <span class='ocrx_word' id='word_1_565' title='bbox 1411 1318 1477 1354; x_wconf 84' lang='lat' dir='ltr'><strong>[Kal</strong></span> <span class='ocrx_word' id='word_1_566' title='bbox 1485 1317 1585 1355; x_wconf 67' lang='grc' dir='ltr'>αὖθις]</span> <span class='ocrx_word' id='word_1_567' title='bbox 1597 1318 1701 1345; x_wconf 82' lang='grc' dir='ltr'>Οὐκοῦν</span> <span class='ocrx_word' id='word_1_568' title='bbox 1716 1318 1768 1354; x_wconf 79' lang='grc' dir='ltr'><strong>πρὸ</strong></span> <span class='ocrx_word' id='word_1_569' title='bbox 1784 1317 1834 1352; x_wconf 79' lang='grc' dir='ltr'>μὲν</span> <span class='ocrx_word' id='word_1_570' title='bbox 1845 1316 1896 1343; x_wconf 79' lang='grc' dir='ltr'><strong>τοῦ</strong></span> 
     </span>
    </p>
   </div>
   <div class='ocr_carea' id='block_1_72' title="bbox 1112 1362 1899 1402">
    <p class='ocr_par' dir='ltr' id='par_1_72' title="bbox 1112 1362 1899 1402">
     <span class='ocr_line' id='line_1_72' title="bbox 1112 1362 1899 1402; baseline -0.001 -10"><span class='ocrx_word' id='word_1_571' title='bbox 1112 1376 1121 1392; x_wconf 88' lang='grc'><strong><em>‹</em></strong></span> <span class='ocrx_word' id='word_1_572' title='bbox 1137 1366 1284 1396; x_wconf 78' lang='grc' dir='ltr'>κατελθεῖν,</span> <span class='ocrx_word' id='word_1_573' title='bbox 1292 1366 1338 1392; x_wconf 69' lang='grc' dir='ltr'>καὶ</span> <span class='ocrx_word' id='word_1_574' title='bbox 1352 1366 1395 1392; x_wconf 84' lang='grc' dir='ltr'><strong>διὰ</strong></span> <span class='ocrx_word' id='word_1_575' title='bbox 1406 1367 1453 1402; x_wconf 84' lang='grc' dir='ltr'>τῆς</span> <span class='ocrx_word' id='word_1_576' title='bbox 1470 1366 1605 1402; x_wconf 82' lang='grc' dir='ltr'>Παρθένου</span> <span class='ocrx_word' id='word_1_577' title='bbox 1617 1365 1756 1401; x_wconf 77' lang='grc' dir='ltr'>τεχθῆναι,</span> <span class='ocrx_word' id='word_1_578' title='bbox 1764 1364 1849 1399; x_wconf 81' lang='grc' dir='ltr'>Λόγος</span> <span class='ocrx_word' id='word_1_579' title='bbox 1861 1362 1899 1400; x_wconf 79' lang='grc' dir='ltr'>ἦν</span> 
     </span>
    </p>
   </div>
   <div class='ocr_carea' id='block_1_73' title="bbox 1112 1410 1896 1448">
    <p class='ocr_par' dir='ltr' id='par_1_73' title="bbox 1112 1410 1896 1448">
     <span class='ocr_line' id='line_1_73' title="bbox 1112 1410 1896 1448; baseline 0 -11"><span class='ocrx_word' id='word_1_580' title='bbox 1112 1423 1120 1437; x_wconf 78' lang='grc' dir='ltr'><strong>ι</strong></span> <span class='ocrx_word' id='word_1_581' title='bbox 1136 1414 1224 1448; x_wconf 88' lang='grc' dir='ltr'>μόνον.</span> <span class='ocrx_word' id='word_1_582' title='bbox 1245 1413 1322 1439; x_wconf 80' lang='grc' dir='ltr'><strong>Ἐπεὶ</strong></span> <span class='ocrx_word' id='word_1_583' title='bbox 1335 1413 1360 1439; x_wconf 81' lang='grc' dir='ltr'><strong>τί</strong></span> <span class='ocrx_word' id='word_1_584' title='bbox 1375 1413 1418 1439; x_wconf 68' lang='lat' dir='ltr'><strong>Et:</strong></span> <span class='ocrx_word' id='word_1_585' title='bbox 1424 1421 1468 1448; x_wconf 88' lang='grc' dir='ltr'><strong>ρον</strong></span> <span class='ocrx_word' id='word_1_586' title='bbox 1483 1410 1528 1448; x_wconf 80' lang='grc' dir='ltr'><strong>ἦν,</strong></span> <span class='ocrx_word' id='word_1_587' title='bbox 1542 1413 1594 1448; x_wconf 79' lang='grc' dir='ltr'><strong>πρὸ</strong></span> <span class='ocrx_word' id='word_1_588' title='bbox 1605 1411 1651 1438; x_wconf 87' lang='grc' dir='ltr'><strong>τοῦ</strong></span> <span class='ocrx_word' id='word_1_589' title='bbox 1665 1411 1714 1446; x_wconf 80' lang='grc' dir='ltr'>τὴν</span> <span class='ocrx_word' id='word_1_590' title='bbox 1724 1410 1896 1446; x_wconf 77' lang='grc' dir='ltr'>ἀνθρωπίνην</span> 
     </span>
    </p>
   </div>
   <div class='ocr_carea' id='block_1_74' title="bbox 1112 1455 1897 1493">
    <p class='ocr_par' dir='ltr' id='par_1_74' title="bbox 1112 1455 1897 1493">
     <span class='ocr_line' id='line_1_74' title="bbox 1112 1455 1897 1493; baseline -0.004 -8"><span class='ocrx_word' id='word_1_591' title='bbox 1112 1469 1120 1485; x_wconf 81' lang='grc' dir='ltr'><strong>ι</strong></span> <span class='ocrx_word' id='word_1_592' title='bbox 1132 1459 1275 1486; x_wconf 77' lang='grc' dir='ltr'>ἀναλαϐεῖν</span> <span class='ocrx_word' id='word_1_593' title='bbox 1291 1459 1389 1493; x_wconf 85' lang='grc' dir='ltr'>σάρκα,</span> <span class='ocrx_word' id='word_1_594' title='bbox 1399 1459 1428 1484; x_wconf 85' lang='grc' dir='ltr'><strong>τὺ</strong></span> <span class='ocrx_word' id='word_1_595' title='bbox 1444 1458 1576 1493; x_wconf 74' lang='grc' dir='ltr'>κατῆλθον</span> <span class='ocrx_word' id='word_1_596' title='bbox 1587 1459 1630 1484; x_wconf 69' lang='grc' dir='ltr'><strong>ἐπ’</strong></span> <span class='ocrx_word' id='word_1_597' title='bbox 1643 1457 1762 1492; x_wconf 80' lang='grc' dir='ltr'><strong>ἐσχάτων</strong></span> <span class='ocrx_word' id='word_1_598' title='bbox 1776 1456 1829 1482; x_wconf 83' lang='grc' dir='ltr'>τῶν</span> <span class='ocrx_word' id='word_1_599' title='bbox 1841 1455 1897 1491; x_wconf 72' lang='grc'><strong>(18)</strong></span> 
     </span>
    </p>
   </div>
   <div class='ocr_carea' id='block_1_75' title="bbox 1112 1500 1897 1539">
    <p class='ocr_par' dir='ltr' id='par_1_75' title="bbox 1112 1500 1897 1539">
     <span class='ocr_line' id='line_1_75' title="bbox 1112 1500 1897 1539; baseline -0.004 -10"><span class='ocrx_word' id='word_1_600' title='bbox 1112 1513 1121 1529; x_wconf 76' lang='grc' dir='ltr'><strong>ι</strong></span> <span class='ocrx_word' id='word_1_601' title='bbox 1137 1503 1245 1539; x_wconf 76' lang='grc' dir='ltr'>ἡμερῶν</span> <span class='ocrx_word' id='word_1_602' title='bbox 1255 1511 1262 1535; x_wconf 89' lang='grc'>;</span> <span class='ocrx_word' id='word_1_603' title='bbox 1272 1503 1308 1534; x_wconf 81' lang='grc' dir='ltr'><strong>ὡς</strong></span> <span class='ocrx_word' id='word_1_604' title='bbox 1323 1504 1369 1530; x_wconf 72' lang='grc' dir='ltr'>καὶ</span> <span class='ocrx_word' id='word_1_605' title='bbox 1383 1504 1464 1534; x_wconf 81' lang='grc' dir='ltr'>αὐτὸς</span> <span class='ocrx_word' id='word_1_606' title='bbox 1477 1503 1608 1538; x_wconf 76' lang='grc' dir='ltr'>γέγραφε.</span> <span class='ocrx_word' id='word_1_607' title='bbox 1618 1502 1672 1529; x_wconf 87' lang='lat' dir='ltr'><strong>Kal</strong></span> <span class='ocrx_word' id='word_1_608' title='bbox 1682 1502 1713 1528; x_wconf 76' lang='grc' dir='ltr'><strong>τὸ</strong></span> <span class='ocrx_word' id='word_1_609' title='bbox 1726 1500 1855 1536; x_wconf 75' lang='grc' dir='ltr'>γεννηθὲν</span> <span class='ocrx_word' id='word_1_610' title='bbox 1865 1500 1897 1526; x_wconf 67' lang='grc' dir='ltr'><strong>ιι</strong></span> 
     </span>
    </p>
   </div>
   <div class='ocr_carea' id='block_1_76' title="bbox 1112 1544 1899 1582">
    <p class='ocr_par' dir='ltr' id='par_1_76' title="bbox 1112 1544 1899 1582">
     <span class='ocr_line' id='line_1_76' title="bbox 1112 1544 1899 1582; baseline -0.001 -10"><span class='ocrx_word' id='word_1_611' title='bbox 1112 1556 1120 1571; x_wconf 79' lang='grc' dir='ltr'><strong>ι</strong></span> <span class='ocrx_word' id='word_1_612' title='bbox 1138 1547 1186 1581; x_wconf 77' lang='grc' dir='ltr'>τῆς</span> <span class='ocrx_word' id='word_1_613' title='bbox 1201 1546 1338 1581; x_wconf 81' lang='grc' dir='ltr'>Παρθένου</span> <span class='ocrx_word' id='word_1_614' title='bbox 1353 1547 1427 1573; x_wconf 77' lang='grc' dir='ltr'>οὐδὲν</span> <span class='ocrx_word' id='word_1_615' title='bbox 1441 1547 1533 1582; x_wconf 76' lang='grc' dir='ltr'>ἕτερον</span> <span class='ocrx_word' id='word_1_616' title='bbox 1545 1545 1579 1582; x_wconf 82' lang='grc' dir='ltr'>ἦν</span> <span class='ocrx_word' id='word_1_617' title='bbox 1593 1547 1610 1582; x_wconf 81' lang='grc' dir='ltr'>ἢ</span> <span class='ocrx_word' id='word_1_618' title='bbox 1629 1546 1723 1580; x_wconf 86' lang='grc' dir='ltr'>Λόγος.</span> <span class='ocrx_word' id='word_1_619' title='bbox 1739 1555 1748 1571; x_wconf 76' lang='grc' dir='ltr'><strong>ι</strong></span> <span class='ocrx_word' id='word_1_620' title='bbox 1772 1544 1899 1572; x_wconf 78' lang='grc' dir='ltr'>Τοσαῦτα</span> 
     </span>
    </p>
   </div>
   <div class='ocr_carea' id='block_1_77' title="bbox 1111 1589 1899 1628">
    <p class='ocr_par' dir='ltr' id='par_1_77' title="bbox 1111 1589 1899 1628">
     <span class='ocr_line' id='line_1_77' title="bbox 1111 1589 1899 1628; baseline -0.003 -10"><span class='ocrx_word' id='word_1_621' title='bbox 1111 1592 1262 1628; x_wconf 78' lang='grc' dir='ltr'>Μαρκέλλῳ</span> <span class='ocrx_word' id='word_1_622' title='bbox 1282 1593 1367 1618; x_wconf 84' lang='grc' dir='ltr'>εἰπεῖν</span> <span class='ocrx_word' id='word_1_623' title='bbox 1392 1592 1438 1618; x_wconf 73' lang='grc' dir='ltr'>καὶ</span> <span class='ocrx_word' id='word_1_624' title='bbox 1457 1591 1644 1627; x_wconf 82' lang='grc' dir='ltr'>ἀποφήνασθαι</span> <span class='ocrx_word' id='word_1_625' title='bbox 1666 1591 1790 1626; x_wconf 81' lang='grc' dir='ltr'>πάρεστι,</span> <span class='ocrx_word' id='word_1_626' title='bbox 1802 1589 1848 1616; x_wconf 83' lang='grc' dir='ltr'>διὰ</span> <span class='ocrx_word' id='word_1_627' title='bbox 1867 1589 1899 1616; x_wconf 76' lang='grc' dir='ltr'>τὸ</span> 
     </span>
    </p>
   </div>
   <div class='ocr_carea' id='block_1_78' title="bbox 1113 1635 1899 1673">
    <p class='ocr_par' dir='ltr' id='par_1_78' title="bbox 1113 1635 1899 1673">
     <span class='ocr_line' id='line_1_78' title="bbox 1113 1635 1899 1673; baseline -0.003 -9"><span class='ocrx_word' id='word_1_628' title='bbox 1113 1639 1149 1673; x_wconf 85' lang='grc' dir='ltr'>μὴ</span> <span class='ocrx_word' id='word_1_629' title='bbox 1163 1638 1303 1673; x_wconf 82' lang='grc' dir='ltr'>ὁμολογεῖν</span> <span class='ocrx_word' id='word_1_630' title='bbox 1317 1639 1362 1665; x_wconf 74' lang='grc' dir='ltr'>τὸν</span> <span class='ocrx_word' id='word_1_631' title='bbox 1383 1638 1446 1664; x_wconf 78' lang='grc' dir='ltr'>Υίὺν</span> <span class='ocrx_word' id='word_1_632' title='bbox 1464 1638 1511 1664; x_wconf 84' lang='grc' dir='ltr'><strong>τοῦ</strong></span> <span class='ocrx_word' id='word_1_633' title='bbox 1531 1637 1608 1669; x_wconf 76' lang='grc' dir='ltr'>Θεοῦ,</span> <span class='ocrx_word' id='word_1_634' title='bbox 1625 1637 1692 1673; x_wconf 74' lang='grc' dir='ltr'>πρὸς</span> <span class='ocrx_word' id='word_1_635' title='bbox 1705 1637 1736 1663; x_wconf 80' lang='grc' dir='ltr'>ὃν</span> <span class='ocrx_word' id='word_1_636' title='bbox 1749 1635 1826 1663; x_wconf 54' lang='lat' dir='ltr'><strong>sinat!</strong></span> <span class='ocrx_word' id='word_1_637' title='bbox 1840 1635 1873 1663; x_wconf 79' lang='grc' dir='ltr'>ἂν</span> <span class='ocrx_word' id='word_1_638' title='bbox 1882 1636 1899 1662; x_wconf 78' lang='grc' dir='ltr'><strong>ὁ</strong></span> 
     </span>
    </p>
   </div>
   <div class='ocr_carea' id='block_1_79' title="bbox 1111 1680 1896 1719">
    <p class='ocr_par' dir='ltr' id='par_1_79' title="bbox 1111 1680 1896 1719">
     <span class='ocr_line' id='line_1_79' title="bbox 1111 1680 1896 1719; baseline -0.004 -10"><span class='ocrx_word' id='word_1_639' title='bbox 1111 1683 1312 1719; x_wconf 78' lang='grc' dir='ltr'>Εὑαγγελιστὴς</span> <span class='ocrx_word' id='word_1_640' title='bbox 1341 1684 1410 1718; x_wconf 86' lang='grc' dir='ltr'>μέγα</span> <span class='ocrx_word' id='word_1_641' title='bbox 1429 1683 1586 1718; x_wconf 75' lang='grc' dir='ltr'>ἐπιϐοήσας.</span> <span class='ocrx_word' id='word_1_642' title='bbox 1608 1681 1640 1708; x_wconf 84' lang='grc' dir='ltr'>Τί</span> <span class='ocrx_word' id='word_1_643' title='bbox 1657 1683 1725 1717; x_wconf 78' lang='grc' dir='ltr'><strong>φῂς,</strong></span> <span class='ocrx_word' id='word_1_644' title='bbox 1752 1680 1896 1716; x_wconf 71' lang='grc' dir='ltr'>ἀνθρωπες</span> 
     </span>
    </p>
   </div>
   <div class='ocr_carea' id='block_1_80' title="bbox 1111 1725 1897 1764">
    <p class='ocr_par' dir='ltr' id='par_1_80' title="bbox 1111 1725 1897 1764">
     <span class='ocr_line' id='line_1_80' title="bbox 1111 1725 1897 1764; baseline -0.005 -8"><span class='ocrx_word' id='word_1_645' title='bbox 1111 1730 1147 1756; x_wconf 78' lang='grc' dir='ltr'>υὺ</span> <span class='ocrx_word' id='word_1_646' title='bbox 1161 1731 1258 1764; x_wconf 75' lang='grc' dir='ltr'>Λόγον</span> <span class='ocrx_word' id='word_1_647' title='bbox 1283 1730 1362 1755; x_wconf 75' lang='grc' dir='ltr'>αὑτὸν</span> <span class='ocrx_word' id='word_1_648' title='bbox 1382 1730 1449 1764; x_wconf 76' lang='grc' dir='ltr'>ἔφην</span> <span class='ocrx_word' id='word_1_649' title='bbox 1468 1729 1547 1764; x_wconf 88' lang='grc' dir='ltr'>μόνον</span> <span class='ocrx_word' id='word_1_650' title='bbox 1560 1749 1567 1760; x_wconf 94' lang='lat'><strong>,</strong></span> <span class='ocrx_word' id='word_1_651' title='bbox 1591 1728 1671 1755; x_wconf 68' lang='grc' dir='ltr'><em>ἀλλὰ</em></span> <span class='ocrx_word' id='word_1_652' title='bbox 1693 1727 1742 1754; x_wconf 76' lang='grc' dir='ltr'>καὶ</span> <span class='ocrx_word' id='word_1_653' title='bbox 1758 1726 1834 1753; x_wconf 68' lang='grc' dir='ltr'><strong>Θεὸν</strong></span> <span class='ocrx_word' id='word_1_654' title='bbox 1848 1725 1897 1752; x_wconf 69' lang='grc' dir='ltr'>καὶ</span> 
     </span>
    </p>
   </div>
   <div class='ocr_carea' id='block_1_81' title="bbox 1110 1773 1896 1809">
    <p class='ocr_par' dir='ltr' id='par_1_81' title="bbox 1110 1773 1896 1809">
     <span class='ocr_line' id='line_1_81' title="bbox 1110 1773 1896 1809; baseline -0.003 -9"><span class='ocrx_word' id='word_1_655' title='bbox 1110 1773 1172 1809; x_wconf 66' lang='grc' dir='ltr'><em>φῶς</em></span> <span class='ocrx_word' id='word_1_656' title='bbox 1184 1774 1217 1800; x_wconf 74' lang='grc' dir='ltr'><strong>τὸ</strong></span> <span class='ocrx_word' id='word_1_657' title='bbox 1233 1773 1357 1808; x_wconf 69' lang='grc' dir='ltr'>φωτίζον</span> <span class='ocrx_word' id='word_1_658' title='bbox 1378 1774 1476 1800; x_wconf 72' lang='grc' dir='ltr'>,πάντα</span> <span class='ocrx_word' id='word_1_659' title='bbox 1499 1773 1656 1809; x_wconf 72' lang='grc' dir='ltr'>ἄνθρωπον</span> <span class='ocrx_word' id='word_1_660' title='bbox 1677 1773 1840 1808; x_wconf 77' lang='grc' dir='ltr'>ἐρχόμενον</span> <span class='ocrx_word' id='word_1_661' title='bbox 1853 1773 1896 1804; x_wconf 78' lang='grc' dir='ltr'><strong>εἰς</strong></span> 
     </span>
    </p>
   </div>
   <div class='ocr_carea' id='block_1_82' title="bbox 1109 1817 1898 1854">
    <p class='ocr_par' dir='ltr' id='par_1_82' title="bbox 1109 1817 1898 1854">
     <span class='ocr_line' id='line_1_82' title="bbox 1109 1817 1898 1854; baseline -0.001 -9"><span class='ocrx_word' id='word_1_662' title='bbox 1109 1819 1162 1846; x_wconf 83' lang='grc' dir='ltr'><strong>τὸν</strong></span> <span class='ocrx_word' id='word_1_663' title='bbox 1179 1820 1305 1854; x_wconf 79' lang='grc' dir='ltr'>κόσμον,</span> <span class='ocrx_word' id='word_1_664' title='bbox 1320 1819 1368 1846; x_wconf 79' lang='grc' dir='ltr'>καὶ</span> <span class='ocrx_word' id='word_1_665' title='bbox 1384 1819 1538 1854; x_wconf 75' lang='grc' dir='ltr'>Μονογενῆ</span> <span class='ocrx_word' id='word_1_666' title='bbox 1558 1819 1626 1846; x_wconf 81' lang='grc' dir='ltr'><strong>Υἰὸν</strong></span> <span class='ocrx_word' id='word_1_667' title='bbox 1640 1819 1694 1846; x_wconf 79' lang='grc' dir='ltr'>τὸν</span> <span class='ocrx_word' id='word_1_668' title='bbox 1704 1819 1748 1850; x_wconf 79' lang='grc' dir='ltr'><strong>εἷς</strong></span> <span class='ocrx_word' id='word_1_669' title='bbox 1762 1817 1816 1844; x_wconf 83' lang='grc' dir='ltr'><strong>τὸν</strong></span> <span class='ocrx_word' id='word_1_670' title='bbox 1827 1818 1898 1844; x_wconf 74' lang='grc' dir='ltr'>κόλ-</span> 
     </span>
    </p>
   </div>
   <div class='ocr_carea' id='block_1_83' title="bbox 1109 1863 1896 1901">
    <p class='ocr_par' dir='ltr' id='par_1_83' title="bbox 1109 1863 1896 1901">
     <span class='ocr_line' id='line_1_83' title="bbox 1109 1863 1896 1901; baseline -0.004 -9"><span class='ocrx_word' id='word_1_671' title='bbox 1109 1875 1168 1892; x_wconf 84' lang='grc' dir='ltr'>πον</span> <span class='ocrx_word' id='word_1_672' title='bbox 1183 1866 1235 1892; x_wconf 87' lang='grc' dir='ltr'><strong>τοῦ</strong></span> <span class='ocrx_word' id='word_1_673' title='bbox 1257 1866 1380 1899; x_wconf 80' lang='grc' dir='ltr'>Πατρός.</span> <span class='ocrx_word' id='word_1_674' title='bbox 1392 1867 1436 1901; x_wconf 85' lang='grc' dir='ltr'><strong>Μὴ</strong></span> <span class='ocrx_word' id='word_1_675' title='bbox 1447 1866 1478 1901; x_wconf 83' lang='grc' dir='ltr'><strong>δὴ</strong></span> <span class='ocrx_word' id='word_1_676' title='bbox 1496 1866 1574 1901; x_wconf 85' lang='grc' dir='ltr'>μόνον</span> <span class='ocrx_word' id='word_1_677' title='bbox 1588 1863 1635 1892; x_wconf 81' lang='grc' dir='ltr'>οὖν</span> <span class='ocrx_word' id='word_1_678' title='bbox 1645 1864 1846 1899; x_wconf 73' lang='grc' dir='ltr'>συκοφαντείτω</span> <span class='ocrx_word' id='word_1_679' title='bbox 1855 1871 1896 1894; x_wconf 75' lang='grc' dir='ltr'>τις</span> 
     </span>
    </p>
   </div>
   <div class='ocr_carea' id='block_1_84' title="bbox 1109 1910 1896 1947">
    <p class='ocr_par' dir='ltr' id='par_1_84' title="bbox 1109 1910 1896 1947">
     <span class='ocr_line' id='line_1_84' title="bbox 1109 1910 1896 1947; baseline -0.003 -10"><span class='ocrx_word' id='word_1_680' title='bbox 1109 1912 1153 1938; x_wconf 83' lang='grc' dir='ltr'>τὸν</span> <span class='ocrx_word' id='word_1_681' title='bbox 1162 1911 1284 1946; x_wconf 86' lang='grc' dir='ltr'>θεολόγον</span> <span class='ocrx_word' id='word_1_682' title='bbox 1295 1911 1361 1946; x_wconf 84' lang='grc'><strong>(19),</strong></span> <span class='ocrx_word' id='word_1_683' title='bbox 1373 1912 1429 1938; x_wconf 77' lang='grc' dir='ltr'>ἀλλ’</span> <span class='ocrx_word' id='word_1_684' title='bbox 1442 1912 1562 1947; x_wconf 77' lang='grc' dir='ltr'>ἀκριϐῶς</span> <span class='ocrx_word' id='word_1_685' title='bbox 1576 1912 1696 1938; x_wconf 84' lang='grc' dir='ltr'>ὲπαῖέτω</span> <span class='ocrx_word' id='word_1_686' title='bbox 1707 1910 1896 1942; x_wconf 76' lang='grc' dir='ltr'>αὐτοῦ,όποίον</span> 
     </span>
    </p>
   </div>
   <div class='ocr_carea' id='block_1_85' title="bbox 1108 1953 1897 1993">
    <p class='ocr_par' dir='ltr' id='par_1_85' title="bbox 1108 1953 1897 1993">
     <span class='ocr_line' id='line_1_85' title="bbox 1108 1953 1897 1993; baseline -0.001 -10"><span class='ocrx_word' id='word_1_687' title='bbox 1108 1957 1222 1983; x_wconf 80' lang='grc' dir='ltr'>ὑπέθετο</span> <span class='ocrx_word' id='word_1_688' title='bbox 1236 1957 1332 1992; x_wconf 84' lang='grc' dir='ltr'>Λόγον,</span> <span class='ocrx_word' id='word_1_689' title='bbox 1341 1958 1416 1993; x_wconf 87' lang='grc' dir='ltr'>παρὰ</span> <span class='ocrx_word' id='word_1_690' title='bbox 1432 1958 1514 1989; x_wconf 81' lang='grc' dir='ltr'>πόδας</span> <span class='ocrx_word' id='word_1_691' title='bbox 1526 1957 1656 1992; x_wconf 78' lang='grc' dir='ltr'>συνάψας,</span> <span class='ocrx_word' id='word_1_692' title='bbox 1677 1956 1732 1984; x_wconf 75' lang='lat' dir='ltr'><strong>Kal</strong></span> <span class='ocrx_word' id='word_1_693' title='bbox 1746 1956 1819 1989; x_wconf 79' lang='grc' dir='ltr'><strong>Θεὸς</strong></span> <span class='ocrx_word' id='word_1_694' title='bbox 1830 1953 1870 1990; x_wconf 79' lang='grc' dir='ltr'><strong>ἧν·</strong></span> <span class='ocrx_word' id='word_1_695' title='bbox 1879 1957 1897 1982; x_wconf 81' lang='grc' dir='ltr'><em>ὁ</em></span> 
     </span>
    </p>
   </div>
   <div class='ocr_carea' id='block_1_86' title="bbox 1109 2000 1894 2041">
    <p class='ocr_par' dir='ltr' id='par_1_86' title="bbox 1109 2000 1894 2041">
     <span class='ocr_line' id='line_1_86' title="bbox 1109 2000 1894 2041; baseline -0.006 -9"><span class='ocrx_word' id='word_1_696' title='bbox 1109 2006 1204 2040; x_wconf 80' lang='grc' dir='ltr'><strong>Λόγος</strong></span> <span class='ocrx_word' id='word_1_697' title='bbox 1214 2013 1221 2020; x_wconf 68' lang='grc'><strong>⁸</strong></span> <span class='ocrx_word' id='word_1_698' title='bbox 1234 2005 1280 2032; x_wconf 78' lang='grc' dir='ltr'>καὶ</span> <span class='ocrx_word' id='word_1_699' title='bbox 1291 2004 1445 2041; x_wconf 74' lang='grc' dir='ltr'>προστιθεὶς</span> <span class='ocrx_word' id='word_1_700' title='bbox 1458 2003 1498 2035; x_wconf 80' lang='grc' dir='ltr'><strong>τὸ,</strong></span> <span class='ocrx_word' id='word_1_701' title='bbox 1509 2003 1609 2030; x_wconf 79' lang='grc' dir='ltr'>Πάντα</span> <span class='ocrx_word' id='word_1_702' title='bbox 1617 2001 1755 2030; x_wconf 79' lang='grc' dir='ltr'>διἀὺτοῦ</span> <span class='ocrx_word' id='word_1_703' title='bbox 1766 2000 1894 2035; x_wconf 73' lang='grc' dir='ltr'>ἐγένετο.</span> 
     </span>
    </p>
   </div>
   <div class='ocr_carea' id='block_1_87' title="bbox 1109 2045 1896 2083">
    <p class='ocr_par' dir='ltr' id='par_1_87' title="bbox 1109 2045 1896 2083">
     <span class='ocr_line' id='line_1_87' title="bbox 1109 2045 1896 2083; baseline -0.006 -7"><span class='ocrx_word' id='word_1_704' title='bbox 1109 2050 1187 2076; x_wconf 84' lang='grc' dir='ltr'>Κατὰ</span> <span class='ocrx_word' id='word_1_705' title='bbox 1204 2050 1234 2076; x_wconf 81' lang='grc' dir='ltr'><strong>δὲ</strong></span> <span class='ocrx_word' id='word_1_706' title='bbox 1259 2050 1339 2076; x_wconf 77' lang='grc' dir='ltr'>αὐτὸν</span> <span class='ocrx_word' id='word_1_707' title='bbox 1363 2048 1408 2075; x_wconf 80' lang='grc' dir='ltr'>τὸν</span> <span class='ocrx_word' id='word_1_708' title='bbox 1433 2048 1487 2075; x_wconf 86' lang='grc' dir='ltr'>τῶν</span> <span class='ocrx_word' id='word_1_709' title='bbox 1507 2048 1574 2075; x_wconf 78' lang='grc' dir='ltr'>ὅλων</span> <span class='ocrx_word' id='word_1_710' title='bbox 1595 2048 1710 2083; x_wconf 82' lang='grc' dir='ltr'>Σωτῆρα</span> <span class='ocrx_word' id='word_1_711' title='bbox 1735 2045 1796 2072; x_wconf 80' lang='grc' dir='ltr'><strong>οὐδὲ</strong></span> <span class='ocrx_word' id='word_1_712' title='bbox 1821 2045 1896 2077; x_wconf 70' lang='grc' dir='ltr'>ἅπαξ</span> 
     </span>
    </p>
   </div>
   <div class='ocr_carea' id='block_1_88' title="bbox 1109 2090 1894 2130">
    <p class='ocr_par' dir='ltr' id='par_1_88' title="bbox 1109 2090 1894 2130">
     <span class='ocr_line' id='line_1_88' title="bbox 1109 2090 1894 2130; baseline -0.004 -10"><span class='ocrx_word' id='word_1_713' title='bbox 1109 2095 1266 2130; x_wconf 82' lang='grc' dir='ltr'>ὠνόμασται</span> <span class='ocrx_word' id='word_1_714' title='bbox 1281 2096 1376 2129; x_wconf 76' lang='grc' dir='ltr'>Λόγος,</span> <span class='ocrx_word' id='word_1_715' title='bbox 1402 2093 1470 2121; x_wconf 82' lang='grc' dir='ltr'>ἀλλὰ</span> <span class='ocrx_word' id='word_1_716' title='bbox 1486 2094 1550 2125; x_wconf 80' lang='grc' dir='ltr'><strong>Υἱὸς</strong></span> <span class='ocrx_word' id='word_1_717' title='bbox 1566 2093 1645 2125; x_wconf 84' lang='grc' dir='ltr'>Θεοῦ,</span> <span class='ocrx_word' id='word_1_718' title='bbox 1662 2092 1709 2119; x_wconf 78' lang='grc' dir='ltr'>καὶ</span> <span class='ocrx_word' id='word_1_719' title='bbox 1727 2090 1894 2125; x_wconf 79' lang='grc' dir='ltr'>Μονογενὴς.</span> 
     </span>
    </p>
   </div>
   <div class='ocr_carea' id='block_1_89' title="bbox 1109 2136 1895 2177">
    <p class='ocr_par' dir='ltr' id='par_1_89' title="bbox 1109 2136 1895 2177">
     <span class='ocr_line' id='line_1_89' title="bbox 1109 2136 1895 2177; baseline -0.005 -9"><span class='ocrx_word' id='word_1_720' title='bbox 1109 2142 1157 2168; x_wconf 77' lang='grc' dir='ltr'>καὶ</span> <span class='ocrx_word' id='word_1_721' title='bbox 1174 2141 1241 2176; x_wconf 80' lang='grc' dir='ltr'><strong>φῶς,</strong></span> <span class='ocrx_word' id='word_1_722' title='bbox 1264 2142 1312 2168; x_wconf 69' lang='grc' dir='ltr'>καὶ</span> <span class='ocrx_word' id='word_1_723' title='bbox 1333 2141 1400 2177; x_wconf 79' lang='grc' dir='ltr'><strong>ζωὴ,</strong></span> <span class='ocrx_word' id='word_1_724' title='bbox 1424 2141 1470 2167; x_wconf 84' lang='grc' dir='ltr'>καὶ</span> <span class='ocrx_word' id='word_1_725' title='bbox 1486 2139 1608 2175; x_wconf 83' lang='grc' dir='ltr'>ἀλήθεια,</span> <span class='ocrx_word' id='word_1_726' title='bbox 1626 2139 1673 2166; x_wconf 75' lang='grc' dir='ltr'>καὶ</span> <span class='ocrx_word' id='word_1_727' title='bbox 1689 2138 1778 2166; x_wconf 83' lang='grc' dir='ltr'>πάντα</span> <span class='ocrx_word' id='word_1_728' title='bbox 1796 2136 1895 2173; x_wconf 74' lang='grc' dir='ltr'>μᾶλλον</span> 
     </span>
    </p>
   </div>
   <div class='ocr_carea' id='block_1_90' title="bbox 276 2181 1237 2221">
    <p class='ocr_par' dir='ltr' id='par_1_90' title="bbox 276 2181 1237 2221">
     <span class='ocr_line' id='line_1_90' title="bbox 276 2181 1237 2221; baseline 0.005 -13"><span class='ocrx_word' id='word_1_729' title='bbox 276 2189 377 2216; x_wconf 67' lang='lat' dir='ltr'><strong>«quam</strong></span> <span class='ocrx_word' id='word_1_730' title='bbox 405 2189 516 2209; x_wconf 89' lang='lat' dir='ltr'><strong>carnem</strong></span> <span class='ocrx_word' id='word_1_731' title='bbox 553 2182 698 2209; x_wconf 89' lang='lat' dir='ltr'><strong>humanam</strong></span> <span class='ocrx_word' id='word_1_732' title='bbox 736 2183 901 2215; x_wconf 89' lang='lat' dir='ltr'><strong>assumebat,</strong></span> <span class='ocrx_word' id='word_1_733' title='bbox 930 2183 964 2216; x_wconf 88' lang='lat' dir='ltr'><strong>is,</strong></span> <span class='ocrx_word' id='word_1_734' title='bbox 998 2185 1055 2218; x_wconf 79' lang='lat' dir='ltr'><strong>qui,</strong></span> <span class='ocrx_word' id='word_1_735' title='bbox 1073 2181 1237 2221; x_wconf 75' lang='grc' dir='ltr'>υῆΛόγος.</span> 
     </span>
    </p>
   </div>
   <div class='ocr_carea' id='block_1_91' title="bbox 276 2227 1901 2268">
    <p class='ocr_par' dir='ltr' id='par_1_91' title="bbox 276 2227 1901 2268">
     <span class='ocr_line' id='line_1_91' title="bbox 276 2227 1901 2268; baseline 0.001 -14"><span class='ocrx_word' id='word_1_736' title='bbox 276 2229 370 2263; x_wconf 75' lang='grc' dir='ltr'>ιιιυού</span> <span class='ocrx_word' id='word_1_737' title='bbox 390 2227 424 2255; x_wconf 88' lang='lat' dir='ltr'><strong>ab</strong></span> <span class='ocrx_word' id='word_1_738' title='bbox 443 2229 502 2263; x_wconf 89' lang='lat' dir='ltr'><strong>ipso</strong></span> <span class='ocrx_word' id='word_1_739' title='bbox 524 2229 654 2263; x_wconf 78' lang='lat' dir='ltr'><strong>scriptum</strong></span> <span class='ocrx_word' id='word_1_740' title='bbox 686 2232 738 2261; x_wconf 85' lang='lat' dir='ltr'><strong>est,</strong></span> <span class='ocrx_word' id='word_1_741' title='bbox 771 2229 911 2256; x_wconf 88' lang='lat' dir='ltr'><strong>descendit</strong></span> <span class='ocrx_word' id='word_1_742' title='bbox 930 2229 956 2255; x_wconf 90' lang='lat' dir='ltr'><strong>in</strong></span> <span class='ocrx_word' id='word_1_743' title='bbox 994 2231 1150 2259; x_wconf 90' lang='lat' dir='ltr'><strong>novissimis</strong></span> <span class='ocrx_word' id='word_1_744' title='bbox 1179 2233 1362 2268; x_wconf 84' lang='lat' dir='ltr'><strong>temporibus?</strong></span> <span class='ocrx_word' id='word_1_745' title='bbox 1387 2239 1460 2260; x_wconf 87' lang='lat' dir='ltr'><strong>certe</strong></span> <span class='ocrx_word' id='word_1_746' title='bbox 1488 2236 1567 2259; x_wconf 83' lang='lat' dir='ltr'><strong>natus</strong></span> <span class='ocrx_word' id='word_1_747' title='bbox 1583 2232 1617 2259; x_wconf 90' lang='lat' dir='ltr'><strong>de</strong></span> <span class='ocrx_word' id='word_1_748' title='bbox 1645 2230 1755 2265; x_wconf 87' lang='lat' dir='ltr'><strong>Virgine</strong></span> <span class='ocrx_word' id='word_1_749' title='bbox 1777 2229 1847 2257; x_wconf 86' lang='lat' dir='ltr'><strong>nihil</strong></span> <span class='ocrx_word' id='word_1_750' title='bbox 1868 2237 1901 2256; x_wconf 59' lang='lat' dir='ltr'><strong>av</strong></span> 
     </span>
    </p>
   </div>
   <div class='ocr_carea' id='block_1_92' title="bbox 275 2273 1895 2316">
    <p class='ocr_par' dir='ltr' id='par_1_92' title="bbox 275 2273 1895 2316">
     <span class='ocr_line' id='line_1_92' title="bbox 275 2273 1895 2316; baseline 0.001 -15"><span class='ocrx_word' id='word_1_751' title='bbox 275 2286 284 2301; x_wconf 75' lang='grc' dir='ltr'><strong>ι</strong></span> <span class='ocrx_word' id='word_1_752' title='bbox 298 2276 352 2303; x_wconf 91' lang='lat' dir='ltr'><strong>liud</strong></span> <span class='ocrx_word' id='word_1_753' title='bbox 366 2280 434 2302; x_wconf 84' lang='lat' dir='ltr'><strong>erat.</strong></span> <span class='ocrx_word' id='word_1_754' title='bbox 451 2283 461 2301; x_wconf 75' lang='grc' dir='ltr'><strong>ι</strong></span> <span class='ocrx_word' id='word_1_755' title='bbox 477 2274 538 2302; x_wconf 67' lang='lat' dir='ltr'><strong>Haec</strong></span> <span class='ocrx_word' id='word_1_756' title='bbox 555 2273 634 2301; x_wconf 84' lang='lat' dir='ltr'><strong>facile</strong></span> <span class='ocrx_word' id='word_1_757' title='bbox 645 2273 694 2302; x_wconf 90' lang='lat' dir='ltr'><strong>fuit</strong></span> <span class='ocrx_word' id='word_1_758' title='bbox 727 2275 843 2301; x_wconf 91' lang='lat' dir='ltr'><strong>sciscere</strong></span> <span class='ocrx_word' id='word_1_759' title='bbox 862 2279 887 2301; x_wconf 92' lang='lat' dir='ltr'><strong>et</strong></span> <span class='ocrx_word' id='word_1_760' title='bbox 918 2276 1021 2302; x_wconf 80' lang='lat' dir='ltr'><strong>sentire</strong></span> <span class='ocrx_word' id='word_1_761' title='bbox 1050 2276 1188 2310; x_wconf 84' lang='lat' dir='ltr'><strong>Marcello,</strong></span> <span class='ocrx_word' id='word_1_762' title='bbox 1216 2284 1357 2314; x_wconf 89' lang='lat' dir='ltr'><strong>propterea</strong></span> <span class='ocrx_word' id='word_1_763' title='bbox 1386 2279 1456 2313; x_wconf 88' lang='lat' dir='ltr'><strong>quod</strong></span> <span class='ocrx_word' id='word_1_764' title='bbox 1470 2277 1566 2305; x_wconf 79' lang='lat' dir='ltr'><strong>Filium</strong></span> <span class='ocrx_word' id='word_1_765' title='bbox 1592 2277 1637 2304; x_wconf 86' lang='lat' dir='ltr'><strong>Dei</strong></span> <span class='ocrx_word' id='word_1_766' title='bbox 1656 2283 1708 2303; x_wconf 88' lang='lat' dir='ltr'><strong>non</strong></span> <span class='ocrx_word' id='word_1_767' title='bbox 1726 2275 1895 2316; x_wconf 69' lang='lat' dir='ltr'><strong>profiteatur.</strong></span> 
     </span>
    </p>
   </div>
   <div class='ocr_carea' id='block_1_93' title="bbox 272 2319 1893 2357">
    <p class='ocr_par' dir='ltr' id='par_1_93' title="bbox 272 2319 1893 2357">
     <span class='ocr_line' id='line_1_93' title="bbox 272 2319 1893 2357; baseline -0.002 -8"><span class='ocrx_word' id='word_1_768' title='bbox 272 2323 305 2349; x_wconf 85' lang='lat' dir='ltr'><strong>ad</strong></span> <span class='ocrx_word' id='word_1_769' title='bbox 322 2329 402 2357; x_wconf 90' lang='lat' dir='ltr'><strong>quem</strong></span> <span class='ocrx_word' id='word_1_770' title='bbox 417 2328 465 2348; x_wconf 86' lang='lat' dir='ltr'><strong>sua</strong></span> <span class='ocrx_word' id='word_1_771' title='bbox 490 2319 624 2348; x_wconf 77' lang='lat' dir='ltr'><strong>referebat</strong></span> <span class='ocrx_word' id='word_1_772' title='bbox 648 2320 822 2354; x_wconf 78' lang='lat' dir='ltr'><strong>evangelista.</strong></span> <span class='ocrx_word' id='word_1_773' title='bbox 848 2320 916 2354; x_wconf 87' lang='lat' dir='ltr'><strong>Quid</strong></span> <span class='ocrx_word' id='word_1_774' title='bbox 942 2323 992 2354; x_wconf 87' lang='lat' dir='ltr'><strong>ais,</strong></span> <span class='ocrx_word' id='word_1_775' title='bbox 1026 2323 1061 2349; x_wconf 90' lang='lat' dir='ltr'><strong>mi</strong></span> <span class='ocrx_word' id='word_1_776' title='bbox 1083 2323 1184 2351; x_wconf 87' lang='lat' dir='ltr'><strong>homo?</strong></span> <span class='ocrx_word' id='word_1_777' title='bbox 1217 2324 1274 2352; x_wconf 79' lang='lat' dir='ltr'><strong>Non</strong></span> <span class='ocrx_word' id='word_1_778' title='bbox 1299 2325 1373 2352; x_wconf 92' lang='lat' dir='ltr'><strong>illum</strong></span> <span class='ocrx_word' id='word_1_779' title='bbox 1403 2324 1571 2352; x_wconf 89' lang='lat' dir='ltr'><strong>solummodo</strong></span> <span class='ocrx_word' id='word_1_780' title='bbox 1594 2320 1745 2350; x_wconf 78' lang='lat' dir='ltr'><strong>nominavit</strong></span> <span class='ocrx_word' id='word_1_781' title='bbox 1768 2319 1893 2354; x_wconf 63' lang='grc' dir='ltr'><strong>γετιυη,</strong></span> 
     </span>
    </p>
   </div>
   <div class='ocr_carea' id='block_1_94' title="bbox 271 2359 1895 2406">
    <p class='ocr_par' dir='ltr' id='par_1_94' title="bbox 271 2359 1895 2406">
     <span class='ocr_line' id='line_1_94' title="bbox 271 2359 1895 2406; baseline 0.001 -12"><span class='ocrx_word' id='word_1_782' title='bbox 271 2368 316 2395; x_wconf 69' lang='lat' dir='ltr'><strong>sed</strong></span> <span class='ocrx_word' id='word_1_783' title='bbox 329 2372 353 2394; x_wconf 77' lang='lat' dir='ltr'><strong>et</strong></span> <span class='ocrx_word' id='word_1_784' title='bbox 366 2359 474 2393; x_wconf 44' lang='lat' dir='ltr'><strong>&#39;Deum:</strong></span> <span class='ocrx_word' id='word_1_785' title='bbox 489 2366 534 2392; x_wconf 71' lang='lat' dir='ltr'><strong>sed</strong></span> <span class='ocrx_word' id='word_1_786' title='bbox 547 2368 641 2397; x_wconf 77' lang='lat' dir='ltr'><strong>lucem,</strong></span> <span class='ocrx_word' id='word_1_787' title='bbox 655 2365 850 2392; x_wconf 74' lang='lat' dir='ltr'><strong>illuminantem</strong></span> <span class='ocrx_word' id='word_1_788' title='bbox 879 2374 980 2393; x_wconf 79' lang='lat' dir='ltr'><strong>omnem</strong></span> <span class='ocrx_word' id='word_1_789' title='bbox 1000 2367 1130 2394; x_wconf 71' lang='lat' dir='ltr'><strong>hominem</strong></span> <span class='ocrx_word' id='word_1_790' title='bbox 1152 2370 1180 2396; x_wconf 77' lang='lat' dir='ltr'><strong>in</strong></span> <span class='ocrx_word' id='word_1_791' title='bbox 1215 2369 1282 2396; x_wconf 83' lang='lat' dir='ltr'><strong>hunc</strong></span> <span class='ocrx_word' id='word_1_792' title='bbox 1318 2370 1445 2396; x_wconf 85' lang='lat' dir='ltr'><strong>mundum</strong></span> <span class='ocrx_word' id='word_1_793' title='bbox 1476 2370 1620 2397; x_wconf 75' lang='lat' dir='ltr'><strong>uenientem</strong></span> <span class='ocrx_word' id='word_1_794' title='bbox 1639 2378 1650 2398; x_wconf 86' lang='lat'><strong><em>:</em></strong></span> <span class='ocrx_word' id='word_1_795' title='bbox 1668 2371 1715 2397; x_wconf 70' lang='lat' dir='ltr'><strong>sed</strong></span> <span class='ocrx_word' id='word_1_796' title='bbox 1731 2371 1895 2406; x_wconf 65' lang='lat' dir='ltr'><strong>unigenitum</strong></span> 
     </span>
    </p>
   </div>
   <div class='ocr_carea' id='block_1_95' title="bbox 274 2411 1894 2452">
    <p class='ocr_par' dir='ltr' id='par_1_95' title="bbox 274 2411 1894 2452">
     <span class='ocr_line' id='line_1_95' title="bbox 274 2411 1894 2452; baseline 0.002 -13"><span class='ocrx_word' id='word_1_797' title='bbox 274 2413 384 2444; x_wconf 80' lang='lat' dir='ltr'><strong>Filium,</strong></span> <span class='ocrx_word' id='word_1_798' title='bbox 403 2412 447 2446; x_wconf 86' lang='lat' dir='ltr'><strong>qui</strong></span> <span class='ocrx_word' id='word_1_799' title='bbox 465 2412 515 2446; x_wconf 75' lang='lat' dir='ltr'><strong>fuit</strong></span> <span class='ocrx_word' id='word_1_800' title='bbox 533 2412 561 2438; x_wconf 86' lang='lat' dir='ltr'><strong>in</strong></span> <span class='ocrx_word' id='word_1_801' title='bbox 580 2412 641 2438; x_wconf 78' lang='lat' dir='ltr'><strong>sinu</strong></span> <span class='ocrx_word' id='word_1_802' title='bbox 661 2411 783 2438; x_wconf 80' lang='lat' dir='ltr'><strong>Patris&#39;.</strong></span> <span class='ocrx_word' id='word_1_803' title='bbox 804 2411 889 2440; x_wconf 86' lang='lat' dir='ltr'><strong>Nemo</strong></span> <span class='ocrx_word' id='word_1_804' title='bbox 918 2413 1019 2441; x_wconf 87' lang='lat' dir='ltr'><strong>idcirco</strong></span> <span class='ocrx_word' id='word_1_805' title='bbox 1031 2414 1066 2441; x_wconf 89' lang='lat' dir='ltr'><strong>de</strong></span> <span class='ocrx_word' id='word_1_806' title='bbox 1085 2415 1147 2442; x_wconf 91' lang='lat' dir='ltr'><strong>hinc</strong></span> <span class='ocrx_word' id='word_1_807' title='bbox 1172 2416 1323 2452; x_wconf 75' lang='lat' dir='ltr'><strong>theologum</strong></span> <span class='ocrx_word' id='word_1_808' title='bbox 1359 2421 1385 2444; x_wconf 85' lang='lat' dir='ltr'><strong>et</strong></span> <span class='ocrx_word' id='word_1_809' title='bbox 1409 2417 1598 2452; x_wconf 73' lang='lat' dir='ltr'><strong>evangelistam</strong></span> <span class='ocrx_word' id='word_1_810' title='bbox 1622 2417 1815 2448; x_wconf 81' lang='lat' dir='ltr'><strong>calumnietur,</strong></span> <span class='ocrx_word' id='word_1_811' title='bbox 1844 2417 1894 2443; x_wconf 83' lang='lat' dir='ltr'><strong>sed</strong></span> 
     </span>
    </p>
   </div>
   <div class='ocr_carea' id='block_1_96' title="bbox 272 2457 1896 2495">
    <p class='ocr_par' dir='ltr' id='par_1_96' title="bbox 272 2457 1896 2495">
     <span class='ocr_line' id='line_1_96' title="bbox 272 2457 1896 2495; baseline 0.001 -10"><span class='ocrx_word' id='word_1_812' title='bbox 272 2466 333 2486; x_wconf 90' lang='lat' dir='ltr'><strong>cum</strong></span> <span class='ocrx_word' id='word_1_813' title='bbox 359 2458 533 2485; x_wconf 82' lang='lat' dir='ltr'><strong>accuratione</strong></span> <span class='ocrx_word' id='word_1_814' title='bbox 553 2457 627 2484; x_wconf 91' lang='lat' dir='ltr'><strong>illum</strong></span> <span class='ocrx_word' id='word_1_815' title='bbox 653 2457 754 2488; x_wconf 83' lang='lat' dir='ltr'><strong>audiat,</strong></span> <span class='ocrx_word' id='word_1_816' title='bbox 780 2457 926 2491; x_wconf 86' lang='lat' dir='ltr'><strong>qualenam</strong></span> <span class='ocrx_word' id='word_1_817' title='bbox 944 2457 1061 2485; x_wconf 87' lang='lat' dir='ltr'><strong>Verbum</strong></span> <span class='ocrx_word' id='word_1_818' title='bbox 1082 2459 1251 2494; x_wconf 79' lang='lat' dir='ltr'><strong>designabat,</strong></span> <span class='ocrx_word' id='word_1_819' title='bbox 1283 2469 1344 2488; x_wconf 87' lang='lat' dir='ltr'><strong>cum</strong></span> <span class='ocrx_word' id='word_1_820' title='bbox 1359 2462 1451 2488; x_wconf 89' lang='lat' dir='ltr'><strong>statim</strong></span> <span class='ocrx_word' id='word_1_821' title='bbox 1465 2461 1597 2495; x_wconf 89' lang='lat' dir='ltr'><strong>intulerit,</strong></span> <span class='ocrx_word' id='word_1_822' title='bbox 1612 2461 1645 2488; x_wconf 83' lang='lat' dir='ltr'><strong>Et</strong></span> <span class='ocrx_word' id='word_1_823' title='bbox 1664 2461 1735 2489; x_wconf 73' lang='lat' dir='ltr'><strong>Deus</strong></span> <span class='ocrx_word' id='word_1_824' title='bbox 1746 2466 1806 2489; x_wconf 79' lang='lat' dir='ltr'><strong>erat</strong></span> <span class='ocrx_word' id='word_1_825' title='bbox 1833 2460 1896 2488; x_wconf 79' lang='lat' dir='ltr'><strong>Ver—</strong></span> 
     </span>
    </p>
   </div>
   <div class='ocr_carea' id='block_1_97' title="bbox 272 2503 1897 2544">
    <p class='ocr_par' dir='ltr' id='par_1_97' title="bbox 272 2503 1897 2544">
     <span class='ocr_line' id='line_1_97' title="bbox 272 2503 1897 2544; baseline 0.002 -13"><span class='ocrx_word' id='word_1_826' title='bbox 272 2506 343 2532; x_wconf 81' lang='lat' dir='ltr'><strong>bum.</strong></span> <span class='ocrx_word' id='word_1_827' title='bbox 371 2503 421 2532; x_wconf 82' lang='lat' dir='ltr'><strong>Cui</strong></span> <span class='ocrx_word' id='word_1_828' title='bbox 446 2509 473 2531; x_wconf 89' lang='lat' dir='ltr'><strong>et</strong></span> <span class='ocrx_word' id='word_1_829' title='bbox 492 2503 592 2539; x_wconf 86' lang='lat' dir='ltr'><strong>adjecit</strong></span> <span class='ocrx_word' id='word_1_830' title='bbox 612 2503 688 2537; x_wconf 89' lang='lat' dir='ltr'><strong>illud,</strong></span> <span class='ocrx_word' id='word_1_831' title='bbox 715 2503 810 2532; x_wconf 84' lang='lat' dir='ltr'><strong>Omnia</strong></span> <span class='ocrx_word' id='word_1_832' title='bbox 829 2512 874 2539; x_wconf 75' lang='lat' dir='ltr'><strong>per</strong></span> <span class='ocrx_word' id='word_1_833' title='bbox 892 2505 968 2531; x_wconf 87' lang='lat' dir='ltr'><strong>illum</strong></span> <span class='ocrx_word' id='word_1_834' title='bbox 987 2506 1058 2540; x_wconf 84' lang='lat' dir='ltr'><strong>[acta</strong></span> <span class='ocrx_word' id='word_1_835' title='bbox 1076 2507 1183 2534; x_wconf 79' lang='lat' dir='ltr'><strong>sunt&quot;.</strong></span> <span class='ocrx_word' id='word_1_836' title='bbox 1210 2509 1245 2535; x_wconf 89' lang='lat' dir='ltr'><strong>At</strong></span> <span class='ocrx_word' id='word_1_837' title='bbox 1269 2508 1304 2535; x_wconf 88' lang='lat' dir='ltr'><strong>ab</strong></span> <span class='ocrx_word' id='word_1_838' title='bbox 1329 2509 1445 2544; x_wconf 79' lang='lat' dir='ltr'><strong>ipsoniet</strong></span> <span class='ocrx_word' id='word_1_839' title='bbox 1476 2509 1622 2537; x_wconf 86' lang='lat' dir='ltr'><strong>Servatore</strong></span> <span class='ocrx_word' id='word_1_840' title='bbox 1654 2509 1849 2542; x_wconf 78' lang='lat' dir='ltr'><strong>universitatis,</strong></span> <span class='ocrx_word' id='word_1_841' title='bbox 1862 2515 1897 2535; x_wconf 89' lang='lat' dir='ltr'><strong>ne</strong></span> 
     </span>
    </p>
   </div>
   <div class='ocr_carea' id='block_1_98' title="bbox 309 2572 648 2607">
    <p class='ocr_par' dir='ltr' id='par_1_98' title="bbox 309 2572 648 2607">
     <span class='ocr_line' id='line_1_98' title="bbox 309 2572 648 2607; baseline -0.006 -6"><span class='ocrx_word' id='word_1_842' title='bbox 309 2577 338 2606; x_wconf 48' lang='grc' dir='ltr'>ᾖ</span> <span class='ocrx_word' id='word_1_843' title='bbox 356 2574 405 2601; x_wconf 85' lang='lat' dir='ltr'><strong>Ed.</strong></span> <span class='ocrx_word' id='word_1_844' title='bbox 424 2572 513 2600; x_wconf 77' lang='lat' dir='ltr'><strong>Paris.</strong></span> <span class='ocrx_word' id='word_1_845' title='bbox 527 2580 587 2607; x_wconf 82' lang='lat' dir='ltr'><strong>pag.</strong></span> <span class='ocrx_word' id='word_1_846' title='bbox 601 2572 648 2599; x_wconf 73' lang='lat'><strong>92.</strong></span> 
     </span>
    </p>
   </div>
   <div class='ocr_carea' id='block_1_99' title="bbox 307 2606 1055 2642">
    <p class='ocr_par' dir='ltr' id='par_1_99' title="bbox 307 2606 1055 2642">
     <span class='ocr_line' id='line_1_99' title="bbox 307 2606 1055 2642; baseline -0.003 -6"><span class='ocrx_word' id='word_1_847' title='bbox 307 2611 316 2625; x_wconf 94' lang='grc'><strong>⁷</strong></span> <span class='ocrx_word' id='word_1_848' title='bbox 331 2609 409 2636; x_wconf 75' lang='lat' dir='ltr'><strong>Joan.</strong></span> <span class='ocrx_word' id='word_1_849' title='bbox 421 2617 480 2641; x_wconf 80' lang='lat' dir='ltr'><strong>vui,</strong></span> <span class='ocrx_word' id='word_1_850' title='bbox 500 2606 544 2642; x_wconf 84' lang='grc' dir='ltr'>Π,</span> <span class='ocrx_word' id='word_1_851' title='bbox 559 2609 601 2635; x_wconf 82' lang='grc'><strong>18.</strong></span> <span class='ocrx_word' id='word_1_852' title='bbox 639 2608 649 2623; x_wconf 85' lang='grc'><strong>⁸</strong></span> <span class='ocrx_word' id='word_1_853' title='bbox 667 2607 732 2634; x_wconf 90' lang='lat' dir='ltr'><strong>ibid.</strong></span> <span class='ocrx_word' id='word_1_854' title='bbox 748 2606 793 2640; x_wconf 84' lang='grc'><strong>51,</strong></span> <span class='ocrx_word' id='word_1_855' title='bbox 805 2607 850 2635; x_wconf 75' lang='lat'><strong>5‘2.</strong></span> <span class='ocrx_word' id='word_1_856' title='bbox 887 2608 897 2623; x_wconf 85' lang='lat'><strong>’</strong></span> <span class='ocrx_word' id='word_1_857' title='bbox 912 2607 990 2635; x_wconf 82' lang='lat' dir='ltr'><strong>Joan.</strong></span> <span class='ocrx_word' id='word_1_858' title='bbox 1010 2616 1029 2639; x_wconf 82' lang='lat' dir='ltr'><strong>I,</strong></span> <span class='ocrx_word' id='word_1_859' title='bbox 1054 2620 1055 2623; x_wconf 57' lang='grc' dir='ltr'><strong>η</strong></span> 
     </span>
    </p>
   </div>
   <div class='ocr_carea' id='block_1_100' title="bbox 1108 2606 1366 2642">
    <p class='ocr_par' dir='ltr' id='par_1_100' title="bbox 1108 2607 1366 2640">
     <span class='ocr_line' id='line_1_100' title="bbox 1108 2607 1366 2640; baseline 0 -6"><span class='ocrx_word' id='word_1_860' title='bbox 1108 2614 1121 2640; x_wconf 71' lang='grc' dir='ltr'>ι,</span> <span class='ocrx_word' id='word_1_861' title='bbox 1143 2607 1186 2634; x_wconf 83' lang='grc'><strong>18.</strong></span> <span class='ocrx_word' id='word_1_862' title='bbox 1225 2607 1248 2623; x_wconf 87' lang='grc'><strong>¹⁰</strong></span> <span class='ocrx_word' id='word_1_863' title='bbox 1259 2607 1326 2634; x_wconf 84' lang='lat' dir='ltr'><strong>ibid.</strong></span> <span class='ocrx_word' id='word_1_864' title='bbox 1339 2609 1366 2636; x_wconf 81' lang='grc'><strong>5.</strong></span> 
     </span>
    </p>
   </div>
   <div class='ocr_carea' id='block_1_101' title="bbox 305 2677 744 2714">
    <p class='ocr_par' dir='ltr' id='par_1_101' title="bbox 305 2677 744 2714">
     <span class='ocr_line' id='line_1_101' title="bbox 305 2677 744 2714; baseline -0.005 -9"><span class='ocrx_word' id='word_1_865' title='bbox 305 2679 329 2714; x_wconf 91' lang='grc'><strong>(1</strong></span> <span class='ocrx_word' id='word_1_866' title='bbox 335 2678 362 2714; x_wconf 73' lang='grc' dir='ltr'>ι)</span> <span class='ocrx_word' id='word_1_867' title='bbox 374 2678 457 2714; x_wconf 66' lang='lat' dir='ltr'><strong>Vulgo</strong></span> <span class='ocrx_word' id='word_1_868' title='bbox 469 2677 568 2710; x_wconf 77' lang='grc' dir='ltr'>ζῶντος</span> <span class='ocrx_word' id='word_1_869' title='bbox 586 2677 633 2704; x_wconf 76' lang='grc' dir='ltr'><strong>κα)⁸</strong></span> <span class='ocrx_word' id='word_1_870' title='bbox 650 2677 744 2714; x_wconf 48' lang='lat' dir='ltr'><strong>bacae.</strong></span> 
     </span>
    </p>
   </div>
   <div class='ocr_carea' id='block_1_102' title="bbox 305 2712 767 2747">
    <p class='ocr_par' dir='ltr' id='par_1_102' title="bbox 305 2712 767 2747">
     <span class='ocr_line' id='line_1_102' title="bbox 305 2712 767 2747; baseline -0.004 -7"><span class='ocrx_word' id='word_1_871' title='bbox 305 2712 360 2747; x_wconf 79' lang='grc'><strong>(15)</strong></span> <span class='ocrx_word' id='word_1_872' title='bbox 374 2713 460 2746; x_wconf 79' lang='lat' dir='ltr'><strong>Vulgo</strong></span> <span class='ocrx_word' id='word_1_873' title='bbox 474 2714 517 2744; x_wconf 79' lang='grc' dir='ltr'><strong>ἄν,</strong></span> <span class='ocrx_word' id='word_1_874' title='bbox 531 2719 558 2740; x_wconf 89' lang='lat' dir='ltr'><strong>et</strong></span> <span class='ocrx_word' id='word_1_875' title='bbox 577 2720 638 2739; x_wconf 80' lang='lat' dir='ltr'><strong>mox</strong></span> <span class='ocrx_word' id='word_1_876' title='bbox 653 2712 767 2747; x_wconf 79' lang='grc' dir='ltr'>οὐδαμῆ.</span> 
     </span>
    </p>
   </div>
   <div class='ocr_carea' id='block_1_103' title="bbox 306 2746 1049 2783">
    <p class='ocr_par' dir='ltr' id='par_1_103' title="bbox 306 2746 1049 2783">
     <span class='ocr_line' id='line_1_103' title="bbox 306 2746 1049 2783; baseline 0 -9"><span class='ocrx_word' id='word_1_877' title='bbox 306 2746 360 2783; x_wconf 79' lang='lat' dir='ltr'><strong>(l6)</strong></span> <span class='ocrx_word' id='word_1_878' title='bbox 386 2748 441 2775; x_wconf 85' lang='lat' dir='ltr'><strong>Kal</strong></span> <span class='ocrx_word' id='word_1_879' title='bbox 473 2748 572 2774; x_wconf 76' lang='grc' dir='ltr'>πάντα</span> <span class='ocrx_word' id='word_1_880' title='bbox 593 2748 695 2782; x_wconf 72' lang='grc' dir='ltr'>λόγον,</span> <span class='ocrx_word' id='word_1_881' title='bbox 721 2746 744 2781; x_wconf 66' lang='grc' dir='ltr'>ἦ</span> <span class='ocrx_word' id='word_1_882' title='bbox 766 2746 1049 2783; x_wconf 37' lang='grc' dir='ltr'><strong>λόγον.γῶηἰειηοῐη</strong></span> 
     </span>
    </p>
   </div>
   <div class='ocr_carea' id='block_1_104' title="bbox 270 2782 1049 2824">
    <p class='ocr_par' dir='ltr' id='par_1_104' title="bbox 270 2782 1049 2824">
     <span class='ocr_line' id='line_1_104' title="bbox 270 2782 1049 2824; baseline -0.003 -14"><span class='ocrx_word' id='word_1_883' title='bbox 270 2787 332 2810; x_wconf 87' lang='lat' dir='ltr'><strong>sunt.</strong></span> <span class='ocrx_word' id='word_1_884' title='bbox 345 2782 406 2824; x_wconf 69' lang='lat' dir='ltr'><strong>ista,</strong></span> <span class='ocrx_word' id='word_1_885' title='bbox 425 2784 494 2824; x_wconf 75' lang='lat' dir='ltr'><strong>forte</strong></span> <span class='ocrx_word' id='word_1_886' title='bbox 508 2783 660 2824; x_wconf 47' lang='lat' dir='ltr'><strong>legendum,</strong></span> <span class='ocrx_word' id='word_1_887' title='bbox 672 2783 719 2824; x_wconf 70' lang='grc' dir='ltr'><strong>καὶ</strong></span> <span class='ocrx_word' id='word_1_888' title='bbox 729 2782 871 2824; x_wconf 46' lang='grc' dir='ltr'>πανταχρῦ</span> <span class='ocrx_word' id='word_1_889' title='bbox 880 2782 957 2824; x_wconf 55' lang='grc' dir='ltr'>λόγον</span> <span class='ocrx_word' id='word_1_890' title='bbox 970 2783 1049 2824; x_wconf 56' lang='grc' dir='ltr'>στρέ-</span> 
     </span>
    </p>
   </div>
   <div class='ocr_carea' id='block_1_105' title="bbox 271 2817 1048 2853">
    <p class='ocr_par' dir='ltr' id='par_1_105' title="bbox 271 2817 1048 2853">
     <span class='ocr_line' id='line_1_105' title="bbox 271 2817 1048 2853; baseline -0.003 -9"><span class='ocrx_word' id='word_1_891' title='bbox 271 2827 338 2852; x_wconf 62' lang='grc' dir='ltr'>φων,</span> <span class='ocrx_word' id='word_1_892' title='bbox 356 2818 402 2844; x_wconf 76' lang='grc' dir='ltr'>καὶ</span> <span class='ocrx_word' id='word_1_893' title='bbox 418 2817 517 2850; x_wconf 81' lang='grc' dir='ltr'>πάντα,</span> <span class='ocrx_word' id='word_1_894' title='bbox 531 2818 548 2853; x_wconf 84' lang='grc' dir='ltr'>ἢ</span> <span class='ocrx_word' id='word_1_895' title='bbox 568 2818 615 2843; x_wconf 77' lang='grc' dir='ltr'>καὶ</span> <span class='ocrx_word' id='word_1_896' title='bbox 631 2817 711 2843; x_wconf 81' lang='grc' dir='ltr'>αὑτὸν</span> <span class='ocrx_word' id='word_1_897' title='bbox 729 2817 807 2850; x_wconf 79' lang='grc' dir='ltr'>λόγον</span> <span class='ocrx_word' id='word_1_898' title='bbox 821 2817 869 2853; x_wconf 55' lang='grc' dir='ltr'><strong>μέν</strong></span> <span class='ocrx_word' id='word_1_899' title='bbox 885 2817 956 2852; x_wconf 74' lang='grc' dir='ltr'>ἔχειν</span> <span class='ocrx_word' id='word_1_900' title='bbox 975 2817 1048 2843; x_wconf 79' lang='grc' dir='ltr'>διδά-</span> 
     </span>
    </p>
   </div>
   <div class='ocr_carea' id='block_1_106' title="bbox 271 2852 1046 2887">
    <p class='ocr_par' dir='ltr' id='par_1_106' title="bbox 271 2852 1046 2887">
     <span class='ocr_line' id='line_1_106' title="bbox 271 2852 1046 2887; baseline -0.001 -8"><span class='ocrx_word' id='word_1_901' title='bbox 271 2861 343 2879; x_wconf 86' lang='grc' dir='ltr'>σκων</span> <span class='ocrx_word' id='word_1_902' title='bbox 357 2854 466 2887; x_wconf 69' lang='grc' dir='ltr'>φάσκει.</span> <span class='ocrx_word' id='word_1_903' title='bbox 481 2854 582 2887; x_wconf 78' lang='lat' dir='ltr'><strong>Sensus</strong></span> <span class='ocrx_word' id='word_1_904' title='bbox 594 2853 690 2885; x_wconf 83' lang='lat' dir='ltr'><strong>opinor</strong></span> <span class='ocrx_word' id='word_1_905' title='bbox 702 2857 744 2879; x_wconf 86' lang='lat' dir='ltr'><strong>est</strong></span> <span class='ocrx_word' id='word_1_906' title='bbox 759 2854 792 2878; x_wconf 86' lang='lat' dir='ltr'><strong>ab</strong></span> <span class='ocrx_word' id='word_1_907' title='bbox 812 2852 870 2879; x_wconf 89' lang='lat' dir='ltr'><strong>istis</strong></span> <span class='ocrx_word' id='word_1_908' title='bbox 887 2860 940 2878; x_wconf 90' lang='lat' dir='ltr'><strong>non</strong></span> <span class='ocrx_word' id='word_1_909' title='bbox 955 2852 1046 2887; x_wconf 73' lang='lat' dir='ltr'><strong>arimo—</strong></span> 
     </span>
    </p>
   </div>
   <div class='ocr_carea' id='block_1_107' title="bbox 269 2886 1049 2923">
    <p class='ocr_par' dir='ltr' id='par_1_107' title="bbox 269 2886 1049 2923">
     <span class='ocr_line' id='line_1_107' title="bbox 269 2886 1049 2923; baseline -0.003 -8"><span class='ocrx_word' id='word_1_910' title='bbox 269 2889 331 2915; x_wconf 85' lang='lat' dir='ltr'><strong>dutu</strong></span> <span class='ocrx_word' id='word_1_911' title='bbox 344 2889 474 2916; x_wconf 79' lang='lat' dir='ltr'><strong>diversus.</strong></span> <span class='ocrx_word' id='word_1_912' title='bbox 485 2887 556 2915; x_wconf 82' lang='lat' dir='ltr'><strong>M.-—-</strong></span> <span class='ocrx_word' id='word_1_913' title='bbox 564 2886 630 2923; x_wconf 80' lang='lat' dir='ltr'><strong>[Kal</strong></span> <span class='ocrx_word' id='word_1_914' title='bbox 641 2887 729 2915; x_wconf 75' lang='grc' dir='ltr'>πάντα</span> <span class='ocrx_word' id='word_1_915' title='bbox 745 2886 844 2922; x_wconf 82' lang='grc' dir='ltr'>μᾶλλον</span> <span class='ocrx_word' id='word_1_916' title='bbox 853 2887 869 2922; x_wconf 84' lang='grc' dir='ltr'>ἢ</span> <span class='ocrx_word' id='word_1_917' title='bbox 878 2887 962 2921; x_wconf 81' lang='grc' dir='ltr'>Λόγον</span> <span class='ocrx_word' id='word_1_918' title='bbox 981 2886 1003 2913; x_wconf 71' lang='lat' dir='ltr'><strong>lt</strong></span> <span class='ocrx_word' id='word_1_919' title='bbox 1014 2887 1049 2914; x_wconf 79' lang='lat' dir='ltr'><strong>cl.</strong></span> 
     </span>
    </p>
   </div>
   <div class='ocr_carea' id='block_1_108' title="bbox 1105 2676 1588 2714">
    <p class='ocr_par' dir='ltr' id='par_1_108' title="bbox 1105 2676 1588 2714">
     <span class='ocr_line' id='line_1_108' title="bbox 1105 2676 1588 2714; baseline 0 -9"><span class='ocrx_word' id='word_1_920' title='bbox 1105 2685 1131 2712; x_wconf 90' lang='lat' dir='ltr'><strong>p.</strong></span> <span class='ocrx_word' id='word_1_921' title='bbox 1145 2676 1180 2714; x_wconf 58' lang='lat'><strong>92</strong></span> <span class='ocrx_word' id='word_1_922' title='bbox 1196 2676 1290 2714; x_wconf 17' lang='lat' dir='ltr'><strong>D].r~—</strong></span> <span class='ocrx_word' id='word_1_923' title='bbox 1305 2677 1364 2714; x_wconf 64' lang='lat' dir='ltr'><strong>Mox</strong></span> <span class='ocrx_word' id='word_1_924' title='bbox 1381 2677 1461 2710; x_wconf 78' lang='lat' dir='ltr'><strong>vulgo</strong></span> <span class='ocrx_word' id='word_1_925' title='bbox 1475 2677 1588 2714; x_wconf 51' lang='grc' dir='ltr'>ἔγραψε.</span> 
     </span>
    </p>
   </div>
   <div class='ocr_carea' id='block_1_109' title="bbox 1142 2709 1760 2748">
    <p class='ocr_par' dir='ltr' id='par_1_109' title="bbox 1142 2709 1760 2748">
     <span class='ocr_line' id='line_1_109' title="bbox 1142 2709 1760 2748; baseline 0.002 -10"><span class='ocrx_word' id='word_1_926' title='bbox 1142 2713 1198 2748; x_wconf 68' lang='grc' dir='ltr'><strong>(1η</strong></span> <span class='ocrx_word' id='word_1_927' title='bbox 1209 2709 1523 2748; x_wconf 32' lang='grc' dir='ltr'><strong>Εὺατγελιουηέὶπεῒῖ.</strong></span> <span class='ocrx_word' id='word_1_928' title='bbox 1538 2709 1608 2748; x_wconf 65' lang='grc' dir='ltr'>ιξθεε</span> <span class='ocrx_word' id='word_1_929' title='bbox 1619 2709 1706 2740; x_wconf 73' lang='grc' dir='ltr'>εἶπεν.</span> <span class='ocrx_word' id='word_1_930' title='bbox 1723 2712 1760 2739; x_wconf 75' lang='grc' dir='ltr'><strong>Μ.</strong></span> 
     </span>
    </p>
   </div>
   <div class='ocr_carea' id='block_1_110' title="bbox 1138 2747 1890 2783">
    <p class='ocr_par' dir='ltr' id='par_1_110' title="bbox 1138 2747 1890 2783">
     <span class='ocr_line' id='line_1_110' title="bbox 1138 2747 1890 2783; baseline -0.003 -9"><span class='ocrx_word' id='word_1_931' title='bbox 1138 2747 1193 2782; x_wconf 77' lang='grc'><strong>(18)</strong></span> <span class='ocrx_word' id='word_1_932' title='bbox 1208 2747 1292 2783; x_wconf 82' lang='lat' dir='ltr'><strong>Vulgo</strong></span> <span class='ocrx_word' id='word_1_933' title='bbox 1310 2756 1364 2775; x_wconf 90' lang='lat' dir='ltr'><strong>om.</strong></span> <span class='ocrx_word' id='word_1_934' title='bbox 1379 2747 1441 2773; x_wconf 83' lang='grc' dir='ltr'>τῶν.</span> <span class='ocrx_word' id='word_1_935' title='bbox 1458 2748 1518 2774; x_wconf 77' lang='lat' dir='ltr'><strong>Mox</strong></span> <span class='ocrx_word' id='word_1_936' title='bbox 1528 2748 1611 2782; x_wconf 77' lang='lat' dir='ltr'><strong>vulgo</strong></span> <span class='ocrx_word' id='word_1_937' title='bbox 1628 2749 1675 2774; x_wconf 74' lang='grc' dir='ltr'>καὶ</span> <span class='ocrx_word' id='word_1_938' title='bbox 1691 2748 1748 2782; x_wconf 78' lang='grc' dir='ltr'><strong>φῶς</strong></span> <span class='ocrx_word' id='word_1_939' title='bbox 1762 2756 1788 2774; x_wconf 83' lang='grc' dir='ltr'>τ.</span> <span class='ocrx_word' id='word_1_940' title='bbox 1813 2756 1842 2781; x_wconf 83' lang='grc' dir='ltr'><strong>φ.</strong></span> <span class='ocrx_word' id='word_1_941' title='bbox 1860 2754 1890 2772; x_wconf 86' lang='grc' dir='ltr'><strong>π.</strong></span> 
     </span>
    </p>
   </div>
   <div class='ocr_carea' id='block_1_111' title="bbox 1101 2783 1894 2818">
    <p class='ocr_par' dir='ltr' id='par_1_111' title="bbox 1101 2783 1894 2818">
     <span class='ocr_line' id='line_1_111' title="bbox 1101 2783 1894 2818; baseline 0 -10"><span class='ocrx_word' id='word_1_942' title='bbox 1101 2783 1178 2818; x_wconf 83' lang='grc' dir='ltr'>ἄνθρ.</span> <span class='ocrx_word' id='word_1_943' title='bbox 1192 2783 1252 2818; x_wconf 84' lang='grc' dir='ltr'><strong>ὲρχ.</strong></span> <span class='ocrx_word' id='word_1_944' title='bbox 1275 2784 1314 2813; x_wconf 84' lang='grc' dir='ltr'><strong>εἰς</strong></span> <span class='ocrx_word' id='word_1_945' title='bbox 1323 2791 1348 2809; x_wconf 84' lang='grc' dir='ltr'>τ.</span> <span class='ocrx_word' id='word_1_946' title='bbox 1364 2791 1390 2809; x_wconf 88' lang='grc' dir='ltr'>κ.</span> <span class='ocrx_word' id='word_1_947' title='bbox 1408 2784 1455 2809; x_wconf 68' lang='grc' dir='ltr'>καὶ</span> <span class='ocrx_word' id='word_1_948' title='bbox 1466 2783 1532 2810; x_wconf 75' lang='grc' dir='ltr'><strong>Θεὸν</strong></span> <span class='ocrx_word' id='word_1_949' title='bbox 1543 2784 1595 2809; x_wconf 71' lang='grc' dir='ltr'>καὶ</span> <span class='ocrx_word' id='word_1_950' title='bbox 1616 2791 1645 2818; x_wconf 91' lang='grc' dir='ltr'>μ.</span> <span class='ocrx_word' id='word_1_951' title='bbox 1665 2784 1727 2810; x_wconf 79' lang='grc' dir='ltr'><strong>Υἱὸν</strong></span> <span class='ocrx_word' id='word_1_952' title='bbox 1741 2783 1787 2818; x_wconf 69' lang='grc' dir='ltr'>τὸν</span> <span class='ocrx_word' id='word_1_953' title='bbox 1803 2783 1843 2814; x_wconf 77' lang='grc' dir='ltr'><strong>εἰς</strong></span> <span class='ocrx_word' id='word_1_954' title='bbox 1864 2791 1894 2808; x_wconf 75' lang='grc' dir='ltr'>κ.</span> 
     </span>
    </p>
   </div>
   <div class='ocr_carea' id='block_1_112' title="bbox 1099 2791 1784 2853">
    <p class='ocr_par' dir='ltr' id='par_1_112' title="bbox 1099 2791 1784 2853">
     <span class='ocr_line' id='line_1_112' title="bbox 1101 2791 1784 2843; baseline 0.001 -35"><span class='ocrx_word' id='word_1_955' title='bbox 1101 2791 1178 2843; x_wconf 63' lang='grc' dir='ltr'>ανιίρ</span> <span class='ocrx_word' id='word_1_956' title='bbox 1192 2791 1252 2818; x_wconf 85' lang='grc' dir='ltr'>ερχ.</span> <span class='ocrx_word' id='word_1_957' title='bbox 1275 2791 1314 2813; x_wconf 83' lang='grc' dir='ltr'><strong>εις</strong></span> <span class='ocrx_word' id='word_1_958' title='bbox 1323 2791 1348 2809; x_wconf 84' lang='grc' dir='ltr'>τ.</span> <span class='ocrx_word' id='word_1_959' title='bbox 1364 2791 1390 2809; x_wconf 88' lang='grc' dir='ltr'>κ.</span> <span class='ocrx_word' id='word_1_960' title='bbox 1408 2791 1455 2809; x_wconf 80' lang='grc' dir='ltr'><strong>και</strong></span> <span class='ocrx_word' id='word_1_961' title='bbox 1466 2791 1532 2810; x_wconf 64' lang='grc' dir='ltr'>δεον</span> <span class='ocrx_word' id='word_1_962' title='bbox 1543 2791 1595 2809; x_wconf 71' lang='grc' dir='ltr'><strong>και</strong></span> <span class='ocrx_word' id='word_1_963' title='bbox 1616 2791 1645 2818; x_wconf 89' lang='grc' dir='ltr'>μ.</span> <span class='ocrx_word' id='word_1_964' title='bbox 1669 2791 1727 2810; x_wconf 84' lang='grc' dir='ltr'>ιιον</span> <span class='ocrx_word' id='word_1_965' title='bbox 1741 2791 1784 2809; x_wconf 81' lang='grc' dir='ltr'><strong>τον</strong></span> 
     </span>
     <span class='ocr_line' id='line_1_113' title="bbox 1099 2816 1784 2853; baseline 0.001 -9"><span class='ocrx_word' id='word_1_966' title='bbox 1099 2827 1123 2844; x_wconf 89' lang='grc' dir='ltr'>τ.</span> <span class='ocrx_word' id='word_1_967' title='bbox 1163 2837 1182 2849; x_wconf 83' lang='lat'><strong>.,</strong></span> <span class='ocrx_word' id='word_1_968' title='bbox 1200 2818 1246 2844; x_wconf 76' lang='grc' dir='ltr'>καὶ</span> <span class='ocrx_word' id='word_1_969' title='bbox 1261 2819 1291 2850; x_wconf 81' lang='grc' dir='ltr'>οὐ</span> <span class='ocrx_word' id='word_1_970' title='bbox 1305 2817 1381 2852; x_wconf 81' lang='grc' dir='ltr'>λόγον</span> <span class='ocrx_word' id='word_1_971' title='bbox 1399 2818 1477 2853; x_wconf 83' lang='grc' dir='ltr'>μόνον</span> <span class='ocrx_word' id='word_1_972' title='bbox 1492 2818 1542 2853; x_wconf 73' lang='grc' dir='ltr'><strong>ἔφη</strong></span> <span class='ocrx_word' id='word_1_973' title='bbox 1559 2819 1649 2844; x_wconf 82' lang='grc' dir='ltr'>αὐτόν.</span> <span class='ocrx_word' id='word_1_974' title='bbox 1667 2819 1712 2853; x_wconf 85' lang='grc' dir='ltr'><strong>Μὴ</strong></span> <span class='ocrx_word' id='word_1_975' title='bbox 1720 2816 1784 2851; x_wconf 61' lang='grc' dir='ltr'><strong>λοῦν.</strong></span> 
     </span>
    </p>
   </div>
   <div class='ocr_carea' id='block_1_113' title="bbox 1135 2853 1708 2889">
    <p class='ocr_par' dir='ltr' id='par_1_113' title="bbox 1135 2853 1708 2889">
     <span class='ocr_line' id='line_1_114' title="bbox 1135 2853 1708 2889; baseline 0 -9"><span class='ocrx_word' id='word_1_976' title='bbox 1135 2853 1192 2888; x_wconf 85' lang='grc'><strong>(19)</strong></span> <span class='ocrx_word' id='word_1_977' title='bbox 1208 2853 1293 2888; x_wconf 80' lang='lat' dir='ltr'><strong>Vulgo</strong></span> <span class='ocrx_word' id='word_1_978' title='bbox 1301 2853 1428 2887; x_wconf 81' lang='grc' dir='ltr'>θεολόγον</span> <span class='ocrx_word' id='word_1_979' title='bbox 1443 2853 1489 2880; x_wconf 73' lang='grc' dir='ltr'>καὶ</span> <span class='ocrx_word' id='word_1_980' title='bbox 1502 2853 1708 2889; x_wconf 77' lang='grc' dir='ltr'>εὐαγγελιστήν.</span> 
     </span>
    </p>
   </div>
  </div>
