2032 3211
161 188 210 215 881

639 190 682 217 DE
698 191 966 220 ECCLESIASTICA
991 193 1183 223 IllEOLOGIA
1205 196 1268 224 LIB.
1288 196 1309 224 Ι.

1731 200 1784 228 83⁴2

162 246 254 277 seuiel,
267 247 374 282 quidem
393 241 510 276 Verbum
529 250 695 283 nominatur,
711 252 758 279 sed
788 252 872 280 Filius
893 254 949 287 Dei,
969 254 1016 281 sed
1032 255 1196 291 unigenitus.
1216 257 1264 284 sed
1279 256 1335 289 lux,
1366 256 1415 284 sed
1436 257 1502 293 vita,
1530 258 1577 285 sed
1594 259 1692 286 veritas
1709 267 1717 286 :
1734 261 1782 287 sed

161 294 251 320 omnia
266 294 355 328 potius
371 302 450 329 quam
465 296 593 323 Verbum.

195 342 230 374 η’.
249 339 281 365 El.
297 339 325 365 δὲ
341 339 507 374 λέγοιταῦτα
522 343 553 368 ὲκ
571 342 621 377 τῆς
633 343 736 379 Καινῆς
752 345 889 381 Διαθὴκης
904 347 939 372 εἰ-

1030 345 1056 373 8.
1072 346 1147 379 Quod
1155 346 1178 373 si
1186 346 1230 373 hic
1240 331 1366 381 opponat.
1376 347 1425 375 has
1438 345 1470 374 ile
1485 346 1559 374 Novo
1567 346 1737 376 Testamento
1750 352 1778 380 >14

160 383 271 419 ρῆσθαι,
284 383 443 420 λεχθήσεται
455 386 538 421 αὐτῷ,
554 387 595 413 ὃτι
612 388 659 414 καὶ
674 388 714 420 τὸ,
740 390 790 416 Ἐν
799 390 877 424 ἀρχῇ
885 389 947 426 ἦνό

160 429 266 463 Λόγος,
279 430 332 456 οὐδ’
348 430 478 466 ἑτέρωθεν
492 430 525 468 ἦν
538 432 554 467 ἦ
570 432 599 464 ἐξ
615 434 708 469 αὐτῆς.
726 435 773 461 ’Ἐν
785 435 840 471 (20)
856 436 888 472 δὴ
901 435 947 464 οὖν

160 473 208 499 καὶ⁸
222 473 252 500 τὺ
267 473 333 500 αὐτὸ
351 475 525 508 Εὐαγγὲλιον,
541 477 554 502 ό
572 477 652 509 αὑτός
670 486 699 504 τε
715 478 919 514 εὐαγγελιστὴς,
933 480 947 507 ό

159 519 246 553 Λόγον
267 520 347 546 αὑτὸν
362 520 456 554 εἰπὼν,
473 522 520 548 καὶ
536 522 569 548 τὰ
585 522 665 550 λοιπὰ
681 524 768 551 πάντα
784 525 848 560 περὶ
864 525 946 552 αὑτοῦ

160 565 358 600 συνεγράψατο,
388 567 444 593 Καὶ
473 567 578 600 Παῦλος
602 569 631 596 δὲ
658 571 671 597 ὁ
695 570 765 602 θεῖος
787 571 946 604 Ἀπόστολος

160 609 258 643 λέγων·

194 698 226 726 8'.
244 699 325 734 Ἡμῖν
338 697 382 733 εἷς
398 701 470 735 Θεὸς
480 703 497 729 ὁ
508 703 619 737 Πατὴρ,
630 704 664 736 ἐξ
676 702 712 732 οὗ
727 705 763 732 τὰ
773 705 880 738 πάντα,
896 707 945 734 καὶ

157 741 203 777 εἷς
214 745 322 779 Κύριος
338 747 458 781 Ἰησοῦς
471 749 608 782 Χριστὸς,
622 749 659 776 δι’
674 749 709 778 οὗ
726 751 762 778 τὰ
776 751 883 785 πάντα,
899 752 946 788 δῆ-

157 790 203 822 λός
219 791 277 817 ἐστι
296 791 342 818 τὸν
359 793 412 828 πρὸ
427 793 476 828 τῆς
491 795 623 830 ὲνσάρκου
644 797 795 832 παρουσίας
820 798 882 824 Υἱὺν
898 799 945 825 τοῦ

158 835 237 867 Θεοῦ,
258 837 291 862 δι’
313 834 344 864 οὗ
359 838 394 865 τὰ
411 839 499 865 πάντα
516 840 632 874 ἐγένετο,
648 842 678 868 οὐ
695 842 780 877 Λόγον
794 844 944 879 ὀνομάζων,

157 881 335 918 ἁλλὰΚύριον
352 884 454 919 Ἰησοῦν
472 885 517 911 καὶ
528 887 655 922 Χριστόν.
672 887 740 914 Ἀλλ’
754 888 810 923 (21)
825 890 850 916 εἰ
874 889 944 916 κατὰ

158 927 316 963 Μάρκελλον
329 926 369 961 εἷς
383 931 430 956 καὶ
443 932 457 957 ὁ
469 931 548 963 αὐτὸς
562 930 595 967 ἦν
611 933 625 959 ὁ
642 933 718 966 Θεὸς,
735 934 782 961 καὶ
797 935 811 961 ὁ
828 935 856 962 ἐν
871 935 945 971 αὐτῷ

157 973 242 1008 Λόγος
254 974 320 1010 (22),
334 976 451 1012 ἐπήρκει
465 977 503 1012 τῷ
518 978 670 1015 Ἀποστόλῳ
685 980 783 1014 φάναι·
803 980 888 1015 Ἡμῖν
900 980 944 1015 εἷς

159 1018 231 1051 Θεὸς
245 1020 261 1045 ὀ
277 1019 389 1054 Πατὴρ,
406 1021 441 1053 ἐξ
456 1019 492 1049 οὗ
508 1023 543 1049 τὰ
559 1022 666 1050 πάντα.
682 1024 792 1061 Πλήρης
806 1025 860 1062 γὰρ
877 1024 911 1062 ἦν
927 1027 944 1063 ὴ
962 1017 982 1043 Β

156 1063 270 1096 διάνοια,
289 1066 336 1092 καὶ
352 1067 366 1093 ό
383 1066 470 1101 Λόγος
491 1068 647 1105 αὐτοτελὴς,
665 1071 710 1097 τὸν
731 1071 797 1098 Θεὸν
821 1073 945 1108 εἰσηγού-

157 1116 237 1143 μενος
261 1110 373 1147 ποιητὴν
389 1111 442 1139 τῶν
458 1112 536 1141 ὅλων.
565 1115 643 1142 Ἀλλὰ
656 1116 734 1143 τοῦτο
748 1117 795 1144 καὶ
821 1118 945 1151 Ἰουδαῖος

157 1154 190 1180 ἄν
205 1163 247 1188 τις
267 1156 348 1201 εἴποι.
375 1157 404 1184 '0
425 1158 452 1185 δὲ
474 1160 692 1197 τῆςἘκκλησίας
715 1163 803 1199 κήρυξ
821 1165 888 1200 πρὸς
905 1166 945 1201 τῷ

157 1201 281 1237 προτέρῳ
298 1199 344 1229 καὶ
358 1203 387 1229 τὸ
403 1204 528 1240 δεύτερον
546 1207 583 1243 μὴ
597 1208 704 1242 ἀγνοεῖν
720 1199 850 1238 διδάσκειζ
868 1212 900 1238 Τί
915 1199 944 1238 δὲ

156 1243 190 1280 ἦν
210 1247 305 1282 reﬂ-co;
318 1249 374 1276 Kal
396 1247 441 1282 εἷς
463 1252 570 1286 Κύριος
592 1253 711 1288 Ἰησοῦς
729 1256 865 1290 Χριστός.
897 1257 944 1284 Διὸ

157 1292 316 1328 προστίθησι
334 1294 365 1320 τὸ
390 1294 512 1331 δεύτερον
531 1296 594 1333 ἑξῆς
615 1298 711 1333 λέγων,
727 1300 818 1334 ἡμῖν·
837 1302 860 1327 ει
876 1301 943 1338 γὰρ,

156 1338 202 1364 καὶ
218 1339 255 1374 μὴ
267 1339 359 1372 πᾶσιν,
374 1340 432 1366 ἀλλ’
447 1340 528 1376 ἡμῖν,
542 1343 634 1378 φησὶν,
648 1341 691 1377 εἷς
705 1345 811 1379 Κύριος
829 1347 943 1380 Ἰησοῦς

156 1383 291 1417 Χριστός.
317 1384 366 1411 Διὰ
382 1385 408 1412 τί
428 1385 456 1413 δὲ
480 1387 548 1422 μετὰ
564 1388 610 1415 τὸν
628 1389 682 1416 ἕνα
702 1389 776 1417 Θεὸν
799 1392 846 1418 καὶ
865 1390 943 1424 οὗτος

156 1428 228 1462 ἡμῖν
252 1427 295 1462 εἷς
316 1431 425 1465 Κύριος
445 1433 618 1469 παρίστησιν,
636 1435 780 1470 ἐπιλέγων,
801 1437 838 1464 δι’
854 1437 890 1466 οὗ
906 1439 942 1467 τὰ

156 1473 254 1501 πάντα
262 1483 272 1507 ;
281 1476 385 1511 Ἐπειδὴ
394 1477 446 1513 γὰρ
455 1478 490 1505 τὰ
500 1479 597 1507 πάντα
610 1480 646 1507 δι’
654 1482 747 1510 αὐτοῦ
760 1483 886 1518 ἐγένετο,
902 1487 942 1513 ει-

158 1519 244 1565 κότως
263 1521 337 1555 ἡμῖν,
360 1524 416 1555 τοῖς
433 1524 505 1551 τοῦτ’
522 1526 724 1561 ἐπισταμένοις,
746 1529 849 1565 Κύριος
871 1528 942 1559 εἶναι

156 1563 210 1590 τῶν
224 1564 291 1592 ὅλων
312 1567 381 1602 μετὰ
397 1568 444 1596 τὸν
468 1568 515 1595 ἐπὶ
535 1570 643 1599 πάντων
663 1573 728 1600 Θεὸν
752 1563 940 1606 πεπίστευται.

156 1610 217 1636 Ὅτι
235 1610 262 1637 δὲ
275 1613 306 1639 οὑ
321 1614 384 1648 περὶ
397 1614 448 1649 τῆς
464 1616 563 1650 σαρκὸς
581 1616 657 1644 ταῦτ’
675 1618 730 1654 (25)
754 1620 856 1656 ἔλεγεν,
871 1622 940 1651 ἀλλὰ

154 1657 217 1704 περὶ
232 1657 279 1704 ῖοῦ
295 1658 362 1685 Θεοῦ
376 1660 474 1695 Λόγου,
492 1661 570 1697 δῆλός
586 1663 660 1691 ἐστιν
673 1665 706 1691 ὲκ
719 1665 766 1692 τοῦ
786 1667 937 1704 ἐπιφέρειν,

152 1701 189 1729 δι’
210 1701 247 1730 οὗ
259 1703 295 1730 τὰ
317 1705 425 1733 πάντα.
439 1722 474 1726 ——
487 1707 572 1742 Ἡμῖν
592 1709 657 1744 γὰρ,
675 1711 767 1745 φησὶν,
781 1709 826 1746 εἷς
839 1701 912 1748 Θεὸς
922 1716 938 1742 ὀ

151 1748 263 1783 Πατὴρ,
287 1750 321 1782 ἐξ
338 1749 374 1778 οὗ
388 1751 424 1778 τὰ
442 1752 550 1786 πάντα,
571 1755 621 1781 καὶ
636 1752 680 1788 εἷς
693 1757 798 1791 Κύριος
825 1758 938 1793 Ἰησοῦς

150 1795 287 1842 Χριστὸς,
306 1796 342 1823 δι’
362 1795 397 1825 οὗ
414 1798 450 1825 τὰ
464 1799 572 1827 πάντα.
589 1801 621 1828 Ὂ
634 1802 666 1837 δὴ
679 1802 733 1838 (24)
748 1804 795 1830 καὶ
811 1806 875 1842 περὶ
891 1806 937 1833 τοῦ

152 1840 249 1874 φωτὸς,
268 1843 318 1887 nat
333 1844 396 1879 περὶ
415 1844 461 1872 τοῦ
478 1846 616 1882 περιόντος
637 1848 722 1883 Λόγου
745 1850 799 1886 (25)
820 1840 937 1887 εἴρηται.

151 1887 235 1932 Adeo}
251 1885 298 1914 οὖν
310 1886 343 1923 ἦν
364 1890 467 1925 Ἰησοῦς
482 1890 598 1927 Χριστὸς
618 1893 648 1919 τὸ
671 1894 728 1928 φῶς
740 1885 793 1922 nati
811 1898 825 1923 ό
840 1885 935 1932 Λόγος,

149 1932 183 1958 δι’
202 1929 232 1959 οὗ
247 1933 280 1960 τὰ
293 1934 382 1962 πάντα
395 1936 515 1970 γέγονεν,
531 1937 588 1964 ἀλλ’
603 1939 651 1975 οὐχ
666 1941 682 1974 ὴ
696 1940 774 1976 σάρξ.
788 1943 825 1968 Οὐ
838 1929 892 1979 γὰρ
903 1929 935 1971 ἂν

150 1979 214 2013 περὶ
230 1979 280 2014 τῆς
300 1981 400 2015 σαρκὸς
416 1982 606 2019 ἁσυναρτήτως
626 1985 682 2020 (26)
702 1986 788 2020 οὕτως
805 1987 880 2016 εἶπεν
901 1990 935 2018 ἂν

150 2025 235 2058 τδβι*
252 2023 288 2054 οὗ
305 2026 340 2053 τὰ
354 2027 462 2056 πάντα.

183 2070 244 2098 otes
269 2072 298 2098 δὲ
325 2073 370 2100 τὸν
388 2074 437 2109 τῆς
455 2075 556 2110 σαρκὸς
577 2078 787 2115 προϋπάρχοντα
803 2081 849 2107 τοῦ
866 2082 933 2109 Θεοῦ

149 2116 213 2142 Υἱὸν
233 2118 348 2153 Χριστὸν
368 2119 509 2154 ὀνομάζειν
531 2122 546 2147 ὁ
569 2123 649 2154 αὐτὸς
671 2124 786 2158 Παῦλος,
811 2127 881 2154 κατὰ
901 2127 934 2155 τὸ

147 2162 223 2210 adeo,
235 2163 351 2197 Πέτραν
364 2165 445 2192 αὐτὸν
469 2166 623 2201 ἀποκαλῶν,
640 2169 674 2196 δι’
697 2166 734 2197 ὦν
750 2172 849 2207 γράφει
869 2174 933 2210 περὶ

146 2207 200 2234 τῶν
214 2209 242 2235 ὲν
253 2210 285 2244 τῇ
299 2210 394 2246 ἐρήμῳ
406 2211 650 2248 συνδιατριψάντων
656 2215 695 2251 τῷ
703 2217 820 2249 Μωῡσεί,
833 2207 930 2253 λέγων,

148 2255 276 2281 "Exta-or
290 2255 343 2290 γὴρ
352 2256 386 2282 ἐκ
402 2258 602 2293 πνευματικῆς
623 2261 851 2298 ἀκολουθούσης
877 2265 930 2292 πέ-

146 2307 226 2332 τρας,
245 2300 265 2333 ἡ
282 2300 316 2327 δὲ
326 2301 418 2336 πέτρα
430 2301 469 2338 ἦν
486 2305 502 2330 ό
517 2305 653 2340 Χριστός.
668 2308 723 2334 Καὶ
736 2310 931 2346 ἐπισφραγίζε-

998 393 1154 426 desumptas
1167 399 1228 419 esse
1251 392 1481 425 nomenclaturas,
1506 393 1650 421 dicendum
1674 393 1712 420 illi
1731 399 1781 426 est,

998 438 1069 472 quod
1089 442 1116 465 et
1128 437 1193 464 illud
1210 437 1404 470 testimonium,
1435 437 1470 465 In
1485 438 1616 473 principio
1638 444 1695 466 erat
1718 435 1783 466 Ver-

997 483 1057 509 bum
1069 482 1101 515 “,
1119 490 1171 510 non
1187 487 1230 510 est
1244 483 1410 517 desumptum
1425 483 1541 515 aliunde,
1556 488 1585 510 ut
1602 491 1684 511 unum
1702 487 1783 518 atque

997 529 1066 556 idem
1081 528 1263 564 Evangelium,
1277 534 1357 563 atque
1367 529 1480 563 ipsemet
1490 530 1664 564 evangelista,
1675 530 1721 565 qui
1735 538 1783 558 no-

997 573 1110 601 minavit
1125 573 1209 604 illum.
1225 573 1356 606 Verbum,
1374 574 1418 601 illa
1439 572 1535 601 extera
1557 575 1590 602 de
1605 575 1698 602 eodem
1713 575 1782 603 scri—

997 618 1049 653 ptis
1071 618 1250 646 mandaverit.
1275 618 1328 646 Sed
1343 623 1370 645 et
1395 619 1500 647 divinus
1525 620 1668 654 Apostolus
1683 619 1782 648 Paulus

996 664 1074 694 dixit.

1031 710 1058 737 9.
1072 709 1145 737 Unus
1166 710 1237 737 Deus
1268 710 1347 737 Pater
1364 719 1376 737 e
1398 719 1448 745 quo
1475 716 1534 738 sunt
1549 712 1647 744 omnia,
1671 717 1695 740 et
1712 720 1781 739 unus

996 756 1123 783 Dominus
1139 755 1216 783 Iesus
1234 755 1365 789 Christus,
1393 765 1439 791 per
1457 765 1531 792 quem
1562 761 1621 784 sunt
1642 757 1729 784 omnia
1742 758 1785 791 ¹¹;,

995 801 1062 829 satis
1075 803 1157 833 clare,
1174 800 1221 828 Dei
1237 800 1346 834 Filium,
1358 808 1406 836 per
1421 809 1500 837 quem
1514 802 1604 829 omnia
1619 801 1689 829 facta
1705 807 1769 830 sunt

995 848 1076 874 etiam
1101 850 1164 874 ante
1191 846 1277 880 ipsius
1304 847 1331 875 in
1348 854 1431 874 carne
1458 847 1614 878 adventum.
1633 855 1685 875 non
1704 855 1774 875 voca

995 892 1122 925 Verbum,
1135 892 1182 920 sed
1198 892 1339 920 Dominttm
1366 892 1455 920 Jesum
1471 893 1618 920 Christum.
1647 893 1723 927 Quod
1747 893 1780 926 si,

994 937 1220 972 quemadmodum
1239 937 1365 965 Marcello
1381 937 1478 972 placet,
1498 938 1569 966 idem
1582 943 1683 966 eratet
1696 939 1778 972 Deus,

994 989 1021 1010 et
1031 983 1057 1010 in
1074 983 1129 1011 Deo
1141 983 1271 1016 Verbum,
1283 983 1434 1011 suffecisset
1449 983 1577 1018 Apostolo
1588 983 1651 1011 illud
1668 984 1779 1016 dixisse,

998 1028 1080 1056 Nobis
1101 1037 1168 1057 unus
1183 1029 1253 1057 Deus
1270 1029 1361 1062 Pater,
1379 1038 1392 1057 e
1417 1038 1468 1065 quo
1482 1035 1543 1057 sunt
1562 1031 1659 1057 omnia.
1679 1030 1780 1057 Sensus

995 1075 1094 1102 ctenim
1118 1075 1202 1115 plene.
1219 1075 1360 1103 constabat
1382 1085 1389 1101 :
1408 1079 1434 1102 et
1458 1083 1547 1103 sermo
1562 1075 1696 1110 perfectus
1711 1068 1780 1115 erat,

995 1129 1048 1156 quo
1060 1121 1131 1149 Deus
1146 1121 1265 1149 universi
1286 1121 1411 1149 conditor
1425 1121 1584 1156 ponebatur.
1608 1121 1660 1149 Sed
1681 1114 1780 1149 vel‘Ju-

995 1168 1069 1196 dmus
1084 1168 1120 1195 ita
1138 1167 1293 1195 aliirmarct.
1312 1167 1439 1194 Ecclesiae
1464 1175 1528 1203 ergo
1547 1175 1645 1202 praeco,
1669 1168 1701 1195 ad
1714 1168 1779 1195 illud

994 1214 1079 1248 prius,
1092 1213 1142 1241 hoc
1158 1214 1275 1248 positunt
1296 1213 1323 1240 in
1339 1213 1465 1240 secundis
1477 1220 1525 1240 nos
1541 1213 1628 1241 noluit
1642 1213 1778 1248 ignorare.

995 1260 1133 1292 Quodnam
1154 1267 1219 1288 vero
1235 1260 1320 1287 illud?
1334 1259 1370 1286 Et
1385 1267 1453 1286 unus
1465 1259 1594 1286 Dominus
1608 1259 1686 1287 Iesus
1702 1259 1780 1286 Chri-

993 1312 1059 1333 stus.
1079 1305 1225 1340 Quocirca,
1242 1306 1269 1333 in
1282 1305 1409 1333 secundis
1433 1305 1524 1340 posuit
1545 1305 1623 1338 illud,
1637 1306 1712 1332 nobis
1727 1306 1779 1332 lio‘c

993 1359 1086 1386 sensu,
1109 1357 1148 1385 ut,
1175 1360 1228 1380 non
1255 1352 1447 1386 sitomnibus,
1466 1356 1494 1379 at
1519 1352 1594 1379 nobis
1618 1357 1708 1379 tamen
1724 1357 1777 1385 est,

994 1406 1062 1425 unus
1081 1398 1209 1426 Dominus
1224 1397 1303 1426 Iesus
1320 1397 1452 1425 Christus.
1468 1397 1600 1431 Quorsum
1617 1405 1683 1425 vero
1703 1402 1778 1432 post-

993 1452 1072 1478 quam
1088 1444 1219 1476 edixerat,
1242 1436 1310 1471 un'us
1323 1443 1405 1477 Deus,
1423 1447 1450 1472 et
1469 1451 1550 1471 unum
1568 1450 1674 1478 quoque
1684 1443 1779 1470 Domi—

993 1497 1054 1516 num
1070 1488 1169 1523 adjecit
1191 1489 1261 1517 idem
1284 1489 1418 1524 inquiens,
1442 1497 1488 1524 per
1500 1497 1576 1524 quem
1592 1495 1652 1516 sunt
1671 1489 1777 1516 omnia?

991 1535 1070 1563 Certe
1083 1535 1145 1570 quia
1157 1542 1203 1570 per
1215 1534 1289 1562 illum
1301 1535 1391 1562 omnia
1413 1534 1485 1569 facta
1499 1534 1614 1569 fuerant,
1630 1541 1683 1562 non
1705 1534 1776 1571 inju-

992 1581 1042 1614 ria,
1061 1585 1120 1615 post
1133 1580 1216 1607 Deum
1235 1579 1308 1607 illum
1321 1580 1519 1612 universorum,
1538 1587 1553 1606 a
1565 1579 1653 1612 nobis,
1667 1579 1710 1614 qui
1725 1579 1776 1606 hoc

990 1625 1073 1661 probe
1084 1625 1246 1657 noverimus,
1263 1624 1393 1652 Dominus
1405 1625 1592 1652 universorum
1604 1629 1774 1660 agnoscatur.

990 1671 1102 1698 Constat
1124 1678 1190 1698 vero
1208 1671 1277 1703 haec,
1295 1671 1393 1698 nonde
1413 1678 1494 1698 carne
1509 1671 1609 1698 dixisse
1629 1671 1713 1703 illum,
1726 1672 1775 1698 sed

989 1718 1022 1744 de
1039 1717 1085 1745 Dei
1106 1717 1199 1750 verbo,
1213 1723 1355 1752 propterea
1371 1716 1441 1752 quod
1458 1716 1618 1749 subinferat,
1637 1724 1683 1752 per
1697 1724 1775 1752 quem

988 1768 1048 1790 sunt
1064 1763 1162 1790 omnia.
1179 1777 1214 1782 —
1230 1761 1326 1796 Nobis,
1345 1763 1480 1797 inquiens,
1506 1770 1576 1790 unus
1592 1762 1660 1790 Deus
1681 1761 1772 1795 Pater,

987 1817 1002 1836 e
1014 1817 1066 1841 quo
1082 1813 1144 1836 sunt
1157 1809 1255 1841 omnia,
1272 1814 1296 1835 et
1312 1817 1379 1835 unus
1399 1808 1528 1836 Dominus
1546 1807 1625 1836 Jesus
1640 1808 1772 1840 Christus,

985 1862 1032 1888 per
1043 1862 1119 1889 quem
1144 1860 1206 1882 sunt
1228 1855 1327 1881 omnia.
1343 1854 1420 1887 Quod
1441 1855 1530 1888 ipsum
1556 1855 1588 1882 de
1606 1854 1676 1887 luce,
1698 1859 1725 1880 et
1740 1855 1773 1881 de

986 1900 1077 1933 verbo,
1096 1900 1166 1935 quod
1179 1900 1316 1934 circumit,
1331 1901 1421 1928 omnia
1442 1901 1543 1928 dictum
1559 1906 1611 1929 est.
1633 1901 1698 1929 Erat
1712 1901 1772 1928 ideo

986 1947 1042 1980 ipse
1053 1945 1132 1974 Jesus
1146 1946 1269 1974 Christus
1289 1947 1345 1979 lux,
1365 1951 1394 1973 et
1408 1946 1537 1980 Verbum,
1550 1954 1598 1981 per
1608 1954 1689 1982 quem
1708 1951 1772 1974 sunt

984 1992 1084 2025 omnia,
1102 1999 1156 2020 non
1169 1997 1258 2019 autem
1273 1999 1348 2019 caro.
1359 1991 1451 2027 Neque
1462 1992 1533 2020 enim
1544 1993 1581 2020 ita
1595 1993 1770 2021 indistinctim

985 2039 1018 2065 de
1046 2045 1129 2065 carne
1152 2039 1264 2070 diceret,
1293 2047 1338 2073 per
1352 2047 1429 2072 quem
1442 2043 1502 2065 sunt
1518 2039 1616 2066 omnia.

1020 2082 1072 2111 Sed
1083 2090 1134 2111 nec
1144 2082 1295 2111 DeiFilium
1308 2088 1372 2111 ante
1385 2090 1495 2111 carnem
1507 2083 1683 2111 exsistentem
1692 2083 1771 2111 Chri-

983 2132 1053 2156 stum
1062 2129 1229 2157 nominasset
1242 2129 1312 2157 idem
1323 2129 1432 2162 Paulus,
1455 2129 1488 2156 ad
1508 2130 1633 2156 eutndem
1648 2130 1768 2164 modum,

983 2175 1027 2202 ubi
1040 2182 1100 2202 eum
1109 2175 1226 2210 appellat
1233 2180 1335 2210 petram
1348 2175 1374 2201 in
1388 2176 1483 2203 eodem
1491 2176 1562 2207 loco,
1581 2176 1614 2203 de
1622 2175 1720 2211 populo
1733 2176 1770 2203 lo-

981 2228 1067 2255 quens
1075 2221 1189 2255 quicum
1198 2221 1288 2257 Moyse
1297 2222 1323 2248 in
1331 2221 1439 2249 deserto
1445 2221 1633 2249 versabantur.
1641 2220 1768 2248 Bibebant

981 2267 1012 2293 de
1020 2266 1154 2301 spirituali
1169 2268 1285 2301 sequenti
1299 2275 1343 2294 eos
1356 2272 1450 2301 petra;
1461 2272 1534 2302 petra
1551 2273 1638 2295 autem
1650 2267 1696 2294 illa
1711 2273 1768 2294 erat

981 2312 1100 2340 Christus
1113 2313 1144 2339 ¹³.
1166 2312 1242 2346 Quod
1265 2313 1351 2348 ipsum
1375 2314 1517 2349 consignat
1535 2314 1605 2342 idem
1618 2313 1708 2341 statim
1723 2313 1766 2340 in-

145 2354 189 2372 ται
202 2347 323 2394 τὸγαὺτδ,
346 2348 405 2383 μεθ’
423 2349 503 2385 ἕτερα
523 2350 645 2386 φάσκων·
660 2354 743 2388 Μηδὲ
759 2356 931 2390 ἐκπειράζω-

989 2360 1089 2394 quiens,
1114 2359 1170 2387 Nec
1195 2347 1322 2387 tentemus
1341 2363 1369 2392 ιίς
1393 2347 1526 2387 Christum
1544 2364 1571 2386 ut
1589 2358 1710 2387 nonnulli
1726 2366 1768 2385 eo-

141 2400 199 2425 μεν
211 2393 263 2419 τὸν
276 2394 414 2427 Χριστύν,
431 2396 526 2429 καθώς
541 2405 620 2431 τινες
638 2399 736 2426 αὐτῶν
751 2401 924 2437 ἐπείρασαν,

144 2438 192 2464 καὶ
212 2439 270 2465 ὑπὸ
290 2439 354 2479 τῶν⁴
373 2440 470 2474 ὄφεων
493 2442 660 2472 ἀπώλοντο.
686 2446 741 2472 Καὶ
763 2447 804 2474 ἔτι
826 2448 925 2483 μᾶλλον

143 2483 214 2509 τοῦτ’
230 2484 294 2510 αὐτὸ
310 2484 413 2519 βεσαιοῖ
426 2485 520 2521 λέγων·
533 2488 635 2516 Πίστει
646 2491 776 2526 Μωϋσῆς
780 2492 874 2528 μέγας
880 2503 926 2529 τε·

143 2528 279 2561 νόμενος,
299 2529 452 2562 ἠρνήσατο
468 2531 607 2566 λέγεσθαι
623 2534 689 2568 υἱὸς
707 2537 851 2571 θυγατρὸς
867 2540 925 2566 Φα-

139 2573 210 2606 ραώ·
224 2573 344 2607 μείζονα
357 2576 489 2603 πλοῦτον
503 2578 692 2614 ἡγησάμενος
702 2582 761 2608 τῶν
773 2584 923 2618 Αἰγύπτου

141 2619 300 2653 θησαυρῶν
315 2621 368 2648 τὸν
380 2622 550 2658 ὀνειδισμὸν
566 2626 619 2653 τοῦ
636 2628 772 2662 Χριστοῦ.
796 2631 922 2666 Ἐναργέ-

177 2691 206 2726 γξς
217 2689 268 2726 βά.
285 2689 371 2718 Paris.
391 2699 451 2726 pag.
467 2692 556 2723 9.3.94.

979 2413 1037 2431 rum
1050 2410 1215 2432 tentaverunt
1235 2411 1258 2433 et
1277 2415 1293 2432 a
1309 2406 1470 2440 serpentibus
1485 2405 1563 2432 occisi
1580 2410 1639 2432 sunt
1654 2404 1686 2432 ιθ.
1709 2404 1762 2432 Sed

978 2451 1122 2479 conﬂi-mat
1143 2452 1207 2479 illud
1233 2453 1318 2487 ipsum
1351 2452 1396 2480 ubi
1421 2452 1468 2482 ait.
1492 2451 1545 2478 Per
1566 2451 1645 2485 ﬁdem
1662 2451 1765 2486 Moyses

978 2497 1104 2530 grandior
1123 2497 1219 2531 factus,
1241 2497 1343 2532 negauit
1356 2506 1384 2524 se
1400 2505 1454 2524 esse
1464 2497 1549 2530 filium
1565 2496 1629 2530 ﬁlite
1642 2495 1765 2523 Pharao-

978 2543 1028 2569 nis.
1054 2542 1171 2577 Majores
1187 2544 1294 2570 divitias
1315 2543 1450 2570 wstt‘mans
1471 2543 1601 2570 thesauris
1617 2542 1762 2578 Egyptia—

977 2596 1033 2614 rum
1050 2588 1234 2623 improperium
1254 2588 1396 2616 Christi".
1419 2588 1472 2616 Sed
1484 2594 1511 2616 et
1523 2588 1592 2615 idem
1609 2589 1695 2623 ipsum
1710 2588 1760 2616 ad-

971 2632 1029 2662 .ltuc
1042 2633 1176 2661 eilicacius
1204 2635 1322 2662 insinuat
1338 2634 1382 2661 ubi
1403 2635 1460 2663 ait:
1481 2634 1535 2662 Hoc
1548 2635 1616 2662 idem
1630 2637 1759 2664 sentiatur

177 2724 196 2738 “
211 2723 289 2751 Joan.
304 2733 323 2756 ι,
341 2726 367 2752 1.
392 2723 518 2756 "’lCor.
532 2737 589 2762 vttt,
606 2729 630 2756 6.
672 2730 715 2757 Ι³1
733 2730 795 2758 Cor.
811 2739 837 2764 ς,
852 2733 879 2760 4.
917 2734 939 2750 ³⁸

989 2735 1019 2762 id.
1032 2736 1059 2764 9.
1088 2732 1123 2752 V"
1133 2737 1214 2766 Hebr.
1234 2746 1271 2770 XI,
1282 2739 1327 2771 24,
1344 2739 1387 2765 26.

174 2804 229 2840 (20)
242 2804 328 2840 Vulgo
339 2807 377 2834 δέ.

177 2840 232 2872 iii)
244 2840 329 2875 Vulgo
342 2851 396 2868 unt.
414 2843 480 2871 ἀλλ’.

246 2875 331 2913 Vulgo
348 2878 401 2910 ὐπή
407 2887 464 2913 ρχει

177 2910 231 2945 (Ξὸ)
246 2911 330 2946 Vulgo
345 2910 425 2941 tta-30‘.

966 2808 968 2812 ’
1010 2818 1066 2854 (at)
1084 2817 1168 2853 Vulgo
1181 2819 1194 2845 δ

1078 2854 1237 2892 asperam;
1249 2855 1351 2889 λόγου.
1368 2855 1449 2885 Forte
1465 2856 1603 2892 προόντος.
1619 2855 1655 2884 M.

1010 2888 1065 2923 (26)
1079 2888 1162 2924 Vulgo
1178 2888 1370 2926 ἁσπαρτῆτως.
