2032 3211
135 212 190 239 895

616 210 659 237 DE
679 209 947 238 ECCIJSSIASTICA
973 210 1170 238 TIIEOLOGIA
1191 210 1256 239 LIB.
1274 210 1294 239 l.

1703 213 1756 240 890

110 281 115 285 ~
133 267 201 298 τοῦ,
218 263 264 299 οἷς
276 266 426 299 ἐθέλησεν
434 268 449 293 ὁ
459 266 530 299 Θεὸς
546 267 698 301 γνωρίσαι,
714 267 760 299 τίς
768 267 784 292 ὁ
794 266 925 299 πλοῦτος

978 276 1038 303 quos
1059 267 1139 294 uetuit
1167 266 1236 294 Deus
1264 275 1426 301 cognoscere.
1448 275 1568 302 quanam
1588 268 1640 295 ιίιιι
1656 268 1756 296 ditauit:

133 311 190 345 τῆς
198 311 291 345 δόξης
298 320 331 339 το
336 312 352 338 ῦ
354 313 522 347 μυστηρίου
529 312 635 339 τούτου
642 312 677 338 ἐν·
684 311 746 344 τοῖς
752 312 882 342 ἔθνεσιν,
892 311 925 345 ὃς

132 358 200 384 ἐστι
209 357 335 392 Χριστὸς
342 358 376 384 ὲν
383 357 463 393 ὑμῖν,
473 358 491 391 ἡ
499 358 587 390 ἐλπίς
592 357 647 392 τῆς
654 357 756 390 δόξης.
764 357 845 392 Ὁρᾷς
852 357 926 389 ὅπως

136 403 286 439 μυστήριον
308 401 342 438 ἦν
370 404 615 439 ἀποκεκρυμμένον
648 403 788 439 πρότερον,
818 403 876 429 νυνὶ
898 403 925 428 δὲ

135 449 304 483 φανερωθὲν,
319 451 333 475 ὁ
350 450 412 480 Υἱὸς
425 449 471 475 τοῦ
487 449 563 476 Θεοῦ.
578 449 677 485 Διόπερ
692 449 716 475 οἱ
735 449 783 484 μὲν
800 448 845 475 τοῦ
858 448 924 474 Θεοῦ

135 495 274 530 προφῆται
293 495 331 530 τῷ
352 496 512 531 προφητικῷ
534 495 669 530 πνεύματι
688 495 824 530 μυστικῶς
845 494 924 521 αὑτὸν

135 543 303 576 ὲθεολὸγουν.
325 542 362 569 Τὸ
377 542 404 569 δὲ
428 542 528 577 πλῆθος
552 542 598 568 τοῦ
621 542 752 568 Ἰουδαίων
778 541 870 572 ἔθνους
896 542 924 567 ὲν

136 590 233 624 ἀγνοίᾳ
251 589 381 623 ἐτύγχανε
403 588 449 614 τοῦ
474 588 663 624 κεκρυμμένου
689 587 846 623 μυστηρίου”
865 587 924 613 ὅθεν

135 635 201 661 Θεὸν
224 634 273 669 μὲν
289 635 441 661 ἐδιδάσκετο
455 635 502 660 ἕνα
525 635 632 665 εἰδέναι,
647 634 691 660 διὰ
704 633 732 660 τὸ
751 635 783 668 τῇ
802 633 924 659 πολυῦἐω

135 681 226 717 πλάνῃ
243 680 361 715 συνεχῶς
379 680 577 716 ὑποσύρεσθαιγ·
606 680 715 715 Πατέρα
737 679 764 706 δὲ
789 679 852 705 ὅντα
879 678 924 705 τόν

135 727 202 753 Θεὸν
219 726 281 753 Υἱοῦ
294 726 339 753 τοῦ
353 726 521 760 Μονογενοῦς
538 727 639 761 ἠγνόει·
652 725 730 751 τοῦτο
744 725 797 759 γὰρ
812 724 924 758 ἐφυλάτ-

135 782 197 799 τετο
226 774 257 808 τῇ
298 772 327 804 ἐξ
342 772 425 798 ὲῦνῶν
447 771 593 807 Ἐκκλησία
616 771 646 796 τὸ
674 771 832 805 μυστήριον,
864 769 923 795 κατ’

135 819 274 854 ἐξαίρετον
302 818 379 854 χάριν
404 818 471 852 αὐτῇ
495 817 690 852 δεδωρημένον.
714 817 756 842 Ἐν
769 816 843 850 αὐτῷ
871 816 925 850 γάρ

135 865 199 895 εἱσι,
215 862 284 889 κατὰ
306 862 350 888 τὸν
370 862 539 894 ’Λπόστολον,
556 862 655 892 πάντες
676 862 699 886 οἱ
722 860 851 895 θησαυροὶ
875 861 923 895 τῆς

135 909 233 943 σοφίας
259 909 306 935 καὶ
320 908 447 942 γνώσεως
464 909 625 943 ἀπόκρυφοι.
648 907 727 933 Ἀλλὰ
744 906 798 942 γὰρ
823 907 867 933 διὰ
881 916 923 932 το-

135 955 238 981 σούτων
248 956 262 981 ὁ
274 955 321 981 τοῦ
336 955 402 981 Θεοῦ
428 955 522 988 Λόγος,
535 955 549 980 ό
569 955 597 979 ὲν
612 954 682 989 ἀρχῇ
703 954 771 989 πρὸς
790 952 835 979 τὸν
846 953 923 983 Θεὸν,

134 1001 165 1025 οὐ
194 1000 272 1034 μόνον
294 999 378 1033 Λόγος
402 998 579 1033 κεκλημένος,
598 998 635 1029 ὡς
652 998 811 1033 Μάρκελλος
827 997 922 1028 οἴεται,

134 1044 290 1079 ἀπεδείχθη,
309 1044 377 1071 ἀλλὰ
394 1044 439 1070 καὶ
456 1043 527 1075 Υἱὸς,
545 1044 590 1069 καὶ
604 1044 768 1079 Μονογενὴς,
786 1043 832 1069 καὶ
856 1043 922 1077 φῶς,

135 1091 182 1116 καὶ
199 1090 288 1124 ἄρτος,
306 1088 474 1124 καὶΊησοῦς,
488 1089 534 1114 καὶ
548 1089 673 1123 Χριστὸς,
689 1089 736 1114 καὶ
750 1089 861 1124 Κύριος,
878 1089 924 1114 καὶ

135 1137 287 1171 ἀρχιερεὺς,
301 1136 347 1162 καὶ
359 1135 537 1170 ἀπαύγασμα,
551 1135 597 1161 καὶ
608 1136 761 1171 χαρακτὴρ,
774 1136 821 1161 καὶ
832 1134 923 1165 εἰκὼν,

136 1182 182 1207 καὶ
195 1181 369 1215 Πρωτότοκος
390 1182 478 1217 πάσης
496 1182 620 1213 κτίσεως,
636 1182 683 1208 καὶ
700 1182 774 1217 πηγὴ
784 1181 865 1217 ζωῆς,
879 1182 925 1208 καὶ

136 1226 259 1262 ἀλήθεια,
274 1228 321 1253 καὶ
335 1228 465 1262 ποταμὸς,
490 1228 537 1254 καὶ
554 1228 720 1263 δικαιοσύνη,
739 1228 785 1254 καὶ
798 1228 873 1262 ἥλιος
887 1228 925 1254 δι-

136 1273 292 1308 καιοσύνης,
317 1273 364 1299 καὶ
385 1273 475 1307 σοφία,
491 1274 538 1299 καὶ
554 1273 631 1306 ξύλον
652 1274 732 1308 ζωῆς,
751 1274 796 1300 καὶ
813 1273 923 1307 Κύριος,

136 1319 182 1344 καὶ
196 1318 271 1349 Θεὸς,
290 1318 337 1345 καὶ
363 1318 525 1353 ’Λγαπητὸς,
545 1319 591 1344 καὶ
609 1319 705 1353 ἱερεὺς,
729 1319 777 1344 καὶ
795 1318 924 1354 βραχίων,

136 1363 193 1397 (55)
216 1363 263 1390 καὶ
283 1364 424 1399 σωτήριον,
444 1365 491 1390 καὶ
507 1364 594 1390 πάντα
611 1363 706 1395 ταῦτα,
742 1363 778 1389 ὢν
794 1364 839 1390 καὶ
861 1371 926 1399 προσ

136 1411 267 1446 ῦπὰρχων
283 1406 455 1445 τῆςσαρκὸς,
466 1411 630 1445 ὠνομάζετο
645 1411 682 1442 ὡς
690 1411 718 1436 αἱ
733 1411 927 1446 παρατεθεῖσαι

136 1457 244 1492 Γραφαὶ
266 1457 441 1491 δεδηλώκασι.
467 1457 525 1483 Τίνι
538 1456 627 1483 τοίνυν
641 1456 724 1491 λόγῳ,
736 1456 821 1482 ταῦτα
837 1456 927 1483 πάντα.

136 1504 237 1538 παρεὶς
253 1503 419 1538 Μάρκελλος,
431 1503 476 1529 ἐπὶ
495 1502 574 1537 μόνου
592 1502 637 1529 τοῦ
651 1503 738 1536 Λόγου
752 1503 870 1535 ictam;
895 1502 925 1528 οὺ

136 1546 282 1573 διαϐαίνων
301 1547 347 1582 μὲν
364 1547 409 1573 καὶ
430 1547 477 1573 ἐπὶ
493 1546 542 1578 τὰς
556 1547 651 1579 λοιπὰς
664 1548 832 1582 ἐπωνυμίας,
847 1547 926 1582 μόνον

136 1593 166 1619 δὲ
192 1592 279 1626 Λόγον
302 1593 380 1620 αὑτὸν
407 1591 476 1619 εἶναι
495 1594 606 1627 φάσκων
624 1593 669 1619 τοῦ
684 1592 761 1619 Θεοῦ·
777 1594 823 1619 καὶ
849 1593 926 1627 λόγον

138 1639 316 1674 σημαντικὸν,
340 1639 403 1665 ποτὲ
421 1639 471 1674 μὲν
486 1638 653 1674 ἡσυχάζοντα
672 1639 700 1664 ὲν
713 1638 749 1674 τῷ
766 1638 835 1673 Θεῷ,
862 1639 926 1665 ποτὲ

137 1684 165 1711 δὲ
180 1684 305 1719 ἐνεργείᾳ
329 1684 396 1721 μόνῃ
414 1685 544 1711 λαλοῦντα
565 1686 580 1719 ἦ
599 1685 768 1720 πράττοντα;
786 1682 823 1710 Ἦ
834 1684 877 1711 διὰ
896 1684 927 1710 τὸ

138 1730 326 1762 Σαϐελλιάξειν
342 1731 482 1766 ἄντικρυς,
499 1732 545 1758 καὶ
557 1731 594 1766 μὴ
609 1731 746 1757 πιστεύειν
760 1733 799 1763 εἰς
811 1732 856 1757 τὸν
864 1731 927 1757 Υἱὸν

137 1776 184 1803 τοῦ
196 1776 274 1809 Θεοῦ,
293 1777 359 1813 μηδὲ
371 1777 512 1812 γνωρίζειν
528 1777 558 1803 τὸ
573 1778 719 1811 μυστήριον
738 1777 768 1803 τὸ
786 1777 927 1812 προῦπάρ-

139 1831 185 1856 γον
202 1823 250 1858 μὲν
269 1823 362 1854 πάλαι,
394 1823 461 1858 μόνῃ
480 1822 508 1849 δὲ
534 1824 566 1857 τῇ
584 1823 731 1858 Ἐκκλησία
749 1822 796 1848 τοῦ
811 1822 926 1869 Χριστοῦ

141 1869 184 1894 ita
210 1869 259 1904 τῆς
285 1869 367 1896 αὐτοῦ
384 1869 539 1905 φανερωθὲν
556 1869 674 1903 χάριτος.
698 1870 729 1895 Εἰ
745 1869 772 1895 δὲ
792 1868 862 1902 λέγοι
879 1878 929 1903 μυ-

142 1916 249 1950 στήριον
276 1913 345 1942 εἶναι
370 1915 558 1950 ἀγνοούμενον,
584 1914 686 1950 τὸ
703 1914 787 1949 Λόγον
812 1914 882 1948 ἔχειν
900 1915 929 1940 ἐν

142 1961 229 1996 ἐαυτῷ
243 1961 288 1988 τὸν
301 1961 376 1992 Θεὸν,
391 1961 539 1997 κεχρῆσθαι
548 1961 714 1996 λόγῳ,τοῦτο
726 1960 779 1995 γὰρ
788 1960 861 1995 αὐτῷ
869 1961 929 1986 Μα-

143 2007 248 2042 ρκέλλῳ
264 2007 337 2033 δοκεῖ
348 2001 415 2041 (57),
439 2006 532 2032 τοῦτον
545 2007 674 2042 γράφοντι
688 2005 731 2032 τὸν
742 2006 850 2040 τρόπον·
869 2014 878 2031 t
896 2006 928 2031 Τί

145 2062 154 2078 ι
172 2053 227 2088 γὰρ
242 2053 334 2088 ἕτερον
358 2051 391 2088 ἦν
412 2053 656 2087 ἀποκεκρυμμένον
675 2052 839 2087 μυστήριον,
860 2052 929 2078 κατὰ

145 2108 154 2124 t
170 2099 215 2125 τὸν
230 2099 331 2133 Λόγονς
345 2099 430 2130 οὕτως
444 2099 471 2124 δὲ
485 2097 519 2134 ἦν
532 2098 775 2133 ἀποκεκρυμμένον
789 2099 816 2123 ὲν
823 2098 861 2132 τῷ
871 2097 930 2132 Θεῴ

145 2153 154 2168 ι
171 2143 249 2170 τοῦτο
276 2144 407 2179 πρότερον
433 2143 463 2169 τὸ
483 2144 640 2178 μυστήριον,
662 2142 731 2168 ὥστε
754 2142 855 2177 μηδένα
881 2142 928 2168 τοῦ

146 2200 154 2214 ι
173 2189 304 2225 προτέρου
314 2189 379 2215 λαοῦ
399 2189 492 2223 σαφῶς
504 2189 538 2215 τὰ
546 2189 616 2215 κατὰ
629 2188 673 2214 τὸν
686 2187 770 2221 Λόγον
787 2187 893 2214 εἰδέναι·
918 2197 927 2213 ι

143 2237 167 2262 εἰ
222 2234 268 2262 οὖν
281 2235 359 2261 τοῦτο
377 2235 461 2268 λέγοι,
481 2234 648 2269 μανθανέτω,
671 2234 711 2260 ὃτι
726 2233 772 2260 καὶ
788 2233 842 2263 πᾶς
864 2233 929 2258 Ἰου-

975 314 1092 348 mysterii
1104 314 1180 340 im'u:
1195 314 1222 339 in
1234 313 1365 347 gentibus,
1380 312 1426 347 qui
1445 318 1483 340 est
1500 312 1622 340 Christus
1634 314 1661 339 in
1675 314 1756 344 vobis.

974 368 1032 395 spes
1051 360 1142 395 gloriae
1153 360 1210 394 ejus
1225 359 1258 385 ".
1278 358 1359 386 Vides
1381 363 1411 386 ut
1424 359 1610 387 absconditum
1631 359 1683 387 hoc
1696 366 1756 393 my-

975 406 1086 434 steriqu
1107 405 1195 432 fuerat
1212 406 1286 440 prius
1300 424 1308 438 ,
1325 412 1396 432 nunc
1414 409 1502 432 autem
1516 404 1664 431 revelatum
1682 413 1688 431 :
1712 404 1756 431 Fi-

974 452 1026 479 lius
1044 452 1102 479 Dei.
1130 451 1298 485 Quapropter
1325 451 1463 485 prophetze
1489 450 1534 477 Dei
1561 450 1703 485 mysticum
1729 450 1757 476 in

975 498 1084 525 modum
1114 496 1273 532 prophetico
1298 495 1400 531 Spiritu
1425 503 1486 523 eum
1515 495 1757 529 deiﬁcarunt;1u—

973 545 1094 572 daaorum
1117 548 1206 571 autem
1218 542 1305 570 omnis
1320 542 1465 569 multitudo
1476 542 1502 569 in
1515 542 1665 577 ignorantia
1678 542 1758 569 istius

975 590 1096 626 mysterii
1123 589 1316 625 pet‘sistebant.
1347 588 1430 615 Deum
1450 588 1556 622 quidem
1574 595 1655 614 unum
1672 595 1756 622 agno-

974 644 1049 664 SCere
1064 636 1163 668 edocti,
1174 643 1206 662 eo
1223 634 1294 669 qttod
1324 634 1349 661 in
1370 641 1478 661 errores
1494 633 1526 660 de
1545 634 1656 659 deorum
1685 632 1756 659 mul-

976 681 1090 708 titudine
1105 681 1201 714 saepius
1214 679 1458 707 abstrahebaulur:
1473 677 1581 705 Patrem
1595 685 1659 704 vero
1671 677 1756 704 Deum

974 726 1103 759 unigeniti
1120 725 1161 752 sui
1174 724 1232 751 Filii
1251 724 1422 759 ignorabam.
1447 723 1514 750 Nam
1535 723 1586 750 hoc
1611 723 1644 750 de
1666 723 1755 757 genti-

975 771 1025 798 bus
1050 770 1180 798 Ecclesiae
1203 770 1393 797 reservabatur
1417 769 1576 803 mysterium
1591 787 1598 799 .
1627 772 1754 801 tauquam

976 815 1065 850 gratia
1084 815 1206 849 quazdam
1224 814 1372 845 excellens.
1386 813 1435 847 ipsi
1452 812 1641 847 impertienda;
1667 815 1697 843 δέ
1725 810 1753 838 ln

976 863 1033 895 ipso
1048 860 1120 888 enim
1138 864 1211 893 sunt,
1230 860 1301 894 quod
1310 859 1454 893 Apostolus
1469 859 1595 886 observat
1609 857 1644 889 ",
1661 864 1757 884 omnes

977 907 1097 934 thesauri
1110 905 1261 934 absconditi
1272 905 1446 938 cognitionis.
1477 903 1620 930 Enimvero
1638 906 1677 928 tot
1699 901 1755 935 jam

976 953 1149 985 testimoniis,
1166 951 1212 979 Dei
1227 951 1292 978 illud
1314 950 1429 978 Verbum
1443 949 1514 984 quod
1541 948 1567 975 in
1594 948 1671 975 initio
1696 951 1758 974 erat.

974 997 1044 1030 apud
1060 996 1155 1026 Deum.
1169 1004 1222 1023 non
1243 995 1322 1022 modo
1345 995 1415 1028 quod
1443 993 1583 1020 Marcellus
1609 993 1735 1026 opinatur
1748 1011 1757 1024 ,

976 1043 1091 1070 Verbum
1101 1042 1202 1069 dictum
1215 1046 1267 1072 est,
1285 1043 1332 1068 sed
1347 1046 1374 1067 et
1388 1040 1481 1073 Filius,
1498 1044 1524 1066 et
1542 1038 1712 1073 Unigenitus,
1728 1042 1757 1064 et

976 1089 1030 1121 lux,
1041 1094 1068 1115 et
1081 1088 1168 1123 panis,
1184 1093 1211 1115 et
1226 1087 1315 1119 Jesus,
1329 1092 1356 1114 et
1368 1086 1502 1118 Christus,
1518 1090 1545 1112 el
1564 1084 1705 1115 Dominus,
1729 1087 1757 1109 et

975 1135 1106 1166 Pontifex,
1132 1139 1158 1161 ct
1177 1134 1314 1168 splendor,
1329 1137 1355 1159 et
1377 1132 1528 1163 character,
1552 1134 1580 1158 et
1604 1129 1704 1165 imago,
1729 1134 1758 1155 et

976 1181 1174 1215 Primogenitus
1195 1180 1283 1207 oumis
1303 1184 1452 1205 creatura}:
1472 1181 1500 1204 et
1515 1176 1575 1203 fons
1587 1176 1659 1208 vitae,
1676 1180 1702 1202 et
1716 1182 1758 1201 ve-

976 1228 1051 1258 ritas,
1063 1232 1091 1253 et
1101 1227 1210 1259 ﬂumen.
1233 1231 1260 1253 et
1274 1225 1392 1260 iustitia,
1408 1229 1435 1252 et
1460 1223 1500 1252 sol
1527 1223 1648 1257 justitite.
1668 1227 1695 1248 et
1716 1229 1758 1248 aa-

976 1274 1087 1308 pientia,
1100 1278 1127 1301 et
1140 1274 1243 1307 lignum
1254 1273 1327 1305 vim,
1345 1276 1372 1299 et
1387 1270 1525 1303 Dominus,
1540 1274 1568 1297 et
1586 1269 1667 1299 Deus.
1679 1272 1706 1294 et
1718 1267 1758 1293 di-

976 1319 1071 1350 lectus.
1087 1317 1271 1348 et-Sacerdos,
1290 1321 1317 1343 et
1337 1316 1490 1347 brachium,
1506 1319 1534 1342 et
1557 1313 1676 1341 salutare
1696 1322 1702 1339 :
1729 1316 1758 1338 et

976 1364 1051 1391 hisce
1066 1363 1174 1398 quidem
1187 1362 1312 1389 omnibus
1321 1360 1507 1396 appellabatur
1519 1358 1683 1390 nominibus,
1696 1364 1756 1383 eum

976 1410 1131 1443 exsisteret,
1142 1413 1167 1436 et
1185 1407 1384 1444 pratexsisteret
1400 1411 1461 1433 ante
1477 1412 1587 1433 carnem
1602 1406 1734 1437 sumptam
1748 1409 1756 1429 Ξ

976 1461 1005 1482 ιιι
1016 1463 1031 1483 e
1041 1455 1152 1490 prolatis
1164 1455 1208 1482 hic
1225 1454 1376 1488 Scripturis
1389 1457 1527 1479 ostensum
1542 1454 1594 1478 est.
1612 1449 1677 1482 Qua:
1688 1448 1759 1474 ratio

976 1500 1131 1527 Marcellum
1146 1499 1192 1527 hic
1208 1498 1364 1530 commovit,
1379 1502 1408 1523 ut
1421 1496 1478 1523 istis
1501 1494 1635 1522 universis
1647 1496 1758 1528 praeter-

976 1547 1077 1577 missis,
1093 1546 1119 1573 in
1135 1544 1192 1572 solo
1203 1544 1292 1571 Verbo
1308 1541 1458 1570 resideret?
1477 1541 1567 1575 Neque
1579 1539 1652 1567 enim
1670 1544 1760 1564 trans-

979 1593 1027 1619 ivit
1041 1592 1073 1618 ad
1100 1595 1213 1618 ceteras
1239 1588 1468 1619 nomenclaturas,
1487 1584 1654 1612 solummodo
1684 1583 1757 1609 illum

978 1638 1024 1665 Dei
1042 1637 1158 1664 Verbum
1172 1643 1231 1663 esse
1246 1634 1358 1667 statuit;
1376 1638 1403 1659 et
1420 1633 1532 1659 verbum
1546 1630 1653 1664 quidem
1672 1628 1760 1663 signi-

978 1683 1126 1713 ficatirum,
1142 1680 1277 1708 interdum
1292 1679 1318 1706 in
1329 1679 1384 1705 Deo
1399 1676 1607 1711 conquiescens,
1624 1673 1759 1701 interdum

977 1737 1006 1756 re
1021 1733 1047 1756 et
1066 1735 1113 1755 ore
1128 1727 1273 1762 prolatum,
1288 1724 1329 1752 vel
1347 1724 1430 1751 etiam
1452 1729 1577 1757 operans.
1592 1719 1672 1748 Certe
1693 1725 1759 1753 pro-

977 1779 1067 1808 pterea
1083 1772 1153 1808 quod
1169 1771 1403 1800 Sabellianizaret,
1422 1768 1509 1795 necin
1524 1766 1570 1793 Dei
1584 1765 1681 1792 Filium
1698 1770 1760 1791 ere-

977 1819 1065 1850 deret,
1089 1825 1138 1845 nec
1153 1820 1312 1851 agnosceret
1328 1814 1484 1850 mysterium
1512 1811 1586 1843 illud,
1604 1810 1674 1844 quod
1703 1809 1760 1844 qui-

977 1865 1037 1891 dem
1053 1863 1257 1898 praeexsistebat
1273 1861 1335 1889 olim
1362 1868 1369 1886 :
1399 1864 1427 1885 at
1443 1858 1491 1885 soli
1507 1857 1608 1885 Christi
1634 1855 1760 1882 Ecclesia:

977 1918 1024 1945 per
1042 1910 1126 1944 ipsius
1141 1908 1253 1943 gratiam
1271 1905 1420 1933 revelatum
1433 1908 1483 1931 est.
1497 1903 1572 1936 Quod
1585 1902 1607 1929 si
1619 1901 1691 1928 dicat
1704 1907 1761 1936 my-

978 1956 1090 1982 sterium
1105 1954 1169 1981 illttd
1183 1953 1348 1987 incognitum
1366 1958 1436 1984 esse,
1455 1950 1536 1977 Deum
1553 1956 1613 1974 cum
1625 1948 1652 1974 in
1666 1954 1695 1974 se
1710 1946 1761 1972 ha-

979 2002 1055 2028 beret
1072 2000 1203 2031 Verbum,
1219 1998 1300 2025 verbo
1317 1997 1362 2024 illo
1378 2003 1468 2028 usum,
1482 1995 1532 2021 hoc
1544 1993 1677 2027 siquidem
1690 1990 1761 2018 Mar-

979 2047 1047 2074 cello
1062 2046 1168 2072 videtur
1190 2045 1227 2071 ita
1253 2051 1323 2074 esse.
1339 2050 1399 2069 cum
1415 2041 1453 2068 sic
1470 2039 1609 2075 scripserit
1626 2048 1633 2065 :
1654 2047 1663 2063 ‹
1692 2037 1762 2070 Quid

982 2101 992 2118 (
1010 2092 1081 2118 aliud
1099 2091 1187 2117 fuerat
1202 2089 1360 2125 mysterium
1380 2087 1446 2114 illud
1467 2085 1667 2116 absconditum,
1680 2090 1763 2117 quant

983 2147 993 2164 (
1007 2137 1126 2164 Verbum
1140 2136 1151 2162 ?
1165 2135 1203 2162 lla
1221 2139 1309 2161 autent
1324 2134 1349 2160 in
1362 2133 1415 2159 Deo
1424 2131 1498 2163 olim,
1511 2135 1569 2158 erat
1582 2131 1633 2157 hoc
1647 2129 1762 2156 abscon-

982 2191 992 2208 ι
1008 2183 1093 2209 ditum
1119 2181 1289 2215 mysterium;
1312 2183 1342 2205 ut
1367 2185 1444 2204 nemo
1460 2176 1529 2211 apud
1552 2175 1672 2210 priorem
1687 2173 1762 2199 illum

983 2238 993 2255 ι
1010 2228 1136 2262 populum
1155 2225 1318 2260 intelligeret
1350 2223 1432 2255 clare,
1457 2230 1518 2256 qua:
1543 2219 1701 2254 spectabant
1728 2218 1764 2244 att-

206 2262 211 2271 .
414 2262 419 2268 .
457 2262 459 2264 .
481 2262 486 2269 .
642 2262 647 2265 .
832 2262 838 2263 ,

142 2281 224 2307 δαίων
245 2281 299 2307 τῶν
323 2281 368 2307 τὸν
392 2281 507 2316 Χριστὸν
527 2279 573 2306 τοῦ
592 2279 658 2306 Θεοῦ
683 2279 719 2314 μὴ
737 2278 926 2313 ὲπεγνωκότων

985 2283 994 2300 ‹
1014 2272 1143 2300 Verbum.
1161 2281 1169 2297 ι
1188 2270 1216 2297 Si
1232 2272 1282 2296 hoc
1296 2268 1425 2303 posuerit,
1443 2268 1531 2293 discat
1552 2267 1667 2299 oportet,
1690 2262 1764 2296 quod

142 2327 333 2362 ὁμολογήσειεν
354 2326 386 2352 ἂν
403 2326 447 2353 τὸν
473 2326 557 2359 Λόγον
585 2325 655 2360 ἔχειν
677 2325 721 2351 τὸν
743 2324 820 2357 Θεὸν,
832 2324 878 2350 καὶ
894 2324 930 2359 μὴ

143 2373 213 2401 εἷναι
227 2374 331 2408 ἄλογον.
342 2373 426 2399 Τοῦτο
445 2372 472 2398 δὲ
488 2372 535 2398 καὶ
548 2372 690 2402 summa;
704 2371 794 2402 αὐτὸς,
815 2371 861 2397 καὶ
877 2372 930 2401 πᾶς

144 2419 246 2453 Ἕλλην
268 2428 298 2445 τε
314 2419 361 2445 καὶ
382 2418 527 2453 βάρϐαρος,
545 2418 559 2443 ὁ
573 2417 638 2443 Θεὸν
655 2414 723 2442 εἶναι
737 2417 929 2451 ὑφιστάμενος,

144 2465 351 2499 ἀναμφιλέκτως
363 2465 482 2499 φήσειεν·
497 2464 573 2498 ’Ἅμα
586 2462 640 2498 γὰρ
650 2462 688 2497 τῷ
700 2463 764 2489 Θεὸν
779 2463 875 2492 εἰπεῖν,
884 2461 932 2487 καὶ

146 2511 226 2543 σοφὸν
243 2510 323 2536 αὑτὸν
339 2511 402 2541 νοεῖ,
427 2509 474 2535 καὶ
489 2508 606 2542 λογικὸν,
624 2508 670 2533 καὶ
692 2507 813 2539 δυνατὸν,
830 2507 877 2533 καὶ
892 2507 931 2532 δί-

146 2564 233 2587 καιον,
249 2556 296 2582 καὶ
318 2555 429 2589 ἀγαθόν.
448 2556 526 2581 Ποῖον
543 2552 589 2581 οὖν
610 2555 758 2589 μυστήριον
772 2551 806 2589 ἦν
830 2554 930 2580 ἀποκε-

145 2602 301 2637 κρυμμένον
315 2602 344 2627 τὸ
369 2602 424 2632 τοῖς
452 2602 533 2627 πᾶσιν
560 2600 786 2635 ὁμολογούμενον;
807 2600 853 2631 Τίς
878 2599 933 2635 γὰρ

145 2647 194 2672 οὐκ
219 2647 252 2672 ὰν
280 2646 351 2672 εἴποι
380 2647 407 2672 ὲν
431 2645 468 2680 τῷ
497 2645 555 2680 Θεῷ
581 2644 676 2678 σοφίαν
704 2642 785 2676 εἶναι,
812 2644 858 2670 καὶ
886 2644 932 2669 δύ-

200 2726 230 2755 ›Ῐ‹
249 2722 297 2749 Ed.
315 2723 399 2750 Paris.
418 2731 478 2754 pair.
498 2722 560 2750 100.

173 2790 179 2796 ³
199 2759 339 2785 “Gelo”;
358 2767 378 2791 ι,
393 2758 486 2785 25—27.
525 2758 547 2774 "
563 2757 667 2785 Coloss.
688 2764 719 2788 It,
745 2756 770 2781 3.

182 2815 239 2849 (55)
250 2815 300 2851 Βρ.
317 2815 365 2842 καὶ
376 2815 532 2851 δικαιοσύνη
544 2815 624 2851 codd.

185 2851 240 2884 (‘36)
258 2850 311 2877 Τόν
328 2851 407 2884 vulgo
418 2856 511 2878 contra
520 2850 582 2876 eod.

255 2881 420 2920 Μαρκέλλῳ
432 2884 523 2912 δοκεῖ.
535 2882 754 2920 Βεᾳιίιιεέὲδοκει,
770 2882 871 2920 statim,
891 2881 930 2907 1ο--

150 2917 264 2956 gendum
279 2917 386 2956 opinor,
403 2921 419 2956 ἦ
434 2920 464 2947 τὸ
481 2919 551 2947 κατὰ
564 2919 606 2947 τὸν
621 2918 709 2953 λόγον,
730 2925 799 2948 mox,
815 2917 930 2951 ἀναμφι-

983 2320 1135 2347 Juda-orum
1148 2317 1270 2352 quilibet,
1284 2316 1329 2350 qui
1344 2315 1481 2342 Christum
1494 2312 1541 2339 Dei
1559 2318 1611 2337 non
1622 2311 1763 2343 agnoscat,

983 2367 1100 2393 Verbum
1117 2369 1206 2391 tamen
1229 2361 1329 2389 habere
1354 2361 1437 2387 Deum
1460 2355 1634 2385 confitebitur
1649 2372 1656 2383 ,
1678 2360 1767 2386 neque

983 2420 1041 2439 esse
1065 2411 1139 2437 illum
1168 2409 1287 2444 alogum.
1306 2407 1361 2434 Iloc
1395 2407 1509 2440 ipsemet
1536 2400 1691 2429 Sabellius:
1711 2398 1764 2425 hoc

982 2458 1108 2484 ethnicus
1122 2455 1211 2490 quivis
1228 2454 1356 2480 fatebitur
1371 2461 1378 2478 :
1402 2451 1452 2477 hoc
1466 2448 1607 2476 barbarus.
1619 2446 1664 2480 qui
1681 2445 1763 2471 Deum

984 2505 1116 2538 agnoscit,
1130 2504 1187 2529 sine
1198 2501 1323 2535 scrupulo
1340 2497 1521 2526 conﬁtebitur.
1550 2495 1616 2521 Nam
1633 2495 1683 2520 hoc
1706 2493 1765 2526 ipso

984 2550 1054 2584 qttod
1075 2550 1157 2576 Deum
1170 2546 1360 2575 conﬁteantur,
1379 2543 1526 2577 sapientem
1541 2539 1703 2571 intelligunt,
1720 2544 1764 2562 ra-

987 2582 1122 2625 tionalem,
1135 2597 1281 2628 potentem,
1294 2590 1396 2623 justum
1410 2608 1418 2620 ,
1442 2589 1553 2614 bonum.
1576 2585 1608 2611 Et
1631 2582 1764 2617 quodnam

988 2646 1043 2667 ttnn
1061 2639 1218 2673 mysterium
1246 2638 1297 2663 hoc
1323 2634 1458 2662 occultum
1482 2632 1581 2662 fuerat,
1610 2628 1681 2663 quod
1706 2631 1767 2653 erat

983 2812 1081 2846 λέκτῳ,
1099 2816 1125 2837 et
1145 2808 1324 2846 Θεὸν-εἰπεῖν,
1342 2813 1394 2846 nou
1406 2804 1480 2846 Θεῷ.
1492 2803 1565 2831 M.—
1575 2802 1640 2846 bini
1652 2801 1770 2846 uulgi-:59

983 2834 1257 2909 gadiiiiémﬁmp.
1280 2834 1485 2876 ἀναμφιλέκτως
1513 2845 1541 2866 et
1564 2838 1594 2865 τὸ
1620 2837 1677 2872 Θεῷ
1691 2834 1769 2871 [ΜΡ.

1006 2891 1017 2908 ε
1035 2892 1059 2909 ν.
