2032 3211
287 205 340 233 893

625 203 759 232 EUSEBII
779 203 1014 233 CASSARIENSIS
1033 205 1107 232 OPI’.
1126 205 1218 233 PARS
1236 205 1280 232 IV.
1298 219 1333 225 ——-
1353 205 1552 234 DOGlllATlCA

1854 208 1907 236 896

288 264 359 299 apud
374 270 468 290 omnes
479 263 506 290 in
520 263 644 291 confesso
660 263 800 298 positum?
822 263 890 296 Quis
903 271 956 290 non
969 263 1068 290 dixerit

1122 272 1209 299 ναμιν,
1240 264 1286 290 καὶ
1311 263 1393 298 ζωὴν,
1415 263 1462 289 καὶ
1483 263 1550 297 φῶς,
1571 263 1617 290 καὶ
1639 263 1775 300 ἀλήθειαν,
1799 265 1847 292 καὶ
1868 265 1907 291 δι-

259 310 267 316 ‘
289 312 315 337 in
332 310 386 336 Deo
410 308 571 344 sapientiam
587 317 657 340 esse.
669 314 695 336 et
713 310 872 344 potentiam,
887 315 915 337 et
935 311 1028 344 vitam,
1044 315 1071 337 et

288 354 388 386 iucem,
405 358 433 381 et
448 354 600 385 veritatem,
611 357 643 380 »ει
655 353 800 388 justitiam,
819 358 845 381 et
873 354 1016 386 rationem,
1044 359 1071 382 et

287 399 417 434 quidquid
433 399 531 426 bonum
547 404 573 426 et
587 399 730 426 honestum
745 399 807 426 est?
820 399 889 432 Quin
907 400 996 434 potius
1009 407 1071 427 eum

288 453 358 478 esse,
383 445 474 473 omnia
495 446 544 472 ista
561 453 569 472 :
585 449 632 472 aut
646 446 667 472 si
686 449 715 477 rit
736 445 800 480 quid
822 446 864 473 his
884 446 1018 481 superius,
1044 451 1072 473 et

289 489 384 517 melius
396 489 542 522 exstiterit,
559 490 631 524 quod
644 490 721 517 nobis
748 491 784 517 sit
811 490 988 525 incognitum.
1009 489 1072 518 Hart:

288 542 395 568 natura,
413 543 428 562 a
441 535 528 569 seipsa
539 536 634 563 edocta
652 536 725 570 cogit
738 543 957 571 unumquemque
968 537 1001 564 de
1017 537 1072 564 Deo

289 582 419 616 proﬁteri.
431 581 507 610 Unde
520 587 548 609 et
562 583 595 609 de
610 582 676 610 Filio
692 583 780 610 edocti
794 590 888 610 suutus
916 584 975 611 haec
988 584 1070 611 etiam

288 625 405 660 singula,
419 626 587 660 unigenitum
616 626 691 654 illum
711 634 782 661 esse,
796 627 906 660 Filium,
934 629 1071 656 hmredem

289 673 378 700 Patris
392 673 447 706 sui,
461 674 551 700 omnia
564 675 747 709 possidentem
766 682 825 709 quae
839 675 957 710 possidet
981 676 1070 705 Pater.

290 718 367 746 Unde
382 719 481 746 dicitur
506 719 598 751 fuisse.
623 720 750 754 informa
767 720 825 752 Dei,
859 726 887 748 et
913 722 999 756 imago
1012 722 1070 754 Dei,

285 762 361 796 juxta
370 763 489 791 divinum
499 765 666 799 Apostolum,
680 765 724 792 ubi
740 766 778 792 ait
791 776 798 793 :
817 766 869 798 Qui
881 775 940 793 cum
948 767 975 793 in
986 767 1072 801 [arma

289 809 337 835 Dei
350 815 426 842 esset,
442 818 494 837 rion
508 816 545 837 es!
556 812 701 838 arbitratus
719 813 849 846 rapinam,
865 821 921 839 esse
940 821 968 840 se
981 812 1071 846 αντιυὰ-

288 855 337 881 Iem
349 855 402 882 Deo
419 855 452 882 ".
466 856 499 883 Et
513 863 607 884 rursus
623 866 630 884 :
653 857 705 890 Qui
719 863 756 885 est
767 859 853 893 imago
868 859 917 885 Dei
936 859 971 886 “.
999 860 1072 893 Quo-

288 901 359 928 circa
375 902 445 936 quod
461 901 531 929 Deus
544 907 603 930 erat
629 903 740 937 logicus,
762 900 815 931 non
834 905 883 932 fuit
903 905 951 932 hoc
974 911 1071 941 myste-

288 945 369 978 rium,
385 946 455 980 quod
471 955 487 973 a
501 947 596 974 amulo
608 947 789 975 absconditum
808 949 907 983 fuerat,
926 956 951 977 et
964 960 980 977 a
996 959 1070 985 gene-

289 991 445 1018 rationibus.
461 990 552 1026 Neque
581 992 645 1019 illud
673 1001 744 1021 nunc
771 996 919 1022 revelatum
948 996 1045 1024 dicitur
1062 1017 1071 1030 ,

287 1037 358 1071 quod
370 1037 482 1072 singulis
497 1038 662 1070 hominibus,
674 1046 722 1073 per
736 1040 859 1068 notiones
874 1042 1011 1070 naturales
1026 1051 1072 1070 co-

288 1082 469 1115 g-uitissimum
481 1088 534 1110 est.
551 1083 628 1117 Quod
647 1086 670 1112 si
694 1086 845 1120 interroget
861 1087 1005 1122 quispiam,
1037 1087 1070 1114 il-

288 1128 333 1155 lud
358 1128 499 1162 quulenam
527 1130 604 1156 erat?
621 1132 763 1165 respondet
785 1131 939 1167 Apostolus,
958 1133 1001 1160 ubi
1023 1134 1070 1165 ait,

287 1175 320 1201 At
335 1175 440 1202 nuncin
456 1176 553 1203 sanctis
567 1177 762 1210 manifestatum
773 1183 810 1205 est
827 1179 872 1211 ⁵⁵⁸,
885 1179 919 1206 iis
933 1179 1070 1212 nimirum,

287 1221 384 1255 quibus
399 1221 482 1248 voluit
498 1223 548 1250 hoc
574 1223 662 1257 ipsum
677 1223 747 1252 Deus
766 1224 898 1256 revelare,
924 1233 984 1260 que
1010 1230 1072 1253 sunt

287 1266 388 1294 divitiae
407 1267 509 1302 gloriae,
527 1269 648 1304 mysterii
671 1270 750 1303 hujus
768 1270 794 1297 in
825 1271 951 1306 gentibus
974 1271 1072 1306 quibus

287 1316 330 1340 est
346 1313 470 1340 Christus
483 1314 508 1340 in
521 1315 608 1342 nobis.
626 1315 749 1343 Christus
777 1321 837 1343 erat
861 1317 943 1350 igitur
972 1322 1073 1352 myste-

288 1358 358 1384 rium
376 1358 440 1385 illud
454 1368 460 1386 :
475 1358 560 1387 Filius
575 1360 598 1387 is
611 1360 738 1387 nimirum
758 1361 814 1388 Dei.
827 1361 960 1394 Quocirca
977 1362 1072 1397 mysti-

287 1411 349 1430 cum
362 1404 389 1430 in
402 1405 521 1437 modum,
535 1404 609 1432 illum
633 1405 697 1432 olim
712 1406 901 1434 diversimodis
913 1407 1072 1442 appellatio-

288 1450 369 1477 nibus
380 1450 518 1485 prophetae
527 1450 755 1485 gloriﬁcaverunt,
768 1451 794 1478 id
807 1452 877 1486 quod
889 1457 947 1479 erat
963 1452 1071 1480 inenar-

288 1494 373 1522 rabile
385 1495 582 1522 a'bscondentes
598 1504 605 1523 :
627 1495 751 1531 illiusque
769 1497 960 1524 revelationem
979 1499 1071 1533 gratia;

288 1540 373 1576 ipsius
390 1541 416 1567 in
433 1548 527 1568 omnes
542 1540 733 1575 (Ιίπαηάεηάιθ,
757 1542 834 1577 quasi
859 1543 1014 1571 thesaurum
1029 1551 1070 1572 re-

288 1590 430 1613 servantes
446 1587 625 1614 reeonditum.
640 1586 708 1614 Cum
723 1595 786 1616 vero
802 1594 862 1622 post
878 1593 917 1616 tot
943 1596 959 1616 e
985 1590 1071 1618 sacris
1085 1605 1107 1636 ρ

289 1631 440 1667 Scripturis
453 1632 606 1660 testimonia
620 1634 764 1661 contendat
776 1634 916 1662 Marcellus
930 1635 1070 1663 nihilomi-

288 1685 350 1710 nus,
364 1678 439 1711 illud,
453 1678 486 1705 1η
498 1680 628 1714 principio
653 1682 719 1707 erat‘
730 1679 841 1707 Verbum
852 1681 887 1713 ⁸⁸,
903 1681 970 1708 nihil
997 1682 1069 1709 aliud

288 1724 417 1757 indicare,
433 1732 513 1760 quam
524 1733 596 1757 eum,
609 1726 764 1761 priusquam
778 1728 932 1754 assumebat
947 1735 1069 1760 carnem,

288 1769 354 1797 nihil
369 1770 442 1797 aliud
469 1778 548 1805 quam
575 1771 689 1798 Verbum
713 1772 873 1800 exstitisse:
903 1779 991 1807 neque
1016 1772 1071 1800 ullo

288 1820 386 1849 praeter
398 1815 463 1843 illud
483 1816 592 1843 nomine
606 1816 768 1851 appellatum
783 1826 790 1844 :
804 1822 858 1844 tum
873 1824 937 1845 vero
953 1818 1070 1853 primum

288 1868 336 1894 per
347 1862 436 1889 varias
450 1862 598 1890 indicatum
615 1864 850 1896 uomenclaturas,
876 1863 984 1898 quando
1002 1862 1071 1890 Ver-

1122 308 1276 343 καιοσὺνην,
1299 309 1346 335 καὶ
1358 308 1445 342 λόγον,
1469 309 1516 335 καὶ
1536 309 1590 335 πᾶν
1606 310 1620 335 ὃ
1632 318 1658 335 τι
1682 309 1763 336 καλὸν
1775 311 1823 337 καὶ
1841 311 1907 345 ἀγα-

1121 353 1184 386 Θόν;
1213 353 1311 388 μᾶλλον
1342 353 1370 380 δὲ
1403 353 1483 380 αὐτὸν
1514 352 1582 381 εἶναι
1612 355 1699 381 πάντα
1728 355 1832 387 ταῦτα,
1861 357 1906 382 καὶ

1121 399 1149 425 ef
1155 408 1181 425 τι
1191 399 1292 426 τούτων
1304 398 1438 435 ἀνώτερον
1451 407 1481 425 τε
1494 399 1540 426 καὶ
1550 392 1681 436 κρεῖττον,
1690 401 1737 427 καὶ
1745 402 1812 436 ἡμῖν
1819 402 1907 435 ἄγνω-

1123 444 1250 478 στον(58)
1267 453 1275 459 ·
1290 443 1377 470 ταῦτα
1400 444 1454 480 γὰρ
1474 445 1660 477 αὐτοδίδακτος
1675 445 1755 480 φύσις
1767 446 1907 481 ὁμολογεῖν

1122 491 1186 526 περὶ
1197 490 1245 517 τοῦ
1258 489 1325 517 Θεοῦ
1342 490 1431 517 πάντα
1452 490 1594 526 ἄνθρωπον
1607 491 1795 526 ἐξαναγκάζει.
1812 492 1906 519 Ἔνθεν

1122 537 1168 563 καὶ
1180 536 1225 563 τὸν
1239 537 1303 564 Υἱδν
1312 527 1491 572 διδασκόμεθα
1506 537 1593 563 πάντα
1604 537 1689 564 ταῦτα
1703 535 1781 569 εῖναι,
1795 538 1841 565 ἆτε
1853 539 1907 564 Μο-

1122 583 1217 618 νογενῆ
1230 583 1302 615 Υῑὺν,
1323 583 1370 610 καὶ
1382 583 1546 619 κληρονόμον
1566 583 1630 610 ὄντα
1651 583 1698 610 τοῦ
1720 584 1835 620 Πατρὺς,
1860 585 1908 612 καὶ

1124 629 1206 654 πάντ’
1235 627 1348 662 ἔχοντα,
1371 628 1420 654 ὅσα
1445 629 1493 655 καὶ
1521 629 1535 654 6
1562 628 1665 664 Πατήρ.
1685 628 1729 655 Διὸ
1749 629 1784 655 ἐν
1807 628 1909 663 μορφῇ

1123 672 1195 700 Θεοῦ
1214 672 1337 699 λέλεκται
1365 673 1436 708 (59)·
1465 673 1512 699 καὶ
1541 672 1630 700 εἰκὼν
1655 673 1709 700 τοῦ
1734 673 1808 700 Θεοῦ
1840 673 1906 709 (60),

1121 718 1193 745 κατὰ
1206 718 1251 744 τὸν
1263 717 1333 744 θεῖον
1354 718 1522 751 ’Λπόστολον,
1538 719 1659 753 φήσαντα
1668 738 1674 744 .
1696 720 1747 751 Ὃς
1759 719 1794 745 ἐν
1806 719 1912 753 μορφῇ

1123 766 1196 792 Θεοῦ
1206 764 1358 799 ὑπάρχων,
1374 765 1429 797 οὐχ
1445 763 1600 798 ἁρπαγμὸν
1616 763 1750 798 ἡγήσατο
1764 761 1840 791 εἶναι
1851 765 1908 798 (61)

1122 811 1175 838 ἴσα
1187 809 1256 843 Θεῷ.
1268 810 1324 836 Κιίο⁵
1335 809 1425 836 πάλιν·
1441 809 1494 842 Ὃς
1503 809 1588 835 ἐστιν
1596 808 1685 835 εἰκὼν
1695 809 1748 836 τοῦ
1759 809 1909 844 Decimii):

1121 856 1174 892 ἄρα
1188 856 1219 883 τὸ
1235 855 1343 890 λογικὸν
1357 852 1425 881 εἶναι
1440 854 1485 880 τὸν
1498 855 1563 881 Θεὸν
1573 854 1649 881 τοῦτο
1660 852 1694 890 ἦν
1704 854 1736 881 τύ
1743 854 1911 889 μυστήριον

1121 901 1420 936 τὸάποκεκρυμμένον
1427 901 1486 928 ἀπὸ
1495 900 1553 927 τῶν
1560 900 1673 927 αιώνων
1680 901 1729 928 καὶ
1737 900 1794 927 ἀπὸ
1802 900 1862 927 τῶν
1868 910 1911 936 γε·

1121 947 1211 974 νεῶν·
1229 946 1289 973 οὐδὲ
1310 945 1387 972 τοῦτο
1407 945 1454 972 νῦν
1475 945 1643 981 ἐφανερώθη,
1666 945 1696 971 τὺ
1722 947 1850 980 φυσικαῖς
1865 947 1910 972 ὲν-

1122 993 1208 1024 νοίαις
1234 993 1318 1020 πᾶσιν
1350 991 1503 1027 ἀνθρώποις
1533 991 1715 1027 ἐγνωσμένον.
1746 991 1826 1018 Ἀλλὰ
1856 992 1911 1028 γὰρ

1123 1039 1207 1070 ποῖον,
1217 1038 1241 1064 εἰ
1253 1037 1339 1073 ἔροιτό
1353 1045 1405 1068 τις,
1424 1037 1599 1072 ἀποκρίνεται
1615 1037 1629 1063 6
1646 1037 1819 1068 Ἀπόστολος·
1834 1037 1911 1064 Νυνὶ

1121 1084 1155 1110 δὲ
1161 1083 1338 1119 ἐφανερώθη,
1346 1083 1444 1117 λέγων,
1452 1082 1514 1115 τοῖς
1519 1083 1613 1117 ἁγίοις
1619 1082 1722 1113 αὐτοῦ,
1731 1079 1771 1114 οἷς
1779 1082 1862 1117 ὴθὲλη
1867 1091 1912 1108 σεν

1121 1131 1136 1157 ό
1149 1130 1215 1161 Θεὸς
1226 1129 1368 1165 γνωρίσαι,
1383 1129 1423 1161 τίς
1435 1130 1449 1155 6
1460 1127 1574 1160 πλοῦτος
1586 1129 1634 1164 τῆς
1651 1128 1730 1163 δόξης
1747 1127 1792 1154 τοῦ
1806 1136 1922 1163 μυστη-⁵

1125 1175 1181 1211 ρίου
1192 1174 1288 1201 τούτου
1302 1175 1332 1201 ὲν
1344 1175 1400 1206 τοῖς
1414 1174 1528 1205 ἔθνεσιν,
1539 1171 1579 1205 οἷς
1594 1174 1651 1200 ἐστι
1664 1173 1780 1209 Χριστὸς
1793 1175 1822 1200 ὲν
1836 1174 1910 1209 ὑμῖν.

1122 1221 1242 1256 Χριστὸς
1253 1218 1299 1247 οὖν
1312 1217 1348 1255 ἦν
1361 1220 1390 1246 τὸ
1405 1220 1568 1256 μυστήριον·
1584 1219 1662 1255 δῆλον
1677 1220 1699 1246 δ’
1716 1220 1756 1246 ὅτι
1772 1221 1837 1252 Υἱὸς
1854 1221 1911 1256 (6‘2)

1122 1266 1169 1292 τοῦ
1183 1266 1261 1293 Θεοῦ.
1281 1265 1326 1292 Διὸ
1351 1265 1489 1301 μυστικῶς
1513 1265 1646 1301 πρότερον
1661 1266 1797 1302 διαφόροις
1816 1267 1841 1293 οἱ
1864 1265 1912 1292 τοῦ

1122 1312 1189 1339 Θεοῦ
1205 1311 1342 1348 προφῆται
1356 1311 1437 1338 αὐτὸν
1449 1311 1572 1344 ἐδόξαζον
1588 1312 1758 1347 ὲπηγορίαις,
1774 1312 1803 1338 τὺ
1823 1312 1913 1348 ἀπόρ-

1123 1357 1203 1392 ρητον
1221 1356 1450 1391 ἀποκρύπτοντες,
1467 1356 1515 1382 καὶ
1532 1357 1564 1391 τῇ
1582 1356 1665 1383 αὑτοῦ
1689 1357 1781 1392 χάριτι
1801 1357 1851 1393 τὴν
1872 1358 1914 1388 εἰς

1123 1402 1228 1434 πάντας
1246 1401 1417 1437 ἀποκάλυψιν
1430 1402 1511 1429 αὐτοῦ
1525 1403 1728 1437 ταμιευόμενοι.
1743 1403 1807 1429 Ὅτε
1821 1403 1915 1429 τοίνυν

1124 1448 1193 1483 μετὰ
1207 1447 1341 1479 τοσαύτας
1351 1447 1406 1475 τῶν
1419 1448 1535 1483 Γραφῶν
1549 1449 1701 1484 μαρτυρίας
1715 1448 1917 1483 διῖσχυρεζετας

1122 1493 1291 1529 Μάρκελλος,
1310 1492 1365 1520 τὸν
1377 1494 1413 1520 ἐν
1427 1493 1505 1527 ἀρχῇ
1523 1494 1630 1528 Λόγον,
1646 1494 1710 1529 πρὶν
1724 1493 1740 1529 ἦ
1757 1494 1806 1529 τὴν
1821 1494 1912 1530 σάρκα

1123 1538 1276 1571 ἀναλαϐεῖν,
1291 1539 1373 1575 μηδὲν
1385 1540 1478 1575 ἕτερον
1493 1538 1560 1566 εἶναι
1573 1540 1589 1575 ἢ
1601 1540 1686 1574 Λόγον
1697 1549 1704 1556 ι
1720 1541 1766 1567 καὶ
1782 1540 1843 1576 μηδ’
1858 1541 1914 1567 ἑτὲ-

1125 1593 1163 1621 ρῳ
1175 1586 1344 1621 χρηματίσαι
1353 1585 1478 1620 ὀνόματι“
1495 1585 1555 1612 τότε
1567 1586 1594 1612 δὲ
1610 1585 1743 1621 διαφόρων
1756 1586 1913 1621 ὲπηγοριῶν

1122 1631 1309 1668 τετυχηκέναι,
1325 1631 1369 1657 ὅτε
1383 1631 1398 1657 ὁ
1415 1631 1500 1666 Λόγος
1523 1631 1591 1667 σὰρξ
1609 1632 1725 1666 ἐγένετο,
1744 1632 1796 1668 πρὸ
1815 1632 1911 1658 τούτου

1125 1678 1207 1714 μηδὲν
1232 1678 1323 1713 ἕτερον
1351 1677 1414 1703 ὄντα
1438 1678 1455 1712 ἢ
1476 1678 1576 1712 Λόγον·
1599 1678 1659 1710 πῶς
1674 1678 1724 1704 οὐκ
1740 1677 1849 1714 ἀμαθὴς
1866 1679 1912 1704 καὶ

1124 1724 1251 1756 ἀσύνετος
1275 1723 1329 1750 τῶν
1355 1724 1434 1750 θείων
1458 1724 1589 1760 ὲλέγχοιτ¹
1612 1725 1645 1752 ἂν
1671 1725 1910 1759 ἀναγνωσμάτων;

1130 1770 1210 1797 Ἀλλὰ
1239 1770 1304 1805 γὰρ,
1329 1770 1422 1796 τούτου
1447 1771 1603 1803 συστάντος.
1635 1771 1702 1807 φέρε
1729 1771 1831 1803 λοιπὸν,
1856 1771 1912 1798 ὤσ-

1125 1825 1178 1852 περ
1206 1816 1418 1852 ᾁναὸεσιωκότα,
1447 1817 1492 1843 τὸν
1518 1817 1577 1845 νέον
1604 1818 1746 1845 Σασέλλιον
1778 1819 1913 1845 ἐποπτεύ-

1125 1871 1226 1898 σωμεν.

288 1908 350 1935 bum
367 1916 433 1936 caro
449 1908 549 1936 factum
563 1909 661 1942 fuerat,
677 1917 739 1937 cum
753 1910 829 1945 prius
856 1916 956 1945 praeter
971 1909 1089 1938 Verbum
1108 1911 1187 1946 plane
1199 1909 1264 1936 nihil
1298 1911 1467 1943 exstitisset;
1488 1915 1562 1939 certe
1584 1919 1695 1946 prorsus
1717 1912 1762 1940 hic
1785 1912 1911 1940 indoctus

287 1955 508 1990 deprehenditur.
523 1961 551 1983 et
567 1957 592 1984 in
610 1957 758 1993 Scripturis
778 1958 864 1985 sacris
888 1958 1071 1993 intelligendis
1089 1958 1168 1993 plane
1198 1958 1298 1986 infans.
1316 1957 1372 1986 Hoc
1403 1965 1469 1986 vero
1489 1958 1528 1986 sic
1542 1958 1685 1993 adornato,
1703 1959 1816 1995 agedum
1833 1959 1910 1987 ticiu-

288 2011 362 2038 ceps,
374 2004 457 2031 veluti
474 2004 637 2038 redivivum,
656 2013 754 2034 novum
773 2006 845 2034 hunc
858 2006 1005 2034 Sabellium
1022 2007 1254 2042 introspiciamus.

326 2083 422 2118 EtEd,
439 2082 527 2110 Paris.
546 2090 606 2118 pag.
622 2083 682 2111 101.

324 2117 347 2133 ³³
362 2117 475 2152 Philipp.
488 2126 519 2151 ιι,
535 2118 562 2145 6.
584 2117 622 2134 Ἦ
637 2119 718 2147 llebr.
733 2126 760 2151 ι..
770 2119 798 2146 5.
831 2118 864 2135 ⁵⁸⁸
876 2118 980 2147 Coloss.
996 2126 1014 2151 ι,
1029 2118 1071 2147 26,

1126 2121 1136 2136 ³
1148 2119 1226 2147 Joan.
1240 2128 1261 2152 ι,
1275 2120 1300 2147 1.

321 2207 380 2243 (58)
392 2207 475 2242 Vulgo
491 2208 552 2242 ἆγν.
572 2208 625 2243 εἴη.

321 2244 377 2277 (59)
394 2243 479 2277 Vulgo
499 2244 617 2277 λέγεται.

325 2279 380 2315 (60)
392 2278 490 2315 Εἰπὼν
506 2279 558 2315 τοᾷ
573 2278 658 2307 Θεοῦ.
675 2279 750 2307 Adde
763 2279 889 2315 ἀοράτου,
904 2279 939 2306 Μ.

324 2312 381 2351 (61)
392 2314 477 2351 Vulgo
490 2315 520 2342 τὺ
532 2312 612 2342 εἶναι.

1123 2211 1218 2248 ,Μζϐἢ
1235 2210 1333 2248 aruo!-
1348 2212 1374 2238 δ’
1392 2212 1436 2239 ὅτι
1451 2213 1527 2246 Υἱός.
1548 2213 1629 2241 Forte
1656 2213 1736 2248 δῆλον
1762 2213 1801 2245 δὲ,
1818 2214 1912 2240 καθότι

1120 2246 1190 2283 *Υἱὸς
1205 2247 1252 2283 τοῦ
1267 2246 1349 2278 Θεοῦ.
1368 2254 1464 2283 nempe
1483 2253 1544 2275 ante
1557 2247 1654 2276 saecula
1670 2246 1814 2280 e‘xsistens,
1828 2257 1912 2283 oppo-

1126 2282 1193 2309 situs
1210 2281 1266 2319 lilio
1282 2282 1409 2310 hominis.
1420 2281 1454 2310 Μ.
1467 2283 1567 2312 -Μοχ
1589 2284 1667 2319 vulgo
1684 2283 1811 2316 ἐδόξασαν
1825 2281 1854 2312 et
1862 2281 1911 2310 ea-

1126 2316 1274 2353 μιευμένοι.
