2032 3211
258 154 310 180 90⁸3
593 152 726 180 EUSEBII
746 151 988 179 CIESARIENSIS
1005 152 1083 181 ΟΡΡ.
1105 153 1196 181 PARS
1215 153 1248 181 IV
1281 169 1315 174 -——
1335 153 1545 180 DOGMATICA.

1833 157 1884 186 θοι

259 216 361 243 salicta,
377 217 435 246 quae
450 209 533 237 semel
553 214 662 245 accepta
684 209 783 238 Christi
801 210 919 237 Ecclesia
937 210 980 245 pie
998 218 1043 238 cu-

1101 221 1165 246 γων,
1181 222 1190 238 ι
1211 213 1295 248 μήπω
1318 212 1365 239 τοῦ
1391 212 1494 247 κόσμου
1519 211 1661 246 γεγονότος
1685 211 1770 247 μηδὲν
1794 211 1887 248 ἕτερον

259 257 351 285 stodit.
364 257 388 284 Is
404 264 480 288 vero,
493 257 539 292 qui
550 261 650 288 tuetur,
660 265 669 282 ι
683 261 746 283 ante
755 257 883 283 mundum
898 257 1047 289 conditum,

259 303 325 330 nihil
334 308 431 337 praeter
442 302 528 330 solum
540 302 622 329 Deum
632 302 781 334 exstitisse,
795 311 804 328 ι
820 309 835 329 e
848 302 953 330 duobus
965 310 1047 329 unum

260 349 413 376 necessario
429 348 577 380 constituit,
592 347 738 375 Sabellium
759 355 798 380 se,
814 347 854 375 vel
870 347 1003 375 Iudaeum.
1015 351 1045 380 vi

259 394 326 422 Nam
342 395 363 422 si
381 395 415 422 de
427 394 468 422 sui
486 393 566 420 animi
584 393 718 421 sententia
736 392 834 420 Filium
851 399 942 429 neget,
959 394 1047 421 solum

260 440 344 468 Deum
359 439 506 476 professus,
528 438 636 466 Judzeus
661 443 702 466 est
724 439 770 474 qui
794 439 932 468 Christum
951 440 1047 474 rejicit.

263 487 308 514 Vel
319 487 341 514 si
358 486 445 513 Verbo
460 491 538 513 tenus
553 485 674 520 agnoscit
688 485 750 512 Filii
766 485 945 518 vocabulum,
959 485 1047 520 ipsum

260 537 350 560 autem
366 532 462 560 Filium
479 539 539 559 esse
557 539 640 559 unum
656 531 740 558 Deum
761 531 845 564 dicat,
859 540 942 559 unum
968 535 1048 566 atque

260 579 394 612 eumdem,
409 578 446 605 ita
459 582 488 605 et
502 577 609 605 Patrem
624 583 651 605 et
665 577 764 605 Filium
778 577 967 605 arbitrabitur.
980 578 1048 605 Nam

261 626 283 652 si
298 628 361 653 ante
375 625 515 658 mundum,
526 624 594 652 nihil
608 623 732 652 exstabat
747 624 827 659 plane
839 630 937 658 praeter
953 624 1047 658 Deum,

261 672 318 707 ipse
335 671 377 699 vel
398 671 479 699 Pater
492 674 520 699 et
536 671 620 699 Filius
647 671 729 699 simul
746 672 799 699 erit
813 681 820 699 :
842 672 883 700 vel
900 677 976 700 certe
996 680 1048 700 non

259 718 384 752 genuerit
402 717 498 750 ﬁlium.

581 764 658 792 CAP.
680 763 724 792 III.

260 809 397 842 Quomodo
416 809 463 836 Dei
485 809 596 836 Verbum
617 811 644 836 in
668 809 722 836 Deo
742 810 879 842 extillent,
894 811 950 837 sine
975 811 1049 845 prin-

444 845 510 879 cipio
525 844 651 878 deﬁnivit,
665 850 689 871 et
707 845 865 879 ingenitum.

295 878 348 917 Sed
372 890 478 917 videtur
498 889 638 917 Marcellus
653 897 725 922 eum,
738 878 785 924 qui
804 890 830 917 in
850 890 903 917 Deo
919 896 980 918 erat
997 890 1048 918 Lo-
1063 901 1085 928 Β

260 944 323 971 gon,
341 935 487 964 secundum
504 943 583 971 quem
603 935 704 970 logicos
729 936 898 970 intelligitur,
921 937 1045 963 eumdem

260 987 320 1006 esse
340 983 366 1007 et
380 979 478 1007 Filium
497 979 644 1007 arbitrari:
660 985 690 1007 ut
709 980 746 1007 ita
763 980 821 1015 ipse
843 981 879 1008 sit
898 981 939 1008 sui
964 981 1049 1015 ipsius

261 1024 353 1058 Pater,
367 1030 395 1052 et
407 1032 423 1052 e
437 1032 568 1052 converso
581 1025 623 1052 sui
638 1024 723 1060 ipsius
737 1025 833 1053 Filius.
848 1027 958 1055 Audisis
972 1034 1048 1062 ergo,

259 1079 320 1106 quae
335 1071 446 1098 totidem
460 1071 549 1100 verbis
560 1073 670 1107 scripsit
683 1081 690 1099 :
706 1071 741 1108 [ll
760 1072 826 1100 XCII
843 1073 907 1100 coll.
921 1081 947 1108 p.
964 1073 999 1100 59
1014 1073 1045 1110 Β]

262 1127 272 1143 ι
294 1118 364 1145 Ante
392 1117 513 1146 universi
538 1118 743 1151 conditionem,
768 1124 846 1152 erat,
873 1124 905 1146 ut
930 1120 1046 1152 videtur,

263 1172 273 1188 ι
297 1163 375 1198 quies
389 1163 460 1196 alta,
483 1163 510 1191 in
534 1163 591 1191 Deo
613 1164 702 1192 Verbo
727 1165 876 1192 exsistente
900 1166 950 1193 :si
977 1165 1048 1193 enim

263 1218 274 1235 ι
297 1209 390 1237 credat
407 1209 530 1237 Asterius
549 1209 633 1237 Deum
650 1217 711 1237 esse
727 1210 847 1238 universi
870 1211 1048 1243 conditorem,

263 1263 273 1278 ι
297 1259 369 1281 certe
390 1254 466 1282 nobis
488 1254 553 1281 illud
576 1261 758 1283 concessurus
771 1260 830 1289 est,
847 1255 921 1282 illum
943 1263 1050 1291 semper

265 1309 274 1325 ι
297 1301 446 1332 exstitisse,
469 1308 607 1335 nunquam
632 1301 781 1328 exsistendi
804 1301 968 1336 principium
988 1309 1048 1329 sor-

264 1354 274 1370 ι
298 1346 385 1377 tilum,
407 1346 498 1373 omnia
523 1351 612 1373 autem
639 1346 673 1374 ab
697 1346 743 1373 illo
758 1347 830 1373 facta
859 1346 956 1379 fuisse,
977 1347 1050 1373 etde

264 1401 274 1416 ε
297 1391 382 1418 nihilo
406 1391 509 1418 facta.»
535 1391 615 1419 Vides
635 1396 667 1418 ut
691 1392 775 1419 Deum
788 1396 922 1419 statuens
947 1393 1050 1426 absque

261 1438 334 1463 omni
351 1437 483 1472 principio
498 1436 618 1464 Verbum
633 1437 705 1472 quod
726 1437 752 1464 in
772 1437 817 1466 illo
832 1442 903 1470 erat,
919 1438 944 1465 in
959 1439 1050 1472 quiete

261 1482 377 1512 statuit,
403 1486 467 1509 ante
503 1481 596 1509 mundi
634 1482 825 1514 condituram,
859 1483 1048 1510 constitutum.

262 1527 355 1562 Pergit
371 1534 462 1562 porro,
483 1531 511 1554 et
528 1527 649 1562 adjungit
671 1536 679 1555 :
706 1537 716 1554 ι
736 1527 766 1555 Si
789 1527 863 1555 istud
884 1529 996 1561 credat.
1022 1533 1050 1556 et

1099 256 1169 285 εἶναι
1189 258 1257 293 πλὴν
1273 257 1340 284 Θεοῦ
1360 258 1452 293 μόνου,
1469 267 1478 283 ν
1497 257 1570 284 δυεῖν
1583 256 1696 292 θάτερον
1710 257 1806 283 ἑαυτὸν
1824 258 1888 284 ὄντα

1099 304 1229 340 παρίστη,
1246 304 1262 340 ἢ
1286 304 1423 335 Ἰουδαῖον,
1438 303 1454 339 ἢ
1470 303 1624 330 Σαϐἑλλιον.
1642 303 1677 329 Ἣ
1698 303 1752 338 γὰρ
1775 303 1889 330 αὐτόθεν

1099 350 1262 385 ἀρνούμενος
1281 350 1326 376 τὸν
1350 349 1424 381 Υἰὸν,
1440 348 1506 375 Θεὸν
1522 348 1550 375 δὲ
1578 349 1658 384 μόνον
1674 348 1802 383 είσάγων,
1822 349 1888 376 ἰου-

1097 396 1172 426 δαῖος
1206 395 1283 422 ἔσται
1307 395 1353 421 τὸν
1376 394 1494 431 Χριστὸν
1521 394 1729 430 ἀρνούμενος·ἢ
1748 395 1829 430 μέχρι
1847 395 1889 421 λό-

1098 450 1146 476 γου
1162 441 1218 478 (77)
1232 441 1282 476 τὴν
1298 441 1345 467 τοῦ
1354 441 1416 468 Υἱοῦ
1426 441 1576 477 πρόσρησιν
1591 441 1798 477 ἀποδεχόμενος,
1808 441 1888 468 αὐτὸν

1098 488 1119 514 δ’
1137 486 1207 514 εἶναι
1224 487 1337 522 φάσκων
1355 487 1402 514 τὸν
1430 487 1478 514 ἕνα
1500 486 1576 519 Θεὸν,
1605 487 1668 513 Υίὸν
1683 487 1750 522 ὁμοῦ
1768 487 1824 522 (78)
1842 488 1888 513 καὶ

1099 534 1218 569 Πατέρα,
1232 533 1278 560 τὸν
1292 533 1435 560 Σαὸῶλιον
1447 532 1636 560 ἐνανεώσεται.
1653 533 1685 559 Ei
1700 533 1754 569 γὰρ
1771 533 1825 569 πρὸ
1840 532 1887 559 τοῦ

1099 578 1201 614 κόσμου
1217 578 1294 605 οὐδὲν
1307 578 1400 614 ἓτερον
1415 576 1449 614 ἦν
1464 578 1533 613 πλὴν
1545 578 1623 610 Θεοῦ,
1650 578 1731 610 αὐτὸς
1742 578 1819 605 ἔσται
1833 578 1887 604 [Ια-

1098 623 1149 659 τὴρ
1161 625 1208 651 καὶ
1222 624 1296 657 Υἱὸς,
1311 624 1327 659 ἦ
1341 624 1402 650 οὐδὲ
1415 623 1469 656 ἔξει
1486 624 1552 650 υἱόν.
1607 623 1619 639 ’

1433 759 1511 786 ΚΕΦ.
1533 759 1569 785 Γ’.

1100 800 1199 834 ’Ὅπως
1211 801 1266 828 τὸν
1275 802 1372 839 Λμότπον
1386 803 1526 839 τοῦνΘεοῦ
1539 804 1574 830 ἐν
1589 802 1630 836 τῷ
1644 802 1704 835 Θεῷ
1713 803 1787 830 ὄντα
1797 803 1887 839 ἄναρ-

1208 846 1265 872 χον
1276 835 1353 866 εἶναι
1366 838 1415 865 καὶ
1434 838 1602 873 ἀγέννητον
1615 835 1747 872 ὡρίζετο.

1140 883 1209 910 Ἀλλ’
1224 883 1297 910 ἔοικε
1310 883 1470 919 Μάρκελλος
1477 885 1523 912 τὸν
1536 885 1565 911 ὲν
1581 884 1657 917 αὐτῷ
1671 884 1710 921 τῷ
1723 885 1784 921 Θεῷ
1791 885 1890 920 Λόγον,

1099 930 1159 956 καθ’
1167 930 1197 957 ὃν
1205 930 1312 964 λογικός
1326 931 1436 962 νοεῖται,
1444 931 1537 958 τοῦτον
1550 929 1618 958 εἶναι
1633 931 1748 966 φάσκειν
1755 932 1803 958 τὸν
1815 932 1889 958 Υἰόν·

1099 976 1169 1003 ὥστε
1182 974 1252 1004 εῖναι
1268 976 1350 1003 αὑτὸν
1362 977 1459 1003 ἑαυτοῦ
1476 977 1586 1013 Πατέρα
1601 977 1648 1004 καὶ
1660 976 1693 1004 αὖ
1712 978 1792 1005 πάλιν
1808 978 1890 1005 αὐτὸν

1099 1022 1196 1049 ἑαυτοῦ
1211 1023 1285 1050 Υίόν.
1301 1023 1468 1050 Ἐπάκουσον
1480 1023 1546 1057 γοῦν
1563 1023 1617 1050 τῶν
1637 1024 1720 1050 αὐτοῦ
1732 1024 1839 1059 φωνῶν,
1857 1025 1889 1051 δι’

1098 1065 1135 1095 ὧν
1151 1068 1244 1095 τοῦτον
1264 1069 1365 1104 γράφει
1382 1068 1430 1096 τὸν
1451 1069 1551 1104 τρόπω
1564 1078 1571 1085 ·
1590 1078 1599 1095 ι
1619 1070 1675 1106 Πρὸ
1696 1070 1750 1106 γὰρ
1771 1070 1823 1106 τῆς
1845 1071 1891 1106 δη-

1103 1123 1112 1139 ι
1134 1114 1277 1149 μιουργίας
1298 1114 1408 1149 ἁπάσης
1431 1114 1531 1149 ἡσυχία
1541 1123 1582 1146 τις
1601 1112 1646 1150 ἦν,
1662 1115 1700 1147 ὡς
1713 1114 1798 1148 εἰκὸς,
1814 1115 1890 1146 όντος

1103 1169 1111 1185 ι
1130 1161 1158 1186 ὲν
1170 1160 1209 1196 τῷ
1222 1160 1281 1196 Θεῷ
1295 1160 1343 1187 τοῦ
1358 1160 1456 1194 Λόγου.
1467 1161 1499 1187 Εἰ
1513 1160 1567 1196 γὰρ
1581 1161 1696 1197 ποιητὴν
1705 1161 1835 1188 ἁπάντων
1846 1161 1892 1187 τὸν

1103 1215 1112 1232 ι
1131 1206 1197 1232 Θεὸν
1229 1206 1368 1242 Ἀστέριος
1395 1207 1576 1234 πεπίστευκεν
1602 1205 1690 1239 εἶναι,
1733 1207 1814 1242 δῆλον
1851 1207 1892 1233 6st

1103 1261 1112 1277 ι
1133 1252 1343 1288 συνομολογήσει
1361 1253 1427 1288 ἡμῖν
1444 1253 1492 1279 καὶ
1508 1253 1599 1284 αὐτὸς,
1616 1253 1661 1279 τὸν
1678 1253 1727 1288 μὲν
1744 1253 1789 1279 ἀεὶ
1800 1253 1892 1288 ὑπάρ-

1103 1306 1112 1322 ι
1133 1306 1207 1333 χειν,
1226 1298 1293 1332 μηδὲ
1309 1298 1419 1326 πώποτε
1435 1298 1521 1334 ἀρχὴν
1533 1298 1580 1325 τοῦ
1598 1298 1667 1326 εἶναι
1682 1299 1811 1331 λαῦόντα,
1825 1299 1891 1326 τάδε

1103 1351 1113 1368 (
1131 1343 1295 1377 γεγενῆσθαί
1316 1351 1346 1369 τε
1362 1343 1416 1369 ὑπὸ
1428 1343 1522 1375 αὑτοῦ,
1544 1343 1590 1370 καὶ
1605 1343 1634 1377 ἐξ
1649 1344 1700 1371 οὐκ
1713 1344 1798 1371 όντων
1813 1353 1894 1379 γεγε-

1103 1397 1112 1414 ι
1133 1388 1238 1424 νῆσθαι.
1255 1397 1265 1414 ι
1290 1389 1370 1425 Ὁρᾷς
1392 1389 1476 1422 ὅπως,
1495 1389 1542 1416 τὸν
1558 1389 1623 1417 Θεὸν
1638 1390 1755 1426 ἄναρχον
1770 1391 1893 1427 ὑποστη-

1101 1434 1228 1470 σάμενος,
1239 1434 1285 1461 τὸν
1298 1435 1384 1469 Λόγον
1396 1436 1424 1462 ὲν
1440 1435 1516 1471 αὺτῷ
1524 1435 1587 1462 ὄντα
1597 1437 1626 1463 ὲν
1640 1437 1741 1472 ἠσυχίᾳ
1752 1435 1823 1465 εἶναι
1839 1439 1894 1474 πρὸ

1099 1480 1150 1515 τῆς
1161 1480 1341 1516 δημιουργίας
1352 1481 1408 1517 (79)
1423 1481 1487 1517 ἔφη,
1505 1481 1552 1508 καὶ
1565 1481 1667 1518 προῖὼν
1678 1482 1743 1517 ἑξῆς
1756 1484 1892 1518 ἐπιλέγει·

1103 1535 1112 1551 ι
1131 1526 1162 1553 Εἰ
1175 1526 1266 1554 τοίνυν
1287 1527 1368 1553 τοῦτο
1389 1527 1523 1562 πιστεύει,
1547 1528 1654 1564 ἀνάγκη
1677 1529 1759 1555 αὐτὸν
1781 1530 1893 1556 κάκεῖνο

265 1581 275 1599 ε
299 1573 364 1600 illud
392 1581 499 1608 quoque
531 1580 592 1601 eum
625 1573 706 1601 fateri
743 1580 855 1601 necesse
885 1578 945 1607 est,
979 1575 1049 1609 quod

1105 1581 1115 1598 ι
1135 1572 1334 1608 συνομολογεῖν,
1345 1573 1385 1600 ὅτι
1398 1573 1467 1610 πλὴν
1480 1574 1558 1607 Θεοῦ,
1570 1574 1646 1601 οὐδὲν
1656 1575 1748 1611 ἕτερον
1759 1573 1802 1611 ἦν.
1813 1574 1894 1612 Εἷχεν

263 1626 274 1643 ι
296 1617 375 1652 plane
393 1624 490 1654 praeter
507 1618 593 1646 Deum
611 1618 677 1646 nihil
691 1624 749 1646 erat
763 1618 846 1647 aliud.
864 1619 1050 1656 Habuitergn,

264 1673 274 1690 ι
301 1660 416 1692 Verbum
442 1665 469 1692 in
506 1664 587 1692 Patre
622 1665 789 1699 subsistens,
814 1673 892 1693 suam
928 1667 1051 1701 peculia-

264 1719 275 1736 ι
299 1717 355 1737 rem
381 1710 504 1745 gloriam.
517 1719 527 1736 ι
547 1709 615 1738 Hinc
627 1710 772 1745 profectus,
789 1715 817 1738 et
840 1716 983 1744 aeternum,
1001 1713 1051 1740 hoc

261 1760 304 1783 est
318 1756 465 1791 ingenitum
479 1762 538 1783 esse
554 1755 670 1784 Verbum
689 1756 865 1791 pronuntiat:
881 1755 927 1792 [Β.
944 1757 1050 1785 XLVIII

261 1802 326 1828 coll.
340 1810 366 1837 p.
379 1801 414 1829 55
429 1802 462 1838 C]
479 1811 489 1828 ι
502 1802 586 1829 Audis
611 1799 677 1837 ergo
698 1801 816 1837 Spiritus
842 1803 932 1831 sancti
951 1811 1052 1832 conso-

264 1857 274 1874 ι
299 1849 434 1882 nantiam,
447 1849 494 1884 qui
515 1856 565 1883 per
587 1848 688 1876 multas
710 1854 738 1876 et
759 1849 881 1877 diversas
902 1856 1050 1884 personas,

265 1904 275 1919 ι
299 1895 379 1922 Verbi
395 1896 543 1923 aeternitati
559 1895 744 1923 testimonium
763 1896 896 1930 perhibet.
911 1905 920 1922 ι
939 1896 973 1923 Ει
989 1904 1051 1924 rur-

263 1948 330 1968 sus:
349 1950 358 1966 (
373 1941 406 1967 Et
424 1941 459 1968 ob
485 1941 538 1969 hoc
563 1941 652 1976 ipsum
681 1941 822 1968 exorditur
842 1941 876 1969 ab
899 1944 1051 1970 aeternitate

267 1994 276 2011 ι
300 1984 390 2018 Verbi,
410 1985 444 2012 1η
457 1987 587 2020 principio
606 1991 661 2013 erat
679 1985 805 2019 Verbum,
819 1991 844 2014 et
866 1986 978 2014 Verbum
994 1992 1051 2014 erat

267 2039 278 2056 ι
301 2031 370 2064 apud
385 2030 480 2064 Deum,
493 2037 517 2058 et
532 2031 603 2058 Deus
624 2036 680 2058 erat
703 2031 817 2059 Verbum
830 2032 864 2059 ".
882 2031 981 2061 Tribus
1007 2033 1050 2061 hic

267 2085 277 2101 ι
297 2077 432 2104 continuis
448 2077 610 2104 testimoniis
625 2085 690 2105 usus
703 2078 884 2106 mternitalem
897 2078 976 2107 Verbi
992 2079 1050 2106 vult

267 2131 277 2148 ι
300 2122 507 2149 εοηειοῢίίίτθ.»
533 2122 657 2155 Qualiter
681 2131 746 2150 vere
769 2123 885 2151 Verbum
907 2125 1048 2152 counitnm

263 2173 324 2196 crat
339 2168 404 2200 Deo,
417 2173 445 2195 et
459 2175 521 2195 curn
537 2168 584 2195 illo
596 2176 647 2195 una
663 2168 826 2203 ingenitum,
844 2174 951 2196 tueatur
961 2177 1050 2204 operte

263 2215 380 2250 pretium
398 2219 456 2247 est,
479 2219 509 2241 ut
534 2214 617 2249 ipsius
639 2215 729 2242 verbis
753 2215 872 2249 positum
897 2215 1048 2243 audiamus.

266 2269 277 2286 ι
289 2260 519 2295 Dispensationem
527 2260 635 2295 quidem
649 2259 767 2294 in’_carne
783 2260 853 2288 illius
864 2260 897 2288 ad
915 2260 1049 2289 hominem

264 2309 389 2341 spectare
405 2305 579 2341 intelligimus
593 2314 601 2332 :
620 2310 649 2332 at
664 2313 739 2338 vero,
753 2306 904 2333 secundum
923 2306 1049 2341 spiritum

263 2351 445 2379 aeternitatem
468 2351 528 2386 ejus
565 2351 668 2378 unitam
704 2359 766 2379 cum
797 2351 879 2380 Patre
913 2352 1050 2381 credimus

263 2405 333 2425 esse.
350 2406 361 2423 ο

584 2442 662 2470 CAP.
690 2442 734 2470 IV.

283 2493 313 2522 ᾖ(
335 2489 472 2522 Quomodo
492 2497 586 2526 unum‘
595 2489 753 2526 atqueridrem
768 2497 822 2517 aue
836 2489 940 2517 uerbum
954 2495 1031 2526 atque

565 2523 651 2551 Deum
662 2525 741 2553 dixit.

300 2571 351 2605 Qul
366 2571 398 2598 ad
415 2571 487 2598 hunc
507 2570 615 2597 modum
640 2570 666 2597 in
688 2571 743 2598 Deo
764 2570 875 2598 verbum
900 2578 961 2599 esse
985 2579 1052 2599 con-

301 2633 331 2661 at
347 2629 395 2664 Ed.
407 2628 494 2656 Paris.
506 2636 568 2664 pag.
588 2628 716 2661 I05,I06.

309 2665 323 2680 ¹
341 2663 419 2691 Joan.
434 2672 453 2696 ι,
469 2665 495 2691 1.

301 2711 356 2746 (77)
375 2711 406 2738 'H
416 2711 503 2746 μέχρι
519 2711 622 2746 λόγου.
638 2710 718 2737 Forte
733 2710 823 2745 μόνου.
839 2711 874 2737 Μ.

300 2746 356 2781 (78)
379 2747 433 2773 Καὶ
449 2745 564 2780 Πατέρα
589 2746 794 2772 ἑνανεώσεται.
813 2745 904 2779 Forte,
927 2746 974 2773 ἕνα
1004 2747 1049 2774 καὶ

264 2781 345 2808 αὐτὸν
361 2781 510 2815 νομίσεται,
528 2786 577 2808 hoc
593 2786 643 2809 est.
656 2781 765 2808 Subellii
781 2782 900 2808 tuebitur
913 2782 1047 2810 Inuresim.

264 2817 360 2843 Addidi
376 2825 408 2843 ex
426 2818 503 2843 codd.
519 2816 564 2843 τὸν
586 2815 729 2842 Σαϐἐλλιον
747 2815 783 2842 cf.
800 2823 826 2850 p.
846 2817 896 2842 107
920 2816 940 2842 D
955 2817 1002 2844 iin.
1019 2816 1047 2842 In

265 2854 317 2878 line
332 2852 436 2887 plenius
460 2852 551 2887 legeres
570 2851 684 2887 eam;
705 2851 781 2877 ἔσται
803 2851 899 2887 Πατὴρ
920 2851 986 2887 ὁμοῦ
1003 2853 1050 2878 καὶ

264 2885 364 2922 Υἱὸςζῆ
379 2885 586 2919 ὄλως,οῦθ’ἓξεί
595 2886 669 2921 Υίόν,
682 2887 705 2913 ei
720 2887 770 2914 hoc
782 2891 823 2914 est
836 2885 1000 2915 Jud'aismus.
1013 2887 1047 2914 Μ.

1105 1628 1114 1644 ι
1134 1617 1181 1645 οὖν
1196 1620 1247 1655 τὴν
1269 1620 1374 1648 οἰκείαν
1386 1620 1464 1653 δόξαν
1477 1622 1491 1647 ό
1505 1621 1602 1655 Λόγος,
1618 1621 1655 1648 ὢν
1670 1623 1699 1649 ἐν
1714 1622 1754 1658 τῷ
1765 1623 1865 1658 Πατρί.
1880 1633 1889 1648 ι

1107 1663 1245 1692 Ἐντεῦθεν
1266 1665 1389 1698 εἰκότως,
1410 1666 1457 1693 καὶ
1486 1667 1581 1700 ἀΐδιον,
1609 1667 1759 1695 τοῦτ’ἐστιν
1782 1669 1893 1705 ἀγέννη-

1100 1719 1156 1744 τον,
1171 1708 1241 1738 εἶναί
1256 1720 1323 1748 φησι
1339 1712 1385 1739 τὸν
1402 1713 1499 1747 Λόγον,
1516 1710 1568 1740 ὧδε
1589 1714 1703 1750 γράφων
1713 1723 1720 1730 ·
1735 1724 1744 1740 ι
1769 1715 1893 1748 Ἀκούεις

1103 1765 1113 1782 ‹
1133 1757 1222 1783 τοίνυν
1237 1757 1288 1792 τῆς
1303 1759 1464 1794 συμφωνίας
1478 1759 1524 1786 τοῦ
1545 1760 1624 1794 ἁγίου
1645 1760 1822 1796 Πνεύματος,
1849 1762 1892 1789 διὰ

1104 1811 1114 1828 ι
1132 1802 1235 1830 πολλῶν
1248 1804 1295 1830 καὶ
1308 1804 1445 1841 διαφόρων
1456 1805 1610 1840 προσώπων
1622 1808 1655 1842 τῇ
1665 1807 1711 1834 τοῦ
1723 1808 1811 1842 Λόγου
1822 1817 1893 1844 μαρ-

1103 1857 1113 1874 ι
1133 1849 1265 1885 τυρούσης
1281 1851 1424 1886 ἀῖδιότητι.
1445 1861 1454 1876 ι
1470 1852 1526 1879 Καὶ
1540 1852 1637 1879 πάλιν·
1657 1863 1666 1879 ι
1687 1853 1741 1880 Καὶ
1756 1854 1801 1881 διὰ
1814 1854 1893 1881 τοῦτο

1103 1904 1112 1921 ι
1135 1895 1248 1931 ἄρχεται
1264 1896 1314 1932 μὲν
1336 1897 1389 1924 ἀπὸ
1411 1897 1462 1933 τῆς
1481 1898 1631 1934 ἀῖδιότητος
1649 1899 1697 1927 τοῦ
1713 1901 1811 1936 Λόγου,
1841 1902 1892 1928 Ἑν

1103 1951 1113 1969 ι
1129 1942 1209 1978 ἀρχῇ
1228 1941 1269 1978 ἦν
1282 1942 1338 1978 (80)
1355 1944 1372 1971 ό
1389 1944 1495 1978 Λόγος,
1514 1944 1612 1979 λέγων,
1634 1946 1684 1973 καὶ
1708 1948 1724 1973 ό
1744 1947 1840 1982 Λόγος
1854 1946 1892 1983 ἦν

1103 1997 1113 2014 ι
1136 1988 1211 2022 πρὸς
1220 1989 1274 2015 τὸν
1284 1989 1368 2021 Θεὸν,
1378 1989 1428 2016 καὶ
1442 1990 1514 2023 Θεὸς
1524 1989 1586 2026 ἦνὸ
1596 1992 1703 2026 Λόγος*
1711 1993 1800 2028 τρισὶν
1811 1993 1892 2020 ἐπαλ-

1103 2043 1113 2060 ι
1135 2034 1224 2070 λήλοις
1233 2035 1395 2072 μαρτυρίαις
1407 2036 1548 2072 χρώμενος
1563 2037 1612 2073 τὴν
1629 2038 1767 2074 ἁῖδιότητα
1782 2040 1830 2066 τοῦ
1839 2040 1892 2067 Λό-

1104 2091 1113 2108 ι
1132 2090 1182 2116 γου
1190 2081 1327 2109 δεικνύναι
1335 2082 1469 2118 βούλεται.
1483 2093 1493 2109 ι
1506 2083 1599 2115 Ὅπως
1607 2084 1635 2110 δὲ
1650 2085 1769 2120 ἡνῶσθαι
1786 2085 1825 2121 τῷ
1832 2086 1892 2121 Θεῷ

1100 2129 1148 2156 καὶ
1155 2129 1351 2164 συναγέννητον
1363 2127 1431 2156 εἶναι
1445 2129 1519 2165 αὐτῷ
1528 2129 1574 2156 τὸν
1591 2129 1677 2164 Λόγον
1693 2130 1806 2165 ἔφασκε,
1822 2132 1893 2167 πάρ-

1100 2183 1172 2202 εστιν
1186 2175 1268 2202 αὑτοῦ
1283 2175 1443 2208 ἐπακοῦσαι,
1466 2172 1518 2202 ὧδέ
1541 2184 1580 2210 πη
1600 2175 1734 2210 λέγοντος·
1747 2186 1756 2202 ι
1773 2177 1830 2212 τὴν
1843 2178 1893 2212 μὲν

1101 2222 1173 2248 κατὰ
1183 2222 1273 2258 σάρκα
1296 2221 1452 2257 οἰκονομίαν
1460 2221 1498 2257 τῷ
1508 2221 1643 2258 ἀνθρώπῳ
1657 2222 1794 2258 διαφέρειν
1811 2223 1894 2258 γινώ-

1104 2277 1214 2304 σκομεν·
1232 2268 1282 2304 τὴν
1296 2268 1325 2295 δὲ
1337 2268 1408 2295 κατὰ
1431 2268 1539 2304 πνεῦμα
1559 2269 1699 2304 ὰῖδιότητα
1713 2270 1834 2305 ἡνῶσθαι
1853 2270 1892 2306 τῷ

1103 2313 1190 2350 Πατρί
1207 2314 1437 2350 πεπιστεύκαμεν,
1458 2324 1468 2341 ι
1628 2315 1631 2317 ’

1427 2449 1505 2476 ΚΕΦ.
1527 2450 1564 2476 Δ¹.

1104 2492 1203 2526 ὀπως
1213 2493 1248 2520 ἒν
1259 2494 1306 2521 καὶ
1317 2495 1411 2522 αὑτὸν
1422 2494 1500 2558 621;:
1513 2495 1566 2523 τὸν
1580 2497 1678 2532 Λόγον
1689 2497 1737 2523 καὶ
1753 2496 1806 2523 τὸν
1817 2496 1892 2523 Θεὸν

1495 2539 1538 2558 γε.

1495 2539 1538 2566 γε.

1140 2573 1239 2602 Τοῦτον
1259 2575 1315 2610 (8i)
1336 2576 1434 2618 6h_1bv
1449 2577 1549 2612 τρόπον
1566 2579 1595 2604 ὲν
1608 2577 1647 2612 τῷ
1661 2577 1794 2612 Θεῷὂοὺς
1820 2575 1891 2605 εἶναι

1102 2714 1224 2742 —-‘Ini'ra
1240 2715 1276 2742 τὰ
1293 2716 1323 2744 δὲ
1342 2725 1402 2751 γεγ.
1423 2717 1562 2745 transtulit
1575 2716 1659 2745 Mont.
1677 2719 1766 2745 omnia
1777 2717 1888 2753 (πάντσ)

1102 2755 1194 2777 autem
1211 2756 1264 2778 esl.

1209 2786 1257 2826 _Sic_
1268 2786 1342 2826 Mpi
1356 2787 1438 2826 codd1
1447 2792 1484 2826 et_
1493 2789 1572 2823 vulgo
1587 2789 1629 2824 ἐφ’

1137 2821 1358 2860 (ξῼλγᾳιεοζᾚν
1370 2823 1440 2860 ᾁρχῇ
1455 2821 1501 2860 οὖν
1516 2821 1617 2852 εῐιιιοὲ
1632 2821 1676 2851 ἐπ’
1693 2823 1830 2860 ἀλλήλαις.

1136 2855 1280 2892 (8i,‘Vulgo
1290 2856 1319 2883 δέ
1334 2863 1361 2886 et
1381 2855 1487 2892 ἕν’Κεῷ.
