2032 3211
145 205 201 233 9ἰό

604 204 649 231 DE
669 204 937 232 ECCLESiASTICA
958 203 1155 231 TIIEOLOGIA
1173 204 1239 231 LIB.
1259 203 1292 232 11.

1715 208 1767 236 9Ξ6

146 265 240 295 κελλος
257 263 307 298 τὴν
324 263 472 289 ὑπόστασιν
485 261 534 289 τοῦ
555 261 715 296 μονογενοῦς
731 262 796 288 Υἱοῦ
809 262 855 288 τοῦ
865 262 932 288 Θεοῦ

984 268 1056 293 sum,
1079 267 1105 287 et
1128 262 1184 288 sine
1207 263 1263 293 ipso
1292 262 1394 295 factum
1419 268 1461 289 est
1480 262 1546 288 nihil
1566 263 1601 289 ⁸¹.
1624 263 1653 290 In
1679 271 1771 299 eoque

147 310 277 345 ἀναιρῶν,
292 308 338 335 τὸν
353 307 424 334 θεῖον
436 306 631 342 εὐαγγελιστὴν
644 307 693 342 τῆς
709 307 805 333 ἑαυτοῦ
819 307 932 333 κακοδο-

148 355 207 388 ξίας
232 353 410 390 μαρτύρεται,
427 353 464 384 ὡς
484 351 560 379 οὐδὲν
576 352 670 387 ἕτερον
689 353 769 379 αὐτὸν
785 352 934 386 ἐπιστάμε-

148 409 192 427 νον
207 400 223 434 ἢ
236 400 333 433 Λόγον,
353 399 418 425 ποτὲ
433 398 482 433 μὲν
496 397 771 432 ὲνεργοῦντα,ᾶλλοτε
786 397 814 423 δὲ
831 396 933 432 ἡσυχά-

147 444 228 477 ζοντα
238 446 268 471 ὲν
278 444 316 479 τῷ
333 444 404 478 Θεῷ,
418 443 466 470 καῖΙ
477 443 556 470 οὐδὲν
571 443 664 478 ἕτερον
674 442 738 469 ὅντα
754 442 772 477 ἢ
790 442 869 468 αὑτὸν
888 441 934 467 τὸν

147 491 224 517 Θεόν.

983 307 1092 338 dicitur,
1119 311 1145 332 et
1171 306 1242 332 Deus
1266 311 1322 333 erat
1344 305 1465 338 Verbum,
1485 315 1536 334 non
1560 308 1656 335 dividit
1677 309 1774 336 dettl--

982 357 1045 382 tem,
1072 351 1199 385 quoniam
1221 351 1247 376 in
1275 351 1335 384 ipso
1358 356 1419 377 erat
1438 351 1568 383 Verbum,
1587 357 1616 379 et
1637 353 1694 386 ipse
1707 358 1767 380 erat

981 397 1008 423 iu
1036 395 1133 423 Verbo.
1159 395 1192 422 lu
1220 404 1260 422 me
1282 396 1362 427 enim,
1389 396 1487 430 inquit,
1507 397 1597 429 Pater,
1618 403 1645 431 et
1668 406 1715 432 ego
1739 398 1766 425 in

984 441 1065 468 Pam
1088 441 1122 468 “.
1149 441 1292 468 Marcellus
1317 449 1364 475 per
1389 442 1445 469 lnec
1469 447 1507 468 tot
1531 447 1559 468 et
1585 447 1658 470 tanta
1680 443 1767 470 subsi-

985 487 1110 513 stentiam
1145 486 1274 520 unigeniti
1309 486 1355 513 Dei
1380 485 1439 513 Filii
1468 486 1564 514 tollens
1587 493 1683 514 testem
1710 495 1770 514 sua:

148 535 285 563 heretica
307 541 450 569 pret-asque
480 533 618 568 opinionis
646 534 711 560 citat
737 534 946 566 evangelistam,
967 532 1043 566 quasi
1070 531 1139 558 nihil
1159 532 1243 558 'aliud
1258 532 1302 558 ille
1318 532 1448 559 voluisset
1467 533 1591 568 intelligi,
1603 542 1683 568 quant
1703 535 1767 562 Ver-

148 581 222 613 bum,
253 587 324 607 nunc
355 579 538 614 operativum,
560 579 703 611 quiescens
720 578 788 606 alias
809 578 835 604 in
865 578 929 610 Deo,
949 586 998 604 nec
1011 577 1157 612 quidquam
1174 577 1246 603 aliud
1259 577 1394 604 exsistens
1408 585 1488 611 quam
1503 578 1597 606 Deum.
1780 583 1783 586 ”

467 625 546 650 ΚΕΦ.
560 623 610 650 ΙΒ’.

148 670 214 697 ὀτι
235 669 290 704 μὴ.
311 669 361 704 ὡςγ
374 668 471 704 ἐδόκει
490 667 664 704 Μαρκέλλῳ,
677 670 700 704 id
718 668 934 704 εὺᾳτηαελιστὴς

225 702 284 737 ’ἑὴν
299 703 364 737 περὶ
381 703 433 729 τοῦ
452 703 548 736 Λόγου
563 703 721 736 θεολογίαν
734 702 862 734 ἐξέθετο.

184 750 280 776 Καίτοι
295 750 309 775 ὁ
324 749 411 782 μέγας
427 747 631 785 ειξαγγελιστὴς,
650 747 708 782 ἅμα
731 747 777 774 καὶ
799 747 932 781 θεολόγος,

149 795 239 829 τρίτον
254 794 283 819 ἐν
296 792 386 827 ταὺτῷ
401 792 588 827 μνημονεύσας
607 791 654 818 τοῦ
671 791 756 825 Λόγου
769 810 777 823 ,
792 791 844 817 οὐδ’
860 791 933 824 ἅπαξ

149 838 258 873 εἴρηκεν
270 836 351 863 αὐτὸν
366 836 432 862 Θεοῦ
444 836 540 870 Λόγον.
555 836 592 862 Οὐ
610 836 664 870 γὰρ
678 833 765 866 εἶπεν.
788 837 837 862 'Er
852 835 931 869 ἀρχῇ

1295 622 1371 649 CAP.
1384 622 1454 649 'Xﬂ.

985 668 1060 701 Quod
1073 676 1135 700 rion,
1156 672 1183 694 ut
1196 667 1320 703 Marcello
1331 667 1474 698 uidebatur,
1483 668 1640 703 theologiam
1651 669 1683 695 de
1693 667 1770 696 Filio

1207 701 1367 735 evangelista
1398 703 1542 736 proposuit.

1019 747 1130 782 Magnus
1141 747 1279 774 enimvero
1296 747 1459 782 evangelista
1476 747 1556 774 simul
1571 753 1598 774 et
1615 748 1769 782 theologus,

985 798 1025 820 ter
1039 801 1100 819 cum
1117 791 1196 820 Verbi
1211 792 1375 819 mentionem
1391 792 1443 819 hoc
1453 792 1480 818 in
1501 792 1559 820 loco
1574 792 1666 825 faciat,
1682 801 1715 820 ne
1727 801 1769 821 se-

987 838 1037 865 mel
1049 837 1159 872 quidem
1181 837 1297 871 appellat
1313 844 1373 864 eum
1390 837 1435 864 Dei
1457 837 1587 864 Verbum.
1601 837 1659 864 Non
1676 838 1768 872 utique

147 882 188 918 ἦν
198 885 214 910 ό
229 883 281 910 τοῦ
292 883 366 909 Θεοῦ
383 883 478 917 Λόγος
490 891 496 897 ·
513 882 570 908 ἀλλ’
584 882 726 917 ἀορίστως,
746 882 794 908 Ἐν
805 880 883 916 ἀρχῇ
895 879 933 916 ἦν

984 883 1062 914 dixit,
1080 882 1113 909 In
1130 883 1256 916 principio
1268 887 1324 909 erat
1342 881 1450 909 Verbum
1463 883 1510 910 Dei
1523 890 1533 910 :
1547 883 1594 910 sed
1609 887 1712 910 tantum
1725 883 1770 910 iu-

149 928 165 952 ό
181 927 286 960 Λόγηος·
300 928 366 961 ἡμῖν
382 926 535 952 καταλιπὼν
558 926 646 960 ζητεῖν
659 927 748 957 ὁποῖος
762 923 796 960 ἦν
812 926 826 951 ό
837 926 932 959 Λόγος.

150 970 202 996 Καὶ
215 970 309 1002 πάλιν,
325 971 373 996 καὶ
395 972 410 997 d
428 971 523 1004 Λόγος
535 969 575 1005 ἦν
586 970 660 1004 πρὸς
680 970 733 996 τὸν
753 970 837 1001 Θεὸν,
861 969 933 1001 εἷπε,

148 1015 295 1050 δυνάμενος
309 1017 406 1047 εἰπεῖν,
423 1015 471 1042 καὶ
489 1017 504 1042 ό
518 1017 612 1050 Λόγος
631 1016 683 1042 τοῦ
697 1015 770 1042 Θεοῦ
788 1014 827 1049 ἦν
839 1015 873 1041 ἐν
895 1014 934 1047 τῷ

150 1053 220 1092 95¢-
234 1060 313 1092 ἀλλὰ,
329 1060 378 1087 καὶ
394 1060 465 1093 Θεὸς
478 1059 516 1095 ἦν
529 1061 657 1094 όΛόγος,
669 1061 740 1095 οὐχὶ,
749 1060 797 1086 καὶ
809 1059 882 1086 Θεοῦ
895 1057 935 1094 ἦν

147 1106 162 1131 ὁ
171 1106 275 1139 Λόγος,
285 1105 346 1140 ἔφη,
365 1105 408 1131 ἵνα
420 1098 458 1140 μὴ
464 1105 510 1144 τοῦ
517 1105 583 1131 Θεοῦ
597 1104 735 1140 ὲνέργειάν
745 1113 815 1137 τινα,
831 1112 935 1139 σημαν-

147 1152 227 1186 τικήν
242 1160 316 1183 τινος
335 1151 351 1186 ἢ
379 1151 522 1186 ποιητικὴν
544 1149 612 1177 εἶναι
638 1151 718 1177 αὐτὸν
741 1149 933 1184 ὑπολάϐοιμεν.

153 1198 183 1224 ’0
197 1196 228 1231 δὴ
245 1195 418 1231 Μάρκελλος,
427 1195 528 1230 οἰηθεὶς
541 1195 623 1221 ἀΐδιον
635 1193 703 1221 εἶναι
714 1194 794 1221 αὐτὸν
807 1195 852 1220 τοῦ
866 1195 933 1221 Θεοῦ

147 1242 242 1276 Δόγον,
270 1241 342 1267 τοῦτ’
365 1241 437 1266 ἐστιν
461 1239 624 1274 ἀγέννητον,
648 1239 776 1269 πολλάκις
804 1239 933 1274 ὡρίσατο,

147 1287 178 1312 οὐ
194 1285 324 1321 συνορῶν,
349 1285 401 1316 ὅτι,
418 1284 443 1310 ει
467 1283 515 1318 μὲν
538 1283 630 1317 ἕτερον
648 1283 694 1309 τοῦ
709 1283 775 1309 Θεοῦ
790 1283 834 1309 τὸν
848 1283 934 1317 Λόγον

148 1331 257 1366 φάσκει,
271 1330 317 1356 δύο
332 1330 408 1356 ἔσται
420 1328 505 1360 ἀΐδια,
515 1329 529 1354 ὁ
541 1328 627 1361 Λόγος
644 1328 690 1354 καὶ
706 1329 720 1354 ό
734 1328 809 1360 Θεὸς,
826 1329 873 1354 καὶ
884 1329 934 1354 οὐκ

147 1376 184 1403 ἐτ’
198 1375 273 1402 ἔσται
291 1375 360 1410 ἁρχὴ
377 1374 425 1409 μία
437 1383 444 1388 ·
469 1375 491 1400 ει
508 1373 536 1399 δὲ
553 1373 581 1400 ἓν
594 1373 697 1406 λέγοιτο
716 1373 809 1405 ἀΐδιον,
826 1373 869 1399 τὸν
883 1374 932 1399 αὑ-

145 1421 192 1448 τὸν
209 1421 366 1456 ὁριζόμενος
385 1417 452 1445 εἶναι
465 1419 509 1445 τὸν
521 1418 587 1444 Θεὸν
611 1418 650 1453 τῷ
665 1418 753 1453 Λόγῳ,
770 1419 871 1453 γυμνὸν
887 1418 932 1444 τὸν

147 1466 288 1493 muan
306 1465 477 1500 ὁμολογήσει,
490 1465 637 1499 υίοπάτορα
653 1464 698 1489 τὸν
712 1463 769 1495 ἕνα,
784 1464 844 1490 κατ’
852 1463 932 1490 αὑτὸν

147 1513 260 1542 ἐκεῖνον,
280 1511 407 1544 εἰσάγων.
430 1510 525 1536 Ἔσται
539 1506 585 1535 οὖν
606 1509 620 1534 ὁ
634 1508 726 1544 Πατὴρ
741 1508 815 1543 αὑτῷ
835 1517 931 1543 γεννη-

147 1555 205 1587 Θεὶς
222 1556 269 1582 καὶ
288 1543 454 1590 (51)νπαθὼν
477 1555 523 1581 καὶ
546 1554 625 1585 αὐτὸς
651 1553 726 1580 ἔσται
751 1554 765 1579 ό
789 1543 967 1588 εὑχόμενοςο

147 1599 251 1635 ἑαυτῷ,
269 1599 315 1626 καὶ
332 1598 499 1626 ἀπεστάλθαι
512 1599 597 1632 λέγων
621 1598 664 1632 ὑφ’
680 1597 791 1629 ἑαυτοῦ,
808 1598 854 1624 καὶ
870 1598 932 1625 Υξὺν

146 1645 253 1676 ἑαυτοῦ,
266 1645 311 1671 καὶ
326 1644 467 1679 μονογενῆ,
481 1644 530 1670 οὐκ
543 1642 726 1678 ἐπαληθεύων,
742 1643 790 1669 σὺν
807 1643 934 1678 εἰρωνείᾳ⁵

144 1691 174 1718 δδ
195 1691 437 1725 καταψευδόμενος.
462 1690 516 1716 Καὶ
537 1689 579 1720 τίς
601 1689 633 1714 ἂν
654 1689 745 1723 ἕτερος
765 1688 859 1714 τούτου
878 1688 932 1721 (3‘2)

145 1736 354 1771 δυσσεϐέστερος
375 1735 472 1769 γένοιτ’
493 1734 525 1760 ἂν
549 1733 645 1767 λόγοςς
676 1733 755 1759 Ἀλλὰ
776 1732 831 1768 γὰρ
854 1734 934 1768 ἡμεῖς

146 1781 212 1817 φέρε
230 1780 337 1815 ἴδωμεν,
359 1780 533 1814 ὁποῖονήμῖν
547 1780 560 1804 ὁ
574 1777 768 1812 εὐαγγελιστὴς
782 1777 866 1811 Λόγον
890 1777 934 1803 εὑ-

145 1825 327 1860 αγγελίζεται,
351 1824 478 1859 φάσκων·
502 1823 553 1849 Ἐν
569 1821 648 1856 ἀρχῇ
669 1820 708 1856 ἦν
727 1823 743 1848 ό
757 1823 867 1857 Λόγος,
885 1822 934 1850 καὶ

146 1872 267 1905 δΛόγος
282 1869 321 1905 ἦν
335 1870 410 1903 πρὸς
421 1871 474 1895 τὸν
488 1869 570 1899 Θεὸν,
584 1868 633 1894 καὶ
644 1867 716 1900 Θεὸς
726 1866 764 1902 ἦν
776 1869 904 1901 ὀΛόγος.

985 927 1105 959 deﬁnite,
1118 926 1151 954 In
1164 927 1296 961 principio
1310 933 1365 953 erat
1382 925 1492 954 Verbum
1505 928 1538 954 ".
1557 927 1641 955 Nobis
1660 927 1771 962 reliquit

985 973 1135 1007 disquirere
1149 972 1297 1005 cuiusmodi
1317 972 1380 999 illud
1391 977 1449 999 erat
1464 972 1591 1000 Verbum.
1609 972 1713 1001 Rursus
1724 974 1772 1001 ubi-

984 1018 1062 1048 dixit,
1077 1023 1100 1043 ρι
1116 1015 1229 1043 Verbum
1242 1021 1300 1043 erat
1311 1017 1382 1050 apud
1401 1017 1481 1044 Deum
1494 1017 1517 1033 "
1533 1037 1541 1050 ,
1556 1018 1642 1051 potuit
1655 1018 1768 1050 dixisse,

984 1068 1007 1089 et
1027 1062 1140 1089 Verbum
1162 1061 1211 1089 Dei
1237 1069 1293 1088 erat
1313 1063 1384 1096 apud
1397 1062 1498 1094 Deum;
1513 1063 1570 1094 sed.
1584 1068 1607 1090 et
1629 1063 1710 1096 Deus,
1728 1065 1779 1093 iu-,

984 1109 1052 1142 quit,
1066 1113 1122 1134 erat
1137 1106 1248 1134 Verbum
1256 1107 1294 1140 ";
1307 1116 1371 1138 non.
1386 1113 1414 1135 et
1430 1106 1540 1134 Verbum
1554 1108 1599 1134 Dei
1617 1113 1673 1135 erat
1686 1108 1768 1141 Deus,

985 1159 1017 1178 ne
1039 1160 1087 1178 nos
1116 1152 1332 1179 existimaremus
1351 1152 1467 1179 Verbum
1484 1152 1547 1178 illud
1564 1152 1623 1184 Dei,
1635 1154 1770 1188 operatio—

984 1197 1025 1224 nis
1039 1198 1246 1232 signilicativutu
1262 1205 1331 1224 esse.
1353 1198 1405 1225 Sed
1423 1198 1582 1229 Marcellus,
1596 1206 1657 1225 cum
1673 1199 1768 1233 opina-

985 1247 1059 1268 retur
1076 1248 1206 1269 aeternum
1218 1249 1277 1269 esse
1288 1243 1376 1276 ipsum
1391 1243 1437 1270 Dei
1457 1243 1585 1274 Verbum,
1601 1243 1653 1271 hoc
1669 1249 1711 1271 est
1725 1244 1770 1271 in-

983 1287 1114 1321 genitum,
1130 1287 1165 1314 ita
1181 1294 1291 1321 prorsus
1307 1295 1368 1314 eum
1384 1288 1505 1315 deﬁnivit
1520 1297 1527 1315 :
1545 1288 1657 1315 minime
1671 1290 1770 1315 advero

984 1337 1054 1363 tens,
1068 1332 1139 1366 quod
1150 1332 1172 1359 si
1192 1332 1308 1365 Verbum
1322 1333 1457 1360 diversum
1472 1333 1536 1367 quid
1557 1341 1571 1359 a
1590 1332 1644 1360 Deo
1659 1337 1770 1365 statuat,

983 1377 1036 1404 duo
1050 1377 1141 1404 futura
1164 1377 1219 1404 sint
1233 1382 1336 1404 aeterna
1352 1386 1359 1404 :
1378 1377 1428 1404 hoc
1451 1383 1493 1404 est
1510 1378 1579 1405 Deus
1591 1383 1617 1404 et
1631 1378 1746 1405 Verbum
1761 1387 1773 1410 ι

983 1429 1033 1449 nec
1050 1422 1213 1456 principium
1236 1422 1287 1448 boc
1305 1427 1383 1455 pacto
1398 1427 1534 1450 statuetur
1551 1422 1669 1449 unicum.
1694 1423 1771 1456 Quod

982 1468 1004 1494 si
1021 1467 1130 1494 unicum
1145 1467 1252 1495 dicatur
1265 1473 1406 1499 internum,
1418 1473 1498 1502 atque
1512 1468 1577 1496 illud
1599 1468 1686 1503 ipsum
1702 1469 1770 1496 deli-

984 1513 1040 1539 niat
1054 1520 1114 1540 esse
1127 1513 1210 1540 Deum
1226 1521 1285 1540 cum
1299 1521 1347 1540 suo
1363 1513 1463 1545 Verbo,
1479 1514 1580 1540 nudum
1599 1521 1712 1549 prorsus
1723 1512 1775 1540 Sa-

987 1558 1096 1585 bellium
1120 1558 1292 1586 confitebitur
1307 1567 1346 1591 se,
1360 1560 1418 1594 qui,
1434 1564 1462 1586 ut
1480 1559 1522 1585 ille
1538 1559 1613 1592 fecit,
1628 1567 1710 1592 unum
1725 1558 1757 1586 Fi
1770 1576 1772 1579 ι

986 1602 1022 1629 lio
1048 1602 1155 1629 Patrem
1175 1609 1202 1630 et
1228 1604 1337 1630 unicum
1362 1605 1504 1631 conﬂuxit.
1530 1604 1684 1631 Secundqu
1706 1611 1776 1640 ergo

987 1648 1084 1682 ipsum,
1099 1648 1151 1674 erit
1170 1648 1245 1675 Patet
1273 1649 1390 1683 genitus,
1410 1655 1437 1675 et
1457 1656 1553 1683 passus
1568 1657 1576 1675 :
1593 1649 1654 1683 ipse
1669 1653 1772 1676 semet-

988 1691 1040 1726 ipsi
1056 1692 1209 1719 orationem
1230 1693 1322 1721 fundet
1341 1701 1348 1719 :
1365 1694 1477 1720 missum
1500 1701 1530 1720 so
1550 1693 1679 1720 fatebitur
1695 1701 1710 1719 a
1726 1701 1772 1720 se-

988 1737 1114 1772 metipso,
1125 1743 1151 1765 et
1163 1738 1260 1765 Filium
1275 1739 1316 1766 sui
1333 1739 1418 1774 ipsius
1432 1751 1437 1767 :
1453 1744 1534 1774 atque
1549 1739 1587 1766 ita
1605 1739 1772 1766 simulatorie

987 1788 1017 1808 se
1031 1790 1084 1809 non
1101 1790 1205 1817 revera,
1222 1785 1269 1811 sed
1289 1784 1427 1817 mentitus,
1449 1784 1577 1811 fatebitur
1592 1784 1774 1818 unigenitum.

987 1825 1057 1859 Quid
1069 1827 1120 1855 hoc
1135 1835 1261 1856 sermone
1272 1830 1357 1863 magis
1371 1830 1482 1863 impium
1493 1829 1640 1863 excogitari
1655 1828 1773 1862 poterit?

986 1870 1040 1898 Nos
1054 1877 1153 1904 autem,
1174 1880 1233 1908 age,
1247 1875 1451 1900 consideremus
1469 1877 1498 1905 »Β
1519 1873 1598 1908 quale
1615 1873 1692 1900 nobis
1705 1871 1774 1899 Ver-

146 1917 209 1945 bum
227 1917 390 1951 evangelista
414 1915 544 1948 enuntiet,
557 1915 601 1942 ubi
618 1915 746 1950 loquitur,
756 1914 789 1942 In
802 1914 936 1950 ipriuripio
955 1922 1010 1944 erat
1035 1917 1156 1952 Verbum,
1185 1925 1208 1947 et
1232 1919 1345 1948 Verbum
1368 1927 1423 1948 erat
1442 1921 1512 1955 apud
1529 1920 1621 1952 Deum,
1641 1924 1666 1946 et
1699 1918 1770 1948 Dm

145 1964 212 1991 σοι’
224 1963 346 1991 Verbum.

468 2010 546 2037 ΚΕΦ.
567 2010 619 2036 ll".

162 2057 308 2092 Ποσαχῶς
322 2056 356 2084 τὸ
376 2057 603 2092 σημαινόμενονς
617 2056 650 2082 ἐκ
672 2055 726 2089 τῆς
744 2055 796 2082 τοῦ
818 2056 916 2089 Λόγον

420 2090 524 2125 φωνῆς
538 2090 659 2117 νοεῖται.

186 2135 218 2161 Ἦ
234 2135 282 2170 μὲν
298 2132 344 2161 οὖν
366 2134 411 2160 τὸν
425 2134 503 2168 λόγον
515 2133 632 2169 δηλοῦσα
656 2133 737 2166 λέξις,
754 2133 787 2159 δι’
811 2133 930 2168 Ἐλληνι-

145 2180 197 2215 κῆς
220 2179 342 2215 γλώττης
361 2179 594 2216 προενηνεγμένη,
616 2178 771 2214 πολύσημον
787 2178 931 2205 ὑποϐάλλει

1286 2012 1361 2040 CAP.
1393 2011 1461 2039 XIII.

982 2067 1051 2100 Quot
1065 2068 1152 2095 modis
1163 2068 1338 2103 intelligatur,
1350 2069 1420 2102 quod
1435 2076 1495 2095 uoce
1509 2067 1585 2096 Verbi
1596 2068 1772 2108 signiﬁcatur.

1024 2133 1080 2160 Vox
1105 2134 1148 2161 illa
1167 2134 1264 2168 λόγος,
1287 2134 1379 2162 Graeca
1401 2139 1476 2161 certe
1500 2134 1589 2169 lingua
1608 2134 1630 2161 si
1652 2133 1773 2169 profera-

981 2184 1036 2211 tur,
1052 2180 1153 2206 variam
1174 2187 1188 2206 a
1209 2187 1238 2206 se
1259 2180 1412 2213 suppeditat
1433 2179 1671 2214 signiﬁcationem.
1686 2179 1775 2206 Voca-

144 2226 193 2261 τὴν
203 2225 324 2260 ὲξαὺτῆς
336 2225 461 2260 θεωρίαν.
476 2224 499 2250 α’
509 2224 723 2259 (55)⁶Κέκληται
739 2224 792 2260 γὰρ
805 2224 842 2260 [ὁ]
851 2224 928 2259 λόγος

984 2230 1024 2252 iur
1037 2225 1121 2260 logos,
1139 2225 1164 2251 id
1184 2225 1265 2259 quod
1280 2225 1434 2259 disponitur
1461 2226 1487 2253 iu
1509 2226 1600 2252 anima
1618 2225 1740 2252 rationali
1761 2233 1772 2250 :

145 2271 192 2297 καὶ
203 2272 217 2297 ὁ
234 2271 262 2297 ὲν
276 2271 309 2306 τῇ
321 2270 414 2305 λογικῇ
430 2270 502 2305 ψυχῇ
528 2269 775 2304 καταϐεσλημένος,
792 2269 852 2296 καθ’
862 2269 891 2295 ὃν
903 2270 933 2296 τὸ

144 2315 297 2349 λογίζεσθαι
310 2316 376 2350 ἡμῖν
392 2315 516 2350 πάρεστι.
531 2314 563 2348 β’.
573 2315 628 2341 Καὶ
636 2315 710 2349 παρὰ
724 2314 816 2340 τοῦτον
828 2314 931 2350 ἕτερος,

143 2360 158 2386 ό
183 2360 228 2386 διὰ
250 2360 372 2396 γλώττης
399 2361 446 2387 καὶ
472 2361 564 2395 φωνῆς
586 2360 717 2396 ἐνάρθρου
736 2361 875 2395 σημαίνων
895 2369 931 2386 τι.

143 2409 178 2439 γ’.
197 2406 252 2432 Καὶ
270 2406 339 2432 κατὰ
353 2407 441 2440 τρίτον
457 2406 568 2441 τρόπον,
586 2407 600 2432 ὸ
616 2406 660 2432 διὰ
679 2406 786 2441 γραφῆς
803 2405 842 2440 τῷ
863 2414 925 2440 γρα-

143 2452 189 2486 φεῖ
199 2451 421 2487 συντεταγμένος.
436 2452 466 2478 δ’.
480 2452 548 2487 Ἤδη
563 2452 590 2478 δὲ
604 2451 681 2485 λόγον
695 2451 829 2486 εἰώθαμεν
842 2451 934 2477 καλεῖν

143 2496 190 2522 καὶ
205 2495 250 2522 τὸν
264 2497 450 2532 σπερματικὸν
469 2498 485 2533 ἢ
507 2498 629 2532 φυτικὸν,
652 2498 713 2523 καθ’
729 2497 757 2523 ὃν
771 2497 883 2532 δυνάμει
900 2497 934 2523 τὰ

145 2540 258 2575 μηδέπω
279 2541 365 2575 φύντα
379 2543 550 2569 ὲναπόκειται
565 2544 621 2574 τοῖς
636 2543 774 2578 σπέρμασι
791 2542 932 2577 μέλλοντα,

142 2586 203 2612 ὅσον
219 2585 295 2613 οΰπω
313 2587 363 2622 τῆς
384 2588 523 2623 ἐνεργείας
543 2589 583 2620 εἰς
604 2588 662 2622 φῶς
685 2587 818 2623 προϊέναι.
837 2591 866 2614 ε’.
880 2588 933 2614 Καὶ

144 2631 218 2666 παρὰ
241 2631 327 2658 ταῦτα
358 2633 458 2668 ἑτέρως
485 2633 611 2660 εἰώθασιν
626 2632 768 2668 ὀνομάζειν
791 2632 868 2665 λόγον
887 2633 931 2658 τὸν

143 2675 350 2712 ἐπιστημονικὸν
373 2678 469 2713 τέχνης
488 2678 589 2713 τινὸςῆ
607 2678 774 2712 ἐπιστήμης,
799 2677 845 2703 καὶ
865 2677 932 2703 πάν-

181 2746 210 2774 ›Ῑ‹
228 2744 276 2770 Ed.
298 2744 397 2777 Paris.,
416 2754 474 2780 pag.
498 2745 556 2772 120.

982 2271 1052 2298 unde
1075 2271 1208 2306 contingit
1236 2266 1406 2298 ratiocinari.
1426 2271 1471 2297 Est
1493 2275 1520 2297 et
1543 2271 1619 2304 logos
1639 2270 1772 2301 secundo.

981 2316 1051 2350 quod
1067 2315 1203 2350 significat
1223 2315 1337 2349 aliquid,
1352 2323 1399 2350 per
1412 2315 1530 2349 linguam
1549 2318 1575 2340 et
1600 2321 1691 2340 vocem
1705 2314 1771 2339 arti-

982 2360 1109 2387 culatam.
1119 2359 1223 2392 Tertio,
1237 2360 1308 2394 quod
1332 2359 1491 2393 descripsut,
1504 2363 1531 2385 et
1545 2358 1688 2385 scribendo
1701 2359 1772 2385 scri—

983 2409 1042 2438 νωι-
1055 2404 1191 2438 deposuit.
1206 2404 1329 2431 Solemus
1348 2408 1375 2430 et
1389 2403 1468 2436 logon
1489 2402 1624 2436 appellare
1648 2402 1768 2429 semina-

981 2450 1032 2477 lem
1045 2455 1071 2476 et
1096 2455 1253 2477 nascentem
1279 2449 1446 2477 facultatem.
1461 2447 1614 2475 Secundum
1630 2454 1710 2482 quem
1726 2447 1768 2474 di~

982 2501 1079 2523 cuntur
1098 2500 1230 2530 potestate
1252 2502 1324 2526 esse,
1341 2495 1368 2521 in
1381 2493 1533 2521 seminibus
1550 2493 1605 2525 illa,
1623 2500 1684 2528 quae
1700 2500 1768 2520 nou-

982 2542 1044 2567 dum
1057 2545 1134 2568 enata
1158 2546 1232 2573 sunt,
1246 2541 1292 2567 sed
1312 2540 1439 2573 deinceps
1464 2543 1526 2566 actu
1548 2539 1687 2574 proditura
1706 2543 1770 2564 sunt

983 2587 1009 2613 in
1029 2587 1125 2614 lucem.
1141 2587 1235 2613 Adhuc
1248 2591 1275 2613 et
1290 2585 1342 2612 alio
1355 2585 1446 2616 modo,
1460 2584 1578 2612 solemus
1597 2584 1673 2619 logon
1692 2591 1768 2611 usur-

984 2640 1059 2665 pare,
1088 2640 1136 2667 pro
1157 2632 1321 2659 iutellectiva
1346 2632 1413 2659 artis
1439 2632 1552 2666 alicujus
1577 2636 1623 2657 aut
1648 2629 1772 2658 scientia:

985 2677 1125 2710 facultate,
1137 2678 1261 2712 quodque
1273 2677 1395 2706 omnimn
1413 2682 1438 2705 et
1457 2677 1624 2710 singulorum
1638 2675 1761 2703 istiusmo

176 2789 200 2805 "
212 2790 278 2817 ibid.
293 2790 320 2817 3.
358 2791 381 2806 ⁸³
394 2791 470 2818 Joan.
486 2799 541 2824 xw,
558 2792 601 2818 10.
638 2791 748 2818 "loan.
768 2799 788 2822 ι,
806 2791 828 2818 l.
867 2790 890 2806 “'
904 2791 967 2818 ibid.
1004 2790 1102 2817 "ibid.

183 2859 210 2890 (5
217 2858 238 2890 Ι)
251 2857 336 2894 Vulgo
350 2859 472 2894 πάσχων.

176 2889 234 2930 ζόὶ)
249 2889 331 2928 Vulgo
345 2889 442 2928 γένοιτ’
459 2894 490 2921 Ξιν
506 2893 612 2920 δυσσεὸ-

1012 2859 1066 2898 (βό)
1082 2858 1128 2885 Sic
1144 2857 1236 2889 codri,
1251 2857 1295 2897 qui
1317 2865 1373 2898 m2.
1401 2864 1515 2892 sequens
1537 2856 1562 2890 ό,
1580 2855 1623 2884 hic
1648 2859 1675 2884 et
1697 2855 1767 2884 indm

978 2895 1077 2922 addunt
1090 2900 1217 2920 numeros
1232 2895 1333 2920 omis.o
1345 2895 1375 2919 δ’.
