2032 3211
132 139 184 168 οτι

605 139 652 167 DE
666 138 931 167 ECCLESIASTICA
943 137 1141 166 τιιεοιοςιλ
1160 137 1224 166 LIB.
1246 138 1278 166 ii.

1690 138 1744 168 938

132 197 268 228 διενοεῖτο,
290 193 312 230 ᾧ
331 196 378 223 κα).
392 196 460 232 πρὸς
474 196 567 223 ἑαυτὸν
579 196 722 230 διελέγετο,
737 196 912 230 Ποιήσωμεν

965 194 1128 230 loquebatur,
1145 194 1433 230 Faciamushontinem,
1448 196 1581 232 inquiens,
1605 198 1668 232 quid
1680 205 1743 226 eum

131 241 296 276 ἄνθρωπον,
319 241 405 276 λέγων
424 250 431 256 ·
443 242 469 268 τί
488 241 534 268 καὶ
550 241 637 277 μάτην
653 241 709 267 υἱὸν
722 240 865 276 όνομάξοι;
879 241 913 268 Τί

131 287 160 313 δὲ
175 287 224 322 τὴν
243 286 404 322 Ἐκκλησίαν
416 286 604 322 ὑποκρίνεταις
623 286 655 312 Τί
673 285 712 317 δὲ,
729 286 765 322 μὴ
780 286 914 313 πιστεύων

131 333 170 363 εἰς
186 334 231 359 τὸν
246 332 308 358 Υἰδν
325 332 372 359 τοῦ
387 332 454 358 Θεοῦ
476 333 662 368 προσποιεῖται
676 332 812 359 πιστεύειν
822 352 829 364 ,
849 340 915 367 σχη-

132 376 311 413 ματιζόμενος
333 376 378 403 διὰ
400 376 447 403 τοῦ
472 376 518 403 τὸν
541 376 627 410 Λόγον
650 377 695 403 τὸν
727 377 756 403 έν
791 376 831 412 τῷ
857 376 915 412 Θεῷ

131 422 197 450 Υἰὸν
215 422 380 455 ἀποκαλεῖν;
395 422 491 457 Σαφῶς
513 422 560 449 τοῦ
576 422 793 458 παραδείγματος
815 421 913 458 μακρῷ

130 468 267 495 διεστάναι
285 468 455 500 διδάσκοντος
479 468 524 495 τὸν
549 468 666 504 ἔμφυτον
689 469 717 495 ὲν
738 468 809 504 ψυχῇ
835 468 913 502 λόγον

131 513 207 549 παρὰ
219 513 265 540 τὸν
281 513 312 540 ἐκ
326 522 396 545 τινος
413 513 585 550 γεννηθέντα,
602 514 648 541 καὶ
667 514 727 541 καθ’
753 513 847 542 ἑαυτὸν
863 515 914 550 ὑφ-

130 559 236 587 εστιῖηα
249 579 256 591 ,
282 558 329 585 καὶ
359 558 464 591 ζῶντα,
495 559 540 585 καὶ
568 558 729 594 ἐνεργοῦντα
752 558 827 587 Υιόν.
845 558 914 586 ’Δλλ’

130 605 180 632 οὐκ
208 604 262 639 ἐγὼ
275 625 282 637 ,
308 604 392 640 φησὶ,
421 604 459 635 ὠς
482 604 574 638 εἰκὸς,
595 604 651 631 ἀλλ’
669 605 683 630 ὁ
703 604 774 637 θεῖος
798 605 914 640 εὐαγγε-

130 650 225 686 λιστὴς
250 650 335 684 Λόγον
364 649 442 677 αὑτὸν
467 651 622 686 προσεῖπεν.
651 650 808 677 Ἀκόλουθον
825 650 914 677 τοίνυν

130 697 172 732 εἴη
189 697 222 724 ἂν
240 697 285 723 καὶ
298 697 370 731 ἡμᾶς
383 696 468 731 τούτῳ
478 695 665 731 συνομολογεῖν
679 695 747 730 (58).
762 696 825 728 Ναὶ,
840 696 912 731 φημὶ

131 741 178 768 καὶ
194 741 285 773 αὐτός.

451 785 528 812 ΚΕΦ.
548 785 596 812 iZ'.

170 833 322 867 Ἐρμηνεία
336 831 389 866 τῆς
403 830 535 865 ἀληθοῦς
548 830 681 864 διανοίας
701 831 755 858 τοῦ
770 831 876 866 Λόγου.

165 876 238 912 Πλὴν
258 876 310 903 οὐδ’
324 876 424 912 ἑτέρως
450 876 597 911 προσήκειν
612 873 688 910 οἶμαι
711 874 850 907 ἐξακούειν
866 875 915 911 τῆς

129 923 223 958 φωνῆς
238 923 255 958 ἢ
278 922 351 958 αὺτῷ
373 922 452 949 πάλιν
479 921 713 957 μαθητευομένους
737 919 777 956 τῷ
799 921 914 955 εὐαγγεο

128 969 207 1005 λιστῇ
243 968 393 995 διδάσκοντι
418 969 507 995 ὁποῖον
536 966 675 1002 διωρίζετο
699 966 794 1000 Λόγον.
820 965 916 1000 Σαφῶς

129 1017 157 1043 δὲ
180 1016 273 1042 τοῦτον
296 1015 415 1051 παρίστη
437 1011 492 1046 οἶός
518 1022 560 1046 τις
580 1011 624 1050 ἦν,
649 1013 838 1040 ὲπισυνάπτων
852 1012 916 1047 ἑξῆς

131 1063 177 1089 καὶ
194 1062 290 1096 λέγων,
308 1061 363 1088 Kal
383 1059 455 1093 Θεὸς
475 1058 515 1096 ἥν
535 1061 551 1087 ό
564 1060 667 1094 Λόγος.
682 1059 832 1094 Δυνάμενος
851 1058 915 1093 γοῦν

129 1108 230 1139 εἰπεῖν,
251 1106 306 1134 Kal
328 1105 400 1138 Θεὸς
425 1103 465 1140 ἦν
484 1106 501 1132 ό
521 1106 626 1140 Λόγος,
658 1103 727 1139 μετά
739 1104 788 1140 τῆς
803 1103 849 1130 τοῦ
865 1103 915 1139 ἄρ-

129 1154 195 1190 θρου
210 1152 378 1189 προσθήκης,
389 1151 415 1177 εί
429 1159 461 1185 γε
474 1151 503 1177 ἓν
517 1151 564 1177 καὶ
584 1150 682 1176 ταύτὸν
695 1151 787 1184 ἡγεῖτο
799 1149 844 1176 τὶν
861 1150 916 1176 Πα-

128 1197 195 1232 τέρα
216 1194 348 1223 εἶναικαὶ
368 1195 412 1221 τὸν
427 1195 500 1227 Υἱὸν,
524 1193 607 1220 αὐτόν
629 1202 659 1220 τε
679 1191 749 1220 εἶναι
772 1193 816 1220 τὸν
831 1193 915 1227 Λόγον

127 1243 174 1270 τὸν
187 1243 234 1269 ἐπὶ
249 1242 358 1270 πάντων
382 1241 459 1273 Θεὸν,
477 1240 525 1276 οὺχ
548 1239 632 1272 οὕτως
649 1239 716 1275 (δι’)
730 1239 844 1272 ἐξέδωκε
867 1239 916 1275 τὴν

129 1289 247 1325 γραφήν.
261 1288 297 1314 Ἦ
316 1287 380 1323 γὰρ,
396 1297 405 1312 t
421 1287 476 1313 Kal.
490 1285 557 1313 Θεοῦ
574 1284 608 1322 ἦν
622 1287 636 1312 ό
655 1285 740 1319 Λόγος
755 1295 764 1311 ι
783 1285 865 1321 ἐχρῆν
882 1286 916 1311 εί-

129 1337 201 1367 aestv,
216 1335 232 1370 ἢ
248 1344 258 1360 t
272 1335 286 1360 ὁ
301 1333 367 1365 Θεὸς
386 1331 420 1369 ἦν
434 1333 449 1359 ό
462 1333 557 1366 Λόγος,
573 1341 582 1357 ι
602 1331 669 1367 μετὰ
691 1331 848 1368 προσθήκης
867 1331 915 1358 τοῦ

127 1380 242 1417 ἄρθρου,
265 1381 288 1407 εἰ
311 1381 344 1415 τῇ
371 1378 531 1414 Μαρκέλλου
564 1378 668 1413 διανοίᾳ
697 1377 840 1413 σύμφωνον
867 1376 915 1412 τὴν

127 1426 240 1463 γραφὴν
261 1426 388 1451 ἐποιεῖτο.
403 1425 472 1451 Νυνὶ
484 1423 512 1450 δὲ
527 1424 574 1451 καὶ
589 1423 668 1450 αὑτὸν
690 1423 734 1450 τὸν
749 1423 834 1458 Λόγον
850 1423 915 1450 Θεὸν

128 1471 200 1500 εἶναι
217 1472 352 1508 παρίστη,
375 1471 474 1506 ὁμοίως
491 1469 539 1504 τῷ,
558 1469 625 1505 πρὸς
645 1469 674 1495 ὃν
687 1467 720 1505 ἦν
733 1469 808 1505 Θεῷ’
826 1478 917 1504 προει-

131 1516 191 1545 ιήὼν
206 1517 270 1551 γὰρ,
292 1515 345 1543 Καὶ
359 1517 375 1543 ό
390 1516 484 1562 Λόγος
501 1513 540 1550 ἦν
556 1515 631 1549 πρὸς
646 1514 698 1541 τὸν
714 1515 798 1562 Θεὸν,
819 1515 915 1562 ἐπάγει
929 1534 949 1562 C

131 1562 228 1596 λέγων,
244 1561 299 1588 Kal.
322 1560 392 1593 Θεὸς
405 1558 445 1596 ἦν
459 1562 475 1588 ό
491 1561 594 1595 Λόγος,
621 1560 762 1595 μονονουχὶ
782 1560 914 1593 σαφέστε-

131 1618 179 1645 ρον
194 1608 267 1643 ἡμᾶς
288 1607 417 1634 διδάσκων
432 1606 538 1642 πρῶτον
565 1607 613 1642 μὲν
635 1606 757 1641 ἡγεῖσθαι
783 1606 848 1632 Θεὸν
871 1606 916 1632 τὸν

127 1655 257 1682 ἐπέκεινα
280 1654 334 1681 τῶν
349 1654 426 1687 ὅλων,
448 1653 528 1680 αὑτὸν
543 1653 588 1679 τὸν
608 1652 654 1678 τοῦ
683 1652 769 1686 Λόγου
793 1652 916 1687 Πατέρα,

129 1702 198 1735 πρὸς
216 1702 245 1727 ὃν
262 1699 296 1737 ἦν
314 1701 328 1727 ό
342 1700 436 1734 Λόγος,
460 1700 555 1727 Επειτα
570 1699 627 1734 μετ’
646 1697 726 1725 αὑτὸν
744 1698 782 1734 μὴ
798 1698 916 1732 ἀγνοεῖν,

128 1748 167 1780 ὡς
182 1748 228 1774 καὶ⁵
244 1748 258 1774 ὁ
275 1747 360 1781 Λόγος
375 1746 456 1773 αὑτοῦ
476 1746 490 1772 ό
509 1744 654 1780 μονογενὴς
670 1744 742 1776 Υἱὸς,
761 1744 822 1779 οὐχ).
837 1743 918 1776 αὐτὸς

128 1792 163 1830 ἦν
179 1794 193 1820 ὁ
205 1793 251 1819 ἐπὶ
271 1793 379 1820 πάντων
395 1791 471 1823 Θεὸς,
485 1791 541 1818 ἀλλ’
559 1791 598 1818 ὅτι
615 1791 661 1817 καὶ
685 1790 766 1821 αὐτὸς
785 1789 851 1821 Θεὸς
872 1787 916 1825 ἦν.

134 1839 165 1866 '0
179 1839 233 1875 γὰρ
250 1849 259 1865 ι
272 1839 319 1866 καὶ
335 1848 344 1864 ι
364 1837 510 1873 σύνδεσμος
529 1835 568 1872 τῷ
595 1837 682 1872 Πατρὶ
711 1835 840 1863 συνάπτει
868 1835 918 1871 τὴν

129 1885 243 1921 θεότητα
256 1884 301 1911 τοῦ
329 1882 404 1910 Υίοῦ.
430 1882 475 1910 Διό
499 1891 574 1918 φησι,
592 1881 645 1909 Καὶ
657 1883 673 1908 ό
691 1880 761 1913 Θεὸς
773 1879 813 1916 ἦν
830 1882 846 1906 o'
862 1881 917 1908 Λό-

129 1939 192 1966 γος,
220 1930 253 1956 ἵν’
284 1929 382 1964 ῑδωμεν
404 1929 469 1955 Θεὸν
489 1928 534 1954 τὸν
550 1927 596 1954 ἐπὶ
613 1927 729 1957 πάντων,
752 1926 820 1961 πρὸς
841 1925 869 1951 ὸν
884 1923 918 1961 ἦν

128 1978 144 2004 ό
157 1977 258 2011 Λόγος,
284 1975 329 2003 καὶ
344 1975 409 2002 Θεὸν
431 1975 511 2001 αὐτὸν
530 1974 574 2001 τὸν
591 1973 687 2007 Λόγον.
710 1973 808 2000 Ἀκουε
826 1972 864 2004 ὡς
880 1973 919 1998 εἰ-

130 2023 197 2050 κόνα
220 2022 267 2048 τοῦ
293 2021 372 2053 Θεοῦ,
394 2021 442 2048 καὶ
458 2020 549 2047 εἰκόνα
567 2019 621 2052 (62)
638 2020 687 2054 οὐχ
707 2018 745 2050 ὼς
771 2019 799 2044 έν
822 2017 918 2053 ἀψύχῳ

131 2068 193 2104 ὕλῃ,
216 2068 273 2094 ἀλλ⁴
285 2067 322 2100 ὡς
341 2068 371 2093 ὲν
385 2065 442 2101 Υἱῷ
459 2065 555 2098 ζῶντι,
580 2065 628 2092 καὶ
651 2063 834 2100 ἀκριϐέστατα
850 2063 918 2098 πρὸς

130 2114 179 2150 τὴν
194 2113 345 2149 ἀρχέτυπον
364 2112 477 2147 θεότητα
492 2111 539 2138 τοῦ
565 2109 670 2146 Πατρὸς
692 2108 916 2144 ἅψωμαι-»μένον-

138 2159 215 2185 Ὲπεὶ
235 2158 263 2185 δὲ
277 2158 316 2194 τῷ
337 2157 497 2193 ἀνθρωπίνῳ
521 2156 592 2191 λόγῳ
616 2155 662 2181 τὸν
674 2154 721 2181 τοῦ
742 2154 809 2180 Θεοῦ
826 2162 916 2190 παρα-

132 2205 240 2232 ὃάλλειν
262 2204 348 2231 ἐδόκει
373 2203 534 2239 Μαρκέλλῳ,
558 2203 604 2230 καὶ
629 2203 703 2237 πόσῳ
730 2200 824 2236 βελτίω
847 2197 917 2227 εἶναι

132 2250 265 2286 φήσομεν,
294 2249 378 2276 εἰκόνι
407 2249 546 2285 χρώμενον
579 2248 617 2283 τῷ
645 2246 805 2284 ἀνθρωπίνῳ
834 2246 915 2280 λόγῳ,

131 2296 219 2331 τούτῳ
233 2295 332 2331 μᾶλλον
342 2293 494 2330 χρήσασθαι
505 2293 543 2330 τῷ
554 2292 763 2329 παραδείγματι,
775 2291 822 2318 καὶ
835 2290 917 2325 φάναι

131 2342 179 2369 τοῦ
196 2342 260 2378 παρ’
279 2342 343 2377 ἡμῖν
357 2341 436 2376 λόγου
458 2339 562 2376 πατέρα
583 2337 651 2367 εἶναι
669 2339 714 2365 τὸν
732 2338 802 2370 νοῦν,
825 2337 917 2373 ἕτερον

131 2389 195 2416 ὅντα
211 2387 287 2424 παρὰ
301 2387 345 2414 τὸν
360 2387 448 2422 λόγον.
462 2386 514 2413 Τὸν
532 2385 581 2422 μὲν
595 2385 649 2420 γὰρ
666 2383 732 2420 (62⁵)
748 2383 820 2416 νοῦν,
843 2383 918 2414 ὅστις

130 2434 199 2468 ,ποτὲ
215 2434 261 2461 καὶ
275 2434 363 2465 ὁποῖος
379 2432 416 2459 ὢν
429 2433 478 2468 τὴν
493 2432 585 2459 οὐσίαν
606 2430 736 2465 ὑπάρχει,
760 2429 847 2460 οὐδεὶς
861 2427 919 2454 πώ-

133 2487 200 2507 ποτε
214 2478 364 2515 ἀνθρώπων
375 2478 455 2512 έγνω,
475 2477 599 2513 βασιλεὺς
612 2476 635 2503 δ’
647 2473 690 2503 οἷα
704 2476 732 2501 ὲν
751 2474 919 2510 ἀπορρήτοις

132 2527 199 2554 εἵσω
217 2527 273 2558 τοῖς
298 2525 380 2552 αὑτοῦ
408 2524 542 2560 ταμιείοις
563 2522 704 2558 ἱδρυμένος
728 2521 762 2547 τὰ
791 2519 914 2556 πρακτέα

134 2571 288 2607 βουλεύεται
297 2579 303 2586 ⁸
324 2572 338 2597 ὀ
351 2570 373 2596 δ’
384 2569 414 2601 ἐξ
433 2566 514 2596 αὐτοῦ
529 2567 617 2601 λόγος,
631 2563 675 2592 οἶα
688 2565 789 2600 πατρὸς
809 2563 838 2597 ἐξ
853 2563 917 2590 ἀδύ-

133 2625 187 2645 των
201 2615 293 2652 μυχῶν
307 2614 502 2651 γεγεννημένος
515 2614 570 2646 τοῖς
583 2611 661 2643 ἐκτὸς
675 2612 741 2638 πᾶσι
755 2609 915 2637 καθίσταται

169 2712 200 2742 ιι(
218 2709 267 2736 Ed.
280 2707 380 2736 Paris..
393 2714 453 2742 pag.
464 2705 526 2738 i27,
540 2705 597 2733 128.

179 2800 469 2845 ῦι“)νιξιιςοφῦτωςξ’
525 2840 549 2845 ..
587 2839 593 2845 .

182 2836 295 2880 enim
304 2836 398 2870 ἒεκάνα
410 2836 471 2869 add.
484 2840 573 2874 codd.;
587 2839 655 2866 intra
669 2838 745 2874 vulgo
760 2836 880 2873 βελτίων.

319 2893 452 2923 Pnaot.
469 2890 528 2921 Gtt.
552 2888 664 2938 ΧΧΝἶ

963 245 989 267 et
1004 241 1102 267 frustra
1119 241 1236 275 quidem,
1252 241 1365 276 appellat
1378 242 1497 269 Filium?
1511 242 1579 276 Quid
1596 243 1743 271 Ecclesiam

964 286 1079 320 decipit?
1093 286 1157 321 quid
1170 294 1232 314 cum
1247 295 1298 314 non
1313 288 1415 321 credat,
1432 288 1506 324 llngit
1536 294 1623 316 tamen
1639 297 1669 317 se
1685 297 1744 317 cre-

964 332 1027 358 dere
1043 331 1068 358 in
1087 332 1182 359 Filium
1199 332 1263 360 Dei?
1281 339 1373 368 utpote
1385 335 1429 369 qui
1444 335 1527 362 videri
1540 335 1598 362 vult
1615 342 1663 369 per
1678 335 1745 363 Ver-

965 376 1026 403 bum
1050 376 1145 404 Filium
1168 377 1214 405 Dei
1239 379 1401 407 nominasse.
1419 380 1485 407 Cum
1498 380 1580 415 ipsius
1593 381 1744 415 exemplum

965 423 1104 458 perspicue
1119 424 1223 456 doceat,
1236 425 1389 459 longissime
1415 426 1513 454 distare
1532 427 1639 453 insitum
1655 427 1745 454 animo

965 467 1041 502 lngon
1060 471 1088 500 »Ε
1107 468 1140 495 ab
1162 469 1206 496 ille
1229 471 1299 504 quod
1324 470 1356 498 de
1375 470 1465 506 aliquo
1482 477 1691 506 progeneratur,
1718 478 1745 500 et

965 521 1012 548 per
1026 521 1056 540 se
1067 514 1188 542 subsistit
1202 520 1230 542 et
1245 515 1320 547 vivit,
1341 521 1369 543 et
1387 521 1524 550 operatur,
1546 521 1573 544 et
1593 517 1677 545 Filius
1691 523 1743 545 est.

965 558 1017 586 Sed
1031 560 1154 587 fortassis
1169 560 1361 595 inquietzNon
1381 569 1434 597 ego
1457 562 1530 589 illum
1555 563 1657 597 appello
1677 563 1744 590 Ver-

965 605 1038 636 bum.
1065 606 1110 632 sed
1143 606 1248 633 divinus
1272 607 1432 641 evangelista
1466 601 1527 635 :Iet
1555 616 1603 636 nos
1626 608 1689 635 illud
1705 609 1746 642 ip-

965 659 1023 678 sum
1048 660 1095 685 par
1116 657 1157 680 est
1173 653 1307 680 conﬁteri.
1336 653 1381 681 Est
1402 654 1583 689 planeetiam
1605 662 1666 683 meo
1686 655 1744 682 atti-

966 705 1019 725 mo.

1261 787 1336 815 CAP.
1355 787 1432 815 XVII.

1083 831 1157 860 Vera:
1176 835 1311 861 sentenlite
1329 835 1361 861 de
1382 834 1462 861 Verbo
1476 834 1626 869 explicatio.

930 869 951 896 Β
1000 877 1054 906 Sed
1071 886 1122 906 non
1138 879 1218 910 aliter
1227 880 1336 907 omnino
1349 888 1398 908 vox
1414 880 1458 908 illa
1485 881 1687 915 interpretanda
1704 887 1746 909 est

966 931 1045 958 quant
1060 925 1191 958 quomodo
1204 932 1252 952 nos
1272 925 1365 952 docuit
1386 925 1442 960 ipse
1463 926 1644 962 evangelista:
1661 930 1746 962 quod-

966 977 1027 996 nam
1044 969 1100 1004 ipse
1119 970 1233 997 Verbum
1249 970 1391 1005 intelligat.
1412 971 1439 998 Id
1453 979 1516 998 vero
1538 973 1655 999 insinuat
1678 974 1746 1001 satis

965 1015 1037 1042 clare
1052 1015 1078 1042 in
1093 1015 1126 1043 iis
1141 1023 1200 1050 quae
1213 1015 1340 1049 adnectit,
1351 1021 1375 1043 et
1393 1016 1461 1044 Deus
1476 1022 1532 1044 erat
1554 1016 1673 1050 Verbum,
1685 1026 1746 1047 cum

966 1060 1088 1095 proloqui
1113 1061 1261 1096 potuisset,
1280 1066 1307 1089 et
1331 1061 1376 1089 ille
1396 1062 1484 1096 Deus,
1504 1063 1595 1090 addito
1618 1065 1744 1097 articulo,

965 1111 1024 1133 erat
1041 1106 1155 1134 Verbum
1169 1126 1176 1138 ,
1193 1107 1215 1134 si
1231 1114 1312 1134 unum
1329 1112 1356 1134 et
1378 1107 1521 1141 eumdem,
1543 1113 1571 1135 et
1593 1108 1700 1137 Patrem
1719 1115 1747 1137 et

965 1150 1062 1178 Filiqu
1084 1152 1253 1187 appellasset,
1269 1152 1290 1179 si
1311 1151 1425 1180 Verbum
1442 1153 1505 1181 illud
1516 1154 1670 1189 opinaretur
1688 1163 1748 1183 esse

965 1196 1038 1223 illum
1053 1196 1136 1224 Deum
1159 1197 1205 1232 qui
1223 1202 1264 1226 est
1279 1205 1360 1233 super
1376 1198 1477 1226 omnia.
1494 1199 1547 1227 Sed
1560 1208 1612 1227 non
1632 1201 1669 1228 ita
1683 1209 1744 1236 pro-

966 1243 1069 1271 locutus
1083 1248 1135 1271 est.
1159 1243 1225 1270 Nam
1242 1243 1284 1271 vel
1310 1243 1400 1272 dicere
1423 1245 1549 1280 debebat,
1563 1251 1591 1273 et
1614 1247 1659 1274 Dei
1687 1253 1747 1275 erat

965 1288 1082 1316 Verbum
1094 1309 1101 1321 .
1117 1289 1156 1316 vel
1173 1289 1245 1317 Deus
1259 1295 1318 1317 erat
1330 1289 1374 1317 ille
1387 1289 1502 1319 Verbum
1516 1300 1522 1318 :
1537 1292 1643 1326 adjecto
1654 1301 1748 1328 nempe

965 1336 1091 1369 articulo,
1109 1336 1131 1363 si
1150 1344 1211 1363 cum
1230 1337 1348 1365 Marcelli
1373 1338 1507 1365 sententia
1528 1338 1667 1373 Scriptura
1683 1347 1749 1366 con-

967 1381 1106 1416 spirasset.
1130 1382 1164 1408 At
1187 1390 1259 1410 nunc
1282 1387 1310 1409 et
1335 1382 1422 1417 ipsum
1438 1382 1556 1411 Verbum
1580 1383 1664 1411 Detnn
1688 1393 1749 1413 esse

967 1426 1105 1458 insinuat,
1122 1427 1248 1454 similiter
1267 1427 1305 1455 illi
1323 1428 1385 1460 Deo,
1409 1428 1478 1462 apud
1500 1435 1579 1463 quem
1597 1435 1665 1457 eral.
1681 1429 1747 1458 Nam

967 1479 1026 1499 cum
1052 1472 1125 1507 prius
1148 1473 1280 1505 edixerat,
1299 1473 1330 1500 Et
1352 1472 1462 1500 Verbum
1486 1479 1547 1501 erat
1567 1473 1635 1509 apud
1653 1475 1747 1510 Deum,

967 1517 1108 1550 subinlcrt,
1125 1523 1148 1544 et
1165 1518 1234 1545 Deus
1249 1524 1305 1545 erat
1326 1518 1437 1546 Verbum
1453 1527 1466 1558 ;Γ
1476 1519 1632 1554 planissime
1646 1529 1694 1549 nos
1709 1523 1750 1549 itt-

968 1561 1098 1595 formans,
1107 1568 1208 1590 tantum
1224 1571 1276 1591 non
1290 1569 1319 1591 ut
1331 1565 1446 1599 primum
1464 1565 1545 1592 Deum
1562 1565 1634 1593 illum
1649 1567 1748 1595 intelli-

967 1616 1061 1643 gamus
1084 1616 1155 1641 esse,
1181 1610 1226 1643 qui
1251 1614 1292 1636 est
1313 1617 1393 1644 super
1418 1610 1518 1641 omttia,
1541 1611 1626 1645 ipsum
1653 1620 1749 1648 nempe

970 1654 1047 1680 Verbi
1073 1654 1199 1687 Patrem,
1229 1655 1299 1689 apud
1322 1662 1401 1689 quem
1421 1659 1480 1681 erat
1501 1655 1634 1690 Verbum;
1652 1660 1748 1685 tumin

967 1698 1101 1730 secundis,
1113 1703 1142 1725 ut
1153 1706 1187 1726 ne
1202 1698 1288 1732 ignari
1302 1699 1397 1731 simus,
1409 1698 1480 1733 quod
1493 1704 1520 1727 et
1533 1699 1650 1728 Verbum
1664 1703 1748 1736 ipsius

969 1744 1119 1779 unigenitus
1130 1743 1215 1772 Filius
1226 1753 1278 1772 tton
1305 1751 1362 1772 erat
1377 1747 1486 1780 quidem
1501 1746 1547 1774 ille
1563 1755 1644 1781 super
1657 1749 1747 1775 omnia

971 1790 1041 1817 Deus
1053 1811 1061 1824 ,
1077 1791 1123 1818 sed
1137 1792 1207 1826 quod
1223 1797 1250 1818 et
1263 1793 1318 1826 ipse
1328 1793 1408 1819 etiam
1423 1792 1495 1820 Deus
1507 1797 1582 1826 erat;
1596 1794 1748 1828 coniunctio

968 1835 1066 1862 etenim
1085 1835 1126 1862 illa
1139 1855 1146 1868 ,
1166 1841 1193 1863 et
1214 1837 1384 1863 divinitatem
1408 1837 1470 1864 Filii
1497 1838 1632 1865 connectit
1652 1838 1745 1870 l‘atri;

969 1880 1030 1907 inde
1046 1881 1094 1913 ait,
1110 1886 1133 1907 el
1149 1880 1217 1907 Deut
1228 1887 1283 1908 erat
1301 1880 1413 1909 Verbum
1425 1889 1436 1914 ξ
1448 1887 1476 1908 ut
1491 1882 1574 1910 Deum
1586 1883 1660 1910 illum
1677 1884 1748 1910 scia-

969 1933 1028 1952 mus
1042 1933 1111 1959 esse,
1126 1925 1171 1960 qui
1188 1930 1230 1953 est
1244 1932 1324 1960 super
1340 1925 1443 1958 omnia,
1459 1926 1528 1961 apud
1540 1933 1620 1961 quem
1636 1932 1662 1953 et
1680 1926 1748 1954 Ver-

968 1970 1031 1997 bum
1046 1975 1115 2003 erat,
1132 1970 1178 1997 sed
1191 1975 1219 1997 et
1231 1969 1348 1997 Verbum
1362 1977 1468 2005 quoque
1485 1971 1568 1998 Deum
1581 1971 1684 2004 audies,
1696 1972 1748 1999 vel-

969 2015 1007 2041 uti
1031 2015 1076 2048 qui
1091 2015 1126 2042 sit
1140 2015 1228 2050 imago
1243 2015 1307 2048 Dei,
1324 2022 1375 2042 non
1392 2020 1420 2042 ut
1435 2017 1460 2043 in
1475 2016 1586 2043 materia
1601 2016 1747 2044 inanimata

968 2061 1170 2094 subsistentem.
1201 2062 1248 2089 sed
1275 2066 1304 2088 ut
1321 2062 1347 2088 in
1372 2061 1442 2088 Filio
1461 2063 1522 2089 vivo
1539 2063 1584 2097 qui
1601 2070 1682 2097 quant
1699 2071 1748 2090 ex-

969 2106 1103 2133 actissime
1119 2111 1292 2141 repraesentat
1310 2106 1473 2141 archetypon
1488 2106 1560 2134 illam
1576 2106 1664 2135 Patris
1680 2108 1749 2136 divi—

970 2152 1091 2179 nitatem.
1116 2151 1248 2185 Quoniam
1272 2159 1337 2179 vero
1351 2152 1437 2179 vismn
1459 2151 1585 2180 Marcello
1607 2153 1657 2180 fuit
1671 2153 1749 2189 logon

933 2198 955 2225 D
971 2197 1029 2228 Dei,
1046 2203 1138 2225 nostro
1161 2198 1299 2225 hominum
1325 2199 1483 2229 assimilare,
1501 2200 1522 2225 si
1547 2200 1657 2226 omnino
1680 2200 1749 2226 Itane

969 2243 1100 2271 adbibere
1115 2243 1221 2271 volebat
1235 2244 1438 2272 similitudinem
1450 2264 1457 2277 ,
1481 2250 1583 2280 quanto
1598 2245 1698 2272 rectius
1715 2245 1749 2276 is.

971 2289 1003 2315 ad
1030 2289 1102 2316 hunc
1125 2290 1232 2317 modutn
1256 2290 1420 2324 protulisset,
1436 2295 1465 2317 ut
1485 2291 1595 2322 diceret,
1615 2293 1644 2322 ὦ
1664 2291 1748 2317 nostri

970 2334 1022 2369 logi
1037 2340 1175 2369 parentem
1191 2342 1250 2362 esse
1272 2340 1407 2367 mentem,
1422 2343 1480 2370 quae
1502 2335 1635 2362 diversum
1651 2335 1714 2370 quid
1732 2343 1749 2362 a

970 2380 1029 2414 lngo
1043 2380 1158 2407 exsistit.
1173 2379 1286 2407 Mentem
1302 2380 1374 2407 enim
1388 2387 1467 2407 nemo
1485 2380 1593 2414 quidem
1612 2380 1747 2408 hominum

970 2427 1045 2454 novit
1068 2435 1128 2460 qua:
1147 2426 1197 2459 sit,
1220 2426 1326 2460 qualive
1352 2427 1462 2460 prrdita
1485 2426 1520 2453 sit
1545 2427 1680 2454 essentia:
1702 2427 1747 2454 sed

971 2472 1052 2500 veluti
1068 2472 1177 2506 quidam
1194 2479 1251 2504 rex,
1262 2471 1331 2498 intus
1348 2476 1374 2498 et
1389 2471 1414 2498 in
1432 2471 1543 2498 secretis
1557 2471 1612 2498 suis
1628 2477 1749 2513 recepta-

970 2519 1038 2546 culis
1060 2518 1192 2551 residens,
1209 2517 1241 2544 de
1265 2517 1343 2545 rebus
1356 2517 1466 2552 agendis
1490 2517 1603 2551 despicit
1621 2523 1647 2544 et
1663 2517 1750 2543 deler-

970 2563 1074 2590 minat:
1101 2562 1183 2597 ipsius
1203 2567 1290 2588 autem
1309 2561 1399 2596 logos,
1413 2569 1446 2589 ex
1470 2568 1503 2589 eo
1522 2561 1669 2596 procedens
1691 2566 1750 2587 tau-

966 2615 1047 2644 quam
1064 2615 1079 2635 a
1095 2608 1218 2643 genitore
1238 2608 1411 2643 progenitus,
1429 2607 1456 2635 in
1477 2607 1654 2636 abditissimis
1670 2614 1752 2634 uene-

1011 2799 1075 2835 lﬁi')
1090 2798 1172 2834 Vulgo
1187 2806 1241 2826 om.
1251 2799 1312 2834 γάρ.

1576 2873 1616 2904 30
