2032 3211
279 283 331 311 9·ιῖ

611 283 745 312 EUSEBII
762 283 1000 312 CIESAIIIENSIS
1021 283 1095 312 OPP.

1116 284 1204 311 PARS
1223 283 1267 310 IV.
1284 299 1318 304 -—
1336 282 1542 312 DOG‘MATICA.
1844 286 1896 315 948

280 343 376 375 quiens
392 342 435 378 [IL
455 343 546 378 LXIX]
570 364 577 370 .
603 351 612 368 1
629 343 767 375 Quomodo
782 343 862 377 igitur
873 343 1004 370 sacerille
1014 342 1056 370 Jc-

1114 353 1122 368 1
1138 341 1184 369 οὗν
1200 344 1214 369 ὁ
1238 342 1310 377 ἱερὸς
1326 343 1466 378 προφήτης
1497 341 1629 377 Ἱερεμίας
1646 342 1700 377 (87)
1716 343 1746 369 οὐ
1772 343 1896 379 φανερῶς

282 398 292 413 1
314 390 409 415 remias
420 388 549 424 [Baruch]
564 394 638 416 vates
650 398 702 417 non
722 395 814 423 aperte
827 391 973 417 conviceril
985 390 1058 416 illum

281 448 289 459 1
311 436 432 462 docuisse
446 436 590 470 perversa?
607 435 674 462 Nam
692 437 724 462 de
737 436 882 464 Servatore
899 436 1060 464 vaticinatus

280 490 289 503 ι
310 480 352 507 ille
376 481 411 507 ita
432 481 540 515 inquit:
558 481 611 508 lue
636 487 674 508 eu
697 482 788 514 Deus,
816 491 867 509 non
898 483 1061 517 reputabitur

279 535 288 549 1
311 525 379 551 alius
392 525 426 551 ad
436 533 503 556 eum.
524 526 568 559 qui
583 526 679 553 inuenit
693 535 793 553 omnem
814 527 880 553 uiam
894 527 1059 561 cognitionis,

280 583 288 594 ι
311 575 335 596 et
357 570 466 596 tradidit
486 579 544 597 eam
557 570 640 598 Iacob
660 580 740 606 puero
753 581 810 605 suo,
829 577 853 599 et
869 572 953 599 Israel
965 573 1060 600 dilecto

280 626 288 639 1
311 624 357 642 suo
370 623 379 642 :
393 621 449 650 post
469 616 524 643 huic
539 625 620 650 super
642 623 726 644 terra:
739 619 808 645 visus
823 624 871 650 est,
889 624 912 644 et
933 627 991 646 cum
1012 620 1059 646 ho-

279 669 289 684 1
307 661 419 687 minibul
429 668 595 688 conuersatus
606 662 639 689 ".
657 671 666 688 ›
682 661 780 690 Iterum
795 663 875 690 infert
891 663 935 699 [IL
956 663 987 695 L,
997 664 1058 690 coll.

277 714 304 740 ι».
318 705 378 741 116]
395 715 401 733 :
418 715 428 731 1
439 706 491 734 Sed
517 707 623 735 videtur
637 707 663 734 in
674 707 761 734 Verbo
776 708 856 736 Pater
871 716 930 735 esse
945 717 951 735 :
966 714 1060 735 utcun-

279 760 289 775 1
308 759 361 786 que
385 752 437 779 hoc
460 752 568 779 Asterio
592 761 644 780 non
668 753 708 780 sic
736 754 851 788 placeat,
881 761 931 781 nec
956 755 989 781 iis
1013 754 1058 789 qui

279 806 288 821 1
306 797 400 823 eadem
420 804 480 823 cum
496 796 540 825 illo
557 798 685 825 sentiunt.
702 799 748 825 Sic
763 798 834 825 enim
850 798 940 825 divino
955 799 990 825 illi
1006 799 1059 826 vati

279 852 287 867 1
312 842 386 869 Isaia:
419 842 541 886 videon,
580 844 625 877 qui
652 844 759 871 loculus
785 849 826 871 est
854 852 901 879 per
929 844 1058 878 Spiritum

279 896 289 911 1
309 892 440 917 sanctum.
450 886 484 913 Et
493 889 638 915 adorabunt
647 888 705 921 tibi,
717 889 847 920 >11etinte
857 890 977 920 orabunt,
991 890 1059 924 quod

279 941 288 956 1
307 933 333 957 in
346 938 370 958 le
383 933 416 959 sit
429 932 498 959 Deus
510 937 533 959 et
547 941 597 960 non
613 938 650 960 est
666 933 735 961 alius
754 939 847 968 prwter
858 939 891 962 te.
913 933 951 960 Tu
965 934 1059 961 etenim

278 987 287 1002 1
307 976 374 1004 Deus
387 985 413 1004 es
426 978 459 1004 ’⁸.
474 987 483 1003 ι
501 977 583 1005 Vides
597 983 626 1005 ut
651 983 756 1005 evertat
776 979 906 1006 radicitus
927 980 1057 1007 artilicio-

274 1030 332 1049 sum
351 1023 510 1056 pravitatem
525 1023 611 1050 aliena
625 1025 776 1051 docentium
788 1024 799 1051 ?
812 1024 845 1051 Et
858 1024 989 1052 subinfcrt
1003 1025 1052 1051 ile-
1068 1024 1088 1050 Il

275 1075 332 1094 rum
348 1068 393 1104 [IL
408 1068 537 1105 LXVII]:
556 1080 566 1095 1
591 1071 668 1103 Quod
687 1071 710 1098 si
730 1070 813 1103 lubet,
837 1076 865 1098 et
881 1071 968 1098 adhuc
988 1071 1055 1098 alias

277 1122 287 1138 1
307 1113 426 1147 ejusdem
451 1114 545 1142 audire
562 1115 735 1149 prophetias,
753 1117 851 1151 quibus
871 1124 953 1143 unum
979 1116 1056 1144 nobis

277 1167 286 1182 1
305 1158 552 1192 1-onlirniatDeum,
572 1159 641 1194 Ego,
657 1161 753 1195 inquit,
772 1161 840 1189 Deus
862 1163 973 1196 primus,
990 1168 1011 1189 et
1030 1163 1055 1188 iu

277 1213 287 1228 1
309 1203 396 1236 futura
415 1212 460 1240 ego
475 1212 533 1231 sum
547 1205 578 1231 ".
604 1205 679 1238 Illud,
695 1205 762 1241 Ego,
779 1215 858 1234 unum
872 1207 946 1234 nobis
962 1215 1055 1242 perso-

277 1258 286 1273 1
308 1256 368 1276 nam
383 1249 512 1278 declarat.
536 1250 599 1277 Duae
620 1251 720 1278 etenim
740 1251 871 1279 dictiones
884 1253 987 1279 unicam
1006 1260 1055 1279 no-

278 1306 286 1320 1
306 1297 347 1324 bis
362 1297 503 1331 designant
525 1305 678 1332 personam.
700 1298 766 1325 Nam
789 1307 849 1326 cum
866 1299 970 1326 dixerat
987 1299 1054 1334 Ego,

277 1350 286 1366 1
306 1340 385 1367 infert
397 1347 423 1369 et
436 1349 504 1374 sum,
519 1347 547 1369 ut
561 1343 598 1370 ita
613 1351 660 1377 per
675 1344 724 1370 has
735 1344 801 1371 duas
814 1344 942 1371 orationis
954 1351 1053 1379 partes,

277 1397 286 1412 1
309 1395 454 1422 pronomen
467 1393 547 1422 atque
565 1389 685 1422 verbum,
702 1390 831 1417 unitatem
848 1390 956 1417 deitatis
970 1396 1055 1418 testa-

277 1442 286 1457 1
308 1439 362 1460 tam
379 1433 481 1460 reddat.
499 1433 575 1466 Quod
587 1434 608 1461 si
623 1434 676 1461 alia
696 1435 784 1462 adhuc
802 1435 865 1462 velit
883 1435 1034 1463 testimonia
1045 1457 1054 1471 ,

277 1487 286 1502 1
307 1477 430 1504 eumdem
449 1478 607 1512 prophetam
638 1479 688 1513 ipsi
714 1479 783 1506 idem
803 1479 992 1508 testiﬁcantem
1009 1482 1055 1509 ad-

278 1533 286 1548 1
310 1524 360 1551 huc
387 1523 545 1552 exhibebo:
564 1524 618 1560 Ego
636 1527 735 1560 primus
758 1531 781 1553 et
804 1535 849 1562 ego
873 1527 1005 1562 deincws,
1030 1533 1056 1555 et

278 1579 286 1594 1
305 1575 400 1603 prwter
415 1577 455 1596 me
478 1578 529 1597 non
555 1576 592 1598 eu
608 1570 675 1598 Deus
686 1571 719 1598 ³⁸.
742 1571 817 1605 Quod
840 1573 861 1600 si
878 1573 991 1601 divisum
1009 1574 1053 1602 Dei

276 1623 286 1638 1
307 1613 402 1641 Filium
420 1622 435 1641 a
456 1614 546 1642 Patris
567 1616 607 1643 sui
627 1616 775 1644 substantia
795 1617 858 1645 velit
870 1619 1007 1652 Asterius,
1027 1625 1055 1648 ut

277 1670 286 1684 1
309 1660 390 1688 Filius
406 1661 524 1688 hominis
536 1662 664 1689 dividitur
680 1670 697 1690 a
712 1671 803 1696 carne,
828 1671 908 1698 quam
938 1665 1055 1700 suscepit

277 1715 287 1732 1
305 1711 414 1741 propter
440 1715 489 1734 nos
513 1708 669 1735 scandalum
690 1709 753 1736 hinc
778 1716 886 1743 passus,
913 1700 1089 1738 ostenderec

276 1761 285 1777 1
306 1752 381 1780 nobis
395 1753 473 1780 debet
492 1753 551 1792 quis
568 1754 611 1781 ille
633 1754 669 1781 sit
695 1755 740 1788 qui
756 1755 807 1781 hoc
828 1754 952 1784 allirtnat.
975 1755 1054 1784 Certe

277 1808 286 1822 1
307 1798 389 1826 dictio
404 1798 447 1825 illa
462 1800 548 1834 posita
560 1800 642 1827 etiam
656 1800 699 1828 hic
711 1801 789 1828 unius
803 1808 923 1834 personae
934 1807 975 1830 est
987 1803 1055 1829 iudi-

277 1850 285 1867 1
307 1841 404 1869 nativa.
431 1842 495 1876 Quis
510 1848 598 1871 autem
614 1849 655 1871 est
679 1844 723 1872 ille
744 1853 835 1879 quaeso
859 1847 903 1881 qui
923 1847 1052 1881 loquitur,

278 1898 286 1912 1
310 1887 411 1916 Prwter
426 1897 466 1916 me
474 1897 526 1916 non
538 1896 574 1917 εει
587 1890 677 1918 Deus?
690 1891 790 1919 Audiat
801 1893 882 1920 alium
895 1894 1052 1927 prophetam

277 1944 286 1958 1
312 1933 355 1967 qui
379 1935 420 1961 sic
444 1934 572 1968 quttitur,
602 1934 704 1964 Prwler
721 1945 829 1964 menon
850 1943 886 1965 eu
904 1938 1005 1972 justus,
1028 1944 1053 1965 at

277 1987 286 2003 1
309 1980 433 2006 Senator
445 1980 478 2007 ’9.
497 1979 524 2007 Si
539 1980 606 2008 duos
621 1981 685 2009 deos
701 1983 848 2010 arbitretur
859 1991 928 2016 esse,
943 1992 1053 2012 necesse

277 2033 289 2048 ι
307 2030 349 2050 νει
360 2024 517 2051 alterutrum
537 2030 565 2052 ut
583 2032 711 2060 agnoscat
724 2035 812 2062 neque
826 2029 908 2056 Deum
924 2037 974 2057 nec
989 2029 1051 2057 Ser—

277 2080 285 2092 1
310 2074 437 2096 morem.
463 2069 510 2096 Sin
536 2078 621 2104 neque
643 2071 731 2106 justus
748 2073 794 2105 sit,
811 2081 897 2108 neque
914 2074 1051 2108 Servator,

278 2123 287 2139 1
309 2122 361 2148 quo
375 2116 480 2142 tandem
502 2121 580 2149 pacto
601 2122 689 2151 potest
715 2125 774 2145 esse
801 2118 890 2146 Deus?
903 2118 993 2147 Unum
1013 2125 1053 2148 et-

277 2170 286 2183 d
305 2159 376 2186 cnim
390 2159 447 2186 vult
458 2158 558 2192 justum
572 2167 632 2188 esse
644 2165 671 2187 et
686 2161 868 2188 Servatorem.
889 2161 922 2188 Et
937 2163 1052 2191 iterum:

277 2214 285 2230 1
309 2205 374 2232 Ante
389 2213 440 2237 me,
456 2205 551 2240 inquit,
571 2213 622 2233 non
639 2210 696 2232 erat
718 2208 798 2238 alius,
817 2212 840 2234 et
864 2213 921 2242 post
941 2216 981 2235 me
1001 2216 1053 2235 non

276 2259 290 2275 ι
305 2251 365 2277 erit.
385 2249 442 2285 Ego
457 2250 526 2277 Deus
549 2256 572 2277 et
585 2251 649 2277 'nou
671 2256 709 2277 est
734 2251 804 2278 ultra
823 2260 862 2278 me
882 2252 1005 2280 Servatur
1019 2253 1052 2280 ³⁸.

277 2306 287 2322 1
309 2297 384 2330 Quod
399 2297 421 2324 si
437 2296 550 2324 alterius
561 2297 727 2332 prophetica:
742 2297 869 2324 dictionis
890 2298 1005 2332 cupidus
1018 2299 1053 2326 sit

276 2352 286 2368 1
308 2343 459 2374 audienda.
480 2342 552 2370 forte
565 2345 598 2370 de
609 2349 638 2370 se
649 2342 749 2370 dictum
771 2342 803 2370 ab
821 2341 897 2373 Isaia,
908 2348 936 2370 et.
953 2343 993 2370 sui
1017 2343 1053 2371 si-

275 2399 285 2414 1
306 2389 426 2416 millimis
451 2389 496 2424 qui
515 2389 590 2424 paria
610 2389 728 2416 sentiant
755 2389 788 2416 de
806 2388 916 2421 deitate.
943 2390 1052 2417 audiat:

276 2443 285 2458 1
306 2433 458 2468 Resipiecite
474 2434 520 2468 qui
538 2433 642 2466 erratis,
658 2433 840 2460 convertimini
847 2434 926 2460 corde
941 2439 964 2460 et
978 2435 1055 2461 remi-

275 2489 284 2504 1
303 2480 438 2507 niseemini
459 2479 561 2513 priora,
576 2479 608 2506 ab
623 2479 693 2506 omni
716 2478 825 2512 Iaculo,
850 2481 919 2514 quod
943 2487 989 2514 ego
1010 2479 1054 2507 ille

275 2534 284 2549 1
307 2524 388 2558 Deus,
402 2530 426 2552 et
439 2533 491 2552 non
501 2529 540 2552 est
550 2529 646 2560 prater
660 2533 699 2552 me
713 2525 745 2551 ".
755 2524 813 2552 Non
824 2525 955 2560 dixit,ego
971 2526 1052 2558 Deus,

277 2579 284 2593 ι
306 2571 352 2598 sed
362 2576 391 2598 ut
407 2571 499 2598 addito
512 2571 638 2604 articulo,
661 2570 718 2604 ille,
739 2579 821 2598 unum
838 2571 921 2598 Deum
939 2572 1054 2600 manife-

275 2625 284 2641 1
305 2621 399 2644 staret.
418 2616 488 2650 Quid
514 2621 603 2644 autem
627 2622 655 2644 et
668 2617 737 2645 Osee
753 2617 903 2653 propheta?
923 2625 1012 2646 nonne
1025 2622 1052 2645 et

1071 2376 1092 2403 D

1113 398 1121 413 1
1142 388 1220 415 αὐτὸν
1236 387 1524 423 ὲτεροδιδασκαλοῦντα
1547 387 1666 421 ἑλέγξει;
1694 387 1734 414 Τὰ
1751 388 1806 424 γὰρ
1825 390 1896 416 κατὰ

1113 444 1122 459 1
1141 434 1185 460 τὸν
1200 433 1314 468 Σωτῆρα
1329 433 1407 469 ἡμῶν
1421 432 1608 468 προφητεύων,
1627 432 1711 465 οὕτως
1725 434 1785 470 ἔφη·
1802 433 1895 468 Οὗτος

1112 489 1121 504 ‹
1139 481 1155 506 ό
1172 478 1243 511 Θεὸς
1255 478 1349 512 ἡμῶν·
1364 479 1399 506 οὺ
1413 478 1626 513 λογισθήσεται
1644 478 1742 512 ἕτερος
1757 479 1833 513 πρὸς
1844 481 1897 506 αὑ-

1112 536 1120 549 ‹
1138 525 1198 551 τόν.
1219 524 1335 558 Ἐξεῦρε
1344 523 1449 550 πᾶσαν
1458 523 1530 550 ὁδὸν
1540 523 1718 558 ἐπιστήμης,
1727 524 1774 552 καὶ
1786 524 1896 551 ἔδωκεν

1113 581 1121 596 1
1144 569 1242 596 Ἰακὼϐ
1252 569 1292 602 τῷ
1304 569 1385 595 παιδὶ
1405 569 1508 601 αὐτοῦ,
1527 568 1576 595 καὶ
1596 569 1713 603 Ἰσραὴλ
1727 569 1766 602 τῷ
1779 569 1896 604 ἠγαπη-

1112 625 1121 640 1
1131 615 1213 649 μένῳ
1226 615 1277 642 ὐπ’
1293 615 1396 642 αὐτοῦ.
1416 615 1494 642 Μετὰ
1511 615 1604 641 ταῦτα
1632 614 1687 650 (88)
1703 615 1751 641 ἐπὶ
1773 614 1829 649 τῆς
1840 616 1895 650 γῆς

1113 668 1121 683 1
1137 659 1229 693 ὤφθη,
1244 659 1292 685 καὶ
1305 658 1366 690 τοῖς
1377 659 1542 692 ἀνθρώποις
1554 658 1798 693 συνανεστράφη.
1816 669 1826 685 ι
1841 660 1896 687 Καὶ

1110 705 1189 731 πάλιν
1204 705 1360 741 προστίθησι
1377 705 1473 739 λέγων·
1494 714 1503 730 1
1527 705 1595 731 Ἀλλ’
1607 705 1693 732 ἔοικεν
1710 706 1739 732 ὲν
1758 705 1797 741 τῷ
1816 707 1893 742 Λόγῳ

1113 760 1124 775 1-
1142 751 1156 776 ὁ
1173 751 1267 786 Πατὴρ
1281 748 1359 781 εἶναι,
1375 749 1425 776 κᾶν
1447 750 1577 786 Ἀστερίῳ
1592 751 1628 786 μὴ
1645 750 1720 786 δοκῇ,
1736 752 1851 783 καὶτοῖς
1862 752 1898 779 τά

1113 806 1120 820 1
1138 795 1206 822 αὐτὰ
1218 795 1315 829 ἐκείνῳ
1330 794 1467 829 φρονοῦσι.
1485 796 1565 822 Δοκεῖ
1577 795 1633 830 γὰρ
1647 795 1725 822 τοῦτο
1745 796 1783 830 τῷ
1798 796 1895 823 θεσπε-

1112 850 1120 865 ‹
1140 840 1189 875 σίῳ
1203 840 1329 876 προφήτῃ
1343 840 1450 875 Ἡσαΐᾳ,
1464 839 1502 875 τῷ
1511 840 1545 866 δι’
1563 832 1639 875 ἁγίου
1653 841 1755 875 λέγοντι
1772 842 1897 876 Πνεῦμα-

1111 896 1119 911 1
1140 894 1194 917 τος,
1221 885 1275 912 Kal
1292 885 1542 919 προσκυνήσουσι
1565 886 1620 921 (89)
1643 895 1701 919 σοι,
1719 887 1769 914 καὶ
1795 887 1830 914 ἐν
1845 888 1893 914 σοι

1112 941 1120 956 1
1138 931 1366 965 προσεύξονται,
1386 931 1430 957 ὅτι
1445 931 1480 958 ἐν
1493 932 1542 958 σοὶ
1558 933 1574 958 ό
1595 932 1666 964 Θεός
1687 932 1763 964 ἐστι,
1775 933 1823 959 καὶ
1840 934 1895 960 οὐκ

1112 987 1121 1001 ι
1137 978 1222 1004 ἔστιν
1233 977 1326 1010 ἄλλος
1333 977 1416 1011 πλὴν
1429 977 1498 1004 σοῦ.
1515 977 1557 1004 Σὺ
1570 978 1625 1012 γὰρ
1635 976 1664 1005 εἷ
1677 980 1693 1005 ὀ
1710 979 1781 1011 Θεός
1799 979 1865 1014 (90).
1882 989 1892 1005 ι

1110 1023 1190 1058 Ὁρᾷς
1204 1023 1277 1054 ὅπως
1302 1023 1447 1058 πρόρριζον
1468 1023 1613 1058 ἀνατρέπει
1639 1024 1688 1058 τὴν
1712 1024 1895 1059 τῶννὲτεροδι-

1107 1068 1309 1095 δασκαλούψτων
1318 1069 1437 1103 ἔντεχνον
1455 1069 1635 1104 κακουργίανς
1662 1069 1717 1096 Καὶ
1743 1067 1820 1101 αὖθις
1834 1071 1895 1096 ὲπι-

1106 1114 1190 1148 λέγει’
1211 1123 1221 1138 1
1240 1114 1271 1140 EI
1298 1113 1326 1140 δὲ
1353 1114 1399 1140 καὶ
1420 1114 1508 1149 βούλει
1531 1114 1577 1140 καὶ
1601 1114 1696 1150 ἑτέρας
1720 1114 1894 1142 ἀκοῦσαιτώ

1111 1169 1119 1184 1
1134 1159 1214 1185 αὐτοῦ
1236 1160 1401 1195 προφητείας
1413 1160 1463 1187 ἕνα
1480 1161 1546 1195 ἡμῖν
1566 1160 1631 1186 Θεὸν
1647 1159 1815 1196 βεϐαιούσης·
1825 1160 1895 1195 Ἐγὼ

1111 1215 1119 1231 1
1139 1205 1219 1238 Θεὸς,
1237 1205 1314 1241 φησὶ,
1327 1205 1451 1240 πρῶτος·
1470 1206 1518 1232 καὶ
1535 1208 1578 1238 εἰς
1597 1206 1633 1233 τὰ
1643 1206 1827 1241 ἐπερχόμενα
1838 1206 1895 1241 ἐγώ

1111 1261 1119 1276 1
1137 1253 1203 1285 εΙμι.
1225 1251 1261 1277 Τὸ
1276 1250 1330 1286 γὰρ
1349 1251 1406 1285 ἐγὼ
1426 1251 1484 1283 ἐνὸς
1504 1251 1648 1288 προσώπου
1659 1252 1791 1278 δεικτικὸν
1808 1252 1893 1278 ἐστιν’

1111 1306 1119 1320 1
1140 1295 1230 1330 αἱγὰρ
1242 1295 1289 1322 δύο
1302 1296 1395 1331 ῥήσεις
1418 1296 1447 1322 ἒν
1467 1297 1531 1332 ἡμῖν
1543 1297 1686 1332 πρόσωπον
1706 1297 1893 1332 σημαίνουσιν.

1110 1350 1119 1366 1
1144 1341 1213 1376 Ἐγὼ
1225 1341 1278 1376 γὰρ
1290 1341 1385 1374 ειπὼν,
1400 1342 1551 1376 ὲπάγεικαὶ
1562 1343 1602 1374 τὸ,
1615 1343 1685 1378 εἰμὶ,
1701 1343 1771 1370 ὥστε
1784 1343 1829 1370 διὰ
1840 1343 1893 1370 τῶν

1110 1396 1118 1411 1
1141 1386 1187 1413 δύο
1203 1386 1250 1412 τοῦ
1265 1386 1344 1420 λόγου
1361 1387 1463 1422 μερῶν,
1475 1388 1646 1423 ἁντωνυμίας
1659 1397 1689 1415 τε
1699 1390 1745 1415 καὶ
1761 1390 1893 1424 ῥήματος,

1110 1442 1118 1458 1
1138 1432 1186 1467 τὴν
1198 1432 1248 1466 τῆς
1261 1431 1386 1467 θεότητος
1397 1433 1593 1469 μαρτυρεῖσθαι
1604 1434 1713 1469 μονάδα.
1725 1435 1756 1461 Εἰ
1769 1435 1797 1460 δὲ
1808 1435 1894 1461 δέοιτο

1110 1487 1119 1504 1
1140 1478 1186 1504 καὶ
1203 1478 1297 1514 ἐτέρας
1314 1479 1476 1514 μαρτυρίας,
1494 1477 1571 1511 αὖθις
1585 1480 1630 1506 τδν
1640 1480 1721 1507 αὐτὸν
1732 1481 1806 1516 αὐτῷ
1821 1490 1891 1516 παρ-

1110 1533 1119 1549 1
1137 1523 1231 1559 έξομαι
1247 1525 1388 1560 προφήτην
1403 1525 1526 1559 λέγοντα,
1549 1525 1619 1560 Ἐγὼ
1629 1525 1754 1560 πρῶτος,
1771 1527 1820 1552 καὶ
1836 1527 1892 1562 ἐγὼ

1110 1579 1119 1595 1
1134 1570 1208 1604 μετὰ
1223 1569 1326 1602 ταῦτα,
1345 1570 1393 1597 καὶ
1412 1571 1495 1605 πλὴν
1512 1571 1584 1605 ἐμοῦ
1606 1573 1661 1599 οὐκ
1675 1572 1741 1599 ἐστι
1760 1573 1842 1605 Θεός.
1861 1573 1892 1599 Εἰ

1111 1626 1119 1641 1
1138 1616 1284 1643 ὑποστάσει
1298 1616 1462 1652 διῃρημένον
1472 1617 1517 1644 τὸν
1532 1617 1595 1644 Υἱὸν
1608 1617 1654 1644 τοῦ
1670 1618 1774 1653 Πατρὸς
1786 1619 1824 1650 ὡς
1836 1619 1892 1645 υἱὸν

1110 1671 1120 1687 1
1138 1661 1281 1698 ἀνθρώπου
1300 1662 1436 1697 Ἀστέριος
1444 1659 1513 1688 εἶναι
1525 1662 1619 1694 οἴεται,
1633 1663 1687 1689 ἀπὸ
1694 1663 1745 1698 τῆς
1756 1663 1805 1689 ἀνθ
1810 1664 1892 1699 ρωπί-

1110 1716 1119 1732 1
1139 1716 1188 1743 νης
1205 1707 1314 1743 σαρκὸς,
1325 1706 1358 1742 ῆν
1369 1707 1403 1734 δι’
1416 1708 1489 1742 ἡμᾶς
1505 1707 1628 1739 ἀνέλαϐε,
1641 1708 1891 1745 σκανδαλιζόμενος,

1110 1761 1119 1777 1
1137 1751 1267 1779 δεικνύτω
1287 1753 1354 1787 ἡμῖν
1375 1751 1420 1778 τὸν
1441 1752 1526 1778 ταῦτα
1550 1752 1672 1787 λέγοντα·
1687 1753 1745 1786 ἐνὸς
1757 1754 1811 1790 γάρ
1823 1756 1891 1786 ἐστι,

1110 1807 1119 1822 1
1139 1797 1286 1828 κάνταῦθα,
1313 1797 1458 1833 προσώπου
1483 1798 1499 1833 ὴ
1519 1798 1651 1833 λεγομένη
1673 1800 1760 1834 ῥῆσις.
1782 1799 1831 1830 Τίς
1847 1797 1892 1825 οὖν

1110 1853 1118 1867 1
1139 1843 1212 1869 ἐστιν
1225 1843 1240 1868 ὁ
1254 1842 1350 1877 λέγων,
1362 1844 1423 1870 οὐκ
1436 1843 1502 1870 ἐστι
1512 1845 1595 1879 πλὴν
1603 1844 1677 1879 ἐμοῦ
1687 1845 1890 1878 Θεός;Ἀκουέ-

1110 1897 1118 1912 1
1137 1897 1175 1914 τω
1185 1888 1213 1916 δὲ
1227 1889 1274 1915 καὶ
1287 1888 1384 1924 ἑτέρας
1402 1890 1570 1925 προφητείας
1590 1889 1732 1924 λεγούσης,
1753 1891 1813 1917 Οὐκ
1827 1891 1891 1917 ἐστι

1109 1942 1118 1958 ‹
1137 1932 1220 1966 πλὴν
1232 1932 1306 1968 ἐμοῦ
1319 1932 1433 1966 δίκαιος
1447 1933 1496 1960 καὶ
1509 1934 1618 1968 Σωτήρ.
1632 1935 1662 1960 El
1671 1934 1718 1961 δύο
1737 1933 1814 1966 θεοὺς
1822 1932 1891 1962 εἶναι

1109 1990 1117 2003 ι
1136 1978 1249 2014 νομίζοι,
1266 1978 1371 2014 ἀνάγκη
1389 1979 1468 2005 αὑτὸν
1483 1979 1528 2005 τὸν
1545 1979 1636 2014 ἕτερον
1658 1979 1695 2014 μὴ
1709 1979 1812 2006 δίκαιον
1825 1981 1889 2015 ὁμο-

1109 2034 1118 2048 1
1133 2024 1220 2058 λογείν
1236 2022 1304 2051 εἶναι
1320 2024 1386 2060 μηδὲ
1411 2025 1522 2059 Σωτῆρα
1552 2024 1619 2060 (91).
1637 2025 1669 2051 El
1691 2025 1720 2051 δὲ
1732 2026 1762 2051 οὐ
1775 2025 1890 2059 δίκαιος,

1109 2081 1116 2094 1
1138 2069 1197 2096 οὐδὲ
1210 2069 1312 2105 Σωτὴρ,
1330 2069 1389 2101 πῶς
1415 2069 1454 2096 ἔτι
1471 2069 1527 2105 (92)
1539 2069 1604 2101 Θεὸς
1619 2067 1688 2096 εἶναι
1701 2070 1827 2102 δύναται;
1844 2071 1892 2097 ἕνα

1109 2125 1117 2141 1
1138 2115 1192 2151 γὰρ
1213 2115 1390 2150 ἀποςραίνεται
1413 2115 1516 2142 δίκαιον
1544 2115 1590 2142 καὶ
1608 2116 1721 2151 Σωτῆρα
1738 2115 1817 2142 εἶναι.
1837 2115 1892 2142 Καὶ

1108 2171 1117 2186 1
1134 2159 1220 2193 αὖθις,
1239 2161 1424 2196 Ἐμπροσθέν
1435 2170 1494 2196 μου
1515 2161 1581 2196 (93),
1597 2161 1688 2196 φησὶν,
1704 2162 1759 2188 οὐκ
1774 2161 1891 2196 ἐγένετο

1109 2216 1117 2232 1
1138 2206 1299 2239 ᾶλλος,καὶ
1317 2208 1380 2242 μετ’
1395 2206 1448 2241 ἐμὲ
1463 2208 1518 2233 οὐκ
1539 2207 1635 2234 ἔσται.
1655 2207 1728 2241 Ἐγὼ
1743 2207 1824 2240 Θεὸς,
1843 2206 1892 2233 καὶ

1109 2262 1118 2279 1
1138 2254 1192 2280 οὐκ
1205 2253 1289 2280 ἐσται
1304 2253 1398 2287 παρὲξ
1410 2252 1483 2287 ἐμοῦ
1497 2252 1606 2282 σώζων.
1620 2253 1651 2279 Εἰ
1664 2252 1692 2279 δὲ
1706 2251 1828 2288 βούλεται
1845 2254 1891 2280 καὶ

1108 2307 1117 2323 1
1134 2298 1228 2332 ἑτέρου
1251 2296 1419 2332 προφητιωῦ
1438 2296 1553 2323 ἀκοῦσαι
1567 2296 1658 2332 ῥητοῦ,
1676 2297 1746 2331 τάχα
1761 2305 1812 2324 που
1824 2297 1891 2332 πρὸς

1109 2353 1117 2368 1
1134 2343 1213 2370 αὑτὸν
1227 2343 1275 2370 καὶ
1291 2343 1353 2374 τοὺς
1369 2342 1470 2378 ὁμοίως
1483 2342 1547 2378 περὶ⁴
1561 2341 1686 2377 θεότητος
1701 2342 1776 2377 αὐτῷ
1790 2343 1890 2369 διακει-

1111 2399 1120 2414 1
1142 2390 1238 2423 μένους
1247 2388 1387 2423 λεχθέντος
1405 2387 1470 2422 (94),
1482 2387 1604 2415 ἀκουέτω
1620 2387 1702 2414 αὐτοῦ
1722 2388 1832 2415 Ἡσαΐου
1849 2388 1890 2415 λέ-

1111 2444 1120 2460 1
1140 2442 1243 2469 γοντος,
1261 2434 1482 2467 Μετανοήσατε,
1495 2435 1522 2460 ol
1541 2431 1738 2466 πλανώμενοι,
1756 2433 1890 2468 ἐπιστρέ-

1111 2490 1120 2506 ι
1139 2482 1214 2514 dare
1230 2479 1268 2514 τῇ
1283 2479 1399 2514 καρδίᾳ,
1413 2479 1461 2506 καὶ
1467 2479 1623 2514 μνήσθητε
1635 2479 1670 2506 τὰ
1685 2480 1821 2514 πρότερα,
1832 2479 1889 2507 ἀπὸ

1110 2536 1119 2552 1
1140 2525 1192 2553 τοῦ
1206 2525 1322 2558 αἰῶνος,
1339 2526 1383 2551 ὅτι
1395 2524 1452 2560 ἐγὼ
1463 2526 1479 2552 ό
1502 2525 1583 2558 Θεὸς,
1603 2524 1652 2552 καὶ
1661 2526 1716 2551 οὐκ
1731 2525 1797 2552 ἔστι
1808 2525 1889 2558 πλὴν

1109 2581 1118 2596 1
1133 2571 1216 2606 ἐμοῦ.
1233 2571 1289 2598 Οὐκ
1311 2569 1397 2602 εἶπεν,
1419 2570 1476 2605 ἐγὼ
1495 2570 1576 2602 Θεὸς,
1598 2570 1640 2596 ἵνα
1661 2570 1708 2596 καὶ
1721 2569 1764 2596 διὰ
1779 2570 1830 2605 τῆς
1842 2569 1888 2596 τοῦ

1109 2627 1118 2642 1
1140 2617 1241 2653 ἄρθρου
1255 2616 1422 2652 προσθήκης,
1437 2615 1484 2642 ἕνα
1501 2615 1567 2642 Θεὸν
1578 2615 1641 2643 ὄντα
1654 2615 1747 2650 σαφῶς
1758 2615 1887 2650 ἐπιδείξῃ.

312 2676 340 2704 >11
358 2674 411 2710 Ed.
428 2674 528 2706 Puris.,
541 2675 667 2710 pag.I55.
707 2675 842 2702 "Baruch
858 2675 1004 2708 "1,56-38.
1042 2676 1065 2691 ’⁸
1080 2675 1132 2702 Isa.
1147 2683 1208 2708 ιιν,
1230 2674 1272 2701 I/1.
1311 2674 1333 2690 ³⁷
1351 2674 1415 2702 ibid.
1431 2673 1476 2701 I8.
1515 2674 1538 2690 ⁸⁸
1552 2674 1618 2702 ibid.
1638 2674 1683 2702 2|.
1721 2673 1743 2690 ²⁹
1755 2673 1807 2701 Isa.
1826 2681 1884 2706 ην,

272 2707 317 2736 ει.
354 2709 377 2724 ³⁸
396 2709 457 2736 Osc.
474 2707 590 2742 xum—4:
618 2710 639 2725 ³¹
662 2710 713 2737 lsa.
733 2718 795 2743 XLV,
815 2710 860 2738 22.

308 2778 364 2813 (87)
383 2779 467 2814 Ἱερὸς
494 2781 649 2815 προφήτης
672 2781 818 2815 Ἱερεμίας.
847 2781 934 2809 Locus
959 2786 1009 2814 cst,
1028 2782 1054 2809 in

275 2814 404 2851 propheta
425 2815 541 2847 Baruch,
553 2814 619 2851 cap.
638 2823 676 2851 nr.
689 2815 721 2841 57
732 2814 746 2848 ;⁷
757 2822 862 2851 veteres
871 2817 944 2844 enim
961 2816 1054 2844 Patres

274 2848 372 2881 passim
390 2849 492 2876 Baruch
507 2848 645 2879 ascribunt
663 2850 793 2878 Jeremiue.
810 2850 845 2877 Μ.

310 2882 365 2918 (88)
381 2883 465 2910 Τοῦτο
474 2885 529 2918 ΜΡ.

310 2884 366 2950 (⁸8)
381 2884 465 2910 Τοῦτο
474 2885 529 2918 ΜΡ.

379 2918 594 2956 ῌροσκμνήσῳσι
607 2921 696 2956 vulgo.

311 2953 368 2992 (90)
390 2953 506 2994 Et).
527 2953 558 2994 et
577 2956 593 2994 ὸ
615 2953 696 2994 Silio
721 2956 848 2994 Sequitur
876 2956 1051 2994 inpropheta

273 2989 335 3022 Ini,
350 2995 410 3024 XLV,
425 2989 468 3023 I5,
486 2990 539 3016 Καὶ
560 2990 608 3016 οὐκ
625 2991 744 3027 ᾔδειμεν,
765 2992 779 3017 ὁ
798 2991 862 3023 Θεὸς
879 2989 930 3018 τοῦ
948 2989 1050 3028 Ὶὰμσὶν)

1313 2814 1390 2848 μηδὲ
1402 2813 1663 2850 Σωτῆρατγγῆἀοιι-ιι·
1681 2812 1840 2850 legendum,
1851 2811 1888 2847 μὴ

1108 2847 1252 2893 ξοδίξιαεον,
1270 2847 1336 2884 μηδὲ
1344 2850 1466 2887 Σωτῆρα.
1480 2847 1621 2884 M.[Vulgo
1637 2848 1693 2876 loco
1709 2847 1813 2874 δίκαιον
1834 2848 1887 2882 leg.

1104 2884 1213 2920 δοκεῖν.)

1141 2919 1198 2956 <92)
1214 2919 1298 2956 tutuo
1310 2920 1361 2956 δτι·

1142 2954 1197 2989 (95)
1214 2954 1298 2988 Vulgo
1312 2955 1389 2989 ἐμοῦ.

1143 2988 1197 3026 (ΞΜ)
1217 2988 1300 3024 Vulgo
1314 2989 1416 3024 λεχθέν.
