2032 3211
256 209 306 243 9M

597 207 728 240 EUSEBll
747 209 982 240 CtESARlENSlS
1001 209 1076 240 OPP.
1096 207 1187 240 PARS
1205 210 1248 238 ιν.
1268 227 1302 231 -
1319 206 1523 238 DOGMATICA.

1781 205 1874 239 ,Μ

257 268 404 306 perfectam
431 265 599 304 intelligendi
628 271 800 303 potestatem.
830 268 960 302 Quocirca
987 276 1036 296 nec

1093 275 1165 299 πεως,
1182 269 1210 294 ὲν
1277 266 1326 302 τῆς
1341 266 1518 302 κοσμοποιίας
1533 265 1614 301 λόγῳ,
1629 265 1715 292 καίτοι
1728 262 1784 292 τῶν
1798 266 1866 301 μετὰ

259 318 292 346 de
305 316 421 344 conditis
436 315 537 350 angelis
553 314 616 342 facit
631 314 807 346 mentionem,
825 314 851 341 iu
873 314 915 341 illa
931 321 1037 341 cosmo-

258 363 336 398 ptrite
359 362 461 389 ratione
482 359 658 388 describenda
681 368 688 386 :
717 367 776 386 cum
793 364 882 386 tamen
899 360 1037 394 propheta

257 409 304 436 illo
317 407 480 443 posteriores
494 405 649 440 angelorum
671 405 787 433 fecerint
802 405 975 436 mentionem,
995 406 1036 432 di-

258 455 435 485 vinarumque
449 457 610 487 potestatum
628 456 654 479 et
673 451 815 486 spirituum
829 456 995 482 sanctorum,
1010 455 1041 478 et

259 499 305 526 Dei
331 498 514 526 ministrorum
530 497 773 532 superem-Iastium.
796 497 828 524 de
839 497 936 532 quibus
947 497 1038 524 docuit

257 551 285 572 et
309 545 414 572 locutus
437 548 479 571 est
496 543 599 576 Daniel,
617 542 701 570 Μὶίίὶη
724 543 836 570 millium
852 543 1040 570 ministrabant

258 591 281 617 ei
293 596 316 617 et
333 590 416 617 decies
429 589 524 616 centies
537 593 642 615 centena
655 588 739 614 millia
752 589 870 616 astabant
887 589 910 615 ei
923 588 1037 622 “.Qno-

260 644 317 663 rum
336 642 424 664 tamen
448 635 611 662 mentionem
635 634 743 661 silentio
763 642 873 669 prorsus
889 635 976 662 Moses
998 635 1039 662 in-

259 682 392 713 volvebat.
412 689 472 708 cum
489 686 578 708 tamen
597 680 640 708 ille
657 688 703 708 eos
716 687 768 707 nou
785 680 931 715 ignoraret,
947 686 1039 714 utpote

207 729 214 737 '
259 728 305 763 qui
319 732 441 755 exactam
458 733 547 754 rerum
564 726 682 753 omnium
700 726 880 761 cognitionem
900 727 933 754 ab
949 726 1038 754 alllatu

260 773 344 800 divini
361 773 478 808 Spiritus
492 776 645 806 acceperat.
657 771 714 798 Non
726 777 814 799 tamen
832 772 901 799 inter
913 779 954 799 res
963 779 1040 798 crea-

259 823 302 845 tas
326 817 515 845 memorandas
534 823 627 844 eorum
646 816 771 843 meminit
791 825 805 843 a
835 816 888 843 Deo
916 817 1039 843 cmtdito-

260 872 330 892 rum.
359 863 441 898 Cujus
458 863 495 890 rei
523 870 632 890 causam
647 870 700 890 non
717 862 796 890 aliam
823 863 1018 890 reddiderimus
1030 882 1038 894 .

260 915 339 943 quam
354 906 505 935 Judaeorum
517 907 641 934 duritiem
665 907 764 939 cordis,
778 907 847 942 quod
864 911 891 934 et
904 907 960 941 ipse
974 907 1039 934 Ser-

260 956 337 978 vator
347 951 447 978 docuit.
461 950 513 978 Sed
526 956 553 979 et
574 950 626 977 alia
643 955 769 978 sexcenta
788 951 814 978 in
830 958 920 978 rerum
933 955 1039 978 exstare

260 997 439 1033 universitate.
454 997 542 1024 discas
558 990 605 1032 per
615 996 680 1023 Novi
701 995 869 1024 Testamenti
885 997 1038 1030 lectionem,

262 1050 320 1076 quae
337 1050 467 1077 nusquam
479 1042 505 1069 in
520 1042 631 1077 historia
642 1041 725 1069 Mosis
736 1046 901 1076 comparent.
914 1042 971 1069 Non
985 1049 1040 1070 nte-

263 1087 339 1114 minit
364 1087 562 1122 principatuum
575 1107 583 1119 ,
605 1095 656 1114 non
674 1091 837 1122 potestatum
851 1107 858 1118 ,
878 1095 929 1114 non
946 1087 1038 1114 mundi

261 1133 454 1160 dominantium
468 1153 476 1165 ,
502 1141 555 1160 non
576 1134 717 1168 spirituum
733 1133 880 1167 iniquitatis
891 1154 898 1164 ,
911 1133 1040 1161 adversus

261 1185 328 1212 quos
343 1178 412 1205 lucta
439 1179 515 1206 nobis
536 1179 694 1211 intercedit.
717 1183 746 1206 ιιι
770 1179 875 1206 divinus
896 1179 1040 1214 Apostolus

261 1223 389 1258 loquitur.
413 1223 481 1256 Quid
496 1231 560 1258 ergo
574 1223 657 1250 refert
669 1244 676 1253 ,
694 1224 715 1250 si
739 1231 825 1258 neque
839 1225 908 1258 apud
929 1224 1040 1256 Mosem,

263 1276 312 1295 nec
330 1269 474 1303 prophetas
499 1269 615 1304 reliquos
642 1269 764 1296 invenire
783 1277 923 1304 possemus
943 1270 1039 1297 hormn

264 1315 392 1346 rationes,
409 1323 470 1341 num
497 1315 565 1342 titles
582 1316 710 1349 Apustclo
726 1315 911 1343 detrahenda?
922 1321 968 1343 aut
981 1324 1040 1343 cum

263 1359 414 1385 meminerit
443 1359 487 1386 ille
514 1359 612 1385 hontm'
630 1359 754 1386 ordinum
774 1359 937 1387 excellenter
951 1367 1042 1394 supre-

263 1411 378 1435 morum,
396 1402 440 1430 ubi
456 1402 509 1435 ait,
527 1401 664 1429 Christum
679 1410 693 1428 a
711 1401 814 1428 dextris
829 1401 875 1428 Dei
901 1402 1042 1429 considere

263 1456 343 1482 super
356 1456 463 1475 omnem
480 1448 674 1483 principatum,
689 1453 712 1474 et
727 1452 896 1482 potestatem,
918 1452 946 1475 et
956 1448 1042 1475 virtu—

264 1500 327 1526 tem,
339 1499 366 1520 et
382 1493 601 1527 dominationem,
621 1497 647 1520 et
664 1501 745 1520 omne
759 1501 856 1520 nomen
872 1493 942 1528 quod
955 1494 1042 1520 nomi-

263 1545 353 1570 natur,
370 1539 427 1566 sive
442 1539 467 1565 in
484 1539 535 1566 hoc
550 1537 648 1565 seculo
661 1546 707 1566 seu
724 1538 749 1564 in
773 1538 860 1565 futuro
873 1539 912 1572 '7;
935 1544 961 1566 et
979 1539 1042 1567 alibi

264 1592 323 1610 cum
337 1583 456 1611 nominet
476 1584 546 1610 idem
571 1583 693 1613 thronos.
704 1582 913 1616 dominationes,
929 1587 955 1610 et
970 1583 1043 1616 prin-

262 1629 378 1663 cipatus,
388 1633 414 1655 et
430 1632 589 1662 potestates,
601 1627 644 1654 ubi
665 1627 703 1654 ait
718 1636 725 1654 :
745 1626 777 1653 In
792 1627 848 1661 ipso
860 1628 927 1653 enim
939 1627 1044 1654 condita

262 1678 322 1701 sunt
336 1674 467 1705 uniuersa.
487 1678 540 1699 tam
556 1681 614 1708 qua:
624 1674 654 1711 in
667 1672 737 1699 caelis
752 1678 823 1704 sunt,
833 1681 911 1707 quam
927 1681 985 1707 qum
1000 1681 1045 1699 su-

262 1727 309 1752 per
332 1724 445 1751 terram,
457 1719 568 1746 visibilia
586 1724 609 1746 et
628 1718 780 1751 invisibilia,
800 1719 852 1746 sive
868 1721 956 1745 throni
967 1738 975 1750 ,
994 1721 1045 1745 sire

262 1764 464 1796 dominationes,
480 1772 525 1790 seu
536 1763 709 1798 principatus,
721 1772 767 1790 seu
779 1769 919 1798 potestates
935 1763 967 1790 ⁸⁸.
978 1762 1044 1789 Num

264 1818 315 1837 non
333 1818 383 1845 par
399 1815 441 1837 est
452 1815 480 1837 ut
496 1809 670 1837 admittamus
685 1810 748 1840 ista.
770 1810 875 1837 etiamsi
891 1810 979 1837 Moses
992 1817 1045 1837 non

264 1855 366 1885 iecerit.
383 1863 432 1883 nec
447 1856 641 1890 prophetarum
658 1855 728 1883 ullus
748 1855 828 1883 ullam
844 1856 877 1883 de
899 1856 958 1884 istis
973 1864 1046 1884 men-

265 1901 363 1930 tionem
374 1901 390 1928 ?‘
408 1901 488 1929 Certe
508 1902 577 1928 idem
603 1901 646 1928 hic
671 1901 854 1935 usurpandum
883 1902 960 1929 nobis
983 1908 1045 1935 est,

263 1946 334 1979 quod
351 1945 411 1973 duri
434 1946 539 1973 cervice
561 1950 589 1973 et
615 1945 698 1974 corde
725 1946 905 1973 incircumcisi
923 1952 1003 1981 atque
1023 1947 1046 1974 si

262 1992 374 2018 auribus
396 1992 550 2026 neutiquam
571 1992 629 2019 istis
645 1991 724 2019 lldem
742 1991 937 2024 adhibuissent,
949 1993 1046 2026 quibus

263 2037 325 2064 ideo
342 2036 453 2063 nihil‘de
474 2044 589 2070 superna
602 2037 651 2064 illa
664 2036 817 2064 Jerusalem
838 2039 866 2069 ιζ(
886 2037 967 2064 divini
982 2045 1046 2071 pro-

265 2082 352 2116 phetat
370 2081 524 2108 revelarunt
540 2091 546 2109 :
559 2089 618 2109 cum
632 2082 657 2109 in
673 2082 792 2109 Ecclesia
807 2082 919 2115 Christi,
934 2081 1047 2110 manife-

265 2131 306 2153 ste
329 2127 485 2159 pronuntiat
500 2125 533 2153 de
548 2126 592 2152 illa
618 2125 727 2161 Paulus,
745 2126 893 2153 Jerusalem
918 2134 1047 2162 veroque:

265 2180 369 2199 sanum
383 2177 421 2199 est
443 2172 537 2204 libera,
555 2177 592 2199 est
610 2177 694 2198 mater
713 2178 802 2198 nostra
818 2171 862 2204 ³⁹;
877 2177 904 2199 el
923 2181 930 2199 :
947 2172 1047 2207 Appro-

264 2217 409 2253 pinquastis
422 2218 456 2244 ad
470 2217 534 2245 Sion
547 2223 670 2250 montem,
686 2223 709 2244 et
725 2218 855 2244 civitatem
869 2217 916 2244 Dei
931 2217 981 2244 vivi
1000 2217 1048 2245 Je-

266 2263 379 2291 rusalem
394 2263 531 2296 caelestem,
548 2268 572 2290 et
587 2262 779 2290 multitudinem
793 2263 955 2297 angelorum,
967 2267 1048 2298 et‘pa-
1063 2282 1084 2309 Β

266 2309 381 2343 neggrim
400 2313 422 2335 et
443 2308 588 2335 Ecclesium
612 2307 845 2343 primogenitorum
863 2308 908 2343 qui
925 2308 1047 2343 descripti

267 2360 328 2381 sunt
350 2355 376 2381 in
392 2355 462 2381 calls
471 2354 503 2381 ".
519 2354 567 2388 Hic
582 2361 646 2381 vero
661 2353 739 2381 nobis
756 2353 827 2380 dicat
839 2353 917 2381 velim
935 2353 1047 2382 Marcel-

270 2399 328 2433 lus,
344 2401 365 2427 si
384 2401 417 2428 de
435 2401 547 2427 vetustis
564 2399 712 2434 Scripturis
730 2398 853 2433 proferre
874 2399 952 2427 nobis
965 2400 1050 2435 possit

270 2446 420 2473 doctrinam
444 2447 477 2474 de
493 2447 552 2474 istis
567 2456 573 2473 :
592 2446 633 2473 sin
647 2445 747 2472 nullam
762 2445 882 2473 inveniat
905 2446 1047 2479 rationem,

272 2497 329 2520 tum
351 2497 493 2527 expromat
507 2500 555 2519 cur
581 2497 608 2519 et
622 2492 672 2519 ista
686 2512 693 2524 ,
708 2495 735 2519 et
749 2491 803 2519 alia
830 2498 909 2526 quam
935 2491 1048 2526 plurima

269 2541 313 2569 his
338 2539 478 2574 congenita
498 2539 756 2566 abscondebantura
770 2537 905 2572 prophetis
916 2557 924 2570 ,
941 2538 973 2565 de
990 2538 1049 2572 qui-

267 2588 318 2614 bus
336 2591 426 2613 nostra
453 2585 514 2612 vice
536 2585 618 2612 Deum
645 2585 839 2619 deprecabatur
859 2584 1048 2611 sanctissimus

266 2632 420 2668 Apostolus.
433 2635 462 2658 ut
474 2630 607 2665 possimus
620 2630 835 2665 comprehendere
850 2638 909 2656 cum
927 2630 1047 2657 omnibus

1086 313 1171 340 ταῦτα
1192 313 1246 348 (98)
1267 312 1412 348 προφητῶν
1434 311 1464 339 οὐ
1481 312 1559 347 μόνον
1578 311 1699 346 ἀγγέλων
1714 319 1866 347 μνημονευ-

1087 359 1200 391 σάντων,
1214 358 1281 385 άλλὰ
1305 359 1351 384 καὶ¹
1374 357 1452 384 θείων
1474 357 1624 393 δυνάμεων,
1646 357 1693 383 καὶ
1705 356 1873 392 πνευμάτων

1086 404 1180 439 ἁγίων,
1196 404 1250 431 τῶν
1268 413 1297 431 τε
1312 403 1512 440 ὑπερουρανίων
1527 402 1592 429 Θεοῦ
1608 402 1786 438 λειτουργῶν·
1805 402 1869 437 περὶ

1089 448 1125 478 ὧν
1140 453 1153 478 ό
1167 451 1263 487 Δανιὴλ
1277 450 1409 477 διδάσκων
1425 450 1512 483 ἔλεγε,
1524 449 1621 476 Χίλιαι
1640 447 1772 482 χιλιάδες
1791 447 1869 473 ἐλει-

1087 496 1232 531 τούργουν
1241 496 1330 529 αὐτῷ,
1345 496 1394 523 καὶ
1405 496 1508 531 μυρίαι
1514 493 1657 529 μυριάδες
1665 492 1871 528 ,παρειστήκει-

1088 550 1148 569 σαν
1158 543 1326 577 ἔμπροσθεν
1339 540 1442 568 αὑτοῦ.
1466 539 1544 566 Ἀλλὰ
1562 539 1616 574 γὰρ
1631 539 1732 565 τούτων
1744 539 1872 565 ἁπάντων

1089 586 1179 622 σιωπῇ
1196 587 1336 623 παρέδωκε
1349 587 1410 618 τοὺς
1424 586 1518 620 λόγους
1531 584 1642 621 Μωσῆς,
1658 585 1758 620 καίπερ
1771 584 1822 610 οὐκ
1835 582 1875 609 ὢν

1088 633 1176 660 αὐτῶν
1190 633 1219 660 ὲν
1229 633 1322 668 ἀγνοίᾳ
1331 641 1336 647 ·
1354 633 1460 659 πάντων
1471 632 1499 658 δὲ
1509 631 1556 666 τὴν
1564 631 1662 666 ἀκριϐῆ
1671 631 1771 665 γνῶσιν
1779 638 1873 665 προει-

1088 679 1180 714 ληφὼς
1188 678 1243 713 (99)
1255 678 1292 713 τῷ
1300 678 1363 713 θείῳ
1372 677 1520 713 Πνεύματι.
1533 676 1609 712 Πλὴν
1614 675 1739 711 οὐδαμῶς
1747 675 1836 702 αὐτῶν
1844 675 1873 701 ὲν

1087 726 1120 760 τῇ
1132 723 1338 760 κοσμοποιίᾳὼς
1347 721 1414 761 πρδς
1425 723 1470 750 τοῦ
1483 722 1549 750 Θεοῦ
1564 722 1716 758 γενομένων
1725 721 1874 756 ἐποιήσατο

1090 770 1142 805 μνή
1148 777 1210 805 μην.
1220 770 1274 797 Καὶ
1283 770 1376 796 τούτου
1384 770 1433 805 τὴν
1441 768 1528 797 αἰτίαν
1539 770 1591 796 οὐδ’
1600 768 1695 804 ἑτέραν
1704 768 1774 795 εἴποι
1781 768 1815 794 ἄν
1822 775 1873 798 τις.

1089 814 1105 850 ἥ
1120 815 1169 851 τὴν
1184 815 1398 851 σκληροκαρδίαν
1407 814 1454 841 τοῦ
1466 814 1530 841 λαοῦ
1545 813 1717 849 γεγενῆσθαι.
1727 813 1822 848 ὥσπερ
1830 811 1875 839 οὖν

1090 860 1169 891 αὐτὸς
1179 859 1296 892 ἐδίδαξεν
1309 861 1322 886 ό
1335 859 1439 895 Σωτήρ.
1452 859 1506 886 Καὶ
1516 859 1582 886 ἄλλα
1588 858 1616 886 δὲ
1626 858 1708 894 μυρία
1718 856 1787 884 εἶναι
1802 859 1830 884 ἐν
1842 858 1877 892 τῇ

1090 905 1136 933 τοῦ
1151 906 1250 938 παντὸς
1266 906 1395 932 συστάσει
1401 905 1494 941 μάθοις
1501 905 1534 932 ἂν
1541 906 1574 932 ὲκ
1582 904 1636 931 τῶν
1647 904 1695 939 τῆς
1703 903 1806 938 Καινῆς
1814 904 1876 929 Δια-

1093 951 1178 988 ϐήκης
1189 951 1418 987 ἀναγνωσμάτων,
1430 951 1482 978 οὐδ’
1491 951 1558 982 ὅλως
1573 951 1601 977 ὲν
1616 951 1649 985 τῇ
1663 949 1784 981 Μωσέως
1794 950 1879 984 φερό-

1093 1005 1160 1032 μενα
1166 997 1259 1034 Γραφῇ
1273 996 1320 1033 (1)·
1331 996 1380 1023 οὐκ
1390 993 1435 1023 οὖν
1447 995 1646 1032 ἐμνημόνευσεν
1656 995 1758 1031 ἀρχῶν,
1769 995 1823 1021 οὐδ’
1834 995 1883 1028 ἑξ·-

1091 1043 1199 1074 ουσιῶν,
1211 1043 1269 1069 οὐδὲ
1286 1042 1523 1078 κοσμοκρατόρων,
1541 1042 1601 1069 οὐδὲ
1616 1041 1809 1076 πνευματικῶν
1827 1040 1879 1075 τῆς

1092 1088 1233 1124 πονηρίας,
1248 1088 1314 1125 πρὸς
1325 1089 1342 1115 ἃ
1352 1088 1400 1124 τὴν
1415 1088 1503 1124 πάλην
1518 1087 1582 1123 ἡμῖν
1594 1087 1750 1114 συνεστάναι
1768 1086 1851 1121 φησὶν
1864 1087 1883 1113 δ

1093 1133 1162 1166 θεῖος
1170 1133 1339 1165 Ἀπόστολος.
1348 1133 1380 1159 Τί
1388 1131 1444 1164 οὖν,
1459 1132 1519 1159 ἐπεὶ
1533 1133 1599 1168 μήτε
1610 1131 1684 1168 παρὰ
1693 1133 1798 1163 Μωσεί,
1809 1132 1878 1167 μήτε

1093 1178 1168 1214 παρὰ
1179 1180 1234 1210 τοῖς
1248 1179 1349 1210 λοιποῖς
1363 1178 1513 1214 προφήταις
1527 1177 1617 1212 σαφῶς
1631 1178 1705 1204 ἐστιν
1716 1178 1805 1213 εὑρεῖν
1815 1177 1882 1208 τοὺς

1092 1225 1156 1260 περὶ
1169 1224 1270 1251 τούτων
1285 1224 1390 1259 λόγους,
1401 1223 1564 1259 ἀπιστητέον
1577 1223 1614 1259 (2)
1628 1222 1825 1258 τῷἌποστόλῳ
1836 1231 1844 1255 ;
1861 1221 1878 1257 ἢ

1093 1269 1202 1296 ἐπειδὰν
1218 1268 1265 1296 τοῦ
1282 1269 1336 1296 τῶν
1347 1268 1507 1304 κρειττόνων
1520 1268 1658 1303 τάγματος
1677 1268 1691 1294 ό
1705 1267 1784 1298 αὐτὸς
1798 1267 1881 1293 πάλιν

1094 1314 1251 1351 μνημονεύῃ
1277 1315 1362 1349 λέγων
1388 1314 1433 1341 τὸν
1458 1313 1573 1350 Χριστὸν
1599 1315 1627 1340 ἐν
1647 1313 1721 1349 δεξιᾷ
1741 1313 1788 1340 τοῦ
1811 1310 1879 1339 Θεοῧ

1094 1360 1264 1393 καθέζεσθαι,
1278 1360 1405 1395 ὑπεράνω
1417 1360 1506 1395 πάσης
1519 1360 1614 1395 ἀρχῆς,
1628 1359 1675 1386 καὶ
1687 1358 1820 1391 ἐξουσίας,
1833 1358 1880 1385 καὶ

1093 1405 1242 1440 δυνάμεως,
1258 1405 1304 1431 καὶ
1319 1404 1487 1440 κυριότητος,
1504 1405 1550 1431 καὶ
1565 1403 1663 1435 παντδς
1678 1403 1807 1439 ὀνόματος
1820 1402 1880 1429 ὁντι-

1096 1450 1258 1487 μαζομένου,
1275 1451 1303 1476 οὐ
1318 1450 1397 1485 μόνον
1407 1451 1435 1476 ὲν
1448 1449 1486 1485 τῷ
1502 1449 1579 1476 αἰῶνι
1599 1449 1694 1484 τούτῳ,
1706 1448 1773 1475 ἀλλὰ
1792 1449 1838 1474 καὶ
1850 1448 1879 1473 ὲν

1094 1496 1132 1532 τῷ
1153 1495 1290 1531 μέλλοντι·
1313 1495 1359 1522 καὶ
1381 1493 1468 1527 αὖθις,
1495 1495 1603 1522 ἐπειδὰν
1618 1493 1738 1529 ὀνομάζῃ
1757 1493 1883 1528 θρόνους,

1094 1542 1142 1569 καὶ
1160 1541 1334 1577 κυριότητας,
1359 1541 1406 1567 καὶ
1429 1540 1525 1576 ἀρχὰς,
1556 1540 1602 1566 καὶ
1618 1539 1751 1572 ἐξουσίας,
1776 1538 1878 1571 λέγων·

1101 1587 1148 1613 Ἐν
1160 1586 1240 1619 αὑτῷ
1256 1586 1311 1621 γὰρ
1330 1586 1452 1620 ἐκτίσθη
1470 1585 1506 1612 τὰ
1528 1584 1636 1616 πάντα,
1651 1584 1685 1611 τὰ
1698 1584 1733 1610 ἐν
1750 1583 1812 1616 τοῖς
1828 1583 1881 1609 οὺ-

1090 1632 1195 1667 ρανοῒς
1205 1633 1253 1659 καὶ
1266 1633 1302 1659 τὰ
1317 1633 1365 1659 ἐπὶ
1381 1631 1435 1665 τῆς
1447 1631 1513 1668 γῆς,
1528 1631 1564 1658 τὰ
1574 1631 1666 1665 ὁρατὰ
1679 1630 1728 1657 καὶ
1744 1630 1781 1656 τὰ
1795 1630 1882 1663 ἀόρα-

1094 1686 1139 1710 τα,
1154 1679 1214 1705 stre
1225 1679 1335 1712 θρόνοι,
1353 1677 1412 1704 εἶτε
1431 1677 1613 1712 κυριότητες,
1630 1676 1689 1703 site
1707 1675 1806 1710 ἀρχαὶ,
1821 1675 1881 1702 εἴτε

1093 1724 1240 1756 ἐξουσίαι,
1258 1722 1302 1760 ἆρ’
1314 1724 1345 1750 οὐ
1364 1724 1496 1759 προσήκει
1516 1723 1603 1751 ταῦτα
1622 1721 1821 1758 παραδέχεσθαι
1837 1720 1880 1747 διὰ

1093 1770 1124 1796 τὸ
1146 1770 1213 1805 μήτε
1229 1769 1340 1801 Μωσέα,
1360 1769 1427 1805 μήτε
1441 1769 1504 1800 τοὺς
1524 1769 1634 1801 λοιποὺς
1650 1768 1801 1804 προφήτας,
1818 1767 1882 1802 περὶ

1094 1814 1195 1841 τούτων
1212 1814 1424 1850 προειληφέναις
1445 1814 1461 1851 ἢ
1479 1814 1577 1842 ταύτὸν
1589 1814 1712 1849 καὶπερὶ
1728 1814 1765 1847 (5)
1780 1813 1883 1840 τούτων

1094 1858 1221 1894 ἐροῦμεν,
1244 1858 1282 1890 ὡς
1304 1858 1353 1893 οὐχ
1370 1855 1421 1884 οἷοί
1437 1867 1467 1885 τε
1480 1857 1549 1894 ἦσαν
1564 1859 1626 1890 τοὺς
1639 1858 1703 1894 περὶ
1717 1857 1820 1884 τούτων
1837 1866 1882 1884 πι-

1096 1903 1240 1931 στεύεσθαι
1260 1903 1356 1938 λόγους
1370 1904 1394 1930 oi
1412 1903 1641 1939 σκληροτράχηλοι
1665 1903 1712 1930 καὶ
1726 1903 1882 1938 ἀπερίτμη-

1094 1957 1135 1975 τοι
1149 1949 1181 1983 τῇ
1195 1948 1292 1984 καρδίᾳ
1305 1948 1419 1979 καὶτοῖς
1431 1948 1507 1981 ὠσὶν,
1524 1957 1533 1973 ι
1552 1945 1592 1979 οἷς
1607 1947 1667 1974 οὐδὲ
1683 1947 1746 1983 περὶ
1766 1947 1815 1981 τῆς
1828 1946 1882 1972 ἄνω

1101 1994 1276 2030 Ἰερουσαλὴμ
1291 2004 1301 2020 ι
1320 1994 1502 2021 ἀνεκάλυπτον
1528 1994 1551 2020 οἱ
1571 1993 1617 2019 τοῦ
1636 1992 1704 2020 Θεοῦ
1733 1992 1882 2028 προφῆται,

1098 2038 1192 2076 ὥσπερ
1202 2037 1247 2066 οὖν
1263 2040 1295 2075 τῇ
1313 2039 1460 2074 Ἐκκλησία
1475 2038 1592 2074 Χριστοῦ
1608 2038 1746 2073 διασαφῶν
1758 2039 1806 2064 καὶ
1820 2039 1882 2070 τοὺς

1096 2086 1159 2122 περὶ
1173 2085 1274 2121 ταύτης
1283 2085 1377 2120 λόγους
1389 2087 1403 2112 ό
1414 2085 1518 2116 Παῦλος
1531 2085 1605 2117 ἐϐόα,
1616 2085 1712 2120 λέγων,
1733 2085 1768 2112 'H
1777 2085 1812 2111 δὲ
1822 2085 1885 2111 ἀνω

1102 2132 1298 2167 Ἰερουσαλὴμ
1323 2131 1464 2166 ἐλευθέρα
1489 2131 1583 2163 ἐστὶν,
1609 2131 1675 2165 ἥτις
1697 2131 1763 2158 ἐστὶ
1783 2131 1882 2166 μήτηρ

1096 2176 1192 2211 ἡμῶν·
1217 2176 1273 2209 καὶ,
1285 2176 1532 2210 Προσεληλύθατε
1551 2177 1627 2203 Σιὼν
1647 2176 1716 2211 ὄρει,
1732 2176 1781 2203 καὶ
1795 2177 1884 2203 πόλει

1098 2223 1171 2250 Θεοῦ
1179 2221 1282 2255 ζῶντος
1296 2221 1487 2257 Ἰερουσαλὴμ
1495 2222 1669 2256 ἐπουρανίῳ,
1683 2222 1733 2249 καὶ
1739 2222 1889 2257 μυριάσιν

1096 2268 1232 2304 ansam
1263 2268 1440 2302 πανηγύρει,
1460 2267 1509 2294 καὶ
1538 2267 1750 2303 Ἐκκλησίᾳμ)
1770 2276 1886 2302 πρωτοσ

1097 2315 1192 2341 τόκων
1204 2312 1472 2347 ἀπογεγραμμένων
1483 2313 1518 2339 ἐν
1529 2313 1675 2347 οὐρανοῖς.
1688 2314 1798 2347 Λεγὲτω
1814 2313 1888 2349 πρὸς·

1098 2359 1184 2386 ταῦτα
1197 2358 1365 2394 Μάρκελλος,
1386 2359 1410 2384 εῐ
1427 2355 1482 2389 οἷός
1499 2366 1529 2384 τε
1548 2358 1624 2384 ἐστὶν
1648 2359 1680 2384 ὲκ
1692 2358 1748 2384 τῶν
1761 2358 1883 2384 παλαιῶν

1100 2404 1272 2441 γραμμάτων
1296 2403 1345 2438 τὴν
1366 2403 1467 2429 τούτων
1488 2403 1634 2439 προφέρειν
1654 2403 1832 2430 διδασκαλίαν.
1851 2404 1882 2430 Et

1099 2450 1127 2477 δὲ
1144 2450 1182 2485 (5)
1198 2450 1235 2485 μὴ
1249 2449 1382 2485 εὑρίσκοι,
1408 2448 1456 2485 τὴν
1473 2449 1562 2476 αἰτίαν
1584 2449 1739 2480 ἀποδιδότω,
1750 2449 1783 2476 δι’
1795 2450 1829 2485 ἣν
1843 2457 1883 2475 σε·

1099 2496 1219 2531 σιώπητο
1229 2496 1285 2526 τοῖς
1297 2495 1343 2521 τοῦ
1355 2493 1429 2522 Θεοῦ-
1439 2496 1590 2530 προφήταις
1599 2495 1684 2521 ταῦτά
1695 2503 1725 2521 τε
1735 2494 1823 2521 πάντα
1837 2494 1885 2521 καὶ

1094 2540 1164 2567 ’ἄλλα
1171 2539 1274 2571 τούτοις
1281 2539 1382 2574 ἀδελφὰ
1391 2539 1484 2575 μυρία,
1492 2540 1555 2574 περὶ
1562 2536 1619 2565 ὦνδ
1626 2539 1706 2570 αὐτὸς
1714 2539 1880 2571 ’Δπόστολο;,

1099 2585 1167 2621 ὑπὲρ
1176 2585 1255 2621 ἡμῶν
1262 2585 1345 2612 ἐδεῖτο
1352 2585 1399 2612 τοῦ
1417 2585 1496 2617 Θεοῦ,
1508 2586 1557 2612 ἵνα
1571 2585 1777 2620 ὲξισχύσωμεν
1790 2593 1879 2612 κατα-

1097 2632 1241 2660 λαϐέσθαι
1249 2632 1310 2658 σὺν
1316 2632 1390 2659 πᾶσι
1398 2632 1459 2665 τοῖς
1466 2632 1569 2667 ἁγίοις,
1578 2633 1607 2658 τί
1614 2632 1647 2659 τὸ
1654 2632 1767 2664 πλάτος
1774 2633 1820 2660 καὶ
1827 2632 1881 2667 μῆ.

307 2707 338 2736 νῐι
354 2706 403 2733 Ed.
415 2706 512 2748 Paris"
527 2705 650 2736 οδε-156.
687 2706 710 2722 ³⁸
724 2707 892 2742 ὒιιιι.νιι,›10.
908 2730 915 2736 .
931 2711 953 2727 ³⁷
969 2711 1042 2748 Εριιε

1094 2722 1103 2743 ν.
1117 2713 1162 2745 20,
1180 2712 1223 2741 21'.
1262 2711 1285 2728 "
1295 2711 1400 2740 Coloss.
1413 2710 1485 2745 ι,16ε
1522 2711 1543 2728 "
1559 2711 1619 2740 Gal.
1634 2719 1670 2745 tv.
1686 2711 1731 2740 26.
1768 2710 1879 2742 “Hebr.

310 2755 361 2783 xu,
377 2748 424 2782 22,
447 2747 493 2775 2'5.

309 2819 354 2853 98)
364 2820 418 2855 Mp.
434 2821 538 2849 τοῦτον.

328 2855 648 2893 ξηγνυιεολπαρειληφώς.
661 2862 689 2885 at
700 2858 735 2886 cl'.
750 2858 817 2885 infra
831 2857 852 2886 C
864 2858 937 2886 med.-

312 2890 336 2926 l)
348 2890 497 2929 Φερομένῃ
504 2890 622 2927 Γραέρῇ.
637 2894 712 2921 Esset
725 2892 859 2929 φερόμενα
876 2893 928 2929 [sic
939 2891 1040 2929 cod_d_.],

263 2931 306 2953 aut
321 2926 487 2962 φερομένων,
502 2931 529 2954 ut
551 2926 681 2955 rel'eratur
695 2926 971 2964 ιιιΙἺῶίαγνωσμάτων.
984 2926 1019 2954 Μ.

1140 2824 1168 2859 2)
1183 2822 1269 2859 Vulgo
1282 2824 1467 2856 ἆπιστευτέον,
1479 2829 1506 2851 et
1519 2824 1589 2852 infra
1606 2823 1743 2859 ὀνομάζει.

1140 2858 1167 2892 5)
1182 2858 1268 2895 yuléo
1284 2859 1301 2895 ἦ
1316 2859 1379 2895 περί
1393 2867 1464 2887 corr.
1474 2859 1528 2894 jam
1542 2858 1596 2894 Mp.

1143 2895 1171 2927 ιι)
1182 2893 1267 2929 Vulgo
1282 2893 1336 2921 τῶν
1352 2893 1400 2929 πρ.

1142 2930 1168 2963 5)
1180 2928 1263 2965 Vulgo
1273 2929 1314 2964 δή,
1330 2934 1354 2957 ct
1367 2928 1445 2962 infra,
1463 2928 1555 2964 μύρια.
