2032 3211
132 222 186 253 953

591 225 636 255 DE
653 227 923 259 ECCLESIASTICA
946 230 1141 262 THEOLOGI‘A
1161 233 1225 263 LIB.
1244 235 1275 263 ll.

1697 239 1750 268 σει

132 293 185 317 ’ως
193 284 241 311 καὶ
246 283 342 317 ,βάθος
350 284 491 320 καῖῧψος.
502 286 611 321 γνῶναί
619 296 649 314 τε
657 287 712 322 τὴν
719 289 906 323 ὐπερόἁλλου

971 293 1079 325 sum-tis,
1092 302 1150 328 qua:
1161 298 1225 320 esset
1240 294 1361 327 latitudo,
1380 294 1532 330 longitudo,
1544 298 1709 332 profunditas
1724 303 1749 326 et

131 339 193 358 σαν
206 329 260 364 τῆς
275 331 411 365 γνώσεως
427 331 546 366 ἀγάπην
562 333 614 360 τοῦ
626 335 709 362 Θεοῦ.
727 336 781 362 Καὶ
798 336 878 368 αὐτὸς
888 336 916 362 δὲ

131 377 228 413 Σωτὴρ
241 377 319 412 ήμῶν
340 377 450 404 πλεῖστα
471 378 520 404 ὅσα
539 380 678 416 μυστήρια·
691 382 754 417 περὶ
773 382 822 417 τῆς
838 382 916 417 βασι-

130 422 206 454 λείας
215 423 269 450 τῶν
282 423 418 459 οὐρανῶν,
439 424 502 460 περί
520 434 549 451 τε
562 426 611 460 τῆς
628 427 781 460 συντελείας
791 428 837 455 τοῦ
851 438 917 456 παν-

129 469 187 501 τὸς,
203 469 267 504 περί
282 478 311 495 τε
326 470 379 495 τῶν
396 470 574 505 ἐπαγγελιῶν,
596 472 660 498 ποτὲ
678 472 726 508 μὲν
739 474 781 500 διὰ
795 474 916 509 παραϐο-

129 514 194 546 λῶν,
215 514 280 541 ποτὲ
296 515 324 541 δὲ
339 515 388 542 καὶ
405 516 433 541 ὲν
450 516 613 552 ἀπορρήτοις
627 518 748 553 ἐξέφαινε
763 521 817 551 τοῖς
833 520 914 547 αὐτοῦ

132 559 278 595 μαθηταῖς,
296 561 364 596 πρὸς
383 561 429 593 οὓς
443 562 543 596 ἔλεγεν,
566 563 649 598 ἠλῒν
672 564 789 592 δέδοται
807 565 914 600 γνῶναι

129 604 167 631 τὰ
177 606 328 640 μυστήρια
344 607 396 634 τοῦ
414 608 498 640 Θεοῦ,
517 606 555 635 ὧν
566 610 616 636 οὐκ
630 610 662 637 ἂν
679 610 753 647 εὖροι
764 620 805 643 τις
822 611 856 638 τὰ
868 610 915 638 ἶσα

130 652 208 688 παρά
217 653 318 685 Μωσεῖ,
331 653 347 689 ἢ
361 654 434 689 παρὰ
445 656 499 686 τοῖς
513 656 614 688 λοιποῖς
631 658 791 692 προφήταις.
810 657 913 692 Τίοῦν;

130 699 192 725 ἐπεὶ
209 699 245 734 μὴ
264 699 303 734 τῷ
321 700 453 726 Ἰουδαίων
467 701 523 736 λαῷ
538 702 672 737 παρεδόθη
685 703 781 734 ταῦτα,
799 705 838 735 εἰς
853 705 914 730 ὲπι-

129 744 235 779 τήδειον
256 745 351 781 καιρὸν
363 746 548 782 φυλαττόμενα
565 750 596 783 τῇ
621 748 767 785 Ἐκκλησία
783 750 912 785 Χριστοῦ,

129 790 206 825 παρὰ
223 790 302 817 τοῦτο
328 792 395 827 χρῆν
414 792 484 827 ὑμᾶς
502 793 549 828 τὴν
568 793 736 829 δωρηθεῖσαν
753 795 818 830 ἡμῖν
836 795 914 831 χάριν

127 836 248 867 ἀθετεῖν;
273 835 289 871 ἦ
311 836 439 871 μειζόνως
458 838 625 873 εὐχαριστεῖν
654 839 692 874 τῷ
709 840 759 874 τῆς
781 841 915 876 τοσαύτης

129 885 204 919 ἡμᾶς
212 882 409 915 καταξιώσαντι
423 883 547 917 γνώσεως
560 884 613 919 (6);
629 885 706 912 Κατά
722 886 766 912 τὸν
778 887 858 913 αὑτὸν
868 886 913 914 οὖν

127 930 227 965 τρόπον
247 929 295 956 καὶ
319 929 367 961 τὰς
389 930 452 965 περὶ
475 930 522 957 τοῦ
540 931 604 957 Υἱοῦ
619 931 800 964 διδασκαλίας,
816 934 847 959 ὲκ
865 934 913 969 τῆς

967 337 1082 364 altitudo
1092 358 1100 369 ,
1115 343 1139 364 et
1151 346 1305 373 cognoscere
1317 340 1480 368 excedentem
1494 342 1568 369 illam
1584 344 1747 371 dilectionem

967 382 1122 416 cognitionis
1135 382 1182 409 Dei
1196 383 1229 409 δι.
1244 383 1297 410 Sed
1323 388 1350 411 et
1377 384 1489 418 ipsemet
1510 386 1641 415 Servator
1658 394 1749 417 noster

966 427 1042 462 plura
1066 428 1191 462 mysteria
1208 428 1242 456 de
1257 437 1342 466 regno
1360 432 1489 460 ccclorum
1505 455 1513 468 ,
1529 434 1562 462 de
1577 441 1748 462 consumma-

968 474 1040 501 tione
1054 474 1162 508 mundi,
1178 477 1210 504 de
1224 477 1449 511 promissionibus
1461 500 1469 512 ,
1484 489 1554 509 nunc
1571 489 1620 516 per
1632 482 1747 517 parabo-

967 519 1015 550 las.
1032 528 1102 548 nunc
1116 521 1231 550 latenter
1251 528 1278 550 et
1298 525 1404 553 ooculte
1424 527 1534 560 extulit,
1561 532 1588 554 et
1607 527 1747 563 discipulis

966 565 1108 600 intimavit,
1125 567 1248 602 inquiens
1262 578 1269 596 :
1288 569 1363 597 Vobis
1380 572 1468 599 datum
1483 578 1518 600 est
1536 581 1611 600 nosse
1626 574 1747 608 mysteria

966 611 1015 639 Dei
1035 612 1072 645 λ’,
1094 614 1191 649 quibus
1217 616 1341 650 supparia
1366 626 1419 645 non
1450 618 1568 646 inveniet
1592 620 1651 655 quis
1676 621 1747 653 apud

966 657 1067 685 Mosem
1080 679 1087 691 ,
1109 664 1155 686 aut
1172 661 1289 695 reliquos
1314 664 1469 697 prophetas.
1485 664 1554 698 Quid
1570 666 1657 700 ergo?
1679 666 1745 693 Cum

965 711 1017 731 non
1033 712 1192 733 concessum
1212 707 1292 735 fuerit
1306 707 1461 736 Iudaeorum
1482 711 1580 745 populo
1597 711 1645 738 ista
1659 711 1747 746 perci-

965 756 1050 784 pere,
1076 751 1122 777 sed
1147 751 1173 778 in
1201 757 1305 787 tempus
1329 761 1509 789 opportunum
1536 756 1746 784 reservabantur

964 795 1064 822 Christi
1087 796 1213 825 Ecclesise
1238 799 1421 833 patefacienda
1441 809 1448 834 ;
1477 802 1537 829 ideo
1562 810 1612 830 nos
1638 807 1746 838 oportet

964 848 1123 869 concessam
1138 843 1215 871 nobis
1232 845 1346 879 gratiam
1367 847 1521 882 negligere?
1538 847 1593 875 lmo
1607 855 1671 875 vero
1690 856 1745 874 ina-

960 886 1046 919 jorem
1064 887 1090 914 in
1106 889 1213 916 modum
1229 891 1330 924 gratias
1345 891 1381 918 illi
1408 893 1559 920 retribuere
1572 913 1580 925 ,
1605 893 1650 928 qui
1668 893 1745 921 nobis

964 932 1033 959 hanc
1058 935 1326 963 tanlam'scientiam
1344 937 1501 969 impertivit.
1519 939 1559 966 Ad
1585 939 1663 966 istum
1680 946 1745 974 ergo

128 976 211 1003 αὐτοῦ
227 976 331 1011 Καινῆς
344 975 480 1011 Διαθήκης
496 978 628 1013 προσήκοι
643 977 675 1004 ἂν
698 978 908 1014 ἀπολαμϐάνειν,

962 978 1083 1012 modum,
1101 987 1160 1014 quae
1170 985 1232 1008 sunt
1244 981 1277 1009 de
1296 982 1341 1009 Dei
1359 983 1415 1010 lilio
1432 984 1457 1010 in
1476 983 1552 1011 Novo
1571 983 1745 1012 Testamento

127 1022 204 1048 οὐδὲν
222 1021 415 1057 ξενιζόμενους,
430 1023 453 1047 εἰ
467 1023 503 1057 μὴ
518 1022 555 1057 τῷ
574 1023 777 1060 σκληροκαρδίῳ
797 1024 852 1059 λαῷ
863 1026 911 1060 τὴν

127 1069 192 1103 περὶ
208 1068 288 1094 αὐτοῦ
303 1068 402 1102 γνῶσιν
418 1068 603 1095 ἀνεκάλυπτον
619 1069 643 1095 οἱ
662 1070 708 1096 τοῦ
723 1070 789 1096 Θεοῦ
806 1070 911 1105 ἄνθρω-

127 1122 183 1144 ποι,
198 1115 237 1145 εἰς
252 1114 345 1150 καιρὸν
361 1113 497 1150 εὔκαιρον,
512 1114 556 1141 τὸν
575 1116 638 1151 περὶ
651 1116 732 1142 αὑτοῦ
748 1117 911 1152 ταμιευόμε-

125 1169 166 1186 νοι
182 1160 269 1195 λόγον.
290 1160 327 1187 Οὺ
348 1161 401 1197 γὰρ
420 1161 506 1187 ἐδόκει
522 1161 673 1196 ἐπιτήδειον
693 1161 761 1188 εἶναι
782 1162 821 1195 τὸ,
836 1171 911 1198 τηνι-

125 1206 213 1232 καῦτα
231 1206 443 1242 ὑποσυρομένοις
458 1206 569 1242 ἀνδράσι
582 1207 627 1233 ἐπὶ
643 1206 690 1242 τὴν
702 1207 829 1234 πολύθεον
843 1208 910 1235 πλά-

124 1261 173 1286 νην
186 1252 360 1287 παραδιδόναι
371 1252 400 1279 τὸ
414 1252 451 1287 (7)
467 1253 530 1288 περὶ
544 1252 649 1288 Πατρὸς
660 1253 706 1280 καὶ
722 1254 788 1281 Υξοῢ
804 1255 909 1291 μυστή-

125 1305 191 1332 ριον,
207 1295 247 1329 οἷς
260 1298 320 1324 οὐδὲ
333 1299 395 1330 τοὺς
408 1298 470 1334 περὶ
483 1298 535 1324 τῶν
548 1298 755 1334 ὑποϐεὸηκότων
769 1299 908 1336 δυνάμεων

123 1343 302 1375 ἐξεκάλυπτον
316 1343 425 1378 λόγους·
452 1343 489 1375 ὡς
508 1344 541 1370 ἂν
558 1344 595 1379 μὴ
611 1344 745 1380 προφάσει
761 1345 846 1382 ταύτῃ
861 1346 908 1372 ἐπὶ

121 1387 172 1422 τὴν
195 1387 350 1423 Ἑλληνικὴν
376 1389 555 1415 καταπέσοιεν
582 1389 735 1422 πολυθεῗαν,
758 1391 781 1417 οἱ
803 1391 907 1426 πατέρα

121 1433 226 1468 ἀνδρῶν
250 1442 281 1460 τε
306 1433 375 1460 θεῶν
395 1443 424 1461 τε
447 1435 492 1461 τὸν
521 1436 584 1471 παρ’
606 1436 696 1468 αὐτοῖς
724 1437 907 1464 ἀνεπλάσαντο

122 1478 200 1504 Θεὸν.
211 1479 308 1515 Διόπερ
318 1480 367 1515 τῆς
378 1481 504 1516 τοιαύτης
517 1482 614 1513 αὐτοὺς
626 1482 794 1508 ἀναστέλλων
805 1483 907 1518 πλάνης

123 1525 137 1549 ὁ
152 1524 230 1558 λόγος
243 1526 288 1551 τὸν
299 1526 345 1552 ἕνα
361 1526 425 1553 Θεὸν
440 1527 597 1563 ἐκήρυττεν.
610 1529 639 1554 οὺ
653 1528 705 1564 μὴν
718 1529 821 1564 πατέρα
836 1525 905 1555 εἶναι

123 1568 171 1593 τὸν
186 1569 265 1595 αὐτὸν
280 1570 401 1605 ἠρνεῖτοο
417 1572 463 1598 καὶ
476 1572 520 1598 τὸν
533 1573 618 1608 ἀληθῆ
629 1573 656 1599 δὲ
671 1574 759 1599 σέῦειν
774 1574 904 1605 ἐδίδασκε,

124 1614 170 1640 καὶ
185 1613 253 1650 πλὴν
270 1615 351 1642 αὐτοῦ
371 1617 471 1652 μηδένα
491 1617 588 1644 εἰδέναι
608 1618 733 1654 παρῄνει,
747 1619 777 1645 οὐ
795 1619 847 1653 μὴν
860 1620 905 1654 ἡρ-

122 1661 193 1687 νεῖτο
207 1659 275 1688 εἶναι
299 1663 379 1689 αὐτὸν
393 1664 512 1699 Πατέρα.
528 1664 559 1690 EE
577 1664 605 1690 δὲ
626 1664 662 1699 (8)
675 1665 722 1690 καὶ
733 1665 843 1700 Κύριον,
858 1665 904 1690 καὶ
919 1655 939 1683 C

119 1706 185 1733 Θεὸν
196 1707 284 1740 αὐτὸν,
304 1709 351 1735 καὶ
363 1709 475 1741 δίκαιον,
491 1710 538 1736 καὶ
556 1710 670 1745 Σωτῆρα
690 1710 831 1741 ἀπεκάλει,
848 1710 903 1736 ἀλλ’

119 1752 170 1779 οὐκ
185 1753 313 1780 ἀπέκλειε
327 1755 374 1781 τοῦ
395 1756 441 1781 καὶ
463 1756 570 1791 Πατέρα
588 1753 657 1782 εἶναι
679 1756 759 1782 αὑτὸν
780 1757 903 1791 ἡγεῖσθαι

119 1798 167 1824 τοῦ
181 1800 341 1833 μονογενοῦς
355 1801 436 1828 αὐτοῦ
454 1802 501 1828 καὶ
517 1802 658 1837 ἀγαπητοῦ
674 1802 749 1828 Υἱοῢ.
763 1802 819 1828 Εἶτ’
836 1800 880 1828 οὖν
890 1804 903 1828 ό

120 1844 213 1879 Πατὴρ
225 1844 311 1878 λέγων
325 1846 373 1872 εἴθ’
387 1847 401 1872 ὀ
414 1847 475 1878 Υἱὸς
487 1847 516 1873 τὸ
534 1847 602 1881 Ἐγώ
612 1848 669 1882 ειμι
682 1849 698 1874 ὁ
713 1847 764 1878 ὢν,
778 1847 903 1883 ἀληθεύοι

117 1888 150 1915 ἂν
167 1890 303 1926 ἑκατέρως
315 1891 329 1917 ὁ
343 1892 430 1926 λόγος.
448 1893 481 1919 Ὅ
496 1901 525 1919 τε
537 1893 591 1929 γὰρ
605 1894 698 1928 Πατὴρ
715 1895 730 1920 ὁ
744 1892 786 1919 ὢν
801 1894 843 1929 εἴη
859 1893 902 1926 ἂν,

94 1942 100 1949 ¹
120 1936 199 1969 μόνος
212 1937 294 1969 αὐτὸς
312 1937 348 1964 ὢν
371 1938 417 1964 ἐπὶ
433 1939 549 1972 πάντων,
569 1940 615 1965 καὶ
629 1939 672 1965 διὰ
688 1940 795 1966 πάντων
813 1941 858 1966 καὶ
874 1941 902 1966 ἐν

119 1982 186 2008 πᾶσι
202 1982 277 2015 Θεὸς,
294 1984 331 2015 ὡς
341 1986 354 2011 ὁ
365 1984 434 2017 θεῖος
447 1986 550 2018 ἐδίδαξε
570 1986 739 2017 Ἀπάπτολος,
756 1987 769 2012 ὃ
781 1995 810 2012 τε
826 1987 899 2019 Υἱὸς,

118 2028 164 2054 καὶ
182 2028 262 2060 αὐτὸς
277 2030 452 2065 χρηματίζων
472 2032 488 2058 ό
498 2030 549 2063 ὢν,
564 2031 688 2066 ἀληθεύοι
704 2032 746 2058 ἄν·
771 2032 850 2066 μόνος
865 2031 901 2058 ὢν

117 2072 192 2104 Υἱῆς,
208 2074 353 2110 μονογενὴς
364 2075 410 2101 τοῦ
425 2076 509 2107 ὄντος,
524 2076 591 2102 ἀλλά
606 2077 651 2102 καὶ
666 2076 746 2103 εἰκὼν
756 2076 801 2103 τοῦ
817 2078 901 2112 ἀορά-

117 2125 163 2144 του
187 2119 254 2145 Θεοῦ
277 2120 415 2156 ὑπάρχων.
430 2122 484 2147 Καὶ
500 2121 577 2148 τοῦτο
598 2123 638 2157 εἴη
662 2122 693 2148 ἄν
712 2123 747 2158 (9)
766 2122 847 2149 αὐτοῦ
865 2123 902 2148 εἱ-

119 2163 183 2195 κὼν,
205 2165 265 2191 καθ’
291 2166 305 2191 ὂ
327 2167 405 2201 μόνος
426 2165 460 2202 ἦν
486 2168 565 2199 αὐτὸς
587 2170 603 2195 ὁ
626 2169 677 2195 ὢν.
693 2169 737 2194 Διὸ
756 2169 801 2195 καὶ
820 2168 900 2201 αὐτὸς

117 2211 280 2245 χρηματίζοι
294 2212 327 2238 ἂν
340 2214 356 2239 d
369 2213 416 2242 ὢν,
428 2214 488 2239 ἐπεὶ
503 2215 548 2240 καὶ
557 2214 622 2246 Θεὸς
634 2216 680 2241 καὶ
688 2215 789 2251 Κύριος
802 2216 901 2250 ὁμοίως

117 2255 156 2290 τῷ
172 2256 259 2293 Πατρὶ
274 2258 320 2284 καὶ
334 2259 414 2290 αὐτὸς
427 2258 471 2285 διὰ
487 2259 576 2295 πάσης
584 2260 762 2296 ἀνηγόρευται
778 2261 826 2296 τῆς
841 2261 901 2286 θεο-

118 2302 249 2329 πνεύστου
266 2304 388 2339 Γραφῆς,

962 1024 1105 1057 praedicata
1120 1026 1276 1060 accipienda
1289 1031 1369 1059 sunt.
1382 1035 1433 1055 nec
1446 1033 1475 1055 ut
1487 1028 1603 1056 alienum
1618 1029 1681 1064 quid
1695 1029 1744 1055 mi-

963 1077 1012 1096 nus
1024 1076 1177 1105 acceptare,
1186 1072 1207 1098 si
1225 1073 1332 1107 quidem
1351 1074 1389 1101 illi
1401 1075 1497 1109 populo
1509 1075 1576 1102 duro
1590 1075 1669 1102 corde
1680 1083 1746 1110 pra:-

961 1115 1018 1142 dito
1041 1116 1164 1144 homines
1192 1117 1229 1144 illi
1248 1118 1293 1146 Dei
1311 1119 1492 1153 cognitionem
1513 1121 1544 1147 de
1560 1120 1604 1147 illo
1619 1128 1670 1147 non
1690 1126 1743 1147 Ira-

960 1161 1084 1189 didernnt
1095 1182 1102 1194 ,
1128 1168 1267 1191 reservato
1284 1164 1310 1191 in
1332 1169 1438 1199 tempus
1457 1170 1634 1200 opportunum
1651 1166 1683 1193 de
1699 1166 1743 1193 illo

960 1206 1157 1240 dispensatorio
1174 1216 1309 1236 sermone.
1329 1208 1387 1236 Non
1420 1209 1561 1236 videbatur
1589 1215 1652 1238 tunc
1674 1215 1742 1238 tem-

960 1252 1032 1285 poris
1045 1259 1149 1286 aequum
1164 1261 1235 1285 esse,
1252 1258 1281 1281 ut
1301 1253 1456 1281 hominibus
1468 1255 1501 1281 ad
1515 1262 1634 1282 errorem
1645 1256 1677 1282 de
1690 1257 1742 1282 diis

960 1297 1051 1324 multis
1066 1298 1142 1325 facile
1164 1299 1353 1333 arrepentibus
1365 1320 1373 1333 ,
1395 1301 1552 1335 mysterium
1566 1301 1599 1328 de
1612 1301 1693 1329 Patre
1715 1307 1742 1328 et

959 1342 1026 1370 Filio
1043 1344 1216 1376 revelaretnr,
1246 1352 1307 1371 cum
1326 1345 1391 1372 nihil
1410 1347 1442 1372 de
1460 1346 1590 1381 subjectis
1608 1347 1680 1374 hisce
1695 1355 1742 1382 po-

960 1389 1099 1416 testatibus
1124 1389 1287 1423 patefactum
1304 1390 1395 1423 fuerit,
1416 1398 1452 1417 ne
1468 1398 1516 1425 per
1538 1392 1608 1419 hunc
1624 1397 1740 1427 praetex-

958 1439 1013 1461 tum
1028 1434 1064 1461 illi
1097 1436 1130 1462 ad
1159 1443 1325 1471 paganorum
1346 1436 1512 1472 polytheiam
1538 1438 1737 1469 dilaberentur.

958 1480 1002 1514 qui
1019 1480 1111 1508 Jovem
1133 1489 1210 1508 suum
1231 1487 1333 1515 patrem
1357 1483 1549 1517 hominumque
1576 1484 1740 1518 deorumque

956 1533 1054 1553 vocare
1066 1526 1167 1554 solent.
1186 1527 1318 1560 Quocirca
1338 1534 1368 1555 ut
1392 1537 1514 1556 errorem
1532 1529 1604 1557 hunc
1618 1530 1741 1557 elimina-

958 1577 998 1599 ret
1010 1571 1128 1600 Verbum
1145 1573 1208 1599 illud
1224 1574 1282 1606 Dei,
1304 1582 1383 1600 unum
1400 1575 1482 1601 Deum
1497 1576 1675 1610 praedicabat:
1686 1584 1739 1602 non

957 1622 1046 1645 tamen
1066 1619 1308 1652 negaviteumdem
1335 1627 1394 1647 esse
1416 1620 1522 1648 Patrem
1541 1629 1655 1648 :verum
1677 1629 1740 1648 vero

958 1663 1039 1690 Deum
1056 1664 1130 1691 illum
1149 1666 1265 1692 adorare
1282 1666 1395 1698 docuit,
1427 1673 1453 1693 et
1468 1671 1565 1701 praeter
1581 1666 1653 1693 illum
1679 1668 1743 1693 nul—

956 1709 1009 1736 lum
1033 1710 1116 1737 alium
1142 1711 1268 1738 arbitrari
1296 1712 1378 1738 Deum
1402 1713 1542 1739 erudivit:
1559 1713 1605 1739 sed
1630 1712 1742 1739 minime

956 1756 1090 1783 inliciatur
1114 1757 1188 1784 illum
1211 1765 1272 1785 esse
1295 1757 1413 1791 Patrem,
1438 1761 1466 1790 is
1494 1758 1516 1785 si
1540 1759 1680 1785 Dominum
1711 1763 1739 1785 et

955 1804 1037 1831 Deum
1056 1803 1129 1830 illum
1142 1824 1149 1836 ,
1166 1808 1193 1830 et
1220 1804 1322 1837 justum
1345 1805 1493 1831 nominavit
1506 1809 1532 1831 et
1552 1804 1739 1837 Servatorem,

954 1856 1005 1875 non
1021 1848 1137 1876 exclusit
1150 1857 1210 1876 eum
1220 1858 1233 1875 a
1248 1850 1325 1876 titulo
1341 1849 1439 1881 Patris.
1452 1855 1544 1877 tamen
1560 1854 1589 1876 ut
1604 1857 1655 1876 non
1667 1855 1738 1877 esset

955 1895 1033 1921 Pater
1050 1896 1179 1931 unigeniti
1200 1901 1227 1923 et
1239 1896 1329 1923 dilecti
1343 1897 1382 1923 sui
1399 1896 1457 1923 Filii
1476 1905 1482 1923 :
1498 1897 1557 1923 sive
1572 1904 1635 1932 ergo
1645 1897 1734 1929 Pater,

953 1949 999 1968 scn
1025 1940 1109 1969 Filius
1124 1941 1188 1968 illud
1204 1942 1261 1974 ait,
1278 1942 1336 1975 Ego
1353 1951 1409 1968 lum
1424 1943 1469 1977 qui
1491 1950 1548 1968 sum
1570 1943 1602 1974 ⁸³,
1625 1942 1735 1969 omnino

952 1986 1121 2013 verissimum
1137 1991 1188 2017 est,
1202 1987 1273 2022 quod
1296 1988 1343 2014 abs
1367 1988 1469 2014 utrovis
1493 1988 1604 2015 dicitur.
1619 1987 1685 2014 Nam
1708 1993 1735 2015 et

952 2031 1034 2059 Pater
1050 2037 1091 2059 est
1105 2052 1113 2064 ,
1130 2033 1176 2068 qui
1197 2041 1256 2060 sum
1268 2053 1276 2066 ,
1294 2040 1354 2060 cum
1375 2034 1410 2060 sit
1432 2033 1506 2060 solus
1525 2041 1606 2068 super
1626 2034 1734 2066 omnia,

953 2085 1000 2111 per
1022 2078 1110 2107 omnia
1125 2082 1153 2105 et
1166 2078 1192 2105 in
1213 2078 1340 2106 omnibus
1365 2078 1452 2111 Deus,
1473 2078 1543 2113 quod
1568 2087 1617 2106 nos
1630 2079 1741 2107 divinus

952 2123 1042 2151 docuit
1057 2124 1209 2159 Apostolus.
1229 2124 1281 2151 Sed
1296 2129 1323 2151 et
1339 2124 1426 2152 Filius
1440 2126 1461 2152 si
1482 2125 1588 2152 dicatur
1601 2127 1645 2161 qui
1658 2134 1715 2152 sum
1726 2145 1734 2158 ,

952 2176 1015 2205 vere
1038 2168 1076 2195 sic
1094 2169 1212 2196 dicitur:
1228 2176 1289 2196 cum
1305 2169 1379 2196 solus
1396 2170 1433 2199 sit
1447 2169 1533 2196 Filius
1551 2170 1596 2197 Dei
1613 2170 1736 2205 unigeni-

953 2203 1002 2241 tns
1015 2214 1073 2250 ejus
1085 2235 1092 2246 ,
1108 2215 1153 2249 qui
1174 2220 1223 2247 est,
1247 2222 1306 2241 cum
1322 2215 1357 2242 sit
1379 2216 1466 2250 imago
1485 2215 1533 2242 Dei
1548 2203 1684 2242 invisibilis
1699 2215 1735 2247 ⁸⁸,

952 2267 978 2287 et
1000 2268 1032 2287 eo
1048 2261 1105 2294 ipso
1127 2260 1162 2287 sit
1178 2261 1267 2296 imago
1280 2260 1356 2293 ejus.
1376 2262 1446 2295 quod
1462 2263 1536 2288 solus
1550 2262 1606 2296 ipse
1624 2262 1657 2288 sit
1690 2262 1735 2294 qui

952 2311 999 2333 eu.
1013 2305 1139 2340 Adeoque
1156 2311 1267 2333 vocetur
1284 2311 1311 2333 et
1340 2306 1384 2333 ille
1406 2308 1450 2341 qui
1464 2312 1518 2340 est,
1534 2315 1594 2334 cum
1618 2311 1644 2333 et
1665 2307 1741 2334 Deus-

118 2348 152 2374 sit
164 2354 192 2375 et
207 2349 334 2379 Dominus
345 2352 470 2380 similiter
484 2357 565 2388 atque
581 2353 662 2381 Pater
674 2358 752 2382 estet
768 2354 896 2382 Dominus
917 2362 949 2381 ac
980 2354 1050 2381 Deus
1064 2363 1070 2381 :
1088 2354 1222 2389 quomodo
1234 2361 1283 2389 per
1312 2354 1468 2389 Scripturas
1482 2354 1621 2382 universas
1630 2362 1738 2382 annun-

116 2396 208 2423 tiatur.

424 2446 502 2473 ΚΕΦ.
518 2447 584 2474 KA'.

116 2485 177 2514 ὀτι
189 2489 206 2515 ό
222 2487 288 2515 Υιὸσ·
297 2487 336 2521 ἧν
347 2490 399 2518 τοῦ
414 2491 496 2524 Θεοῦ,
513 2491 647 2529 ὸ-Μωσεῖ
655 2492 704 2520 και
719 2492 760 2527 τῷ
779 2493 900 2529 Ἀϐραὰμ

410 2527 605 2561 χρηματίσας.

150 2569 235 2596 Τοῦτο
243 2570 271 2597 δέ
281 2571 339 2598 ἐστι
353 2572 400 2599 καὶ
413 2574 445 2599 ὲκ
462 2572 509 2600 τοῦ
526 2573 593 2609 πρὸς
609 2573 655 2601 τὸν
672 2574 774 2602 Μωσέα
788 2583 898 2611 χρημα-

113 2615 211 2650 τισμοῦ
226 2616 345 2650 γνῶναι·
361 2617 434 2652 λέγει
451 2618 473 2645 δ’
483 2616 530 2646 οὖν
546 2620 563 2655 ή
582 2619 687 2656 Γραφή·
705 2619 852 2654 Ἐλάλησε
864 2619 899 2646 δὲ

114 2662 131 2687 ὁ
145 2660 219 2694 Θεὸς
233 2662 307 2696 πρὸς
325 2663 449 2697 Μωσῆν,
479 2665 528 2692 καὶ
544 2663 611 2693 εἷπε
622 2666 697 2700 πρὸς
714 2666 808 2693 αὐτόν
830 2665 896 2699 (10)·

1258 2444 1335 2472 CAP.
1354 2444 1426 2472 XXI.

996 2490 1073 2524 Quod
1088 2489 1176 2517 Filim
1193 2490 1215 2517 is
1228 2489 1274 2516 Dei
1284 2490 1382 2523 fuerat,
1396 2489 1440 2524 qui
1454 2497 1512 2516 cum
1524 2488 1597 2516 Jlose
1610 2493 1689 2524 atque

1180 2524 1328 2551 Abrulmmo
1341 2524 1505 2559 loquebatur.

985 2571 1119 2607 Cognosci
1132 2575 1222 2604 potest
1240 2570 1305 2596 illud
1327 2577 1360 2597 ex
1394 2569 1439 2596 illa
1457 2577 1516 2596 cum
1532 2569 1606 2597 llose
1615 2569 1737 2596 collocu-

952 2618 1034 2645 tione.
1052 2617 1098 2644 Ait
1118 2617 1190 2644 enim
1209 2615 1349 2650 Scriptura
1364 2625 1371 2643 :
1389 2615 1423 2642 Et
1444 2615 1548 2643 locutus
1562 2619 1601 2642 est
1616 2614 1684 2642 Deus
1698 2615 1736 2641 ad

951 2663 1062 2696 Mount,
1078 2667 1103 2690 et
1121 2663 1186 2690 dixit
1204 2661 1245 2688 illi
1270 2669 1280 2689 :
1300 2660 1357 2697 Ego
1375 2661 1521 2695 Dominus,
1536 2666 1561 2689 et
1574 2662 1645 2689 uisus
1663 2669 1739 2695 sum,

150 2755 181 2785 ᾗ
198 2752 248 2781 Ed.
265 2753 366 2789 Paris,
381 2762 442 2791 pag.
458 2756 519 2784 I37.
556 2755 579 2772 "
592 2755 690 2790 Ephes.
702 2762 744 2788 ut,
763 2753 861 2788 18,19.
898 2754 908 2770 ⁵

961 2760 1004 2782 uc.
1018 2760 1077 2786 vtn,
1097 2751 1141 2780 l0.
1178 2751 1202 2767 “
1213 2750 1301 2779 Exod.
1316 2759 1357 2785 ιιι,
1374 2751 1417 2779 Η.
1456 2750 1480 2767 ⁸⁸
1493 2750 1596 2778 Coloss.
1612 2757 1631 2779 ι.
1650 2750 1714 2779 15..

151 2864 190 2901 (ὃ)
207 2864 363 2901 ζνώσεως.
379 2865 459 2894 Deest
474 2864 584 2901 Χριστῷ
598 2868 645 2901 aut
659 2864 728 2901 Θεῷ.
747 2864 782 2894 Μ.

151 2899 190 2934 (7)
210 2899 294 2933 Vulgo
307 2901 352 2933 τις
369 2909 429 2929 mox
452 2899 531 2936 vulgo
546 2899 755 2929 ἀνεπλάσσοντο.

151 2936 190 2971 (8)
206 2935 290 2971 Vulgo
301 2935 344 2972 δή.

984 2865 1023 2901 (9)
1032 2864 1087 2901 καὶ
1102 2860 1401 2901 τοῦτο-εἷη-ιξνηιιεκο
1415 2862 1463 2889 καὶ
1477 2861 1574 2897 τούτῳ.
1594 2859 1635 2890 Νι

985 2897 1042 2937 (ID)
1059 2900 1142 2935 Vulgo
1157 2897 1266 2936 ίλέγων]
1282 2897 1347 2932 ἐγώ.
