2032 3211
308 249 362 279 959

644 245 778 274 EUSEBII
799 245 1038 274 CxESARlENSlS
1057 246 1132 275 OPP.
1154 245 1244 274 PARS
1266 245 1310 275 IV.
1328 245 1576 275 —DOGMATICA.

1877 247 1939 275 960

309 316 415 344 quoque
430 308 457 336 in
475 307 631 343 Evangelia,
647 308 702 342 ipse
722 315 803 334 unum
824 307 910 335 solum
930 308 1013 337 Deum
1030 308 1087 336 inti-

1143 308 1336 344 φθεγγόμενος.
1359 306 1388 334 '0
1401 306 1430 332 δὲ
1445 306 1492 332 καὶ
1503 305 1584 337 αὐτὸς
1597 305 1611 331 ό
1623 304 1688 336 Υἱὸς
1708 305 1737 331 ἐν
1752 303 1935 338 Εὑαγγελίοις

309 361 384 382 mare
415 354 520 382 videtur
547 353 691 389 inquiens:
715 355 779 382 Htec
808 358 845 380 est
875 359 962 382 autem
987 357 1017 386 νζ(
1042 354 1094 381 vita

309 406 418 433 a'terna,
432 405 460 428 ut
473 404 631 436 cognoscant
642 405 666 427 te
681 409 760 427 unum
775 401 858 428 solum
872 401 963 432 Deum,
977 406 1001 428 et
1019 409 1093 436 quem

307 447 404 474 misisti
417 446 506 474 Iesum
518 445 650 473 Christum
661 446 693 472 ⁸¹.
715 446 759 473 Ille
774 451 832 473 erat
842 454 907 482 ergo
918 453 997 474 verus
1013 446 1091 474 Deus:

308 493 355 528 qui
371 500 439 520 unus
458 491 531 519 solus
548 495 600 524 est,
618 495 646 519 et
661 499 714 519 non
733 497 774 519 est
794 491 862 519 alius
877 497 976 526 przcter
995 493 1091 528 ipsum.

309 538 358 572 Qui
379 545 431 565 non
451 537 538 564 solum
564 545 613 572 per
635 537 788 572 prophetas,
813 539 859 565 sed
880 543 907 565 et
931 545 978 573 per
996 537 1092 565 Filium

308 591 385 611 suum
410 583 459 610 ista
489 582 601 617 tempori
629 583 833 614 convenientia,
855 583 1020 610 idololatrico
1045 583 1092 610 Ju—

308 629 427 656 d:corum
452 629 549 664 populo
567 629 748 663 prmcipiebat.
774 628 905 662 Quocirca
926 628 1018 662 Isaias,
1046 634 1093 657 aut

309 675 379 702 Deus
397 674 486 708 potius
511 682 559 709 per
580 675 674 702 Isaiam
695 675 733 701 ait
753 683 761 702 :
784 675 885 702 Prwter
907 684 947 702 me
978 684 1030 702 non
1055 681 1092 702 est

307 719 378 747 Deus
393 727 402 746 :
417 718 482 752 Quis
503 725 530 746 ut
549 728 605 754 ego,
623 724 677 748 etc.
697 720 748 747 Vos
764 721 824 747 uti:
847 725 923 747 testes
938 720 962 747 εἱ
983 721 1041 755 quis
1057 721 1089 747 ait

308 765 378 791 Deus
404 770 500 798 prwter
526 773 565 791 me
583 764 615 792 ".
641 764 815 792 Subintulit:
839 764 915 798 Quod
939 773 989 792 non
1014 770 1089 792 erant

278 843 282 846 ~
307 817 369 837 tunc
389 811 435 846 qui
459 811 590 846 ﬁngebant
613 817 638 838 et
662 811 831 844 sculpebant,
854 819 941 837 omnes
963 811 1024 838 vani
1048 811 1090 846 fa-

307 856 401 882 tienles
426 865 485 890 qua:
507 857 642 890 platebanl
668 856 721 883 illi;
741 856 773 883 “.
802 856 906 891 Ubique
928 860 1017 884 autem
1043 865 1091 892 per

307 901 377 928 illius
407 902 574 936 prophetiam
605 902 667 929 licet
693 902 906 934 animadvertas,
929 903 1090 931 inanimatae

307 947 366 974 illas
388 953 491 976 statuas
510 948 657 983 ﬂagellatas
675 958 682 975 :
700 953 728 977 et
744 948 867 976 similiter
883 949 953 984 apud
972 950 1090 985 singulos

306 994 498 1028 prophetarum
527 1002 609 1021 unum
630 995 711 1022 Deum
732 995 851 1022 invenies
868 995 1042 1028 celebratum,
1061 1002 1090 1024 ut
1105 987 1126 1014 Β

307 1044 463 1066 avertantur
478 1040 600 1067 homines
613 1047 627 1067 a
643 1039 753 1067 deorum
769 1040 948 1068 multitudine.
963 1040 1002 1068 Ad
1017 1049 1090 1069 eum-

306 1083 366 1111 dem
383 1084 490 1112 modum
509 1093 556 1112 nos
573 1086 599 1112 in
619 1093 763 1120 congressu
780 1093 939 1121 quocunque
958 1095 1018 1113 cum
1041 1095 1090 1122 pa-

306 1130 383 1165 ganis
399 1130 516 1158 solemus
534 1131 685 1159 doctrinam
699 1132 732 1159 de
746 1132 854 1160 Christo
875 1133 901 1160 in
918 1138 1022 1168 tempus
1041 1142 1089 1169 op-

304 1181 448 1210 portunum
465 1185 608 1212 reponere,
626 1183 653 1206 et
666 1179 692 1205 in
710 1179 833 1213 praesenti
856 1180 956 1207 erroris
977 1179 1090 1207 idolola-

305 1222 366 1249 trici
396 1223 611 1258 redargutionem
641 1231 808 1258 proponere,
833 1229 861 1252 et
888 1225 933 1252 Dei
960 1226 1088 1254 unitatem

305 1267 526 1296 demonstrativis
558 1269 708 1297 rationibus
739 1270 870 1298 stabilire.
909 1271 999 1299 Discat
1029 1273 1089 1300 ideo

305 1312 456 1346 Marcellus,
478 1314 500 1342 si
517 1319 604 1342 tamen
621 1316 667 1349 qui
688 1316 885 1344 obvetcraverit
908 1325 969 1345 cum
985 1318 1090 1353 episco‘

303 1363 368 1393 pato
396 1359 422 1386 in
443 1359 561 1387 Ecclesia
590 1361 689 1388 Christi
712 1362 828 1389 nondum
855 1362 993 1396 didicerit,
1017 1365 1088 1398 quod

304 1404 424 1438 mysterii
452 1405 522 1432 illius
541 1406 689 1433 absconditi
710 1407 904 1442 intelligentia,
926 1413 1031 1436 vetusto
1049 1408 1086 1436 illi

304 1449 402 1482 populo
425 1457 477 1476 non
507 1451 756 1478 communicabatur
783 1452 815 1480 de
840 1452 908 1480 Filio
931 1453 996 1485 Deo,
1021 1461 1086 1488 pro-

303 1498 395 1526 pterea
416 1494 486 1528 quod
511 1496 544 1522 ah
566 1496 716 1523 idololatria
736 1497 906 1532 impendebat
931 1499 963 1526 iis
979 1499 1087 1533 pericu-

304 1539 358 1566 lum
371 1559 379 1572 ,
390 1545 417 1567 et
431 1541 499 1575 quod
515 1540 640 1569 Each-size
657 1543 838 1570 tantummodo
852 1545 1008 1580 mysterium
1024 1546 1086 1573 illud

303 1592 318 1612 a
335 1584 442 1618 saeculo,
462 1590 488 1612 et
511 1587 727 1621 generationibus
753 1589 937 1616 absconditum
962 1598 1086 1618 reserva-

303 1629 383 1656 hatur
397 1630 568 1664 aperiendum
584 1631 617 1658 ab
644 1631 726 1666 ipsius
742 1634 837 1667 gratia.
853 1632 881 1660 in
894 1641 946 1668 quo
959 1636 1086 1670 mysterio

303 1675 337 1701 de
356 1681 445 1702 sancta
463 1675 594 1704 Trinitate
609 1677 688 1710 ratio,
709 1678 742 1704 de
764 1677 853 1711 Patre,
871 1678 949 1711 Filio,
972 1685 1000 1707 et
1024 1680 1084 1714 Spi—

302 1720 356 1747 ritu
369 1725 473 1753 sancto,
489 1721 615 1748 nimirum
631 1723 918 1758 comprehendebatur.
932 1725 1012 1760 Atqui
1030 1730 1083 1752 tam

303 1765 387 1793 multa
410 1766 518 1802 collegit
544 1768 569 1794 in
594 1776 694 1800 unum,
717 1773 782 1804 quot
808 1769 849 1797 vel
873 1770 906 1798 de
931 1770 1083 1798 Judaeorutn

302 1817 382 1846 gente
414 1812 570 1840 circumcisa
597 1813 725 1849 magister
752 1814 778 1841 in
805 1813 916 1842 Judaica
943 1815 1083 1851 Synagoga

301 1858 538 1886 concionabundus
556 1864 753 1894 coacervasset,
774 1865 802 1888 et
823 1861 952 1896 gloriatur
972 1869 1002 1889 se
1027 1863 1084 1889 haec

303 1902 403 1930 Christi
430 1904 568 1939 discipulis
595 1905 742 1938 exhibere,
782 1907 844 1934 dum
872 1907 977 1943 ignorat
1012 1909 1083 1943 quod

303 1948 388 1976 multa
408 1949 493 1976 adhuc
511 1950 585 1984 plura
601 1949 708 1978 Iudaeus
729 1952 875 1979 secundum
892 1960 1001 1980 carnem
1018 1961 1083 1988 pro-

305 1993 418 2021 tulisset.
440 1994 539 2022 llorum
564 1997 650 2031 gratia
671 1997 714 2025 hic
739 1998 869 2025 insultat:
886 2007 939 2026 non
954 2007 1084 2027 verecun-

302 2039 381 2066 datur
407 2046 495 2068 autem
509 2043 579 2075 quod
597 2043 770 2078 theologicam
789 2044 957 2072 verissimam
972 2046 1005 2073 de
1020 2046 1083 2073 Ser-

302 2089 499 2113 vatorenostro
515 2089 644 2115 rationem
660 2090 799 2123 pervertit.

572 2136 601 2164 >Ι<
617 2134 692 2161 CAP.
715 2134 807 2162 XXlll.

399 2177 476 2210 Quod
494 2177 612 2205 Ecclesia
628 2188 677 2206 non
695 2181 819 2214 pra’dicat
834 2181 895 2208 deos
910 2182 986 2209 duos.

337 2222 459 2257 .nprimis
482 2231 534 2251 non
563 2223 690 2260 intelligit
714 2226 814 2253 dictum
840 2226 921 2254 divini
944 2227 1080 2262 Apostoli,

301 2266 346 2301 qui
367 2267 545 2296 diversimode
565 2268 642 2296 docet
666 2277 728 2297 esse
747 2270 820 2298 illum
848 2271 894 2299 Dei
919 2272 1081 2308 imaginem,

302 2313 390 2341 verbis
407 2322 421 2341 a
437 2322 478 2342 me
498 2316 641 2350 propositis
655 2325 663 2344 :
678 2317 748 2344 unde
762 2325 810 2352 par
828 2318 878 2346 fuit
897 2324 925 2346 ut
949 2320 1081 2355 intellige—

301 2362 353 2392 ret,
377 2360 447 2393 quod
470 2360 587 2388 Ecclesia
612 2362 658 2390 Dei
681 2369 733 2389 non
759 2364 887 2398 praedicat
911 2365 978 2393 duos
1004 2366 1079 2394 deos.

300 2403 366 2431 Nam
391 2413 439 2432 nec
454 2406 521 2434 duos
538 2407 669 2442 ingenitas
683 2409 768 2436 credit
783 2414 829 2437 aut
852 2410 1079 2446 imprincipiatos,

300 2454 330 2476 ut
346 2458 398 2477 non
412 2451 495 2479 semel
512 2453 638 2486 diximus,
654 2454 701 2482 sed
717 2462 767 2483 nec
783 2455 850 2484 duas
866 2457 1033 2486 substantias
1045 2466 1079 2486 ex

299 2494 412 2523 adverso
431 2496 597 2526 iutroductas
620 2499 721 2526 honore
740 2507 818 2535 pares
839 2502 937 2529 asserit
958 2509 966 2529 :
990 2502 1080 2537 itaque

299 2549 386 2576 neque
401 2543 466 2571 duos
480 2542 554 2577 deos,
579 2545 625 2572 sed
641 2546 749 2573 unicqu
771 2547 931 2582 principium
948 2551 975 2574 et
994 2547 1076 2575 Deum

299 2587 427 2620 praedicat
447 2597 506 2616 esse
523 2589 628 2617 Patrem
650 2591 754 2619 scilicet
775 2592 903 2627 unigeniti
932 2598 960 2620 et
987 2593 1079 2621 dilecti

298 2631 376 2665 Filii,
391 2641 470 2660 unam
489 2642 595 2670 quoque
614 2636 757 2671 imaginem
778 2637 922 2666 invisibilis
937 2637 996 2672 Dei,
1019 2647 1079 2674 qua

330 2728 360 2758 »ιι
378 2726 426 2754 Ed.
440 2726 539 2760 Paris.,
557 2735 618 2764 pag.
636 2728 698 2762 140,
718 2728 778 2756 Mt.
835 2730 858 2747 "
877 2731 957 2761 Joan.
973 2740 1045 2767 xvtt,
1065 2733 1093 2763 5.

405 2818 489 2854 Ῠιιῐκο
505 2818 528 2845 εί
538 2819 586 2854 μή.

335 2827 391 2850 (τυ)
409 2827 489 2853 vulgo
505 2827 528 2845 ει
559 2827 586 2854 η.

407 2853 490 2894 [itum
502 2827 695 2894 κμξιμάρμιηςῑ
710 2862 783 2894 mox,
793 2856 938 2894 ἐπήγαγεν
947 2857 970 2884 ὁ.

335 2886 392 2921 (28)
409 2886 479 2921 Περὶ
491 2889 545 2923 τῆς
563 2886 702 2924 ἓκὲομῆς.
718 2886 781 2918 Non
796 2886 898 2920 cst"de'
916 2892 1076 2921 circumcisa

302 2927 381 2956 gente
408 2923 546 2957 magister,
570 2928 600 2950 ut
626 2923 808 2957 inversione,

852 2927 910 2954 nasi
936 2927 1075 2962 legendum

303 2961 375 2987 esset
391 2957 464 2993 παρὰ
479 2963 525 2986 aut
536 2958 589 2986 ἀπὸ
604 2959 653 2994 τῆς
668 2961 827 2997 περιτομῆς.

879 2963 894 2989 d
911 2968 984 2991 recta
999 2963 1077 2991 lectio

1144 354 1297 390 παρεδίδου,
1311 353 1360 380 ἕνα
1379 352 1458 388 μόνον
1474 351 1572 378 εἰδέναι
1592 350 1723 377 διδάσκων
1746 350 1824 383 Θεὸν,
1842 351 1872 377 ὲν
1889 348 1935 383 οἷς

1143 400 1244 436 ἔλεγεν,
1251 400 1331 434 Αὕτη
1341 399 1374 426 δέ
1380 399 1467 426 ἐστιν
1474 398 1493 432 ἡ
1501 397 1617 430 αἰώνιος
1627 395 1692 431 ζωὴ,
1702 396 1752 423 ἵνα
1759 395 1936 431 γινώσκωσι

1142 458 1179 477 σε
1193 448 1247 476 τὸν
1258 448 1352 483 μόνον
1372 446 1518 481 ἀληθινὸν
1535 444 1619 477 Θεὸν,
1633 444 1681 471 καί
1696 443 1732 470 ὃν
1747 443 1935 476 ἀπέστειλας

1149 493 1266 528 Ἰησοῦν
1280 493 1422 527 Χριστόν.
1440 488 1523 523 Οὗτος
1538 487 1583 517 οὖν
1607 489 1622 516 ὁ
1640 489 1764 524 ἀληθινὸς
1777 486 1812 523 ἦν
1827 488 1903 521 Θεὸς,
1917 488 1935 514 δ

1142 537 1182 571 εἷς
1199 539 1287 574 μόνος,
1306 538 1353 565 καὶ
1367 537 1460 573 ἕτερος
1481 536 1530 563 οὐκ
1548 535 1605 561 ἐστι
1619 533 1687 569 πλὴν
1702 533 1795 564 αὐτοῦ,
1819 532 1876 568 (26)
1893 533 1934 569 μὴ

1143 585 1222 620 μόνον
1230 584 1273 611 διὰ
1280 584 1334 610 τῶν
1342 582 1499 619 προφητῶν,
1510 581 1576 609 ἀλλὰ
1584 580 1627 608 διὰ
1634 579 1681 607 τοῦ
1691 580 1756 606 ίδὶου
1765 578 1832 606 Υίοῦ
1845 578 1932 605 ταῦτα

1141 631 1202 657 κατ’
1227 631 1315 657 ἐκεῖνο
1341 628 1436 665 καιροῦ
1457 626 1706 662 εξᾶυλολατρεύοντι
1729 625 1767 660 τῷ
1795 625 1932 652 Ἰουδαίων

1141 675 1349 711 ἐγκελευόμενος
1364 675 1445 702 ἔθνει.
1457 673 1559 700 Αὐτίκα
1567 673 1590 699 δ’
1602 671 1648 700 οὖν
1657 673 1672 699 ὁ
1687 672 1809 703 Ἡσαΐας,
1829 671 1931 707 μᾶλλον

1141 722 1169 749 δὲ
1184 723 1198 749 ὁ
1214 721 1279 753 Θεὸς
1302 721 1336 748 δι’
1349 720 1442 749 αὑτοῦ,
1463 719 1565 746 εἰπών·
1585 719 1671 751 Πλὴν
1692 718 1764 752 ἐμοῦ
1785 719 1841 744 οὐκ
1863 717 1930 744 ἐστι

1142 768 1223 800 Θεός.
1232 767 1282 800 Τίς
1288 766 1388 801 ὥσπερ
1398 766 1465 801 ὲγὼ;
1477 766 1523 792 καὶ
1534 765 1606 800 ἑξῆς
1618 764 1770 799 Μάρτιιοες
1777 764 1833 799 (27)
1844 764 1932 799 ὑμεῖς

1139 813 1219 845 ἐστε,
1237 814 1261 840 εί
1284 813 1350 840 ἐστι
1376 812 1447 844 Θεὸς
1466 811 1549 845 πλὴν
1567 811 1650 846 ἐμοῦ,
1670 811 1792 847 ἐπήγαγε
1812 810 1852 837 τό·
1873 811 1929 838 Kal

1140 861 1195 886 οὐκ
1209 857 1289 894 ἦσαν
1312 858 1377 885 τότε
1398 859 1424 885 al
1440 856 1631 890 πλάσσοντες
1647 856 1695 883 καὶ
1716 857 1744 882 οι
1760 856 1927 892 γλύεροντες

1140 904 1250 937 πάντες
1262 903 1390 939 μάταιοι,
1409 902 1565 936 ποιοῦντες
1578 903 1614 929 τὰ
1630 902 1796 936 καταθύμια
1816 901 1929 930 αὐτῶν.

1140 949 1195 976 Καὶ
1210 948 1242 975 δι’
1257 948 1321 984 ὅλης
1336 948 1364 975 δὲ
1380 948 1428 984 τῆς
1445 947 1525 974 αὐτοῦ
1543 947 1709 983 προφητείας
1722 946 1813 982 εὕροις
1833 947 1867 974 ἂν
1882 955 1929 974 κο-

1141 993 1260 1029 πτόμενα
1276 993 1308 1020 τὰ
1322 993 1413 1028 ἀψυχα
1435 992 1526 1025 ξόανα,
1542 993 1588 1019 καὶ
1608 992 1673 1027 παρ’
1689 991 1795 1026 ἑκάστῳ
1810 991 1839 1018 δὲ
1861 1000 1930 1027 πε»-

1141 1041 1212 1076 φήτῃ
1236 1039 1335 1075 ὁμοίως
1357 1040 1397 1071 είς
1417 1038 1575 1075 ἀποτροπὴν
1595 1039 1645 1073 τῆς
1667 1037 1796 1064 πολυϐἐου
1823 1037 1928 1074 πλάνης

1139 1085 1184 1112 τὸν
1198 1085 1246 1112 ἕνα
1261 1085 1326 1112 Θεὸν
1338 1085 1538 1121 κηρυττόμενον
1551 1084 1686 1120 εὑρήσεις.
1701 1083 1779 1110 Οῦτω
1788 1084 1837 1110 καὶ
1848 1085 1929 1119 ἡμεῖς

1140 1133 1273 1168 εἰώθαμεν
1293 1132 1425 1169 Ἐλλήνων
1439 1134 1495 1164 τοῖς
1517 1131 1718 1166 δεισιδαίμοσιν,
1735 1132 1763 1157 ὲν
1785 1132 1843 1163 τοῖς
1860 1132 1927 1167 πρὸς

1140 1179 1236 1211 αὐτοὺς
1247 1179 1388 1213 διαλόγοις,
1405 1179 1454 1214 τὴν
1466 1178 1515 1213 μὲν
1528 1178 1591 1213 περ).
1605 1177 1651 1204 τοῦ
1665 1177 1785 1213 Χριστοῦ
1800 1177 1927 1203 διδασκα-

1140 1225 1211 1257 λίαν,
1223 1226 1262 1257 εἰς
1281 1225 1409 1261 εὔκαιρον
1429 1223 1617 1260 ταμιεύεσθαι,
1634 1223 1702 1255 τέως
1720 1224 1748 1250 δὲ
1770 1224 1864 1254 αὐτοῖς
1877 1223 1927 1257 τῆς

1138 1269 1328 1305 εἰδωλολάτρου
1353 1269 1456 1305 πλάνης
1477 1268 1605 1303 ἐλέγχους
1628 1268 1794 1304 προσφέρειν
1814 1268 1862 1294 καὶ
1881 1267 1928 1294 τὸν

1138 1315 1185 1342 ἕνα
1208 1313 1276 1341 εἶναι
1297 1314 1363 1341 Θεὸν
1380 1314 1577 1344 ἀποδεικτικοῖς
1596 1313 1812 1345 κατασκευάζειν
1826 1312 1926 1346 λόγοις.

1137 1361 1302 1388 Μανθανέτω
1322 1361 1411 1387 τοίνυν
1436 1359 1604 1396 Μάρκελλος,
1628 1360 1653 1386 εἰ
1677 1359 1873 1395 καταγηράσας
1896 1359 1927 1385 ὲν

1137 1406 1272 1441 ἐπισκοπῇ
1292 1406 1341 1441 τῆς
1367 1405 1485 1443 Χριστοῦ
1515 1405 1686 1440 Ἐκκλησίας,
1709 1404 1787 1431 οὔπω
1813 1404 1862 1431 καὶ
1878 1403 1927 1430 νῦν

1139 1450 1308 1486 μεμάθηκεν,
1321 1451 1362 1477 δτι
1377 1450 1415 1485 τῷ
1430 1449 1535 1485 παλαιῷ
1549 1450 1605 1486 λαῴ
1620 1451 1636 1485 ὴ
1651 1450 1697 1476 τοῦ
1711 1449 1928 1485 ἀποκεκρυμμέ-

1137 1502 1182 1520 νου
1198 1494 1347 1530 μυστηρίου
1361 1495 1424 1531 περὶ
1437 1495 1484 1521 τοῦ
1499 1494 1564 1521 Υίοῦ
1579 1495 1625 1521 τοῦ
1636 1495 1703 1522 Θεοῦ
1714 1495 1815 1529 γνῶσις
1830 1495 1929 1521 κατάλο

1136 1539 1215 1575 ληλος
1230 1539 1353 1575 οὐδαμῶς
1369 1538 1412 1576 ἦν,
1433 1540 1584 1576 ὀλισθηρῶς
1599 1540 1686 1576 ἔχοντι
1700 1541 1768 1577 πρὸς
1782 1541 1926 1568 εἰδωλολα-

1136 1586 1239 1622 τρείαν,
1253 1586 1299 1612 καὶ
1309 1586 1346 1618 ὡς
1358 1586 1427 1623 μόνῃ
1437 1588 1470 1622 τῇ
1479 1587 1561 1613 αὐτοῦ
1579 1587 1725 1623 Ἑκκλησίᾳ
1735 1588 1766 1614 τὸ
1775 1588 1927 1623 μυστήριον

1137 1632 1167 1658 τὸ
1181 1632 1423 1668 ἀποκεκρυμμένον
1447 1633 1501 1659 ἀπὸ
1517 1633 1570 1660 τῶν
1589 1633 1704 1665 αἰώνων,
1723 1634 1771 1660 κα).
1795 1633 1852 1660 ἀπὸ
1870 1633 1926 1660 τῶν

1137 1678 1246 1712 γενεῶν,
1259 1677 1302 1704 διὰ
1316 1679 1365 1714 τῆς
1381 1677 1463 1705 αὑτοῦ
1474 1678 1583 1714 χάριτος
1598 1679 1764 1714 ὲταμιεύετο.
1775 1679 1820 1705 Ἐν
1837 1676 1860 1712 ᾧ
1875 1688 1926 1713 μυ-

1139 1723 1240 1759 στηρίῳ
1258 1724 1272 1750 ὁ
1286 1724 1350 1759 περ).
1367 1724 1415 1759 τῆς
1429 1724 1507 1758 ἁγίας
1521 1725 1634 1761 Τριάδος
1650 1725 1755 1761 Πατρὸς
1776 1726 1825 1751 καὶ
1845 1725 1925 1757 Υὶοῦ,

1137 1769 1184 1795 καὶ
1195 1769 1270 1803 ἁγίου
1284 1769 1439 1805 Πνεῦματος
1454 1771 1606 1806 περιείχετο
1617 1771 1704 1805 λόγος.
1722 1771 1750 1797 '0
1765 1771 1793 1798 δὲ
1805 1771 1926 1798 τοσαῦτα

1138 1813 1306 1848 συναγαγὼν,
1333 1815 1383 1842 ὅσα
1406 1815 1439 1842 ἂν
1463 1815 1534 1842 είποι
1560 1816 1608 1843 καὶ
1639 1816 1774 1843 Ἰουδαίων
1795 1816 1924 1844 διδάσκα-

1136 1857 1181 1891 λος
1189 1860 1253 1895 περὶ
1269 1860 1318 1895 τῆς
1336 1861 1453 1896 ἑκτομῆς
1473 1861 1529 1896 (28)
1544 1861 1646 1896 ὁμιλῶν
1659 1862 1688 1888 ὲν
1714 1862 1850 1893 Ἰουδαίων
1864 1870 1925 1889 συν-

1136 1906 1243 1940 αγωγῇ,
1269 1905 1430 1940 σεμνύνεται
1451 1908 1506 1938 τοῖς
1531 1906 1650 1942 Χριστοῦ
1677 1907 1812 1942 μαθηταῖς
1837 1907 1926 1934 ταῦτα

1137 1951 1360 1992 προσαλλόμενος-
1385 1953 1435 1980 οὐκ
1453 1952 1530 1985 εἰδὼς
1538 1954 1580 1980 ὃτι
1597 1953 1706 1981 πλείονα
1714 1954 1796 1980 αὑτοῦ
1805 1954 1878 1982 είποι
1890 1954 1924 1982 ἂν

1135 1998 1150 2024 ό
1167 1999 1320 2034 σωματικὸς
1339 1999 1544 2032 ’1ουδαῖος.Ἐπ“ι
1559 2001 1665 2032 τούτοις
1683 2000 1732 2035 μὲν
1757 1998 1804 2027 οὖν
1833 2002 1923 2037 αὐχετ,

1137 2045 1192 2080 (29)
1209 2045 1257 2077 τὰς
1271 2045 1293 2072 δ’
1313 2045 1421 2081 ἀληθεῖς
1443 2048 1507 2082 περ).
1525 2046 1572 2073 τοῦ
1595 2047 1720 2082 Σωτῆρος
1737 2048 1816 2082 ἡμῶν
1834 2047 1925 2075 θεολο-

1135 2092 1197 2126 γίας
1210 2093 1379 2129 διαστρέφων
1394 2094 1444 2121 οὑκ
1460 2094 1666 2127 ἐγκαλύπτεται.

1450 2139 1527 2166 ΚΕΦ.
1544 2140 1607 2166 Kl".

1189 2184 1249 2211 Ὅτι
1261 2184 1303 2219 μὴ
1319 2184 1373 2212 δύο
1389 2185 1477 2218 θεοὺς
1492 2186 1511 2219 ἡ
1535 2186 1704 2220 Ἐκκλησία
1719 2186 1868 2220 κηρύττει.

1170 2228 1273 2255 Αὐτίκα
1281 2229 1303 2255 δ’
1317 2227 1362 2256 οὖν
1373 2230 1403 2255 οὺ
1415 2229 1520 2265 συνίησι
1535 2229 1585 2261 τὰς
1596 2230 1687 2264 φωνὰς
1697 2230 1744 2256 τοῦ
1754 2229 1826 2256 Θείου
1846 2230 1925 2257 Ἀπο-

1136 2274 1238 2306 στόλου,
1254 2275 1390 2311 διαφόρως
1405 2275 1567 2308 διδάξαντος,
1587 2276 1668 2303 αὑτὸν
1683 2274 1752 2304 εἶναι
1768 2276 1862 2303 είκόνα
1876 2277 1922 2304 τοῦ

1135 2320 1212 2353 Θεοῦ,
1231 2321 1264 2347 δι’
1281 2317 1317 2347 ὧν
1338 2321 1469 2357 ὲξεθέμην
1485 2321 1568 2349 αὐτοῦ
1585 2321 1684 2354 λέξεων
1695 2331 1701 2337 ·
1718 2321 1776 2349 δέον
1796 2322 1923 2349 ἐντεῦθεν

1135 2367 1263 2399 συνεῖναι,
1277 2366 1314 2398 ὡς
1330 2367 1361 2393 οὐ
1374 2366 1421 2394 δύο
1439 2367 1515 2400 Θεοὺς
1531 2368 1547 2403 ἡ
1566 2367 1713 2404 Ἐκκλησία
1728 2367 1774 2395 τοῦ
1791 2367 1861 2395 Θεοῦ
1873 2376 1924 2403 κη-

1135 2411 1236 2448 ρύττειο
1254 2412 1284 2438 οὐ
1298 2412 1352 2449 γὰρ
1373 2412 1419 2440 δύο
1438 2413 1584 2449 ἀγέννητα,
1605 2413 1666 2440 οὐδὲ
1685 2413 1731 2441 δύο
1741 2413 1860 2449 ἄναρχα,
1884 2414 1924 2446 ὡς

1133 2457 1262 2490 πολλάκις
1277 2459 1342 2494 ἡμῖν
1357 2460 1474 2495 εῐρηται.
1487 2459 1548 2486 οὐδὲ
1562 2460 1609 2487 δύο
1631 2460 1722 2492 οὐσίας
1737 2459 1767 2493 ἐξ
1785 2460 1922 2496 ίσοτιμίας

1131 2503 1417 2540 ἀντιπαρεξαγομένας
1439 2505 1568 2541 ἀλλήλαις
1585 2505 1640 2541 (50)
1659 2505 1774 2540 εἰσάγει·
1795 2505 1837 2532 διὸ
1861 2505 1921 2533 οὐδὲ

1130 2549 1177 2577 δύο
1191 2550 1284 2583 θεοὺς,
1298 2550 1365 2578 ἀλλὰ
1379 2551 1443 2586 μίαν
1453 2551 1542 2588 ἀρχὴν
1550 2552 1598 2578 καὶ
1607 2551 1673 2578 Θεὸν
1686 2550 1766 2583 εἶναι,
1782 2551 1828 2578 τὸν
1840 2551 1922 2578 αὐτὸν

1131 2596 1239 2632 Πατέρα
1253 2596 1413 2625 διδάσκουσα
1428 2596 1498 2626 εἶναι
1508 2597 1555 2625 τοῦ
1575 2598 1734 2634 μονογενοῦς
1747 2598 1794 2625 καὶ
1809 2599 1921 2633 ἀγαπη-

1130 2641 1177 2668 τοῦ
1193 2642 1269 2675 Υίοῦ,
1285 2643 1414 2675 ὡσαύτως
1429 2643 1457 2670 δὲ
1474 2643 1522 2670 καὶ
1545 2643 1609 2679 μίαν
1623 2643 1716 2670 εἰκόνα
1727 2642 1773 2670 τοῦ
1789 2643 1860 2670 Θεοῦ
1874 2642 1920 2669 τοῦ

1130 2735 1153 2751 ⁸³
1173 2735 1222 2764 lsa.
1236 2744 1298 2770 ην,
1314 2737 1414 2772 Η,18,
1431 2738 1474 2770 l9,
1488 2737 1535 2766 2|.
1573 2737 1597 2753 “
1616 2736 1682 2765 ibid.
1693 2736 1741 2765 20.

1129 2829 1171 2862 est
1191 2825 1320 2862 ὲκτομῆς,
1334 2826 1369 2854 de
1392 2825 1542 2862 excisione,
1563 2830 1592 2854 et
1616 2825 1801 2862 eradicatione
1827 2825 1918 2861 gentis

1130 2860 1163 2888 ab
1179 2860 1330 2897 idololatria
1343 2861 1475 2897 ;rstatim.
1487 2861 1535 2888 καὶ
1551 2860 1720 2897 σεμνύνεται.
1741 2860 1776 2889 Μ,

1163 2896 1221 2931 (29)
1238 2896 1321 2931 Vulgo
1336 2896 1386 2931 μὲν
1402 2896 1491 2931 αὐχεῖ.

1165 2930 1221 2967 (50)
1238 2930 1322 2967 Vulgo
1333 2930 1467 2968 ἀλλήλοις.
