2032 3211
97 125 150 155 961

570 127 615 156 DE
634 128 899 160 ECCLESIASTICA
919 132 1116 162 THEOLOGIA
1141 134 1206 164 LIB.
1225 134 1255 165 ll.

1669 138 1722 168 96%

90 185 228 222 ἀοράτου,
250 185 300 222 τὴν
320 186 407 223 αὐτὴν
431 183 515 214 οὖσαν
534 187 573 224 τῷ
594 190 733 224 μονογενεῐ
755 190 802 217 καὶ
824 190 882 225 ἀγαι

942 194 1035 221 eadem
1057 195 1092 222 sit
1114 202 1173 222 cum
1192 194 1331 230 unigenito
1352 200 1381 224 et
1395 196 1494 224 dilecto
1513 196 1601 225 Filio:
1616 197 1722 228 etiamsi

95 231 178 267 πητῷ
187 231 244 267 Υἰῷ
255 231 348 265 αὑτοῦ,
361 232 413 259 κᾶν
421 232 488 270 λέγῃ
497 232 525 259 δὲ
538 234 552 260 6
570 234 739 268 Ἀπόστολος,
757 235 888 270 θεολογῶν

94 277 144 304 τὸν
157 277 277 313 Πατέρα·
296 277 326 304 '0
339 278 485 312 μακάριος
497 279 545 305 καὶ
559 279 654 314 μόνος
664 279 827 315 δυνάστης,
842 283 887 309 καὶ

95 323 190 350 πάλινο
200 322 227 349 '0
230 323 325 357 μόνος
333 323 411 358 ἔχων
418 325 596 357 ἀθανασίαν,
604 325 666 360 φῶς
677 326 766 353 οἰκῶν
779 327 889 361 ἀπρόσ-

90 376 178 399 ιτον,
208 369 255 394 καὶ
279 366 367 400 αὖθιςο
396 368 436 402 Τῷ
462 368 497 395 δὲ
526 370 653 402 ,βασιλεῖ
678 371 738 398 τῶν
762 373 885 406 αἰώνων,

72 409 246 449 ’ἀφθάρτψ
267 414 391 449 ἀοράτῳ,
412 416 495 450 μόνῳ
523 415 592 449 Θεῷ,
619 417 664 444 καὶ
686 418 775 446 πάλιν·
799 421 887 453 Μόνῳ

94 459 182 494 σοφῷ
205 459 266 493 Θεῷ
286 460 335 487 διὰ
357 460 454 495 Ἰησοῦ
476 461 606 495 Χριστοῦ
623 463 642 497 ἡ
659 463 734 496 δόξα
753 466 797 498 εἰς
816 465 887 499 τοὺς

93 505 216 538 αἰῶνας,
233 505 324 540 ἀμήν.
340 505 399 532 Κᾶν
411 506 511 533 τούτων
532 507 571 534 ἐτι
588 508 696 536 πλείονα
718 509 822 544 λέγοιτο
846 512 886 542 εἰς

93 551 250 586 δοξολογίαν
266 552 314 578 τοῦ
327 551 385 584 ἐνὸς
401 553 448 579 καὶ
461 553 507 578 ἐπὶ
522 553 629 581 πάντων
641 555 708 582 Θεοῦ
724 557 770 583 καὶ
784 557 886 584 τούτων

95 598 224 624 ἁπάντων
238 597 292 634 χρὴ
308 600 377 626 νοεῖν
393 598 486 625 εἰκόνα
509 598 578 628 εἶναι
598 601 644 627 τὸν
670 603 800 638 μονογενῆ
822 603 885 630 Υἱὸν

94 644 142 671 τοῦ
165 643 233 671 Θεοῦ
250 645 298 680 οὐχ
314 644 351 677 ὡς
368 645 465 681 ἀψύχῳ
484 646 544 683 ὕλῃ,
560 647 617 673 ἀλλ’
634 647 671 679 ὡς
687 649 716 675 ὲν
734 649 789 684 Υἰῷ
805 649 885 681 ζῶντι

97 688 328 724 μιμορφωμένηνο
344 689 396 716 κᾶν
413 691 493 722 αὐτὸς
507 692 521 717 6
546 691 640 727 Σωτὴρ
663 693 742 727 μόνον
757 693 884 728 ἀληθινὸν

90 734 162 761 Θεὸν
185 735 299 772 διδάσκῃ
321 733 391 762 εἶναι
414 737 460 763 τὸν
474 737 583 773 Πατέρα
600 738 697 773 λέγων,
716 740 779 766 "Ira
801 741 885 775 γινώ-

94 782 194 808 σκωσί
215 789 253 809 σε
274 782 328 809 τὸν
355 783 452 817 μόνον
477 784 622 819 ἀληθινὸν
645 785 729 818 Θεὸν,
753 787 810 813 ἀλλ’
834 788 884 815 οὐκ

96 828 264 864 ἀποκνητέον
278 829 325 855 καὶ
344 829 424 856 αὑτὸν
446 829 512 856 Θεὸν
533 831 657 866 ἀληθινὸν
679 826 831 868 ὁμολογεῖν,
846 833 884 866 ὡς

95 874 124 900 ἐν
139 874 234 907 εἰκόνι,
256 874 305 902 καὶ
327 874 405 901 τοῦτο
426 876 604 912 κεκτημένον·
628 877 671 904 ῐνα
692 879 709 914 ὴ
732 878 779 905 τοῦ
802 879 883 914 μόνου

95 919 237 956 προσθήκη
254 921 327 956 μόνῳ
342 921 381 956 τῷ
393 921 490 957 Πατρὶ,
504 922 541 953 ὡς
556 922 588 950 ἂν
605 922 660 958 (51)
677 924 821 960 ἀρχετύπῳ
836 926 884 961 τῆς

94 965 207 998 εἰκόνος,
231 966 347 1002 ἀρμόζῃ.
368 966 529 1000 Σαφέστατα
546 967 611 1002 γοῦν
625 968 717 995 εἰκόνα
738 970 783 996 καὶ
797 970 885 997 ἀπαύ-

93 1019 189 1046 γασμα
201 1010 248 1038 τοῦ
260 1012 366 1046 [ἰατρὸς
378 1013 407 1038 ὲν
421 1012 511 1048 μορφῇ
524 1021 554 1040 τε
569 1013 616 1040 τοῦ
629 1013 697 1041 Θεοῦ
714 1013 786 1042 εἶναι
802 1016 883 1043 αὐτὸν

95 1058 109 1082 6
129 1056 271 1089 θεσπέσιος
289 1056 390 1089 ἐδίδαξε
408 1058 523 1091 Παῦλος,
543 1058 581 1091 ὡς
595 1060 639 1086 διὰ
661 1056 715 1087 τῶν
730 1060 883 1096 ἔμπροσθεν

91 1100 303 1127 ἀποδέδεικται·
340 1101 435 1138 ὥσπερ
466 1100 512 1130 οὖν
551 1104 610 1135 ἑνὸς
641 1105 796 1139 ὑφεστῶτος
828 1107 884 1132 Πα-

95 1145 166 1180 τρδς,
192 1146 238 1172 καὶ
270 1146 330 1179 ἐνὸς
361 1147 426 1174 Υἰοῦ
455 1147 552 1182 φύντος
569 1150 601 1175 ὲκ
627 1149 673 1176 τοῦ
698 1151 803 1186 Πατρὺς
834 1152 884 1178 οὐκ

93 1192 126 1218 ἄν
148 1200 192 1224 τις
211 1192 349 1228 εὐφρονῶν
370 1193 442 1220 εἴποι
456 1194 503 1220 δύο
524 1195 645 1231 πατέρας
666 1196 809 1232 ὑπάρχειν,
823 1199 883 1225 οὐδὲ

91 1237 168 1269 ὐἱοὺς
188 1238 245 1266 δύο.
268 1239 323 1265 Καὶ
345 1239 440 1275 ὥσπερ
470 1240 602 1275 βασιλέως
627 1243 791 1277 κρατοῦντος
813 1245 881 1277 ἐνὸς,

92 1283 197 1314 εἰκόνος
211 1283 241 1310 δὲ
254 1285 336 1311 αὐτοῦ
362 1286 500 1320 πανταχοῦ
518 1287 569 1321 γῆς
592 1289 799 1325 προφερομένης
814 1290 881 1325 (52),

92 1328 143 1354 οὐκ
167 1328 199 1356 ἄν
221 1338 264 1361 τις
286 1330 432 1366 σωφρονῶν
456 1331 502 1358 δύο
524 1333 595 1359 εἴποι
618 1334 681 1365 τοὺς
705 1335 881 1370 κρατοῦντας,

92 1373 150 1399 ἀλλ’
163 1373 211 1401 ἕνα
225 1375 270 1401 τὸν
281 1376 328 1402 καὶ
338 1376 382 1402 διὰ
393 1378 442 1412 τῆς
457 1378 560 1409 εἰκόνος
574 1378 737 1414 τιμώμενον·
752 1381 821 1407 κατὰ
837 1381 883 1407 τὸν

93 1419 175 1447 αὑτὸν
182 1421 292 1456 τρόπον,
299 1421 336 1453 ὡς
344 1422 391 1449 καὶ
401 1422 530 1455 πολλάκις
543 1425 609 1459 ἡμῖν
616 1425 733 1460 εἴρηται,
743 1426 790 1452 καὶ
798 1427 814 1461 ἡ
823 1427 883 1453 Ἐκ-

93 1465 194 1501 κλησία
210 1466 256 1492 τοῦ
277 1466 344 1493 Θεοῦ
361 1467 409 1494 ἕνα
426 1469 621 1504 παραλαϐοῦσα
641 1470 707 1497 Θεὸν
731 1471 819 1498 σέῦειν
837 1472 882 1498 τὸν

93 1512 188 1544 αὐτὸν,
206 1512 252 1538 καὶ
270 1513 313 1539 διὰ
328 1513 374 1540 τοῦ
391 1514 466 1546 Υἰοῦ,
496 1515 532 1546 ὡς
560 1515 604 1542 διὰ
626 1515 696 1552 [τοῦ]
713 1517 766 1551 (55)
779 1516 881 1549 εἰκόνος

96 1557 174 1592 μένει
189 1558 386 1592 προσκυνοῦσα.
404 1560 437 1586 "A
451 1560 482 1595 δὴ
497 1561 543 1587 καὶ
556 1561 593 1596 μὴ
608 1562 696 1594 συνεὶς
710 1563 877 1598 Μάρκελλος,

94 1603 146 1639 τὴν
168 1603 258 1630 εἰκόνα
278 1604 325 1631 τοῦ
344 1604 410 1632 Θεοῦ
434 1606 482 1632 τοῦ
496 1607 610 1641 ἀοράτου
627 1607 675 1643 τὴν
696 1607 795 1642 σάρκα
811 1607 879 1636 εἶναι

94 1649 142 1676 τοῦ
165 1650 289 1686 Σωτῆρος
309 1651 476 1688 ἀπεφήνατο,
494 1654 526 1688 ῆν
548 1654 561 1680 6
587 1654 747 1686 ’Λπόστολος
758 1655 880 1689 μορφὴν

92 1695 171 1732 [τοῦ]
196 1696 307 1724 δούλου
334 1698 477 1734 κέκληκεν
505 1700 534 1725 οὑ
558 1700 744 1736 λογισάμενος,
767 1702 807 1728 ὅτι
833 1701 880 1727 καὶ

92 1743 193 1774 πάντες
206 1742 351 1779 ἄνθρωποι1
368 1745 436 1771 κατὰ
448 1745 495 1780 τὴν
508 1746 606 1781 σάρκα,
618 1746 664 1772 τοῦ
679 1747 754 1781 Emi;
760 1755 803 1781 ρος
817 1754 880 1780 τυγ-

90 1788 203 1823 χάνουσι
217 1790 437 1825 μεμορφωμένοι.
456 1791 511 1817 Καὶ
529 1791 559 1817 τὸ
578 1792 625 1827 μὲν
641 1792 720 1827 σῶμα
741 1792 755 1818 ὃ
773 1792 879 1826 ἀνείλη-

92 1841 142 1867 φεν
157 1834 171 1859 ό
184 1833 288 1870 Σωτὴρ,
303 1834 353 1870 τῆς
368 1835 516 1871 ἁγεννήτου
528 1836 574 1862 καὶ
590 1837 710 1872 ἀρρήτου
725 1838 770 1863 καὶ
784 1846 881 1873 πατρι-

90 1878 144 1918 κῆς
160 1878 284 1914 Θεότητος
301 1880 392 1907 εἰκόνα
409 1880 478 1908 εἶναι
495 1882 698 1917 διῖοχυρίζεται·
716 1883 761 1909 τὸν
776 1883 803 1909 δὲ
817 1883 879 1909 Υἰὸν

90 1925 140 1952 τοῦ
167 1925 234 1952 Θεοῦ
255 1926 300 1953 τὸν
324 1928 466 1963 μονογενῆ,
492 1928 525 1954 δι’
548 1926 578 1955 οὗ
598 1928 634 1954 τὰ
657 1928 745 1955 πάντα
765 1929 878 1965 συνέστη

92 1971 212 2005 (Narra
226 1971 281 2007 γὰρ
299 1973 337 1999 δι’
355 1973 449 2000 αὑτοῦ
466 1973 594 2008 ἐγένετο,
612 1974 659 2000 καὶ
680 1975 770 2009 χωρὶς
787 1975 880 2002 αὑτοῦ

90 2017 206 2052 ἐγένετο
221 2017 292 2045 οὐδὲ
302 2018 356 2054 ἓν),
368 2019 489 2055 ἀρνεῖται.
503 2018 571 2046 εἶναι
583 2020 674 2048 εἰκόνα
688 2020 735 2047 τοῦ
748 2021 816 2047 Θεοῦ
833 2022 881 2048 αὺ-

92 2058 151 2095 ταίς
168 2064 312 2097 συλλαϐαῖς
330 2064 428 2100 λέγων,
452 2075 462 2092 ι
486 2066 591 2093 Οὐκοῦν
608 2067 750 2102 πρόδηλον,
771 2068 812 2094 ὅτι
827 2068 880 2104 πρὸ

93 2119 105 2136 ‹
124 2109 174 2146 τῆς
196 2110 242 2137 τοῦ
268 2111 401 2147 ἡμετέρου
424 2112 549 2148 σώματος
572 2113 743 2148 ἀναλήψεως,
767 2114 880 2148 ὸΛόγος

94 2165 105 2182 ί
125 2156 187 2183 καθ’
213 2157 308 2184 ἑαυτὸν
333 2159 382 2184 οὐκ
405 2156 439 2193 ἦν
462 2158 542 2185 εἰκὼν
560 2159 606 2185 τοῦ
627 2160 741 2195 ἀοράτου
763 2159 841 2187 Θεοῦ.
867 2169 876 2186 ι

939 239 1010 266 dicat
1031 240 1191 275 Apostolus,
1211 241 1341 270 deillcans
1366 243 1490 276 Patrem,
1515 244 1566 277 Qui
1587 244 1678 273 beatus
1698 251 1722 274 et

939 287 1010 314 solus
1029 293 1118 323 potens
1135 295 1172 317 est
1185 290 1218 316 ".
1235 289 1268 317 Et
1292 298 1398 323 rursus,
1419 291 1471 324 Qui
1487 292 1558 318 solus
1574 292 1648 320 habet
1672 294 1725 320 im-

938 333 1134 367 mortalitatem,
1149 335 1232 362 lucem
1253 336 1373 364 lmbt'tam
1397 338 1557 365 inaccessam
1569 338 1602 366 “.
1619 338 1653 366 Et
1674 340 1725 368 ite-

939 386 1009 412 rtttn,
1031 379 1095 415 Regi
1110 386 1196 408 autem
1213 382 1382 415 swculornm,
1401 383 1612 418 incorruptibili,
1630 385 1723 413 invisi-

938 423 993 455 bili,
1015 425 1065 451 soli
1084 424 1136 452 Deo
1150 425 1182 452 ".
1198 425 1230 452 Et
1249 427 1357 459 iterum,
1380 426 1439 455 Soli
1460 428 1573 463 sapienti
1592 429 1655 462 Deo,
1674 438 1724 465 per

937 469 1026 496 luunt
1051 470 1184 498 Christum
1205 472 1239 499 u't
1263 473 1347 507 gloria
1371 473 1400 500 in
1424 472 1530 502 secula
1547 475 1722 510 seculorum,

937 516 1017 542 Amen
1036 516 1068 544 ".
1096 516 1176 544 Plura
1206 517 1294 544 adhuc
1320 525 1381 545 cum
1411 523 1535 553 poterant
1561 519 1670 555 allegari
1694 521 1721 548 in

936 561 1024 590 Patris
1045 563 1214 598 domlogiam
1228 584 1236 597 ,
1256 564 1302 599 qui
1320 573 1388 593 unus
1403 570 1461 597 est,
1484 571 1511 593 et
1534 574 1615 601 super
1631 569 1721 595 omnia

937 607 1023 640 Deus,
1038 616 1153 643 quorum
1176 611 1296 636 omnium
1318 617 1394 637 mens
1415 615 1472 643 est,
1494 615 1523 638 ιιι
1540 611 1722 647 intelligamus

935 652 1033 680 Filium
1059 655 1226 689 unigenitum
1252 656 1297 683 Dei
1323 664 1384 684 esse
1407 656 1550 692 imaginem
1576 665 1628 684 non
1649 659 1721 687 utin

936 699 1045 725 materia
1064 699 1186 733 inanimi,
1207 701 1253 727 sed
1269 705 1296 728 ut
1314 702 1339 728 in
1359 701 1428 728 Filio
1444 702 1504 729 vivo
1526 703 1720 735 assimilatam;

935 745 999 779 quin
1020 749 1047 771 et
1067 745 1124 779 ipse
1140 745 1268 773 Servator
1287 754 1347 774 cum
1364 747 1447 775 Deum
1469 756 1549 775 unum
1571 749 1656 776 solutn
1677 757 1722 777 ve-

935 796 993 816 rum
1009 796 1069 816 esse
1086 790 1192 822 doceat,
1216 790 1350 825 inquiens,
1371 790 1405 818 Ut
1427 798 1580 826 cognoscant
1598 799 1622 820 te
1641 802 1720 821 unum

934 834 1016 861 solum
1031 844 1118 862 verum
1136 838 1219 863 Deum
1231 837 1273 870 “;
1292 837 1338 864 sed
1353 846 1405 865 non
1423 843 1512 866 tamen
1525 847 1679 874 gravetnur,
1694 845 1721 868 et

937 889 1026 908 verum
1043 881 1124 909 Deum
1139 882 1274 915 conﬁteri,
1288 888 1316 910 et
1331 883 1428 911 Filium
1451 884 1532 911 veluti
1554 884 1580 911 in
1604 884 1721 919 imagine

936 927 1121 961 resultantem,
1147 934 1177 955 ut
1209 929 1311 956 additio
1335 929 1380 956 illa
1404 929 1489 963 solus,
1510 930 1560 957 soli
1581 930 1653 958 Patri
1673 931 1721 957 ad-

935 976 1049 1006 aptetur,
1061 973 1204 1007 ulpotequi
1218 972 1344 1008 imaginis
1355 973 1391 1001 sit
1401 974 1578 1009 archetypon.
1588 973 1720 1007 Quocirca

934 1017 1083 1045 clarissime
1095 1019 1213 1046 ostendit
1229 1018 1336 1046 divinus
1351 1018 1462 1052 Paulus,
1478 1019 1563 1055 ipsum
1578 1027 1637 1047 esse
1652 1020 1721 1046 ima-

933 1064 1021 1098 ginem
1041 1063 1202 1097 eﬂluentem,
1227 1065 1312 1092 lucem
1335 1065 1440 1098 Patris,
1463 1071 1490 1093 et
1512 1067 1537 1093 in
1558 1066 1643 1093 forma
1672 1066 1718 1093 Dii

933 1110 1086 1143 exstitisse;
1103 1111 1173 1145 quod
1193 1111 1220 1138 in
1236 1111 1419 1146 superioribus
1433 1111 1550 1146 positum
1574 1117 1615 1139 est
1635 1120 1648 1138 a
1670 1120 1720 1139 no—

933 1156 975 1183 bis
994 1165 1002 1184 :
1024 1156 1107 1184 veluti
1129 1157 1212 1192 igitur
1233 1165 1295 1185 cum
1321 1165 1390 1185 unus
1425 1157 1557 1185 subsistat
1579 1157 1669 1192 Pater,
1691 1163 1720 1185 et

933 1212 1002 1232 unus
1016 1205 1048 1232 de
1063 1204 1142 1231 Patre
1157 1205 1190 1232 sit
1205 1210 1281 1232 ortus
1294 1204 1390 1237 Filius,
1409 1211 1488 1232 nemo
1511 1205 1631 1239 prudens
1645 1203 1718 1231 allir-

933 1251 1046 1278 maverit
1060 1250 1127 1278 duos
1144 1254 1246 1285 patres,
1265 1255 1312 1277 aut
1333 1249 1402 1277 ﬁlios
1423 1250 1506 1283 duos;
1519 1254 1547 1277 ct
1567 1250 1647 1277 veluti
1673 1250 1719 1277 ubi

933 1304 981 1323 rex
994 1304 1062 1323 unus
1080 1301 1122 1323 est
1139 1304 1199 1325 cum
1216 1296 1338 1331 imperio,
1353 1296 1431 1330 cujus
1451 1297 1538 1330 imago
1553 1296 1652 1331 ubique
1665 1300 1720 1323 ter-

933 1351 1024 1370 rarum
1046 1343 1193 1375 deferatur,
1216 1350 1294 1369 nemo
1315 1343 1433 1377 prudens
1449 1342 1516 1369 duos
1539 1342 1638 1369 dixerit
1659 1348 1720 1368 esse

934 1396 1028 1424 reges:
1044 1388 1089 1415 sed
1107 1396 1187 1415 unum
1210 1388 1254 1422 qui
1275 1395 1323 1422 per
1338 1392 1364 1415 et
1387 1388 1412 1414 in
1429 1387 1546 1422 imagine
1566 1395 1614 1414 sua
1634 1387 1719 1414 Itono-

933 1440 1017 1461 ratur.
1032 1434 1132 1461 Eodem
1149 1435 1227 1460 modo
1243 1439 1270 1460 ut
1289 1434 1345 1468 jam
1367 1433 1470 1468 pluries
1487 1434 1588 1460 dictum
1603 1438 1654 1465 est,
1670 1433 1720 1459 Ec-

932 1479 1013 1507 clesia
1026 1479 1083 1511 Dei,
1096 1487 1156 1513 quae
1170 1479 1274 1514 accepit
1292 1480 1370 1505 unius
1379 1481 1407 1510 ἧς
1417 1478 1585 1512 Deicultum,
1596 1478 1718 1506 eumdem

934 1525 1016 1552 Deum
1039 1533 1087 1560 per
1103 1525 1200 1552 Filium
1223 1525 1366 1560 imaginem
1387 1532 1463 1551 suam
1484 1524 1588 1552 scilicet
1605 1524 1719 1552 adorare

931 1575 1094 1606 perseverat.
1116 1569 1192 1602 Quod
1207 1577 1268 1596 cum
1291 1568 1431 1596 Marcellus
1447 1569 1599 1603 ignoraret,
1621 1569 1717 1604 imagi-

931 1623 992 1642 nem
1010 1615 1082 1642 illam
1099 1615 1143 1642 Dei
1161 1614 1303 1642 invisibilis
1317 1614 1384 1641 dixit
1405 1621 1467 1641 esse
1486 1622 1593 1640 cantent
1614 1612 1715 1641 Serva-

931 1661 1007 1693 toris,
1022 1669 1100 1696 quam
1118 1660 1262 1695 Apostolus
1281 1661 1347 1687 servi
1372 1659 1485 1694 formam
1497 1659 1519 1674 ⁷¹⁵
1544 1659 1714 1687 nominavit:

931 1707 1042 1734 minime
1060 1706 1213 1740 recogitans
1236 1705 1306 1741 quod
1326 1704 1473 1732 secundum
1491 1711 1599 1731 carnem
1620 1705 1719 1731 Serva-

931 1752 997 1779 toris
1010 1752 1132 1778 homines
1145 1751 1242 1786 singuli
1262 1750 1406 1785 imaginem
1423 1749 1634 1783 circumgestent
1647 1749 1716 1783 ejus.

930 1799 1032 1832 Corpus
1056 1798 1145 1832 itaque
1171 1798 1241 1832 quod
1267 1796 1411 1831 assumpsit
1433 1795 1571 1826 Servatur,
1597 1794 1642 1821 ille
1657 1802 1718 1822 esse

931 1845 1072 1880 ingeniun,
1097 1843 1258 1876 ineﬂ'abilis,
1283 1848 1402 1878 paterna:
1435 1841 1546 1869 deitatis
1571 1840 1716 1876 imaginem

931 1895 1067 1917 asseverat
1087 1898 1095 1916 τ
1118 1889 1215 1916 Filium
1239 1895 1329 1916 autem
1354 1888 1540 1923 unigenitum,
1564 1894 1612 1921 per
1636 1894 1717 1921 quem

931 1936 1020 1962 omnia
1035 1935 1194 1967 subsistunt,
1210 1934 1278 1961 Nam
1293 1934 1380 1961 omnia
1394 1942 1440 1968 per
1455 1933 1528 1959 illum
1545 1932 1617 1967 facta
1631 1936 1693 1958 sunt
1706 1952 1715 1964 ,

930 1986 953 2007 et
967 1981 1021 2008 sine
1035 1980 1080 2007 illo
1096 1982 1195 2014 [aetum
1210 1984 1248 2007 est
1264 1978 1330 2006 nihil
1343 1979 1364 1994 '“
1375 1998 1384 2011 ,
1401 1982 1481 2013 negat
1496 1977 1642 2012 imaginem
1656 1984 1717 2004 esse

931 2026 997 2060 Dei,
1021 2026 1129 2054 totidem
1158 2027 1248 2053 verbis
1276 2025 1418 2053 scribens:
1439 2034 1448 2051 ι
1463 2024 1595 2058 Quocirca
1623 2029 1716 2058 patet,

933 2083 942 2099 ι
965 2074 1035 2107 quod
1059 2077 1121 2100 ante
1141 2078 1309 2107 assumptum
1325 2079 1422 2106 corpus
1439 2076 1578 2102 nostrum,
1599 2070 1717 2097 Verbum

933 2128 943 2145 ί
967 2127 1013 2154 per
1032 2127 1061 2146 se
1083 2127 1135 2146 nott
1161 2124 1219 2146 erat
1245 2119 1332 2154 imago
1356 2117 1478 2145 Patris.»
1509 2117 1613 2144 Videsis
1635 2124 1715 2150 quant

930 2170 1066 2202 pervertat
1104 2165 1306 2199 interpretando
1333 2163 1455 2199 Apostoli
1494 2168 1629 2195 mentem,
1653 2171 1715 2190 ctnn

97 2202 180 2239 Ὁρᾷς
195 2203 245 2239 ὅσῃ
261 2203 408 2239 διαστροφῇ
423 2204 554 2240 κέχρηται
569 2205 617 2241 τῆς
631 2206 811 2242 ὰποστολικῆς
833 2207 879 2244 ἐρ,

933 2212 1049 2239 Joannes
1063 2211 1225 2246 evangelista
1239 2210 1395 2246 mysterium
1411 2209 1486 2241 illud,
1502 2208 1571 2243 quod
1588 2207 1671 2242 Moysi
1689 2212 1717 2235 et

92 2248 216 2284 μηνείας.
228 2249 306 2276 Οὕτω
315 2250 344 2277 δὲ
354 2250 400 2276 τοῦ
410 2251 601 2285 εὐαγγελιστοῦ
622 2252 756 2284 Ἰωάννου,
766 2253 797 2279 τὸ
808 2255 881 2290 παρὰ

92 2296 189 2323 Motae!
216 2297 263 2323 καὶ
288 2299 345 2329 τοίς
370 2298 473 2330 λοιποῖς
502 2299 654 2335 προφήταις
683 2301 881 2336 κεκρυμμένως

91 2342 263 2378 ἐγνωσμένον
281 2344 438 2379 μυστήριον,
460 2345 701 2381 εὐαγγελιζομένου
717 2347 764 2372 καὶ
781 2347 881 2374 ἀνακα-

92 2387 249 2420 λύπτοντος,
264 2389 369 2426 μεγάλῃ
380 2398 410 2416 τε
426 2390 481 2425 (54)
500 2391 680 2427 κηρύττοντος
702 2391 748 2427 βοῇ
769 2392 808 2418 τό·
829 2393 880 2419 Ἐν

92 2434 173 2470 ἀρχῇ
181 2433 220 2470 ἦν
238 2437 254 2463 ὀ
267 2435 372 2471 Λόγος,
384 2437 433 2463 καὶ
445 2438 461 2463 ὀ
471 2438 566 2472 Λόγος
580 2435 619 2472 ἦν
636 2438 711 2472 ,πρὸς
726 2438 778 2465 τὸν
795 2439 877 2472 Θεὸν,

93 2481 142 2507 καί
154 2480 226 2514 Θεὸς
233 2479 272 2517 ἦν
282 2484 298 2508 d
307 2483 410 2517 Λόγος·
427 2481 525 2508 πάντα
535 2482 571 2509 δι’
581 2483 673 2511 αὑτοῦ
684 2484 801 2519 ἐγένετο
810 2485 877 2521 [(55)

91 2526 142 2554 md
153 2528 242 2561 χωρὶς
256 2528 348 2555 αὑτοῦ
359 2527 477 2563 ἐγένετο
490 2528 561 2555 οὐδὲ
574 2528 631 2565 Er],
647 2530 692 2556 καὶ
707 2531 880 2567 μαρτυρομέ-

91 2582 149 2606 νου,
165 2573 206 2600 ὅτι
218 2571 252 2610 ἧν
266 2574 297 2600 τὸ
311 2575 368 2609 φῶς
384 2574 499 2609 φωτξζον
513 2575 600 2601 πάντα
611 2575 753 2611 ἄνθρωπον
767 2577 880 2612 ἐρχόμε-

126 2678 157 2708 ›Ῑ‹
176 2675 225 2704 Ed.
240 2675 341 2709 Paris.,
356 2684 417 2711 pag.
433 2676 496 2705 142.
540 2676 562 2691 ¹¹
581 2676 589 2703 1
607 2676 717 2708 τίιη.νι,
737 2676 780 2703 15.

837 2676 860 2693 ⁸⁸
879 2677 943 2704 ibid.
958 2677 1001 2705 t6.
1039 2677 1061 2693 "
1076 2677 1086 2704 ι
1101 2677 1171 2704 Tim.
1184 2676 1259 2710 1,17.
1297 2676 1320 2692 ⁸⁸
1337 2674 1484 2707 Rom.xvt,
1496 2674 1542 2702 27.

930 2258 1067 2293 prophetis
1082 2256 1233 2284 abstrusius
1247 2260 1325 2289 erat,
1339 2255 1477 2290 cognitum
1496 2253 1670 2280 annuntiaret
1686 2257 1715 2278 et

929 2302 1036 2330 efferret
1051 2310 1146 2337 magna
1162 2302 1333 2336 prtedieantis
1351 2308 1416 2328 voce
1434 2308 1441 2326 :
1458 2299 1492 2326 In
1508 2298 1637 2333 principio
1659 2302 1714 2324 erat

935 2347 1056 2380 Verbum,
1072 2355 1095 2375 et
1116 2347 1226 2374 Verbum
1248 2351 1303 2374 erat
1325 2345 1394 2381 apud
1419 2344 1512 2376 Deum,
1528 2349 1551 2371 et
1570 2343 1638 2370 Deus
1657 2347 1714 2369 erat

933 2394 1044 2422 Verbum
1059 2402 1068 2422 :
1084 2395 1173 2421 omnia
1194 2401 1239 2428 per
1258 2394 1343 2428 ipsum
1360 2393 1432 2427 facta
1451 2395 1528 2421 sunt,
1544 2395 1567 2416 et
1588 2390 1642 2415 sine
1658 2389 1713 2422 ipso

932 2441 1032 2473 factum
1047 2444 1085 2467 est
1103 2439 1168 2466 nihil
1181 2439 1215 2472 τ’,
1230 2446 1345 2473 cumque
1358 2441 1470 2465 testelur
1486 2443 1547 2462 eum
1563 2435 1649 2462 lucem
1665 2442 1697 2460 ex
1712 2451 1715 2454 ι

932 2486 1034 2513 stitisse
1057 2485 1251 2513 illutninantem
1272 2491 1380 2511 omnetn
1404 2481 1539 2509 hominem
1562 2481 1712 2507 venientem

933 2531 958 2557 in
978 2532 1048 2557 [tunc
1064 2530 1212 2557 mundum:
1236 2528 1268 2555 In
1290 2527 1386 2554 mundo
1407 2531 1479 2559 erat,
1495 2531 1517 2552 et
1535 2525 1647 2552 mundus
1668 2532 1714 2559 per

932 2576 1015 2611 irsum
1038 2576 1124 2610 factus
1143 2579 1197 2608 est,
1219 2579 1242 2602 et
1260 2573 1371 2600 mundus
1393 2580 1452 2599 eum
1474 2580 1525 2598 non
1547 2570 1665 2606 cognovit
1679 2571 1712 2599 ⁷⁸.

1592 2674 1615 2691 ⁶⁹
1632 2673 1716 2703 Joan.

87 2711 205 2744 ‘Ivu,5.
243 2710 470 2747 "Philipp.tt.7.
505 2710 680 2744 “Joun.t,5.
718 2710 871 2744 "Juatt.t,

933 2713 953 2739 5.
990 2711 1014 2728 ⁷³
1034 2713 1099 2740 ibid.
1114 2712 1157 2740 10.

127 2798 185 2866 (51)
202 2798 374 2836 Vulgodeest
390 2800 431 2828 ἄν.

142 2834 188 2866 32)
202 2833 256 2866 Mp.
273 2842 401 2866 περιφερ.

230 2842 257 2871 p_-
273 2842 401 2871 περιφερ-

131 2837 176 2866 (32
202 2837 256 2868 Mp.
273 2842 336 2869 περι
359 2843 401 2871 ερ.

131 2837 188 2906 (33$
204 2868 258 2897 Τοῦ
275 2843 388 2898 omne
402 2874 428 2898 et
440 2877 502 2900 mox
516 2869 605 2903 codd.;
619 2876 680 2897 mox
694 2870 774 2906 vulgo
790 2869 807 2897 ἃ
817 2869 856 2899 δέ.

965 2802 1022 2837 (54)
1036 2802 1121 2837 Vulgo
1138 2802 1242 2838 μεγάλῃ
1255 2803 1299 2838 τῇ.

964 2833 1021 2875 (55)
1038 2833 1102 2866 Οιιιῖ
1115 2833 1194 2867 codd.
1207 2833 1361 2866 Mux'vulvo
1375 2836 1432 2872 φῶς
1443 2833 1477 2873 ἦν
1492 2834 1533 2862 τδ.
