2032 3211
133 114 190 146 96-’3

446 172 528 200 ιΚΕΦ
549 173 612 200 ΚΕ’.

233 218 332 250 Ὅπως
345 219 360 244 o'
371 218 461 251 αὐτὸς
475 218 568 251 ἐαυτῷ
580 219 699 246 ἐναντία
715 219 835 254 ἔγραψε.

171 263 237 291 Εἶτα
253 265 299 290 καὶ
318 264 397 295 αὐτὸς
416 264 503 299 ἑαυτῷ
522 265 650 292 τάναντία
666 266 722 300 (47)
742 266 854 301 γράφων
870 275 919 292 ουκ

135 310 268 337 αἴσθεται.
290 310 333 336 Ἐν
347 310 448 344 ἑτέροις
464 309 512 345 μὲν
527 310 581 345 γὰρ
596 310 800 346 διῖοχυρίζεται,
819 309 919 347 μηδένα

135 353 181 380 τοῦ
204 353 335 389 προτέρου
358 352 434 385 λαοῦ,
444 354 484 381 ’τὰ
508 354 578 381 κατὰ
600 355 644 381 τὸν
659 355 743 389 Λόγον
762 357 917 390 ἐγνωκέναι.

135 400 291 434 Μυστήριον
305 399 358 434 γὰρ
366 397 433 425 εἶναι
448 400 702 436 ἀποκεκρυμμένον.
716 402 816 437 Γράφει
828 403 855 429 δὲ
868 399 918 429 ὧδε

137 445 230 476 αὑταῖς
245 442 334 478 λέξεσι
343 453 350 461 ⁸
370 455 378 470 t
391 442 423 470 Τί
435 445 489 481 γὰρ
501 446 543 471 Et:
549 455 592 482 ρον
610 445 644 482 ἦν
658 448 900 485 ἀποκεκρυμμένον
909 470 916 482 ,

140 491 303 526 ιμυστήριον
314 491 330 526 ἢ
344 491 372 517 τὸ
385 491 454 518 κατὰ
465 492 510 518 τὸν
521 492 605 526 Λόγον
619 493 704 525 ;οὖτω
712 495 739 521 δὲ
749 495 804 530 (48)
812 494 844 530 ἦν
853 496 919 522 ἁπο-

138 546 146 560 ι
158 535 347 571 κεκρυμμένον
360 536 388 562 ὲν
402 536 441 571 τῷ
449 536 518 572 Θεῷ,
536 538 610 564 τουτὶ
627 539 758 574 πρότερον
775 540 805 566 τὺ
818 541 919 576 μυστή-

138 590 147 606 ‹
163 589 229 616 ριον,
242 581 311 608 ὥστε
331 582 431 616 μηδένα
453 583 499 609 τοῦ
518 583 647 619 προτέρου
665 585 740 617 λαοῦ,
770 586 862 620 σαφῶς
885 587 918 613 τὰ

137 626 225 651 (κατὰ
236 626 280 652 τὸν
294 626 378 660 Λόγον
389 627 500 653 εἰδέναι·
516 628 571 653 ἀλλ’
585 629 667 663 ἡμᾶς,
681 630 727 655 τοῦ
743 630 856 657 πλούτου
870 632 918 666 τῆς

137 679 146 695 ⁴
160 670 239 706 δόξης
267 671 314 697 καὶ
335 671 381 698 τοῦ
406 673 649 708 ἀποκεκρυμμένου
681 677 827 711 μυστηρίου
852 678 918 704 ἀπο-

138 725 148 742 (
160 716 253 743 λαύειν
264 717 330 743 νυνί.
345 727 353 742 ι
366 718 419 744 Καὶ
433 716 509 750 αὖθις
525 720 654 754 ἐπιλέγει,
665 731 673 746 ‹
687 722 714 746 ὐ
723 722 750 748 δὲ
768 723 838 757 ἱερὸς
852 724 919 749 ἀπό-

139 772 148 788 (
158 762 249 794 στολός
262 771 291 788 τε
306 764 352 790 καὶ
367 764 487 799 μαθητὴς
501 765 546 790 τοῦ
560 767 661 801 Κυρίου
681 768 813 802 Ἰωάννης,
827 769 918 803 σαφῶς

138 818 146 833 ι
159 808 206 834 καὶ¹
228 809 373 844 διαρρήδην
387 811 414 835 ἐν
438 811 506 846 ἀρχῇ
525 811 571 837 τοῦ
591 813 756 847 Εὑαγγελίου
775 814 917 846 διδάσκων,

618 117 660 144 DE
680 116 945 146 ECCLESIASTICA
963 118 1154 146 THEOLOGIA
1175 119 1237 147 LIB.
1259 118 1288 146 ΙΙ.

1272 174 1347 202 CAP.
1365 173 1445 202 XXV.

1102 220 1222 253 Qualiter
1235 221 1284 248 sibi
1300 221 1349 255 ipsi
1364 220 1496 247 contraria
1509 219 1615 247 scribat.

1004 266 1060 292 Non
1086 266 1208 301 intelligit
1224 274 1304 301 porro
1320 267 1392 301 quod
1413 265 1463 292 sibi
1479 264 1528 298 ipsi
1542 265 1748 292 contradictoria

970 312 1073 339 scribit.
1092 311 1197 338 Alicubi
1217 311 1350 345 siquidem
1365 315 1553 338 asseveranter
1570 309 1674 341 statuit,
1689 309 1749 335 nul—

971 358 1034 383 lum'
1049 358 1152 392 penitus
1173 357 1205 384 de
1226 356 1335 390 antiquo
1363 355 1407 382 illo
1432 354 1529 390 populo
1554 354 1696 389 quidquam
1716 354 1750 380 de

970 402 1057 430 Verbo
1073 403 1238 437 cognovisse.
1263 402 1330 429 Nam
1346 406 1403 428 erat
1414 400 1572 435 mysterium
1592 403 1621 431 ᾖ(
1635 399 1750 426 abscon-

970 448 1063 481 ditum,
1078 449 1174 483 inquit.
1192 447 1278 475 Verba
1293 448 1350 482 ejus
1360 451 1424 474 sunt
1441 446 1486 482 [Β.
1498 444 1579 479 XLV,
1597 446 1658 473 coll.
1673 453 1700 477 β.
1713 444 1749 471 ω

970 493 1002 530 D]
1019 502 1026 521 :
1047 503 1055 519 ι
1067 493 1136 526 Quid
1150 493 1221 520 aliud
1235 497 1292 520 erat
1307 494 1462 527 mysterium
1475 491 1537 519 illud
1549 492 1747 521 absconditum,

972 549 981 564 ‹
994 547 1071 573 quam
1087 539 1149 566 illud
1167 539 1198 566 de
1212 538 1318 565 Verbo?
1345 538 1409 565 Nam
1426 542 1484 564 erat
1515 538 1565 564 hoc
1590 537 1747 572 mysterium

972 595 980 610 ‹
993 586 1059 612 adeo
1072 585 1133 611 olim
1150 585 1176 611 in
1196 585 1250 611 Deo
1262 584 1458 616 absconditum,
1476 587 1505 610 ut
1520 590 1535 610 e
1547 583 1628 618 priori
1644 582 1688 610 illo
1701 590 1749 617 po-

972 640 980 655 (
993 631 1063 664 pulo,
1079 631 1164 657 nullus
1177 630 1255 664 plane
1271 630 1321 658 hoc
1338 632 1423 664 ipsum
1444 629 1612 663 intelligeret.
1628 628 1680 655 Sed
1700 636 1748 655 no-

972 677 1033 702 «bis
1054 675 1108 709 jam
1132 683 1256 702 concessa
1285 681 1325 702 est
1356 675 1447 702 fruitio
1475 675 1628 701 divitiarum
1658 674 1748 708 gloriae

972 731 980 747 ι
995 722 1087 756 ipsius,
1106 726 1132 748 et
1158 722 1277 757 mysterii
1295 721 1365 748 illius
1387 721 1606 748 reconditissimi.
1618 730 1629 745 τ
1651 720 1747 746 Slatim

970 776 1034 794 vero
1065 767 1196 794 subinl‘ert
1213 767 1259 802 [ιι.
1277 766 1356 793 XLVI
1380 766 1441 794 coll.
1468 774 1495 800 p.
1520 766 1554 792 56
1577 766 1597 792 D
1623 764 1717 800 118C]
1738 775 1746 791 ;

973 813 1185 840 «Sanctissimus
1211 820 1273 840 vero
1297 812 1441 846 apostolus,
1466 816 1492 838 et
1508 811 1611 837 Domini
1632 811 1748 845 discipu-

137 863 145 878 (
157 854 194 886 ὼς
199 855 295 888 ἀγνοού
301 864 378 889 μενον
390 857 417 881 ἐν
429 856 580 892 ἀνθρώποις
590 859 729 894 πρότερον.
744 860 828 894 Λόγον
838 861 916 887 αὐτὴν

972 870 979 884 ι
993 860 1032 885 lus
1045 859 1171 890 Joannes,
1190 859 1304 886 exertim
1322 862 1349 885 et
1370 863 1461 893 aperte
1476 857 1501 884 in
1519 862 1613 884 exortu
1633 858 1749 890 Evange-

137 910 145 924 α
159 899 205 926 τοῦ
224 901 440 937 παντοκράτορος
459 903 608 938 ὀνομάζων,
625 905 708 937 οὕτως
722 907 783 942 ἔφη,
806 908 853 933 Ἐν
870 909 917 941 ἀρ

131 956 146 970 ·«
159 945 200 980 κῇ
211 945 250 981 ἦν
263 948 279 973 ό
293 948 396 982 Λόγος.
413 958 422 973 )
446 950 489 975 'Ev
506 950 609 981 τούτοις
622 951 670 986 μὲν
686 951 731 978 οὖν
745 953 917 989 ἀποκεκρυμ-

135 993 213 1027 μένον
227 994 374 1028 μυστήριον
397 994 540 1030 διορίζεται
556 994 623 1022 εἶναι
634 997 673 1028 τὺ,
693 998 755 1033 περὶ
772 998 817 1024 τοῦ
833 999 917 1033 Λόγον

132 1038 205 1073 ἔχειν
214 1038 259 1065 τὸν
271 1039 345 1072 Θεὸν,
363 1040 390 1065 ἐν
406 1040 433 1066 δὲ
448 1042 507 1072 ταῖς
522 1042 621 1077 ἀρτίως
635 1043 842 1077 παρατεθείσαις
855 1053 918 1080 προ-

133 1085 261 1119 φητικαῖς
275 1086 385 1118 φωναῖς,
396 1086 484 1118 πάσας
495 1086 543 1118 τὰς
557 1087 630 1119 Θείας
643 1088 751 1123 Γραφὰς
763 1089 916 1124 κηρύττειν,

133 1131 166 1157 τὰ
192 1132 255 1167 περὶ
280 1132 361 1158 αὑτοῦ
388 1133 536 1168 συνίστησι,
557 1134 603 1160 καὶ
629 1134 737 1168 συνάγει
755 1136 817 1170 περὶ
832 1136 916 1169 Λόγου

133 1176 211 1208 Θεοῦ,
228 1176 355 1208 πλείστας
366 1177 431 1207 ὅσας
447 1178 608 1214 μαρτυρίας.
621 1179 676 1204 Ούκ
692 1177 744 1214 ἆρα
758 1177 791 1215 ἦν
809 1180 919 1213 ἀγνοού-

133 1231 213 1257 μενος
227 1222 266 1257 τῷ
282 1223 406 1258 προτέρῳ
419 1223 484 1258 λαῷ·
502 1224 600 1255 πάντες
615 1225 668 1260 γὰρ
682 1226 769 1257 αὐτοὶ,
788 1227 849 1257 τοὺς
863 1235 917 1252 τοι-

123 1267 225 1299 νοὺτους
241 1268 336 1303 λόγους
352 1269 450 1304 ᾔδεσαν
469 1269 520 1295 ἀνὰ
534 1270 628 1304 στόμα,
647 1271 693 1297 καὶ
705 1271 749 1297 διὰ
766 1273 874 1307 μνήμης
885 1272 919 1298 τὰ

132 1315 288 1349 προφητικὰ
299 1315 375 1349 λόγια
388 1315 524 1351 φέροντες.
542 1316 620 1343 Ἀλλὰ
630 1318 674 1343 τὸν
688 1320 850 1353 γραμματέα
865 1319 918 1345 τῶν

139 1359 270 1387 Ἰουδαίων
283 1362 349 1396 ἡμῖν
364 1363 378 1387 ὁ
394 1362 552 1396 Χριστιανὸς
568 1364 738 1398 προΐσχεται·
752 1365 801 1390 οὐκ
814 1365 918 1391 ἁκούων

131 1405 178 1431 τοῦ
191 1406 314 1441 Σωτῆρος
328 1407 463 1441 λέγοντος,
481 1408 551 1434 οὐαὶ
570 1409 650 1442 ὑμῖν,
666 1410 853 1444 γραμματεῖς,
870 1411 917 1437 καὶ

129 1452 286 1485 φαρισαῖοι
297 1454 462 1486 ὑποκριταὶ,
482 1454 615 1488 Οαυμάξει
630 1464 658 1481 τε
681 1456 760 1481 αὐτὸν
777 1456 829 1491 (49)
846 1457 919 1492 ὅρκῳ

134 1497 314 1532 πιστούμενον
338 1499 377 1525 ὅτι
397 1499 448 1532 Εἷς
468 1500 552 1526 ἐστιν
572 1503 588 1527 ὁ
612 1501 692 1533 Θεὸς,
716 1502 763 1528 καὶ
786 1504 840 1529 οὐκ
854 1504 919 1529 ἔστι

136 1541 220 1575 πλὴν
240 1543 341 1575 αὑτοῦ,
358 1544 405 1570 οὐκ
422 1544 509 1576 εἰδὼς,
529 1546 568 1571 ὅτι
585 1546 631 1572 καὶ
654 1546 687 1572 τὰ
711 1547 851 1581 (δαιμόνια
876 1557 918 1575 πι-

139 1596 148 1611 ‹
161 1587 293 1619 στεύουσι,
310 1588 354 1614 καὶ
369 1590 515 1623 φρίττουσι.
530 1599 539 1615 ι
562 1590 643 1625 Τήρει
661 1591 688 1616 δὲ
698 1591 771 1622 ὅπως
788 1592 815 1624 ἐξ
830 1592 918 1618 αὐτῶν

135 1633 188 1660 τῶν
200 1634 374 1669 προφητικῶν
385 1635 510 1670 Γραφῶν,
526 1636 559 1662 τὰ
576 1637 638 1672 περὶ
650 1637 735 1670 Λόγου
748 1637 856 1670 συνάγει
870 1638 916 1664 τοῦ

133 1680 187 1705 τῶν
202 1679 343 1714 πρακτέων
363 1681 566 1709 διδασκαλικοῦ·
584 1683 612 1709 ὃν
634 1684 679 1710 καὶ
703 1684 834 1710 Ἰουδαίων
857 1686 918 1710 παῖ-

132 1724 175 1756 δες
189 1725 331 1761 γνωρίζειν
344 1727 554 1762 ὁμολογήσουσιν
568 1729 634 1763 (50),
649 1730 695 1756 ἆτε
708 1730 760 1765 πρὸ
774 1729 852 1764 ἡμῶν
862 1730 919 1755 τοῦ-

131 1778 177 1795 τον
205 1771 414 1807 παρειληφότες.
446 1774 514 1800 Ἀλλ’
531 1775 591 1800 οὐδὲ
612 1775 692 1806 αὐτὸς
713 1775 854 1806 Σαϐἐλλιος
874 1776 918 1801 τὸν

132 1816 251 1843 τοιοῦτον
268 1818 359 1852 ἠγνόει
370 1819 464 1853 Λόγον.
484 1820 544 1851 Πῶς
554 1819 599 1847 οὖν
615 1821 755 1853 Ἰουδαίους
770 1822 814 1848 καὶ
826 1821 918 1848 216's).-

132 1861 188 1888 λιον
212 1863 328 1896 κόπτων,
350 1865 386 1900 μὴ
403 1865 548 1899 ἐγνωκέναι
574 1866 619 1892 τὸν
642 1867 726 1900 Λόγον
755 1867 816 1901 ἔφη,
834 1867 865 1893 δι’
882 1864 918 1892 ὦν

135 1907 293 1943 παρεθέμην
308 1908 389 1935 αὑτοῦ
408 1910 520 1944 φωνῶνς
545 1911 599 1937 Καὶ
620 1912 710 1946 ἐπειδὴ
730 1912 917 1946 ἀποπέφανται

133 1954 147 1979 ὁ
160 1954 250 1986 αὐτὸς,
271 1955 314 1981 διὰ
334 1955 387 1982 τῶν
401 1956 562 1992 ἔμπροσθεν,
585 1958 622 1989 ὡς
643 1958 727 1989 οὐδεὶς
744 1958 852 1984 ἐδύνατο
874 1958 918 1984 τὸν

134 1999 199 2026 Θεὸν
221 2001 328 2031 εἰδέναι,
345 2002 404 2028 οὐδὲ
418 2003 463 2029 τὸν
479 2003 562 2037 Λόγον
576 2002 716 2038 γνωρίζειν
730 2003 811 2030 αὑτοῦ
839 2005 862 2029 εἰ
880 2005 916 2039 μὴ

134 2044 182 2080 τὴν
201 2046 292 2072 εἰκόνα
316 2047 421 2082 εἰλήφει
434 2048 480 2074 τοῦ
510 2048 623 2084 ἀοράτου
644 2048 722 2081 Θεοῦ,
751 2048 849 2084 δηλαδὴ
870 2049 918 2084 τὴν

135 2090 232 2125 σάρκα,
250 2092 287 2123 ὡς
304 2093 382 2124 αὐτὸς
397 2093 466 2128 ἔφη·
493 2093 546 2127 (διὰ
569 2094 651 2129 μόνης
667 2094 720 2130 γὰρ
746 2095 794 2129 τῆς
816 2095 917 2126 εἰκόνος

134 2136 311 2172 γνωρίζεσθαι
332 2138 377 2164 τὸν
394 2138 458 2164 Θεὸν
475 2139 580 2165 καὶτὸν
605 2139 696 2165 τούτου
719 2140 803 2173 Λόγον
824 2140 918 2166 διετεί-

134 2190 207 2214 νατο,
223 2183 272 2218 τὴν
289 2184 377 2219 σάρκα
396 2184 481 2218 λέγων
509 2183 635 2220 εἶναιτὴν
653 2185 772 2220 εἰκόνα
795 2187 915 2222 ὑπομνη-
933 2198 954 2224 D

135 2227 210 2254 στέον
234 2228 277 2254 διὰ
293 2228 347 2254 τῶν
372 2230 558 2264 προκειμένων
581 2230 618 2261 ὡς
631 2230 691 2265 δίχα
717 2231 765 2265 τῆς
787 2231 916 2266 ὲνσάρκου

134 2273 282 2308 παρουσίας
297 2274 414 2300 Ἰουδαῖοι
439 2274 538 2306 πάντες
561 2274 604 2301 τὸν
618 2275 694 2308 λόγον
715 2275 764 2301 τοῦ
777 2275 855 2307 Θεοῦ,
872 2275 919 2302 καὶ

133 2319 194 2349 τοὺς
214 2319 309 2353 λόγους
324 2320 386 2351 τοὺς
406 2321 433 2346 ὲν
446 2322 505 2352 ταῖς
520 2323 700 2356 προφητικαίς
714 2323 842 2356 γραφαῖς,
864 2321 918 2346 τῶν

133 2364 213 2390 όσίων
234 2365 321 2400 ἔργων
350 2366 592 2401 παραγγελτικοὺς,
616 2367 736 2402 ἀκριϐῶς
763 2367 868 2402 ᾔδεσαν,
890 2367 919 2398 ἐξ

133 2409 245 2436 ἁπαλῶν
271 2411 373 2446 ὀνύχων
397 2412 507 2444 τούτους
530 2413 779 2447 καταμελετῶντες·
803 2413 850 2439 καὶ
875 2413 919 2439 τὸν

133 2454 200 2481 Θεὸν
213 2455 366 2491 ὡμολόγουν
378 2457 423 2484 τὸν
436 2458 542 2484 πάντων
558 2459 670 2493 ποιητὴν
683 2458 729 2484 καὶ
739 2458 899 2493 δημιουργόν
910 2467 916 2473 ·

132 2501 228 2537 ὥσπερ
245 2500 290 2530 οὖν
311 2504 357 2529 καὶ
369 2503 557 2539 γραμματεὺς,
574 2505 587 2530 ὁ
601 2503 634 2529 δι’
649 2504 729 2539 ὅρκου
744 2503 921 2538 πιστούμενος

174 2607 204 2636 »ις
221 2604 270 2633 Ed.
284 2605 372 2634 Paris.
397 2614 456 2642 pag.
474 2607 536 2634 ut.
579 2607 600 2623 οι
616 2595 694 2634 mi.
709 2613 729 2639 ι,
746 2605 772 2633 Ι,

166 2727 223 2764 (47)
241 2728 329 2764 Vulgo
343 2728 453 2756 ἐναντία

179 2763 223 2800 {13)
241 2763 325 2800 Vulgo
333 2764 412 2800 obrui
423 2765 488 2800 γάρ.

179 2765 213 2794 48
241 2765 325 2798 Vulgo
341 2765 412 2791 οὕτω
423 2765 488 2800 γάρ.

165 2765 223 2836 249;
238 2797 401 2833 Θαυμάζετε
414 2800 515 2828 αὐτόν.
535 2799 602 2833 lmo,
620 2797 752 2834 θαυμάζει
767 2807 806 2825 τε.
821 2797 914 2827 Admi-

969 915 978 929 ‹
992 905 1029 935 lii.
1047 904 1127 931 veluti
1144 904 1187 938 qui
1202 904 1311 930 doceret
1329 902 1402 937 quod
1433 902 1505 936 prius
1522 900 1694 936 ignorabatur
1713 900 1751 926 in.

970 962 978 977 ι
993 957 1032 978 ter
1047 952 1177 983 homines,
1198 950 1312 977 Verbum
1340 948 1532 983 omnipolenlis
1551 955 1611 974 eum
1628 947 1749 973 nominat

971 1007 979 1022 I
995 987 1031 1023 ita
1058 997 1190 1031 inquiens,
1212 995 1245 1022 In
1271 994 1397 1029 principio
1420 998 1475 1020 erut
1504 992 1613 1020 Verbum
1623 993 1656 1019 δ’.
1673 1001 1683 1018 ι
1710 991 1748 1018 Ita

968 1043 1103 1070 contendit
1122 1043 1144 1068 is
1155 1050 1202 1075 per
1218 1042 1267 1068 ista
1288 1040 1473 1067 absconditum
1495 1039 1650 1074 mysterium
1666 1038 1749 1064 fuisse

966 1088 1043 1119 illud,
1056 1088 1137 1115 Deum
1153 1086 1277 1114 habuisse
1296 1085 1424 1112 Verbum.
1443 1084 1597 1118 Scripturas
1613 1090 1676 1109 vero
1691 1090 1748 1108 om-

968 1141 1016 1160 nes
1028 1140 1112 1168 nuper
1128 1133 1266 1164 recitatas,
1278 1136 1304 1157 et
1314 1131 1448 1165 appositas
1458 1129 1647 1164 prophetarum
1656 1136 1747 1161 voces,

969 1178 1117 1212 praedicare
1128 1177 1184 1203 vult
1196 1184 1256 1211 qua:
1272 1179 1334 1203 sunt
1346 1175 1380 1203 de
1392 1174 1488 1207 Verbo,
1499 1183 1566 1209 quas
1578 1175 1707 1208 plurimas
1721 1174 1748 1201 in

970 1225 1046 1258 hujus
1056 1224 1093 1251 rei
1104 1223 1283 1250 testimonium
1291 1221 1468 1249 coacervavit.
1479 1219 1516 1246 Ita
1527 1228 1578 1246 non
1586 1225 1644 1247 erat
1651 1219 1748 1254 populo

970 1269 1005 1295 illi
1024 1268 1109 1304 priori
1123 1269 1272 1302 ignoratum
1290 1267 1340 1294 hoc
1357 1266 1512 1301 mysterium
1528 1265 1661 1292 :universi
1676 1265 1748 1291 enim

969 1318 1109 1346 noverant,
1126 1317 1152 1340 et
1167 1313 1297 1339 memoria
1314 1313 1442 1339 tenebant
1465 1315 1491 1338 et
1512 1318 1561 1337 ore
1583 1310 1749 1344 usurpabant

970 1360 1161 1395 prophetarum
1173 1359 1217 1385 illa
1227 1359 1389 1386 oracula;At
1404 1358 1474 1385 enim
1483 1362 1510 1384 et
1518 1358 1550 1384 de
1558 1356 1658 1383 Iudaeis
1672 1356 1749 1383 nobis

969 1406 1084 1434 scribam
1104 1409 1279 1440 repraesenlat
1296 1404 1464 1431 Christianus
1483 1411 1542 1430 cum
1562 1402 1598 1429 sit
1616 1411 1622 1429 :
1640 1410 1691 1428 non
1708 1407 1748 1428 at-

971 1453 1082 1479 lendens
1100 1450 1170 1485 quod
1183 1451 1320 1477 'Servalor
1343 1449 1420 1481 dixit,
1449 1447 1491 1474 γω
1508 1448 1590 1479 uobir,
1609 1446 1707 1474 Scriba:
1724 1451 1748 1472 et

973 1497 1099 1524 l’hnrirwi
1122 1496 1265 1531 hypocrita:
1275 1496 1308 1521 ⁸⁸.
1329 1495 1457 1529 Illumquc
1480 1495 1591 1528 suspicit
1604 1494 1674 1528 quod
1689 1502 1748 1520 mm

967 1542 1140 1578 jurejurando
1154 1542 1263 1574 dixerit,
1277 1540 1353 1574 Quod
1365 1549 1431 1567 unus
1449 1540 1516 1566 Deus
1528 1545 1552 1566 et
1566 1544 1661 1574 pneter
1678 1547 1747 1569 eum,

970 1596 1020 1614 non
1031 1592 1068 1614 est
1082 1587 1159 1614 alius.
1175 1586 1254 1619 Quasi
1264 1585 1379 1612 nesciret
1391 1585 1460 1619 quod
1474 1589 1501 1610 et
1516 1593 1526 1609 ‹
1543 1584 1676 1610 (Ιῐειηοηρε
1690 1591 1750 1610 crc-

970 1633 1033 1659 dant
1046 1636 1072 1659 el
1088 1631 1307 1658 contremiscunt.
1321 1640 1331 1656 ι
1348 1629 1416 1656 Nota
1433 1629 1497 1655 mihi
1513 1633 1601 1655 autem
1620 1629 1748 1662 quemad-

970 1678 1077 1704 modum
1105 1677 1137 1703 de
1160 1676 1323 1711 propheticis
1337 1675 1485 1709 Scripturis
1502 1674 1604 1708 colligit
1628 1682 1687 1707 quae
1713 1675 1746 1700 ad

969 1724 1078 1750 verbum
1105 1722 1167 1749 illud
1188 1722 1332 1756 pertinent,
1356 1722 1426 1756 quod
1441 1726 1484 1748 est
1496 1721 1657 1756 agendorum
1674 1728 1749 1747 com-

970 1769 1190 1796 monefaclorium
1213 1779 1218 1795 :
1246 1768 1316 1802 quod
1331 1767 1416 1802 ipsum
1436 1766 1592 1793 fatebuntur
1618 1774 1648 1793 se
1663 1774 1747 1800 agno-

969 1820 1044 1841 scere
1061 1812 1101 1840 vel
1117 1811 1213 1843 Jndaai,
1237 1812 1316 1838 veluti
1334 1811 1378 1845 qui
1401 1816 1464 1837 ante
1483 1818 1530 1837 nos
1553 1811 1604 1837 hoc
1615 1810 1670 1844 jam
1683 1811 1746 1838 olim

968 1859 1159 1887 edocebantur.
1178 1857 1230 1885 Sed
1244 1866 1292 1885 nec
1304 1858 1416 1892 ipsemet
1435 1856 1568 1884 Sabellius
1581 1856 1748 1891 hujuscemo-

968 1906 993 1932 di
1012 1905 1127 1933 Verbum
1149 1904 1299 1939 ignorabat.
1319 1903 1404 1935 Quam
1425 1894 1568 1929 immeritor
1586 1902 1684 1929 idcirco
1700 1901 1748 1928 lla-

968 1950 1207 1984 gellatSabellium
1233 1955 1260 1976 et
1273 1949 1389 1978 .Iudzcos.
1414 1948 1439 1975 in
1463 1949 1596 1982 exeerptis
1615 1955 1630 1974 a
1650 1955 1693 1975 me
1714 1948 1748 1974 de

969 1998 1050 2031 ipsius
1069 1997 1136 2023 libro
1153 1996 1257 2030 positis,
1279 1995 1348 2028 quod
1368 1993 1483 2020 Verbum
1499 1994 1666 2026 ignorabant,
1686 2001 1747 2021 cum

968 2050 1065 2069 nomen
1080 2041 1106 2068 id
1121 2041 1154 2067 ab
1172 2041 1214 2067 illo
1227 2040 1322 2067 scitum
1340 2039 1385 2069 sit,
1402 2039 1472 2072 quod
1488 2038 1570 2065 Deum
1593 2039 1683 2065 videre
1698 2047 1748 2066 ne-

969 2095 1012 2114 mo
1025 2092 1138 2120 poterat,
1151 2087 1197 2114 sed
1214 2094 1263 2113 nec
1288 2086 1370 2120 ipsius
1385 2084 1501 2111 Verbum
1521 2085 1679 2119 intelligere.
1696 2085 1747 2112 nisi

969 2134 1111 2169 imaginem
1127 2134 1250 2161 induerat
1273 2132 1414 2160 invisibilis
1434 2132 1497 2164 Dei,
1523 2139 1633 2158 carnem
1652 2139 1748 2166 nempe

969 2179 1109 2206 intendens
1129 2179 1270 2213 imaginem
1290 2177 1379 2208 illam;
1410 2185 1472 2204 nam
1487 2184 1535 2211 per
1553 2176 1637 2203 solam
1653 2176 1747 2210 imagi-

969 2232 1029 2251 nem
1044 2224 1168 2259 cognosci
1184 2224 1303 2258 potuisse
1322 2223 1416 2254 Deum,
1431 2227 1458 2249 et
1470 2222 1551 2257 ipsius
1567 2222 1614 2248 Dei
1630 2220 1745 2248 Verbum

969 2271 1115 2297 contendat
1127 2277 1238 2296 carnem
1253 2276 1378 2296 asserens
1398 2268 1481 2295 fuisse
1503 2267 1645 2302 imaginem
1660 2266 1744 2293 illam.

970 2317 1022 2344 Sed
1037 2315 1192 2342 meminisse
1209 2315 1337 2341 debemus
1358 2314 1383 2341 in
1409 2313 1592 2348 superioribus
1618 2312 1745 2346 positum,

970 2362 1038 2398 quod
1053 2362 1154 2396 absque
1174 2361 1273 2388 carnali
1304 2360 1455 2394 prmsentia,
1476 2358 1559 2386 Judaei
1580 2365 1673 2385 omnes
1687 2365 1746 2384 ver-

970 2409 1033 2435 bum
1063 2407 1118 2438 Dei,
1135 2411 1162 2433 et
1177 2407 1257 2433 verba
1282 2406 1344 2438 Dei,
1364 2413 1423 2439 qua:
1442 2405 1538 2431 divinis
1557 2405 1746 2437 prophetarum

972 2454 1119 2487 Scripturis
1148 2453 1249 2484 insunt,
1270 2452 1305 2478 ad
1329 2456 1421 2479 sancta
1445 2457 1526 2484 opera
1556 2449 1745 2481 admonitoria,

974 2499 1143 2529 exactissime
1168 2499 1316 2530 callebant,
1334 2505 1395 2525 cum
1417 2504 1431 2523 a
1463 2497 1560 2524 teneris
1585 2495 1745 2531 unguiculis,

810 2605 938 2640 "Matth.
956 2611 1022 2632 mu
1055 2602 1100 2631 1³5.

966 2731 1042 2754 ratur
1057 2725 1198 2753 Marcellus
1212 2723 1327 2751 scribam
1345 2723 1432 2750 illum.
1449 2722 1484 2749 Μ.

1002 2761 1059 2798 (50)
1073 2761 1156 2802 V'ulgo
1167 2758 1385 2802 όμολογοῦσινιει
1405 2756 1578 2792 ἀποπέφαται
1594 2760 1621 2784 ct
1641 2763 1701 2784 mox
1719 2765 1746 2783 τ.

968 2793 1057 2833 σάρκα
1072 2793 1141 2823 εἶναι
1160 2793 1209 2831 τῆν
1223 2794 1324 2828 εἰκόνα,
1340 2793 1387 2825 ὡς.

1697 116 1750 147 96,
1793 123 1797 126 .
