2032 3211
129 174 183 203 ῦῖὸ

637 176 680 204 DE
701 176 968 205 ECCLESIASTICA
989 177 1185 206 THEOLOGIA
1204 178 1269 207 LIB.
1290 179 1334 208 lll.

1707 181 1760 211 974

128 233 205 269 αὐτῷ
218 233 275 270 (61)
293 234 378 270 σοφὴν
392 233 448 267 ἕξιν
468 234 613 262 ὑπολαϐεῖν
630 235 746 271 ὰδελφην
759 234 812 261 τῶν
829 235 858 262 ὲν
870 235 918 262 ἀν-

971 235 1109 270 pientiam,
1121 243 1244 264 sororem
1258 236 1332 264 dicat
1345 236 1505 265 nominatim
1520 236 1641 264 habitum
1665 244 1759 266 eorum

128 280 250 317 θρώποις
266 281 470 316 κατορθούντων
483 281 626 315 λέγεσθαι;
640 282 671 307 Εἰ
685 281 712 307 δὲ
726 281 772 307 ἐπὶ
790 281 835 307 τὸν
853 281 921 316 Χρι-

129 327 192 354 στὸν
208 327 256 353 τοῦ
271 326 339 353 Θεοῦ
358 327 483 359 ἐκλάϐοις
503 328 532 353 τὸ
549 327 703 363 εἰρημένον,
726 327 843 363 Χριστὸς
868 327 922 362 γὰρ

128 373 197 401 Θεοῦ
210 374 324 408 δύναμις
340 374 388 400 καὶ
408 373 475 400 Θεοῦ
492 375 591 408 Σοφία,
609 374 684 400 οὐδὲν
705 373 829 409 ἐμποδὼν
847 373 921 400 ἔσται

127 422 163 456 τῇ
187 420 307 455 διανοίᾳ,
328 420 390 446 ἐπεὶ
407 421 453 446 καὶ
473 420 521 455 τὴν
538 420 605 456 πρὸς
625 421 698 456 ἡμᾶς
713 420 763 446 οὐκ
784 420 922 447 ἀναίνεται

128 467 301 502 ἀδελφότητα
325 467 358 493 δι’
374 467 526 502 ὑπερϐολὴν
551 467 766 503 φιλανθρωπίας.
796 468 827 494 Εἰ
844 467 871 493 δὲ
893 467 921 495 ἓν

128 514 178 541 καὶ
187 514 285 540 ταύτὸν
297 511 330 548 ἦν
347 513 360 539 ὁ
373 512 450 545 Θεὸς,
471 514 517 540 καὶ
536 514 552 549 ἠ
567 514 595 540 ἐν
606 515 665 544 ταῖς
680 513 845 548 Παροιμίαις
867 514 922 540 εἰσ-

128 560 252 595 αγομένη
259 559 405 594 Σοφίαὲξις
414 557 480 586 οὖσα
492 560 559 595 σοφὴ
574 561 603 585 ὲν
618 559 691 594 αὑτῷ
704 559 844 595 νοουμένη,
856 559 922 586 καθὸ

129 603 213 636 σοφὸς
227 604 241 629 ὁ
256 603 331 634 Θεὸς,
349 604 375 629 τί
388 603 506 629 ἐκώλυεν
521 604 580 630 ἀντὶ
602 606 652 639 τῆς
677 604 775 638 Σοφίας
798 605 842 630 τὸν
856 604 921 631 Θεὸν

128 649 346 685 ἀναγεγράφθαι;
355 648 424 675 ὥστε
431 650 470 682 τὸ,
488 650 517 675 Ἡ
524 650 617 683 Σοφία
629 650 820 684 ᾠκοδόμησεν
830 651 922 685 ἑαυτῇ

129 693 225 727 οἶκον,
237 694 284 721 καὶ
302 695 447 729 ὑπήρεισε
461 696 594 729 στύλους
608 695 692 728 ἑπτὰ,
707 698 753 722 καὶ
769 697 801 723 τὰ
819 697 922 729 τούτοις

130 741 291 777 συνημμένα
310 742 433 777 εἰρῆσθαι
451 743 510 768 ἀντὶ
525 742 581 774 τοῦ1
601 742 626 768 '0
642 743 714 774 Θεὸς
728 743 922 778 ᾠκοδόμησεν

128 787 226 819 ἑαυτῷ
233 786 381 821 οἷκον-,καὶ
392 788 425 814 τὰ
437 788 501 823 ἑξῆς
514 797 520 803 ⁸
534 791 582 815 καὶ
594 788 674 815 πάλιν
688 789 749 815 ἀντὶ
758 791 814 816 τοῦ·
826 789 921 818 Εἶπον

130 833 188 867 τὴν
202 834 316 866 Σοφίαν
332 833 394 867 σὴν
410 833 548 867 ἀδελφὴν
563 832 654 865 εἶναι,
673 834 797 870 λελέχθαι
810 856 816 867 ,
827 833 921 863 Εἶπον

129 879 184 906 τὸν
200 879 275 905 Θεὸν
290 879 348 905 σὸν
361 879 496 913 ἀδελφὺν
511 878 597 907 εἶναι.
625 880 694 906 ’Λλλ“
719 882 784 916 όρᾷς
809 882 846 913 ὡς
872 882 919 918 τὴν

129 925 214 960 ἀκοὴν
237 925 348 961 πλήττει
371 927 386 960 ἡ
407 925 517 960 τοιαύτη
536 926 622 961 φωνὴ,
645 927 693 953 οὐκ
713 926 812 961 ἔχουσα
835 928 919 963 ἀρμο-
936 919 955 945 Β

129 971 199 998 νίαν.
213 972 276 998 Εἱδ’
293 972 339 997 ἐπὶ
352 971 397 997 τὸν
413 972 475 998 Υἱὺν
487 972 611 1003 ὲκλάϐοις
623 973 656 998 τὰ
672 973 760 1006 λόγια,
774 974 854 1005 αὐτὸς
864 974 918 1009 γὰρ

130 1014 193 1052 ἦνὴ
212 1017 305 1051 Σοφία,
328 1018 416 1043 πάντα
435 1026 475 1043 σοι
496 1018 632 1054 εὑροήσει,
649 1018 761 1053 μηδενὸς
774 1018 919 1050 δυσσεϐοῦς

128 1064 263 1099 νοήματος
290 1063 414 1098 ἐμποδὼν
446 1064 588 1098 ἱσταμένου
601 1084 608 1095 ,
623 1064 918 1100 συνεπιμαρτυροῦντος

127 1110 174 1137 τοῦ
195 1110 341 1137 ἀποστόλου
364 1110 481 1141 Παύλου,
504 1110 532 1141 ὃς
556 1110 600 1136 τὸν
624 1111 737 1145 Σωτῆρα
753 1112 799 1137 καὶ
818 1111 918 1147 Κύριον

128 1157 206 1192 ἡμῶν
228 1156 330 1191 Ἰησοῦν
344 1157 460 1193 Χριστὸν
477 1156 589 1191 λαμπρᾷ
601 1158 633 1192 τῇ
652 1158 725 1192 φωνῇ
744 1157 841 1191 Σοφίαν
852 1158 919 1185 ὠνό-

131 1211 215 1238 μασεν
230 1202 323 1229 εἰπών’
338 1202 464 1236 Χριστὸς
478 1202 550 1229 Θεοῦ
568 1202 694 1237 δύναμις
710 1203 758 1229 καὶ
777 1203 849 1230 Θεοῦ
866 1206 919 1231 Σο-

130 1249 191 1282 plu.
204 1248 312 1275 Τούτων
327 1245 379 1275 ὦδέ
405 1257 442 1283 πη
468 1249 749 1283 κατασκευασμένων,
773 1249 918 1278 ἀκόλουθόν

128 1295 186 1320 ἐστι
198 1294 267 1330 μετὰ
278 1294 332 1321 τῶν
343 1294 561 1331 προεκτεθέντων
578 1295 715 1326 ἁπάντων,
730 1294 759 1327 ἐξ
775 1296 856 1322 αὐτοῦ
871 1296 917 1322 τοῦ

129 1341 274 1377 προσώπου
288 1340 389 1372 καὶτὸ,
411 1342 516 1375 Κύριος
532 1341 633 1368 ἕκτισέ
656 1350 694 1376 με
716 1342 814 1376 ἀρχὴν
841 1341 919 1368 ὁδῶν

127 1385 220 1413 αὑτοῦ
233 1388 276 1418 εις
289 1386 362 1421 ἔργα
377 1386 481 1417 αὐτοῦ,
498 1386 638 1421 λελέχθαι’
661 1388 685 1412 εἰ
701 1386 728 1413 δὲ
745 1387 817 1421 λέγοι
844 1388 918 1414 ἐκτί-

129 1432 191 1458 σθαι
213 1432 268 1467 (62)
290 1432 396 1463 ἑαυτὸν,
417 1433 467 1467 οὐχ
484 1432 521 1464 ὡς
545 1435 576 1459 ἐκ
598 1433 644 1459 τοῦ
672 1434 708 1468 μὴ
731 1434 806 1465 ὄντος
828 1435 868 1466 εἱς
888 1434 918 1460 τὸ

130 1477 199 1505 εἶναι
222 1478 374 1514 παρελθὼν,
391 1478 462 1506 τοῦτ’
480 1479 511 1505 ἂν
528 1479 609 1511 εἴποι,
626 1480 680 1506 οὐδ’
695 1480 731 1511 ὡς
745 1480 844 1515 ὁμοίως
861 1482 918 1512 τοῖς

123 1525 233 1556 ,λοιποῖς
250 1524 388 1560 κτίσμασι,
405 1525 452 1551 καὶ
474 1525 554 1556 αὐτὸς
572 1526 604 1551 ὲκ
624 1525 669 1551 τοῦ
695 1525 731 1560 μὴ
748 1526 823 1556 ὄντος
837 1534 917 1560 γετο-

131 1569 194 1601 νὼς.
238 1579 309 1602 τινες
322 1571 371 1597 οὐκ
382 1571 466 1607 ὀρθῶς
479 1571 669 1606 ὑπειλήφασιν,
679 1571 735 1597 ἀλλ’
746 1572 782 1603 ὡς
796 1571 918 1605 ὑφεστὼς
932 1591 952 1619 C

134 1616 181 1650 μὲν
203 1617 250 1643 καὶ
272 1616 335 1649 ζῶν,
359 1617 449 1652 προών
469 1625 499 1643 τε
521 1617 568 1643 καὶ
588 1618 771 1655 προῦπάρχων
796 1618 846 1652 τῆς
868 1617 914 1643 τοῦ

130 1662 230 1694 πάντος
244 1662 346 1698 κόσμου
365 1663 529 1694 συστάσεως,
545 1663 638 1697 ἄρχειν
656 1663 682 1689 δὲ
698 1663 752 1689 τῶν
774 1663 841 1689 ὅλων
864 1663 916 1689 ὑπὸ

128 1709 231 1745 Κυρίου
239 1709 285 1735 τοῦ
300 1709 380 1736 αὑτοῦ
391 1710 495 1744 [ἰατρὸς
508 1709 743 1745 κατατεταγμένος
755 1718 761 1724 ·
771 1709 829 1741 τοῦ,
839 1710 917 1735 Eucti—

129 1762 195 1788 σεν,
211 1755 328 1783 ἐνταῦθα
346 1756 405 1782 ἀντὶ
421 1756 479 1788 τοῦ,
497 1756 668 1788 κατέταξεν,
687 1756 703 1792 ἢ
717 1756 914 1789 κατέστησεν,

127 1803 282 1838 εἰρημένου.
299 1803 451 1838 Διαρῤήδην
458 1803 522 1837 γοῦν
534 1804 595 1834 τοὺς
609 1804 637 1829 ἐν
654 1802 806 1838 ἀνθρώποις
821 1803 916 1838 ἄρχον-

126 1857 174 1881 τας
189 1850 236 1875 καὶ
251 1850 387 1885 ἡγεμόνας
404 1850 491 1875 κτίσιν
502 1849 643 1884 ὠνόμασεν
657 1850 670 1875 ὁ
685 1850 769 1875 εἰπὼν
787 1850 916 1875 Ἀπὸστο-

127 1896 181 1928 λος·
208 1895 390 1930 ’Υποτιὶγητε
413 1895 496 1930 πάσῃ
521 1895 617 1921 κτίσει
643 1895 813 1929 ἀνθρωπίνῃ
828 1915 834 1925 ,
867 1895 915 1921 διὰ

127 1942 180 1969 τὸν
201 1943 324 1976 Κύριον·
345 1941 406 1968 εἴτε
418 1941 554 1973 βασιλεῖ,
579 1942 618 1972 ὡς
641 1940 832 1975 ὑπερέχοντι·
856 1940 916 1966 εἴτε

126 1987 281 2021 ἡγεμόσιν,
296 1987 335 2019 ὠς
351 1986 389 2013 δι’
401 1987 494 2013 αὐτοῦ
507 1986 718 2021 πεμπομένοις.
731 1986 785 2011 Καὶ
798 1986 811 2011 ὁ
831 1984 914 2011 εἰπὼν

125 2033 154 2059 δὲ
160 2033 313 2067 προφήτης,
328 2030 494 2066 Ἐτοιμάζου
506 2032 558 2058 τοῦ
567 2031 771 2058 ἐπικαλεῖσθαι
780 2030 833 2056 τὸν
842 2031 914 2057 Θεόν

126 2084 184 2107 σου
209 2077 343 2112 Ἰσραήλ·
361 2077 436 2104 διότι
462 2077 524 2104 ἰδοὺ
543 2077 674 2110 στερεῶν
692 2077 837 2110 ,Βρόντην,
863 2076 913 2102 καὶ

127 2123 229 2154 κτίζων
242 2123 371 2158 πνεῦμα,
389 2123 437 2150 καὶ
464 2123 657 2158 ἀναγγέλλων
672 2124 714 2155 εὶς
740 2122 914 2155 ἀνθρώπους

126 2170 179 2196 τὸν
191 2169 322 2204 Χριστὸν
342 2169 443 2196 αὑτοῦ.
460 2170 515 2198 Καὶ
529 2170 570 2201 τὸ,
588 2168 735 2203 Γραφήτω
757 2168 811 2204 (65)
837 2168 913 2202 αὕτη

122 2217 168 2248 εὶς
186 2216 293 2250 γενεὰν
304 2215 418 2250 ἑτέραν,
433 2214 482 2242 καὶ
496 2215 571 2248 λαὸς
587 2217 602 2242 ό
619 2215 785 2249 κτιζόμενος
800 2214 914 2241 αἰνέσει

971 282 1016 316 qui
1043 281 1113 309 inter
1140 282 1264 310 homines
1300 288 1374 309 recta
1414 282 1582 317 operantur?
1599 281 1674 316 Quod
1690 284 1711 310 si
1727 284 1760 310 do

972 328 1080 356 Christo
1096 328 1141 356 Dei
1163 329 1280 364 accipiat
1295 329 1356 364 quis
1377 328 1443 356 illud
1464 328 1565 356 dictum
1580 337 1587 355 :
1600 336 1662 355 nam
1678 328 1760 356 Chri-

972 379 1030 401 stus
1055 373 1100 401 Dei
1129 378 1247 407 potestas
1269 378 1312 401 est
1334 378 1361 400 et
1383 373 1532 408 Sapientia,
1559 373 1627 401 nihil
1649 373 1761 409 impedit

972 419 1042 447 hanc
1064 420 1280 455 intelligentiam,
1304 419 1522 455 quandoquidem
1546 421 1580 447 ob
1597 420 1760 448 immensum

972 475 1049 494 suunt
1069 467 1095 493 in
1119 467 1267 494 humanum
1289 475 1373 502 genus
1397 474 1516 494 amorem
1544 475 1596 494 non
1626 468 1761 495 recusavit

972 512 1042 540 hanc
1066 513 1276 540 fraternitatem.
1301 513 1376 547 Quod
1401 514 1423 541 si
1447 522 1528 541 untttu
1553 518 1612 540 eral
1633 514 1759 550 idemque

972 561 1054 593 Dens,
1070 566 1096 587 et
1117 569 1176 595 qua:
1197 562 1223 587 in
1246 561 1398 588 Proverbiis
1415 561 1595 588 introducitur
1609 560 1759 596 Sapientia,

972 604 1032 641 (μιαέ
1047 608 1154 642 sapiens
1169 607 1278 642 quidam
1302 608 1411 635 habitus
1426 613 1467 635 est
1483 609 1509 635 in
1529 607 1573 634 illo
1588 608 1758 639 intellectus.

973 654 999 680 in
1013 659 1144 687 quantum
1161 653 1231 680 Deus
1255 654 1373 688 sapiens.
1391 655 1455 688 quid
1472 654 1596 687 prohibet
1616 654 1698 681 Deum
1715 654 1761 681 hic

971 707 1019 734 pro
1037 699 1175 734 Sapientia
1198 700 1308 727 rescribi
1324 709 1331 726 :
1348 705 1376 727 ιιι
1396 701 1435 728 sic
1457 701 1501 728 ubi
1525 701 1624 727 dictum
1639 706 1693 733 est,
1710 699 1761 727 Sa-

970 745 1068 778 pientia
1083 745 1222 780 a'di/icavit
1239 746 1291 772 sibi
1313 746 1428 778 domum,
1444 752 1468 772 et
1486 746 1609 772 solidavit
1623 746 1759 772 columnas

971 796 1075 825 septem.
1094 797 1120 818 et
1132 800 1191 826 qua:
1203 795 1363 826 sequuntur,
1375 792 1474 818 dictum
1491 792 1525 817 sit
1540 799 1598 825 pro,
1614 791 1682 817 Deus
1695 791 1761 817 mdi-

970 838 1056 875 ﬁcavit
1079 838 1128 864 sibi
1142 838 1337 871 domum,etc.;
1356 841 1383 864 et
1399 838 1494 864 iterum
1512 845 1559 872 pro
1573 844 1614 869 co,
1633 837 1692 863 Dixi
1706 836 1759 863 Stl-

971 883 1096 917 pientiam
1107 892 1222 910 sororem
1237 889 1321 916 (nam,
1338 884 1453 914 dicatur,
1475 883 1535 910 Dixi
1554 883 1636 910 Deum
1650 884 1759 918 fratrem

971 935 1053 957 tuum.
1069 930 1120 956 Sed
1139 934 1167 955 ut
1182 938 1261 956 aures
1279 930 1415 964 percutiat
1430 930 1479 956 ista
1497 929 1589 960 dictio.
1607 930 1681 957 vides
1704 934 1759 955 lam

971 974 1125 1009 incongrua.
1156 974 1231 1007 Quod
1257 975 1279 1001 si
1305 975 1338 1001 de
1367 974 1435 1001 Filio
1463 974 1629 1009 Sapientiam
1655 974 1758 1008 capias,

969 1021 1058 1046 omnia
1077 1021 1143 1047 bene
1160 1021 1243 1047 liuent
1258 1029 1265 1047 :
1281 1028 1331 1047 nec
1346 1025 1473 1047 occurret
1485 1020 1532 1046 tihi
1549 1020 1696 1055 quidquam
1714 1018 1759 1045 hic

970 1066 1124 1099 impietatis,
1141 1074 1201 1093 cum
1221 1067 1361 1101 perhibent
1388 1066 1433 1093 tibi
1453 1066 1636 1093 teSIimoniutn
1661 1066 1759 1092 beatus

969 1112 1066 1139 Paulus
1079 1113 1282 1147 apostolus,qui
1293 1112 1451 1147 pronuntiat
1461 1112 1534 1139 clare
1545 1111 1718 1139 Servatorem
1731 1115 1759 1137 et

970 1156 1111 1184 Dominum
1127 1162 1247 1185 nostrum
1263 1156 1354 1184 Jcsum
1368 1157 1506 1184 Christum
1529 1157 1575 1184 Dei
1591 1156 1758 1190 Sapientiam

970 1204 1175 1236 nominandum,
1201 1204 1246 1230 ubi
1268 1204 1316 1236 ait,
1333 1203 1453 1232 Christus
1471 1203 1516 1229 Dei
1539 1203 1654 1238 polentia
1670 1207 1693 1228 et
1708 1201 1759 1229 Sa-

968 1252 1067 1286 pientia
1077 1253 1110 1278 9’.
1125 1251 1172 1278 llis
1186 1252 1218 1278 ad
1235 1252 1306 1279 hunc
1321 1250 1427 1277 modum
1445 1250 1479 1276 ita
1497 1249 1645 1284 apparatis,
1661 1249 1694 1276 ad
1711 1256 1758 1275 su-

968 1294 1059 1332 perius
1073 1298 1207 1332 proposita
1227 1304 1395 1332 consequens
1415 1302 1454 1323 est
1476 1296 1536 1328 hoc,
1550 1296 1678 1322 Dominus
1693 1303 1757 1321 con-

969 1343 1036 1369 didit
1053 1352 1093 1370 me
1103 1344 1261 1378 principium
1277 1344 1377 1369 viarum
1392 1350 1501 1368 suarum
1516 1342 1549 1369 ad
1561 1350 1639 1376 opera
1652 1341 1709 1376 ejus
1722 1341 1757 1374 ",

969 1397 984 1416 e
1012 1397 1128 1424 persona
1152 1388 1210 1424 ejus
1234 1389 1369 1424 usurpari.
1389 1389 1464 1422 Quod
1480 1389 1501 1415 si
1526 1389 1600 1415 dicat
1618 1388 1757 1417 conditttm

970 1435 1043 1462 illum
1058 1435 1150 1467 fuisse,
1166 1443 1218 1462 nou
1233 1436 1268 1462 ita
1282 1435 1359 1467 divit,
1371 1435 1448 1470 quasi
1465 1434 1543 1461 vellct
1557 1434 1682 1468 intelligi,
1695 1441 1757 1461 eum

969 1481 1002 1508 de
1019 1488 1072 1508 non
1088 1486 1152 1508 ente
1167 1482 1199 1508 ad
1214 1488 1273 1508 esse
1289 1481 1531 1516 processisseznec
1546 1480 1627 1514 quod,
1644 1477 1683 1507 ad'
1700 1488 1758 1507 mo-

969 1527 1032 1554 dum
1051 1532 1238 1554 ereaturarttm
1255 1527 1431 1562 reliquarum,
1451 1528 1483 1553 de
1509 1535 1561 1554 non
1578 1531 1640 1554 ente
1655 1527 1757 1561 produ-

970 1572 1091 1604 cebatur,
1107 1573 1178 1606 quod
1196 1572 1318 1600 nonnulli
1337 1573 1427 1599 minus
1443 1579 1515 1599 recte
1530 1577 1592 1598 sunt
1608 1572 1732 1599 arbitrati
1749 1581 1756 1598 :

969 1617 1015 1642 sed
1032 1617 1102 1646 quod
1117 1617 1267 1644 subsistens
1292 1622 1319 1643 et
1338 1618 1442 1649 vivens,
1467 1618 1513 1644 sed
1536 1617 1607 1651 quod
1629 1619 1758 1651 praeexsi-

970 1667 1054 1694 stens,
1070 1667 1096 1688 et
1113 1663 1332 1696 prmsubsistens,
1354 1668 1418 1689 ante
1435 1670 1542 1689 otnnetn
1560 1663 1650 1689 mundi
1665 1664 1758 1689 condi~

971 1707 1069 1734 tionem
1085 1715 1142 1735 erat
1156 1717 1162 1736 :
1179 1712 1207 1741 >I<
1223 1709 1349 1744 quodque
1366 1717 1380 1735 a
1403 1709 1514 1736 Domino
1529 1717 1577 1735 stto
1595 1709 1674 1736 Patre
1692 1717 1758 1736 cou-

969 1755 1078 1781 stitutns
1102 1759 1142 1781 est
1157 1755 1277 1782 omnium
1296 1755 1460 1787 dominator,
1477 1755 1564 1789 posito
1586 1754 1640 1787 illo,
1666 1756 1757 1781 condi-

969 1801 1017 1832 dit,
1047 1801 1098 1828 hoc
1124 1801 1150 1827 in
1175 1801 1243 1831 loco.
1269 1809 1316 1835 pro
1340 1801 1485 1833 constituit,
1502 1801 1542 1827 vel
1560 1800 1701 1828 ordinavit.
1715 1801 1757 1828 Di-

969 1847 1048 1873 sertis
1063 1847 1150 1874 verbis
1164 1847 1299 1881 principes
1313 1852 1340 1873 et
1353 1848 1435 1874 duces
1448 1847 1518 1874 inter
1530 1847 1663 1878 homines,
1680 1854 1757 1874 crea—

970 1897 1056 1918 turam
1073 1893 1216 1926 Apostolus
1237 1892 1398 1925 nominavit,
1414 1893 1458 1920 ubi
1471 1893 1527 1919 ait:
1544 1892 1661 1926 Subjecti
1675 1898 1756 1920 estote

969 1937 1038 1963 otmti
1057 1937 1178 1964 humana;
1200 1943 1329 1965 creatura:
1345 1942 1451 1972 propter
1468 1937 1622 1970 Dominum,
1636 1939 1688 1965 sive
1703 1939 1758 1974 regi

969 1988 995 2008 ut
1011 1982 1158 2016 excellenti,
1170 1984 1223 2010 sive
1234 1984 1394 2018 principibus
1415 1989 1442 2010 ut
1461 1983 1492 2010 ab
1510 1983 1557 2010 illo
1571 1984 1699 2011 missis".
1724 1985 1758 2010 lit.

969 2029 1099 2063 propheta
1116 2030 1160 2064 qui
1179 2030 1246 2057 dixit
1261 2038 1268 2056 :
1285 2029 1454 2064 Prwparare,
1471 2035 1497 2056 ut
1515 2035 1618 2057 vocetur
1635 2038 1713 2064 super
1732 2034 1757 2055 te

969 2074 1038 2101 Deus
1051 2075 1135 2102 Israel
1153 2084 1161 2102 .'
1173 2081 1311 2110 propterea
1328 2084 1386 2102 ecce
1403 2075 1493 2110 ﬁrmat
1507 2076 1618 2107 tonitru,
1630 2080 1654 2102 et
1667 2075 1757 2102 condit

968 2126 1065 2153 ventos,
1084 2125 1108 2149 et
1121 2122 1263 2148 annuntiat
1279 2122 1345 2148 inter
1365 2122 1482 2148 homines
1495 2121 1628 2148 Christum
1642 2122 1755 2149 suum".

970 2167 1001 2193 lit
1019 2167 1091 2198 illud,
1108 2168 1248 2194 Scribatur
1263 2168 1309 2194 illa
1327 2168 1354 2194 in
1369 2168 1565 2202 generationem
1586 2168 1710 2200 alteram,
1726 2172 1757 2194 ut

967 2213 1078 2246 populus
1090 2214 1135 2248 qui
1144 2214 1266 2240 conditur
1275 2213 1361 2240 laudet
1370 2213 1548 2241 Dominum".
1559 2212 1624 2240 Illud
1637 2213 1755 2241 condidit

125 2262 179 2288 τὸν
189 2262 307 2295 Κύεριιγν⁸
318 2261 358 2293 τὸ,
370 2261 485 2293 κτίζων,
492 2262 537 2289 ἐπὶ
546 2260 593 2287 τοῦ
602 2261 742 2295 γεγονότος
752 2260 781 2292 ἐξ
790 2261 911 2295 ἁνυπαρ-

969 2266 1015 2292 pro
1032 2266 1064 2286 eo
1080 2260 1151 2294 quod
1171 2259 1222 2286 l'uit
1237 2265 1373 2294 smnptunt
1392 2264 1444 2292 est,
1457 2260 1519 2294 quia
1531 2260 1586 2294 jam
1610 2264 1673 2286 ante
1685 2264 1754 2286 erat.

125 2307 182 2339 ξῐας
199 2307 374 2343 παρείληφεν.
385 2307 422 2333 Οὐ
431 2307 484 2342 γὰρ
501 2307 560 2334 τότε
572 2307 678 2334 ἔκτισεν
686 2307 699 2332 ὁ
710 2306 775 2338 Θεὸς
791 2306 820 2332 τὸ
832 2305 913 2332 πνεῦ-

123 2361 174 2391 μα,
187 2353 231 2380 ὅτε
242 2353 286 2379 τὸν
296 2352 412 2388 Χριστὸν
428 2352 509 2379 αὐτοῦ
524 2352 556 2378 δι’
565 2351 647 2379 αὑτοῦ
662 2352 744 2378 πᾶσιν
759 2351 911 2386 ἀνθρώποις

122 2397 317 2433 κατήγγειλεν·
332 2398 407 2427 οὐδὲν
432 2397 485 2433 γὰρ
511 2397 665 2432 πρόσφατον
685 2397 736 2423 ὑπὸ
757 2396 801 2422 τὸν
826 2396 911 2431 ἣλιον.

73 2475 84 2485 α
129 2443 199 2471 Ἀλλ’
207 2442 241 2479 ἦν
259 2444 319 2480 μὲν,
331 2445 378 2472 καὶ
387 2444 574 2479 προϋπῆρχεν,
585 2442 763 2469 ἀπεστέλλετο
774 2442 801 2468 δὲ
812 2442 871 2468 καθ’
881 2442 911 2468 ὃν

123 2490 218 2526 καιρὸν
242 2488 312 2526 ἦσαν
332 2492 356 2516 ol
379 2489 522 2518 ἀπόστολοι
546 2489 709 2525 συνηγμένοι
724 2497 730 2503 '
757 2489 801 2515 ὅτε
827 2488 908 2523 δίκην

122 2536 248 2572 βροντῆς,
263 2537 369 2571 ἐγένετο
379 2534 443 2573 ἦχος
457 2537 489 2562 ὲκ
502 2534 547 2561 τοῦ
562 2534 691 2570 οὐρανοῦ,
720 2533 813 2569 ὥσπερ
829 2542 910 2569 φερο-

123 2582 208 2618 μένης
234 2583 317 2618 πνοῆς
343 2582 450 2616 βιαίας,
475 2580 672 2616 ὲπληρὼθησάν
696 2588 725 2606 τε
751 2579 910 2614 Πνεύματος

121 2627 200 2661 ἁγίου
209 2635 216 2643 ·
233 2628 279 2654 καὶ
293 2627 378 2658 οὕτως
391 2628 430 2658 είς
442 2627 544 2657 πάντας
559 2625 717 2661 ἀνθρώπους
731 2626 776 2653 τὸν
792 2625 909 2660 Χριστὸν

119 2673 169 2699 ἰηὖ
184 2672 250 2699 Θεοῦ
264 2673 456 2708 κατήγγειλαν,
469 2672 621 2703 ἀκολούθως
638 2673 671 2707 τῇ
688 2670 841 2706 προφητεία
857 2678 909 2704 φη-

154 2767 185 2796 ›Ῑ‹
201 2763 252 2792 Ed.
267 2763 369 2795 Paris.,
384 2771 445 2799 pag.
461 2763 523 2792 151.
561 2762 583 2779 ¹¹
600 2763 610 2789 1
625 2762 689 2790 Cor.
701 2770 722 2794 t,
739 2761 784 2790 24.

117 2799 146 2816 ⁸⁵
159 2799 233 2826 Psal.
248 2807 285 2833 Cl,
297 2800 340 2827 19.

163 2891 215 2927 itit)
229 2891 315 2927 Yulgo
333 2891 439 2927 σοφίαν,
456 2890 512 2925 ἕξιν
525 2894 552 2919 et
568 2897 630 2919 mox
644 2889 764 2917 ἑκλάσοι.

163 2891 199 2919 ’61
229 2891 315 2927 Vulgo
333 2891 420 2927 σοφίαι

155 2891 215 2963 16Ξῖ
230 2926 315 2962 Vulgo
328 2926 420 2954 αὐτόν.

836 2760 945 2789 “Prov.
959 2769 1019 2796 vm,
1029 2762 1074 2789 ΞΩ.

965 2304 1057 2339 Neque
1072 2307 1143 2333 enim
1161 2312 1216 2333 tum
1231 2307 1351 2335 condidit
1363 2307 1433 2334 Deus
1445 2306 1580 2341 spiritum,
1597 2313 1659 2332 cum
1676 2305 1757 2332 Chri-

965 2358 1035 2380 stum
1053 2361 1130 2380 suutn
1148 2361 1195 2388 per
1217 2354 1292 2381 illum
1319 2353 1452 2381 universis
1475 2351 1631 2380 hominibus
1649 2359 1756 2379 annun-

968 2399 1044 2425 tiaret
1058 2407 1065 2426 :
1081 2399 1142 2433 quia
1163 2399 1229 2427 nihil
1252 2400 1312 2427 novi
1335 2404 1377 2426 est
1402 2399 1453 2426 sub
1479 2398 1535 2426 sole
1558 2407 1564 2425 :
1582 2398 1628 2425 sed
1647 2401 1706 2424 erat
1725 2402 1756 2425 et

965 2444 1111 2471 exsistebat
1127 2449 1208 2472 ante:
1224 2445 1382 2472 mittebatur
1400 2449 1489 2472 autem
1506 2451 1538 2471 eo
1554 2449 1674 2478 tempore
1691 2451 1753 2471 cum

966 2489 991 2515 in
1009 2497 1090 2517 unutn
1106 2490 1259 2525 congregati
1282 2489 1396 2524 apostoli
1419 2493 1498 2516 erant
1512 2498 1518 2516 :
1532 2496 1594 2516 cum
1616 2488 1649 2515 ad
1669 2488 1754 2517 instar

966 2536 1082 2563 tonitrus
1101 2535 1187 2563 factus
1206 2540 1246 2562 est
1268 2535 1374 2562 sonitus
1392 2534 1487 2569 ingens
1512 2535 1544 2561 de
1567 2534 1637 2562 C(Blﬂ
1651 2543 1658 2563 :
1671 2534 1753 2561 veluti

966 2581 1143 2608 descendente
1163 2582 1260 2615 Spiritu
1282 2580 1493 2613 vehementiore,
1520 2585 1548 2609 et
1571 2580 1667 2614 repleti
1690 2586 1754 2607 sunt

966 2627 1067 2661 Spiritu
1081 2632 1185 2654 sancto.
1198 2628 1286 2662 Atque
1301 2626 1337 2653 ita
1346 2627 1484 2654 Christum
1499 2626 1615 2659 Domini,
1635 2627 1660 2652 in
1676 2634 1754 2652 mun-

965 2672 1028 2698 dum
1060 2673 1216 2700 universum
1253 2672 1565 2706 annuntiaruntzjuxta
1596 2672 1753 2698 vaticinium

1131 2761 1254 2789 "lPetr.
1272 2761 1361 2793 ".15,
1383 2761 1426 2789 14.
1472 2761 1633 2794 "Arnostv.
1648 2761 1693 2794 12,
1708 2760 1752 2790 15.

998 2888 1054 2925 (63)
1074 2887 1158 2923 Vulgo
1174 2887 1242 2923 αὐτή
1254 2906 1262 2920 ,
1275 2892 1301 2915 et
1317 2894 1378 2914 mox
1394 2886 1499 2921 αἱνήσε,
