2032 3211
192 187 245 217 θυι

677 186 721 214 DE
742 185 1008 214 ECCLESIASTICA
1029 185 1223 215 THEOLOGIA
1242 185 1305 214 LIB.
1326 187 1370 214 Ill.

1770 187 1824 216 994

191 253 260 273 σοιν
277 245 342 272 ποτὶ
359 243 398 277 δὲ,
419 244 476 277 Υιὲ,
494 243 576 279 ἐμοῖς
591 244 694 279 νόμοις
709 245 849 279 πρόσεχε,
873 244 934 278 τοῖς
949 244 979 271 δὲ

1034 245 1102 272 libro
1113 253 1162 280 per
1172 246 1288 279 seipsum
1310 246 1372 280 quis
1391 244 1529 280 collegerit
1543 246 1649 281 negotio
1661 245 1744 278 nullo,
1762 248 1824 282 qui-

191 291 272 327 ὲμοῖς
285 292 402 326 ῥήμασι
418 291 591 326 παράϐαλλε
606 291 664 318 σὺν
680 289 744 324 οὖς·
760 292 807 317 καὶ
818 290 906 322 αὖθις,
924 285 982 322 m.

189 339 231 373 μὴ
246 337 379 373 ὀλιγώρει
395 337 530 370 παιδείας
543 338 663 371 Κυρίου,
681 338 729 364 καὶ
748 337 791 372 μὴ
804 337 916 364 ἐκλύου
931 337 981 363 ὐπ’

191 384 284 411 αὑτοῦ
293 385 505 418 ἐλεγχόμενος·
521 384 577 414 καὶ,
598 384 653 415 Υἱὲ,
667 384 720 410 ἐὰν
729 383 828 416 καλῶς
839 383 911 418 γένῃ
920 384 984 409 ἐαυ-

191 431 241 464 τῷ,
266 430 359 463 καλὸς
374 430 431 464 ἔσῃ
448 431 495 456 καὶ
517 431 579 463 τοῖς
595 431 743 463 πλ-ησὶονι
765 430 819 457 ἐὰν
834 430 868 456 δὲ
891 430 983 462 κακσλς

191 476 318 511 ἀποϐᾗς.
333 477 426 511 μόνος
446 476 607 509 ἁντλήσεις
622 477 657 503 τὰ
676 476 753 503 κακά
770 476 819 511 (5).
843 476 934 512 Μυρία
954 476 983 502 δὲ

191 525 224 551 ἂν
236 524 283 550 καὶ
296 523 376 555 αὐτὸς
392 523 496 554 τούτοις
514 524 604 558 ὅμοια,
619 522 680 549 καθ’
693 523 787 549 ἑαυτὸν
807 523 861 549 ἀπὸ
875 522 926 556 τῆς
941 521 981 556 βί-

190 568 253 595 ϐλου
266 568 321 594 τῶν
340 568 496 604 Παροιμιῶν
514 568 640 602 ἁναλὲξῃ,
658 567 689 593 δι’
703 564 740 594 ὧν
756 568 770 593 ὁ
789 568 875 601 Λόγος
890 567 982 601 φαίνε-

189 623 234 640 ται
249 614 356 649 νηπίοις
372 614 420 644 τὰς
437 613 525 648 ψυχὰς
545 612 814 647 προσδιαλεγόμενος.
840 612 918 638 Οὖτω
935 613 981 639 καὶ

189 661 291 696 Μωσῆς
305 661 477 694 παιδαγωγὸς
489 659 542 686 τῶν
556 659 656 686 ἀτελῶν
671 659 720 690 τὰς
735 659 771 693 (ιι)
784 659 885 695 φρένας
899 659 983 694 ὑπάρ-

189 716 254 742 χων,
267 706 382 739 οὐρανοῦ
407 706 454 732 καὶ
469 706 520 740 γῆς
537 706 584 731 καὶ
598 705 648 739 τῆς
660 705 714 730 τῶν
727 704 831 740 ὁρατῶν
851 705 981 740 δημιουρ-

188 755 248 789 γίας
269 754 487 790 ἐμνημόνευσεν·
515 754 545 779 οὐ
574 752 625 788 μὴν
646 753 692 778 καὶ
712 753 827 784 κτίσεως
846 753 979 787 ἀγγέλων,

188 802 249 828 οὐδὲ
263 801 342 828 θείων
356 801 496 836 δυνάμεων
507 821 514 831 ,
533 800 593 826 οὐδὲ
608 799 769 834 πνευμάτων
782 799 876 833 ἁγίων,
887 799 926 834 τῷ
944 799 981 835 μὴ

188 848 286 884 χωρεῖν
304 856 347 873 πω
367 847 416 881 τὴν
438 847 538 872 τούτων
558 845 732 872 διδασκαλίαν
753 846 815 876 τοὺς
836 845 910 881 αὐτῷ
929 854 982 881 μα-

188 893 393 928 θητευομένους.
411 893 529 923 Εἰκότως
543 891 686 926 τοιγαροῦν
701 892 746 917 καὶ
756 891 770 917 ὁ
788 892 816 917 ἐν
829 892 889 922 ταῖς
904 892 979 928 Παρ-

187 939 289 974 οιμίαις
302 938 397 973 Λόγος,
413 938 450 970 ὡς
467 938 597 969 τοιούτοις
616 937 670 964 ἀπὸ
700 937 753 964 τῶν
769 938 833 973 περὶ
846 938 896 972 γῆν
908 937 980 973 ὀρῶν

187 993 216 1010 τε
231 985 278 1011 καὶ
295 984 408 1019 βουνὼν,
436 984 482 1010 καὶ
503 984 608 1019 πηγῶν,
626 983 663 1015 ὠς
682 983 736 1010 ἀπὸ
762 984 979 1019 γνωριμωτέρων

186 1029 235 1067 τὴν
248 1030 422 1057 διδασκαλίαν
444 1031 575 1056 ἐποιεῖτο·
598 1029 636 1061 ὡς
661 1029 690 1061 ἐξ
724 1029 881 1064 ὑποϐάορας
896 1030 980 1065 ἀρξά-

188 1085 269 1112 μενος
286 1077 332 1103 ἐπὶ
347 1077 380 1103 τὰ
400 1077 516 1112 κρείττω
532 1077 747 1112 χειραγωγήσειε
767 1076 830 1107 τοὺς
843 1076 979 1111 παιδαγω-

186 1125 346 1161 γουμένους,
362 1125 415 1152 ἀπὸ
429 1133 457 1151 τε
476 1125 530 1151 τῶν
544 1124 730 1161 σμικροτέρων
751 1125 796 1150 ἐπὶ
812 1125 846 1151 τὰ
858 1124 980 1160 θειότερα

185 1170 333 1197 διαϐαίνειν
354 1170 582 1205 παρασκευάσειε.
603 1169 694 1196 Ταῦτα
711 1170 759 1205 μὲν
777 1168 835 1202 οὖν,
859 1171 883 1196 εἰ
898 1171 980 1206 μηδὲν

184 1225 226 1249 τις
238 1217 312 1252 πέρα
332 1216 382 1251 τῆς
397 1215 496 1248 λέξεως
513 1215 736 1251 περιεργάζοιτο’
751 1216 774 1242 εί
792 1215 819 1241 δὲ
833 1215 980 1252 βαθύτερόν

185 1272 227 1296 τις
237 1262 383 1290 καὶταῦτα
402 1264 471 1289 νοεῖν
491 1262 588 1294 ἐθέλοι,
605 1263 635 1289 οὐ
658 1262 758 1297 μᾶλλον
773 1263 818 1289 ἐπὶ
834 1264 896 1295 τοὺς
911 1264 979 1289 ἀπο-

187 1309 307 1341 στόλους,
327 1309 343 1344 ἢ
359 1309 405 1335 ἐπὶ
417 1309 519 1340 πάντας
543 1309 607 1340 τοὺς
631 1307 740 1334 πώποτε
760 1308 921 1343 γενομένους
939 1308 978 1334 δι-

185 1353 279 1384 καίους
294 1353 341 1379 καὶ
364 1352 496 1386 θεοφιλεῖς
512 1352 612 1388 ἄνδρας
631 1352 701 1379 αὐτὰ
716 1352 862 1385 ἐκδέξεται,
886 1353 978 1389 διαϐή-

185 1408 261 1427 σεται
272 1399 300 1426 δὲ
311 1399 416 1426 ἐνθένδε
433 1400 479 1426 καὶ
499 1400 546 1426 ἐπὶ
559 1399 609 1431 τὰς
624 1400 700 1431 Θείας
715 1400 761 1426 καὶ
774 1399 921 1434 ἀγγελικὰς
933 1400 979 1426 ὂν-

185 1446 291 1481 νάμεις,
317 1446 366 1481 ὅρη
391 1446 476 1480 λέγων
488 1446 535 1473 καὶ
551 1445 661 1481 βουνοὺς
678 1446 842 1472 αίνίττεσϐαι
855 1446 978 1480 ἀγγέλων

187 1492 234 1518 καὶ
252 1492 426 1527 ἀρχαγγέλων
456 1493 502 1519 καὶ
530 1494 693 1528 πνευμάτων
725 1493 806 1519 θείων
835 1493 978 1528 διαφορὰς,

189 1538 298 1574 Θρόνους
313 1547 343 1565 τε
357 1540 402 1566 καὶ
418 1540 580 1574 κυριότητας
599 1540 645 1566 καὶ
671 1539 759 1576 ἀρχὰς
776 1540 823 1566 καὶ
843 1539 976 1572 ἐξουσίας,

187 1585 227 1611 ὃτι
241 1586 279 1620 (5)
296 1585 327 1620 δὴ
348 1585 492 1612 καὶταῦτα
511 1586 599 1613 πάντα
615 1586 648 1612 δι’
665 1586 758 1618 αὐτοῦ,
777 1587 822 1612 καὶ
839 1587 878 1618 είς
898 1587 978 1613 αὐτὸν
992 1602 1012 1629 c

185 1630 306 1657 ἐκτίσθαι
323 1631 371 1658 καὶ
384 1631 437 1667 πρὸ
448 1632 556 1659 πάντων
573 1632 662 1657 αὐτῶν
674 1629 742 1658 εἶναι
754 1631 866 1663 τούτων,
883 1633 897 1658 ὁ
908 1631 978 1663 θεῖος

184 1677 302 1709 ἐδίδαξεν
309 1678 468 1709 Ἀπόστολος
484 1677 532 1712 (6),
547 1677 709 1712 ἐνθέως(ὼς)
723 1677 794 1708 εἰκὸς
807 1676 977 1711 ὁρμώμενος,

182 1723 226 1749 διὰ
238 1723 269 1750 τὺ
290 1724 417 1758 λέγεσθαι
445 1725 473 1750 ὲν
495 1724 599 1755 τούτοις
625 1724 656 1749 ὲκ
682 1723 830 1759 προσώπου
847 1722 892 1748 τοῦ
914 1722 978 1748 Υἱοῦ

182 1769 229 1796 τοῦ
238 1769 305 1796 Θεοῦ
313 1771 354 1801 τὸ,
370 1770 429 1804 Πρὸ
446 1770 498 1797 τοῦ
513 1770 565 1804 ὄρη
578 1769 770 1804 ἑδρασθῆναι,
785 1769 841 1803 πρὸ
857 1769 890 1795 δὲ
905 1768 978 1795 πάν-

182 1823 240 1842 των
258 1815 382 1848 βουνῶν
403 1815 493 1851 γεννᾷ
508 1825 555 1850 με.
578 1817 617 1842 Τὰ
636 1816 683 1851 μὲν
702 1814 748 1842 οὖν
776 1815 844 1842 ἄλλα
863 1815 978 1850 δρᾶσθαι

183 1862 246 1898 ἔφη,
264 1862 343 1897 μόνον
363 1862 390 1888 δὲ
406 1863 487 1889 αὑτὸν
498 1862 676 1897 γεγεννῆσθαι
694 1862 746 1897 πρὸ
760 1862 809 1896 τῆς
822 1862 874 1887 τῶν
891 1861 977 1897 δηλω-

182 1908 282 1935 θέντων
296 1908 461 1940 συστάσεως.
479 1906 539 1935 Οἵδε
552 1909 580 1934 δὲ
597 1909 645 1944 τὴν
662 1908 822 1942 ἐπουράνιον
844 1907 978 1942 Ἰερουσα-

182 1954 238 1990 λὴμ.
249 1955 263 1981 ὁ
275 1954 533 1985 αὐτὸςἌπόστολος,
555 1954 601 1980 καὶ
617 1954 647 1980 τὸ
670 1953 794 1987 οὐράνιον
820 1953 883 1988 ὅρος
897 1954 938 1987 ἐφ’
955 1950 976 1986 ᾧ

181 2001 283 2036 ταύτην
310 1999 379 2026 εἶναί
407 2009 473 2036 φησι
497 2000 599 2034 λέγων’
626 2000 876 2033 Προσεληλύθιιτε
901 1999 977 2026 Σιὼν

181 2046 252 2079 ὄρει.
271 2045 320 2072 καὶ
336 2046 422 2072 πόλει
440 2045 513 2072 Θεοῦ
528 2044 635 2077 ζῶντος
652 2045 848 2079 ’[ερουσωῖἡμ
864 2045 910 2071 ἐπ’
925 2046 972 2071 οὺ-

177 2091 270 2127 ρανῷ,
291 2092 339 2118 καὶ
361 2092 507 2126 μιιρίασιν
522 2091 668 2126 ἀγγέλων,
687 2092 850 2126 πανηγύρει
864 2092 978 2118 καὶΕκ-

181 2138 294 2172 κλησίᾳ
318 2139 512 2172 πρωτοτόκων
530 2137 802 2172 ἀπογεγραμμένων
830 2138 865 2163 ἐν
889 2138 976 2171 οἰδμα-

180 2184 254 2218 νοῖς.
271 2185 325 2211 Καὶ
341 2184 443 2211 τούτων
461 2184 604 2220 τοιγαροῦν
617 2184 743 2210 ἁπάντων
759 2184 946 2218 προῦπάρχων
960 2184 973 2209 ὁ

180 2230 226 2257 τοῦ
239 2230 307 2257 Θεοῦ
328 2230 474 2266 μονογενὴς
489 2230 551 2262 Υἱὸς
574 2230 607 2256 τὰ
621 2230 671 2264 τῆς
694 2230 796 2260 οἰκείας
817 2229 974 2264 ἀπορρήτου

179 2276 332 2311 γεννήσεως
344 2276 599 2311 ὲπικεκρυμμένως,
614 2275 656 2302 διὰ
665 2275 719 2301 τῶν
734 2274 891 2310 Παροιμιῶν
903 2274 974 2309 ᾐνίτ-
990 2282 1011 2308 ι)

181 2330 251 2349 τετο.
265 2323 320 2349 Καὶ
332 2323 372 2349 ὅτι
386 2331 417 2357 γε
439 2322 523 2349 ταῦτα
534 2322 667 2348 ὑπέϐαλλε
683 2323 762 2353 νοεῖν,
778 2320 855 2356 δῆλον
880 2320 912 2347 ἂν
924 2320 970 2354 γέ-

182 2378 254 2397 νοιτο
263 2370 309 2404 ἀφ’
324 2366 361 2396 ὧν
375 2369 504 2396 συνάπτει
520 2369 581 2405 ἑξῆς
595 2369 680 2403 λέγων
692 2377 698 2384 ·
724 2368 824 2395 Ἠνίκιι
839 2366 973 2402 ἡτοίμαζε

179 2417 234 2444 τὸν
243 2416 384 2451 οὐρανὸν,
400 2416 606 2451 συμπαρήμην
620 2415 709 2448 αὐτῷ.
727 2415 811 2441 Ἔνθα
824 2416 838 2441 ό
849 2415 972 2448 γενναῖος

178 2462 232 2490 τῶν
247 2463 362 2499 Γραφῶν
377 2463 511 2498 ἑρμηνεὺς
529 2462 716 2493 ἀποκλεισθεὶς
731 2461 794 2496 ἔστη
810 2461 860 2493 (7),
877 2460 973 2496 μηκέθ’

178 2509 310 2544 ὑπερϐὰς,
327 2509 366 2544 τῷ
387 2509 424 2545 μὴ
443 2508 599 2543 δεδυνῆσθαι
618 2507 776 2542 ὲξομαλίσαι
799 2507 848 2542 τὴν
863 2506 975 2532 ἀκολου-

179 2554 240 2582 θίαν
249 2555 299 2590 τῆς
311 2554 487 2589 ἀποδοθείσης
506 2553 580 2588 αὑτῷ
596 2554 661 2588 περὶ
675 2553 725 2587 τῆς
738 2552 839 2588 σαρκὸς
853 2551 900 2577 τοῦ
917 2551 973 2576 Σω-

177 2601 259 2636 τῆρος
282 2599 446 2632 ὑποθέσεως.
465 2600 538 2625 Ἀνω
559 2598 613 2634 γὰρ
634 2599 681 2625 καὶ
700 2597 775 2624 κάτω
799 2597 848 2632 τῆς
869 2596 970 2631 σαρκὸς

178 2646 380 2683 μνημονεύσας,
402 2647 448 2673 καὶ
467 2646 555 2672 πάντα
571 2644 697 2680 εερῆσθαι
714 2643 778 2679 περὶ
792 2643 842 2678 τῆς
868 2642 969 2678 σαρκὸς

214 2732 245 2762 ›Ι‹
262 2729 311 2757 Ed.
326 2728 427 2761 Parim,
440 2735 501 2764 pag.
514 2726 575 2760 I62,
597 2725 648 2754 l63
695 2725 719 2741 ”
733 2723 815 2752 Hebr.
831 2730 880 2757 xtl,
890 2722 938 2755 22,
954 2721 1000 2750 23.

193 2821 251 2888 0&3)
266 2822 364 2857 Mvpla
377 2822 479 2855 αὑτός.
492 2820 564 2857 Lege
582 2819 668 2856 μυρία
679 2819 708 2846 δὲ
728 2818 795 2856 [ὶιιιο
810 2819 833 2846 δ’
853 2818 885 2846 ἂν
904 2826 965 2847 eum

176 2867 191 2888 c
230 2857 269 2888 d.|
284 2858 332 2885 καὶ
343 2857 434 2888 αὑτός.

223 2892 251 2928 4)
259 2889 437 2928 ΫιιΙεοψυχάς
443 2897 470 2920 et
477 2898 537 2928 mox
546 2891 577 2928 rb
586 2891 623 2928 pl)
634 2890 742 2926 et_inlra
748 2890 795 2918 ut
803 2889 877 2918 διασ.

212 2894 640 2965 praesumam:

1035 291 1085 318 bus
1100 291 1163 318 illud
1177 291 1260 325 liqttet
1273 290 1389 318 Verbum
1402 290 1439 318 ibi
1455 298 1595 319 sermones
1607 292 1747 319 instituere
1760 300 1820 320 eum

1034 336 1124 364 animo
1134 337 1277 364 admodum
1291 337 1392 371 pueris.
1406 340 1436 368 »Ε
1452 337 1492 364 Ad
1507 338 1588 364 istum
1603 339 1710 365 modum
1725 343 1752 365 et
1767 338 1823 365 Mo-

1035 391 1078 410 ses
1106 382 1323 417 iniperlectormn
1350 385 1497 411 secundum
1525 384 1629 411 animos
1664 384 1822 418 pmdagogus

1034 435 1093 454 eum
1110 433 1192 460 esset,
1208 430 1267 456 mali
1284 434 1310 456 et
1328 434 1418 462 terras,
1431 435 1458 456 et
1474 423 1620 456 visibilium
1638 431 1823 456 commeminit

1034 466 1204 501 conditurm:
1223 483 1275 502 non
1300 481 1388 502 autem
1416 475 1562 502 ereationis
1584 476 1752 509 angelorum,
1774 484 1823 503 nec

1033 522 1185 548 divinarum
1208 526 1382 556 potestatum,
1403 530 1454 548 nec.
1483 526 1639 549 sanctorum
1665 522 1821 557 spirituum,

1032 575 1065 595 eo
1090 568 1161 603 quod
1185 576 1236 595 non
1257 572 1365 602 possent
1381 575 1477 602 capere
1492 568 1642 595 doctrinam
1669 569 1747 596 istam
1772 569 1820 600 illi,

1033 614 1078 648 qui
1094 615 1120 641 in
1139 614 1309 648 disciplinam
1335 614 1358 641 ei
1371 614 1567 647 _tradebantur.
1597 614 1633 641 Ilt
1651 622 1700 641 nec
1723 615 1820 650 injuria

1033 659 1161 691 Verbum,
1179 659 1241 685 dum
1268 658 1385 692 loquitur
1407 659 1450 686 hic
1464 659 1490 685 in
1502 659 1665 692 Proverbiis,
1678 660 1712 686 ad
1735 660 1822 687 istius-

1033 706 1104 733 modi
1118 705 1254 732 auditores
1266 705 1416 733 doctrinam
1429 713 1517 739 suam,
1530 714 1542 732 τι
1556 706 1671 732 terrenis
1685 706 1821 733 montibus

1033 752 1156 784 deducat,
1173 758 1186 777 a
1201 750 1315 778 collibus
1332 755 1359 777 et
1377 758 1507 785 aquarum
1523 751 1750 786 scaturiginibus;
1775 757 1819 779 ut-

1032 803 1094 832 pote
1111 805 1124 824 a
1139 797 1223 831 magis
1239 797 1353 832 cognitis
1371 806 1377 823 :
1394 802 1474 832 atque
1486 798 1520 824 ita
1536 806 1648 825 exorsus
1663 800 1697 825 ab
1708 799 1821 826 inferius

1031 845 1137 878 positis,
1150 844 1334 871 inl'orxnandos
1344 844 1420 878 quasi
1435 852 1514 870 manu
1532 845 1645 872 deducat
1660 845 1692 872 ad
1706 846 1819 873 eximio-

1033 898 1061 916 ra
1082 899 1088 916 :
1103 895 1130 917 et
1142 898 1155 916 a
1171 890 1360 916 minutioribus
1378 891 1416 916 sic
1431 889 1464 916 ad
1477 890 1560 924 magis
1573 890 1661 916 divina
1677 895 1819 919 transcen-

996 929 1016 957 Β
1032 935 1096 962 dere
1112 934 1173 962 illos
1194 934 1284 961 faciat.
1304 934 1365 961 llaec
1382 935 1416 961 ita
1431 940 1500 966 esto,
1525 935 1547 961 si
1571 943 1623 962 non
1645 935 1713 963 ultra
1738 944 1820 964 voces

1031 982 1092 1016 quis
1107 981 1239 1008 curiosius
1266 981 1394 1015 inquirat.
1416 980 1492 1014 Quod
1505 981 1526 1007 si
1541 982 1602 1015 quis
1617 981 1818 1016 profundiorem

1030 1027 1124 1055 barum
1143 1035 1233 1054 rerum
1252 1027 1455 1062 intelligentiam
1473 1028 1612 1063 percipere
1639 1028 1713 1061 velit,
1745 1033 1821 1056 certe

1032 1081 1083 1100 non
1097 1074 1182 1108 magis
1197 1081 1228 1100 ca
1241 1073 1273 1100 ad
1285 1073 1420 1108 apostolos
1433 1081 1512 1108 quam
1528 1074 1638 1108 quosvis
1647 1074 1734 1108 iustos
1743 1080 1770 1101 et
1781 1075 1820 1102 di-

1031 1120 1116 1146 lectos
1131 1119 1186 1147 Deo
1209 1119 1330 1146 retulerit
1348 1128 1354 1146 :
1373 1124 1399 1146 ct
1424 1120 1458 1146 ita
1477 1121 1674 1147 transcenderit
1697 1121 1759 1148 inde
1786 1122 1818 1148 ad

1032 1166 1136 1193 divinas
1150 1170 1178 1193 et
1191 1165 1328 1201 angelieas
1341 1170 1487 1200 potestates
1504 1174 1510 1191 ι
1530 1174 1577 1201 per
1599 1172 1705 1194 montes
1721 1171 1747 1194 et
1762 1167 1819 1194 colo

1030 1209 1070 1237 les
1083 1210 1217 1245 designari
1230 1210 1382 1245 intelligens
1395 1210 1550 1244 angelorum
1562 1212 1818 1247 etarchangelorum

1030 1259 1057 1282 et
1072 1255 1222 1282 divinorum
1237 1256 1379 1291 spirituum
1396 1256 1572 1288 dill‘erentias,
1595 1257 1717 1289 thronos,
1733 1258 1820 1285 domi-

1031 1302 1165 1334 nationes,
1192 1302 1371 1337 principatus,
1399 1308 1557 1337 poteSIales.
1583 1303 1642 1330 Jam
1667 1311 1731 1331 vero
1749 1305 1819 1339 quod

1030 1348 1080 1375 ista
1096 1348 1185 1375 omnia
1210 1357 1257 1384 per
1274 1349 1359 1383 illum,
1375 1354 1402 1376 et
1412 1351 1444 1376 ad
1459 1350 1532 1376 illtnn
1546 1355 1636 1377 creata
1655 1350 1754 1377 luerint
1768 1359 1775 1377 :
1793 1355 1820 1378 et

1030 1394 1100 1427 quod
1116 1399 1178 1420 ante
1193 1395 1243 1421 ista
1257 1395 1360 1427 omnia,
1377 1395 1434 1430 ipse.
1449 1395 1626 1428 subsistebol,
1646 1396 1754 1423 divinus
1773 1396 1820 1424 do-

1029 1446 1072 1468 cet
1083 1441 1238 1475 Apostolus,
1254 1441 1410 1476 inspiratus,
1427 1446 1453 1468 ut
1468 1449 1517 1475 par
1533 1442 1706 1475 estcredere,
1722 1443 1820 1469 divini--

1031 1492 1083 1518 tus;
1101 1495 1160 1514 cum
1176 1487 1202 1513 in
1215 1495 1329 1521 persona
1350 1487 1410 1514 Filii
1427 1487 1472 1514 Dei
1487 1488 1543 1514 lucc
1558 1493 1712 1523 usurparet,
1726 1487 1820 1515 Prius-

1029 1541 1107 1567 quam
1122 1538 1221 1560 montes
1239 1534 1426 1567 funderentur,
1449 1539 1509 1561 ante
1532 1543 1620 1561 omnes
1637 1535 1714 1561 colles
1732 1537 1820 1570 genuit

1030 1587 1078 1605 me.
1094 1579 1126 1605 Et
1146 1579 1197 1606 alia
1220 1581 1326 1613 quidem
1345 1581 1433 1607 omnia
1452 1581 1521 1608 facta
1541 1582 1627 1608 dicit:
1646 1582 1731 1609 solum
1757 1590 1821 1610 vero

1031 1625 1118 1659 ipsum
1134 1627 1253 1660 genitum
1270 1632 1333 1653 ante
1349 1627 1568 1654 constitutionem
1591 1629 1819 1662 supradictorum.

1030 1670 1108 1696 Novit
1124 1677 1211 1697 autem
1223 1671 1292 1698 idem
1303 1672 1449 1706 Apostolus
1458 1678 1485 1699 et
1495 1672 1644 1700 Jerusalem
1662 1675 1800 1702 eteleslem
1812 1695 1820 1708 ,

1030 1721 1057 1743 t-t
1072 1722 1188 1743 montem
1218 1717 1244 1744 in
1262 1726 1316 1752 quo
1330 1719 1372 1744 illa
1394 1720 1519 1746 conditur
1532 1721 1680 1752 cmiesmm,
1699 1722 1742 1748 ubi
1771 1723 1819 1755 ait,

1029 1762 1180 1788 Accessitlis
1193 1763 1226 1788 (td
1241 1768 1353 1789 ηιοιιιίηι
1367 1762 1442 1796 Sion,
1457 1769 1479 1790 et
1494 1765 1623 1791 civilatem
1643 1766 1749 1792 vit-erilis
1762 1765 1819 1799 Dei,

1028 1807 1176 1834 Jerusalem
1194 1809 1220 1834 in
1237 1809 1317 1841 uelis,
1333 1810 1366 1835 ad
1379 1811 1574 1836 multitudinem
1593 1811 1756 1837 innumeram
1769 1821 1818 1838 an-

1028 1854 1156 1887 gelorum,
1169 1855 1319 1889 panegyrim
1345 1861 1367 1881 et
1390 1855 1534 1882 Ecclesium
1549 1857 1779 1891 primagenilorum
1793 1857 1819 1883 in

1028 1900 1097 1925 (mli;
1107 1899 1338 1932 descriptarum".
1358 1900 1426 1926 Ante
1447 1901 1495 1926 ista
1511 1900 1618 1934 quidem
1635 1900 1724 1926 omnia
1744 1900 1818 1926 exsi~

1028 1950 1101 1972 stens
1117 1946 1273 1980 unigenitus
1288 1946 1335 1972 Dei
1349 1946 1444 1978 Filius,
1460 1954 1519 1980 quae
1545 1947 1578 1972 ad
1595 1946 1681 1980 ipsius
1697 1945 1819 1972 iuel'labi-

1028 1992 1078 2018 lem
1094 1992 1253 2025 spectabant
1271 1994 1482 2027 generationem,
1500 1992 1692 2019 absconditein
1704 1991 1818 2019 Prover-

1028 2038 1078 2066 biis
1093 2038 1238 2065 imimavit.
1260 2038 1293 2065 lit
1313 2039 1383 2073 quod
1409 2039 1480 2065 hunc
1496 2040 1607 2066 subesse
1621 2046 1731 2065 sensum
1745 2038 1818 2065 vole-

1026 2085 1072 2111 bat
1087 2085 1198 2119 intelligi
1215 2089 1288 2120 patet
1305 2092 1337 2112 cx
1362 2085 1394 2112 iis
1421 2093 1480 2120 qum
1496 2085 1587 2112 statim
1603 2085 1735 2120 adjungit,
1753 2084 1818 2112 Cum

1026 2130 1102 2157 caelos
1119 2135 1270 2165 appararet,
1286 2131 1326 2157 illi
1339 2139 1453 2165 prwsens
1466 2131 1552 2166 adfui.
1564 2130 1677 2165 llicjam
1695 2132 1819 2166 egregius

1027 2177 1161 2211 interpres
1175 2178 1376 2212 Scripturarum
1391 2178 1658 2210 exclusussubstitit,
1672 2185 1721 2206 nec
1730 2183 1820 2205 trans-

1027 2223 1066 2249 ire
1082 2223 1168 2256 potuit
1188 2230 1195 2248 :
1215 2223 1285 2257 quod
1301 2224 1523 2258 tonsequenliam
1540 2223 1684 2250 reddenda:
1696 2223 1819 2257 supposi-

1027 2269 1107 2296 tiouis
1132 2269 1164 2296 de
1188 2277 1270 2296 carne
1297 2269 1462 2301 Servatoris,
1490 2268 1662 2303 complanare
1682 2268 1816 2301 nequiret.

1026 2315 1160 2343 Mentione
1174 2316 1245 2343 enim
1276 2315 1345 2343 facta
1372 2316 1560 2350 susquedeque
1584 2314 1686 2345 carnis,
1716 2319 1743 2339 et
1761 2321 1817 2340 om.

1028 2363 1072 2390 nia
1082 2363 1158 2397 quasi
1172 2363 1242 2389 dicta
1256 2363 1288 2390 de
1296 2369 1379 2389 carne
1392 2362 1512 2396 exposita
1531 2367 1683 2395 proponens
1701 2362 1730 2390 ᾖ(
1744 2359 1817 2394 (nam

1028 2408 1060 2434 ad
1074 2415 1159 2443 usque
1173 2413 1277 2436 montes
1295 2413 1322 2435 et
1333 2408 1415 2435 colles
1425 2408 1520 2439 evasit,
1535 2414 1603 2441 quos
1616 2406 1753 2440 apostolos
1771 2413 1817 2431 ar-

1028 2455 1145 2483 bitratur
1170 2454 1265 2489 esse),
1286 2463 1344 2489 quae
1373 2459 1524 2488 sequuntur
1551 2453 1660 2480 silentio
1689 2452 1817 2486 deinceps

1028 2501 1125 2529 lubens
1151 2501 1310 2533 transmisit,
1329 2509 1380 2527 non
1396 2508 1477 2527 ausus
1497 2499 1610 2526 ulterius
1627 2499 1653 2526 in
1669 2497 1818 2533 Scripturis

1029 2549 1164 2583 progredi.
1179 2549 1268 2583 Atque
1288 2548 1323 2575 ita
1342 2547 1450 2574 ﬁbulam
1470 2545 1586 2573 orationi
1601 2545 1733 2580 apposuit.
1754 2543 1819 2571 Post

1026 2594 1223 2629 quamplurima
1239 2595 1402 2621 intermeuto
1416 2600 1540 2620 sermone
1557 2596 1706 2623 transacta,
1724 2590 1758 2617 ab
1775 2598 1819 2617 ac-

1023 2641 1147 2676 ceptione
1162 2641 1204 2668 illa
1219 2639 1322 2667 carnali
1343 2639 1440 2672 resilit,
1457 2639 1546 2666 fassus
1566 2637 1612 2665 Dei
1630 2636 1747 2664 Verbum
1765 2637 1815 2663 ista

1067 2817 1095 2853 6)
1119 2815 1241 2853 ‘E'rfﬂétog
1255 2814 1346 2847 εἰκός.
1357 2813 1448 2847 Deest,
1462 2812 1511 2845 ὡς,
1528 2811 1567 2844 ὼς
1583 2810 1668 2843 εἰκός.
1677 2809 1813 2839 Μ.-Μοι

1057 2818 1095 2879 ἳϐ)
1119 2818 1241 2849 Ἐνθέως
1255 2818 1346 2847 εἰκός.
1357 2818 1448 2847 Deest,
1462 2818 1511 2845 ως,
1528 2818 1567 2844 ως
1583 2818 1813 2843 εικος.ιι.-Μοκ

1022 2860 1058 2880 vu
1071 2860 1105 2888 go
1117 2851 1171 2888 πρὸ
1181 2851 1216 2878 τὰ
1228 2850 1290 2886 ὅρη.

1055 2888 1095 2923 (7)
1111 2887 1160 2921 Μὴ
1176 2886 1240 2923 καθ’
1257 2883 1399 2923 ὑθςερᾷάς.
1410 2883 1505 2923 forte,
1521 2883 1559 2919 μὴ
1577 2882 1652 2911 κάτω
1664 2881 1771 2913 διαϐάς,
1783 2880 1818 2908 Μ.

1029 2919 1064 2944 -ῖ
1079 2919 1162 2958 Vulgo
1180 2922 1217 2958 μὴ
1234 2921 1320 2958 μηκέθ
1334 2919 1467 2955 ὑπερϐάς.
