2032 3211
262 143 314 171 999

594 139 725 169 EUSEBII
745 111 979 167 είεδλιιιειᾶειε
996 137 1048 166 OPl

1100 136 1182 165 PARS
1200 136 1246 165 IV.
1265 153 1297 157 ——
1319 135 1530 164 DOGMATICA.

1819 135 1891 163 1009

262 202 339 236 Quod
359 208 423 228 vero
437 201 574 228 intueatur
589 200 719 234 profunda
740 199 830 227 Patris
841 200 893 231 sui,
911 199 937 226 id
947 200 1047 226 amoris

1100 199 1133 225 οὺ
1148 198 1272 224 δύναται
1287 199 1303 224 ό
1324 184 1391 230 Υἱὸς
1403 197 1499 225 ποιεῖν
1514 197 1570 233 (2i)
1586 197 1676 225 οὐδὲν
1695 196 1746 232 ἀφ’
1766 196 1890 229 ἑαυτοῦ.

262 248 366 284 paterni
382 255 450 282 opus
465 254 534 277 esse.
551 245 693 273 manifeste
713 246 801 278 docet,
819 245 942 279 inquiens
961 245 987 271 iit
1002 252 1046 271 se-

263 293 417 328 quentibus,
444 292 516 319 Nam
539 291 620 319 Pater
645 292 731 326 diligit
761 290 873 323 Filium,
902 296 926 317 et
958 290 1044 317 omnia

262 340 374 367 ostendit
388 339 422 367 ei.
438 339 485 366 Est
496 339 548 365 hoc
559 345 622 372 ergo
638 337 765 364 indicium
779 337 867 364 Patris
880 335 1047 363 ostendentis

262 393 310 412 sua
325 393 406 420 opera
419 384 576 412 abscondita
591 392 597 410 :
610 391 668 418 qua:
680 384 743 410 dum
759 383 917 410 abscondita
929 383 1047 409 intuetur

262 430 358 465 Filius,
373 437 453 466 opere
470 431 528 464 ipso
558 433 730 456 consummat
754 429 858 463 paterni
874 429 915 455 sui
942 427 1047 455 consilii

262 484 354 512 opera.
369 477 408 504 Ad
421 476 492 510 hunc
509 475 616 502 modum
629 482 690 502 cunt
705 475 814 501 adesset
837 474 921 504 Patri.
942 478 970 500 et
994 480 1047 500 una

262 530 323 550 cum
338 523 433 549 eodem
445 521 541 548 fuisset
552 528 669 555 semper,
683 525 739 547 tum
752 528 812 547 cum
827 520 925 548 cmlutn
941 526 1047 554 praepa-

262 572 344 600 raret,
365 572 391 595 et
406 575 464 601 qua:
479 568 571 594 insunt
591 567 669 594 ccelis
690 575 698 594 :
723 567 773 593 hoc
797 566 889 593 docuit
911 565 1046 599 inquiens,

262 612 326 639 Cum
341 617 500 647 prtzpararet
523 613 624 643 caelum,
648 612 689 638 illi
706 612 823 638 aderam.
849 611 902 638 Sed
925 616 953 638 et
970 610 1048 638 Pater

261 659 418 693 priusquam
438 659 565 685 tnundutn
577 657 716 689 conderet,
733 657 760 683 in
774 664 806 684 eo
822 657 965 691 gaudebat,
987 656 1047 682 uni-

261 704 380 738 genitum
398 711 477 730 suum
492 703 588 730 Filium
603 702 736 729 intuitus:
754 707 782 729 et
805 707 934 736 tanquam
949 702 974 728 itt
987 709 1048 736 spe-

262 749 323 776 culo
338 750 455 784 qttodant
466 749 639 783 semetipsum
656 748 683 775 itt
702 748 747 775 illo
765 748 960 782 contemplatus
975 747 1049 774 lazta-

260 801 349 828 batur.
359 797 504 830 Quocirca,
517 795 603 829 inquit
617 795 767 829 Sapientia,
780 803 789 819 ι
800 794 855 829 Ego
869 801 944 820 eram
957 793 982 820 in
994 800 1047 827 qua

260 845 381 882 quotidie
395 843 541 878 gaudebat.
557 851 566 867 ι
585 841 638 869 Sed
652 845 680 868 et
694 840 778 868 Filius
800 840 857 874 ipse
881 840 1047 866 laetabundus

1096 244 1150 270 ἐὰν
1163 242 1205 277 μή
1223 252 1250 270 τι
1265 243 1367 278 ,ϐλέπῃ
1379 244 1432 271 τὸν
1445 244 1560 278 Πατέρα
1573 243 1726 275 ποιοῦντα,
1744 243 1763 270 ᾰ
1782 243 1837 278 γὰρ
1851 244 1894 271 ἂν

1096 289 1210 322 ἐκεῖνος
1226 289 1306 324 ποιῇ,
1322 290 1414 316 ταῦτα
1427 289 1488 326 [ἂν]
1502 290 1550 316 καὶ
1566 290 1674 324 ὁμοίως
1685 292 1701 317 ὁ
1720 291 1786 323 Υἱὸς
1799 290 1889 317 ποιεῖ.

1104 337 1134 363 '0
1154 337 1208 372 γὰρ
1223 336 1324 370 Πατὴρ
1335 336 1420 371 φιλεῖ
1431 336 1484 363 τὸν
1502 337 1578 367 ΥΙὸν,
1597 336 1645 362 καὶ
1660 335 1758 362 πάντα
1769 336 1893 363 δείκνυ·

1097 392 1149 411 σιν
1165 383 1254 416 αὐτῷ,
1270 384 1288 410 ᾰ
1308 383 1399 416 αὐτὸς
1419 383 1506 410 ποιεῖ.
1526 383 1612 410 Ἔνθα
1623 392 1665 415 τις
1679 384 1791 414 εἰκότως
1805 383 1890 418 ζητή-

1099 441 1170 458 σειεν
1186 433 1219 459 ἂν
1239 432 1297 463 πῶς
1315 432 1350 459 τὰ
1367 432 1440 464 ἅπαξ
1465 433 1516 459 ὑπὸ
1530 432 1576 459 τοῦ
1601 433 1707 468 Πατρὸς
1727 433 1858 468 γεγονότα
1873 434 1889 460 ὁ

1099 477 1162 508 Υἱὸς
1175 476 1352 510 αὖθις-ποιεῐ;
1375 477 1538 504 Ἐπελύσατο
1551 479 1574 504 δ’
1591 479 1670 510 αὐτὸς
1685 479 1729 505 τὸν
1752 479 1831 513 λόγον
1845 480 1886 506 ει-

1099 523 1156 549 πών
1165 531 1172 538 ⁸
1191 525 1220 551 Ἃ
1231 525 1286 558 γὰρ
1296 524 1335 550 ἂν
1348 525 1364 549 ό
1377 524 1478 557 Πατὴρ
1496 525 1581 557 ποιεῖ,
1596 525 1688 552 ταῦτα
1701 526 1750 552 καὶ
1777 528 1794 552 ό
1822 527 1888 559 Υἱὸς

1099 569 1205 603 ὁμοίως
1226 569 1311 596 ποιεῖ.
1335 569 1438 596 Οὐκοῦν
1463 570 1587 606 ὁμοίωμα
1612 571 1738 606 τυγχάνει
1761 572 1796 598 τὰ

1098 613 1145 640 τοῦ
1160 614 1223 640 Υἰοῦ
1235 615 1382 650 γιγνόμενα
1399 615 1485 651 ἔργων
1502 617 1662 651 ἀρχετύπων
1677 619 1705 644 ἐν
1720 619 1887 654 ἀπορρήτοις

1098 659 1146 686 τοῦ
1167 660 1272 695 Πατρὸς
1308 660 1446 696 λογισμοῖς
1470 664 1722 698 προῦςρισταμένων,
1741 664 1758 691 ἃ
1779 665 1811 700 δὴ
1830 666 1886 700 (2-2)

1099 705 1205 740 βλέπων
1222 706 1322 738 ἀτενῶς
1333 707 1363 733 ἐν
1380 709 1411 742 τῇ
1427 707 1473 734 τοῦ
1486 708 1590 743 Πατρὸς
1605 709 1661 744 (25)
1674 710 1778 746 διανοίᾳ.
1792 712 1805 737 ὁ
1822 711 1886 743 Υἱὸς

1100 751 1246 786 μιμήματα
1265 747 1302 777 ὧν
1323 751 1395 786 ἐώρα
1413 752 1515 778 ἐποίει·
1536 752 1567 778 τὸ
1585 753 1606 779 δ’
1622 753 1783 780 ἐποπτεύειν
1804 754 1886 781 αὑτὸν

1098 797 1132 823 τὰ
1153 797 1199 824 τοῦ
1218 797 1324 832 Πατρδς
1346 797 1414 833 βάθη
1438 798 1487 833 τῆς
1510 798 1645 834 πατρικῆς
1668 799 1778 835 ἀγάπης
1797 799 1886 836 ἔργων

1099 839 1168 868 εἶναι
1185 842 1303 877 παρίστη
1330 842 1468 876 διασαφῶν
1495 842 1568 878 ἑξῆς,
1594 844 1641 870 καὶ
1659 843 1754 878 λέγων,
1777 845 1808 871 '0
1831 846 1887 880 γὰρ

260 878 358 927 gaudio
376 889 530 924 replebatur
551 888 577 914 in
602 886 685 914 Patre
701 894 750 914 suo
761 885 969 919 ‘couspiciettdo.
992 884 1048 911 Hoc

1100 887 1199 921 Πατὴρ
1215 888 1295 922 φιλεῖ
1310 888 1363 914 τὸν
1376 888 1451 920 flor,
1467 888 1515 914 καὶ
1527 888 1623 915 πάντα
1638 889 1794 917 δείκνυσιν
1805 878 1888 923 αὖτῷ

260 938 393 972 siquidem
411 937 468 971 ipse
484 933 592 961 edocuit
614 933 750 968 inquiens,
761 931 885 959 Ltelabar
898 935 987 958 autem
1002 938 1047 965 ego

260 991 348 1011 coram
365 982 411 1009 illo
423 982 629 1015 omnitempore.
649 979 760 1013 Quando
773 978 914 1005 laetabatur
934 977 969 1004 ob
981 984 1048 1004 con-

260 1032 424 1056 summatum
435 1032 564 1054 terrarum
572 1025 676 1052 orbem.
690 1024 740 1052 Ubi
752 1031 799 1059 per
809 1028 942 1050 terrarutn
956 1022 1048 1050 orbem

260 1073 436 1108 intelligebat,
455 1071 639 1099 universitatis
662 1069 888 1104 complexionem,
914 1071 943 1100 '14
968 1076 1048 1103 quain

261 1122 294 1149 de
305 1128 357 1148 non
373 1126 433 1147 esse
446 1118 479 1145 ad
502 1124 563 1145 esse
588 1116 744 1152 productam
761 1123 808 1151 per
823 1115 922 1142 Filium
938 1115 1050 1142 intuitus

261 1167 449 1194 universorum
468 1163 539 1191 Deus
554 1162 751 1191 oblectabatur.
779 1160 907 1188 Veritatis
932 1161 1001 1188 ratio
1017 1161 1049 1187 de

260 1218 337 1239 sacra
347 1210 485 1244 Scriptura
498 1207 740 1236 deductabreviter
752 1212 779 1234 et
791 1214 839 1242 per
849 1206 1048 1240 compendium,

261 1257 312 1284 ista
329 1261 382 1284 est.
394 1255 440 1283 Ille
455 1260 545 1283 autem
564 1256 704 1281 desursum
729 1254 755 1280 in
775 1260 884 1280 carnem
897 1251 1050 1279 Servatoris

261 1301 353 1329 inlinte
365 1301 490 1336 positam,
504 1305 594 1327 mente
607 1307 655 1326 sua
665 1299 792 1326 detrusus
804 1298 882 1328 abiit.
893 1303 1050 1332 pervertens

261 1347 340 1374 simul
355 1351 382 1374 et
396 1345 619 1380 interpretatione
636 1345 787 1378 depravatis
813 1351 905 1370 verant
919 1343 1049 1370 divinitus

262 1393 398 1428 inspirata:
415 1391 563 1425 Scriptura:
578 1390 751 1417 sententiain.
769 1388 823 1416 Sed
840 1393 867 1416 et
884 1389 917 1415 ad
934 1387 1048 1415 Verbntn

263 1439 332 1466 facta
348 1437 518 1468 transitione,
536 1436 583 1468 ait,
611 1436 684 1462 intus
712 1434 784 1461 aliud
807 1435 894 1469 ipsum
912 1434 937 1460 iit
958 1434 1048 1466 Patre,

263 1491 390 1520 tanquam
407 1483 586 1517 colloquenth
598 1489 660 1509 cum
684 1489 717 1508 eo
738 1486 763 1508 et
782 1481 937 1514 cogitando,
949 1481 1048 1507 caelum

262 1536 437 1565 praeparasse.
452 1528 680 1563 Loquiturautetn
691 1527 801 1554 disertis
813 1527 919 1553 verbis:
934 1535 942 1551 ι
955 1525 1048 1552 Prius-

265 1585 274 1602 ι
291 1584 372 1611 quam
398 1575 514 1603 tttundus
541 1575 715 1605 conderetur,
736 1577 795 1599 erat
810 1571 928 1599 Verbum
956 1572 982 1598 itt
999 1579 1048 1598 suo

265 1631 274 1648 ι
291 1622 370 1649 Patre
389 1630 469 1650 :cum
484 1628 548 1648 vero
568 1621 638 1648 Deus
650 1619 822 1654 omnipotens
838 1619 929 1646 omnia
943 1626 1003 1652 qua:
1022 1618 1048 1644 in

265 1677 274 1693 ι
289 1668 358 1695 cudo
381 1672 408 1695 et
427 1668 454 1694 in
481 1667 560 1694 terris
579 1671 651 1698 sunt,
680 1666 828 1701 producere
854 1665 1049 1700 proposuisset,

265 1725 274 1740 ι
292 1714 383 1741 mundi
413 1713 553 1748 productio
580 1712 731 1747 operatrice
758 1710 875 1738 ellicacia
903 1709 1048 1744 indigebat.

265 1770 275 1787 ‹
296 1760 428 1794 Quocirca
440 1767 500 1786 cum
514 1759 579 1786 nihil
593 1762 666 1786 esset
677 1757 749 1784 aliud
761 1762 859 1791 praeter
877 1757 961 1783 Deum
976 1756 1049 1791 (nam

265 1817 274 1832 ι
295 1808 321 1834 in
343 1806 467 1834 confesso
483 1810 524 1832 est
548 1804 638 1832 omnia
665 1803 699 1830 ab
715 1803 761 1830 illo
778 1802 847 1829 facta
861 1801 969 1836 fuisse),
993 1806 1049 1828 tum

266 1865 275 1880 ι
291 1854 464 1890 progrediens
481 1852 597 1880 Verbum
612 1851 712 1878 factum
728 1850 778 1876 fuit
798 1849 888 1876 mundi
904 1848 1049 1876 conditor:

266 1911 274 1925 ι
296 1908 357 1927 cum
377 1899 433 1934 jam
447 1904 510 1926 ante
528 1898 600 1924 intus
614 1895 835 1923 itttellectualiter
858 1895 932 1921 illutn
947 1901 1052 1929 prmpa-

266 1957 274 1970 l
293 1950 377 1977 raret,
390 1945 460 1979 quod
472 1949 546 1971 vates
562 1943 607 1970 ille
629 1943 756 1969 Salomon
773 1949 821 1968 nos
835 1941 954 1973 edocuit,
985 1939 1051 1966 Cum

266 2001 276 2017 ‹
299 1992 389 2018 calum
421 1994 591 2025 pra-pararet,
616 1988 656 2015 illi
672 1989 788 2015 aderam.
805 1996 814 2012 ι
838 1986 888 2014 Ubi
905 1986 1052 2013 notandum

264 2037 378 2071 qualiter
389 2041 483 2070 sponte
496 2042 543 2062 sua
553 2034 711 2061 obsurduit:
729 2041 777 2060 nec
789 2033 897 2066 agnovit
909 2031 989 2066 quod,
1000 2039 1052 2057 una

264 2082 383 2114 aderam,
395 2089 446 2108 vox
459 2079 661 2114 signiticetFilii
673 2078 841 2113 praesentiam
851 2078 919 2111 apud
933 2077 1051 2103 Patrem.

263 2127 365 2154 Contra
373 2133 438 2154 vero
450 2126 616 2160 Scripturam
629 2125 683 2158 ipse
699 2124 801 2155 sciscit,
817 2124 888 2158 quod
898 2123 1052 2156 priusquam

265 2174 380 2201 mundus
411 2173 622 2207 produceretur,
649 2170 715 2196 nihil
732 2174 791 2196 erat
815 2168 924 2196 omnino
956 2171 1053 2202 praeter

265 2219 360 2246 Deum.
385 2218 470 2251 Quam
492 2224 585 2244 vocem
607 2215 732 2243 emittere
759 2222 811 2242 non
827 2213 977 2244 exhorruit,
991 2220 1052 2240 cum

265 2270 354 2292 tamen
370 2264 414 2291 illa
427 2260 510 2290 Filius
532 2263 690 2297 abnegetur.
706 2259 760 2287 Nec
775 2267 912 2287 sacrarunt
933 2257 1050 2285 Littera-

265 2319 325 2338 rum
341 2309 499 2337 verecundia
515 2312 604 2336 motus
618 2313 670 2340 est,
683 2314 742 2342 quae
752 2309 892 2336 teetantur.
906 2304 976 2338 quod
986 2309 1050 2331 ante

266 2356 358 2383 mundi
374 2355 576 2390 productionem
590 2353 647 2388 ipse
660 2353 732 2381 solus
749 2352 855 2379 adesset
869 2350 953 2377 Patri.
970 2348 1048 2382 Nam,

265 2411 325 2430 cum
340 2402 426 2434 celos,
451 2401 547 2436 inquit,
574 2400 698 2435 parabat,
714 2400 821 2425 aderam
844 2397 878 2424 ei.
893 2395 1049 2430 Prtepositio

266 2449 337 2476 enim
348 2456 419 2480 cum,
433 2447 466 2474 ad
480 2447 649 2482 praesentiam
668 2451 782 2477 annexa,
798 2443 878 2471 unius
888 2449 947 2469 cum
964 2441 1049 2469 altero

266 2502 319 2522 una
339 2493 508 2530 praesentiam
524 2492 668 2527 signiﬁcat.
682 2491 739 2518 Non
751 2490 790 2518 ait
804 2495 868 2524 ergo
890 2488 1049 2523 simpliciter

297 2544 328 2573 at
345 2541 394 2568 Ed.
408 2540 508 2573 Paris.,
523 2546 585 2574 pag.
599 2538 664 2566 166.

303 2633 358 2668 (9i)
373 2632 460 2668 Vulgo
476 2631 552 2668 οὐδὲν
574 2631 620 2668 αρ’
634 2630 730 2658 ἑαυτοῦ
754 2634 781 2658 et
798 2637 859 2657 mor
890 2629 977 2656 ταῦτα
992 2628 1048 2665 [ἂν]

268 2666 314 2696 καί
329 2666 357 2695 et
374 2667 448 2702 αὐτῷ
466 2666 715 2702 πάντανδείκννσιν.

305 2703 359 2737 (22)
377 2699 464 2736 Vulgo
495 2702 514 2729 ἆ
535 2701 570 2728 δὲ
593 2700 722 2733 ,βλέπειν
744 2699 1052 2737 ἀτενές-..ριιοιιιορετο

268 2733 400 2764 ιιέὶειίυε.
423 2733 474 2764 loci
501 2737 722 2770 interpretatione
739 2735 875 2770 digladiati
895 2734 966 2762 'sunt
999 2733 1052 2760 Ca-

269 2771 361 2800 tholici
392 2777 418 2799 et
442 2772 545 2803 Ariani,
573 2769 641 2798 'vide
664 2770 733 2806 apud
760 2769 998 2806 Phalaldonatum,
1025 2773 1053 2794 et

270 2807 352 2868 922:”
367 2807 506 2868 apparebit
537 2803 689 2834 Eusebium'
720 2805 765 2834 hic
802 2803 938 2840 λαθραίως
972 2803 1052 2838 ἀρια-

270 2840 362 2874 νίζειν.

1099 933 1217 966 ἂαύτὸς
1232 934 1317 960 ποιεῖ.
1333 933 1490 966 Δεικνύντος
1505 934 1612 970 ἄρατοῦ
1625 935 1730 970 Πατρὸς
1746 935 1780 962 τὰ
1788 936 1887 963 ἑαυτοῦ

1099 978 1210 1014 κρύφια,
1226 978 1335 1015 θεωρῶν
1351 980 1365 1005 6
1379 979 1451 1011 Υἱὸς,
1466 979 1499 1006 δι’
1509 979 1596 1015 ἔργων
1614 980 1711 1016 ὑφίστη
1723 981 1758 1007 τὰ
1771 981 1822 1016 τῆς
1832 989 1886 1008 πα-

1099 1025 1196 1060 τρικῆς
1210 1024 1306 1060 βουλῆς
1321 1024 1399 1061 ἔργα.
1413 1024 1505 1057 Οὕτως
1521 1024 1567 1052 οὖν
1587 1027 1673 1053 συνὼν
1686 1026 1725 1062 τῷ
1735 1027 1824 1063 Πατρὶ
1840 1029 1888 1064 καὶ

1100 1069 1251 1105 συμπαρὼν
1271 1069 1345 1104 αὐτῷ
1362 1070 1586 1106 προετοιμάζοντι
1600 1071 1646 1097 τὸν
1661 1071 1774 1107 οὐρανὸν
1790 1073 1838 1099 καὶ
1852 1074 1888 1100 τὰ

1099 1116 1142 1142 ἐπ’
1159 1115 1243 1151 αὐτῷ,
1259 1116 1330 1142 τοῦτ’
1355 1116 1488 1148 ἐδίδασκε,
1505 1117 1591 1151 λέγων
1602 1124 1609 1132 ·
1630 1117 1733 1145 Ἠνίκα
1750 1120 1887 1154 ἡτοίμαζε

1099 1161 1152 1188 τὸν
1170 1161 1308 1195 οὐρανὸν,
1321 1162 1525 1197 συμπαρήμην
1537 1163 1628 1197 αὐτῷ,
1643 1164 1736 1200 ἔχαιρέ
1751 1173 1780 1191 τε
1795 1167 1810 1192 ὁ
1831 1167 1886 1193 Πα-

1100 1207 1150 1242 τὴρ
1164 1207 1219 1242 (24)
1234 1208 1298 1243 πρὶν
1314 1208 1330 1243 ἢ
1348 1211 1394 1234 καὶ
1409 1209 1452 1235 τὸν
1470 1209 1570 1245 κόσμον
1587 1211 1721 1244 γενέσθαι,
1743 1212 1783 1243 εἰς
1807 1213 1887 1240 αὐτὸν

1100 1252 1208 1288 ἀφορῶν
1217 1253 1261 1279 τὸν
1273 1253 1368 1280 ἑαυτοῦ
1380 1255 1510 1290 μονογενῆ
1520 1256 1593 1287 Υἱὸν,
1603 1257 1649 1282 καὶ
1657 1256 1751 1293 ὥσπερ
1766 1259 1796 1284 ὲν
1804 1258 1888 1284 εικόνι

1099 1298 1195 1324 ἑαυτὸν
1218 1299 1441 1335 ὲνοπτριζόμενος
1461 1301 1489 1328 ἐν
1506 1301 1590 1337 αὐτῷ.
1603 1303 1648 1329 Διό
1664 1311 1745 1338 φησιν
1760 1305 1781 1339 ὴι
1792 1305 1885 1338 Σοφία,

1103 1353 1112 1369 ‹
1124 1343 1193 1378 Ἐγὼ
1201 1343 1295 1382 ἤμηνῇ
1305 1347 1467 1382 προσέχαιρε
1479 1347 1534 1382 (25)
1544 1348 1603 1374 καθ’
1611 1349 1725 1385 ἡμέραν.
1733 1360 1742 1376 ι
1753 1351 1833 1376 Ἀλλὰ
1840 1351 1887 1378 καὶ

1099 1391 1113 1416 ὸ
1127 1390 1189 1422 Υἱὸς
1197 1392 1364 1427 εὐφροσύνης
1381 1393 1540 1430 ἐπληροῦτο,
1556 1395 1722 1430 γαννύμενος
1737 1397 1823 1432 ὲπὶτῇ
1838 1396 1885 1423 τοῦ

1100 1436 1206 1471 Πατρὸς
1233 1436 1292 1473 θέᾳ..
1321 1438 1406 1465 Τοῦτο
1434 1439 1498 1473 γοῦν
1523 1441 1603 1472 αὐτὸς
1631 1441 1751 1468 διδάσκει
1779 1442 1884 1477 λέγων⁸

1100 1483 1314 1518 Πὺφραινόμην
1324 1484 1358 1510 δὲ
1368 1484 1496 1512 ἐνώπιον
1506 1487 1599 1513 αὑτοῦ
1613 1487 1648 1513 ὲν
1675 1489 1764 1514 παντὶ
1779 1489 1869 1522 καιρῷ
1880 1497 1886 1505 ’

1101 1528 1145 1554 ὅτε
1167 1529 1330 1564 ηὐφραίνετο
1349 1530 1397 1565 τὴν
1419 1531 1578 1567 οἰκουμένην
1600 1532 1776 1565 συντελέσαςδ
1799 1535 1887 1561 οἷκον-

1103 1575 1184 1610 μὲνης
1199 1574 1315 1602 ἐνταῦθα
1326 1576 1471 1612 νοουμένης
1485 1578 1535 1612 τῆς
1548 1577 1601 1604 τῶν
1612 1579 1745 1614 γεννητῶν
1759 1580 1885 1607 ἁπάντων

1103 1621 1333 1656 συμπληρώσεως,
1349 1620 1382 1658 ἦς
1396 1623 1428 1649 ὲκ
1443 1623 1489 1649 τοῦ
1507 1624 1544 1660 μὴ
1560 1624 1635 1656 ὄντος
1652 1626 1692 1657 εἰς
1705 1625 1735 1652 τὸ
1758 1625 1827 1653 εἶναι
1843 1628 1886 1654 διὰ

1101 1665 1148 1692 τοῦ
1170 1667 1235 1692 Υἱοῦ
1251 1667 1450 1703 προαγομένης,
1473 1669 1487 1695 6
1507 1668 1561 1695 τῶν
1579 1670 1706 1696 ἁπάντων
1722 1671 1885 1706 ηὐφραίνετο

1103 1712 1178 1744 Θεός.
1203 1712 1231 1739 Ὁ
1252 1713 1302 1748 μὲν
1316 1711 1362 1739 οὖν
1379 1713 1479 1749 ἀληθὴς
1500 1714 1587 1748 λόγος,
1604 1715 1641 1746 ὡς
1657 1716 1686 1742 ὲν
1711 1715 1823 1751 βραχέσι
1841 1718 1886 1743 καὶ

1103 1759 1132 1784 ὲν
1146 1759 1266 1794 ὲπιτόμῳ
1283 1759 1470 1795 διηγήσει(26)
1488 1761 1688 1796 παριστάμενος
1700 1762 1731 1788 ἐκ
1750 1762 1800 1797 τῆς
1812 1763 1885 1794 θείας

1104 1804 1223 1839 Γραφῆς,
1238 1804 1355 1836 τοιοῦτός
1373 1813 1414 1836 τις
1427 1805 1459 1832 ἂν
1474 1806 1530 1841 εἴη·
1547 1807 1561 1832 ὁ
1576 1806 1598 1832 δ’
1612 1807 1715 1834 ἄνωθεν
1731 1808 1885 1844 κατιυφερόο

1106 1857 1194 1884 μενος,
1209 1850 1254 1875 ἐπὶ
1263 1849 1310 1885 τὴν
1322 1851 1410 1886 σάρκα
1423 1851 1469 1877 τοῦ
1486 1852 1611 1887 Σωτῆρος
1622 1852 1698 1888 ἡμῶν
1709 1853 1757 1888 τὴν
1769 1854 1884 1880 διάνοιαν

1104 1894 1239 1928 ἐξώκειλε,
1253 1896 1433 1931 παρατρέπων
1449 1897 1495 1923 καὶ
1513 1898 1727 1933 παρερμηνεύων
1740 1899 1786 1925 τὸν
1799 1899 1883 1934 ἀληθῆ

1104 1940 1166 1967 νοῦν
1173 1941 1222 1975 τῆς
1239 1941 1415 1968 Geo-maderet;
1429 1942 1548 1978 Γραφῆς.
1563 1944 1642 1970 Ἀλλὰ
1659 1946 1704 1971 καὶ
1719 1945 1766 1971 ὲπὶ
1779 1945 1824 1971 τὸν
1836 1945 1885 1971 Λό-

1104 1994 1151 2019 γον
1169 1986 1299 2021 μεταϐὰς,
1322 1986 1401 2013 αὐτὸν
1418 1985 1486 2014 εἷναί
1503 1996 1568 2023 φησι
1582 1989 1627 2015 τὸν
1647 1989 1719 2015 ἔνδον
1737 1991 1766 2015 ἐν
1779 1989 1818 2024 τῷ
1833 1990 1885 2016 Πα-

1104 2030 1159 2065 τρὶ,
1176 2030 1213 2061 ὡς
1230 2032 1258 2056 ὲν
1279 2030 1442 2067 διαλογισμῷ
1463 2032 1510 2058 καὶ
1527 2034 1555 2058 ὲν
1574 2032 1699 2068 θυμήσει,
1716 2034 1762 2059 τὸν
1774 2034 1884 2068 οὐρανὸν

1105 2075 1282 2110 ήτοιμακότα.
1297 2075 1392 2110 Ἔλεγε
1405 2076 1469 2110 γοῦν
1485 2077 1576 2108 αὐτοῖς
1590 2078 1692 2112 ῥήμασι
1716 2079 1782 2114 (27)*
1810 2089 1819 2104 ‹
1832 2079 1885 2114 Πρὸ

1109 2130 1118 2145 ‹
1135 2121 1188 2155 γὰρ
1205 2121 1250 2147 τοῦ
1272 2121 1317 2148 τὸν
1337 2121 1438 2156 κόσμον
1457 2122 1577 2157 ποιῆσαι,
1603 2122 1636 2159 ἦν
1656 2125 1670 2150 6
1690 2124 1775 2158 Λόγος
1798 2125 1826 2150 ἐν
1850 2125 1885 2159 τῷ

1108 2176 1117 2192 t
1132 2167 1229 2202 Πατρί.
1245 2167 1308 2193 Ὅτε
1318 2167 1346 2194 δὲ
1357 2169 1370 2194 ὁ
1379 2169 1573 2204 παντοκράτωρ
1579 2168 1644 2201 Θεὸς
1655 2169 1742 2195 πάντα
1753 2169 1788 2195 τὰ
1799 2170 1828 2195 ἐν
1841 2171 1886 2196 οὺ·-

1069 2229 1090 2256 D
1109 2222 1118 2238 ι
1136 2215 1226 2249 ρανοῐς
1239 2214 1284 2240 καὶ
1296 2214 1330 2240 τὰ
1345 2215 1391 2240 ἐπὶ
1403 2215 1451 2250 τῆς
1466 2218 1517 2250 γῆς
1531 2215 1642 2250 ποιῆσαι
1657 2215 1796 2251 προέθετο,
1814 2215 1887 2251 ἐνερ-

1108 2269 1116 2284 ι
1135 2259 1212 2293 γείας
1227 2261 1243 2295 ἡ
1259 2259 1305 2286 τοῦ
1323 2260 1426 2296 κόσμου
1440 2260 1545 2294 γένεσις
1565 2261 1651 2287 ἐδεῖτο
1666 2261 1825 2296 δραστικῆς.
1842 2262 1886 2288 καὶ

1105 2314 1115 2330 t
1134 2305 1177 2332 διὰ
1189 2306 1277 2338 τοῦτο,
1294 2307 1406 2342 μηδενὸς
1418 2307 1492 2338 ὄντος
1504 2308 1596 2343 ἑτέρου
1615 2308 1683 2344 πλὴν
1698 2308 1766 2335 Θεοῦ
1789 2309 1886 2344 (πάντα

1106 2358 1116 2375 ‹
1135 2350 1189 2385 γὰρ
1214 2352 1382 2385 ὁμολογεῖται
1404 2352 1449 2378 ὑπ’
1474 2352 1554 2378 αὺτοῦ
1580 2352 1764 2388 γεγενῆσθαι),
1789 2353 1850 2380 τότε
1871 2354 1886 2379 ὁ

1103 2404 1112 2420 t
1134 2396 1219 2430 Λόγος
1236 2396 1374 2431 προελθὼν
1394 2397 1498 2431 ἐγίνετο
1521 2397 1634 2433 ποιητὴς
1649 2398 1695 2424 τοῦ
1712 2398 1825 2433 κόσμου,
1841 2398 1886 2424 καὶ

1104 2451 1112 2468 t
1133 2443 1263 2478 πρότερον
1270 2442 1342 2469 ἔνδον
1348 2444 1449 2479 νοητῶς
1456 2440 1606 2479 ἑτοιμάζων
1616 2444 1708 2477 αὑτὸν,
1721 2445 1758 2476 ὡς
1769 2445 1884 2471 διδάσκει

1103 2497 1112 2513 ‹
1133 2489 1206 2523 ἡμᾶς
1221 2490 1235 2515 6
1252 2489 1394 2524 προφήτης
1417 2489 1552 2524 Σολομὼν,
1571 2489 1671 2517 Ἡνικα
1686 2489 1822 2524 ἠτοίμαᾶ
1833 2490 1884 2516 τὸν

1138 2629 1193 2664 (25)
1205 2629 1290 2664 Vulgo
1315 2629 1419 2664 διανοίᾳ
1438 2629 1596 2664 μιμήματα.
1616 2628 1676 2656 Mox
1693 2627 1773 2662 vulgo
1795 2627 1880 2663 ἔργων

1103 2669 1129 2692 et
1141 2664 1215 2700 αὐτῷ
1229 2666 1243 2690 ό
1260 2665 1349 2696 αὑτός.

1138 2698 1298 2736 (νιγνυιεο
1311 2700 1375 2736 πρὶν
1392 2698 1408 2734 ἣ
1423 2699 1478 2725 τόν.

1152 2735 1196 2770 25)
1213 2734 1299 2770 Vulgo
1318 2734 1394 2770 πρός.

1153 2771 1187 2797 26
1203 2770 1284 2806 Vulgo
1299 2778 1433 2806 παρισαμ.

1141 2806 1197 2842 (2-1)
1209 2805 1250 2834 cr.
1265 2813 1291 2840 p.
1310 2806 1359 2833 163
1372 2807 1405 2833 Α.
