2024 3208
118 223 128 248 Ι
135 222 185 249 053

567 222 618 258 [DE
635 221 906 249 ECCLESIASTICA
926 221 1124 248 TIIEOLOGIA
1143 221 1208 248 LIB.
1227 211 1282 249 HL.

1655 222 1719 250 1051

115 278 178 314 labi}
196 278 306 305 ὲνοικῶν
322 279 351 305 ὲν
370 280 474 311 αὐτοῖς,
487 280 532 306 καὶ
546 279 737 315 ἐμπεριπατῶν
753 281 780 305 ἐν
795 279 895 310 αὐτοῖς,

948 280 1046 312 bitaus,
1063 281 1087 306 iu
1104 279 1155 306 illis
1171 279 1320 311 ambulans,
1335 286 1383 306 nec
1402 279 1561 314 dedignatus
1582 287 1642 307 esse
1664 280 1724 308 illo-

115 324 161 351 xz‘t
181 324 246 355 Θεὸς
262 324 350 350 αὐτῶν
370 325 419 351 οὐκ
436 324 562 358 ’ἀπαξιῶν
582 324 660 357 εἶναι,
677 325 738 352 λαόν
763 334 791 352 τε
811 325 891 351 αὑτοῦ

115 370 175 401 τοὺς
192 369 296 400 πάντας
315 369 509 405 οἰκειούμενος.
533 369 609 396 Οὕτω
632 371 679 405 μὲν
696 370 745 396 οὐκ
770 370 848 396 ἔσται
864 370 893 396 ἐν

113 416 215 447 αὐτοῖς,
234 415 272 447 ὡς
288 416 334 441 καὶ
354 416 382 441 ἐν
402 416 475 450 αὐτῷ
487 416 593 450 λέγεται
612 415 680 442 εἶναι
702 416 740 451 τῷ
756 416 896 452 rus,an-

113 461 151 493 ὼς
166 461 285 488 διδάσκει
307 461 392 495 λέγων
407 461 497 493 αὐτὸς,
516 462 544 488 '0
558 462 658 496 Πατὴρ
679 463 714 488 ἑν
729 462 802 496 ἐμοὶ,
817 461 897 497 κάγὼ

112 507 147 533 ἐν
168 507 207 539 τῷ
231 507 338 540 ΙΙατρί·
364 507 410 533 καὶ
432 507 522 534 πάντα
537 508 565 534 δὲ
588 508 663 534 ἔσται
683 509 711 535 ἐν
730 508 830 540 αὐτοῖς,
857 508 896 543 τῷ

114 553 195 579 πᾶσιν
216 553 310 579 ἑαυτὸν
334 552 475 588 παρέχειν,
497 553 557 579 καθ’
571 554 585 579 ὃ
608 555 623 589 ὴ
648 554 762 580 ἑκάστου
784 554 896 589 δύναμις

113 599 196 633 χωρεῖ
214 599 263 633 τῆς
277 598 356 625 αὐτοῦ
373 598 496 633 θεότητος
512 599 724 634 μεταλαγχάνειν
735 608 741 614 ·
757 600 806 634 τῆς
822 608 898 635 τρισ-

114 644 252 680 μακαρίας
263 644 367 675 ἐλπίδος
378 644 424 670 καὶ
436 644 486 679 τῆς
499 645 678 680 ἀτελευτήτου
691 645 738 671 καὶ
757 645 895 681 ἀφθάρτου

113 688 187 724 ζωῆς
201 689 228 716 ὲν
240 689 324 724 τούτῳ
337 690 575 725 καταστησομένης
586 690 625 725 τῷ
638 690 719 722 τέλει,
735 691 763 717 ὲν
778 687 799 724 ᾧ
816 691 830 716 ὁ
848 691 896 725 μὲν

112 735 178 766 Θεὸς
194 734 270 761 ἔσται
293 735 380 762 πάντα
398 737 428 762 ὲν
450 737 516 762 πᾶσι
539 736 606 770 (15),
623 737 682 767 ταῖς
707 736 756 770 τῆς
773 736 896 771 θεότητος

113 780 194 806 αὐτοῦ
218 783 409 816 μαρμαρυγαῖς
430 782 540 808 ἀλέκτου
565 782 652 815 φωτὸς
676 781 819 817 ἐμπιπλῶν
834 782 896 814 τοὺς

114 826 226 858 πάντας·
238 828 251 853 ὁ
261 827 288 853 δὲ
302 827 364 859 Υἱὸς
375 828 586 863 ὲναγαλλὸμενος
601 829 647 854 καὶ
664 828 765 863 χαίρων
781 827 818 862 τῷ
831 836 897 855 κατ-

114 872 252 908 ορθώματι
263 892 270 904 ,
289 873 419 907 στεφάνου
435 874 512 908 δίκην
535 873 710 908 περιθέμενος
725 874 787 905 τοὺς
803 873 835 900 δι’
849 874 896 899 αὒ-

112 918 159 944 τοῦ
182 918 232 953 τῆς
251 919 449 954 μακαριότητος
473 919 653 954 ἠξιωμένους,
672 919 724 945 ὑπὸ
744 919 833 954 ὲφόρῳ
857 918 895 954 τῷ

951 332 1010 352 rum
1033 325 1116 357 Deus,
1130 332 1189 351 cum
1207 325 1232 350 in
1253 323 1379 358 populum
1398 324 1447 351 sibi
1460 331 1554 352 omnes
1571 327 1726 360 appropria-

951 371 1028 398 verit.
1051 370 1107 398 Non
1132 376 1219 397 autem
1240 370 1291 397 erit
1312 370 1345 397 ad
1364 377 1425 397 eum
1458 371 1565 398 modum
1589 371 1616 397 iu
1639 371 1724 405 ipsis,

947 416 1169 449 quemadmodum
1193 414 1290 442 dicitur
1306 415 1331 442 in
1354 414 1422 441 Filio
1436 422 1505 446 esse.
1518 415 1551 442 de
1567 423 1620 449 quo
1635 416 1724 448 docet,

947 460 1028 488 Pater
1045 461 1073 488 in
1092 469 1141 493 me,
1156 466 1180 488 et
1199 469 1244 495 ego
1266 461 1293 487 in
1310 460 1389 487 Patre
1399 461 1440 494 ¹⁰;
1455 462 1544 488 omnia
1559 467 1648 488 autem
1669 467 1725 489 tum

947 506 998 534 illis
1012 507 1079 539 erit,
1100 506 1170 541 quod
1184 514 1213 534 se
1238 512 1292 533 tum
1317 506 1442 534 omnibus
1461 507 1618 541 exhibebit,
1646 512 1727 541 prout

947 552 1152 586 uniuscujusque
1177 552 1289 579 facultas
1313 551 1385 578 illius
1410 552 1537 579 deitatem
1557 558 1645 586 potest
1676 561 1724 579 ea-

946 604 1009 631 pere
1022 617 1030 630 ,
1045 605 1105 624 cum
1119 605 1181 632 spes
1196 597 1370 625 beatitudinis
1393 602 1419 624 et
1439 599 1500 624 vita:
1519 598 1726 626 interminabilis

945 648 972 669 et
987 643 1197 677 iucorruptibilis
1215 643 1241 670 in
1262 651 1294 670 eo
1311 643 1362 670 sila
1383 644 1417 671 sit
1436 644 1488 670 line
1501 663 1509 676 ,
1529 644 1635 678 quando
1656 644 1726 671 Deus

946 687 1051 715 futurus
1071 694 1113 716 est
1139 688 1227 715 onmia
1254 689 1282 715 in
1304 689 1445 720 omnibus,
1466 689 1613 722 adimplens
1633 697 1726 716 omnes

946 732 1028 759 radiis
1041 739 1096 759 suae
1111 733 1219 760 deitatis
1241 733 1427 761 indelicieutis.
1448 733 1531 761 Filius
1549 738 1637 761 autent
1663 740 1726 761 tunc

946 777 1082 804 exsultans
1109 778 1224 812 gaudio,
1254 783 1282 805 et
1314 779 1396 806 veluti
1427 779 1587 807 victoriosus
1624 780 1726 808 athleta

946 823 1188 858 triumphabundus
1217 832 1317 852 corona
1344 832 1437 852 eorum
1468 825 1634 859 redimietur,
1657 833 1726 860 quos

946 867 1109 895 beatitudine
1134 869 1229 904 dignos
1250 869 1365 903 habitos,
1390 870 1470 897 Patre
1501 878 1549 898 suo
1570 876 1725 906 spectante,

947 921 1028 948 regno
1054 914 1216 942 indelicieuti
1237 921 1264 942 et
1285 923 1337 942 non
1366 916 1543 944 veterascenti
1572 924 1728 945 remunera-

113 965 210 999 Πατρὶ,
223 964 272 999 τὴν
287 965 383 1000 ἀγήρω
397 965 442 991 καὶ
459 964 634 1000 ἀτελεύτητον
650 964 798 991 διατελέσει
816 964 893 999 βασι-

946 963 1022 986 turus
1037 964 1088 986 est.
1108 960 1225 994 ltupletis
1242 962 1275 988 de
1286 969 1319 988 eo
1335 966 1390 988 tum
1407 961 1505 989 divinis
1524 962 1652 995 oraculis,
1666 970 1727 989 cunt

112 1009 196 1041 λείαν,
210 1009 263 1036 τῶν
285 1010 347 1046 περὶ
366 1010 446 1036 αὑτοῦ
463 1010 559 1044 λογίων
575 1009 724 1045 τηνικαῦτα
749 1009 895 1045 πληρωθη-

112 1055 244 1091 σομένων,
258 1055 311 1082 τῶν
330 1064 358 1081 τε
374 1056 471 1087 ἄλλων,
489 1056 558 1091 ἆταρ
581 1055 612 1090 δὴ
627 1055 738 1082 καὶτῶν
750 1054 797 1081 τοῦ
814 1055 896 1089 ἀγγέ-

112 1101 157 1127 λου
169 1101 289 1137 Γαϐριὴλ
306 1101 373 1137 πρὸς
389 1102 438 1137 τὴν
453 1102 585 1136 παναγίαν
599 1101 734 1137 Παρθένον
745 1101 895 1137 εἰρημένων

112 1147 177 1182 περὶ
193 1146 242 1173 τοῦ
254 1147 283 1180 ἐξ
300 1147 384 1182 αὐτῆς
394 1147 601 1183 τεχθησομένου,
623 1147 670 1180 Ὦς
682 1147 738 1181 ἄρα
748 1148 894 1180 ,Βασιλεύ-

111 1199 159 1220 σει
180 1193 224 1226 εἰς
250 1192 320 1225 τοὺς
338 1192 458 1225 αἰῶνας,
476 1192 526 1220 καὶ
549 1193 604 1227 τῆς
627 1193 787 1227 βασιλείας
803 1194 895 1221 αὑτοῦ

110 1240 168 1266 οὐκ
184 1238 270 1265 ἔσται
284 1239 381 1271 τέλος.
396 1238 548 1266 Βασιλεύων
562 1238 616 1274 (16)
630 1239 662 1274 δὴ
672 1240 731 1266 τότε
743 1240 757 1267 ὁ
771 1240 834 1272 Υἱὸς
847 1239 895 1267 τοῦ

111 1283 179 1310 Θειιῦ
193 1283 257 1315 τοὺς
273 1283 319 1310 ὑπ’
333 1283 407 1318 αὐτῷ
421 1283 642 1318 βασιλευομένους
656 1283 803 1319 πάνταςτῷ
814 1284 894 1311 αὐτοῦ

113 1329 267 1365 παραδώσει
282 1329 379 1364 Πατρὶ,
393 1329 423 1355 οὺ
436 1329 602 1364 παυσόμενος
618 1330 666 1363 τῆς
680 1328 825 1364 βασιλείας,
842 1330 895 1357 οὐδ’

112 1375 260 1411 ἀναχωρῶν
276 1375 375 1410 αὐτῆς·
390 1375 449 1402 οὐδὲ
466 1375 520 1411 γὰρ
537 1374 669 1401 παύεσθαι
690 1375 771 1401 αὑτὸν
784 1376 833 1410 τῆς
850 1375 896 1410 βα-

112 1421 215 1452 σιλείας
233 1422 247 1447 ὁ
263 1420 333 1452 θεῖος
355 1421 511 1451 ’Δπόστολος
527 1420 578 1455 ἔφη
599 1421 664 1455 (17),
686 1418 703 1456 ἦ
728 1420 782 1455 γὰρ
798 1420 831 1447 ἂν
850 1422 896 1447 τὰ.-

113 1466 209 1493 ναντία
221 1466 324 1503 ἔγραψε
338 1466 376 1501 τῷ
389 1466 508 1502 Γαϐριὴλ
524 1467 579 1501 (18)
594 1466 751 1492 θεσπίσαντι
766 1466 834 1501 πρὸς
848 1466 896 1502 τὴν

112 1512 249 1547 Παρθένον
268 1511 436 1546 βασιλεύσειν
451 1511 530 1538 αὐτον
546 1513 585 1542 εἰς
599 1512 661 1542 τοὺς
675 1510 774 1542 αἰῶνας
789 1510 896 1546 καὶτῆς

111 1557 251 1592 βασιλείας
270 1557 350 1583 αὑτοῦ
368 1556 422 1592 (19)
441 1556 477 1592 μὴ
493 1557 599 1583 ἔσεσθαι
615 1557 699 1588 τέλος,
718 1556 785 1583 ἀλλὰ
806 1564 895 1592 παρα-

109 1602 207 1646 δῴσειν
228 1603 278 1638 τὴν
294 1602 446 1638 βασιλείαν,
463 1602 563 1638 δηλαδὴ
580 1602 641 1634 τοὺς
664 1603 711 1628 ὑπ’
724 1601 797 1636 αὐτῷ
821 1601 895 1636 βασι⁴
908 1620 931 1651 C

111 1642 271 1684 λευομένους
281 1648 320 1683 τῷ
330 1648 389 1683 Θεῴ
401 1648 447 1674 καὶ
461 1648 557 1683 Πατρί.
569 1647 764 1680 Τελειωθέντας
779 1647 833 1683 γὰρ
848 1648 894 1674 ὑπ’

111 1694 185 1729 αὑτῷ
206 1694 268 1726 τοὺς
289 1694 402 1725 πάντας,
420 1693 517 1720 ὡσανεὶ
542 1693 597 1728 (20)
621 1693 829 1729 φαιδρυνομένος
857 1694 895 1728 τῷ

111 1737 312 1774 κατορθώματι,
328 1736 482 1774 παραδώσει
501 1737 540 1771 τῷ
554 1737 639 1771 Πατρί
649 1745 656 1751 ”
672 1735 716 1763 οἷά
731 1746 792 1764 τινα
808 1746 896 1773 παρα-

111 1783 198 1818 θήκην
214 1783 441 1818 ἀποδεδεγμένος·
459 1783 473 1809 ὃ
491 1782 545 1818 (21)
559 1782 591 1818 δὴ
605 1783 724 1810 διδάσκει
745 1783 832 1817 λέγων
848 1784 896 1810 αὺ-

111 1829 165 1861 τὸς,
188 1829 288 1856 Πάντα
304 1837 355 1863 μοι
369 1828 516 1863 παρεδόθη
533 1828 591 1855 ὑπὸ
613 1828 666 1854 τοῦ
683 1830 796 1863 Πατρός
818 1838 893 1864 μου·

111 1874 151 1901 διὸ
164 1875 326 1906 ἀκολούθως,
339 1872 382 1901 οἶα
396 1875 482 1909 φύλαξ
492 1874 601 1909 ἀγαθὸς,
617 1874 688 1900 σῶαν
701 1875 747 1901 καὶ
761 1875 816 1909 (22)
827 1875 897 1902 κατὰ

112 1920 201 1947 πάντα
215 1920 375 1956 ἐρρωμένην
391 1921 439 1956 τὴν
457 1921 618 1956 παραθήκην
636 1920 724 1955 φέρων
741 1920 896 1955 παραδώσει

111 1966 150 2002 τῷ
163 1966 222 2001 Θεῷ
240 1966 307 2001 (25),
329 1967 478 2002 ἀρχιερέως
501 1966 588 2002 δίκην,
608 1968 671 1998 τοὺς
689 1967 734 1992 ὑπ’
749 1966 822 2001 αὐτῷ
839 1966 894 2002 (24)

115 2012 299 2049 ἱερουμένους,
315 2012 418 2044 πάντας
429 2012 613 2047 λευχείμονας,
637 2013 683 2039 καὶ
696 2012 814 2048 ὡσπερεὶ
828 2012 896 2047 λαμ-

111 2058 261 2094 ⁴προτάταις
283 2058 388 2090 στολαῖς
410 2060 464 2090 τοῖς
487 2058 536 2094 τῆς
558 2059 730 2089 ἀναστάσεως
749 2057 896 2094 ἀφθάρτοις

114 2104 236 2140 σώμασιν
262 2104 495 2139 ὲξαστράπτοντας
521 2103 659 2140 παριστῶν
686 2103 770 2139 αὐτῷ,
797 2104 840 2130 ἵνα
858 2104 896 2139 μὴ

114 2151 198 2186 μόνης
213 2151 263 2186 τῆς
275 2151 320 2176 ὑπ’
333 2150 405 2186 αὐτῷ
418 2150 555 2185 βασιλείας
569 2150 750 2184 ἀπολαύωσιν,
765 2150 834 2177 ἀλλὰ
851 2151 896 2177 καὶ

946 1004 1004 1032 aliis
1022 1009 1076 1031 tum
1097 1006 1142 1033 illo
1155 1006 1286 1034 Gabrielis
1301 1008 1389 1042 angeli
1404 1008 1437 1034 ad
1451 1008 1648 1035 sanctissimam
1666 1009 1727 1036 Vir-

945 1051 1032 1084 ginem
1049 1053 1078 1081 ›Ῑ‹
1091 1051 1193 1085 prolato
1208 1052 1240 1079 de
1252 1052 1320 1080 Filio
1332 1060 1365 1080 ex
1376 1060 1407 1081 ea
1424 1055 1637 1088 progenerando,
1652 1054 1727 1086 Quod

945 1101 1099 1130 regnaturus
1112 1097 1147 1123 sit
1163 1097 1191 1124 in
1208 1103 1342 1132 internum,
1357 1104 1381 1125 et
1399 1100 1472 1134 regni
1485 1100 1542 1133 eius
1563 1108 1614 1126 non
1628 1101 1677 1126 erit
1693 1100 1728 1133 ﬁ-

946 1142 985 1167 nis
998 1141 1031 1169 ²¹.
1053 1141 1178 1176 Regnans
1199 1150 1232 1170 eo
1247 1148 1366 1178 tetnpore
1386 1144 1431 1171 Dei
1455 1143 1551 1178 Filius,
1573 1152 1666 1172 omnes
1681 1152 1728 1172 eos

945 1187 990 1221 qui
1007 1187 1056 1214 sub
1072 1187 1129 1222 ipso
1149 1193 1210 1216 sunt
1224 1190 1360 1223 regnaturi
1385 1190 1530 1217 traditurus
1547 1195 1589 1217 est
1607 1195 1661 1217 tum
1678 1198 1728 1218 suo

945 1232 1018 1260 Patri
1029 1242 1037 1261 :
1049 1241 1101 1261 non
1115 1234 1221 1269 quidem
1236 1235 1361 1262 desinens
1376 1235 1433 1270 ipse
1445 1243 1558 1271 regnare
1571 1236 1726 1280 aliquando,

945 1286 995 1307 nec
1015 1280 1109 1314 quovis
1126 1286 1247 1316 tempore
1265 1289 1347 1317 regno
1371 1290 1401 1310 se
1418 1283 1547 1311 abdicans
1568 1284 1634 1318 (nec
1655 1283 1727 1311 enim

945 1332 1059 1360 regnare
1088 1326 1234 1354 desiturum
1263 1328 1408 1362 aliquando
1434 1337 1495 1356 eum
1520 1330 1625 1357 divinus
1654 1331 1727 1364 Apo-

945 1370 1029 1399 stolus
1042 1371 1199 1405 aﬂirmavit;
1214 1372 1252 1400 ita
1270 1374 1342 1401 enim
1356 1374 1474 1403 Gabrieli
1486 1376 1620 1403 contraria
1635 1382 1729 1411 protu-

945 1416 1020 1444 lisset
1043 1417 1088 1452 qui
1113 1417 1213 1453 Virgini
1233 1420 1317 1451 dixit,
1343 1425 1516 1454 regnaturum
1541 1421 1614 1449 illum
1632 1422 1658 1449 in
1677 1430 1728 1449 εω-

945 1462 1024 1495 cula,
1044 1470 1094 1490 nec
1115 1463 1234 1491 futurum
1254 1464 1396 1500 aliquando
1418 1467 1491 1501 regni
1517 1467 1588 1494 illius
1608 1467 1728 1504 linem);

945 1508 993 1535 sed
1008 1508 1076 1535 dixit
1095 1509 1254 1536 traditurum
1278 1518 1390 1545 regnum
1408 1519 1485 1538 suum
1505 1511 1596 1545 Patri,
1616 1513 1668 1541 hoc
1689 1518 1731 1541 est

947 1552 1007 1580 illos
1021 1553 1047 1580 in
1065 1561 1133 1588 quos
1148 1555 1286 1582 obtinebat.
1303 1563 1423 1590 regnum.
1437 1557 1642 1586 Cousumtuatos
1656 1560 1729 1587 enim

946 1598 979 1625 ab
999 1599 1056 1632 ipso
1070 1599 1140 1631 illos,
1153 1605 1180 1626 et
1196 1605 1323 1635 tauquam
1339 1609 1387 1628 suo
1401 1602 1517 1636 glorioso
1529 1603 1651 1631 facinore
1667 1605 1728 1632 illu-

945 1647 1056 1677 stratus,
1076 1644 1151 1671 Patri
1165 1646 1260 1677 tradet.
1283 1651 1407 1681 tauquam
1424 1648 1556 1681 quoddam
1575 1649 1726 1683 depositum

946 1688 1118 1717 manifestum
1138 1699 1144 1716 :
1161 1692 1232 1725 quod
1252 1696 1279 1718 et
1296 1692 1353 1726 ipse
1373 1693 1451 1719 docet
1470 1694 1611 1728 inqureus:
1631 1694 1728 1722 Omnia

946 1735 1012 1762 mihi
1030 1736 1128 1763 tradita
1149 1743 1209 1764 sunt
1229 1746 1246 1764 a
1269 1737 1349 1766 Patre
1365 1747 1420 1766 meo
1432 1741 1464 1766 “.
1491 1740 1621 1773 Quocirca
1647 1741 1729 1769 veluti

945 1781 1047 1816 probus
1066 1782 1179 1817 depositi
1202 1789 1308 1816 custos.
1329 1785 1478 1819 depositum
1499 1786 1603 1813 salvum
1624 1792 1727 1814 sartum

948 1831 1102 1862 tectumque
1114 1829 1251 1857 exhibebit
1262 1830 1327 1863 Deo.
1340 1832 1373 1858 ad
1387 1831 1471 1858 instar
1484 1831 1623 1859 Pontiﬁcis
1635 1839 1729 1860 omnes

946 1873 1014 1901 albis
1027 1875 1149 1907 amictos,
1161 1880 1188 1903 et
1205 1878 1363 1911 corporibus
1379 1877 1587 1909 immortalibus,
1602 1884 1728 1912 tanquatn

946 1919 1021 1946 stolis
1035 1920 1234 1948 candidissimis
1251 1922 1385 1949 radiantes
1401 1923 1437 1949 illi
1456 1923 1481 1949 in
1497 1931 1593 1950 manus
1606 1924 1727 1956 tradens,

945 1970 976 1992 ut
993 1973 1045 1992 non
1065 1966 1144 1993 modo
1162 1967 1210 1994 sub
1232 1967 1274 1994 illo
1291 1967 1416 1994 fruantur
1432 1975 1528 2003 regno,
1552 1968 1599 1995 sed
1617 1969 1728 2003 insuper

946 2010 1086 2045 adimpleri
1117 2011 1222 2046 possint
1249 2011 1426 2040 ineffabilibus
1455 2013 1542 2041 Patris
1562 2013 1603 2040 sui
1629 2013 1726 2041 bouis:

945 2059 1026 2089 atque
1045 2056 1082 2082 ita
1107 2056 1212 2084 futurus
1230 2063 1281 2089 est,
1294 2058 1442 2085 secundum
1469 2058 1589 2092 Apostoli
1606 2059 1728 2093 dictum,

947 2100 1015 2128 Deus
1036 2103 1125 2129 omnia
1144 2103 1171 2129 in
1194 2104 1312 2130 omnibus
1324 2103 1347 2118 "
1359 2123 1367 2135 ,
1388 2111 1449 2130 cuin
1474 2096 1558 2131 Filius
1577 2112 1642 2132 suos
1661 2105 1727 2133 sub-

946 2146 1014 2174 ditos
1031 2152 1271 2181 repraesentaturus
1284 2153 1325 2175 est
1340 2148 1401 2182 ipsi.
1416 2153 1445 2175 ut
1460 2148 1517 2184 ipse
1526 2148 1607 2177 Pater
1616 2158 1728 2184 perum-

112 2194 166 2222 τῶν
190 2194 238 2222 τοῦ
264 2195 370 2230 Πατρδς
401 2195 526 2231 ἀρρήτων
557 2195 666 2229 ἀγαθῶν
696 2195 894 2230 ὲμπιπλῶνται.

946 2192 988 2219 nia
1005 2193 1040 2219 sit
1055 2192 1081 2219 in
1096 2193 1221 2220 omnibus
1233 2195 1333 2220 omnia.
1348 2193 1413 2220 Nam
1427 2200 1455 2221 ut
1471 2200 1530 2222 erat
1545 2196 1603 2230 ipse
1617 2196 1642 2222 in
1658 2195 1728 2224 Filio

111 2239 189 2267 οὕτω
204 2240 258 2277 γὰρ
271 2240 355 2274 ἔσται,
367 2241 436 2267 κατὰ
445 2241 490 2267 τὸν
498 2241 665 2273 Ἀπόστολον,
674 2242 702 2268 '0
717 2241 787 2273 Θεὸς
800 2241 895 2268 πάντα

946 2245 993 2264 suo
1001 2237 1157 2273 olim,juxta
1174 2239 1235 2265 illud
1249 2247 1256 2265 :
1275 2237 1388 2266 Pulerin
1399 2248 1448 2272 me,
1463 2245 1485 2267 el
1493 2248 1538 2274 ego
1549 2241 1576 2267 in
1587 2241 1666 2267 Patro
1679 2242 1702 2256 “
1717 2261 1726 2274 ,

110 2285 146 2312 ὲν
164 2287 256 2319 πᾶσι,
282 2287 327 2313 τοῦ
352 2287 414 2313 Υἰοῦ
431 2288 492 2319 τοὺς
511 2287 731 2323 βασιλευομένους
746 2287 894 2322 προσάγον-

947 2284 980 2311 ad
993 2286 1114 2312 eumdem
1132 2287 1238 2313 modum
1250 2287 1301 2314 erit
1314 2292 1370 2314 tum
1384 2287 1410 2314 iu
1428 2288 1552 2315 omnibus
1563 2295 1611 2321 per
1628 2287 1725 2314 Filiutn

111 2339 157 2364 τος
169 2332 252 2368 αὐτῷ,
267 2333 309 2360 ἵνα
327 2333 386 2359 ὃλον
396 2332 476 2359 τοῦτο
489 2333 610 2368 γένηται,
625 2333 696 2367 λέγω
709 2333 737 2359 δὲ
755 2333 785 2359 τὸ
800 2333 891 2360 Πάντα

945 2332 1147 2359 consummatis.
1170 2332 1226 2360 Non
1240 2334 1311 2360 enim
1327 2334 1471 2367 Apostolus
1486 2334 1561 2364 dixit,
1575 2333 1672 2360 Filium
1697 2341 1727 2360 se

111 2377 142 2404 ὲν
156 2379 236 2405 πᾶσιν
251 2377 319 2406 εἶναι
337 2379 382 2406 τὸν
402 2379 520 2414 Πατέρα.
541 2380 583 2410 Ὠς
596 2379 649 2414 γὰρ
667 2377 701 2414 ἦν
718 2379 849 2414 πρότερον
864 2379 891 2405 ἐν

945 2383 994 2403 suo
1012 2385 1095 2411 regno
1111 2379 1297 2406 abdicaturum
1318 2385 1345 2407 et
1361 2385 1533 2414 regnaturum
1552 2379 1635 2406 Deum
1651 2387 1659 2405 :
1678 2379 1727 2405 sed

111 2421 150 2457 τῷ
164 2422 230 2458 Υἱῷ,
245 2424 314 2450 κατὰ
329 2423 369 2456 τὸ,
390 2424 420 2450 '0
440 2423 541 2457 Πατὴρ
557 2424 591 2449 ἐν
601 2423 676 2457 ἐμοὶ,
698 2423 778 2457 κάγὼ
796 2423 831 2449 ἐν
853 2422 895 2458 τῷ

945 2421 1040 2450 Filium
1060 2423 1113 2451 Dco
1124 2429 1151 2451 ct
1170 2424 1240 2452 Patri
1259 2433 1368 2460 regnum
1385 2426 1546 2453 traditurum
1561 2425 1664 2452 salvum
1680 2425 1726 2451 de-

149 2513 178 2541 ὥ
190 2510 238 2538 Ed.
248 2510 344 2544 Paris,
353 2519 413 2547 pag.
424 2511 483 2539 187.
521 2512 544 2528 ²⁰
557 2511 632 2538 Joan.
645 2519 671 2544 κ,
681 2511 724 2537 58.
763 2512 783 2527 ²¹
793 2512 856 2540 Luc.
865 2514 895 2546 1,1

949 2514 992 2540 55.
1031 2514 1053 2528 ²²
1063 2513 1128 2541 Luc.
1139 2523 1165 2548 Χ,
1174 2514 1217 2541 ⁸22.
1257 2514 1297 2541 ’³1
1310 2515 1372 2542 Cor.
1386 2522 1429 2548 xv,
1438 2515 1482 2543 ξε.
1521 2515 1542 2530 ’⁸
1551 2513 1628 2542 Joan.
1640 2521 1668 2546 Χ,
1678 2512 1724 2541 38.

944 2608 1010 2636 tror,
1038 2612 1099 2631 cum
1130 2603 1204 2630 illum
1234 2608 1361 2637 tanquam
1390 2596 1549 2638 choragum,
1578 2607 1605 2629 et
1633 2602 1724 2638 athle—

942 2644 1008 2671 tam,
1035 2645 1062 2666 et
1089 2638 1355 2672 triuutphabuudum,
1380 2640 1406 2665 in
1436 2637 1488 2666 hoc
1512 2645 1561 2666 suo
1585 2637 1723 2672 κατορθώ-

941 2682 1015 2708 ματι,
1028 2679 1090 2700 ante
1111 2673 1301 2707 designaverit.
1325 2673 1359 2700 M.

975 2709 1030 2742 (‘21)
1049 2708 1133 2742 Vulgo
1148 2709 1222 2734 deest
1236 2708 1280 2742 δή.

975 2709 1030 2744 (⁸³31)
1049 2709 1133 2743 Vulgo
1148 2709 1222 2734 deest
1236 2709 1280 2742 δή.

973 2745 1029 2779 (2‘2)
1043 2744 1122 2770 Κατὰ
1136 2742 1242 2779 Mirm.
1251 2743 1458 2779 VDeestfpdt-iov.
1477 2743 1514 2770 Μ.

972 2777 1027 2814 (25)
1044 2777 1207 2813 Ἀρχωρέως
1225 2777 1324 2811 δίκην.
1337 2777 1393 2806 Non
1406 2784 1435 2806 ut
1454 2779 1511 2812 ipse
1532 2780 1566 2806 sit
1583 2777 1617 2805 ad
1638 2778 1724 2814 instar

217 2599 299 2636 Vulgo
308 2601 369 2636 ταῖς
380 2609 409 2626 τε
424 2600 450 2627 θ.
466 2605 493 2628 et
509 2608 567 2628 mox
580 2601 708 2636 ἀλήκτου.

145 2634 202 2667 (16)
218 2633 300 2669 Vulgo
313 2635 352 2662 δέ.

157 2668 200 2738 i7;
216 2668 300 2704 Vulgo
316 2671 345 2705 ἡ.

157 2703 188 2729 18
219 2705 345 2738 Θαυμάσι

157 2703 199 2738 18)
219 2703 409 2738 Θαύμάὰαντι
436 2705 520 2740 πρός.
544 2705 601 2733 Non
629 2712 670 2733 est
697 2714 760 2734 vera
793 2709 884 2737 lectio.

108 2736 201 2775 Neque
212 2736 285 2766 enini
296 2740 414 2771 Gabriel,
429 2736 474 2768 sed
492 2736 569 2768 beata
585 2741 665 2775 Virgo
679 2736 882 2772 admirabatur:

108 2773 291 2811 et_leg_endum
316 2781 357 2802 est
386 2775 573 2811 θαυμάσασαν,
604 2773 699 2802 sensus
724 2782 808 2811 patet,
834 2787 885 2807 vox

109 2807 294 2849 substituenda
309 2817 362 2838 non
382 2807 511 2838 occurrit.
536 2810 573 2838 M.
600 2824 636 2831 —
659 2807 731 2838 Dedi.
749 2820 782 2840 ex
801 2807 884 2842 .codd.
935 2807 1258 2849 pontificis:"qiiauq'uam
1277 2807 1370 2840 revera
1391 2815 1426 2841 sit
1452 2807 1570 2848 pontifex
1598 2822 1605 2840 :
1627 2813 1672 2849 sed
1696 2819 1725 2840 ut

108 2840 275 2883 θεσπίσαντι.
811 2840 814 2841 ν
828 2840 833 2841 ⁷
844 2840 855 2842 ⁷
862 2840 883 2842 ἡ

945 2840 1043 2876 dum
1058 2840 1123 2879 sint:
1139 2848 1172 2874 ad
1187 2840 1282 2874 .instar
1303 2849 1439 2882 pontilicis
1452 2840 1645 2883 llsuxeiltoveg,
1663 2848 1725 2882 lego

212 2878 296 2920 Vulg-9
309 2888 368 2907 ουκ.
389 2915 395 2920 _
500 2916 517 2920 _
641 2916 647 2920 _
708 2917 713 2920 _
750 2918 755 2920 _
824 2919 828 2920 ,

945 2877 1120 2920 ερῥωμένους,
1136 2890 1150 2920 c
1167 2877 1351 2920 superioribus
1364 2889 1390 2910 et
1408 2877 1536 2920 ὠσπερέί
1549 2877 1595 2920 fui.

143 2912 198 2947 (ΞΟ)
215 2914 478 2955 {Magaw-alterove
500 2916 590 2955 Potest
612 2916 692 2955 etiam
708 2917 756 2955 legi
771 2919 886 2954 φαιδρυ-

953 2912 958 2920 ’
972 2912 1028 2955 (εἰ)
1044 2912 1126 2952 Vulgo
1140 2912 1300 2952 ἐρωμένους
1313 2925 1340 2946 et
1356 2927 1415 2946 mos
1436 2919 1472 2950 ὡς
1487 2912 1561 2953 περί.

107 2945 219 2981 mare;
235 2945 315 2984 [quod
331 2945 391 2977 dedi
407 2945 468 2978 cum
480 2951 570 2987 codd]
590 2961 597 2978 :
614 2951 685 2986 quod
701 2945 790 2987 ιιυῖὶυὲ
811 2945 885 2982 ιιιτὺι-

245 2994 381 3026 ΡΑτιιοι..
392 2996 463 3039 -Gu.
487 2997 602 3028 XXIV.

1548 2998 1587 3026 33
