2024 3208
316 180 384 208 1015

648 182 781 217 EUSEBII
800 181 1034 212 CESARIENSIS
1051 184 1128 213 OPP.
1148 184 1239 212 PARS
1257 184 1301 214 IV.
1320 201 1355 207 ——
1372 171 1595 215 DOGMATICAJ

1852 187 1920 215 10M

314 249 395 268 unum
411 249 499 268 summ
508 242 545 274 “,-
559 242 594 269 ita
611 250 716 278 quoque
739 244 770 270 ad
796 243 880 277 ipsius
903 244 1089 276 imitationem.

1143 245 1173 271 ἓν
1186 243 1254 271 εἶναι
1265 245 1357 285 ἐλεγει
1363 245 1482 279 φάσκων,
1498 245 1570 279 Ἐγὼ
1580 244 1628 271 καὶ
1639 245 1656 271 ὁ
1668 243 1766 278 Πατὴρ
1778 243 1917 279 ἓνέσμεν,

315 292 345 315 ut
367 296 415 314 nos
435 295 528 315 omnes
553 290 648 316 ﬁamus
673 290 818 324 participes
835 289 952 323 ejusdem
973 290 1090 322 unionis,

313 339 438 369 precatus
451 340 501 362 εει.
518 335 575 362 Non
598 335 669 370 quod
686 335 814 368 Verbum,
829 341 858 362 ut
872 336 1010 363 Marcellus
1024 336 1090 368 vult,

314 381 422 408 uniatur
438 381 502 412 Deo;
517 386 544 408 et
561 381 776 409 substantialiter
792 382 969 416 conjungatur
989 382 1012 408 ei
1029 402 1036 413 ,
1062 386 1090 408 ut

313 427 414 454 veritas
436 428 492 461 ipsa
511 427 640 454 Servalor
668 432 792 459 testatur,
818 427 1091 461 inquiens:Gloriam

311 479 389 506 quam
403 472 498 499 dedisti
507 473 569 498 mihi
584 472 644 498 dedi
661 473 705 505 iis,
721 478 748 499 ut
763 473 815 500 sint
832 481 912 499 unum
925 474 990 499 sicut
1004 478 1027 499 et
1046 481 1091 499 nos

312 526 394 544 unum
413 526 513 546 sumus.
534 517 588 552 Ego
611 519 638 544 in
662 518 694 545 iis
719 523 742 545 et
766 523 794 545 tu
812 519 840 544 in
854 527 903 550 me,
919 522 948 545 ut
963 519 1013 545 sint
1029 526 1092 544 eon-

312 564 435 590 summati
463 563 490 589 in
515 571 607 589 unum.
633 564 720 598 Atque
747 563 782 590 ita
808 563 997 596 adimplebitur
1027 562 1092 589 illud

311 608 430 643 Apostoli
447 608 547 635 dictum
564 618 570 635 :
585 608 619 636 Ut
636 609 705 636 Deus
723 610 758 636 sit
779 609 867 635 omnia
882 610 909 634 in
931 609 1051 635 omnibus
1059 608 1091 635 ³⁷.

311 655 378 682 Cum
400 661 464 682 vero
484 654 635 688 Marcellus,
653 660 680 682 et
693 655 737 689 qui
755 662 815 682 cum
831 655 888 688 ipso
904 655 997 681 eodem
1015 653 1093 680 modo

311 709 364 736 quo
383 701 440 736 ipse
464 700 609 728 Sabelliani
631 707 703 733 sunt,
721 702 806 728 tribus
823 702 871 728 niti
897 701 1001 728 soleant
1018 702 1093 728 testi-

311 746 419 778 moniis,
434 745 531 780 quibus
539 750 670 773 conantur
680 746 832 777 ostendere.
841 746 946 773 Patrem
960 752 1039 781 atque
1048 746 1093 773 Fi-

310 793 377 819 lium
391 799 451 819 esse
468 799 561 824 unum,
575 796 667 826 utputa
691 791 754 818 illud
769 801 776 818 :
789 791 844 826 Ego
865 797 888 818 et
912 792 992 819 Pater
1012 801 1092 818 unum

310 847 400 866 sumus
415 838 455 872 '9;
473 843 500 865 et
512 838 628 865 secundo
641 847 647 864 :
659 837 741 864 Pater
752 838 778 864 in
786 846 826 863 me
837 843 914 872 elego
925 839 951 864 in
965 837 1072 864 Patre”
1085 847 1092 870 ;

310 888 337 910 et
353 884 432 910 tertio
446 891 452 911 :
467 883 519 915 Qui
537 891 575 909 me
591 882 664 914 vidit,
685 883 748 909 vidit
776 889 799 908 et
821 882 966 915 Patrem",
979 891 1037 917 quae
1054 883 1090 909 illi

310 937 417 964 semper
443 929 468 956 in
499 936 545 955 ore
573 929 694 961 habent;
710 933 738 954 et
767 928 832 954 illud
854 938 859 954 :
880 928 934 962 Ego
959 933 981 954 et
1010 923 1126 954 ΡαιενΒ

310 985 391 1003 unum
405 974 664 1008 sumus,objicienda
677 979 740 1001 sunt
754 980 769 1000 e
786 977 878 1000 contra
892 981 950 1007 qua:
961 973 1015 1007 jam
1028 980 1089 1007 pro-

310 1022 444 1049 tulimus:
464 1021 508 1048 ubi
532 1028 580 1055 pro
608 1019 746 1054 discipulis
773 1019 924 1052 intercedit,
945 1024 974 1045 ut
995 1026 1090 1046 omnes

309 1069 427 1103 ejusdem
443 1067 554 1094 unitatis
572 1066 714 1100 participes
739 1065 813 1093 ﬁant.
829 1064 918 1099 lnquit
939 1065 1011 1091 enim
1029 1073 1035 1089 :
1055 1065 1089 1091 Ut

309 1116 361 1142 sint
378 1122 470 1146 unum,
482 1111 700 1148 quemadmodum
714 1115 738 1137 et
754 1119 800 1137 nos
816 1119 906 1136 sumus
925 1119 1016 1136 unum.
1034 1109 1089 1145 Ego

308 1163 335 1188 in
348 1161 402 1188 illis
418 1166 440 1187 et
456 1165 484 1186 tu
499 1161 526 1185 in
541 1167 591 1190 me,
607 1163 634 1184 ιιι
651 1158 702 1184 sint
720 1157 894 1183 consummati
905 1156 931 1183 in
945 1165 1035 1182 unum.
1050 1158 1089 1183 Ad

307 1207 371 1234 illud
386 1211 475 1233 autem
489 1213 496 1232 :
515 1204 593 1230 Pater
606 1203 632 1230 in
644 1211 683 1229 me
697 1207 720 1229 et
738 1210 784 1236 ego
802 1203 829 1228 in
846 1201 937 1235 Putre,
954 1209 1088 1236 opponam

307 1253 396 1280 denuo
425 1251 510 1286 ipsius
531 1257 633 1281 vocem,
648 1249 690 1275 ubi
707 1249 754 1280 ait,
769 1256 817 1284 pro
838 1248 871 1275 iis
891 1249 1064 1275 intercedens
1081 1256 1088 1274 :

308 1297 343 1325 Ut
357 1303 385 1324 tu
402 1297 484 1323 Pater
502 1296 530 1322 in
553 1304 606 1327 me,
628 1300 651 1321 et
677 1302 722 1328 ego
743 1295 769 1321 in
788 1299 821 1327 te,
835 1299 862 1320 ut
878 1299 901 1320 et
914 1294 962 1327 ipsi
978 1295 1004 1320 in
1017 1294 1090 1320 nobis

306 1350 388 1370 unum
406 1342 467 1368 sint.
484 1340 516 1366 Et
528 1348 574 1374 ego
592 1339 739 1365 claritatem
755 1347 833 1373 quam
846 1339 939 1365 dedisti
953 1338 1016 1364 mihi
1031 1338 1090 1364 dedi

304 1388 381 1422 ipsis.
402 1387 430 1413 ln
453 1385 550 1420 quibus
570 1384 711 1418 perspicue
727 1383 791 1410 illud
811 1383 947 1416 indicavit,
966 1383 998 1409 ad
1027 1390 1090 1409 cum

307 1434 415 1460 modum
432 1432 458 1458 in
480 1431 539 1465 ipso
556 1437 614 1457 esse
635 1430 757 1461 Patrem.
776 1437 828 1463 quo
844 1434 870 1455 et
892 1429 919 1455 in
941 1429 1018 1455 nobis
1035 1428 1091 1454 vult

307 1485 376 1505 esse.
402 1477 460 1503 Non
487 1476 558 1510 quod
584 1483 666 1501 unum
694 1475 752 1509 ipse
777 1479 803 1501 et
818 1474 900 1501 Pater
923 1474 1091 1509 hypostatice

307 1524 382 1551 fuit:
398 1522 445 1550 sed
470 1521 540 1556 quod
564 1520 644 1547 Pater
660 1527 721 1547 cum
747 1519 904 1554 participem
933 1519 1020 1554 ipsum
1036 1526 1091 1545 sua:

307 1570 399 1605 gloria:
423 1568 528 1599 fecerit,
555 1570 582 1593 et
604 1567 661 1600 ipse
678 1565 711 1592 ad
732 1565 909 1592 imitationem
937 1565 978 1592 sui
999 1564 1088 1591 Patris

307 1615 484 1644 familiaribus
500 1614 555 1641 suis
579 1621 655 1640 suam
679 1611 859 1639 communicet
883 1611 1007 1646 gloriam.
1024 1610 1086 1637 Ideo

307 1663 346 1689 ait
360 1672 366 1689 τ
381 1661 437 1696 Ego
453 1659 598 1686 claritatem
618 1666 696 1692 quam
723 1657 819 1684 dedisti
844 1657 908 1682 mihi
924 1657 984 1683 dedi
998 1657 1044 1688 eis,
1060 1661 1087 1682 ut

307 1708 359 1734 sint
376 1714 457 1732 unum
468 1706 534 1731 sicut
548 1709 572 1730 et
590 1711 636 1730 nos
655 1711 736 1729 unum
751 1710 850 1728 sumus.
864 1701 920 1736 Ego
936 1703 964 1728 in
978 1703 1010 1728 iis
1021 1707 1044 1728 et
1059 1707 1087 1727 tu

307 1753 334 1778 in
348 1759 398 1782 me,
414 1754 440 1776 ut
456 1754 478 1776 et
491 1749 540 1783 ipsi
557 1749 593 1774 sic
612 1748 663 1774 sint
683 1748 709 1773 in
726 1747 808 1774 nobis.
822 1748 860 1773 Ita
875 1747 954 1773 Pater
966 1751 992 1773 et
1003 1746 1087 1773 Filius

306 1804 388 1824 unum
409 1799 480 1826 sunt,
497 1794 687 1821 communione
703 1793 833 1820 claritatis
851 1801 856 1817 :
874 1800 954 1826 quam
968 1800 1029 1819 cum
1048 1793 1087 1819 ιΙῘ·

307 1841 416 1876 scipulis
431 1840 487 1867 suis
504 1838 650 1874 impertiat,
672 1837 790 1873 ejusdem
812 1844 858 1864 eos
883 1837 990 1864 uniOnis
1004 1837 1087 1871 parti-

308 1887 381 1920 cipes
399 1885 471 1913 fecit.

1141 290 1211 316 οὕτω
1226 290 1272 316 καὶ
1289 290 1392 321 πάντας
1405 291 1479 325 ἡμᾶς
1493 290 1562 317 κατὰ
1577 291 1627 324 τὴν
1645 289 1726 316 αὑτοῦ
1745 290 1858 325 μίμησιν
1872 291 1919 325 τῆς

1142 335 1265 369 ἑνότητας
1281 334 1330 368 τῆς
1344 333 1398 369 (51)
1424 335 1566 368 μετασχεῖν
1582 333 1699 368 εὕχεται·
1715 335 1746 360 οὐ
1760 334 1829 360 κατὰ
1845 334 1919 369 Μάρ-

1141 380 1287 414 κελλονλτοῦ
1301 381 1386 413 Λόγου
1401 381 1534 415 ἑνωμένου
1544 380 1581 415 τῷ
1595 380 1653 414 Θεῷ
1667 381 1714 407 καὶ
1725 381 1756 415 τῇ
1772 381 1849 415 οὐσίᾳ
1862 389 1920 406 συν-

1140 426 1339 462 αφθησομένου,
1358 426 1448 457 καθὼς
1466 426 1494 452 δὲ
1514 426 1705 461 ἐμαρτύρησεν
1733 429 1749 462 ἡ
1771 427 1892 462 ἀλήθεια,
1907 428 1920 454 ὸ

1142 473 1238 509 Σωτὴρ
1259 473 1340 504 αὐτὸς
1355 472 1449 498 εἰπών·
1474 471 1534 506 Τὴν
1552 472 1645 504 δόξαν
1668 473 1706 507 ἣν
1729 472 1842 504 ἔδωκάς
1861 482 1918 506 μοι,

1142 518 1251 545 δέδωκα
1263 518 1373 550 αὐτοῖς’
1390 518 1439 544 ἵνα
1452 515 1527 544 ὦσιν
1546 517 1581 544 ἓν
1597 518 1652 553 (52)
1671 517 1765 550 καθὼς
1782 517 1868 551 ἡμεῖς
1888 518 1920 544 ἐν

1141 565 1244 599 ἐσμεν·
1260 564 1316 599 ἐγὼ
1328 565 1362 591 ἓν·
1374 564 1475 596 αὐτοῖς
1490 564 1538 590 καὶ
1555 563 1595 590 σὺ
1613 564 1648 590 ὲν
1657 563 1731 597 ἐμοὶ,
1745 564 1794 589 ἵνα
1807 561 1863 590 ὦσι
1879 571 1921 589 τε-

1142 610 1327 644 τελειωμένοι
1349 610 1392 642 εὶς
1412 609 1444 636 τὸ
1460 609 1504 636 ἕν’
1528 609 1598 635 οὕτω
1616 609 1670 644 γὰρ
1691 609 1736 635 καὶ
1752 609 1811 635 τότε
1832 610 1878 635 καὶ
1892 609 1920 635 τδ

1143 655 1318 682 ἀποστολικὸν
1333 655 1425 682 λοιπὸν
1442 654 1534 685 τέλους
1548 654 1680 687 τεύξεται,
1694 654 1724 680 τὸ
1740 653 1839 688 φῆσαν,
1859 654 1922 681 Ἵνα

1142 699 1163 737 ᾖ
1180 703 1196 728 ό
1213 701 1284 734 Θεὸς
1305 701 1402 728 πάντα
1415 702 1449 728 ἐν
1466 700 1550 728 πᾶσι.
1565 701 1621 727 Καὶ
1637 699 1728 735 ἐπειδὴ
1742 699 1815 735 τρισὶ
1833 701 1921 735 ῥητοῖς

1143 747 1299 783 Μάρκελλος
1313 747 1360 773 καὶ
1376 747 1400 773 οἰ
1419 747 1463 773 τὸν
1483 747 1572 781 ὅμοιον
1595 745 1668 781 αὐτῷ
1680 746 1779 782 τρόπον
1795 746 1922 772 Σαϐελλί-

1143 792 1234 824 ζοντες
1249 792 1366 827 χρῆσθαι
1380 792 1500 823 εἰώθασι,
1517 792 1562 818 τὸν
1576 792 1684 827 Πατέρα
1700 793 1746 818 καὶ
1758 793 1801 819 τόν
1816 792 1880 818 Υἱὺν
1896 792 1923 818 ἒν

1143 834 1212 863 εἶναι
1230 837 1392 871 πειρώμενοι
1407 836 1551 863 δεικνύναι·
1567 836 1630 862 ποτὲ
1642 837 1696 870 (55)
1713 837 1771 871 μὲν,
1789 837 1862 871 Ἐγὼ
1876 837 1924 863 καὶ

1144 882 1243 916 Πατὴρ
1254 882 1288 909 ἓν
1298 883 1400 916 ἐσμεν,
1416 881 1584 917 θρυλοῦντες·
1602 882 1664 908 ποτὲ
1676 883 1703 908 δὲ
1718 882 1758 913 τὸ,
1775 882 1807 908 '0
1823 881 1925 915 Πατὴρ

1140 928 1254 962 ἑνέμο),
1271 929 1349 962 κάγὼ
1361 928 1395 954 ἐν
1406 928 1443 960 τῷ
1456 927 1554 961 Πητρί”
1568 928 1615 953 καὶ
1627 928 1666 958 τὸ,
1687 928 1712 953 Ὁ
1726 926 1861 961 ἑωρακὼς
1874 926 1926 961 ἐμὲ

1139 973 1247 1007 ἑώρακε
1263 974 1309 1000 καὶ
1331 973 1383 1000 τὸν
1400 973 1522 1006 Πατέρα’
1538 974 1606 1009 πρὸς
1628 974 1675 1009 μὲν
1692 974 1731 1005 τὸ,
1754 974 1825 1007 Ἐγὼ
1844 973 1891 998 καὶ
1908 973 1923 999 ὀ

1140 1019 1240 1053 Πατὴρ
1254 1019 1288 1046 ἓν
1299 1020 1390 1053 ἐσμεν
1404 1019 1436 1045 τὰ
1448 1019 1623 1054 προκείμενα,
1638 1020 1728 1050 αὐτοῖς
1742 1018 1923 1054 προσακτέον,

1139 1066 1173 1092 δι’
1187 1063 1224 1092 ὧν
1239 1065 1415 1101 ὑπερεύχεται
1427 1065 1481 1091 τῶν
1493 1066 1575 1092 αὑτοῦ
1592 1065 1730 1101 μαθητῶν,
1747 1065 1790 1090 ἵνα
1801 1064 1850 1090 καὶ
1861 1063 1923 1090 τεάν-

1139 1121 1185 1143 τες
1200 1112 1274 1138 αὐτοὶ
1292 1112 1342 1146 τῆς
1361 1112 1443 1147 αὐτῆς
1463 1112 1518 1147 (54)
1538 1111 1658 1142 ἐνώσεως
1672 1111 1782 1145 τύχωσι·
1798 1110 1875 1144 λέγει
1896 1110 1923 1136 δὲ

1139 1157 1195 1189 οὖν,
1212 1158 1278 1186 Ἵνα
1292 1155 1366 1187 ὦσιν
1376 1158 1419 1190 ἓν,
1436 1157 1532 1190 καθὼς
1545 1158 1628 1192 ἡμεῖς
1639 1157 1681 1183 ἕν’
1697 1157 1752 1191 ἐγὼ
1763 1157 1797 1183 ἐν
1812 1155 1922 1188 αὐτοῖς,

1140 1203 1188 1228 καὶ
1208 1203 1247 1228 σὺ
1264 1203 1298 1229 ἑν
1312 1203 1385 1237 ἐμοὶ,
1405 1203 1454 1228 ἵνα
1467 1200 1521 1229 ὦσι
1537 1201 1752 1236 τετελειωμένοι
1768 1202 1812 1234 εις
1833 1201 1866 1227 τὸ
1881 1201 1921 1227 ἓν.

1141 1249 1211 1284 Πρὸς
1227 1249 1255 1274 δὲ
1271 1249 1310 1279 τὸ,
1323 1249 1349 1274 '0
1368 1248 1467 1282 Πατὴρ
1485 1249 1520 1274 ἐν
1532 1248 1606 1282 ἐμοὶ,
1621 1247 1700 1282 κάγὼ
1717 1248 1751 1273 ἐν
1766 1247 1807 1278 τῷ
1822 1246 1921 1279 Harp),

1141 1294 1335 1330 παραθήσομεν
1348 1294 1396 1329 τὴν
1412 1294 1492 1320 αὐτοῦ
1507 1294 1586 1320 πάλιν
1599 1294 1700 1328 φωνὴν,
1714 1293 1747 1319 δι’
1759 1290 1792 1328 ἧς
1810 1293 1924 1327 ὑπερευ-

1140 1340 1252 1374 χόμενος
1279 1339 1366 1366 αὐτῶν
1390 1339 1473 1373 ἔλεγες
1488 1339 1588 1371 Καθὼς
1600 1340 1650 1371 σὺ,
1673 1339 1778 1372 Πάτερ,
1798 1339 1834 1364 ἐν
1849 1338 1922 1373 ἐμοὶ,

1140 1385 1219 1419 κάγὼ
1233 1386 1266 1412 ἐν
1276 1386 1337 1416 σοὶ,
1349 1386 1398 1411 ἵνα
1413 1385 1461 1412 καὶ
1473 1385 1555 1411 αὐτοὶ
1568 1385 1603 1411 ἐν
1615 1384 1685 1419 ἡμῖν
1694 1383 1758 1411 ὦσι·
1774 1383 1856 1418 κάγὼ
1870 1383 1924 1416 τὴν

1140 1431 1243 1464 δόξαν,
1256 1430 1294 1464 ἣν
1315 1430 1443 1463 δέδωκάς
1464 1440 1524 1464 μοι,
1546 1431 1660 1457 δέδωκα
1681 1431 1791 1463 αὐτοῖς.
1815 1431 1854 1456 Δι’
1876 1426 1922 1460 ὧν,

1142 1477 1234 1511 σαφῶς
1251 1477 1413 1513 παρίστησιν
1431 1477 1515 1509 οὕτως
1532 1475 1599 1504 εἶναι
1613 1478 1641 1503 ἐν
1654 1476 1726 1512 αὑτῷ
1741 1477 1785 1503 τὸν
1803 1477 1922 1511 Πατέρα,

1141 1523 1230 1555 καθὼς
1245 1524 1291 1550 καὶ
1302 1524 1330 1549 ὲν
1341 1524 1405 1558 ἡμῖν
1420 1523 1487 1551 εἶναι
1502 1523 1636 1558 βούλεται.
1651 1523 1707 1557 Οὐχ
1721 1523 1761 1548 ὅτι
1781 1522 1922 1562 καθ’-ὑπό-

1142 1577 1234 1595 στασιν
1252 1567 1315 1603 μίαν
1325 1565 1364 1600 εἷς
1378 1568 1414 1594 ὢν
1428 1568 1554 1603 τυγχάνει
1565 1568 1645 1599 αὐτὸς
1659 1568 1705 1593 καὶ
1717 1568 1731 1593 ὁ
1744 1567 1849 1606 Πατήρ
1867 1567 1921 1594 ἀλλ’

1139 1615 1179 1640 ὅτι
1192 1613 1238 1640 τοῦ
1251 1614 1357 1649 Πατρος
1377 1614 1588 1649 μεταδεδωκότος
1609 1613 1682 1648 αὑτῴ
1765 1613 1870 1644 οἰκείας
1881 1613 1921 1639 δό-

1139 1657 1197 1691 ξης,
1219 1657 1266 1683 καὶ
1284 1657 1364 1689 αὐτὸς
1378 1658 1476 1692 ὁμοίως
1488 1658 1542 1689 τοῖς
1556 1657 1674 1689 οἰκείοις,
1688 1657 1732 1684 τὸν
1754 1658 1864 1693 Πατέρα
1879 1667 1920 1692 μι-

1139 1702 1282 1737 μούμενος,
1306 1703 1473 1738 μεταδίδωσι.
1494 1704 1539 1729 Διό
1552 1711 1627 1738 φησι,
1649 1703 1735 1737 Κάγὼ
1753 1702 1811 1736 τὴν
1831 1703 1921 1735 δόξαν

1138 1747 1178 1780 ἣν
1190 1747 1300 1780 ἔδωκάς
1309 1757 1359 1781 μοι
1373 1748 1484 1775 δέδωκα
1496 1749 1607 1783 αὐτοῖς⁵
1619 1750 1669 1776 ἵνα
1682 1748 1756 1776 ὦσιν
1767 1749 1813 1780 ἓν,
1827 1749 1919 1781 καθὼς

1137 1793 1222 1826 ’ἡμεῖς
1237 1793 1290 1827 (56)
1305 1794 1348 1822 ἓν.
1359 1794 1459 1826 Καθὼς
1473 1795 1523 1827 σὺ,
1541 1795 1646 1829 Πάτερ,
1661 1795 1695 1821 ὲν
1710 1794 1875 1829 ἑμυὶ,κάγὼ
1888 1795 1920 1820 ἐν

1139 1838 1199 1870 (Tol,
1213 1839 1261 1864 ἵνα
1275 1839 1322 1865 καὶ
1341 1840 1423 1865 αὐτοὶ
1438 1840 1472 1866 ἐν
1486 1840 1557 1874 ἡμῖν
1571 1838 1654 1867 ὦσιν.
1669 1839 1761 1871 Οὕτως
1775 1838 1820 1866 οὖν
1837 1840 1867 1866 ’ἐν
1882 1839 1917 1865 εἰ·

1140 1889 1182 1908 σιν
1191 1883 1205 1908 ὁ
1216 1883 1308 1918 Πατὴρ
1320 1884 1366 1910 καὶ
1377 1885 1391 1909 ὀ
1402 1883 1464 1916 Υἱὸς
1475 1885 1545 1910 κατὰ
1556 1885 1605 1920 τὴν
1618 1884 1758 1912 κοινωνίαν
1771 1885 1820 1919 τῆς
1832 1884 1918 1919 δόξης,

307 1933 341 1970 ἧς
355 1935 410 1965 τοῖς
425 1931 505 1959 αὑτοῦ
525 1931 658 1966 μαθηταῖς
679 1929 844 1965 μεταδιδοὺς,
860 1931 909 1964 τῆς
923 1929 1006 1963 αὐτῆς
1020 1928 1140 1960 ἐνώπεως
1157 1930 1201 1956 καὶ
1220 1930 1299 1961 αὐτὸς
1313 1930 1398 1964 ἠξίου.

590 1990 620 2019 >14
641 1986 755 2014 CAPUT
774 1985 832 2013 XX.

309 2034 386 2068 Quod
398 2038 424 2059 ut
443 2031 523 2058 Pater
538 2032 565 2058 in
582 2031 664 2068 Filio,
680 2036 703 2057 et
716 2030 802 2068 Filius
817 2031 843 2057 in
857 2030 948 2068 Patre,
967 2031 1003 2057 ita
1019 2035 1043 2057 et
1061 2030 1087 2057 in

509 2067 563 2094 suis
579 2066 676 2092 sanctis
691 2066 809 2092 omnibus
823 2067 884 2092 erit.

343 2121 446 2148 Rursus
468 2121 504 2147 ita
525 2125 588 2148 erat
607 2120 633 2146 in
657 2120 714 2154 ipso
736 2119 815 2147 Pater
831 2125 858 2147 ct
869 2121 927 2154 ipse
945 2120 971 2147 in
989 2120 1085 2152 Patre;

307 2167 533 2204 quemadmodum
554 2165 691 2193 concludit
709 2165 805 2192 beatus
827 2165 969 2200 Apostolus
983 2167 1016 2192 de
1034 2165 1086 2192 illis

305 2213 441 2244 omnibus,
457 2212 503 2246 qui
520 2218 600 2246 regno
613 2211 742 2238 coalorum
755 2211 826 2246 digni
844 2212 951 2245 iuerint,
965 2211 1008 2238 ubi
1023 2212 1061 2238 ait
1077 2221 1083 2237 :
1107 2229 1114 2236 .

307 2261 380 2288 Tunc
396 2261 445 2287 erit
463 2258 532 2285 Deus
548 2258 675 2284 omniain
691 2257 809 2283 omnibus
817 2257 851 2290 ",
865 2257 897 2284 ad
910 2259 1015 2284 modum
1032 2266 1085 2292 quo

306 2307 375 2334 dixit
388 2315 395 2332 :
410 2305 541 2332 llabitabo
565 2304 593 2330 in
609 2302 673 2333 illis,
696 2307 720 2329 et
750 2302 888 2329 ambulubo
907 2302 974 2330 inter
996 2311 1037 2330 eos
1050 2303 1082 2330 ".

307 2352 359 2380 Sed
375 2356 401 2379 et
410 2350 542 2385 quomodo
551 2349 650 2376 dictutn
665 2356 671 2374 :
687 2347 742 2374 Nos
754 2349 781 2374 in
793 2348 847 2381 ipso
862 2348 981 2380 vivimus,
995 2353 1083 2375 etmo-

306 2406 405 2430 vemur,
417 2403 440 2423 et
449 2404 540 2424 sumus
549 2394 581 2421 ⁵’³.
598 2394 662 2426 Qua:
675 2401 739 2420 sane
752 2393 841 2420 omnia
857 2393 889 2419 de
904 2393 979 2419 nobis
991 2393 1084 2420 dicun—

306 2449 362 2474 tur,
376 2442 422 2477 qui
442 2447 530 2468 tamen
545 2441 571 2467 in
587 2440 695 2474 propria
714 2438 855 2473 bypostasi
872 2437 1043 2466 subsistimus
1057 2443 1085 2466 et

306 2489 436 2520 vivimus;
456 2493 505 2514 nec
521 2485 668 2520 quidquam
690 2484 820 2511 habemus
836 2491 896 2510 cum
916 2489 1029 2518 paterna
1044 2484 1084 2512 di-

342 2581 372 2609 m
389 2577 438 2604 Ed.
456 2576 554 2608 Paris.,
570 2582 631 2610 pag.
646 2575 706 2601 194.
737 2574 859 2610 "flium.
885 2582 912 2607 κ,
931 2573 974 2610 5οι

1032 2575 1053 2591 ³⁷
1069 2575 1149 2603 lCor.
1167 2585 1212 2608 xv,
1229 2577 1274 2605 28.

1457 1987 1535 2013 ΚΕΦ.
1553 1987 1595 2012 K'.

1139 2030 1202 2056 Ὅτι
1221 2031 1260 2062 ὠς
1275 2032 1291 2057 ό
1315 2031 1415 2065 Πατὴρ
1436 2031 1470 2057 ἐν
1491 2031 1530 2064 τῷ
1549 2031 1613 2063 Υἰῷ,
1635 2032 1683 2058 καὶ
1704 2033 1720 2058 ό
1748 2031 1814 2062 Υἱὸς
1828 2031 1864 2056 ἐν
1880 2029 1918 2062 τῷ

1167 2065 1266 2098 Harp),
1283 2065 1357 2092 οὕτω
1370 2065 1418 2092 καὶ
1430 2066 1465 2092 ἐν
1479 2066 1540 2099 τοῖς
1550 2067 1645 2101 ἁγίοις
1661 2067 1775 2093 ἅπασιν
1788 2066 1886 2093 ἔσται.

1173 2122 1228 2147 Καὶ
1242 2121 1331 2153 πάλιν,
1347 2122 1432 2153 οὕτως
1449 2120 1482 2156 ἦν
1495 2123 1509 2148 ὁ
1523 2123 1618 2158 Πατὴρ
1634 2123 1662 2148 ὲν
1677 2121 1760 2157 αὐτῷ·
1777 2122 1825 2148 καὶ
1839 2121 1915 2152 αὐτὸς

1137 2167 1166 2192 ἐν
1173 2166 1211 2202 τῷ
1220 2168 1315 2202 Πατρὶ,
1327 2167 1363 2199 ὡς
1377 2167 1391 2193 ὁ
1405 2168 1474 2199 θεῖος
1495 2168 1653 2199 Ἀπόστολος
1668 2168 1713 2194 καὶ
1730 2168 1796 2203 περὶ
1812 2167 1917 2193 πάντων

1117 2222 1121 2226 ·
1139 2213 1257 2239 διδάσκει
1270 2213 1322 2239 τῶν
1336 2213 1385 2248 τῆς
1394 2213 1553 2249 ἐπουρανίου
1565 2213 1702 2248 βασιλείας
1712 2212 1805 2245 ἀξίων,
1821 2212 1913 2246 λέγων·

1141 2259 1209 2284 Τότε
1223 2258 1307 2285 ἔσται
1323 2260 1339 2285 ὁ
1361 2258 1432 2291 Θεὸς
1450 2258 1547 2285 πάντα
1568 2260 1603 2285 ἐν
1618 2258 1711 2285 πᾶσιν
1722 2267 1729 2273 -
1749 2258 1796 2289 ὡς’
1810 2258 1857 2285 καὶ
1877 2257 1905 2284 τὸ

1144 2304 1307 2338 Ἐνοικήσω
1332 2305 1366 2331 ἐν
1390 2304 1491 2337 αὐτοῖς
1517 2305 1565 2331 καὶ
1591 2303 1828 2339 ἑμπεριπατὴσω,
1842 2303 1900 2329 λέλε

1136 2359 1211 2376 κται-
1229 2350 1283 2385 (ὕἹ)
1300 2350 1367 2377 ἀλλὰ
1380 2351 1436 2383 καὶ,
1448 2351 1541 2385 Ἡμεῖς
1555 2351 1590 2378 ἐν
1606 2350 1685 2383 αὐτῷ
1699 2350 1800 2385 ζῶμεν,
1814 2350 1860 2376 καὶ
1877 2358 1913 2375 ιιι-

1135 2396 1274 2429 νούμεθα,
1293 2397 1343 2422 καί
1351 2397 1452 2431 ἐσμεν.
1474 2397 1528 2422 Καὶ
1545 2396 1630 2423 ταῦτα
1650 2396 1737 2423 πάντα
1758 2396 1823 2431 περὶ
1840 2395 1913 2431 ἡμῶν

1136 2441 1271 2475 λέλεκται,
1292 2442 1346 2469 τῶν
1364 2443 1423 2468 κατ’
1445 2443 1510 2469 ἰδίαν
1530 2443 1677 2469 ὑπόστασιν
1691 2441 1852 2476 ὑφεστώτων
1869 2441 1913 2467 καὶ

1136 2486 1244 2519 ζώντων
1260 2488 1306 2514 καὶ
1318 2488 1399 2523 μηδὲν
1414 2488 1527 2523 ἑχόντων
1540 2488 1626 2515 κοινὸν
1640 2487 1707 2523 πρὸς
1719 2487 1768 2522 τὴν
1781 2486 1912 2523 πατρικὴν

1331 2578 1353 2594 ³⁸
1369 2578 1445 2605 Joan.
1460 2587 1486 2610 x,
1506 2578 1548 2606 50.
1588 2578 1608 2594 ³⁵³
1624 2577 1687 2605 ibid.
1702 2576 1745 2604 38.
1802 2576 1825 2591 ι’
1836 2574 1908 2602 Joan.

304 2620 360 2645 xw,
374 2612 401 2639 9.
438 2612 461 2627 ⁵¹
474 2611 484 2637 l
499 2610 564 2639 Cor.
572 2609 621 2642 ’xv,
636 2610 681 2636 28.
721 2609 743 2625 “
757 2609 842 2637 chit.
855 2616 928 2640 xxvr,
944 2609 997 2642 1‘2;
1018 2610 1026 2636 Ι
1042 2611 1089 2637 Cor

1139 2619 1157 2645 ι,
1173 2612 1216 2639 16.
1239 2613 1261 2628 ⁸³
1272 2613 1331 2640 Act.
1347 2621 1412 2645 xvu,
1432 2614 1477 2641 28.

340 2711 395 2746 (Si)
415 2711 498 2746 Vulgo
520 2711 600 2737 αὐτοῦ
623 2715 660 2737 at.
683 2710 718 2738 cl'.
735 2709 766 2737 D.
784 2711 829 2737 ﬁn.
851 2717 878 2737 et
894 2717 954 2737 mox
981 2711 1083 2746 ἐνωμέ-

304 2754 396 2816 vol-’32)
413 2780 498 2816 Vulgo
513 2780 602 2812 καθὼς
620 2779 784 2816 [χαηήμεῖς
805 2785 831 2807 et
853 2788 915 2808 mox
938 2780 990 2815 γὰρ
1011 2781 1081 2807 τότε·

341 2815 395 2851 (55)
414 2816 497 2851 Vulgo
509 2817 557 2851 μὲν
571 2816 609 2847 τό,
622 2815 656 2842 iet
670 2815 760 2850 θρυλλ.

341 2851 397 2884 (54)
414 2850 466 2884 Mp.
483 2851 620 2882 αἰνέσεως,
633 2856 661 2876 at
685 2852 720 2877 cl'.
745 2851 774 2877 Ι).
799 2851 860 2883 lin.;
879 2858 938 2886 mox
959 2850 1035 2886 vuigo
1049 2850 1078 2877 ἓν

305 2886 386 2921 ἔσμεν
410 2889 436 2912 et
458 2886 518 2912 dein
544 2885 734 2921 παραθήσομεν
765 2890 793 2914 et
821 2887 853 2912 δι’
877 2885 909 2921 ἧς
930 2885 1077 2921 ἐπερχόμε-

1136 2723 1188 2746 νος.

1170 2751 1225 2786 (55)
1238 2747 1325 2786 Vulgo
1334 2751 1383 2786 τῆς
1397 2752 1448 2779 οἰκ.

1170 2786 1224 2821 (56)
1243 2786 1326 2822 Vitligo
1337 2786 1366 2812 ἓν
1381 2787 1471 2822 ἐσμεν.

1250 2815 1509 2857 FoFteAlege‘ndum,
1542 2820 1630 2852 ’Λλὶὰ,
1655 2821 1692 2852 ὠς
1715 2820 1759 2846 καὶ
1782 2819 1860 2856 ἡμεῖς
1879 2815 1910 2844 ἐν

1136 2856 1208 2891 αὐτῴ
1223 2856 1320 2891 ζῶμεν.
1343 2855 1377 2883 Μ.
