2024 3208
146 178 216 207 Εὓὰὅ

603 176 648 204 DE
663 177 928 206 ECCLESlASTlCA
949 176 1144 204 TllEOLOGIA
1163 175 1228 204 LIB.
1247 175 1293 204 lli.

1678 175 1690 203 Ι
1695 175 1745 204 04‘3-

146 239 269 274 ϐιότητα.
291 238 323 264 Τί
349 237 404 273 (58)
423 237 455 272 δὴ
472 233 517 264 οὗν
537 237 589 273 χρὴ
603 236 763 272 θαυμάζειν,
779 238 803 264 εἰ
822 238 867 264 καὶ
880 237 924 264 ἐπὶ

976 238 1088 265 vinitale
1105 245 1258 265 commune.
1273 237 1402 270 Quocirca
1419 244 1471 264 non
1494 241 1536 264 cst
1554 236 1661 269 mirum,
1675 237 1697 263 si
1716 237 1752 265 de

146 283 192 310 τοῦ
210 282 288 314 Υἱοῦ,
303 283 330 308 αἱ
343 282 526 316 παραπλήσιοι
539 281 666 316 φέρονται
680 282 775 316 φωναί
790 283 839 308 οὐκ
851 283 926 310 ἀναι-

147 328 242 364 ροῦσαι
265 328 313 363 μὲν
334 327 414 354 αὑτοῦ
434 327 483 362 τὴν
505 327 651 353 ὑπόστασιν
675 327 730 354 οὐδ’
753 327 833 354 αὐτὸν
857 326 926 354 εἶναι

146 375 255 410 Πατέρα
267 375 313 400 καὶ
324 373 386 400 Υἰδν
398 373 580 406 διδάσκουσαι,
588 374 637 410 τὴν
647 373 674 399 δὲ
686 373 732 399 τοῦ
744 374 849 409 [ἰατρὸς
860 374 926 410 πρὸς

147 421 227 448 αὑτὸν
245 420 396 452 ἰδιάζουσαν
408 420 455 447 καὶ
476 419 611 456 ἐξαίρετον
631 419 712 454 τιμὴν
728 420 775 446 κα)⁴
788 419 866 452 δόξαν
879 419 927 454 τῆς

148 466 306 503 μονογενοῦς
318 467 365 493 καὶ
376 466 468 502 θεῐκῆς
481 466 621 498 κοινωνίας
635 465 809 501 περιστῶσαι.

452 554 530 580 ΚΕΦ.
551 555 615 581 KA’.

145 600 245 633 ὀπως
260 599 317 635 χρὴ
327 599 409 627 νοεῖν
428 601 471 626 to"
484 599 514 626 ὀ
531 599 664 633 ἑωρακὼς
675 599 737 635 ἐμὲ,
752 599 860 634 ἑώρακε
878 599 926 625 καὶ

439 635 491 661 τὸν
514 634 638 668 Πατέρα.

179 681 272 712 οὕτως
287 677 334 707 οὖν
346 680 393 707 καὶ
407 681 423 706 ὁ
437 680 569 713 ἑωρακὼς
581 680 672 712 αὑτὸν,
690 679 798 712 ἑώρακε
812 679 861 705 καὶ
876 679 928 705 τὸν

146 727 273 761 Πατέρα,
289 726 328 761 τῷ
345 726 422 761 μόνον
444 726 523 752 αὑτὸν
543 726 590 752 καὶ
612 726 711 761 μηδένα
733 725 810 752 ἄλλον
827 726 927 752 εἰκόνα

146 771 214 799 εἶναι
235 772 288 799 τοῦ
306 772 378 798 Θεοῦ
400 771 451 798 τοῦ
475 771 601 805 ἀοράτου
621 772 667 798 καὶ
689 771 857 806 ἀπαύγασμα
878 772 927 806 τῆς

145 819 222 854 δόξης
248 819 294 845 καὶ
317 818 478 854 χαρακτῆρα
501 818 550 853 τῆς
578 819 750 850 ὑποστάσεως
776 817 868 849 αὑτοῦ,
893 818 927 844 ἐν

143 864 244 900 μορφῇ
267 873 298 891 τε
321 863 394 890 Θεοῦ
410 864 565 898 ὑπάρχειν,
583 864 654 890 κατὰ
678 864 726 895 τὰς
748 863 926 895 ἀποστολικὰς

977 284 1044 311 Filio
1068 284 1133 311 tales
1157 291 1236 311 voces
1258 288 1431 318 usurpentur,
1446 290 1506 317 qua:
1525 282 1632 309 minime
1659 282 1751 309 tollant

976 333 1065 356 tamen
1083 329 1166 362 ipsius
1180 329 1346 364 hypostasin,
1365 329 1461 354 nedum
1487 328 1646 354 conﬁrmant
1664 327 1749 362 ipsum

975 381 1035 402 esse
1050 379 1077 401 et
1093 374 1199 401 Patrem
1216 378 1243 401 et
1259 373 1355 400 Filium
1373 382 1379 399 :
1399 372 1581 399 tantummodo
1605 379 1751 406 repracsen-

976 424 1034 447 tant
1050 420 1123 446 illam
1146 420 1262 446 divinam
1283 418 1412 453 unigeniti
1437 418 1495 444 Filii
1521 418 1750 448 communionem,

976 466 1116 498 honorem,
1134 470 1214 500 atque
1230 465 1353 500 gloriam,
1370 471 1449 498 quam
1470 471 1501 489 ex
1523 463 1566 490 illa
1582 470 1597 490 a
1611 462 1691 490 Patre
1704 470 1751 490 suo
1768 467 1772 472 '

976 512 1066 539 habet.

1265 556 1375 584 CAPUT
1395 556 1464 584 XXI.

977 603 1112 636 Quomodo
1131 603 1241 638 intelligi
1252 603 1341 638 debeo!
1352 602 1416 629 illud
1427 611 1456 629 .·‹
1474 601 1526 634 Qui
1537 602 1597 629 vidit
1615 609 1668 634 me,
1688 600 1752 628 vidit

1266 643 1290 664 et
1308 637 1424 664 Patrem.
1441 648 1450 663 ›

1012 685 1047 712 lla
1067 691 1171 718 quoque
1191 688 1216 710 et
1231 684 1275 718 qui
1291 683 1365 710 illum
1381 683 1457 715 vidit,
1471 683 1534 710 vidit
1550 687 1573 708 et
1596 681 1704 708 Patrem
1713 680 1747 712 “,

977 735 1008 755 eo
1024 728 1094 762 quod
1110 728 1166 762 ipse
1184 727 1256 755 solus
1269 728 1316 758 sit,
1335 735 1388 754 non
1405 732 1494 754 autem
1512 728 1581 754 alius
1597 726 1730 761 quispiam
1745 744 1754 757 ,

977 773 1069 808 Imago
1085 772 1133 800 Dei
1143 773 1321 806 invisibilia",
1335 777 1362 800 el
1373 773 1507 800 emanatio
1516 772 1650 799 claritatis
1660 771 1729 798 illius
1744 791 1752 803 ,

977 825 1004 846 et
1021 821 1163 846 character
1173 827 1318 853 expressus
1338 820 1512 854 hypostaseos
1528 819 1586 853 ejus
1598 818 1654 852 qui,
1671 822 1698 844 ut
1713 818 1752 844 Ιο-

977 866 1068 899 quitur
1087 865 1244 899 Apostolus,
1268 865 1296 892 in
1318 865 1404 899 forma
1427 865 1475 891 Dei
1496 865 1583 898 fuerat
1596 864 1629 890 “‘.
1647 863 1713 890 Nam
1726 869 1754 890 ut

143 908 326 940 διδασκαλίας.
348 909 390 940 Ὠς
403 907 456 944 γὰρ
471 909 517 934 καὶ
530 910 543 934 ὁ
560 908 608 943 τὴν
621 908 761 944 βασιλικὴν
773 908 863 934 εἰκόνα
875 909 923 943 τὴν

975 909 1019 945 qui
1035 909 1176 944 imaginem
1196 910 1268 944 regis
1284 916 1451 943 expressam,
1466 917 1517 943 qua
1531 908 1660 936 exactiori
1677 907 1754 935 modo

144 955 186 981 ἐπ’
200 953 312 990 ἀκριϐὲς
322 953 538 988 ἀφωμοιωμένην
550 954 622 988 αὐτῷ
633 953 791 989 τεθεαμένος
802 954 863 986 τοὺς
874 954 924 988 τῆς

145 999 251 1034 μορφῆς
264 999 362 1030 τύπους
375 999 419 1025 διὰ
434 1000 483 1035 τῆς
495 999 602 1035 γραςρῆς
617 999 840 1034 ἀποματτόμενος
858 1008 924 1034 φαν-

143 1044 282 1071 τασιοῦται
296 1044 342 1070 τὸν
358 1044 478 1079 βασιλέα,
492 1045 536 1071 τὸν
556 1045 636 1071 αὐτὸν
657 1045 766 1081 τρόπον,
782 1044 883 1080 μᾶλλον
895 1045 924 1072 δὲ

143 1092 213 1125 ὑπὲρ
230 1090 316 1117 πάντα
331 1090 386 1125 (59)
400 1090 476 1124 λόγον
497 1091 593 1122 παντός
611 1099 641 1117 τε
656 1091 782 1117 ἐπέκεινα
798 1091 925 1126 παραδείυ

143 1144 257 1171 γματος,
270 1136 284 1162 ὸ
296 1135 334 1171 νῷ
345 1135 450 1170 διαυγεῖ
468 1136 513 1162 καὶ
527 1136 615 1171 ψυχῆς
629 1136 843 1172 κεκαθαρμένοις
856 1137 924 1172 ἁγίῳ

141 1189 173 1208 τε
193 1181 331 1216 Πνεύματι
347 1181 561 1215 πεφωτισμένοις
582 1181 686 1216 ὁμμασι
708 1181 747 1215 τῷ
765 1190 795 1208 τε
817 1182 923 1217 μεγέθει

142 1227 192 1262 τῆς
205 1227 251 1253 τοῦ
265 1226 423 1262 μονογενοῦς
436 1226 500 1253 Υίοῦ
511 1227 557 1253 καὶ
568 1227 668 1262 Κυρίου
683 1227 821 1262 δυνάμεως
834 1228 924 1254 ἐνατε-

143 1272 229 1304 νίσας,
245 1272 291 1299 καὶ
311 1273 448 1308 ἐννοήσας,
461 1273 535 1304 ὅπως
549 1273 577 1298 ἐν
592 1272 665 1308 αὑτῷ
687 1275 807 1300 κατοικεῖ
823 1274 875 1300 πᾶν
894 1273 924 1300 τὸ

143 1318 287 1352 πλήρωμα
299 1317 354 1351 τῆς
369 1316 513 1352 πατρικῆς·
530 1318 676 1351 θεότητος,
691 1319 737 1345 καὶ
748 1319 785 1350 ὠς
799 1319 832 1346 τὰ
849 1320 924 1353 σύμ-

143 1370 241 1390 παντα
255 1362 297 1389 δι’
310 1362 402 1389 αὐτοῦ
416 1363 542 1397 ἐγένετο,
556 1363 604 1389 καὶ
621 1363 654 1389 ένν
665 1363 744 1396 αὐτῷ
754 1364 875 1398 ἐκτίσθη
888 1363 925 1390 τὰ

143 1407 251 1439 πάντα,
265 1407 301 1434 τὰ
314 1407 348 1434 ἐν
360 1408 421 1440 τοῖς
431 1408 580 1442 οίξρω-οἷς,
598 1409 647 1435 καὶ
667 1410 702 1435 τὰ
720 1409 768 1435 ἐπὶ
783 1409 837 1443 τῆς
857 1409 922 1444 γῆς·

142 1454 178 1481 τὰ
192 1454 278 1489 ὁρατά
295 1455 342 1480 καὶ
364 1454 397 1480 ea
417 1454 529 1489 ἀόρατα·
552 1454 727 1490 λογισάμενός
747 1464 776 1481 τε
793 1456 830 1487 ὡς
846 1456 924 1490 μόνον

144 1500 226 1528 αὐτὸν
246 1500 308 1526 Υἱδν
325 1501 455 1535 μονογενῆ
476 1501 571 1534 ἐγέννα
588 1501 601 1526 ὁ
625 1501 729 1535 Πατὴρ,
752 1500 821 1527 κατὰ
838 1501 924 1528 πάντα

144 1546 357 1581 ἀφωμοιωμένον
373 1546 447 1581 αὐτῷ
463 1546 585 1580 δυνάμει,
603 1546 649 1572 καὶ
672 1546 751 1572 αὑτὸν
770 1546 863 1580 ὁψεται
878 1547 923 1573 τὸν

143 1592 265 1628 Πατέρα,
279 1592 323 1618 διὰ
334 1592 380 1618 τοῦ
395 1591 459 1618 Υίοῦ
473 1591 667 1627 θεωρούμενον,
676 1592 731 1623 τοῖς
743 1592 792 1626 τὴν
807 1591 922 1618 διάνοιαν

143 1637 367 1673 κεκαθαρμένοις,
381 1639 445 1673 περ).
453 1634 490 1664 ὧν
502 1637 607 1672 εἴρηται
621 1637 662 1669 τὸ,
674 1637 816 1671 Μακάριοι
831 1639 858 1664 οὶ
873 1645 924 1664 κα-

143 1683 227 1717 θαροὶ
242 1682 279 1717 τῇ
292 1683 407 1716 καρδίᾳ,
424 1683 468 1709 ὅτι
481 1683 564 1709 αὐτοὶ
582 1681 634 1708 τὸν
648 1682 721 1708 Θεὸν
735 1682 869 1716 ὄψονται.

178 1728 271 1755 Ταῦτα
290 1729 339 1764 μὲν
353 1726 398 1755 οὖν
413 1728 589 1764 προθεμένοις
602 1729 667 1764 ἡμῖν
684 1727 739 1763 (60)
761 1729 860 1754 σκοπὸν
876 1726 923 1763 τὴν

145 1772 322 1809 βραχυλογίαν
333 1772 370 1804 ὠς
380 1774 408 1799 ἐν
418 1774 533 1808 ἐπιτομῇ
546 1771 734 1807 γεγυμνάσθω·
754 1771 880 1808 πλείστης
895 1772 923 1798 δὲ

142 1819 209 1854 ὅσης
222 1819 381 1855 ἐξεργασίας
398 1818 531 1853 δεομένων
550 1818 603 1844 τῶν
617 1817 686 1844 κατὰ
700 1817 745 1844 τὸν
765 1818 856 1849 τόπον,
870 1819 923 1852 ὅτῳ

146 1864 220 1899 μέλει
235 1864 284 1900 τῆς
303 1863 404 1891 τούτων
432 1862 563 1898 ἀκριϐοῦς
580 1863 754 1899 καταλήψεως
770 1865 825 1895 τοῖς
844 1863 925 1897 εὐαγ-

144 1910 261 1944 γελικοῖς
273 1910 320 1937 καὶ
333 1909 518 1941 ἀποστολικοῖς
528 1908 720 1944 ἁναγνώσμασι
747 1909 796 1944 τὴν
806 1909 924 1936 διάνοιαν

144 1956 287 1991 ἐπερείσας
300 1956 345 1982 τὸν
362 1955 450 1982 πάντα
463 1954 524 1982 νοῦν
537 1954 566 1988 ἐξ
582 1954 669 1982 αὐτῶν
687 1954 732 1981 ἐπὶ
749 1954 846 1990 σχολῆς
860 1955 925 1981 ἀνα-

143 2000 257 2034 λέξεται·
282 2001 385 2037 μυρίων
399 2010 430 2035 γε
456 2001 507 2037 μὴν
529 2002 576 2027 καὶ
589 2001 675 2027 ἄλλων
689 2001 880 2036 ἀσυναρτήτως
895 2002 924 2027 ὲν

143 2047 183 2082 τῷ
195 2048 353 2083 Μαρκέλλου
367 2048 561 2082 συγγράμματι
574 2046 835 2082 συμπεφορημένων,
851 2046 925 2073 πλεί-

145 2101 214 2120 στων
233 2101 264 2119 τε
279 2093 348 2120 ὅσων
369 2092 496 2124 ἐναντίως
516 2092 554 2127 τῷ
577 2091 723 2128 βουλήματι
743 2093 791 2127 τῆς
815 2091 924 2127 Γραιρῆς

144 2138 294 2174 εἰρημένων
309 2138 408 2174 ἐτέρων
420 2147 449 2166 τε
463 2138 646 2173 βεϐιασμένων
661 2137 708 2163 καὶ⁸
724 2137 857 2173 μηδεμίαν
874 2146 925 2164 σω-

145 2185 246 2212 σάντων
276 2184 434 2210 ἀκολουθίαν
457 2184 544 2210 κοινὸν
564 2182 610 2209 τὸν
632 2182 740 2217 ἔλεγχον
765 2183 925 2218 κατάφωρον

974 960 1180 990 repraesentetur
1194 963 1253 988 rex,
1267 955 1388 982 intuetur
1403 962 1451 990 per
1465 954 1557 982 formae
1578 955 1664 989 ipsius
1684 955 1752 989 ﬁgu-

974 1005 1028 1031 ras,
1042 1006 1089 1033 per
1102 998 1234 1033 picturam
1249 999 1396 1033 insculptas
1410 999 1510 1030 animo.
1519 1006 1608 1034 regem
1622 999 1754 1033 imagina-

975 1047 1036 1076 tur;
1053 1044 1086 1071 ad
1102 1044 1225 1071 eumdem
1243 1045 1362 1078 modum,
1382 1049 1428 1072 attt
1447 1045 1535 1080 potius
1553 1052 1632 1079 supra
1648 1053 1753 1072 omnem

976 1090 1084 1116 modum
1102 1089 1299 1124 rationemque,
1319 1095 1347 1117 et
1365 1097 1445 1124 supra
1465 1090 1602 1124 exemplar
1618 1091 1755 1124 quodcun-

974 1143 1037 1170 que,
1063 1136 1107 1170 qui
1135 1141 1225 1163 mente
1254 1137 1386 1164 illustrata
1413 1142 1493 1172 atque
1507 1137 1593 1165 oculis
1627 1138 1710 1164 animi
1738 1146 1752 1164 a

975 1180 1076 1215 Spiritu
1098 1186 1193 1208 sancto
1210 1182 1368 1209 illutninatis
1382 1187 1409 1208 et
1427 1182 1579 1216 puriﬁcatis
1602 1181 1753 1210 intuebitur

975 1231 1092 1254 attentus
1123 1228 1335 1262 magnitudinem
1352 1228 1482 1263 unigeniti
1508 1228 1554 1255 Dei
1573 1227 1644 1261 Filii,
1661 1234 1687 1256 et
1702 1228 1754 1255 Do-

974 1272 1038 1299 mini
1055 1272 1157 1306 glorize,
1171 1277 1198 1300 et
1213 1273 1282 1307 apud
1299 1275 1328 1304 ᾖ
1342 1273 1461 1300 animum
1478 1281 1555 1300 suum
1578 1275 1752 1308 repulaverit,

974 1317 1088 1351 qualiter
1102 1318 1128 1344 in
1143 1325 1175 1344 eo
1193 1318 1296 1345 habitet
1312 1319 1401 1345 omnis
1419 1318 1553 1352 plenitudo
1573 1326 1690 1352 paterme
1710 1318 1752 1343 di-

974 1362 1090 1389 vinitatis
1101 1361 1135 1395 "’,
1150 1368 1177 1390 et
1189 1363 1259 1397 quod
1271 1364 1358 1390 omnia
1371 1371 1416 1397 per
1427 1364 1510 1397 ipsum
1525 1363 1595 1397 facta
1615 1364 1666 1390 sint
1678 1363 1712 1396 ⁸³,
1727 1369 1754 1390 et

974 1406 1045 1434 ineo
1067 1407 1168 1434 condita
1182 1408 1233 1434 sint
1245 1408 1375 1440 universa,
1388 1416 1446 1444 qua:
1462 1409 1489 1435 in
1507 1408 1587 1441 melis,
1602 1414 1623 1435 et
1635 1417 1692 1442 qua:
1708 1417 1753 1436 au-

973 1462 1019 1488 per
1035 1460 1131 1481 terram
1146 1458 1218 1486 sunt,
1239 1454 1351 1480 visibilia
1368 1461 1391 1481 et
1414 1454 1554 1480 invisibilia
1563 1454 1602 1486 ";
1618 1459 1645 1482 et
1663 1462 1753 1482 recor-

975 1500 1053 1526 datus
1071 1500 1149 1527 fuerit
1165 1500 1236 1534 quod
1251 1500 1324 1527 illum
1342 1499 1427 1527 solum
1443 1499 1541 1526 Filium
1558 1500 1607 1527 sibi
1632 1500 1754 1535 unigeni-

975 1549 1030 1572 tum
1046 1546 1167 1580 genuerit
1181 1546 1270 1579 Pater,
1282 1546 1380 1573 virtute
1399 1546 1447 1581 ipsi
1468 1553 1517 1581 per
1536 1546 1622 1572 omnia
1646 1545 1754 1572 assimi-

974 1589 1055 1617 latum
1074 1598 1080 1615 ε
1100 1591 1132 1623 is,
1149 1595 1176 1617 et
1194 1591 1290 1625 ipsum,
1304 1591 1398 1618 iisdem
1423 1591 1520 1618 mentis
1537 1591 1621 1618 oculis
1637 1592 1713 1624 puris
1727 1596 1754 1618 et.

974 1635 1119 1668 delmcatis,
1139 1636 1246 1663 Patrem
1265 1637 1411 1663 intuebitur
1433 1636 1460 1663 in
1481 1636 1548 1663 Filio
1568 1636 1753 1663 resultantem.

974 1680 1052 1708 Tales
1071 1680 1125 1708 sint
1138 1681 1169 1707 de
1183 1681 1280 1715 quibus
1293 1681 1393 1708 dictum
1407 1686 1448 1708 est
1461 1690 1467 1708 :
1481 1681 1556 1708 Beati
1580 1681 1624 1717 qui
1655 1682 1752 1708 mundo

974 1731 1033 1754 sunt
1053 1729 1148 1759 corde,
1175 1728 1298 1762 quoniam
1339 1727 1389 1761 ipsi
1431 1728 1552 1754 videbunt
1571 1727 1651 1753 Deum
1660 1727 1694 1754 ".

1007 1774 1094 1808 Atque
1109 1773 1160 1801 ista
1170 1774 1276 1808 quidem
1287 1773 1358 1800 velut
1369 1781 1416 1808 per
1427 1774 1562 1808 epitomen
1579 1773 1633 1800 sint
1647 1780 1662 1799 a
1674 1772 1751 1800 nobis

974 1819 1110 1847 elaborata
1135 1829 1142 1846 :
1171 1820 1267 1854 quippe
1287 1820 1333 1854 qui
1356 1820 1512 1846 brevitatem
1545 1823 1669 1852 tauquam
1692 1826 1752 1845 sco—

973 1873 1037 1900 pum
1055 1856 1193 1899 quemdam
1214 1865 1289 1892 nobis
1302 1872 1534 1900 proposueramus.
1545 1864 1578 1895 Et
1595 1869 1665 1891 certe
1682 1864 1752 1890 mul-

975 1916 1002 1937 ιιι
1030 1910 1075 1937 illa
1111 1917 1193 1945 opera
1223 1915 1303 1944 atque
1337 1909 1479 1937 sedulitate
1506 1909 1666 1936 exascianda
1696 1908 1752 1935 fue-

974 1959 1036 1982 rant
1059 1960 1126 1990 quae‘
1141 1956 1199 1983 haec
1224 1960 1355 1990 spectant.
1374 1955 1401 1982 ln
1430 1956 1501 1990 quod
1517 1955 1538 1982 si
1553 1955 1613 1989 quis
1627 1955 1690 1982 velit
1705 1962 1751 1981 ac-

974 2002 1093 2029 curatius
1107 2001 1273 2034 incumbere,
1290 2001 1323 2028 de
1339 2001 1453 2029 lectione
1469 2001 1631 2036 evangelica:
1646 2004 1673 2028 et
1692 2008 1754 2035 apo-

974 2047 1076 2075 stolica:
1094 2047 1257 2082 Scriptum,
1281 2047 1423 2081 diligenter
1442 2047 1645 2078 animadversze.
1669 2047 1754 2073 multo

975 2093 1082 2127 quidem
1100 2092 1174 2126 plura
1191 2091 1318 2126 colligere
1341 2091 1451 2125 poterit,
1465 2098 1525 2126 quin
1549 2089 1668 2117 Marcelli
1688 2089 1751 2116 illud

975 2144 1042 2171 opus
1064 2137 1193 2164 dissolute
1213 2142 1382 2171 cornpnctum
1411 2135 1544 2163 refellant.
1564 2135 1592 2162 lu
1616 2143 1670 2170 quo
1690 2143 1752 2169 pro-

976 2183 1046 2210 lecto
1065 2187 1189 2210 sexcenta
1214 2182 1366 2210 istiusmodi
1384 2182 1564 2217 reperiuntur,
1582 2189 1641 2215 qua:
1661 2186 1752 2208 contra

143 2230 291 2264 γεγονέναι,
307 2229 383 2265 παρά
402 2231 458 2261 τοῖς
473 2228 630 2264 εὐφρονοῦσι
646 2228 690 2255 διὰ
709 2227 763 2254 τῶν
793 2228 858 2263 ἡμῖν
882 2227 924 2260 ἐξ-

976 2235 1086 2256 sensum
1109 2233 1135 2255 et
1165 2229 1324 2256 sententiam
1354 2228 1502 2264 Scripturae
1530 2228 1647 2255 militant
1668 2231 1753 2253 :sunt

143 2277 297 2310 ετασμένων
309 2275 466 2311 ἡγούμενος,
481 2274 584 2306 τούτοις
599 2273 801 2309 ἀρκεσθήσομαι
813 2274 877 2308 (61).

980 2281 1039 2309 qua:
1062 2273 1116 2300 vim
1141 2273 1286 2308 Scripturze
1318 2273 1438 2301 inierunt
1476 2271 1663 2303 manifestam,
1693 2277 1752 2304 qua:

143 2321 243 2348 nullam
273 2322 350 2356 plane
369 2322 510 2349 observant
533 2321 772 2356 consequentiam,
795 2328 854 2355 qua:
879 2323 948 2357 apud
972 2324 1116 2358 prudentes
1143 2320 1316 2349 manifestam
1343 2321 1491 2352 insinuant.
1513 2319 1560 2346 sed
1582 2324 1751 2346 communem

143 2371 169 2393 ct
187 2367 330 2401 proclivem
346 2366 534 2394 refutationem
548 2374 595 2402 per
610 2374 640 2393 se
657 2366 782 2394 aliorum.
805 2367 858 2394 Sed
876 2375 924 2396 nos
943 2368 1018 2396 hisce
1031 2369 1150 2396 contenti
1163 2367 1278 2400 erimus,
1308 2373 1368 2401 qua:
1396 2365 1428 2392 ad
1445 2363 1656 2398 disquisitionem
1673 2369 1751 2389 voca-

143 2414 230 2441 vimus
242 2414 269 2441 in
284 2414 420 2448 praesenti.

143 2460 288 2506 Euo'eé’lov
307 2460 366 2488 τῶν
381 2461 455 2488 κατὰ
470 2462 644 2495 Μαρκέλλου
666 2463 796 2497 ἐλέγχων
816 2462 911 2495 τέλος.

1042 2461 1179 2488 Librorum
1195 2461 1300 2489 Eusebii
1310 2464 1405 2504 contra
1425 2458 1579 2485 Marcellum
1592 2458 1663 2491 finis.

179 2529 268 2561 >14Ed.
279 2508 519 2565 Paris.,'pag.ll95.
557 2531 727 2564 “Jonn.xtv,
736 2532 762 2559 9.
796 2531 817 2547 ⁵⁸
829 2531 931 2558 Coloss.
943 2539 961 2563 ι,
973 2531 1015 2558 15.
1054 2531 1196 2565 “Philipp.
1207 2530 1272 2562 “,6.
1311 2530 1332 2546 "
1346 2529 1448 2556 Coloss.
1461 2536 1490 2561 ιι,
1506 2528 1533 2555 9.
1571 2528 1593 2544 ⁸⁵
1607 2528 1684 2556 Joan.
1696 2529 1751 2560 1,5.

142 2562 164 2580 ⁸⁵
178 2564 281 2592 Coloss.
294 2572 314 2597 ι,
329 2565 373 2592 9.0.
386 2562 394 2565 ”
410 2565 432 2580 ⁸¹⁸
448 2565 542 2592 Matth.
558 2573 584 2599 ν,
601 2566 628 2593 8.

178 2627 320 2668 (gigwnlgo
331 2629 370 2668 δέ,
382 2633 408 2656 et
422 2638 482 2657 mox
494 2630 690 2668 παραπλήσιαι.

176 2664 232 2698 (59)
248 2664 300 2697 Mp.
311 2664 421 2699 τρόπον.

175 2699 230 2735 (60)
248 2698 335 2734 Vulgo
348 2705 408 2734 post
435 2701 534 2736 σκοπὸει
563 2701 624 2729 add.
650 2704 727 2737 τινάς
755 2713 816 2734 mox
842 2706 920 2743 vulgo

975 2635 1160 2704 μέίὶῖῗῖνυικο
1171 2667 1415 2704 ὲξαρκωθήσομαι.
