  <div class='ocr_page' id='page_1' title='image "/cluster/home/n/w/nwhite01/storage/ocr_20150623/24/njp.32101077772513/533.png"; bbox 0 0 2024 3208; ppageno 0'>
   <div class='ocr_carea' id='block_1_1' title="bbox 302 160 372 192">
    <p class='ocr_par' dir='ltr' id='par_1_1' title="bbox 302 160 372 192">
     <span class='ocr_line' id='line_1_1' title="bbox 302 160 372 192; baseline 0.029 -4"><span class='ocrx_word' id='word_1_1' title='bbox 302 160 372 192; x_wconf 62' lang='grc'><strong>1047</strong></span> 
     </span>
    </p>
   </div>
   <div class='ocr_carea' id='block_1_2' title="bbox 635 164 1580 197">
    <p class='ocr_par' dir='ltr' id='par_1_2' title="bbox 635 164 1580 197">
     <span class='ocr_line' id='line_1_2' title="bbox 635 164 1580 197; baseline 0.005 -5"><span class='ocrx_word' id='word_1_2' title='bbox 635 164 768 193; x_wconf 79' lang='lat' dir='ltr'><strong>EUSEBII</strong></span> <span class='ocrx_word' id='word_1_3' title='bbox 787 164 1025 193; x_wconf 68' lang='lat' dir='ltr'><strong>CESARIENSIS</strong></span> <span class='ocrx_word' id='word_1_4' title='bbox 1043 165 1119 194; x_wconf 81' lang='lat' dir='ltr'><strong>OPP.</strong></span> <span class='ocrx_word' id='word_1_5' title='bbox 1140 166 1232 195; x_wconf 81' lang='lat' dir='ltr'><strong>PARS</strong></span> <span class='ocrx_word' id='word_1_6' title='bbox 1251 165 1296 195; x_wconf 85' lang='lat' dir='ltr'><strong>IV.</strong></span> <span class='ocrx_word' id='word_1_7' title='bbox 1316 182 1350 188; x_wconf 89' lang='lat'><strong><em>—</em></strong></span> <span class='ocrx_word' id='word_1_8' title='bbox 1369 167 1580 197; x_wconf 75' lang='lat' dir='ltr'><strong>DOGMATICA.</strong></span> 
     </span>
    </p>
   </div>
   <div class='ocr_carea' id='block_1_3' title="bbox 1843 169 1909 198">
    <p class='ocr_par' dir='ltr' id='par_1_3' title="bbox 1843 169 1909 198">
     <span class='ocr_line' id='line_1_3' title="bbox 1843 169 1909 198; baseline 0.03 -2"><span class='ocrx_word' id='word_1_9' title='bbox 1843 169 1909 198; x_wconf 70' lang='grc'><strong>1068</strong></span> 
     </span>
    </p>
   </div>
   <div class='ocr_carea' id='block_1_4' title="bbox 320 238 1908 260">
    <p class='ocr_par' dir='ltr' id='par_1_4' title="bbox 320 238 1908 260">
     <span class='ocr_line' id='line_1_4' title="bbox 320 238 1908 260; baseline 0.003 -7"><span class='ocrx_word' id='word_1_10' title='bbox 320 238 1908 260; x_wconf 48' lang='lat' dir='ltr'>W</span> 
     </span>
    </p>
   </div>
   <div class='ocr_carea' id='block_1_5' title="bbox 669 329 1542 409">
    <p class='ocr_par' dir='ltr' id='par_1_5' title="bbox 669 329 1542 409">
     <span class='ocr_line' id='line_1_5' title="bbox 669 329 1542 409; baseline 0.002 -3"><span class='ocrx_word' id='word_1_11' title='bbox 669 329 1046 409; x_wconf 88' lang='lat' dir='ltr'><strong>EUSEBII</strong></span> <span class='ocrx_word' id='word_1_12' title='bbox 1086 330 1199 407; x_wconf 92' lang='lat' dir='ltr'><strong>PA</strong></span> <span class='ocrx_word' id='word_1_13' title='bbox 1210 333 1542 408; x_wconf 91' lang='lat' dir='ltr'><strong>MPHILI</strong></span> 
     </span>
    </p>
   </div>
   <div class='ocr_carea' id='block_1_6' title="bbox 456 473 1755 534">
    <p class='ocr_par' dir='ltr' id='par_1_6' title="bbox 456 473 1755 534">
     <span class='ocr_line' id='line_1_6' title="bbox 456 473 1755 534; baseline 0.003 -4"><span class='ocrx_word' id='word_1_14' title='bbox 456 473 818 530; x_wconf 68' lang='lat' dir='ltr'><strong>C/ESARE/E</strong></span> <span class='ocrx_word' id='word_1_15' title='bbox 861 475 935 531; x_wconf 92' lang='lat' dir='ltr'><strong>IN</strong></span> <span class='ocrx_word' id='word_1_16' title='bbox 978 475 1396 532; x_wconf 61' lang='lat' dir='ltr'><strong>PALZESTINA</strong></span> <span class='ocrx_word' id='word_1_17' title='bbox 1437 475 1755 534; x_wconf 89' lang='lat' dir='ltr'><strong>EPISCOPI</strong></span> 
     </span>
    </p>
   </div>
   <div class='ocr_carea' id='block_1_7' title="bbox 800 596 1408 663">
    <p class='ocr_par' dir='ltr' id='par_1_7' title="bbox 800 596 1408 663">
     <span class='ocr_line' id='line_1_7' title="bbox 800 596 1408 663; baseline 0.003 -5"><span class='ocrx_word' id='word_1_18' title='bbox 800 596 1211 661; x_wconf 83' lang='lat' dir='ltr'><strong>OPUSCULA</strong></span> <span class='ocrx_word' id='word_1_19' title='bbox 1239 598 1408 663; x_wconf 87' lang='lat' dir='ltr'><strong>XIV.</strong></span> 
     </span>
    </p>
   </div>
   <div class='ocr_carea' id='block_1_8' title="bbox 318 715 1892 758">
    <p class='ocr_par' dir='ltr' id='par_1_8' title="bbox 318 715 1892 758">
     <span class='ocr_line' id='line_1_8' title="bbox 318 715 1892 758; baseline 0.001 -9"><span class='ocrx_word' id='word_1_20' title='bbox 318 717 456 749; x_wconf 88' lang='lat' dir='ltr'><strong>Primum</strong></span> <span class='ocrx_word' id='word_1_21' title='bbox 476 718 509 748; x_wconf 90' lang='lat' dir='ltr'><strong>in</strong></span> <span class='ocrx_word' id='word_1_22' title='bbox 524 716 730 758; x_wconf 62' lang='lat' dir='ltr'><strong>lucemedita</strong></span> <span class='ocrx_word' id='word_1_23' title='bbox 745 715 854 758; x_wconf 79' lang='lat' dir='ltr'><strong>studio</strong></span> <span class='ocrx_word' id='word_1_24' title='bbox 871 719 902 746; x_wconf 91' lang='lat' dir='ltr'><strong>et</strong></span> <span class='ocrx_word' id='word_1_25' title='bbox 916 723 1011 753; x_wconf 80' lang='lat' dir='ltr'>opera</span> <span class='ocrx_word' id='word_1_26' title='bbox 1027 715 1324 758; x_wconf 53' lang='lat' dir='ltr'><strong>Jacobiﬁirmoudi,</strong></span> <span class='ocrx_word' id='word_1_27' title='bbox 1339 716 1501 758; x_wconf 67' lang='lat' dir='ltr'><strong>societatis</strong></span> <span class='ocrx_word' id='word_1_28' title='bbox 1517 718 1595 748; x_wconf 83' lang='lat' dir='ltr'><strong>Iesu</strong></span> <span class='ocrx_word' id='word_1_29' title='bbox 1611 717 1801 758; x_wconf 69' lang='lat' dir='ltr'><strong>presbyteri,</strong></span> <span class='ocrx_word' id='word_1_30' title='bbox 1819 724 1850 751; x_wconf 88' lang='lat' dir='ltr'><strong>et</strong></span> <span class='ocrx_word' id='word_1_31' title='bbox 1876 730 1892 751; x_wconf 87' lang='lat' dir='ltr'><strong>a</strong></span> 
     </span>
    </p>
   </div>
   <div class='ocr_carea' id='block_1_9' title="bbox 625 754 1075 789">
    <p class='ocr_par' dir='ltr' id='par_1_9' title="bbox 625 755 1071 786">
     <span class='ocr_line' id='line_1_9' title="bbox 625 755 1071 786; baseline -0.004 0"><span class='ocrx_word' id='word_1_32' title='bbox 625 755 796 786; x_wconf 79' lang='lat' dir='ltr'><strong>Gallandio</strong></span> <span class='ocrx_word' id='word_1_33' title='bbox 812 763 923 786; x_wconf 83' lang='lat' dir='ltr'><strong>recusa</strong></span> <span class='ocrx_word' id='word_1_34' title='bbox 937 759 1015 785; x_wconf 84' lang='lat' dir='ltr'><strong>tom.</strong></span> <span class='ocrx_word' id='word_1_35' title='bbox 1031 755 1071 785; x_wconf 86' lang='lat' dir='ltr'><strong>1V</strong></span> 
     </span>
    </p>
   </div>
   <div class='ocr_carea' id='block_1_10' title="bbox 1125 754 1593 789">
    <p class='ocr_par' dir='ltr' id='par_1_10' title="bbox 1125 754 1593 789">
     <span class='ocr_line' id='line_1_10' title="bbox 1125 754 1593 789; baseline 0.009 -5"><span class='ocrx_word' id='word_1_36' title='bbox 1125 754 1288 786; x_wconf 69' lang='lat' dir='ltr'><strong>fblt&#39;othecw</strong></span> <span class='ocrx_word' id='word_1_37' title='bbox 1301 761 1438 786; x_wconf 75' lang='lat' dir='ltr'><strong>ceterum</strong></span> <span class='ocrx_word' id='word_1_38' title='bbox 1452 756 1593 789; x_wconf 84' lang='lat' dir='ltr'><strong>Patrum.</strong></span> 
     </span>
    </p>
   </div>
   <div class='ocr_carea' id='block_1_11' title="bbox 525 903 1693 962">
    <p class='ocr_par' dir='ltr' id='par_1_11' title="bbox 525 903 1693 962">
     <span class='ocr_line' id='line_1_11' title="bbox 525 903 1693 962; baseline 0 -2"><span class='ocrx_word' id='word_1_39' title='bbox 525 905 615 960; x_wconf 90' lang='lat' dir='ltr'><strong>DE</strong></span> <span class='ocrx_word' id='word_1_40' title='bbox 654 904 818 961; x_wconf 90' lang='lat' dir='ltr'><strong>FIDE</strong></span> <span class='ocrx_word' id='word_1_41' title='bbox 860 903 1234 962; x_wconf 82' lang='lat' dir='ltr'><strong>ADVERSUS</strong></span> <span class='ocrx_word' id='word_1_42' title='bbox 1274 904 1693 962; x_wconf 89' lang='lat' dir='ltr'><strong>SABELLIUM.</strong></span> 
     </span>
    </p>
   </div>
   <div class='ocr_carea' id='block_1_12' title="bbox 884 1081 1340 1127">
    <p class='ocr_par' dir='ltr' id='par_1_12' title="bbox 884 1081 1340 1127">
     <span class='ocr_line' id='line_1_12' title="bbox 884 1081 1340 1127; baseline -0.002 -1"><span class='ocrx_word' id='word_1_43' title='bbox 884 1083 1056 1127; x_wconf 84' lang='lat' dir='ltr'><strong>LIBER</strong></span> <span class='ocrx_word' id='word_1_44' title='bbox 1096 1081 1340 1126; x_wconf 78' lang='lat' dir='ltr'><strong>PRIMUS.</strong></span> 
     </span>
    </p>
   </div>
   <div class='ocr_carea' id='block_1_13' title="bbox 331 1176 1913 1214">
    <p class='ocr_par' dir='ltr' id='par_1_13' title="bbox 331 1176 1913 1214">
     <span class='ocr_line' id='line_1_13' title="bbox 331 1176 1913 1214; baseline -0.001 -8"><span class='ocrx_word' id='word_1_45' title='bbox 331 1179 398 1206; x_wconf 88' lang='lat' dir='ltr'><strong>Sunt</strong></span> <span class='ocrx_word' id='word_1_46' title='bbox 422 1179 565 1206; x_wconf 86' lang='lat' dir='ltr'><strong>tacentium</strong></span> <span class='ocrx_word' id='word_1_47' title='bbox 580 1186 639 1214; x_wconf 69' lang='lat' dir='ltr'><strong>quae</strong></span> <span class='ocrx_word' id='word_1_48' title='bbox 659 1179 795 1211; x_wconf 86' lang='lat' dir='ltr'><strong>dicuntur,</strong></span> <span class='ocrx_word' id='word_1_49' title='bbox 813 1185 839 1206; x_wconf 91' lang='lat' dir='ltr'><strong>et</strong></span> <span class='ocrx_word' id='word_1_50' title='bbox 855 1179 999 1206; x_wconf 77' lang='lat' dir='ltr'><strong>dicentium</strong></span> <span class='ocrx_word' id='word_1_51' title='bbox 1017 1186 1076 1212; x_wconf 72' lang='lat' dir='ltr'><strong>quae</strong></span> <span class='ocrx_word' id='word_1_52' title='bbox 1091 1181 1112 1209; x_wconf 76' lang='grc' dir='ltr'><strong>Α</strong></span> <span class='ocrx_word' id='word_1_53' title='bbox 1129 1183 1184 1204; x_wconf 83' lang='lat' dir='ltr'><strong>erat</strong></span> <span class='ocrx_word' id='word_1_54' title='bbox 1204 1178 1272 1211; x_wconf 80' lang='lat' dir='ltr'><strong>apud</strong></span> <span class='ocrx_word' id='word_1_55' title='bbox 1285 1177 1366 1204; x_wconf 75' lang='lat' dir='ltr'><strong>Deum</strong></span> <span class='ocrx_word' id='word_1_56' title='bbox 1378 1197 1385 1208; x_wconf 88' lang='lat'><strong>,</strong></span> <span class='ocrx_word' id='word_1_57' title='bbox 1401 1181 1425 1204; x_wconf 79' lang='lat' dir='ltr'><strong>et</strong></span> <span class='ocrx_word' id='word_1_58' title='bbox 1442 1177 1509 1204; x_wconf 79' lang='lat' dir='ltr'><strong>Dem</strong></span> <span class='ocrx_word' id='word_1_59' title='bbox 1522 1181 1579 1204; x_wconf 83' lang='lat' dir='ltr'><strong>erat</strong></span> <span class='ocrx_word' id='word_1_60' title='bbox 1594 1176 1707 1204; x_wconf 79' lang='lat' dir='ltr'><strong><em>Verbum</em></strong></span> <span class='ocrx_word' id='word_1_61' title='bbox 1718 1184 1728 1204; x_wconf 87' lang='lat'><strong><em>:</em></strong></span> <span class='ocrx_word' id='word_1_62' title='bbox 1746 1177 1795 1204; x_wconf 82' lang='lat' dir='ltr'><strong>hoc</strong></span> <span class='ocrx_word' id='word_1_63' title='bbox 1815 1183 1871 1204; x_wconf 83' lang='lat' dir='ltr'><strong>erat</strong></span> <span class='ocrx_word' id='word_1_64' title='bbox 1886 1178 1913 1204; x_wconf 71' lang='lat' dir='ltr'><strong>in</strong></span> 
     </span>
    </p>
   </div>
   <div class='ocr_carea' id='block_1_14' title="bbox 295 1225 1076 1260">
    <p class='ocr_par' dir='ltr' id='par_1_14' title="bbox 295 1225 1076 1260">
     <span class='ocr_line' id='line_1_14' title="bbox 295 1225 1076 1260; baseline -0.001 -8"><span class='ocrx_word' id='word_1_65' title='bbox 295 1229 426 1253; x_wconf 86' lang='lat' dir='ltr'><strong>tacentur.</strong></span> <span class='ocrx_word' id='word_1_66' title='bbox 440 1225 562 1252; x_wconf 87' lang='lat' dir='ltr'><strong>Charitas</strong></span> <span class='ocrx_word' id='word_1_67' title='bbox 571 1225 642 1252; x_wconf 89' lang='lat' dir='ltr'><strong>enim</strong></span> <span class='ocrx_word' id='word_1_68' title='bbox 652 1233 704 1252; x_wconf 90' lang='lat' dir='ltr'><strong>non</strong></span> <span class='ocrx_word' id='word_1_69' title='bbox 713 1225 853 1256; x_wconf 86' lang='lat' dir='ltr'><strong>dividitur,</strong></span> <span class='ocrx_word' id='word_1_70' title='bbox 867 1233 918 1252; x_wconf 91' lang='lat' dir='ltr'><strong>non</strong></span> <span class='ocrx_word' id='word_1_71' title='bbox 929 1225 1076 1260; x_wconf 73' lang='lat' dir='ltr'><strong>spernitur.</strong></span> 
     </span>
    </p>
   </div>
   <div class='ocr_carea' id='block_1_15' title="bbox 294 1271 1078 1307">
    <p class='ocr_par' dir='ltr' id='par_1_15' title="bbox 294 1271 1078 1307">
     <span class='ocr_line' id='line_1_15' title="bbox 294 1271 1078 1307; baseline -0.001 -8"><span class='ocrx_word' id='word_1_72' title='bbox 294 1271 432 1306; x_wconf 84' lang='lat' dir='ltr'><strong>Siquidem</strong></span> <span class='ocrx_word' id='word_1_73' title='bbox 448 1276 475 1298; x_wconf 93' lang='lat' dir='ltr'><strong>et</strong></span> <span class='ocrx_word' id='word_1_74' title='bbox 490 1271 535 1305; x_wconf 89' lang='lat' dir='ltr'><strong>qui</strong></span> <span class='ocrx_word' id='word_1_75' title='bbox 551 1275 620 1298; x_wconf 84' lang='lat' dir='ltr'><strong>tacet</strong></span> <span class='ocrx_word' id='word_1_76' title='bbox 635 1279 684 1306; x_wconf 85' lang='lat' dir='ltr'><strong>per</strong></span> <span class='ocrx_word' id='word_1_77' title='bbox 699 1271 779 1299; x_wconf 88' lang='lat' dir='ltr'><strong>alium</strong></span> <span class='ocrx_word' id='word_1_78' title='bbox 792 1272 922 1307; x_wconf 91' lang='lat' dir='ltr'><strong>loquitur,</strong></span> <span class='ocrx_word' id='word_1_79' title='bbox 935 1276 962 1299; x_wconf 88' lang='lat' dir='ltr'><strong>et</strong></span> <span class='ocrx_word' id='word_1_80' title='bbox 972 1271 1017 1306; x_wconf 92' lang='lat' dir='ltr'><strong>qui</strong></span> <span class='ocrx_word' id='word_1_81' title='bbox 1039 1271 1078 1298; x_wconf 89' lang='lat' dir='ltr'><strong>lo-</strong></span> 
     </span>
    </p>
   </div>
   <div class='ocr_carea' id='block_1_16' title="bbox 293 1317 1077 1352">
    <p class='ocr_par' dir='ltr' id='par_1_16' title="bbox 293 1317 1077 1352">
     <span class='ocr_line' id='line_1_16' title="bbox 293 1317 1077 1352; baseline 0.001 -9"><span class='ocrx_word' id='word_1_82' title='bbox 293 1317 386 1351; x_wconf 88' lang='lat' dir='ltr'><strong>quitur</strong></span> <span class='ocrx_word' id='word_1_83' title='bbox 410 1324 458 1351; x_wconf 90' lang='lat' dir='ltr'><strong>per</strong></span> <span class='ocrx_word' id='word_1_84' title='bbox 480 1317 561 1344; x_wconf 89' lang='lat' dir='ltr'><strong>alium</strong></span> <span class='ocrx_word' id='word_1_85' title='bbox 584 1322 664 1345; x_wconf 82' lang='lat' dir='ltr'><strong>tacet.</strong></span> <span class='ocrx_word' id='word_1_86' title='bbox 692 1317 719 1345; x_wconf 91' lang='lat' dir='ltr'><strong>ln</strong></span> <span class='ocrx_word' id='word_1_87' title='bbox 736 1326 790 1344; x_wconf 84' lang='lat' dir='ltr'><strong>uno</strong></span> <span class='ocrx_word' id='word_1_88' title='bbox 805 1319 877 1345; x_wconf 88' lang='lat' dir='ltr'><strong>enim</strong></span> <span class='ocrx_word' id='word_1_89' title='bbox 891 1325 1003 1352; x_wconf 90' lang='lat' dir='ltr'><strong>corpore</strong></span> <span class='ocrx_word' id='word_1_90' title='bbox 1024 1325 1077 1345; x_wconf 92' lang='lat' dir='ltr'><strong>non</strong></span> 
     </span>
    </p>
   </div>
   <div class='ocr_carea' id='block_1_17' title="bbox 293 1363 1078 1398">
    <p class='ocr_par' dir='ltr' id='par_1_17' title="bbox 293 1363 1078 1398">
     <span class='ocr_line' id='line_1_17' title="bbox 293 1363 1078 1398; baseline 0 -9"><span class='ocrx_word' id='word_1_91' title='bbox 293 1363 383 1390; x_wconf 82' lang='lat' dir='ltr'><strong>omnia</strong></span> <span class='ocrx_word' id='word_1_92' title='bbox 409 1363 526 1390; x_wconf 86' lang='lat' dir='ltr'><strong>membra</strong></span> <span class='ocrx_word' id='word_1_93' title='bbox 553 1363 708 1397; x_wconf 86' lang='lat' dir='ltr'><strong>loquuntur,</strong></span> <span class='ocrx_word' id='word_1_94' title='bbox 736 1371 767 1391; x_wconf 83' lang='lat' dir='ltr'><strong>os</strong></span> <span class='ocrx_word' id='word_1_95' title='bbox 792 1371 840 1398; x_wconf 93' lang='lat' dir='ltr'><strong>pro</strong></span> <span class='ocrx_word' id='word_1_96' title='bbox 854 1363 1078 1397; x_wconf 87' lang='lat' dir='ltr'><strong>ommbusloqui-</strong></span> 
     </span>
    </p>
   </div>
   <div class='ocr_carea' id='block_1_18' title="bbox 294 1408 1078 1444">
    <p class='ocr_par' dir='ltr' id='par_1_18' title="bbox 294 1408 1078 1444">
     <span class='ocr_line' id='line_1_18' title="bbox 294 1408 1078 1444; baseline 0.001 -9"><span class='ocrx_word' id='word_1_97' title='bbox 294 1413 348 1436; x_wconf 90' lang='lat' dir='ltr'><strong>tur.</strong></span> <span class='ocrx_word' id='word_1_98' title='bbox 371 1408 434 1436; x_wconf 83' lang='lat' dir='ltr'><strong>Sive</strong></span> <span class='ocrx_word' id='word_1_99' title='bbox 452 1408 536 1444; x_wconf 80' lang='lat' dir='ltr'><strong>igitur</strong></span> <span class='ocrx_word' id='word_1_100' title='bbox 554 1416 648 1436; x_wconf 90' lang='lat' dir='ltr'><strong>omnes</strong></span> <span class='ocrx_word' id='word_1_101' title='bbox 671 1409 822 1443; x_wconf 75' lang='lat' dir='ltr'><strong>loquamur,</strong></span> <span class='ocrx_word' id='word_1_102' title='bbox 845 1409 902 1436; x_wconf 83' lang='lat' dir='ltr'><strong>sive</strong></span> <span class='ocrx_word' id='word_1_103' title='bbox 924 1417 1003 1441; x_wconf 78' lang='lat' dir='ltr'><strong>unus,</strong></span> <span class='ocrx_word' id='word_1_104' title='bbox 1021 1409 1078 1436; x_wconf 87' lang='lat' dir='ltr'><strong>sive</strong></span> 
     </span>
    </p>
   </div>
   <div class='ocr_carea' id='block_1_19' title="bbox 293 1453 1077 1488">
    <p class='ocr_par' dir='ltr' id='par_1_19' title="bbox 293 1453 1077 1488">
     <span class='ocr_line' id='line_1_19' title="bbox 293 1453 1077 1488; baseline -0.001 -8"><span class='ocrx_word' id='word_1_105' title='bbox 293 1454 402 1488; x_wconf 81' lang='lat' dir='ltr'><strong>plures;</strong></span> <span class='ocrx_word' id='word_1_106' title='bbox 426 1453 555 1480; x_wconf 89' lang='lat' dir='ltr'><strong>Dominus</strong></span> <span class='ocrx_word' id='word_1_107' title='bbox 569 1453 705 1488; x_wconf 77' lang='lat' dir='ltr'><strong>loquitur.</strong></span> <span class='ocrx_word' id='word_1_108' title='bbox 721 1454 766 1488; x_wconf 91' lang='lat' dir='ltr'><strong>qui</strong></span> <span class='ocrx_word' id='word_1_109' title='bbox 783 1454 866 1480; x_wconf 88' lang='lat' dir='ltr'><strong>dicit:</strong></span> <span class='ocrx_word' id='word_1_110' title='bbox 888 1453 944 1488; x_wconf 85' lang='lat' dir='ltr'><strong>Ego</strong></span> <span class='ocrx_word' id='word_1_111' title='bbox 958 1462 1033 1486; x_wconf 76' lang='lat' dir='ltr'><strong>sum;</strong></span> <span class='ocrx_word' id='word_1_112' title='bbox 1051 1458 1077 1481; x_wconf 84' lang='lat' dir='ltr'><strong>et</strong></span> 
     </span>
    </p>
   </div>
   <div class='ocr_carea' id='block_1_20' title="bbox 293 1499 1076 1534">
    <p class='ocr_par' dir='ltr' id='par_1_20' title="bbox 293 1499 1076 1534">
     <span class='ocr_line' id='line_1_20' title="bbox 293 1499 1076 1534; baseline 0 -8"><span class='ocrx_word' id='word_1_113' title='bbox 293 1500 391 1527; x_wconf 89' lang='lat' dir='ltr'><strong>iterum</strong></span> <span class='ocrx_word' id='word_1_114' title='bbox 406 1499 488 1527; x_wconf 85' lang='lat' dir='ltr'><strong>dicit:</strong></span> <span class='ocrx_word' id='word_1_115' title='bbox 506 1499 563 1534; x_wconf 85' lang='lat' dir='ltr'><strong>Ego</strong></span> <span class='ocrx_word' id='word_1_116' title='bbox 583 1507 652 1526; x_wconf 83' lang='lat' dir='ltr'><strong>mm.</strong></span> <span class='ocrx_word' id='word_1_117' title='bbox 679 1499 746 1526; x_wconf 89' lang='lat' dir='ltr'><strong>Cum</strong></span> <span class='ocrx_word' id='word_1_118' title='bbox 761 1507 825 1534; x_wconf 79' lang='lat' dir='ltr'><strong>ergo</strong></span> <span class='ocrx_word' id='word_1_119' title='bbox 843 1500 899 1534; x_wconf 90' lang='lat' dir='ltr'><strong>ipse</strong></span> <span class='ocrx_word' id='word_1_120' title='bbox 921 1500 1004 1533; x_wconf 88' lang='lat' dir='ltr'><strong>dicit,</strong></span> <span class='ocrx_word' id='word_1_121' title='bbox 1022 1500 1076 1534; x_wconf 85' lang='lat' dir='ltr'><strong>Ego</strong></span> 
     </span>
    </p>
   </div>
   <div class='ocr_carea' id='block_1_21' title="bbox 292 1545 1076 1581">
    <p class='ocr_par' dir='ltr' id='par_1_21' title="bbox 292 1545 1076 1581">
     <span class='ocr_line' id='line_1_21' title="bbox 292 1545 1076 1581; baseline 0 -9"><span class='ocrx_word' id='word_1_122' title='bbox 292 1553 350 1572; x_wconf 71' lang='lat' dir='ltr'><strong>cum</strong></span> <span class='ocrx_word' id='word_1_123' title='bbox 362 1565 370 1577; x_wconf 96' lang='lat'><strong>,</strong></span> <span class='ocrx_word' id='word_1_124' title='bbox 386 1549 414 1571; x_wconf 90' lang='lat' dir='ltr'><strong>tu</strong></span> <span class='ocrx_word' id='word_1_125' title='bbox 429 1545 549 1572; x_wconf 89' lang='lat' dir='ltr'><strong>consenti</strong></span> <span class='ocrx_word' id='word_1_126' title='bbox 566 1545 627 1580; x_wconf 73' lang='lat' dir='ltr'><strong>quia</strong></span> <span class='ocrx_word' id='word_1_127' title='bbox 650 1545 708 1579; x_wconf 86' lang='lat' dir='ltr'><strong>ipse</strong></span> <span class='ocrx_word' id='word_1_128' title='bbox 720 1550 777 1577; x_wconf 81' lang='lat' dir='ltr'><strong>est,</strong></span> <span class='ocrx_word' id='word_1_129' title='bbox 797 1551 826 1572; x_wconf 93' lang='lat' dir='ltr'><strong>ut</strong></span> <span class='ocrx_word' id='word_1_130' title='bbox 840 1549 867 1573; x_wconf 88' lang='lat' dir='ltr'><strong>et</strong></span> <span class='ocrx_word' id='word_1_131' title='bbox 883 1551 909 1572; x_wconf 94' lang='lat' dir='ltr'><strong>tu</strong></span> <span class='ocrx_word' id='word_1_132' title='bbox 927 1545 974 1573; x_wconf 82' lang='lat' dir='ltr'><strong>[ias</strong></span> <span class='ocrx_word' id='word_1_133' title='bbox 992 1545 1076 1581; x_wconf 81' lang='lat' dir='ltr'><strong>parti-</strong></span> 
     </span>
    </p>
   </div>
   <div class='ocr_carea' id='block_1_22' title="bbox 292 1590 1075 1627">
    <p class='ocr_par' dir='ltr' id='par_1_22' title="bbox 292 1590 1075 1627">
     <span class='ocr_line' id='line_1_22' title="bbox 292 1590 1075 1627; baseline 0.001 -9"><span class='ocrx_word' id='word_1_134' title='bbox 292 1598 366 1625; x_wconf 91' lang='lat' dir='ltr'><strong>ceps.</strong></span> <span class='ocrx_word' id='word_1_135' title='bbox 383 1590 453 1618; x_wconf 80' lang='lat' dir='ltr'><strong>Dicit</strong></span> <span class='ocrx_word' id='word_1_136' title='bbox 467 1591 595 1619; x_wconf 88' lang='lat' dir='ltr'><strong>Dominus</strong></span> <span class='ocrx_word' id='word_1_137' title='bbox 606 1601 612 1619; x_wconf 86' lang='lat'><strong>:</strong></span> <span class='ocrx_word' id='word_1_138' title='bbox 625 1591 681 1627; x_wconf 87' lang='lat' dir='ltr'><strong>Ego</strong></span> <span class='ocrx_word' id='word_1_139' title='bbox 698 1599 773 1619; x_wconf 76' lang='lat' dir='ltr'><strong>sum:</strong></span> <span class='ocrx_word' id='word_1_140' title='bbox 785 1596 811 1619; x_wconf 91' lang='lat' dir='ltr'><strong>et</strong></span> <span class='ocrx_word' id='word_1_141' title='bbox 834 1600 913 1619; x_wconf 89' lang='lat' dir='ltr'><strong>nemo</strong></span> <span class='ocrx_word' id='word_1_142' title='bbox 929 1593 1000 1620; x_wconf 75' lang='lat' dir='ltr'><strong>dicat</strong></span> <span class='ocrx_word' id='word_1_143' title='bbox 1014 1593 1075 1627; x_wconf 87' lang='lat' dir='ltr'><strong>quia</strong></span> 
     </span>
    </p>
   </div>
   <div class='ocr_carea' id='block_1_23' title="bbox 292 1637 1076 1672">
    <p class='ocr_par' dir='ltr' id='par_1_23' title="bbox 292 1637 1076 1672">
     <span class='ocr_line' id='line_1_23' title="bbox 292 1637 1076 1672; baseline 0.001 -8"><span class='ocrx_word' id='word_1_144' title='bbox 292 1645 347 1664; x_wconf 87' lang='lat' dir='ltr'><strong>non</strong></span> <span class='ocrx_word' id='word_1_145' title='bbox 361 1641 413 1665; x_wconf 89' lang='lat' dir='ltr'><strong>est.</strong></span> <span class='ocrx_word' id='word_1_146' title='bbox 435 1637 504 1664; x_wconf 89' lang='lat' dir='ltr'><strong>Dicit</strong></span> <span class='ocrx_word' id='word_1_147' title='bbox 522 1637 602 1665; x_wconf 78' lang='lat' dir='ltr'><strong>Pater</strong></span> <span class='ocrx_word' id='word_1_148' title='bbox 618 1648 624 1665; x_wconf 92' lang='lat'><em>:</em></span> <span class='ocrx_word' id='word_1_149' title='bbox 643 1637 694 1665; x_wconf 81' lang='lat' dir='ltr'><strong>llic</strong></span> <span class='ocrx_word' id='word_1_150' title='bbox 710 1642 760 1668; x_wconf 75' lang='lat' dir='ltr'><strong>est.</strong></span> <span class='ocrx_word' id='word_1_151' title='bbox 774 1638 879 1672; x_wconf 86' lang='lat' dir='ltr'><strong>suscipe</strong></span> <span class='ocrx_word' id='word_1_152' title='bbox 890 1643 918 1665; x_wconf 86' lang='lat' dir='ltr'><strong>et</strong></span> <span class='ocrx_word' id='word_1_153' title='bbox 930 1645 1076 1672; x_wconf 85' lang='lat' dir='ltr'><strong>venerare;</strong></span> 
     </span>
    </p>
   </div>
   <div class='ocr_carea' id='block_1_24' title="bbox 292 1683 1078 1718">
    <p class='ocr_par' dir='ltr' id='par_1_24' title="bbox 292 1683 1078 1718">
     <span class='ocr_line' id='line_1_24' title="bbox 292 1683 1078 1718; baseline 0 -8"><span class='ocrx_word' id='word_1_154' title='bbox 292 1688 319 1710; x_wconf 81' lang='lat' dir='ltr'><strong>et</strong></span> <span class='ocrx_word' id='word_1_155' title='bbox 334 1684 404 1711; x_wconf 80' lang='lat' dir='ltr'><strong>Filio</strong></span> <span class='ocrx_word' id='word_1_156' title='bbox 429 1684 528 1711; x_wconf 86' lang='lat' dir='ltr'><strong>dicenti</strong></span> <span class='ocrx_word' id='word_1_157' title='bbox 546 1693 553 1711; x_wconf 89' lang='lat'>:</span> <span class='ocrx_word' id='word_1_158' title='bbox 568 1683 623 1718; x_wconf 81' lang='lat' dir='ltr'><strong>Ego</strong></span> <span class='ocrx_word' id='word_1_159' title='bbox 652 1692 721 1715; x_wconf 86' lang='lat' dir='ltr'><strong>mm.</strong></span> <span class='ocrx_word' id='word_1_160' title='bbox 746 1684 835 1711; x_wconf 91' lang='lat' dir='ltr'><strong>crede.</strong></span> <span class='ocrx_word' id='word_1_161' title='bbox 857 1683 941 1712; x_wconf 87' lang='lat' dir='ltr'><strong>Crede</strong></span> <span class='ocrx_word' id='word_1_162' title='bbox 963 1691 1027 1711; x_wconf 86' lang='lat' dir='ltr'><strong>sane</strong></span> <span class='ocrx_word' id='word_1_163' title='bbox 1051 1688 1078 1711; x_wconf 90' lang='lat' dir='ltr'><strong>et</strong></span> 
     </span>
    </p>
   </div>
   <div class='ocr_carea' id='block_1_25' title="bbox 292 1728 1078 1763">
    <p class='ocr_par' dir='ltr' id='par_1_25' title="bbox 292 1728 1078 1763">
     <span class='ocr_line' id='line_1_25' title="bbox 292 1728 1078 1763; baseline -0.003 -7"><span class='ocrx_word' id='word_1_164' title='bbox 292 1728 373 1756; x_wconf 79' lang='lat' dir='ltr'><strong>Patre</strong></span> <span class='ocrx_word' id='word_1_165' title='bbox 392 1729 593 1756; x_wconf 89' lang='lat' dir='ltr'><strong>demonstrante</strong></span> <span class='ocrx_word' id='word_1_166' title='bbox 613 1729 673 1763; x_wconf 88' lang='lat' dir='ltr'><strong>quia</strong></span> <span class='ocrx_word' id='word_1_167' title='bbox 698 1729 780 1756; x_wconf 84' lang='lat' dir='ltr'><strong>habet</strong></span> <span class='ocrx_word' id='word_1_168' title='bbox 800 1729 895 1756; x_wconf 82' lang='lat' dir='ltr'><strong>Filium</strong></span> <span class='ocrx_word' id='word_1_169' title='bbox 917 1728 984 1763; x_wconf 74' lang='lat'><strong>(62).</strong></span> <span class='ocrx_word' id='word_1_170' title='bbox 1009 1728 1078 1755; x_wconf 85' lang='lat' dir='ltr'><strong>Dicit</strong></span> 
     </span>
    </p>
   </div>
   <div class='ocr_carea' id='block_1_26' title="bbox 291 1774 1076 1809">
    <p class='ocr_par' dir='ltr' id='par_1_26' title="bbox 291 1774 1076 1809">
     <span class='ocr_line' id='line_1_26' title="bbox 291 1774 1076 1809; baseline -0.003 -7"><span class='ocrx_word' id='word_1_171' title='bbox 291 1776 363 1802; x_wconf 80' lang='lat' dir='ltr'><strong>enim</strong></span> <span class='ocrx_word' id='word_1_172' title='bbox 378 1775 467 1807; x_wconf 86' lang='lat' dir='ltr'><strong>Patcr,</strong></span> <span class='ocrx_word' id='word_1_173' title='bbox 485 1774 535 1801; x_wconf 68' lang='lat' dir='ltr'><strong>Hie</strong></span> <span class='ocrx_word' id='word_1_174' title='bbox 549 1779 588 1802; x_wconf 83' lang='lat' dir='ltr'><strong>est</strong></span> <span class='ocrx_word' id='word_1_175' title='bbox 609 1783 617 1801; x_wconf 89' lang='lat'><em>:</em></span> <span class='ocrx_word' id='word_1_176' title='bbox 634 1775 679 1809; x_wconf 90' lang='lat' dir='ltr'><strong>qui</strong></span> <span class='ocrx_word' id='word_1_177' title='bbox 706 1774 770 1801; x_wconf 84' lang='lat' dir='ltr'><strong>hic?</strong></span> <span class='ocrx_word' id='word_1_178' title='bbox 785 1774 872 1801; x_wconf 73' lang='lat' dir='ltr'><strong>Filius</strong></span> <span class='ocrx_word' id='word_1_179' title='bbox 889 1782 975 1805; x_wconf 76' lang='lat' dir='ltr'><strong>.meus,</strong></span> <span class='ocrx_word' id='word_1_180' title='bbox 993 1774 1028 1801; x_wconf 89' lang='lat' dir='ltr'><strong>ait</strong></span> <span class='ocrx_word' id='word_1_181' title='bbox 1041 1774 1076 1800; x_wconf 85' lang='lat'><strong>&quot;.</strong></span> 
     </span>
    </p>
   </div>
   <div class='ocr_carea' id='block_1_27' title="bbox 291 1820 1076 1856">
    <p class='ocr_par' dir='ltr' id='par_1_27' title="bbox 291 1820 1076 1856">
     <span class='ocr_line' id='line_1_27' title="bbox 291 1820 1076 1856; baseline -0.001 -8"><span class='ocrx_word' id='word_1_182' title='bbox 291 1820 349 1848; x_wconf 88' lang='lat' dir='ltr'><strong>Non</strong></span> <span class='ocrx_word' id='word_1_183' title='bbox 367 1826 455 1848; x_wconf 87' lang='lat' dir='ltr'><strong>tamen</strong></span> <span class='ocrx_word' id='word_1_184' title='bbox 471 1828 521 1848; x_wconf 89' lang='lat' dir='ltr'><strong>vox</strong></span> <span class='ocrx_word' id='word_1_185' title='bbox 533 1829 604 1852; x_wconf 89' lang='lat' dir='ltr'><strong>mea,</strong></span> <span class='ocrx_word' id='word_1_186' title='bbox 616 1825 662 1848; x_wconf 89' lang='lat' dir='ltr'><strong>aut</strong></span> <span class='ocrx_word' id='word_1_187' title='bbox 677 1822 809 1856; x_wconf 82' lang='lat' dir='ltr'><strong>cogitatus</strong></span> <span class='ocrx_word' id='word_1_188' title='bbox 822 1828 914 1853; x_wconf 90' lang='lat' dir='ltr'><strong>meus;</strong></span> <span class='ocrx_word' id='word_1_189' title='bbox 930 1821 975 1848; x_wconf 92' lang='lat' dir='ltr'><strong>sed</strong></span> <span class='ocrx_word' id='word_1_190' title='bbox 990 1820 1076 1848; x_wconf 73' lang='lat' dir='ltr'><strong>Filius</strong></span> 
     </span>
    </p>
   </div>
   <div class='ocr_carea' id='block_1_28' title="bbox 1127 1222 1914 1259">
    <p class='ocr_par' dir='ltr' id='par_1_28' title="bbox 1127 1222 1914 1259">
     <span class='ocr_line' id='line_1_28' title="bbox 1127 1222 1914 1259; baseline 0 -9"><span class='ocrx_word' id='word_1_191' title='bbox 1127 1223 1257 1258; x_wconf 78' lang='lat' dir='ltr'><strong>principio</strong></span> <span class='ocrx_word' id='word_1_192' title='bbox 1270 1224 1339 1258; x_wconf 84' lang='lat' dir='ltr'><strong>apud</strong></span> <span class='ocrx_word' id='word_1_193' title='bbox 1347 1223 1432 1250; x_wconf 81' lang='lat' dir='ltr'><strong>Deum</strong></span> <span class='ocrx_word' id='word_1_194' title='bbox 1443 1223 1477 1249; x_wconf 80' lang='grc'><strong>⁸³.</strong></span> <span class='ocrx_word' id='word_1_195' title='bbox 1497 1223 1528 1250; x_wconf 86' lang='grc' dir='ltr'>Ει</span> <span class='ocrx_word' id='word_1_196' title='bbox 1542 1230 1612 1257; x_wconf 63' lang='lat' dir='ltr'><strong>stupe</strong></span> <span class='ocrx_word' id='word_1_197' title='bbox 1624 1223 1699 1255; x_wconf 89' lang='lat' dir='ltr'><strong>dicit,</strong></span> <span class='ocrx_word' id='word_1_198' title='bbox 1716 1222 1780 1250; x_wconf 78' lang='lat' dir='ltr'><strong>Erat</strong></span> <span class='ocrx_word' id='word_1_199' title='bbox 1792 1231 1801 1249; x_wconf 90' lang='lat'><em>:</em></span> <span class='ocrx_word' id='word_1_200' title='bbox 1816 1229 1843 1250; x_wconf 88' lang='lat' dir='ltr'><strong>et</strong></span> <span class='ocrx_word' id='word_1_201' title='bbox 1854 1224 1914 1259; x_wconf 89' lang='lat' dir='ltr'><strong>qui-</strong></span> 
     </span>
    </p>
   </div>
   <div class='ocr_carea' id='block_1_29' title="bbox 1127 1268 1912 1304">
    <p class='ocr_par' dir='ltr' id='par_1_29' title="bbox 1127 1268 1912 1304">
     <span class='ocr_line' id='line_1_29' title="bbox 1127 1268 1912 1304; baseline -0.001 -7"><span class='ocrx_word' id='word_1_202' title='bbox 1127 1270 1189 1297; x_wconf 87' lang='lat' dir='ltr'><strong>dam</strong></span> <span class='ocrx_word' id='word_1_203' title='bbox 1204 1277 1237 1297; x_wconf 91' lang='lat' dir='ltr'><strong>ne</strong></span> <span class='ocrx_word' id='word_1_204' title='bbox 1248 1269 1356 1304; x_wconf 86' lang='lat' dir='ltr'><strong>quidem</strong></span> <span class='ocrx_word' id='word_1_205' title='bbox 1371 1268 1453 1296; x_wconf 84' lang='lat' dir='ltr'><strong>semel</strong></span> <span class='ocrx_word' id='word_1_206' title='bbox 1466 1268 1630 1296; x_wconf 84' lang='lat' dir='ltr'><strong>contendunt</strong></span> <span class='ocrx_word' id='word_1_207' title='bbox 1642 1269 1713 1303; x_wconf 89' lang='lat' dir='ltr'><strong>quod</strong></span> <span class='ocrx_word' id='word_1_208' title='bbox 1726 1273 1777 1300; x_wconf 88' lang='lat' dir='ltr'><strong>est,</strong></span> <span class='ocrx_word' id='word_1_209' title='bbox 1795 1268 1844 1295; x_wconf 88' lang='lat' dir='ltr'><strong>sed</strong></span> <span class='ocrx_word' id='word_1_210' title='bbox 1864 1277 1912 1296; x_wconf 87' lang='lat' dir='ltr'><strong>nec</strong></span> 
     </span>
    </p>
   </div>
   <div class='ocr_carea' id='block_1_30' title="bbox 1128 1312 1912 1346">
    <p class='ocr_par' dir='ltr' id='par_1_30' title="bbox 1128 1312 1912 1346">
     <span class='ocr_line' id='line_1_30' title="bbox 1128 1312 1912 1346; baseline -0.001 -5"><span class='ocrx_word' id='word_1_211' title='bbox 1128 1314 1211 1342; x_wconf 88' lang='lat' dir='ltr'><strong>semel</strong></span> <span class='ocrx_word' id='word_1_212' title='bbox 1228 1314 1296 1341; x_wconf 77' lang='lat' dir='ltr'><strong>dixit</strong></span> <span class='ocrx_word' id='word_1_213' title='bbox 1309 1314 1342 1341; x_wconf 92' lang='lat' dir='ltr'><strong>de</strong></span> <span class='ocrx_word' id='word_1_214' title='bbox 1359 1313 1438 1346; x_wconf 85' lang='lat' dir='ltr'><strong>Filio,</strong></span> <span class='ocrx_word' id='word_1_215' title='bbox 1454 1312 1505 1339; x_wconf 81' lang='lat' dir='ltr'><strong>Hic</strong></span> <span class='ocrx_word' id='word_1_216' title='bbox 1525 1319 1573 1340; x_wconf 72' lang='lat' dir='ltr'><strong>eat.</strong></span> <span class='ocrx_word' id='word_1_217' title='bbox 1597 1312 1649 1340; x_wconf 89' lang='lat' dir='ltr'><strong>Sed</strong></span> <span class='ocrx_word' id='word_1_218' title='bbox 1670 1320 1730 1340; x_wconf 87' lang='lat' dir='ltr'><strong>cum</strong></span> <span class='ocrx_word' id='word_1_219' title='bbox 1744 1313 1912 1343; x_wconf 76' lang='lat' dir='ltr'><strong>venitFilins</strong></span> 
     </span>
    </p>
   </div>
   <div class='ocr_carea' id='block_1_31' title="bbox 1126 1358 1906 1395">
    <p class='ocr_par' dir='ltr' id='par_1_31' title="bbox 1126 1358 1906 1395">
     <span class='ocr_line' id='line_1_31' title="bbox 1126 1358 1906 1395; baseline -0.001 -8"><span class='ocrx_word' id='word_1_220' title='bbox 1126 1365 1157 1387; x_wconf 89' lang='lat' dir='ltr'><strong>ut</strong></span> <span class='ocrx_word' id='word_1_221' title='bbox 1181 1359 1304 1395; x_wconf 87' lang='lat' dir='ltr'><strong>impleret</strong></span> <span class='ocrx_word' id='word_1_222' title='bbox 1328 1367 1434 1386; x_wconf 87' lang='lat' dir='ltr'><strong>omnem</strong></span> <span class='ocrx_word' id='word_1_223' title='bbox 1457 1358 1589 1393; x_wconf 85' lang='lat' dir='ltr'><strong>justitiam</strong></span> <span class='ocrx_word' id='word_1_224' title='bbox 1614 1367 1662 1393; x_wconf 91' lang='lat' dir='ltr'><strong>per</strong></span> <span class='ocrx_word' id='word_1_225' title='bbox 1679 1358 1793 1386; x_wconf 86' lang='lat' dir='ltr'><strong>Joannis</strong></span> <span class='ocrx_word' id='word_1_226' title='bbox 1816 1359 1906 1394; x_wconf 78' lang='lat' dir='ltr'><strong>bapti~</strong></span> 
     </span>
    </p>
   </div>
   <div class='ocr_carea' id='block_1_32' title="bbox 1126 1403 1911 1439">
    <p class='ocr_par' dir='ltr' id='par_1_32' title="bbox 1126 1403 1911 1439">
     <span class='ocr_line' id='line_1_32' title="bbox 1126 1403 1911 1439; baseline 0 -8"><span class='ocrx_word' id='word_1_227' title='bbox 1126 1412 1225 1437; x_wconf 88' lang='lat' dir='ltr'><strong>smum,</strong></span> <span class='ocrx_word' id='word_1_228' title='bbox 1241 1404 1304 1439; x_wconf 88' lang='lat' dir='ltr'><strong>quia</strong></span> <span class='ocrx_word' id='word_1_229' title='bbox 1331 1408 1436 1438; x_wconf 83' lang='lat' dir='ltr'><strong>tempus</strong></span> <span class='ocrx_word' id='word_1_230' title='bbox 1458 1408 1517 1431; x_wconf 89' lang='lat' dir='ltr'><strong>crat</strong></span> <span class='ocrx_word' id='word_1_231' title='bbox 1542 1409 1570 1430; x_wconf 92' lang='grc' dir='ltr'><strong>ιιι</strong></span> <span class='ocrx_word' id='word_1_232' title='bbox 1592 1403 1667 1439; x_wconf 69' lang='lat' dir='ltr'><strong>signa</strong></span> <span class='ocrx_word' id='word_1_233' title='bbox 1682 1404 1795 1435; x_wconf 84' lang='lat' dir='ltr'><strong>faceret,</strong></span> <span class='ocrx_word' id='word_1_234' title='bbox 1821 1409 1847 1431; x_wconf 88' lang='lat' dir='ltr'><strong>et</strong></span> <span class='ocrx_word' id='word_1_235' title='bbox 1865 1405 1911 1431; x_wconf 91' lang='lat' dir='ltr'><strong>de-</strong></span> 
     </span>
    </p>
   </div>
   <div class='ocr_carea' id='block_1_33' title="bbox 1127 1449 1911 1485">
    <p class='ocr_par' dir='ltr' id='par_1_33' title="bbox 1127 1449 1911 1485">
     <span class='ocr_line' id='line_1_33' title="bbox 1127 1449 1911 1485; baseline -0.003 -7"><span class='ocrx_word' id='word_1_236' title='bbox 1127 1454 1294 1478; x_wconf 84' lang='lat' dir='ltr'><strong>monstraret</strong></span> <span class='ocrx_word' id='word_1_237' title='bbox 1306 1449 1431 1477; x_wconf 87' lang='lat' dir='ltr'><strong>virtutem</strong></span> <span class='ocrx_word' id='word_1_238' title='bbox 1446 1457 1505 1485; x_wconf 67' lang='lat' dir='ltr'><strong>quae</strong></span> <span class='ocrx_word' id='word_1_239' title='bbox 1516 1454 1574 1477; x_wconf 85' lang='lat' dir='ltr'><strong>erat</strong></span> <span class='ocrx_word' id='word_1_240' title='bbox 1589 1450 1719 1477; x_wconf 84' lang='lat' dir='ltr'><strong>absconsa</strong></span> <span class='ocrx_word' id='word_1_241' title='bbox 1732 1458 1739 1476; x_wconf 88' lang='lat'><strong>:</strong></span> <span class='ocrx_word' id='word_1_242' title='bbox 1756 1454 1785 1476; x_wconf 91' lang='lat' dir='ltr'><strong>ut</strong></span> <span class='ocrx_word' id='word_1_243' title='bbox 1802 1457 1837 1477; x_wconf 87' lang='lat' dir='ltr'><strong>ne</strong></span> <span class='ocrx_word' id='word_1_244' title='bbox 1853 1450 1911 1484; x_wconf 84' lang='lat' dir='ltr'><strong>quis</strong></span> 
     </span>
    </p>
   </div>
   <div class='ocr_carea' id='block_1_34' title="bbox 1126 1495 1910 1532">
    <p class='ocr_par' dir='ltr' id='par_1_34' title="bbox 1126 1495 1910 1532">
     <span class='ocr_line' id='line_1_34' title="bbox 1126 1495 1910 1532; baseline 0 -10"><span class='ocrx_word' id='word_1_245' title='bbox 1126 1500 1233 1532; x_wconf 84' lang='lat' dir='ltr'><strong>putaret</strong></span> <span class='ocrx_word' id='word_1_246' title='bbox 1258 1495 1320 1530; x_wconf 82' lang='lat' dir='ltr'><strong>quia</strong></span> <span class='ocrx_word' id='word_1_247' title='bbox 1343 1500 1372 1522; x_wconf 92' lang='lat' dir='ltr'><strong>ut</strong></span> <span class='ocrx_word' id='word_1_248' title='bbox 1396 1496 1477 1523; x_wconf 91' lang='lat' dir='ltr'><strong>homo</strong></span> <span class='ocrx_word' id='word_1_249' title='bbox 1502 1503 1585 1530; x_wconf 89' lang='lat' dir='ltr'><strong>purus</strong></span> <span class='ocrx_word' id='word_1_250' title='bbox 1605 1495 1729 1530; x_wconf 77' lang='lat' dir='ltr'><strong>indigens</strong></span> <span class='ocrx_word' id='word_1_251' title='bbox 1750 1496 1910 1530; x_wconf 86' lang='lat' dir='ltr'><strong>baptismum</strong></span> 
     </span>
    </p>
   </div>
   <div class='ocr_carea' id='block_1_35' title="bbox 1126 1540 1910 1578">
    <p class='ocr_par' dir='ltr' id='par_1_35' title="bbox 1126 1540 1910 1578">
     <span class='ocr_line' id='line_1_35' title="bbox 1126 1540 1910 1578; baseline -0.004 -8"><span class='ocrx_word' id='word_1_252' title='bbox 1126 1543 1201 1570; x_wconf 83' lang='lat' dir='ltr'><strong>venit</strong></span> <span class='ocrx_word' id='word_1_253' title='bbox 1219 1542 1252 1570; x_wconf 88' lang='lat' dir='ltr'><strong>ad</strong></span> <span class='ocrx_word' id='word_1_254' title='bbox 1273 1541 1438 1577; x_wconf 84' lang='lat' dir='ltr'><strong>baptismum</strong></span> <span class='ocrx_word' id='word_1_255' title='bbox 1463 1540 1521 1578; x_wconf 81' lang='lat'><strong>(65)</strong></span> <span class='ocrx_word' id='word_1_256' title='bbox 1537 1550 1544 1569; x_wconf 91' lang='lat'>:</span> <span class='ocrx_word' id='word_1_257' title='bbox 1561 1541 1665 1575; x_wconf 86' lang='lat' dir='ltr'><strong>primus</strong></span> <span class='ocrx_word' id='word_1_258' title='bbox 1683 1540 1800 1568; x_wconf 83' lang='lat' dir='ltr'><strong>Joannes</strong></span> <span class='ocrx_word' id='word_1_259' title='bbox 1819 1546 1910 1576; x_wconf 82' lang='lat' dir='ltr'><strong>utpote</strong></span> 
     </span>
    </p>
   </div>
   <div class='ocr_carea' id='block_1_36' title="bbox 1125 1585 1911 1622">
    <p class='ocr_par' dir='ltr' id='par_1_36' title="bbox 1125 1585 1911 1622">
     <span class='ocr_line' id='line_1_36' title="bbox 1125 1585 1911 1622; baseline -0.006 -5"><span class='ocrx_word' id='word_1_260' title='bbox 1125 1597 1178 1617; x_wconf 84' lang='lat' dir='ltr'><strong>vox</strong></span> <span class='ocrx_word' id='word_1_261' title='bbox 1202 1596 1254 1616; x_wconf 94' lang='lat' dir='ltr'><strong>non</strong></span> <span class='ocrx_word' id='word_1_262' title='bbox 1280 1591 1371 1620; x_wconf 85' lang='lat' dir='ltr'><strong>tacet;</strong></span> <span class='ocrx_word' id='word_1_263' title='bbox 1399 1587 1444 1622; x_wconf 90' lang='lat' dir='ltr'><strong>qui</strong></span> <span class='ocrx_word' id='word_1_264' title='bbox 1460 1594 1511 1613; x_wconf 92' lang='lat' dir='ltr'><strong>vox</strong></span> <span class='ocrx_word' id='word_1_265' title='bbox 1536 1586 1644 1619; x_wconf 87' lang='lat' dir='ltr'><strong>quidem</strong></span> <span class='ocrx_word' id='word_1_266' title='bbox 1663 1585 1816 1618; x_wconf 86' lang='lat' dir='ltr'><strong>dicebatur,</strong></span> <span class='ocrx_word' id='word_1_267' title='bbox 1832 1586 1911 1612; x_wconf 90' lang='lat' dir='ltr'><strong>homo</strong></span> 
     </span>
    </p>
   </div>
   <div class='ocr_carea' id='block_1_37' title="bbox 1127 1631 1909 1667">
    <p class='ocr_par' dir='ltr' id='par_1_37' title="bbox 1127 1631 1909 1667">
     <span class='ocr_line' id='line_1_37' title="bbox 1127 1631 1909 1667; baseline -0.005 -6"><span class='ocrx_word' id='word_1_268' title='bbox 1127 1640 1216 1661; x_wconf 89' lang='lat' dir='ltr'><strong>autem</strong></span> <span class='ocrx_word' id='word_1_269' title='bbox 1239 1637 1306 1662; x_wconf 87' lang='lat' dir='ltr'><strong>erat.</strong></span> <span class='ocrx_word' id='word_1_270' title='bbox 1332 1631 1360 1660; x_wconf 89' lang='lat' dir='ltr'><strong>Si</strong></span> <span class='ocrx_word' id='word_1_271' title='bbox 1382 1632 1464 1667; x_wconf 75' lang='lat' dir='ltr'><strong>igitur</strong></span> <span class='ocrx_word' id='word_1_272' title='bbox 1475 1631 1592 1659; x_wconf 88' lang='lat' dir='ltr'><strong>Joannes</strong></span> <span class='ocrx_word' id='word_1_273' title='bbox 1615 1632 1661 1665; x_wconf 91' lang='lat' dir='ltr'><strong>qui</strong></span> <span class='ocrx_word' id='word_1_274' title='bbox 1682 1638 1735 1658; x_wconf 87' lang='lat' dir='ltr'><strong>vox</strong></span> <span class='ocrx_word' id='word_1_275' title='bbox 1752 1631 1842 1658; x_wconf 88' lang='lat' dir='ltr'><strong>dictus</strong></span> <span class='ocrx_word' id='word_1_276' title='bbox 1858 1638 1909 1658; x_wconf 86' lang='lat' dir='ltr'><strong>non</strong></span> 
     </span>
    </p>
   </div>
   <div class='ocr_carea' id='block_1_38' title="bbox 1127 1676 1909 1714">
    <p class='ocr_par' dir='ltr' id='par_1_38' title="bbox 1127 1676 1909 1714">
     <span class='ocr_line' id='line_1_38' title="bbox 1127 1676 1909 1714; baseline -0.008 -6"><span class='ocrx_word' id='word_1_277' title='bbox 1127 1680 1258 1708; x_wconf 88' lang='lat' dir='ltr'><strong>interimit</strong></span> <span class='ocrx_word' id='word_1_278' title='bbox 1288 1679 1425 1707; x_wconf 87' lang='lat' dir='ltr'><strong>hominem</strong></span> <span class='ocrx_word' id='word_1_279' title='bbox 1457 1677 1536 1714; x_wconf 87' lang='lat'><strong>(66),</strong></span> <span class='ocrx_word' id='word_1_280' title='bbox 1565 1677 1655 1712; x_wconf 76' lang='lat' dir='ltr'><strong>magis</strong></span> <span class='ocrx_word' id='word_1_281' title='bbox 1683 1676 1768 1704; x_wconf 81' lang='lat' dir='ltr'><strong>Filius</strong></span> <span class='ocrx_word' id='word_1_282' title='bbox 1792 1676 1909 1704; x_wconf 79' lang='lat' dir='ltr'><strong>Verbum</strong></span> 
     </span>
    </p>
   </div>
   <div class='ocr_carea' id='block_1_39' title="bbox 1126 1723 1909 1760">
    <p class='ocr_par' dir='ltr' id='par_1_39' title="bbox 1126 1723 1909 1760">
     <span class='ocr_line' id='line_1_39' title="bbox 1126 1723 1909 1760; baseline -0.005 -7"><span class='ocrx_word' id='word_1_283' title='bbox 1126 1726 1215 1753; x_wconf 90' lang='lat' dir='ltr'><strong>dictus</strong></span> <span class='ocrx_word' id='word_1_284' title='bbox 1239 1733 1290 1752; x_wconf 88' lang='lat' dir='ltr'><strong>non</strong></span> <span class='ocrx_word' id='word_1_285' title='bbox 1312 1724 1449 1760; x_wconf 85' lang='lat' dir='ltr'><strong>intercipit</strong></span> <span class='ocrx_word' id='word_1_286' title='bbox 1471 1723 1565 1751; x_wconf 89' lang='lat' dir='ltr'><strong>Deum.</strong></span> <span class='ocrx_word' id='word_1_287' title='bbox 1602 1723 1695 1758; x_wconf 87' lang='lat' dir='ltr'><strong>Neque</strong></span> <span class='ocrx_word' id='word_1_288' title='bbox 1718 1723 1790 1750; x_wconf 89' lang='lat' dir='ltr'><strong>enim</strong></span> <span class='ocrx_word' id='word_1_289' title='bbox 1807 1723 1909 1750; x_wconf 82' lang='lat' dir='ltr'><strong>Zacha-</strong></span> 
     </span>
    </p>
   </div>
   <div class='ocr_carea' id='block_1_40' title="bbox 1126 1770 1908 1806">
    <p class='ocr_par' dir='ltr' id='par_1_40' title="bbox 1126 1770 1908 1806">
     <span class='ocr_line' id='line_1_40' title="bbox 1126 1770 1908 1806; baseline -0.003 -8"><span class='ocrx_word' id='word_1_290' title='bbox 1126 1774 1181 1799; x_wconf 85' lang='lat' dir='ltr'><strong>rias</strong></span> <span class='ocrx_word' id='word_1_291' title='bbox 1198 1779 1289 1799; x_wconf 84' lang='lat' dir='ltr'><strong>vocem</strong></span> <span class='ocrx_word' id='word_1_292' title='bbox 1307 1770 1409 1806; x_wconf 82' lang='lat' dir='ltr'><strong>genuit,</strong></span> <span class='ocrx_word' id='word_1_293' title='bbox 1425 1777 1513 1805; x_wconf 86' lang='lat' dir='ltr'><strong>neque</strong></span> <span class='ocrx_word' id='word_1_294' title='bbox 1529 1770 1666 1797; x_wconf 84' lang='lat' dir='ltr'><strong>Elisabeth</strong></span> <span class='ocrx_word' id='word_1_295' title='bbox 1684 1777 1777 1797; x_wconf 87' lang='lat' dir='ltr'><strong>vocem</strong></span> <span class='ocrx_word' id='word_1_296' title='bbox 1795 1770 1908 1804; x_wconf 83' lang='lat' dir='ltr'><strong>peperit.</strong></span> 
     </span>
    </p>
   </div>
   <div class='ocr_carea' id='block_1_41' title="bbox 1126 1815 1908 1851">
    <p class='ocr_par' dir='ltr' id='par_1_41' title="bbox 1126 1815 1908 1851">
     <span class='ocr_line' id='line_1_41' title="bbox 1126 1815 1908 1851; baseline -0.004 -7"><span class='ocrx_word' id='word_1_297' title='bbox 1126 1817 1219 1851; x_wconf 84' lang='lat' dir='ltr'><strong>Neque</strong></span> <span class='ocrx_word' id='word_1_298' title='bbox 1239 1817 1308 1843; x_wconf 85' lang='lat' dir='ltr'><strong>Deus</strong></span> <span class='ocrx_word' id='word_1_299' title='bbox 1324 1815 1453 1848; x_wconf 81' lang='lat' dir='ltr'><strong>Verbum,</strong></span> <span class='ocrx_word' id='word_1_300' title='bbox 1468 1822 1528 1842; x_wconf 91' lang='lat' dir='ltr'><strong>eum</strong></span> <span class='ocrx_word' id='word_1_301' title='bbox 1543 1815 1590 1849; x_wconf 91' lang='lat' dir='ltr'><strong>qui</strong></span> <span class='ocrx_word' id='word_1_302' title='bbox 1613 1822 1646 1842; x_wconf 86' lang='lat' dir='ltr'><strong>ex</strong></span> <span class='ocrx_word' id='word_1_303' title='bbox 1661 1822 1728 1843; x_wconf 89' lang='lat' dir='ltr'><strong>voce</strong></span> <span class='ocrx_word' id='word_1_304' title='bbox 1743 1819 1786 1842; x_wconf 87' lang='lat' dir='ltr'><strong>est</strong></span> <span class='ocrx_word' id='word_1_305' title='bbox 1806 1815 1908 1850; x_wconf 75' lang='lat' dir='ltr'><strong>genuit,</strong></span> 
     </span>
    </p>
   </div>
   <div class='ocr_carea' id='block_1_42' title="bbox 291 1859 1909 1900">
    <p class='ocr_par' dir='ltr' id='par_1_42' title="bbox 291 1859 1909 1900">
     <span class='ocr_line' id='line_1_42' title="bbox 291 1859 1909 1900; baseline -0.003 -7"><span class='ocrx_word' id='word_1_306' title='bbox 291 1875 375 1895; x_wconf 78' lang='lat' dir='ltr'><strong>meus.</strong></span> <span class='ocrx_word' id='word_1_307' title='bbox 391 1866 487 1900; x_wconf 82' lang='lat' dir='ltr'><strong>inquit,</strong></span> <span class='ocrx_word' id='word_1_308' title='bbox 501 1867 542 1893; x_wconf 82' lang='lat' dir='ltr'><strong>hic</strong></span> <span class='ocrx_word' id='word_1_309' title='bbox 555 1871 605 1899; x_wconf 72' lang='lat' dir='ltr'><strong>est;</strong></span> <span class='ocrx_word' id='word_1_310' title='bbox 623 1866 706 1894; x_wconf 83' lang='lat' dir='ltr'><strong>Filius</strong></span> <span class='ocrx_word' id='word_1_311' title='bbox 718 1875 793 1894; x_wconf 91' lang='lat' dir='ltr'><strong>meus</strong></span> <span class='ocrx_word' id='word_1_312' title='bbox 803 1867 1003 1894; x_wconf 85' lang='lat' dir='ltr'><strong>dilectissimus.</strong></span> <span class='ocrx_word' id='word_1_313' title='bbox 1018 1867 1075 1893; x_wconf 86' lang='lat' dir='ltr'><strong>Non</strong></span> <span class='ocrx_word' id='word_1_314' title='bbox 1091 1861 1112 1888; x_wconf 82' lang='grc' dir='ltr'>Β</span> <span class='ocrx_word' id='word_1_315' title='bbox 1127 1862 1173 1889; x_wconf 70' lang='lat' dir='ltr'><strong>se&quot;</strong></span> <span class='ocrx_word' id='word_1_316' title='bbox 1196 1861 1280 1888; x_wconf 74' lang='grc' dir='ltr'>Πευιῐι</span> <span class='ocrx_word' id='word_1_317' title='bbox 1297 1861 1414 1888; x_wconf 75' lang='lat' dir='ltr'><strong>Verbum</strong></span> <span class='ocrx_word' id='word_1_318' title='bbox 1429 1869 1436 1888; x_wconf 74' lang='grc' dir='ltr'><strong>ε</strong></span> <span class='ocrx_word' id='word_1_319' title='bbox 1452 1859 1514 1895; x_wconf 84' lang='lat' dir='ltr'><strong>quia</strong></span> <span class='ocrx_word' id='word_1_320' title='bbox 1529 1859 1647 1888; x_wconf 62' lang='lat' dir='ltr'><strong>Joannes</strong></span> <span class='ocrx_word' id='word_1_321' title='bbox 1668 1860 1775 1894; x_wconf 81' lang='lat' dir='ltr'><strong>quidem</strong></span> <span class='ocrx_word' id='word_1_322' title='bbox 1797 1867 1850 1887; x_wconf 70' lang='lat' dir='ltr'><strong>V01</strong></span> <span class='ocrx_word' id='word_1_323' title='bbox 1864 1867 1909 1886; x_wconf 85' lang='lat' dir='ltr'><strong>V0-</strong></span> 
     </span>
    </p>
   </div>
   <div class='ocr_carea' id='block_1_43' title="bbox 292 1913 1077 1948">
    <p class='ocr_par' dir='ltr' id='par_1_43' title="bbox 292 1913 1077 1948">
     <span class='ocr_line' id='line_1_43' title="bbox 292 1913 1077 1948; baseline 0 -9"><span class='ocrx_word' id='word_1_324' title='bbox 292 1913 338 1947; x_wconf 90' lang='lat' dir='ltr'><strong>qui</strong></span> <span class='ocrx_word' id='word_1_325' title='bbox 351 1913 505 1940; x_wconf 88' lang='lat' dir='ltr'><strong>contrarius</strong></span> <span class='ocrx_word' id='word_1_326' title='bbox 519 1917 562 1940; x_wconf 89' lang='lat' dir='ltr'><strong>est</strong></span> <span class='ocrx_word' id='word_1_327' title='bbox 577 1913 655 1945; x_wconf 91' lang='lat' dir='ltr'><strong>mihi,</strong></span> <span class='ocrx_word' id='word_1_328' title='bbox 671 1913 718 1940; x_wconf 91' lang='lat' dir='ltr'><strong>sed</strong></span> <span class='ocrx_word' id='word_1_329' title='bbox 732 1913 777 1948; x_wconf 91' lang='lat' dir='ltr'><strong>qui</strong></span> <span class='ocrx_word' id='word_1_330' title='bbox 794 1921 837 1941; x_wconf 91' lang='lat' dir='ltr'><strong>me</strong></span> <span class='ocrx_word' id='word_1_331' title='bbox 849 1913 965 1940; x_wconf 85' lang='lat' dir='ltr'><strong>honorat</strong></span> <span class='ocrx_word' id='word_1_332' title='bbox 980 1918 1005 1941; x_wconf 89' lang='lat' dir='ltr'><strong>et</strong></span> <span class='ocrx_word' id='word_1_333' title='bbox 1019 1913 1077 1939; x_wconf 89' lang='lat' dir='ltr'><strong>dili-</strong></span> 
     </span>
    </p>
   </div>
   <div class='ocr_carea' id='block_1_44' title="bbox 291 1958 1077 1993">
    <p class='ocr_par' dir='ltr' id='par_1_44' title="bbox 291 1958 1077 1993">
     <span class='ocr_line' id='line_1_44' title="bbox 291 1958 1077 1993; baseline 0.003 -9"><span class='ocrx_word' id='word_1_334' title='bbox 291 1959 341 1993; x_wconf 74' lang='lat' dir='ltr'><strong>git.</strong></span> <span class='ocrx_word' id='word_1_335' title='bbox 357 1958 403 1985; x_wconf 84' lang='lat' dir='ltr'><strong>Est</strong></span> <span class='ocrx_word' id='word_1_336' title='bbox 417 1959 487 1986; x_wconf 90' lang='lat' dir='ltr'><strong>enim</strong></span> <span class='ocrx_word' id='word_1_337' title='bbox 498 1959 582 1986; x_wconf 84' lang='lat' dir='ltr'><strong>Filius</strong></span> <span class='ocrx_word' id='word_1_338' title='bbox 596 1964 623 1986; x_wconf 92' lang='lat' dir='ltr'><strong>ut</strong></span> <span class='ocrx_word' id='word_1_339' title='bbox 637 1959 731 1992; x_wconf 89' lang='lat' dir='ltr'><strong>Filius,</strong></span> <span class='ocrx_word' id='word_1_340' title='bbox 743 1963 769 1987; x_wconf 90' lang='lat' dir='ltr'><strong>et</strong></span> <span class='ocrx_word' id='word_1_341' title='bbox 783 1964 823 1987; x_wconf 91' lang='lat' dir='ltr'><strong>est</strong></span> <span class='ocrx_word' id='word_1_342' title='bbox 836 1959 920 1987; x_wconf 83' lang='lat' dir='ltr'><strong>Filius</strong></span> <span class='ocrx_word' id='word_1_343' title='bbox 933 1959 977 1986; x_wconf 88' lang='lat' dir='ltr'><strong>Dei</strong></span> <span class='ocrx_word' id='word_1_344' title='bbox 993 1966 1021 1986; x_wconf 91' lang='lat' dir='ltr'><strong>ut</strong></span> <span class='ocrx_word' id='word_1_345' title='bbox 1032 1959 1077 1986; x_wconf 89' lang='lat' dir='ltr'><strong>Fi-</strong></span> 
     </span>
    </p>
   </div>
   <div class='ocr_carea' id='block_1_45' title="bbox 292 2004 1076 2039">
    <p class='ocr_par' dir='ltr' id='par_1_45' title="bbox 292 2004 1076 2039">
     <span class='ocr_line' id='line_1_45' title="bbox 292 2004 1076 2039; baseline 0.001 -8"><span class='ocrx_word' id='word_1_346' title='bbox 292 2005 354 2033; x_wconf 89' lang='lat' dir='ltr'><strong>lius.</strong></span> <span class='ocrx_word' id='word_1_347' title='bbox 380 2004 413 2032; x_wconf 88' lang='lat' dir='ltr'><strong>Et</strong></span> <span class='ocrx_word' id='word_1_348' title='bbox 437 2013 496 2032; x_wconf 91' lang='lat' dir='ltr'><strong>cum</strong></span> <span class='ocrx_word' id='word_1_349' title='bbox 518 2006 552 2033; x_wconf 87' lang='lat' dir='ltr'><strong>sit</strong></span> <span class='ocrx_word' id='word_1_350' title='bbox 571 2006 615 2033; x_wconf 77' lang='grc' dir='ltr'><strong>Ι)ρί</strong></span> <span class='ocrx_word' id='word_1_351' title='bbox 633 2006 729 2039; x_wconf 85' lang='lat' dir='ltr'><strong>Filius,</strong></span> <span class='ocrx_word' id='word_1_352' title='bbox 742 2011 831 2033; x_wconf 90' lang='lat' dir='ltr'><strong>tamen</strong></span> <span class='ocrx_word' id='word_1_353' title='bbox 849 2014 901 2033; x_wconf 91' lang='lat' dir='ltr'><strong>non</strong></span> <span class='ocrx_word' id='word_1_354' title='bbox 923 2006 1076 2033; x_wconf 90' lang='lat' dir='ltr'><strong>intermittit</strong></span> 
     </span>
    </p>
   </div>
   <div class='ocr_carea' id='block_1_46' title="bbox 290 2051 1077 2088">
    <p class='ocr_par' dir='ltr' id='par_1_46' title="bbox 290 2051 1077 2088">
     <span class='ocr_line' id='line_1_46' title="bbox 290 2051 1077 2088; baseline 0.003 -12"><span class='ocrx_word' id='word_1_355' title='bbox 290 2059 373 2077; x_wconf 88' lang='lat' dir='ltr'><strong>unum</strong></span> <span class='ocrx_word' id='word_1_356' title='bbox 386 2051 527 2086; x_wconf 88' lang='lat' dir='ltr'><strong>imperium</strong></span> <span class='ocrx_word' id='word_1_357' title='bbox 547 2052 634 2080; x_wconf 83' lang='lat' dir='ltr'><strong>Patris</strong></span> <span class='ocrx_word' id='word_1_358' title='bbox 650 2052 716 2088; x_wconf 80' lang='lat'><strong>(65).</strong></span> <span class='ocrx_word' id='word_1_359' title='bbox 735 2052 763 2080; x_wconf 90' lang='lat' dir='ltr'><strong>Si</strong></span> <span class='ocrx_word' id='word_1_360' title='bbox 781 2053 852 2079; x_wconf 90' lang='lat' dir='ltr'><strong>enim</strong></span> <span class='ocrx_word' id='word_1_361' title='bbox 871 2052 922 2079; x_wconf 85' lang='lat' dir='ltr'><strong>alia</strong></span> <span class='ocrx_word' id='word_1_362' title='bbox 939 2052 1077 2087; x_wconf 86' lang='lat' dir='ltr'><strong>placerent</strong></span> 
     </span>
    </p>
   </div>
   <div class='ocr_carea' id='block_1_47' title="bbox 290 2095 1073 2131">
    <p class='ocr_par' dir='ltr' id='par_1_47' title="bbox 290 2095 1073 2131">
     <span class='ocr_line' id='line_1_47' title="bbox 290 2095 1073 2131; baseline 0.003 -10"><span class='ocrx_word' id='word_1_363' title='bbox 290 2095 376 2127; x_wconf 88' lang='lat' dir='ltr'><strong>Patri,</strong></span> <span class='ocrx_word' id='word_1_364' title='bbox 394 2096 443 2123; x_wconf 86' lang='lat' dir='ltr'><strong>alia</strong></span> <span class='ocrx_word' id='word_1_365' title='bbox 457 2097 558 2124; x_wconf 81' lang='lat' dir='ltr'><strong>faceret</strong></span> <span class='ocrx_word' id='word_1_366' title='bbox 569 2098 653 2125; x_wconf 84' lang='lat' dir='ltr'><strong>Filius</strong></span> <span class='ocrx_word' id='word_1_367' title='bbox 665 2107 672 2131; x_wconf 87' lang='lat'><strong>;</strong></span> <span class='ocrx_word' id='word_1_368' title='bbox 689 2098 722 2125; x_wconf 85' lang='lat' dir='ltr'><strong>lis</strong></span> <span class='ocrx_word' id='word_1_369' title='bbox 733 2104 761 2125; x_wconf 86' lang='lat' dir='ltr'><strong>et</strong></span> <span class='ocrx_word' id='word_1_370' title='bbox 774 2097 906 2125; x_wconf 85' lang='lat' dir='ltr'><strong>dissensio</strong></span> <span class='ocrx_word' id='word_1_371' title='bbox 920 2098 1073 2130; x_wconf 89' lang='lat' dir='ltr'><strong>haberetur,</strong></span> 
     </span>
    </p>
   </div>
   <div class='ocr_carea' id='block_1_48' title="bbox 291 2143 1074 2177">
    <p class='ocr_par' dir='ltr' id='par_1_48' title="bbox 291 2143 1074 2177">
     <span class='ocr_line' id='line_1_48' title="bbox 291 2143 1074 2177; baseline -0.001 -8"><span class='ocrx_word' id='word_1_372' title='bbox 291 2147 318 2169; x_wconf 90' lang='lat' dir='ltr'><strong>et</strong></span> <span class='ocrx_word' id='word_1_373' title='bbox 353 2143 549 2176; x_wconf 86' lang='lat' dir='ltr'><strong>periclitaretur</strong></span> <span class='ocrx_word' id='word_1_374' title='bbox 573 2144 660 2170; x_wconf 81' lang='lat' dir='ltr'><strong>unitas</strong></span> <span class='ocrx_word' id='word_1_375' title='bbox 694 2143 811 2177; x_wconf 89' lang='lat' dir='ltr'><strong>imperii.</strong></span> <span class='ocrx_word' id='word_1_376' title='bbox 838 2143 865 2170; x_wconf 88' lang='lat' dir='ltr'><strong>Si</strong></span> <span class='ocrx_word' id='word_1_377' title='bbox 888 2148 976 2170; x_wconf 86' lang='lat' dir='ltr'><strong>autem</strong></span> <span class='ocrx_word' id='word_1_378' title='bbox 991 2143 1074 2175; x_wconf 89' lang='lat' dir='ltr'><strong>dicit,</strong></span> 
     </span>
    </p>
   </div>
   <div class='ocr_carea' id='block_1_49' title="bbox 290 2188 1075 2224">
    <p class='ocr_par' dir='ltr' id='par_1_49' title="bbox 290 2188 1075 2224">
     <span class='ocr_line' id='line_1_49' title="bbox 290 2188 1075 2224; baseline 0.001 -10"><span class='ocrx_word' id='word_1_379' title='bbox 290 2196 349 2222; x_wconf 72' lang='lat' dir='ltr'><strong>qua:</strong></span> <span class='ocrx_word' id='word_1_380' title='bbox 366 2188 415 2222; x_wconf 73' lang='lat' dir='ltr'><strong>ipsi</strong></span> <span class='ocrx_word' id='word_1_381' title='bbox 435 2188 536 2221; x_wconf 79' lang='lat' dir='ltr'><strong>placent</strong></span> <span class='ocrx_word' id='word_1_382' title='bbox 553 2189 622 2222; x_wconf 78' lang='lat' dir='ltr'><strong>facio</strong></span> <span class='ocrx_word' id='word_1_383' title='bbox 642 2197 741 2223; x_wconf 81' lang='lat' dir='ltr'><strong>semper</strong></span> <span class='ocrx_word' id='word_1_384' title='bbox 754 2190 777 2205; x_wconf 78' lang='grc'><strong>⁵²</strong></span> <span class='ocrx_word' id='word_1_385' title='bbox 793 2189 868 2224; x_wconf 66' lang='grc'>(64);</span> <span class='ocrx_word' id='word_1_386' title='bbox 884 2189 945 2223; x_wconf 84' lang='lat' dir='ltr'><strong>quia</strong></span> <span class='ocrx_word' id='word_1_387' title='bbox 968 2196 999 2215; x_wconf 86' lang='lat' dir='ltr'><strong>ea</strong></span> <span class='ocrx_word' id='word_1_388' title='bbox 1016 2196 1075 2223; x_wconf 65' lang='lat' dir='ltr'><strong>quae</strong></span> 
     </span>
    </p>
   </div>
   <div class='ocr_carea' id='block_1_50' title="bbox 289 2234 1073 2270">
    <p class='ocr_par' dir='ltr' id='par_1_50' title="bbox 289 2234 1073 2270">
     <span class='ocr_line' id='line_1_50' title="bbox 289 2234 1073 2270; baseline -0.003 -9"><span class='ocrx_word' id='word_1_389' title='bbox 289 2235 397 2270; x_wconf 86' lang='lat' dir='ltr'><strong>placent</strong></span> <span class='ocrx_word' id='word_1_390' title='bbox 411 2234 483 2261; x_wconf 83' lang='lat' dir='ltr'><strong>Patri</strong></span> <span class='ocrx_word' id='word_1_391' title='bbox 512 2242 618 2268; x_wconf 87' lang='lat' dir='ltr'><strong>semper</strong></span> <span class='ocrx_word' id='word_1_392' title='bbox 641 2234 714 2266; x_wconf 81' lang='lat' dir='ltr'><strong>facit.</strong></span> <span class='ocrx_word' id='word_1_393' title='bbox 740 2241 827 2268; x_wconf 90' lang='lat' dir='ltr'><strong>neque</strong></span> <span class='ocrx_word' id='word_1_394' title='bbox 849 2234 1002 2260; x_wconf 84' lang='lat' dir='ltr'><strong>contrarius</strong></span> <span class='ocrx_word' id='word_1_395' title='bbox 1021 2238 1073 2265; x_wconf 86' lang='lat' dir='ltr'><strong>est,</strong></span> 
     </span>
    </p>
   </div>
   <div class='ocr_carea' id='block_1_51' title="bbox 291 2278 1074 2316">
    <p class='ocr_par' dir='ltr' id='par_1_51' title="bbox 291 2278 1074 2316">
     <span class='ocr_line' id='line_1_51' title="bbox 291 2278 1074 2316; baseline -0.003 -8"><span class='ocrx_word' id='word_1_396' title='bbox 291 2289 378 2316; x_wconf 81' lang='lat' dir='ltr'><strong>neque.</strong></span> <span class='ocrx_word' id='word_1_397' title='bbox 393 2281 526 2314; x_wconf 85' lang='lat' dir='ltr'><strong>dissentit,</strong></span> <span class='ocrx_word' id='word_1_398' title='bbox 542 2288 628 2314; x_wconf 88' lang='lat' dir='ltr'><strong>neque</strong></span> <span class='ocrx_word' id='word_1_399' title='bbox 641 2280 798 2307; x_wconf 86' lang='lat' dir='ltr'><strong>adversatur</strong></span> <span class='ocrx_word' id='word_1_400' title='bbox 813 2280 885 2306; x_wconf 80' lang='lat' dir='ltr'><strong>Patri</strong></span> <span class='ocrx_word' id='word_1_401' title='bbox 903 2289 909 2306; x_wconf 88' lang='lat'>:</span> <span class='ocrx_word' id='word_1_402' title='bbox 928 2279 972 2306; x_wconf 89' lang='lat' dir='ltr'><strong>sed</strong></span> <span class='ocrx_word' id='word_1_403' title='bbox 987 2278 1074 2307; x_wconf 88' lang='lat' dir='ltr'><strong>hono-</strong></span> 
     </span>
    </p>
   </div>
   <div class='ocr_carea' id='block_1_52' title="bbox 289 2325 1075 2362">
    <p class='ocr_par' dir='ltr' id='par_1_52' title="bbox 289 2325 1075 2362">
     <span class='ocr_line' id='line_1_52' title="bbox 289 2325 1075 2362; baseline -0.003 -7"><span class='ocrx_word' id='word_1_404' title='bbox 289 2327 378 2355; x_wconf 83' lang='lat' dir='ltr'><strong>riﬁcat</strong></span> <span class='ocrx_word' id='word_1_405' title='bbox 388 2332 416 2355; x_wconf 88' lang='lat' dir='ltr'><strong>ct</strong></span> <span class='ocrx_word' id='word_1_406' title='bbox 429 2327 598 2362; x_wconf 74' lang='lat' dir='ltr'><strong>diligitsuum</strong></span> <span class='ocrx_word' id='word_1_407' title='bbox 612 2327 771 2362; x_wconf 81' lang='lat' dir='ltr'><strong>genitorem,</strong></span> <span class='ocrx_word' id='word_1_408' title='bbox 785 2327 863 2361; x_wconf 84' lang='lat' dir='ltr'><strong>eique</strong></span> <span class='ocrx_word' id='word_1_409' title='bbox 881 2326 981 2353; x_wconf 89' lang='lat' dir='ltr'><strong>obedit.</strong></span> <span class='ocrx_word' id='word_1_410' title='bbox 1005 2325 1075 2353; x_wconf 85' lang='lat' dir='ltr'><strong>Scri-</strong></span> 
     </span>
    </p>
   </div>
   <div class='ocr_carea' id='block_1_53' title="bbox 289 2372 1072 2408">
    <p class='ocr_par' dir='ltr' id='par_1_53' title="bbox 289 2372 1072 2408">
     <span class='ocr_line' id='line_1_53' title="bbox 289 2372 1072 2408; baseline -0.001 -8"><span class='ocrx_word' id='word_1_411' title='bbox 289 2378 364 2408; x_wconf 84' lang='lat' dir='ltr'><strong>ptum</strong></span> <span class='ocrx_word' id='word_1_412' title='bbox 377 2379 434 2400; x_wconf 88' lang='lat' dir='ltr'><strong>cst:</strong></span> <span class='ocrx_word' id='word_1_413' title='bbox 451 2373 500 2400; x_wconf 84' lang='lat' dir='ltr'><strong>Hic</strong></span> <span class='ocrx_word' id='word_1_414' title='bbox 514 2378 563 2405; x_wconf 87' lang='lat' dir='ltr'><strong>est,</strong></span> <span class='ocrx_word' id='word_1_415' title='bbox 579 2373 634 2407; x_wconf 84' lang='lat' dir='ltr'><strong>Ego</strong></span> <span class='ocrx_word' id='word_1_416' title='bbox 646 2381 724 2406; x_wconf 79' lang='lat' dir='ltr'><strong>sum;</strong></span> <span class='ocrx_word' id='word_1_417' title='bbox 743 2377 772 2400; x_wconf 87' lang='lat' dir='ltr'><strong>et</strong></span> <span class='ocrx_word' id='word_1_418' title='bbox 787 2381 795 2399; x_wconf 84' lang='lat'><strong>:</strong></span> <span class='ocrx_word' id='word_1_419' title='bbox 814 2372 847 2399; x_wconf 84' lang='lat' dir='ltr'><strong>In</strong></span> <span class='ocrx_word' id='word_1_420' title='bbox 860 2372 990 2407; x_wconf 84' lang='lat' dir='ltr'><strong>principio</strong></span> <span class='ocrx_word' id='word_1_421' title='bbox 1006 2377 1072 2399; x_wconf 81' lang='lat' dir='ltr'><strong>erat.</strong></span> 
     </span>
    </p>
   </div>
   <div class='ocr_carea' id='block_1_54' title="bbox 289 2416 1074 2453">
    <p class='ocr_par' dir='ltr' id='par_1_54' title="bbox 289 2416 1074 2453">
     <span class='ocr_line' id='line_1_54' title="bbox 289 2416 1074 2453; baseline -0.003 -7"><span class='ocrx_word' id='word_1_422' title='bbox 289 2419 319 2446; x_wconf 89' lang='lat' dir='ltr'><strong>Si</strong></span> <span class='ocrx_word' id='word_1_423' title='bbox 340 2419 410 2445; x_wconf 89' lang='lat' dir='ltr'><strong>enim</strong></span> <span class='ocrx_word' id='word_1_424' title='bbox 436 2418 542 2446; x_wconf 88' lang='lat' dir='ltr'><strong>Patrem</strong></span> <span class='ocrx_word' id='word_1_425' title='bbox 565 2419 726 2453; x_wconf 81' lang='lat' dir='ltr'><strong>interrogas,</strong></span> <span class='ocrx_word' id='word_1_426' title='bbox 745 2418 811 2445; x_wconf 86' lang='lat' dir='ltr'><strong>dicit</strong></span> <span class='ocrx_word' id='word_1_427' title='bbox 832 2427 839 2445; x_wconf 90' lang='lat'><strong>:</strong></span> <span class='ocrx_word' id='word_1_428' title='bbox 862 2417 914 2444; x_wconf 83' lang='lat' dir='ltr'><strong>Hic</strong></span> <span class='ocrx_word' id='word_1_429' title='bbox 933 2422 971 2444; x_wconf 73' lang='lat' dir='ltr'><strong>est</strong></span> <span class='ocrx_word' id='word_1_430' title='bbox 986 2416 1074 2444; x_wconf 79' lang='lat' dir='ltr'><strong>Filius</strong></span> 
     </span>
    </p>
   </div>
   <div class='ocr_carea' id='block_1_55' title="bbox 288 2462 1074 2495">
    <p class='ocr_par' dir='ltr' id='par_1_55' title="bbox 288 2462 1074 2495">
     <span class='ocr_line' id='line_1_55' title="bbox 288 2462 1074 2495; baseline -0.001 -5"><span class='ocrx_word' id='word_1_431' title='bbox 288 2472 361 2491; x_wconf 77' lang='lat' dir='ltr'><strong>meus</strong></span> <span class='ocrx_word' id='word_1_432' title='bbox 388 2463 602 2491; x_wconf 87' lang='lat' dir='ltr'><strong>dilectissimus:</strong></span> <span class='ocrx_word' id='word_1_433' title='bbox 626 2468 654 2490; x_wconf 91' lang='lat' dir='ltr'><strong>et</strong></span> <span class='ocrx_word' id='word_1_434' title='bbox 678 2471 731 2490; x_wconf 90' lang='lat' dir='ltr'><strong>non</strong></span> <span class='ocrx_word' id='word_1_435' title='bbox 754 2462 840 2491; x_wconf 92' lang='lat' dir='ltr'><strong>solum</strong></span> <span class='ocrx_word' id='word_1_436' title='bbox 871 2463 947 2495; x_wconf 78' lang='lat' dir='ltr'><strong>dicit,</strong></span> <span class='ocrx_word' id='word_1_437' title='bbox 974 2463 1020 2490; x_wconf 89' lang='lat' dir='ltr'><strong>sed</strong></span> <span class='ocrx_word' id='word_1_438' title='bbox 1048 2467 1074 2489; x_wconf 86' lang='lat' dir='ltr'><strong>et</strong></span> 
     </span>
    </p>
   </div>
   <div class='ocr_carea' id='block_1_56' title="bbox 289 2509 1073 2545">
    <p class='ocr_par' dir='ltr' id='par_1_56' title="bbox 289 2509 1073 2545">
     <span class='ocr_line' id='line_1_56' title="bbox 289 2509 1073 2545; baseline -0.003 -7"><span class='ocrx_word' id='word_1_439' title='bbox 289 2511 418 2539; x_wconf 88' lang='lat' dir='ltr'><strong>ostendit.</strong></span> <span class='ocrx_word' id='word_1_440' title='bbox 443 2510 472 2538; x_wconf 92' lang='lat' dir='ltr'><strong>Si</strong></span> <span class='ocrx_word' id='word_1_441' title='bbox 495 2518 511 2537; x_wconf 89' lang='lat' dir='ltr'><strong>a</strong></span> <span class='ocrx_word' id='word_1_442' title='bbox 524 2510 591 2538; x_wconf 84' lang='lat' dir='ltr'><strong>Filio</strong></span> <span class='ocrx_word' id='word_1_443' title='bbox 612 2511 743 2545; x_wconf 89' lang='lat' dir='ltr'><strong>requiras,</strong></span> <span class='ocrx_word' id='word_1_444' title='bbox 765 2511 850 2538; x_wconf 88' lang='lat' dir='ltr'><strong>dicit:</strong></span> <span class='ocrx_word' id='word_1_445' title='bbox 867 2509 923 2544; x_wconf 80' lang='lat' dir='ltr'><strong>Ego</strong></span> <span class='ocrx_word' id='word_1_446' title='bbox 947 2518 1004 2537; x_wconf 77' lang='lat' dir='ltr'><strong>sum</strong></span> <span class='ocrx_word' id='word_1_447' title='bbox 1020 2518 1029 2537; x_wconf 92' lang='lat'><em>:</em></span> <span class='ocrx_word' id='word_1_448' title='bbox 1046 2514 1073 2537; x_wconf 88' lang='lat' dir='ltr'><strong>et</strong></span> 
     </span>
    </p>
   </div>
   <div class='ocr_carea' id='block_1_57' title="bbox 1126 1906 1907 1939">
    <p class='ocr_par' dir='ltr' id='par_1_57' title="bbox 1126 1906 1907 1939">
     <span class='ocr_line' id='line_1_57' title="bbox 1126 1906 1907 1939; baseline -0.001 -5"><span class='ocrx_word' id='word_1_449' title='bbox 1126 1907 1248 1939; x_wconf 83' lang='lat' dir='ltr'><strong>cabatur,</strong></span> <span class='ocrx_word' id='word_1_450' title='bbox 1267 1907 1347 1934; x_wconf 89' lang='lat' dir='ltr'><strong>homo</strong></span> <span class='ocrx_word' id='word_1_451' title='bbox 1366 1911 1455 1934; x_wconf 87' lang='lat' dir='ltr'><strong>autem</strong></span> <span class='ocrx_word' id='word_1_452' title='bbox 1475 1911 1555 1934; x_wconf 87' lang='lat' dir='ltr'><strong>erat:</strong></span> <span class='ocrx_word' id='word_1_453' title='bbox 1577 1906 1614 1934; x_wconf 90' lang='lat' dir='ltr'><strong>ita</strong></span> <span class='ocrx_word' id='word_1_454' title='bbox 1635 1911 1662 1934; x_wconf 92' lang='lat' dir='ltr'><strong>et</strong></span> <span class='ocrx_word' id='word_1_455' title='bbox 1684 1906 1815 1933; x_wconf 89' lang='lat' dir='ltr'><strong>Dominus</strong></span> <span class='ocrx_word' id='word_1_456' title='bbox 1829 1906 1907 1934; x_wconf 81' lang='lat' dir='ltr'><strong>Jesus</strong></span> 
     </span>
    </p>
   </div>
   <div class='ocr_carea' id='block_1_58' title="bbox 1125 1952 1908 1986">
    <p class='ocr_par' dir='ltr' id='par_1_58' title="bbox 1125 1952 1908 1986">
     <span class='ocr_line' id='line_1_58' title="bbox 1125 1952 1908 1986; baseline -0.001 -4"><span class='ocrx_word' id='word_1_457' title='bbox 1125 1960 1153 1982; x_wconf 90' lang='lat' dir='ltr'><strong>et</strong></span> <span class='ocrx_word' id='word_1_458' title='bbox 1171 1954 1287 1981; x_wconf 86' lang='lat' dir='ltr'><strong>Verbum</strong></span> <span class='ocrx_word' id='word_1_459' title='bbox 1303 1954 1402 1981; x_wconf 91' lang='lat' dir='ltr'><strong>dicitur</strong></span> <span class='ocrx_word' id='word_1_460' title='bbox 1417 1961 1470 1980; x_wconf 88' lang='lat' dir='ltr'><strong>non</strong></span> <span class='ocrx_word' id='word_1_461' title='bbox 1483 1953 1635 1986; x_wconf 84' lang='lat' dir='ltr'><strong>visibiliter,</strong></span> <span class='ocrx_word' id='word_1_462' title='bbox 1651 1954 1697 1981; x_wconf 86' lang='lat' dir='ltr'><strong>sed</strong></span> <span class='ocrx_word' id='word_1_463' title='bbox 1706 1952 1825 1981; x_wconf 80' lang='lat' dir='ltr'><strong>Verbum</strong></span> <span class='ocrx_word' id='word_1_464' title='bbox 1839 1954 1908 1981; x_wconf 86' lang='lat' dir='ltr'><strong>Deus</strong></span> 
     </span>
    </p>
   </div>
   <div class='ocr_carea' id='block_1_59' title="bbox 1126 1998 1908 2036">
    <p class='ocr_par' dir='ltr' id='par_1_59' title="bbox 1126 1998 1908 2036">
     <span class='ocr_line' id='line_1_59' title="bbox 1126 1998 1908 2036; baseline -0.003 -8"><span class='ocrx_word' id='word_1_465' title='bbox 1126 2005 1153 2028; x_wconf 88' lang='lat' dir='ltr'><strong>et</strong></span> <span class='ocrx_word' id='word_1_466' title='bbox 1166 2001 1235 2036; x_wconf 86' lang='lat' dir='ltr'><strong>apud</strong></span> <span class='ocrx_word' id='word_1_467' title='bbox 1249 2000 1334 2028; x_wconf 90' lang='lat' dir='ltr'><strong>Deum</strong></span> <span class='ocrx_word' id='word_1_468' title='bbox 1352 2009 1359 2026; x_wconf 95' lang='lat'>:</span> <span class='ocrx_word' id='word_1_469' title='bbox 1376 2007 1427 2027; x_wconf 93' lang='lat' dir='ltr'><strong>non</strong></span> <span class='ocrx_word' id='word_1_470' title='bbox 1441 1999 1527 2026; x_wconf 91' lang='lat' dir='ltr'><strong>solum</strong></span> <span class='ocrx_word' id='word_1_471' title='bbox 1541 1998 1667 2031; x_wconf 84' lang='lat' dir='ltr'><strong>Verbum,</strong></span> <span class='ocrx_word' id='word_1_472' title='bbox 1681 2007 1768 2034; x_wconf 88' lang='lat' dir='ltr'><strong>neque</strong></span> <span class='ocrx_word' id='word_1_473' title='bbox 1788 2007 1840 2026; x_wconf 88' lang='lat' dir='ltr'><strong>una</strong></span> <span class='ocrx_word' id='word_1_474' title='bbox 1858 2007 1908 2026; x_wconf 84' lang='lat' dir='ltr'><strong>vox</strong></span> 
     </span>
    </p>
   </div>
   <div class='ocr_carea' id='block_1_60' title="bbox 1125 2045 1908 2081">
    <p class='ocr_par' dir='ltr' id='par_1_60' title="bbox 1125 2045 1908 2081">
     <span class='ocr_line' id='line_1_60' title="bbox 1125 2045 1908 2081; baseline -0.005 -6"><span class='ocrx_word' id='word_1_475' title='bbox 1125 2055 1158 2075; x_wconf 76' lang='lat' dir='ltr'><strong>ex</strong></span> <span class='ocrx_word' id='word_1_476' title='bbox 1175 2047 1276 2079; x_wconf 92' lang='lat' dir='ltr'><strong>multis,</strong></span> <span class='ocrx_word' id='word_1_477' title='bbox 1294 2047 1340 2074; x_wconf 90' lang='lat' dir='ltr'><strong>sed</strong></span> <span class='ocrx_word' id='word_1_478' title='bbox 1361 2046 1517 2081; x_wconf 75' lang='lat' dir='ltr'><strong>unigenitus</strong></span> <span class='ocrx_word' id='word_1_479' title='bbox 1532 2046 1613 2073; x_wconf 90' lang='lat' dir='ltr'><strong>Deus.</strong></span> <span class='ocrx_word' id='word_1_480' title='bbox 1634 2045 1701 2078; x_wconf 81' lang='lat' dir='ltr'><strong>Quia</strong></span> <span class='ocrx_word' id='word_1_481' title='bbox 1720 2045 1803 2081; x_wconf 74' lang='lat' dir='ltr'><strong>igitur</strong></span> <span class='ocrx_word' id='word_1_482' title='bbox 1817 2045 1908 2072; x_wconf 84' lang='lat' dir='ltr'><strong>venie-</strong></span> 
     </span>
    </p>
   </div>
   <div class='ocr_carea' id='block_1_61' title="bbox 1124 2091 1908 2128">
    <p class='ocr_par' dir='ltr' id='par_1_61' title="bbox 1124 2091 1908 2128">
     <span class='ocr_line' id='line_1_61' title="bbox 1124 2091 1908 2128; baseline -0.004 -8"><span class='ocrx_word' id='word_1_483' title='bbox 1124 2094 1173 2121; x_wconf 89' lang='lat' dir='ltr'><strong>bat</strong></span> <span class='ocrx_word' id='word_1_484' title='bbox 1189 2097 1218 2120; x_wconf 92' lang='lat' dir='ltr'><strong>ut</strong></span> <span class='ocrx_word' id='word_1_485' title='bbox 1230 2093 1413 2128; x_wconf 82' lang='lat' dir='ltr'><strong>baptizaretur</strong></span> <span class='ocrx_word' id='word_1_486' title='bbox 1431 2096 1540 2127; x_wconf 87' lang='lat' dir='ltr'><strong>propter</strong></span> <span class='ocrx_word' id='word_1_487' title='bbox 1551 2099 1612 2124; x_wconf 88' lang='lat' dir='ltr'><strong>nos,</strong></span> <span class='ocrx_word' id='word_1_488' title='bbox 1631 2091 1749 2118; x_wconf 80' lang='lat' dir='ltr'><strong>Joannes</strong></span> <span class='ocrx_word' id='word_1_489' title='bbox 1763 2097 1908 2125; x_wconf 82' lang='lat' dir='ltr'><strong>antequam</strong></span> 
     </span>
    </p>
   </div>
   <div class='ocr_carea' id='block_1_62' title="bbox 1126 2137 1906 2175">
    <p class='ocr_par' dir='ltr' id='par_1_62' title="bbox 1126 2137 1906 2175">
     <span class='ocr_line' id='line_1_62' title="bbox 1126 2137 1906 2175; baseline -0.003 -9"><span class='ocrx_word' id='word_1_490' title='bbox 1126 2140 1355 2175; x_wconf 83' lang='lat' dir='ltr'><strong>appropinquaret</strong></span> <span class='ocrx_word' id='word_1_491' title='bbox 1368 2139 1413 2174; x_wconf 91' lang='lat' dir='ltr'><strong>qui</strong></span> <span class='ocrx_word' id='word_1_492' title='bbox 1426 2138 1603 2173; x_wconf 87' lang='lat' dir='ltr'><strong>baptizandus</strong></span> <span class='ocrx_word' id='word_1_493' title='bbox 1616 2142 1686 2170; x_wconf 86' lang='lat' dir='ltr'><strong>erat,</strong></span> <span class='ocrx_word' id='word_1_494' title='bbox 1702 2137 1765 2172; x_wconf 90' lang='lat' dir='ltr'><strong>quia</strong></span> <span class='ocrx_word' id='word_1_495' title='bbox 1780 2145 1831 2164; x_wconf 89' lang='lat' dir='ltr'><strong>vox</strong></span> <span class='ocrx_word' id='word_1_496' title='bbox 1847 2141 1906 2164; x_wconf 89' lang='lat' dir='ltr'><strong>erat</strong></span> 
     </span>
    </p>
   </div>
   <div class='ocr_carea' id='block_1_63' title="bbox 1124 2184 1905 2219">
    <p class='ocr_par' dir='ltr' id='par_1_63' title="bbox 1124 2184 1905 2219">
     <span class='ocr_line' id='line_1_63' title="bbox 1124 2184 1905 2219; baseline -0.004 -7"><span class='ocrx_word' id='word_1_497' title='bbox 1124 2193 1177 2212; x_wconf 89' lang='lat' dir='ltr'><strong>non</strong></span> <span class='ocrx_word' id='word_1_498' title='bbox 1196 2185 1288 2218; x_wconf 87' lang='lat' dir='ltr'><strong>tacuit,</strong></span> <span class='ocrx_word' id='word_1_499' title='bbox 1301 2185 1347 2212; x_wconf 87' lang='lat' dir='ltr'><strong>sed</strong></span> <span class='ocrx_word' id='word_1_500' title='bbox 1363 2185 1487 2212; x_wconf 85' lang='lat' dir='ltr'><strong>clamavit</strong></span> <span class='ocrx_word' id='word_1_501' title='bbox 1501 2185 1592 2212; x_wconf 86' lang='lat' dir='ltr'><strong>dicens</strong></span> <span class='ocrx_word' id='word_1_502' title='bbox 1607 2193 1614 2211; x_wconf 94' lang='lat'>:</span> <span class='ocrx_word' id='word_1_503' title='bbox 1627 2184 1712 2219; x_wconf 86' lang='lat' dir='ltr'><strong>quid?</strong></span> <span class='ocrx_word' id='word_1_504' title='bbox 1726 2184 1793 2210; x_wconf 75' lang='lat' dir='ltr'><strong>Ecce</strong></span> <span class='ocrx_word' id='word_1_505' title='bbox 1816 2184 1905 2219; x_wconf 62' lang='lat' dir='ltr'><strong>Agnus</strong></span> 
     </span>
    </p>
   </div>
   <div class='ocr_carea' id='block_1_64' title="bbox 1124 2229 1907 2268">
    <p class='ocr_par' dir='ltr' id='par_1_64' title="bbox 1124 2229 1907 2268">
     <span class='ocr_line' id='line_1_64' title="bbox 1124 2229 1907 2268; baseline 0.004 -11"><span class='ocrx_word' id='word_1_506' title='bbox 1124 2230 1173 2257; x_wconf 87' lang='lat' dir='ltr'><strong>Dei</strong></span> <span class='ocrx_word' id='word_1_507' title='bbox 1184 2230 1218 2257; x_wconf 73' lang='lat'><strong>“.</strong></span> <span class='ocrx_word' id='word_1_508' title='bbox 1248 2230 1343 2258; x_wconf 88' lang='lat' dir='ltr'><strong>Nonne</strong></span> <span class='ocrx_word' id='word_1_509' title='bbox 1370 2231 1470 2258; x_wconf 92' lang='lat' dir='ltr'><strong>dictum</strong></span> <span class='ocrx_word' id='word_1_510' title='bbox 1498 2230 1550 2258; x_wconf 85' lang='lat' dir='ltr'><strong>hoc</strong></span> <span class='ocrx_word' id='word_1_511' title='bbox 1573 2229 1693 2258; x_wconf 86' lang='lat' dir='ltr'><strong>ostendit</strong></span> <span class='ocrx_word' id='word_1_512' title='bbox 1719 2237 1780 2258; x_wconf 90' lang='lat' dir='ltr'><strong>eum</strong></span> <span class='ocrx_word' id='word_1_513' title='bbox 1804 2236 1851 2268; x_wconf 83' lang='lat' dir='ltr'><strong>qui</strong></span> <span class='ocrx_word' id='word_1_514' title='bbox 1876 2233 1907 2260; x_wconf 85' lang='lat' dir='ltr'><strong>ad</strong></span> 
     </span>
    </p>
   </div>
   <div class='ocr_carea' id='block_1_65' title="bbox 1125 2276 1908 2315">
    <p class='ocr_par' dir='ltr' id='par_1_65' title="bbox 1125 2276 1908 2315">
     <span class='ocr_line' id='line_1_65' title="bbox 1125 2276 1908 2315; baseline 0.003 -12"><span class='ocrx_word' id='word_1_515' title='bbox 1125 2277 1285 2311; x_wconf 83' lang='lat' dir='ltr'><strong>baptismum</strong></span> <span class='ocrx_word' id='word_1_516' title='bbox 1297 2277 1428 2304; x_wconf 81' lang='lat' dir='ltr'><strong>venerat?</strong></span> <span class='ocrx_word' id='word_1_517' title='bbox 1441 2277 1485 2312; x_wconf 91' lang='lat' dir='ltr'><strong>qui</strong></span> <span class='ocrx_word' id='word_1_518' title='bbox 1497 2277 1567 2304; x_wconf 91' lang='lat' dir='ltr'><strong>enim</strong></span> <span class='ocrx_word' id='word_1_519' title='bbox 1579 2276 1733 2313; x_wconf 73' lang='lat' dir='ltr'><strong>videbatur,</strong></span> <span class='ocrx_word' id='word_1_520' title='bbox 1747 2284 1805 2307; x_wconf 85' lang='lat' dir='ltr'><strong>erat</strong></span> <span class='ocrx_word' id='word_1_521' title='bbox 1816 2280 1908 2315; x_wconf 75' lang='lat' dir='ltr'><strong>Agnus</strong></span> 
     </span>
    </p>
   </div>
   <div class='ocr_carea' id='block_1_66' title="bbox 1124 2323 1908 2358">
    <p class='ocr_par' dir='ltr' id='par_1_66' title="bbox 1124 2323 1908 2358">
     <span class='ocr_line' id='line_1_66' title="bbox 1124 2323 1908 2358; baseline 0.005 -9"><span class='ocrx_word' id='word_1_522' title='bbox 1124 2323 1191 2350; x_wconf 79' lang='lat' dir='ltr'><strong>Dei:</strong></span> <span class='ocrx_word' id='word_1_523' title='bbox 1207 2323 1253 2358; x_wconf 93' lang='lat' dir='ltr'><strong>qui</strong></span> <span class='ocrx_word' id='word_1_524' title='bbox 1280 2328 1369 2350; x_wconf 89' lang='lat' dir='ltr'><strong>autem</strong></span> <span class='ocrx_word' id='word_1_525' title='bbox 1393 2323 1588 2357; x_wconf 87' lang='lat' dir='ltr'><strong>occultabalur,</strong></span> <span class='ocrx_word' id='word_1_526' title='bbox 1615 2326 1743 2353; x_wconf 86' lang='lat' dir='ltr'><strong>sacerdos</strong></span> <span class='ocrx_word' id='word_1_527' title='bbox 1758 2326 1817 2354; x_wconf 87' lang='lat' dir='ltr'><strong>Dei.</strong></span> <span class='ocrx_word' id='word_1_528' title='bbox 1838 2326 1908 2353; x_wconf 89' lang='lat' dir='ltr'><strong>Dicit</strong></span> 
     </span>
    </p>
   </div>
   <div class='ocr_carea' id='block_1_67' title="bbox 1122 2368 1909 2406">
    <p class='ocr_par' dir='ltr' id='par_1_67' title="bbox 1122 2368 1909 2406">
     <span class='ocr_line' id='line_1_67' title="bbox 1122 2368 1909 2406; baseline 0.003 -10"><span class='ocrx_word' id='word_1_529' title='bbox 1122 2376 1186 2403; x_wconf 80' lang='lat' dir='ltr'><strong>ergo</strong></span> <span class='ocrx_word' id='word_1_530' title='bbox 1201 2369 1336 2402; x_wconf 87' lang='lat' dir='ltr'><strong>Joannes,</strong></span> <span class='ocrx_word' id='word_1_531' title='bbox 1353 2368 1420 2396; x_wconf 77' lang='lat' dir='ltr'><strong>Ecce</strong></span> <span class='ocrx_word' id='word_1_532' title='bbox 1434 2369 1522 2406; x_wconf 75' lang='lat' dir='ltr'><strong>Agnus</strong></span> <span class='ocrx_word' id='word_1_533' title='bbox 1537 2372 1595 2400; x_wconf 87' lang='lat' dir='ltr'><strong>Dei.</strong></span> <span class='ocrx_word' id='word_1_534' title='bbox 1618 2371 1676 2400; x_wconf 87' lang='lat' dir='ltr'><strong>Non</strong></span> <span class='ocrx_word' id='word_1_535' title='bbox 1692 2376 1751 2399; x_wconf 86' lang='lat' dir='ltr'><strong>erat</strong></span> <span class='ocrx_word' id='word_1_536' title='bbox 1766 2376 1795 2398; x_wconf 92' lang='lat' dir='ltr'><strong>ut</strong></span> <span class='ocrx_word' id='word_1_537' title='bbox 1808 2372 1909 2399; x_wconf 86' lang='lat' dir='ltr'><strong>diceret</strong></span> 
     </span>
    </p>
   </div>
   <div class='ocr_carea' id='block_1_68' title="bbox 1123 2415 1907 2454">
    <p class='ocr_par' dir='ltr' id='par_1_68' title="bbox 1123 2415 1907 2454">
     <span class='ocr_line' id='line_1_68' title="bbox 1123 2415 1907 2454; baseline 0.004 -13"><span class='ocrx_word' id='word_1_538' title='bbox 1123 2415 1233 2448; x_wconf 85' lang='lat' dir='ltr'><strong>Filium,</strong></span> <span class='ocrx_word' id='word_1_539' title='bbox 1249 2423 1302 2442; x_wconf 92' lang='lat' dir='ltr'><strong>non</strong></span> <span class='ocrx_word' id='word_1_540' title='bbox 1318 2421 1377 2444; x_wconf 80' lang='lat' dir='ltr'><strong>erat</strong></span> <span class='ocrx_word' id='word_1_541' title='bbox 1394 2422 1423 2445; x_wconf 90' lang='lat' dir='ltr'><strong>ut</strong></span> <span class='ocrx_word' id='word_1_542' title='bbox 1434 2418 1536 2446; x_wconf 91' lang='lat' dir='ltr'><strong>diceret</strong></span> <span class='ocrx_word' id='word_1_543' title='bbox 1549 2425 1649 2454; x_wconf 77' lang='lat' dir='ltr'><strong>regem.</strong></span> <span class='ocrx_word' id='word_1_544' title='bbox 1674 2419 1727 2446; x_wconf 91' lang='lat' dir='ltr'><strong>Sed</strong></span> <span class='ocrx_word' id='word_1_545' title='bbox 1748 2418 1811 2452; x_wconf 89' lang='lat' dir='ltr'><strong>quia</strong></span> <span class='ocrx_word' id='word_1_546' title='bbox 1835 2418 1907 2445; x_wconf 86' lang='lat' dir='ltr'><strong>desi-</strong></span> 
     </span>
    </p>
   </div>
   <div class='ocr_carea' id='block_1_69' title="bbox 1123 2461 1906 2499">
    <p class='ocr_par' dir='ltr' id='par_1_69' title="bbox 1123 2461 1906 2499">
     <span class='ocr_line' id='line_1_69' title="bbox 1123 2461 1906 2499; baseline 0.004 -12"><span class='ocrx_word' id='word_1_547' title='bbox 1123 2462 1254 2490; x_wconf 88' lang='lat' dir='ltr'><strong>derabant</strong></span> <span class='ocrx_word' id='word_1_548' title='bbox 1268 2461 1332 2499; x_wconf 74' lang='lat' dir='ltr'><strong>justi</strong></span> <span class='ocrx_word' id='word_1_549' title='bbox 1358 2467 1385 2491; x_wconf 85' lang='lat' dir='ltr'><strong>et</strong></span> <span class='ocrx_word' id='word_1_550' title='bbox 1409 2464 1546 2499; x_wconf 66' lang='lat' dir='ltr'><strong>propheta:</strong></span> <span class='ocrx_word' id='word_1_551' title='bbox 1569 2468 1596 2491; x_wconf 91' lang='lat' dir='ltr'><strong>ct</strong></span> <span class='ocrx_word' id='word_1_552' title='bbox 1622 2471 1712 2499; x_wconf 75' lang='lat' dir='ltr'><strong>reges,</strong></span> <span class='ocrx_word' id='word_1_553' title='bbox 1736 2468 1765 2491; x_wconf 90' lang='lat' dir='ltr'><strong>ut</strong></span> <span class='ocrx_word' id='word_1_554' title='bbox 1784 2463 1906 2491; x_wconf 87' lang='lat' dir='ltr'><strong>viderent</strong></span> 
     </span>
    </p>
   </div>
   <div class='ocr_carea' id='block_1_70' title="bbox 1123 2508 1906 2545">
    <p class='ocr_par' dir='ltr' id='par_1_70' title="bbox 1123 2508 1906 2545">
     <span class='ocr_line' id='line_1_70' title="bbox 1123 2508 1906 2545; baseline -0.001 -10"><span class='ocrx_word' id='word_1_555' title='bbox 1123 2508 1237 2537; x_wconf 85' lang='lat' dir='ltr'><strong>salutem</strong></span> <span class='ocrx_word' id='word_1_556' title='bbox 1256 2509 1360 2543; x_wconf 87' lang='lat' dir='ltr'><strong>mundi,</strong></span> <span class='ocrx_word' id='word_1_557' title='bbox 1377 2511 1480 2545; x_wconf 87' lang='lat' dir='ltr'><strong>peccati</strong></span> <span class='ocrx_word' id='word_1_558' title='bbox 1493 2509 1790 2545; x_wconf 76' lang='lat' dir='ltr'><strong>mortem,corruptelae</strong></span> <span class='ocrx_word' id='word_1_559' title='bbox 1803 2516 1906 2536; x_wconf 83' lang='lat' dir='ltr'><strong>necem.</strong></span> 
     </span>
    </p>
   </div>
   <div class='ocr_carea' id='block_1_71' title="bbox 289 2549 1907 2592">
    <p class='ocr_par' dir='ltr' id='par_1_71' title="bbox 289 2549 1907 2592">
     <span class='ocr_line' id='line_1_71' title="bbox 289 2549 1907 2592; baseline -0.001 -8"><span class='ocrx_word' id='word_1_560' title='bbox 289 2556 341 2584; x_wconf 85' lang='lat' dir='ltr'><strong>hoc</strong></span> <span class='ocrx_word' id='word_1_561' title='bbox 355 2557 521 2591; x_wconf 80' lang='lat' dir='ltr'><strong>frequenter,</strong></span> <span class='ocrx_word' id='word_1_562' title='bbox 537 2557 558 2584; x_wconf 88' lang='lat' dir='ltr'><strong>si</strong></span> <span class='ocrx_word' id='word_1_563' title='bbox 575 2556 748 2591; x_wconf 81' lang='lat' dir='ltr'><strong>Evangelium</strong></span> <span class='ocrx_word' id='word_1_564' title='bbox 761 2556 840 2592; x_wconf 76' lang='lat' dir='ltr'><strong>legis,</strong></span> <span class='ocrx_word' id='word_1_565' title='bbox 852 2556 972 2583; x_wconf 80' lang='lat' dir='ltr'><strong>invenies</strong></span> <span class='ocrx_word' id='word_1_566' title='bbox 986 2556 1073 2584; x_wconf 82' lang='lat' dir='ltr'><strong>diccn-</strong></span> <span class='ocrx_word' id='word_1_567' title='bbox 1085 2549 1108 2582; x_wconf 89' lang='lat' dir='ltr'><strong><em>C</em></strong></span> <span class='ocrx_word' id='word_1_568' title='bbox 1124 2555 1191 2589; x_wconf 84' lang='lat' dir='ltr'><strong>Quia</strong></span> <span class='ocrx_word' id='word_1_569' title='bbox 1205 2556 1277 2584; x_wconf 89' lang='lat' dir='ltr'><strong>enim</strong></span> <span class='ocrx_word' id='word_1_570' title='bbox 1302 2556 1353 2585; x_wconf 83' lang='lat' dir='ltr'><strong>ista</strong></span> <span class='ocrx_word' id='word_1_571' title='bbox 1369 2561 1431 2584; x_wconf 88' lang='lat' dir='ltr'><strong>erat</strong></span> <span class='ocrx_word' id='word_1_572' title='bbox 1451 2557 1617 2591; x_wconf 85' lang='lat' dir='ltr'><strong>exspectatio</strong></span> <span class='ocrx_word' id='word_1_573' title='bbox 1636 2556 1781 2591; x_wconf 78' lang='lat' dir='ltr'><strong>iustorum,</strong></span> <span class='ocrx_word' id='word_1_574' title='bbox 1799 2555 1907 2591; x_wconf 83' lang='lat' dir='ltr'><strong>quando</strong></span> 
     </span>
    </p>
   </div>
   <div class='ocr_carea' id='block_1_72' title="bbox 290 2602 1071 2638">
    <p class='ocr_par' dir='ltr' id='par_1_72' title="bbox 290 2602 1071 2638">
     <span class='ocr_line' id='line_1_72' title="bbox 290 2602 1071 2638; baseline 0 -9"><span class='ocrx_word' id='word_1_575' title='bbox 290 2608 361 2631; x_wconf 85' lang='lat' dir='ltr'><strong>tem:</strong></span> <span class='ocrx_word' id='word_1_576' title='bbox 374 2603 406 2630; x_wconf 86' lang='lat' dir='ltr'><strong>In</strong></span> <span class='ocrx_word' id='word_1_577' title='bbox 425 2604 554 2638; x_wconf 79' lang='lat' dir='ltr'><strong>principio</strong></span> <span class='ocrx_word' id='word_1_578' title='bbox 569 2609 634 2635; x_wconf 81' lang='lat' dir='ltr'><strong>erat,</strong></span> <span class='ocrx_word' id='word_1_579' title='bbox 647 2608 684 2637; x_wconf 85' lang='lat' dir='ltr'><strong>et,</strong></span> <span class='ocrx_word' id='word_1_580' title='bbox 696 2603 765 2636; x_wconf 83' lang='lat' dir='ltr'><strong>apud</strong></span> <span class='ocrx_word' id='word_1_581' title='bbox 775 2602 858 2629; x_wconf 83' lang='lat' dir='ltr'><strong>Deum</strong></span> <span class='ocrx_word' id='word_1_582' title='bbox 872 2607 937 2635; x_wconf 84' lang='lat' dir='ltr'><strong>erat,</strong></span> <span class='ocrx_word' id='word_1_583' title='bbox 953 2608 990 2635; x_wconf 92' lang='lat' dir='ltr'><strong>ct,</strong></span> <span class='ocrx_word' id='word_1_584' title='bbox 1003 2602 1071 2629; x_wconf 72' lang='lat' dir='ltr'><strong>Deus</strong></span> 
     </span>
    </p>
   </div>
   <div class='ocr_carea' id='block_1_73' title="bbox 289 2647 1071 2684">
    <p class='ocr_par' dir='ltr' id='par_1_73' title="bbox 289 2647 1071 2684">
     <span class='ocr_line' id='line_1_73' title="bbox 289 2647 1071 2684; baseline 0.001 -10"><span class='ocrx_word' id='word_1_585' title='bbox 289 2654 345 2676; x_wconf 78' lang='lat' dir='ltr'><strong>erat</strong></span> <span class='ocrx_word' id='word_1_586' title='bbox 362 2659 370 2678; x_wconf 96' lang='lat'><em>:</em></span> <span class='ocrx_word' id='word_1_587' title='bbox 385 2649 418 2676; x_wconf 85' lang='lat' dir='ltr'><strong><em>In</em></strong></span> <span class='ocrx_word' id='word_1_588' title='bbox 438 2651 565 2684; x_wconf 74' lang='lat' dir='ltr'><strong>principia</strong></span> <span class='ocrx_word' id='word_1_589' title='bbox 593 2651 662 2678; x_wconf 89' lang='lat' dir='ltr'><strong>enim</strong></span> <span class='ocrx_word' id='word_1_590' title='bbox 691 2653 747 2677; x_wconf 75' lang='lat' dir='ltr'><strong>erat</strong></span> <span class='ocrx_word' id='word_1_591' title='bbox 775 2647 896 2682; x_wconf 82' lang='lat' dir='ltr'><strong>Verbum,</strong></span> <span class='ocrx_word' id='word_1_592' title='bbox 921 2656 945 2677; x_wconf 87' lang='lat' dir='ltr'><strong>et</strong></span> <span class='ocrx_word' id='word_1_593' title='bbox 960 2650 1071 2677; x_wconf 82' lang='lat' dir='ltr'><strong>Verbum</strong></span> 
     </span>
    </p>
   </div>
   <div class='ocr_carea' id='block_1_74' title="bbox 1123 2601 1904 2638">
    <p class='ocr_par' dir='ltr' id='par_1_74' title="bbox 1123 2601 1904 2638">
     <span class='ocr_line' id='line_1_74' title="bbox 1123 2601 1904 2638; baseline -0.003 -8"><span class='ocrx_word' id='word_1_594' title='bbox 1123 2603 1229 2630; x_wconf 86' lang='lat' dir='ltr'><strong>veniret</strong></span> <span class='ocrx_word' id='word_1_595' title='bbox 1241 2602 1265 2631; x_wconf 88' lang='lat' dir='ltr'><strong>is</strong></span> <span class='ocrx_word' id='word_1_596' title='bbox 1277 2603 1322 2638; x_wconf 88' lang='lat' dir='ltr'><strong>qui</strong></span> <span class='ocrx_word' id='word_1_597' title='bbox 1337 2607 1428 2631; x_wconf 79' lang='lat' dir='ltr'><strong>nosset</strong></span> <span class='ocrx_word' id='word_1_598' title='bbox 1441 2607 1467 2630; x_wconf 90' lang='lat' dir='ltr'><strong>et</strong></span> <span class='ocrx_word' id='word_1_599' title='bbox 1483 2602 1629 2630; x_wconf 87' lang='lat' dir='ltr'><strong>resolveret</strong></span> <span class='ocrx_word' id='word_1_600' title='bbox 1640 2609 1672 2630; x_wconf 87' lang='lat' dir='ltr'><strong>ea</strong></span> <span class='ocrx_word' id='word_1_601' title='bbox 1686 2609 1746 2636; x_wconf 70' lang='lat' dir='ltr'><strong>qua:</strong></span> <span class='ocrx_word' id='word_1_602' title='bbox 1760 2609 1809 2636; x_wconf 90' lang='lat' dir='ltr'><strong>per</strong></span> <span class='ocrx_word' id='word_1_603' title='bbox 1821 2601 1904 2628; x_wconf 83' lang='lat' dir='ltr'><strong>Adam</strong></span> 
     </span>
    </p>
   </div>
   <div class='ocr_carea' id='block_1_75' title="bbox 1126 2648 1905 2685">
    <p class='ocr_par' dir='ltr' id='par_1_75' title="bbox 1126 2648 1905 2685">
     <span class='ocr_line' id='line_1_75' title="bbox 1126 2648 1905 2685; baseline -0.003 -9"><span class='ocrx_word' id='word_1_604' title='bbox 1126 2650 1195 2676; x_wconf 88' lang='lat' dir='ltr'><strong>mala</strong></span> <span class='ocrx_word' id='word_1_605' title='bbox 1217 2650 1326 2678; x_wconf 85' lang='lat' dir='ltr'><strong>inducta</strong></span> <span class='ocrx_word' id='word_1_606' title='bbox 1346 2655 1418 2682; x_wconf 88' lang='lat' dir='ltr'><strong>sunt,</strong></span> <span class='ocrx_word' id='word_1_607' title='bbox 1432 2650 1492 2677; x_wconf 86' lang='lat' dir='ltr'><strong>ideo</strong></span> <span class='ocrx_word' id='word_1_608' title='bbox 1504 2649 1577 2677; x_wconf 89' lang='lat' dir='ltr'><strong>venit</strong></span> <span class='ocrx_word' id='word_1_609' title='bbox 1587 2653 1614 2676; x_wconf 85' lang='lat' dir='ltr'><strong>et</strong></span> <span class='ocrx_word' id='word_1_610' title='bbox 1627 2649 1751 2685; x_wconf 81' lang='lat' dir='ltr'><strong>apparuit</strong></span> <span class='ocrx_word' id='word_1_611' title='bbox 1766 2648 1905 2676; x_wconf 85' lang='lat' dir='ltr'><strong>Dominus.</strong></span> 
     </span>
    </p>
   </div>
   <div class='ocr_carea' id='block_1_76' title="bbox 325 2707 1339 2742">
    <p class='ocr_par' dir='ltr' id='par_1_76' title="bbox 325 2707 1339 2742">
     <span class='ocr_line' id='line_1_76' title="bbox 325 2707 1339 2742; baseline 0 -6"><span class='ocrx_word' id='word_1_612' title='bbox 325 2707 346 2724; x_wconf 87' lang='lat'><strong>&quot;</strong></span> <span class='ocrx_word' id='word_1_613' title='bbox 364 2708 458 2736; x_wconf 83' lang='lat' dir='ltr'><strong>Matth.</strong></span> <span class='ocrx_word' id='word_1_614' title='bbox 474 2717 516 2740; x_wconf 87' lang='grc' dir='ltr'>ιιι,</span> <span class='ocrx_word' id='word_1_615' title='bbox 534 2710 578 2736; x_wconf 75' lang='grc'><strong>17.</strong></span> <span class='ocrx_word' id='word_1_616' title='bbox 615 2711 638 2726; x_wconf 78' lang='grc'><strong>⁸⁸</strong></span> <span class='ocrx_word' id='word_1_617' title='bbox 649 2710 726 2738; x_wconf 78' lang='lat' dir='ltr'><strong>Joan.</strong></span> <span class='ocrx_word' id='word_1_618' title='bbox 740 2710 857 2741; x_wconf 66' lang='lat'><strong>“11,29.</strong></span> <span class='ocrx_word' id='word_1_619' title='bbox 896 2710 918 2725; x_wconf 79' lang='grc'><strong>⁵³</strong></span> <span class='ocrx_word' id='word_1_620' title='bbox 933 2709 1011 2736; x_wconf 84' lang='lat' dir='ltr'><strong>Joan.</strong></span> <span class='ocrx_word' id='word_1_621' title='bbox 1026 2717 1044 2741; x_wconf 86' lang='lat' dir='ltr'><strong>t,</strong></span> <span class='ocrx_word' id='word_1_622' title='bbox 1067 2709 1092 2742; x_wconf 87' lang='lat' dir='ltr'><strong>l,</strong></span> <span class='ocrx_word' id='word_1_623' title='bbox 1108 2709 1135 2736; x_wconf 80' lang='grc'><strong>2.</strong></span> <span class='ocrx_word' id='word_1_624' title='bbox 1172 2709 1196 2725; x_wconf 65' lang='grc'><strong>⁵⁵</strong></span> <span class='ocrx_word' id='word_1_625' title='bbox 1213 2710 1279 2737; x_wconf 86' lang='lat' dir='ltr'><strong>ibid.</strong></span> <span class='ocrx_word' id='word_1_626' title='bbox 1294 2709 1339 2737; x_wconf 74' lang='lat'><strong>29.</strong></span> 
     </span>
    </p>
   </div>
   <div class='ocr_carea' id='block_1_77' title="bbox 325 2755 1067 2791">
    <p class='ocr_par' dir='ltr' id='par_1_77' title="bbox 325 2755 1067 2791">
     <span class='ocr_line' id='line_1_77' title="bbox 325 2755 1067 2791; baseline 0.001 -10"><span class='ocrx_word' id='word_1_627' title='bbox 325 2755 379 2791; x_wconf 69' lang='lat'><strong>(62)</strong></span> <span class='ocrx_word' id='word_1_628' title='bbox 392 2756 599 2784; x_wconf 85' lang='lat' dir='ltr'><strong>Emendationes</strong></span> <span class='ocrx_word' id='word_1_629' title='bbox 615 2761 642 2783; x_wconf 91' lang='lat' dir='ltr'><strong>el</strong></span> <span class='ocrx_word' id='word_1_630' title='bbox 654 2758 733 2784; x_wconf 77' lang='lat' dir='ltr'><strong>varia:</strong></span> <span class='ocrx_word' id='word_1_631' title='bbox 748 2757 886 2787; x_wconf 67' lang='lat' dir='ltr'><strong>lectiones,</strong></span> <span class='ocrx_word' id='word_1_632' title='bbox 901 2765 932 2783; x_wconf 80' lang='lat' dir='ltr'><strong>ex</strong></span> <span class='ocrx_word' id='word_1_633' title='bbox 944 2756 1003 2783; x_wconf 85' lang='lat' dir='ltr'><strong>cod.</strong></span> <span class='ocrx_word' id='word_1_634' title='bbox 1018 2764 1067 2782; x_wconf 93' lang='lat' dir='ltr'><strong>ms.</strong></span> 
     </span>
    </p>
   </div>
   <div class='ocr_carea' id='block_1_78' title="bbox 289 2790 1070 2826">
    <p class='ocr_par' dir='ltr' id='par_1_78' title="bbox 289 2790 1070 2826">
     <span class='ocr_line' id='line_1_78' title="bbox 289 2790 1070 2826; baseline -0.001 -9"><span class='ocrx_word' id='word_1_635' title='bbox 289 2790 319 2817; x_wconf 89' lang='lat' dir='ltr'><strong>S.</strong></span> <span class='ocrx_word' id='word_1_636' title='bbox 337 2790 454 2817; x_wconf 84' lang='lat' dir='ltr'><strong>Cornelii</strong></span> <span class='ocrx_word' id='word_1_637' title='bbox 469 2791 700 2826; x_wconf 78' lang='lat' dir='ltr'><strong>Compendiensis.</strong></span> <span class='ocrx_word' id='word_1_638' title='bbox 724 2791 806 2818; x_wconf 81' lang='lat' dir='ltr'><strong>Crede</strong></span> <span class='ocrx_word' id='word_1_639' title='bbox 821 2801 882 2819; x_wconf 74' lang='lat' dir='ltr'><strong>sane</strong></span> <span class='ocrx_word' id='word_1_640' title='bbox 898 2799 920 2819; x_wconf 87' lang='lat' dir='ltr'><strong>et</strong></span> <span class='ocrx_word' id='word_1_641' title='bbox 935 2791 1010 2818; x_wconf 80' lang='lat' dir='ltr'><strong>Patri</strong></span> <span class='ocrx_word' id='word_1_642' title='bbox 1025 2792 1070 2817; x_wconf 82' lang='lat' dir='ltr'><strong>de-</strong></span> 
     </span>
    </p>
   </div>
   <div class='ocr_carea' id='block_1_79' title="bbox 288 2826 770 2860">
    <p class='ocr_par' dir='ltr' id='par_1_79' title="bbox 288 2826 770 2860">
     <span class='ocr_line' id='line_1_79' title="bbox 288 2826 770 2860; baseline 0.002 -8"><span class='ocrx_word' id='word_1_643' title='bbox 288 2827 445 2852; x_wconf 65' lang='lat' dir='ltr'><strong>mmutranti</strong></span> <span class='ocrx_word' id='word_1_644' title='bbox 460 2828 521 2860; x_wconf 80' lang='lat' dir='ltr'><strong>quia</strong></span> <span class='ocrx_word' id='word_1_645' title='bbox 535 2827 610 2853; x_wconf 77' lang='lat' dir='ltr'><strong>habet</strong></span> <span class='ocrx_word' id='word_1_646' title='bbox 622 2832 646 2853; x_wconf 82' lang='lat' dir='ltr'><strong>et</strong></span> <span class='ocrx_word' id='word_1_647' title='bbox 663 2826 770 2853; x_wconf 78' lang='lat' dir='ltr'><strong>Filium.</strong></span> 
     </span>
    </p>
   </div>
   <div class='ocr_carea' id='block_1_80' title="bbox 327 2860 1070 2895">
    <p class='ocr_par' dir='ltr' id='par_1_80' title="bbox 327 2860 1070 2895">
     <span class='ocr_line' id='line_1_80' title="bbox 327 2860 1070 2895; baseline 0.003 -9"><span class='ocrx_word' id='word_1_648' title='bbox 327 2860 382 2894; x_wconf 68' lang='lat'><strong>{65)</strong></span> <span class='ocrx_word' id='word_1_649' title='bbox 406 2860 505 2887; x_wconf 81' lang='lat' dir='ltr'><strong>Ms.&#39;Et</strong></span> <span class='ocrx_word' id='word_1_650' title='bbox 529 2870 586 2887; x_wconf 82' lang='lat' dir='ltr'><strong>cum</strong></span> <span class='ocrx_word' id='word_1_651' title='bbox 614 2862 646 2887; x_wconf 72' lang='lat' dir='ltr'><strong>sit</strong></span> <span class='ocrx_word' id='word_1_652' title='bbox 667 2861 714 2888; x_wconf 88' lang='lat' dir='ltr'><strong>Dei</strong></span> <span class='ocrx_word' id='word_1_653' title='bbox 730 2861 828 2895; x_wconf 76' lang='lat' dir='ltr'><strong>Filius,</strong></span> <span class='ocrx_word' id='word_1_654' title='bbox 857 2870 906 2889; x_wconf 86' lang='lat' dir='ltr'><strong>non</strong></span> <span class='ocrx_word' id='word_1_655' title='bbox 926 2862 1070 2890; x_wconf 80' lang='lat' dir='ltr'><strong>intermittit</strong></span> 
     </span>
    </p>
   </div>
   <div class='ocr_carea' id='block_1_81' title="bbox 290 2896 638 2929">
    <p class='ocr_par' dir='ltr' id='par_1_81' title="bbox 290 2896 638 2929">
     <span class='ocr_line' id='line_1_81' title="bbox 290 2896 638 2929; baseline -0.003 -6"><span class='ocrx_word' id='word_1_656' title='bbox 290 2897 371 2923; x_wconf 70' lang='lat' dir='ltr'><strong>ullum</strong></span> <span class='ocrx_word' id='word_1_657' title='bbox 389 2896 524 2929; x_wconf 77' lang='lat' dir='ltr'><strong>imperium</strong></span> <span class='ocrx_word' id='word_1_658' title='bbox 539 2896 638 2929; x_wconf 66' lang='lat' dir='ltr'><strong>Eatris.</strong></span> 
     </span>
    </p>
   </div>
   <div class='ocr_carea' id='block_1_82' title="bbox 1158 2754 1904 2791">
    <p class='ocr_par' dir='ltr' id='par_1_82' title="bbox 1158 2754 1904 2791">
     <span class='ocr_line' id='line_1_82' title="bbox 1158 2754 1904 2791; baseline -0.004 -8"><span class='ocrx_word' id='word_1_659' title='bbox 1158 2755 1213 2791; x_wconf 62' lang='grc' dir='ltr'><strong>(ϐλ)</strong></span> <span class='ocrx_word' id='word_1_660' title='bbox 1233 2756 1281 2783; x_wconf 85' lang='lat' dir='ltr'><strong>Ms.</strong></span> <span class='ocrx_word' id='word_1_661' title='bbox 1301 2756 1332 2784; x_wconf 83' lang='lat' dir='ltr'><strong>Si</strong></span> <span class='ocrx_word' id='word_1_662' title='bbox 1350 2760 1436 2783; x_wconf 85' lang='lat' dir='ltr'><strong>autem</strong></span> <span class='ocrx_word' id='word_1_663' title='bbox 1452 2756 1516 2783; x_wconf 82' lang='lat' dir='ltr'><strong>dicit</strong></span> <span class='ocrx_word' id='word_1_664' title='bbox 1532 2755 1634 2790; x_wconf 73' lang='lat' dir='ltr'><strong>Filius,</strong></span> <span class='ocrx_word' id='word_1_665' title='bbox 1650 2755 1715 2789; x_wconf 82' lang='lat' dir='ltr'><strong>Quae</strong></span> <span class='ocrx_word' id='word_1_666' title='bbox 1729 2754 1779 2790; x_wconf 90' lang='lat' dir='ltr'><strong>ipsi</strong></span> <span class='ocrx_word' id='word_1_667' title='bbox 1799 2754 1904 2790; x_wconf 83' lang='lat' dir='ltr'><strong>placent</strong></span> 
     </span>
    </p>
   </div>
   <div class='ocr_carea' id='block_1_83' title="bbox 1125 2791 1326 2824">
    <p class='ocr_par' dir='ltr' id='par_1_83' title="bbox 1125 2791 1326 2824">
     <span class='ocr_line' id='line_1_83' title="bbox 1125 2791 1326 2824; baseline -0.005 -6"><span class='ocrx_word' id='word_1_668' title='bbox 1125 2791 1195 2818; x_wconf 80' lang='lat' dir='ltr'><strong>facio</strong></span> <span class='ocrx_word' id='word_1_669' title='bbox 1211 2799 1326 2824; x_wconf 81' lang='lat' dir='ltr'><strong>semper.</strong></span> 
     </span>
    </p>
   </div>
   <div class='ocr_carea' id='block_1_84' title="bbox 1159 2825 1901 2860">
    <p class='ocr_par' dir='ltr' id='par_1_84' title="bbox 1159 2825 1901 2860">
     <span class='ocr_line' id='line_1_84' title="bbox 1159 2825 1901 2860; baseline -0.004 -8"><span class='ocrx_word' id='word_1_670' title='bbox 1159 2826 1215 2859; x_wconf 72' lang='lat'><strong>(65)</strong></span> <span class='ocrx_word' id='word_1_671' title='bbox 1236 2826 1284 2853; x_wconf 80' lang='lat' dir='ltr'><strong>Ms.</strong></span> <span class='ocrx_word' id='word_1_672' title='bbox 1304 2826 1428 2860; x_wconf 77' lang='lat' dir='ltr'><strong>[ndigens</strong></span> <span class='ocrx_word' id='word_1_673' title='bbox 1452 2826 1578 2860; x_wconf 78' lang='lat' dir='ltr'><strong>baptismo</strong></span> <span class='ocrx_word' id='word_1_674' title='bbox 1596 2826 1665 2853; x_wconf 76' lang='lat' dir='ltr'><strong>venit</strong></span> <span class='ocrx_word' id='word_1_675' title='bbox 1679 2825 1714 2852; x_wconf 82' lang='lat' dir='ltr'><strong>ad</strong></span> <span class='ocrx_word' id='word_1_676' title='bbox 1736 2825 1901 2858; x_wconf 71' lang='lat' dir='ltr'><strong>baptismum.</strong></span> 
     </span>
    </p>
   </div>
   <div class='ocr_carea' id='block_1_85' title="bbox 1161 2861 1901 2895">
    <p class='ocr_par' dir='ltr' id='par_1_85' title="bbox 1161 2861 1901 2895">
     <span class='ocr_line' id='line_1_85' title="bbox 1161 2861 1901 2895; baseline -0.003 -9"><span class='ocrx_word' id='word_1_677' title='bbox 1161 2862 1216 2894; x_wconf 66' lang='grc'><strong>(66)</strong></span> <span class='ocrx_word' id='word_1_678' title='bbox 1236 2861 1282 2887; x_wconf 81' lang='lat' dir='ltr'><strong>Ms.</strong></span> <span class='ocrx_word' id='word_1_679' title='bbox 1300 2861 1330 2888; x_wconf 84' lang='lat' dir='ltr'><strong>Si</strong></span> <span class='ocrx_word' id='word_1_680' title='bbox 1347 2862 1427 2895; x_wconf 85' lang='lat' dir='ltr'><strong>igitur</strong></span> <span class='ocrx_word' id='word_1_681' title='bbox 1443 2867 1465 2886; x_wconf 86' lang='lat' dir='ltr'><strong>et</strong></span> <span class='ocrx_word' id='word_1_682' title='bbox 1486 2869 1533 2888; x_wconf 71' lang='lat' dir='ltr'><strong>vox</strong></span> <span class='ocrx_word' id='word_1_683' title='bbox 1546 2861 1668 2893; x_wconf 69' lang='lat' dir='ltr'><strong>Joannis,</strong></span> <span class='ocrx_word' id='word_1_684' title='bbox 1685 2861 1730 2895; x_wconf 82' lang='lat' dir='ltr'><strong>qui</strong></span> <span class='ocrx_word' id='word_1_685' title='bbox 1744 2867 1793 2887; x_wconf 73' lang='grc' dir='ltr'><strong>ινα-τ</strong></span> <span class='ocrx_word' id='word_1_686' title='bbox 1807 2861 1901 2890; x_wconf 69' lang='lat' dir='ltr'><strong>didita,</strong></span> 
     </span>
    </p>
   </div>
   <div class='ocr_carea' id='block_1_86' title="bbox 1125 2897 1480 2930">
    <p class='ocr_par' dir='ltr' id='par_1_86' title="bbox 1125 2897 1480 2930">
     <span class='ocr_line' id='line_1_86' title="bbox 1125 2897 1480 2930; baseline -0.006 -6"><span class='ocrx_word' id='word_1_687' title='bbox 1125 2905 1175 2924; x_wconf 84' lang='lat' dir='ltr'><strong>non</strong></span> <span class='ocrx_word' id='word_1_688' title='bbox 1195 2897 1322 2930; x_wconf 75' lang='lat' dir='ltr'><strong>mtmiptt</strong></span> <span class='ocrx_word' id='word_1_689' title='bbox 1340 2897 1480 2923; x_wconf 78' lang='lat' dir='ltr'><strong>hominem.</strong></span> 
     </span>
    </p>
   </div>
  </div>
