2024 3208
134 176 205 206 1049
218 176 221 180 ’

573 174 617 203 DE
633 174 711 203 FIDE
729 172 911 202 ADVERSUS
929 169 1135 200 SABELLIUM.
1155 185 1189 191 -
1207 168 1272 197 LIB.
1291 168 1313 197 Ῑ.

1678 153 1752 195 toso

134 235 267 272 Apparuit
282 239 372 263 autem
388 242 436 271 per
452 242 549 270 corpus
563 235 586 262 is
598 235 643 269 qui
656 238 828 262 eratnaturze
848 234 916 261 iuvi-
969 237 1023 259 tur.
1045 230 1155 258 Andebo
1173 235 1238 257 sane
1253 228 1342 256 dicere
1358 234 1420 254 vera
1438 236 1445 254 :
1464 226 1524 261 quia
1539 233 1590 253 non
1603 226 1690 253 solum
1707 227 1749 253 ni-

134 283 219 311 sibilis
230 282 297 318 (67).
309 281 486 317 Congaudens
502 281 582 317 igitur
596 281 672 308 nobis
685 280 801 308 Joannes
813 285 840 308 et
852 280 913 313 sibi,

133 337 228 357 omnes
240 330 312 356 enim
330 329 484 364 indigebant
503 328 615 356 salutem
637 335 696 362 qua
719 335 733 355 τι
749 327 862 355 Domino
874 331 916 354 est

134 375 202 412 (63),
225 374 425 410 evangelizans,
450 379 477 401 et
500 374 672 409 semetipsum
697 377 724 400 et
748 380 807 405 nos,
819 372 916 408 gaudio

134 421 255 457 gaudens
268 421 303 448 ob
318 421 491 455 praesentiam
508 421 612 455 sponsi,
628 421 706 451 Ecce,
725 419 822 453 inquit,
845 419 915 453 quod

134 467 355 500 exspectabatur,
379 474 443 494 ecce
468 474 541 502 spes,
564 474 627 494 ecce
646 466 730 493 salus:
757 465 824 500 Spes
845 465 915 492 bona

134 512 291 539 hominibus
308 516 475 546 assumptum
499 517 620 538 nostrqu
642 516 683 538 est
708 518 818 545 corpus,
836 517 918 537 vene-

136 565 199 584 num
218 556 383 584 exstinctum
402 561 442 584 est
471 556 580 588 diaboli.
600 556 774 583 mortiﬁcatus
796 559 838 583 est
859 562 914 582 ser-

135 610 203 637 pens
219 611 225 629 :
241 602 318 629 fortis
340 602 412 629 enim
437 606 480 628 est
501 601 545 636 qui
570 601 725 635 assumpsit.
747 600 817 627 Ecce
844 599 916 634 quod

137 647 356 682 exspectabatur,
376 654 439 674 ecce
451 647 521 681 quod
534 647 703 680 sperabatur,
722 653 784 673 ecce
803 645 918 672 admira-

138 695 175 722 tio
191 704 198 721 :
213 693 326 721 solvitur
337 693 393 728 jam
412 696 561 726 peccatum,
582 692 744 719 interﬁcitur
757 699 841 723 mors,
861 691 917 724 pel—

140 741 204 767 litur
216 741 369 774 corruptela
386 747 393 765 :
410 739 476 766 Ecce
497 747 579 773 agnus
593 738 655 771 Dei,
670 739 714 773 qui
728 738 795 765 tollit
813 744 916 771 peccata

139 786 229 812 mundi
242 786 276 812 ".
301 785 369 818 Quid
394 784 498 819 inquit.
521 792 570 819 ego
600 784 693 811 laboro
714 786 740 810 iu
761 783 917 818 ptenitentia

139 828 298 864 baptilaus?
313 828 388 863 quid,
403 827 510 854 insudo?
525 827 684 862 baptismum
698 827 768 853 enim
786 828 855 862 quod
871 834 918 861 per

139 873 268 901 Joannem
284 874 409 906 dabatur,
433 882 483 900 non
500 879 559 900 erat
582 874 706 900 idoneum
723 874 756 899 ad
780 873 916 908 purgatio-

140 927 221 952 nem;
247 920 308 954 quia
331 927 382 947 non
412 920 594 946 remissionem
616 923 788 952 peccaturum
813 923 918 952 poterat
932 910 953 937 Β

140 965 256 994 Joannes
271 966 345 999 dare,
361 967 407 993 sed
424 967 582 993 hortabatur
596 965 629 992 ad
641 965 835 1000 paenitentiam.
854 964 918 992 Ser-

139 1021 189 1041 vus
210 1014 282 1041 enim
298 1018 375 1046 erat,
397 1018 424 1040 et
449 1021 501 1041 non
517 1018 623 1049 poterat
643 1014 763 1040 donare:
781 1012 830 1040 soli
846 1013 918 1040 enim

141 1059 254 1086 Domino
269 1059 330 1087 licet
350 1067 397 1086 sua
411 1059 522 1086 donare.
535 1059 615 1092 Quid,
631 1058 729 1093 inquit,
743 1058 849 1092 baptizu
862 1058 917 1091 jam

141 1112 190 1140 ego
203 1104 235 1131 ad
252 1106 436 1139 pmnitentiam
449 1105 460 1131 ?
475 1105 543 1132 Ecce
558 1105 603 1139 qui
620 1105 707 1138 tollit,
720 1111 782 1131 ecce
795 1104 839 1138 qui
855 1111 921 1130 exu-

142 1151 187 1182 rit,
201 1151 248 1185 qui
265 1151 394 1183 eradicat,
414 1152 459 1185 qui
477 1151 582 1185 penitus
594 1150 684 1178 evellit
700 1154 851 1184 peccatum,
869 1157 920 1176 non

142 1196 220 1223 unius
245 1201 291 1223 aut
317 1197 435 1231 quinque
458 1200 505 1222 aut
528 1203 573 1223 sex
602 1196 741 1223 hominum
766 1195 811 1229 qui
834 1203 848 1221 a
879 1201 922 1222 me

143 1243 327 1278 baptizantur,
345 1243 392 1270 sed
412 1243 503 1274 totius,
518 1242 614 1277 inquit,
631 1241 733 1269 tnundi.
751 1240 836 1268 Homo
849 1241 920 1267 enim

143 1296 194 1316 non
209 1292 315 1323 poterat
329 1288 409 1315 totius
423 1288 514 1315 tnundi
532 1292 640 1322 peccata
664 1287 765 1318 tollere,
787 1286 849 1320 quia
862 1294 922 1313 om—

143 1341 191 1361 nes
211 1333 334 1361 homines
354 1341 386 1360 ex
401 1333 497 1365 Adam,
515 1338 542 1361 et
566 1341 616 1360 non
635 1340 667 1360 es
686 1332 749 1360 Deo.
787 1331 844 1359 Non
859 1331 922 1367 quia

143 1384 182 1406 est
202 1379 300 1414 aliquis
316 1379 361 1414 qui
388 1387 439 1406 non
456 1383 497 1406 est
520 1386 535 1405 a
552 1378 607 1405 Deo
623 1383 729 1406 creatus
751 1385 798 1413 per
812 1377 922 1410 Filium,

144 1425 190 1452 sed
206 1425 294 1452 omnis
309 1425 390 1452 homo
404 1424 503 1459 quique
519 1424 660 1459 progenies
674 1424 737 1451 Adae
754 1428 810 1456 est,
826 1428 851 1451 el
870 1431 923 1450 non

143 1471 292 1499 nativitatis
306 1471 424 1506 peccatis
439 1471 569 1506 subiacet.
584 1471 638 1499 Nos
653 1471 723 1498 enim
740 1471 765 1497 in
785 1470 839 1497 ictu
855 1474 882 1497 et
896 1471 923 1496 in

134 1512 239 1552 exigua
260 1517 311 1544 hac
326 1517 378 1543 vita
402 1517 540 1544 constituti
564 1524 707 1551 peccamus
737 1521 762 1543 et
787 1515 876 1551 lingua
897 1519 926 1542 et

143 1563 260 1590 actibus;
284 1562 334 1596 Qui
356 1568 444 1590 autem
459 1567 597 1598 peccatum
616 1570 668 1589 non
687 1562 760 1594 fecit,
776 1569 864 1596 neque
876 1561 924 1588 do—

143 1609 197 1635 lum
215 1609 310 1636 habuit
330 1609 355 1636 in
370 1617 418 1637 ore
434 1617 492 1642 suo,
510 1614 539 1636 ut
559 1616 647 1643 neque
661 1616 742 1644 opere
761 1615 848 1643 neque
864 1615 923 1636 ser-

143 1661 223 1681 mone
240 1658 374 1688 peccaret,
399 1654 456 1689 ipsa
478 1654 581 1689 justitia
599 1658 650 1681 est.
676 1653 725 1687 Qui
743 1660 807 1688 ergo
820 1653 923 1688 justitia

145 1698 254 1733 propria
270 1706 322 1726 non
339 1699 456 1726 habebat
468 1704 589 1734 peccata,
603 1700 689 1734 potuit
706 1699 797 1725 mundi
815 1703 924 1733 peccata

144 1747 252 1778 portare
269 1751 276 1770 :
292 1744 337 1778 qui
355 1749 467 1779 aegrotat
487 1745 558 1771 enim
574 1745 657 1771 alium
684 1751 782 1772 sanare
804 1752 856 1771 non
876 1752 923 1779 po-

145 1793 213 1816 test:
226 1793 254 1816 et
268 1790 312 1823 qui
327 1790 446 1825 peccatis
460 1790 589 1824 subjacet,
603 1789 691 1817 aliena
707 1794 816 1825 portare
829 1790 925 1818 delicta

145 1841 197 1861 non
221 1839 321 1869 potest.
344 1835 395 1868 Qui
416 1840 504 1862 autem
530 1844 583 1863 non
610 1837 741 1870 peccavit,
763 1844 850 1871 neque
875 1836 926 1864 scit

144 1885 283 1915 peccatum
296 1901 303 1914 ,
323 1882 374 1908 iste
391 1889 438 1908 sua
455 1881 557 1909 virtute
576 1882 687 1909 aliorum
702 1882 817 1909 assumit
830 1887 857 1909 et
874 1882 925 1910 tol-

137 1926 176 1966 Vlit
199 1931 348 1962 peccatum.
368 1927 496 1954 Dominus
518 1927 589 1955 enim
609 1928 761 1962 baptizatur
781 1935 795 1955 a
812 1927 924 1960 Joanne,

137 1967 172 2000 ‘et
186 1973 300 2001 assumit
315 1973 428 2000 aliorum
444 1973 540 2000 delicta
558 1982 565 1999 :
584 1979 722 1999 assumens
743 1977 831 2000 autem
840 1972 927 1999 aufert

138 2014 175 2062 ;ea
188 2027 248 2054 qua:
260 2020 387 2053 suscepit.
404 2018 520 2046 lntueris
537 2020 617 2046 istum
633 2019 766 2047 visibilem
783 2019 865 2046 solem
879 2019 924 2053 qui

145 2072 193 2100 per
209 2065 292 2092 Deum
315 2065 404 2093 factus
422 2065 483 2092 est?
499 2065 550 2092 iste
567 2065 606 2092 sol
624 2065 740 2092 visibilis
763 2069 835 2092 certe
857 2072 926 2092 unus

145 2115 230 2138 estex
247 2111 372 2138 omnibus
389 2119 449 2145 quae
465 2119 513 2145 per
527 2111 624 2138 Filium
640 2110 709 2138 facta
722 2116 794 2138 sunt.
817 2111 869 2137 lste
881 2119 926 2137 or-

147 2162 188 2185 tus
203 2157 298 2185 sordes
312 2157 453 2192 contingit,
475 2162 502 2185 et
527 2157 626 2185 fetores
649 2161 676 2185 et
693 2164 808 2185 caenum.
833 2156 867 2184 Et
881 2156 926 2184 illa

146 2203 252 2238 quidem
265 2210 323 2238 quae
336 2203 435 2230 habent
457 2203 569 2231 fetorem
585 2202 709 2230 liberata
740 2202 844 2234 fetore;
870 2203 926 2236 ipse

145 2253 233 2277 autem
246 2256 275 2276 se
287 2257 338 2276 non
353 2249 509 2284 coinquinat
520 2250 554 2277 ab
569 2249 612 2276 his
626 2256 686 2284 qua:
699 2249 822 2284 detergit.
835 2248 862 2276 Si
877 2248 925 2283 igi-
941 2254 963 2281 ι)

146 2300 190 2322 tur
211 2294 263 2322 iste
285 2296 325 2322 sol
345 2295 458 2322 visibilis
477 2295 523 2330 qui
539 2295 627 2322 oritur
642 2300 669 2322 et
686 2295 795 2327 occidit,
811 2294 855 2329 qui
873 2302 925 2321 non

147 2341 174 2369 in
186 2342 318 2377 principio
340 2342 400 2374 fuit,
414 2342 460 2370 sed
476 2346 573 2376 quarto
596 2342 638 2369 di'e
663 2348 711 2376 per
723 2341 820 2368 Filium
840 2341 926 2368 factus

146 2392 204 2421 est;
224 2388 248 2415 si
265 2389 316 2415 iste
333 2388 374 2415 sol
390 2396 442 2415 non
459 2389 576 2422 repletur
592 2388 626 2415 ab
647 2387 690 2415 his
712 2395 771 2423 qua:
783 2387 924 2421 contingit,

147 2434 231 2462 multo
245 2434 330 2469 magis
344 2434 475 2461 Dominus
485 2434 596 2468 iustitiae
618 2435 663 2468 qui
682 2437 777 2468 purgat
792 2438 819 2461 et
832 2440 927 2461 emun-

147 2480 204 2513 dat,
221 2479 352 2507 clariﬁcat
367 2484 394 2507 et
417 2480 560 2513 illuminat,
583 2488 638 2507 non
652 2480 878 2507 contaminabitur
892 2480 926 2506 ab

147 2525 189 2554 his
213 2533 274 2560 quae
296 2526 437 2561 contingit.
465 2525 523 2553 Non
550 2530 638 2560 potest
656 2526 727 2552 enim
754 2525 811 2560 ejus
829 2529 926 2552 natura

147 2572 339 2599 contaminari.
370 2571 444 2599 Nihil
473 2572 499 2599 in
526 2579 587 2599 eum
620 2571 771 2606 ingreditur
799 2571 925 2598 alienum.

148 2617 224 2650 Quod
245 2618 318 2644 enim
344 2622 421 2644 natus
443 2623 483 2645 est
510 2617 601 2650 semel,
623 2617 673 2644 hoc
691 2621 715 2644 et
734 2621 833 2644 manet.
855 2615 927 2644 Nihil

148 2660 234 2689 defuit
259 2666 288 2688 ut
302 2661 527 2693 introduceretur,
543 2661 608 2689 nihil
623 2662 710 2688 minus
722 2666 763 2688 est
782 2666 810 2688 ut
824 2661 928 2696 replea-

132 2754 135 2765 1
183 2720 207 2738 ⁸⁸
221 2719 298 2748 Joau.
315 2726 334 2754 t,
350 2720 395 2748 29.
441 2721 464 2736 ⁵⁵
480 2720 542 2748 ibid.
557 2721 585 2747 2.

937 1582 959 1610 C

184 2797 242 2833 (67)
258 2797 307 2833 Ms.
323 2797 375 2830 Qui
391 2802 446 2824 erat
461 2803 556 2825 natura
570 2795 716 2833 invisibilis.

184 2832 241 2867 (68)
256 2832 304 2859 Ms.
320 2833 475 2867 lndigebant
487 2833 581 2865 salute,
596 2841 654 2867 quae
671 2841 687 2859 a
706 2832 816 2859 Domino
828 2836 876 2859 est.

183 2867 239 2902 (69)
256 2867 304 2895 Ms.
321 2867 440 2903 Perfecta
451 2868 518 2903 enim
526 2872 565 2903 est
580 2868 713 2903 progenies
726 2868 843 2903 perfecti.

184 2902 241 2939 (70)
254 2901 417 2938 Auticipa'm.
427 2901 582 2938 Προλασών.

967 277 1004 304 hil
1025 276 1086 302 mali
1113 275 1145 302 ad
1161 274 1376 301 additamentum
1394 271 1506 306 suscipit
1521 271 1564 298 illa
1583 276 1688 305 natura,
1702 273 1749 298 sed

966 329 1018 349 nec
1034 320 1108 348 boni.
1131 320 1160 347 Si
1173 326 1237 354 ergo
1253 318 1351 345 malum
1366 325 1417 344 non
1432 317 1561 352 suscepit,
1577 317 1639 352 quia
1654 316 1749 344 lumini

966 367 1084 395 tenebrat
1099 373 1150 393 non
1167 365 1365 400 permiscentur
1382 372 1388 390 :
1409 364 1506 390 bonum
1532 367 1620 390 autem
1647 363 1751 389 addita-

966 417 1086 441 mentum
1111 419 1164 439 non
1183 411 1305 445 indiget,
1321 409 1383 444 quia
1400 407 1549 443 perfectum
1573 408 1664 443 genuit
1688 415 1751 441 pcr-

967 459 1072 486 fectus:
1091 465 1141 484 non
1163 462 1205 484 est
1228 455 1362 490 promotio
1375 454 1501 481 derelicta
1520 453 1584 481 tilio.
1609 453 1666 480 Non
1682 460 1752 480 nunc

966 505 1036 538 dico,
1054 505 1100 531 sed
1120 511 1168 531 nec
1187 507 1265 530 antea
1286 510 1292 528 :
1311 500 1448 536 perfectus
1468 499 1540 527 enim
1564 505 1605 526 est.
1618 503 1711 530 natus,
1726 502 1754 525 et

966 552 1027 580 ideo
1047 550 1113 578 nihil
1133 547 1308 577 additamenti
1324 547 1430 581 accipit,
1447 545 1512 573 nihil
1533 545 1669 579 acquirit:
1692 552 1754 579 per~

969 597 1056 625 fectus
1073 597 1145 624 enim
1170 599 1213 622 est
1244 594 1386 629 progenies
1410 592 1520 627 perfecti
1537 591 1606 627 (69),
1627 590 1754 618 omnibus

971 645 1078 678 quidem
1095 643 1229 671 sulliciens
1243 643 1354 672 donare,
1371 640 1429 675 ipse
1445 643 1534 666 autem
1549 645 1602 665 non
1619 637 1753 672 indigens,

968 690 1033 717 nihil
1050 690 1082 717 ab
1098 690 1140 717 his
1161 696 1220 723 qua;
1246 687 1310 714 fecit
1324 686 1408 714 Filius
1429 685 1530 719 accepit
1547 693 1554 711 :
1569 685 1631 718 quia
1655 682 1754 710 antici-

967 743 1033 769 pans
1045 734 1101 770 (70)
1115 734 1203 762 omnia
1224 733 1304 760 habet
1327 732 1377 760 sibi
1391 731 1451 758 data
1467 738 1481 757 a
1499 730 1586 757 Patre.
1618 728 1675 756 Non
1693 735 1754 756 cum

968 781 1100 815 apparuit,
1119 785 1182 807 tunc
1199 784 1226 807 et
1250 779 1354 811 Filius;
1379 785 1433 805 non
1445 784 1506 804 cum
1524 776 1673 807 nobiscum,
1692 780 1755 803 tunc

967 832 995 854 et
1016 828 1084 862 apud
1112 828 1195 855 Deum
1217 827 1286 854 :sed
1310 824 1534 860 quemadmodum
1563 823 1591 849 in
1622 821 1755 857 principio

968 878 1026 899 erat
1045 872 1171 904 Verbum,
1202 872 1228 898 in
1261 871 1393 906 principio
1424 873 1496 902 erat,
1531 875 1583 895 non
1611 871 1699 894 tamen
1727 866 1755 893 in

968 919 1120 946 novissimis
1144 918 1328 952 temporibus:
1352 917 1378 944 in
1409 914 1553 951 principio,
1584 920 1636 940 non
1667 916 1755 939 tamen

969 971 1029 1000 post
1046 966 1143 994 saecula
1168 974 1228 1001 quae
1253 973 1299 1000 per
1315 965 1401 999 ipsum
1425 963 1495 990 facta
1520 966 1592 990 sunt.
1622 960 1649 987 lu
1678 959 1756 995 prin-

969 1012 1120 1047 cipio.ante
1147 1019 1240 1039 omnes
1263 1011 1332 1046 apud
1358 1012 1438 1038 Deum
1456 1030 1463 1041 ,
1487 1013 1549 1035 ante
1571 1007 1675 1035 ccelos:
1702 1013 1757 1033 non

969 1060 1040 1086 enim
1067 1059 1232 1087 necessarios
1265 1058 1379 1086 habebat
1402 1057 1486 1084 cretus
1505 1055 1538 1083 ad
1563 1052 1756 1085 habitandum;

970 1106 1101 1140 siquidem
1131 1113 1180 1132 nec
1207 1110 1270 1132 tunc
1297 1111 1357 1131 cum
1387 1102 1486 1130 factum
1513 1105 1555 1128 est
1586 1098 1696 1130 malum,
1722 1096 1755 1124 ad

971 1159 1048 1179 usum
1067 1152 1165 1179 factum
1177 1156 1218 1178 est
1231 1150 1288 1183 Dei,
1303 1149 1348 1177 sed
1361 1148 1393 1175 ad
1406 1148 1565 1176 beneficium
1580 1145 1664 1180 ipsius
1675 1142 1751 1175 coeli,

971 1203 999 1225 et
1013 1204 1105 1224 eorum
1118 1197 1162 1231 qui
1176 1197 1226 1224 sub
1240 1195 1310 1223 ctelo
1328 1199 1389 1222 sunt
1402 1197 1520 1221 creatum
1535 1196 1576 1219 est.
1589 1191 1697 1218 caelum.
1722 1188 1755 1215 In

974 1244 1100 1278 principio
1119 1248 1175 1270 erat
1190 1251 1199 1270 :
1223 1250 1298 1270 serva
1316 1242 1388 1277 quod
1400 1245 1458 1268 erat
1471 1239 1536 1275 (Ἠ).
1556 1237 1584 1265 Si
1597 1237 1667 1264 enim
1684 1240 1711 1263 et
1727 1239 1756 1261 tu

972 1297 1026 1317 non
1045 1289 1158 1321 dixeris,
1172 1289 1248 1321 Erat,
1266 1288 1310 1315 ille
1323 1287 1430 1322 quidem
1452 1290 1543 1313 manet
1554 1283 1624 1319 quod
1638 1287 1708 1315 erat,
1730 1286 1758 1309 lu

973 1341 1062 1363 autem
1085 1335 1256 1363 fraudaveris
1281 1337 1311 1360 ut
1333 1333 1384 1360 sis.
1413 1332 1470 1359 Non
1497 1330 1569 1358 enim
1587 1337 1620 1357 ex
1638 1328 1680 1355 his
1701 1335 1761 1362 quae

975 1383 1089 1410 dicimus
1108 1380 1260 1409 efﬁciuntur
1282 1379 1390 1414 negotia
1413 1385 1503 1405 rerum
1519 1386 1526 1404 :
1544 1376 1589 1403 sed
1608 1375 1630 1402 si
1644 1373 1760 1402 confessi

974 1426 1105 1454 fuerimus
1125 1431 1155 1452 ut
1168 1432 1198 1452 se
1211 1432 1256 1452 res
1275 1425 1376 1452 habere
1386 1423 1521 1454 videntur,
1539 1420 1712 1449 salvabimur.
1730 1418 1760 1446 Si

976 1476 1068 1500 autem
1083 1471 1228 1498 delirantes
1250 1477 1303 1497 non
1328 1473 1357 1496 ut
1382 1475 1411 1495 se
1428 1467 1509 1494 habet
1528 1466 1663 1501 negotium
1680 1464 1761 1491 locuti

976 1517 1125 1550 fuerimus;
1141 1516 1206 1551 ipsa:
1228 1515 1336 1549 quidem
1357 1521 1400 1542 res
1413 1517 1531 1543 manent,
1551 1520 1601 1539 nos
1613 1515 1701 1538 autem
1718 1510 1762 1544 ju-

976 1562 1136 1590 dicabimur.
1160 1562 1237 1594 Erat,
1253 1565 1281 1588 et
1295 1564 1365 1592 erat,
1380 1565 1407 1587 et
1424 1564 1493 1586 erat.
1511 1557 1545 1584 In
1565 1556 1693 1592 principio
1705 1559 1761 1582 erat

981 1607 1091 1635 Verbum
1109 1615 1119 1634 :
1139 1614 1201 1634 ecce
1220 1606 1301 1634 semel
1326 1610 1406 1634 erat:
1425 1610 1449 1632 et
1473 1604 1585 1631 Verbum
1611 1608 1667 1629 erat
1690 1601 1760 1635 apud

977 1652 1058 1680 Deum
1066 1653 1100 1684 ⁵⁸.
1119 1656 1147 1679 et.
1160 1652 1256 1679 iterum
1273 1651 1328 1687 (72)
1356 1654 1434 1678 erat:
1450 1654 1475 1677 et
1486 1650 1555 1676 Deus
1563 1653 1619 1676 erat
1631 1647 1760 1675 Verbum:

975 1706 1039 1727 ecce
1056 1699 1134 1726 tertio
1149 1703 1218 1725 erat.
1240 1697 1291 1724 Hic
1307 1702 1363 1724 erat
1382 1697 1410 1724 in
1433 1695 1561 1730 principio
1577 1695 1647 1729 apud
1667 1694 1760 1720 Deum.

975 1744 1039 1771 Post
1055 1748 1171 1778 quatuor
1192 1743 1241 1770 has
1260 1750 1341 1770 voces
1363 1742 1451 1769 adhuc
1469 1741 1577 1768 dubitas
1593 1739 1663 1774 quod
1682 1738 1762 1766 erat?

975 1795 1002 1818 et
1020 1791 1128 1823 iterum,
1142 1788 1202 1816 Vita
1221 1793 1289 1820 erat,
1305 1793 1333 1815 et
1346 1788 1402 1815 vita
1421 1791 1480 1815 erat
1496 1786 1541 1813 lux
1558 1785 1706 1813 hominum.
1731 1783 1761 1810 Si

976 1836 1041 1864 dicit
1057 1835 1231 1871 evangelista.
1253 1835 1299 1869 qui
1321 1842 1353 1861 ex
1374 1838 1482 1868 pectore
1501 1831 1604 1859 Domini
1629 1830 1759 1862 hauririt,

976 1880 1054 1915 Erat,
1080 1885 1108 1908 et
1133 1881 1185 1908 hoc
1210 1879 1386 1914 frequenter:
1404 1886 1436 1906 ex
1458 1878 1501 1906 his
1523 1884 1583 1912 quae
1603 1884 1674 1910 saepe
1691 1877 1762 1903 dicta

976 1930 1039 1954 sunt
1065 1933 1099 1953 ne
1121 1925 1228 1960 quidem
1244 1933 1325 1952 unum
1346 1929 1441 1952 tenes:
1459 1928 1486 1951 et
1504 1930 1583 1958 quem
1606 1922 1701 1950 laedis?
1716 1922 1763 1949 llIe

976 1973 1047 2000 enim
1060 1972 1105 2007 qui
1119 1976 1188 2005 erat,
1202 1976 1253 2004 est,
1269 1975 1295 1998 et
1309 1977 1361 1997 non
1378 1969 1494 1998 cessavit
1507 1973 1536 1996 ut
1549 1969 1594 1996 sit.
1617 1967 1656 1995 Tu
1671 1972 1762 1994 autem

977 2027 1029 2046 non
1048 2019 1100 2046 eris
1121 2017 1199 2053 ejus,
1225 2017 1276 2044 nisi
1299 2016 1383 2044 fueris
1403 2015 1543 2043 confessus
1565 2014 1626 2049 quia
1642 2017 1719 2046 erat,
1734 2016 1762 2039 et

977 2070 1055 2095 estet
1069 2066 1120 2092 erit
1138 2075 1144 2092 :
1163 2070 1189 2092 et
1206 2071 1342 2099 nunquam
1357 2063 1472 2091 cessavit
1485 2066 1514 2089 ut
1530 2069 1583 2089 non
1598 2060 1643 2088 sit.
1655 2059 1764 2087 Princi-

975 2113 1050 2148 pium
1066 2111 1195 2146 evangelii
1213 2111 1288 2143 dicit,
1305 2109 1370 2137 Erat
1385 2117 1394 2136 :
1415 2113 1443 2136 et
1462 2113 1491 2136 tu
1516 2107 1608 2135 statim
1636 2105 1761 2134 dubitas:

977 2158 1089 2186 necdum
1103 2157 1209 2192 cmpisti
1224 2157 1324 2192 legere,
1344 2161 1371 2183 et
1384 2154 1530 2184 offendisti.
1548 2153 1715 2190 Evangelista
1729 2151 1765 2179 ab

978 2205 1044 2232 Erat
1058 2205 1150 2239 coepit,
1166 2209 1192 2232 et
1208 2208 1233 2231 tu
1251 2203 1317 2230 Erat
1341 2202 1497 2230 interimis?
1519 2200 1639 2228 Necdum
1661 2197 1761 2233 legisti,

977 2255 1004 2278 et
1015 2250 1193 2278 coutradicis.
1209 2250 1270 2277 Erat
1289 2249 1315 2277 in
1330 2248 1461 2283 principio
1472 2251 1535 2274 ante
1549 2252 1660 2274 omnes:
1674 2245 1764 2271 bonus

977 2296 1046 2323 enim
1062 2300 1103 2322 est
1115 2294 1210 2326 Pater,
1224 2299 1252 2322 et
1267 2302 1317 2322 non
1331 2298 1373 2322 est
1387 2293 1488 2321 divisus
1505 2297 1636 2328 generans
1647 2289 1741 2317 Filium
1752 2297 1762 2316 :

976 2346 1072 2376 potens
1087 2345 1139 2372 est,
1157 2345 1182 2368 et
1196 2348 1247 2368 non
1264 2345 1322 2367 erat
1336 2339 1361 2367 ei
1382 2337 1548 2373 impossibile
1564 2334 1666 2370 impleri
1682 2341 1758 2361 suam

977 2388 1137 2415 bonitatem.
1158 2387 1292 2422 Tempora
1304 2387 1375 2415 enim
1390 2390 1417 2413 et
1433 2384 1527 2412 sarcula
1541 2388 1569 2410 et
1583 2381 1668 2417 spatia
1681 2382 1761 2408 deor-

978 2441 1036 2461 sum
1052 2439 1125 2461 sunt.
1147 2432 1205 2461 Noli
1219 2437 1375 2468 computare
1389 2430 1532 2466 unigenitae
1542 2428 1578 2456 illi
1595 2431 1698 2455 naturae
1710 2427 1761 2453 ali-

979 2482 1043 2516 quid
1059 2491 1066 2508 :
1081 2481 1148 2509 nihil
1161 2489 1194 2509 ex
1213 2481 1255 2509 his
1270 2487 1330 2515 qua:
1345 2479 1416 2506 facta
1440 2484 1489 2512 per
1510 2477 1597 2511 ipsum
1616 2479 1700 2503 sunt:
1715 2473 1763 2501 sed

979 2527 1109 2555 conﬁtere
1122 2527 1228 2554 Patrem
1247 2533 1299 2553 non
1322 2528 1415 2552 natum
1428 2543 1436 2555 ,
1456 2526 1483 2550 et
1504 2521 1586 2549 alium
1601 2528 1654 2548 non
1668 2523 1760 2547 natum

979 2580 1100 2608 quaerere
1115 2572 1183 2605 noli;
1195 2572 1257 2607 quia
1271 2578 1321 2598 nec
1336 2569 1466 2597 invenies.
1483 2568 1619 2596 Conﬁtere
1631 2566 1764 2594 etFilium

979 2617 1144 2653 unigenitum
1170 2621 1261 2644 natum
1283 2623 1297 2643 a
1319 2614 1424 2643 Patre:
1450 2618 1478 2642 et
1505 2613 1586 2641 alium
1607 2611 1703 2639 Filium
1729 2619 1765 2639 ne

979 2670 1095 2698 quaeras,
1109 2664 1156 2691 sed
1177 2670 1238 2690 eum
1253 2662 1298 2697 qui
1323 2666 1364 2689 cst
1384 2668 1453 2688 unus
1471 2659 1634 2695 unigenitus,
1660 2657 1705 2693 qui
1729 2656 1765 2683 ab

1013 2796 1069 2835 (7|)
1086 2795 1175 2825 Serua.
1189 2796 1283 2833 Τήρει,
1296 2795 1419 2823 observa.
1437 2793 1483 2822 Sic
1495 2792 1564 2821 intra
1579 2790 1627 2821 lib;
1638 2797 1671 2826 ιι,
1687 2790 1762 2820 circa

977 2834 1073 2905 mage)
1088 2866 1122 2895 Et
1134 2867 1237 2895 iterum.
1253 2864 1332 2894 Forte
1346 2873 1377 2894 an
1390 2864 1450 2892 iter.
