2024 3208
288 155 355 184 Ιῦόί

284 263 387 295 aequale
406 268 447 290 est
466 266 619 299 unigenito,
643 270 708 297 nihil
733 272 820 300 simile
840 273 908 301 Filio
922 295 928 305 .
953 276 1017 304 nihil
1042 279 1067 305 ei

283 312 466 341 comparatur,
483 310 550 337 nihil
565 318 696 346 :equatur.
713 315 808 343 Omnia
823 325 884 345 eum
898 319 1021 353 adorant,
1033 323 1068 349 ob

284 351 414 380 honorem
433 359 461 381 ut
479 360 541 390 pote
555 358 613 392 ejus
625 361 670 394 qui
686 362 778 395 genuit
794 373 800 390 :
822 371 875 391 non
891 370 932 393 est
950 375 1020 395 unus
1033 376 1066 395 ex

282 396 325 424 his
337 405 397 432 qua:
416 407 465 434 per
485 401 569 435 ipsum
585 410 647 432 sunt
663 413 670 432 :
694 415 746 435 non
761 414 802 436 est
818 417 850 437 ex
875 411 926 439 hoc
951 414 1062 447 mundo,

282 441 329 468 sed
351 447 378 469 et
397 446 510 473 mundus
525 455 573 481 per
595 449 692 482 ipsum.
718 451 775 479 Non
799 455 896 483 malum
911 464 972 484 cum
987 458 1064 492 Filio,

281 487 329 514 sed
350 492 379 515 et
400 490 496 517 coelum
518 500 565 526 per
582 494 689 523 Filium.
713 497 782 530 Quid
803 507 871 535 opus
887 507 929 529 est
945 487 1065 537 partibus

280 534 412 562 exhibere
434 539 558 564 natura)?
583 539 678 568 Omnia
695 551 741 577 per
760 534 845 578 ipsum
864 553 935 580 sunt,
957 555 980 576 et
1000 551 1065 578 nihil

280 578 336 606 sine
354 580 409 613 ipso
422 589 431 607 :
444 586 471 608 et
496 584 574 611 tertio
593 594 600 612 :
617 586 692 619 Quod
712 589 810 616 factum
828 598 870 619 est
892 578 940 627 per
965 595 1062 629 ipsum.

279 622 339 650 Noli
350 625 439 653 dicere
454 627 600 661 hominem,
616 639 649 659 ne
663 633 797 661 irascatur
809 637 854 671 qui
865 640 966 668 genuit.
983 640 1064 668 Joan-

278 675 328 696 nes
341 673 504 706 evangelista
516 695 524 707 ,
543 676 564 702 si
592 680 682 704 tamen
698 678 827 713 Joannes,
847 688 874 710 et
889 692 942 710 non
958 686 1002 720 qui
1017 695 1064 720 per

277 712 420 749 Joannem,
446 720 552 754 scripsit
577 723 610 749 de
632 724 710 757 Filio,
725 728 832 761 scripsit
854 735 880 757 et
906 732 937 758 de
959 732 1062 761 Joanne

277 759 408 794 Baptista.
425 763 616 803 Suhinterroga
633 770 716 805 igitur
727 759 950 806 quemadmodum
963 778 996 804 de
1008 779 1061 806 Deo

277 805 398 840 loquitur
414 812 591 846 evangelista,
609 820 635 842 et
650 805 875 850 quemadmodum
891 822 923 848 de
939 823 1058 852 homine:

277 850 311 876 In
338 853 476 888 principio,
507 857 612 892 inquit,
642 867 697 888 erat
717 862 846 892 Verbum:
865 867 915 894 hoc
947 869 980 895 de
1007 870 1060 896 Deo

621 163 753 193 EUSEBII
774 166 1012 199 C/ESARIENSIS
1031 172 1106 202 OPP.
1126 174 1214 204 PARS
1234 178 1277 206 IV.
1295 195 1331 200 —
1349 179 1558 209 DOGMATICA.

286 223 340 243 uno
354 221 394 243 est
404 216 494 250 Patre,
504 226 518 245 a
535 220 591 248 solo
605 223 688 256 solus,
709 225 742 252 ab
757 234 809 254 uno
819 235 898 254 unus.
912 229 982 257 Nihil
996 231 1068 258 enim
1084 236 1106 264 Α
1122 235 1156 261 tia

1836 189 1899 218 1052

1183 245 1190 263 :
1215 241 1242 264 et
1269 238 1450 267 adorahantur
1475 242 1580 274 omnia;
1607 247 1634 270 et
1659 242 1731 280 quia.
1750 247 1897 279 adorandus

1120 280 1301 315 ignorabatur,
1309 283 1469 312 offensiones
1476 294 1552 314 erant
1560 290 1636 317 nobis
1643 293 1743 320 omnia.
1751 293 1817 322 Nam
1827 301 1853 323 et
1860 298 1897 324 sol

1118 333 1170 352 non
1182 326 1358 361 illuminabat,
1371 331 1416 357 sed
1429 336 1455 358 et
1467 332 1523 366 ipse
1534 335 1609 361 nobis
1619 341 1677 363 erat
1686 337 1808 367 oﬂ‘ensio.
1822 341 1896 369 Venit

1117 375 1206 398 autem
1218 379 1265 407 per
1273 381 1352 408 quem
1362 378 1521 404 suntomnia
1531 387 1538 405 :
1550 386 1600 406 non
1611 380 1695 408 solum
1704 390 1752 410 nos
1763 384 1894 418 liberavit,

1117 416 1162 442 sed
1172 421 1198 444 et
1210 417 1294 452 ipsum
1303 419 1386 447 solem
1395 421 1428 448 ab
1438 421 1548 455 ignobili
1561 425 1612 451 isto
1623 425 1725 454 honore
1735 428 1846 456 liberum
1861 416 1897 457 le;

1116 463 1162 489 cit.
1181 462 1317 491 Liberavit
1335 473 1400 493 sane
1416 467 1504 494 lnnam
1524 477 1538 495 a
1561 470 1720 506 calumniis,
1742 480 1770 500 et
1794 482 1893 510 purga-

1115 507 1154 533 vit
1167 509 1259 536 stellas
1271 514 1300 536 ut
1320 518 1372 538 non
1393 514 1579 542 adoraren'ur.
1593 517 1621 544 Si
1636 524 1725 546 autem
1739 507 1850 555 quidam
1863 523 1894 549 ad

1116 552 1174 580 haec
1186 555 1195 563 ‘
1212 562 1297 589 usque
1312 559 1487 592 contendunt,
1498 561 1610 596 rcliquia
1625 564 1757 592 malorum
1774 574 1892 596 comme-

1115 601 1276 628 morantium
1299 601 1468 632 beneﬁcium.
1499 606 1574 634 Nune
1594 608 1675 642 igitur
1695 615 1722 638 et
1739 619 1835 639 aurum
1855 620 1892 641 est

1114 645 1252 672 mundum.
1269 646 1345 675 Nunc
1356 653 1382 676 et
1401 655 1540 684 argentum
1551 653 1583 678 ad
1598 653 1623 680 id
1639 656 1710 688 quod
1719 663 1839 684 creatum
1853 666 1892 686 est

1114 691 1187 719 utile.
1209 691 1283 720 Nunc
1297 700 1471 723 :erameutum
1485 705 1657 727 aeramentum
1675 706 1735 735 est,
1749 709 1776 730 et
1789 704 1889 732 ferrum

1114 737 1214 763 l'errum
1227 758 1234 769 ,
1253 744 1278 765 et
1298 739 1365 774 lapis
1384 741 1466 776 lapis,
1492 748 1519 770 et
1544 745 1643 779 lignum
1669 747 1768 782 lignum
1791 755 1850 782 est,
1867 756 1890 778 et

1112 781 1183 809 Deus
1202 783 1279 811 Deus.
1292 785 1367 813 Nunc
1388 787 1554 816 dminonihuS
1580 781 1735 825 increpatur
1751 800 1779 822 ut
1797 795 1888 829 decet,

1111 833 1137 855 et
1160 837 1210 856 non
1233 831 1378 859 adorantur
1393 839 1420 861 ut
1435 842 1486 862 non
1507 836 1594 863 decet.
1619 838 1695 865 Venit
1712 841 1783 867 enim
1802 850 1848 869 rex
1865 849 1889 870 et

1111 874 1239 902 exstinxit
1255 881 1397 912 tyrannum
1420 890 1425 906 :
1444 885 1470 906 et
1491 883 1598 915 agnovit
1619 884 1677 911 ovis
1699 891 1851 919 pastorem,
1866 894 1890 915 ιιι

1008 895 1015 896 ,
1033 895 1055 896 ρ
1112 895 1239 902 u....,....,..
1256 895 1397 912 vuum"...
1420 902 1425 906 .
1444 895 1470 906 ci.
1491 895 1598 915 .iisuuvtt
1619 895 1677 911 uvts
1699 895 1851 919 pastorem,
1866 895 1890 915 t‘l.

276 895 346 924 Filio
368 899 445 927 dixit.
472 902 542 930 Dicit
564 911 591 931 et
618 906 650 934 de
666 907 781 942 Joanne,
802 909 901 938 Factus
916 919 952 940 est
972 915 1057 942 Immo.
1075 923 1096 950 Β
1112 919 1193 954 fugati
1213 927 1275 947 sunt
1287 922 1352 956 lupi.
1375 923 1440 956 Quis
1449 932 1512 952 sane
1523 927 1615 953 venit?
1628 929 1719 962 utique
1734 930 1756 956 is
1771 932 1815 965 qui
1832 938 1890 959 erat

276 941 348 965 Lena
367 944 409 965 illa
437 947 546 965 αηιιιοηο
561 955 586 965 .u
608 951 656 965 ιη...
674 961 680 965 .
697 958 719 965 Α.
742 955 830 965 ε---μ
987 960 992 965 ·
1037 961 1042 965 ·
1111 963 1117 965 δ

276 941 348 978 Lege
367 944 421 976 illa,
437 947 546 983 sublege
560 955 588 977 et
608 951 656 978 ista
674 961 680 979 :
695 958 721 980 et
742 955 862 983 invenies
877 960 1010 992 quomodo
1027 961 1059 987 de

275 989 331 1017 Deo
346 991 414 1019 Filio
434 993 552 1029 loquitur
568 1006 574 1023 :
590 1003 616 1025 et
644 999 779 1027 hominem
803 989 918 1037 exponet
932 1005 1057 1034 Joannes.

275 1035 309 1062 In
331 1037 460 1072 principio
485 1048 540 1068 erat
561 1042 670 1071 Verbum
700 1047 732 1072 de
756 1046 823 1074 Filio
839 1035 907 1077 dicit
933 1060 939 1078 :
961 1052 1058 1081 Factus

275 1080 357 1109 homo
370 1083 402 1110 de
413 1085 516 1114 Joanne
531 1090 614 1122 ponit.
635 1090 668 1117 Et
682 1091 792 1119 Verbum
807 1100 863 1121 erat
878 1097 949 1130 apud
965 1098 1055 1131 Deum,

273 1130 301 1153 et
314 1127 383 1155 Deus
399 1136 454 1157 erat
478 1131 587 1161 Verbum
599 1155 605 1166 ,
621 1136 654 1162 de
668 1137 734 1165 Filio
754 1139 881 1174 loquitur.
896 1127 939 1168 'De
954 1127 1056 1172 Joanne

272 1176 362 1199 autem
378 1183 385 1201 :
403 1174 465 1202 Non
478 1183 533 1204 erat
547 1179 591 1205 ille
609 1180 695 1208 lumen
709 1183 743 1215 ³⁷,
756 1188 782 1210 et
798 1185 895 1212 i'lerum
915 1187 947 1214 de
964 1190 1056 1224 unige-

272 1218 328 1246 nilo
338 1220 386 1252 ait,
405 1221 456 1248 llic
471 1228 527 1250 erat
539 1225 566 1252 in
582 1228 709 1261 principio
720 1231 790 1264 apud
801 1231 894 1259 Deum.
907 1233 943 1260 De
952 1218 1056 1264 Joarine

272 1270 372 1298 autem,
390 1267 440 1294 llic
461 1271 530 1296 venit
546 1272 580 1298 ad
599 1274 774 1302 testimonium
787 1277 819 1304 ".
846 1277 944 1312 Injuria
958 1282 1055 1316 quippe

270 1315 321 1342 est,
339 1315 366 1339 et
389 1320 545 1348 przrponere
567 1319 732 1353 unigenitum
754 1324 838 1350 servis
855 1326 920 1353 suis.
941 1326 1006 1354 Nam
1027 1334 1054 1356 et

270 1357 340 1389 quod
365 1358 476 1392 dicitur,
499 1362 566 1389 nihil
590 1365 613 1391 ei
641 1373 813 1401 comparatur
835 1375 881 1397 aut
911 1379 1052 1406 aequatur:

268 1408 322 1428 non
346 1409 387 1430 est
411 1413 560 1440 magnum:
588 1411 636 1437 sed
661 1413 754 1446 egenis
777 1415 858 1442 etiam
888 1425 968 1450 parva
992 1425 1053 1447 sunt

269 1454 375 1483 tuagna.
393 1450 449 1478 Non
464 1457 504 1479 est
522 1455 593 1482 enim
610 1465 679 1485 unus
702 1466 735 1486 ex
757 1461 893 1495 prophetis
907 1463 987 1496 ﬁlius,
1005 1467 1051 1493 sed

267 1501 316 1528 per
336 1503 415 1530 quem
433 1505 526 1527 omnes
542 1503 680 1536 propheta:
698 1514 705 1531 :
726 1513 779 1533 non
797 1515 866 1535 unus
880 1516 913 1535 ex
933 1511 1049 1545 regibus,

267 1544 314 1568 sed
331 1550 378 1576 per
397 1551 475 1578 quem
492 1554 585 1575 omnes
607 1557 685 1584 reges
706 1560 713 1578 :
737 1560 789 1580 non
808 1561 877 1581 unus
900 1562 932 1582 ex
958 1556 1048 1591 iustis,

267 1586 314 1613 sed
334 1587 390 1621 ipse
402 1589 507 1623 justitia
527 1603 532 1620 :
551 1602 605 1621 non
626 1603 695 1624 unus
710 1605 743 1624 ex
759 1599 856 1632 servis,
882 1602 929 1628 sed
943 1601 1027 1631 Filius
1041 1612 1047 1630 :
1063 1588 1084 1616 δ

265 1638 319 1659 non
332 1641 412 1661 unum
435 1643 467 1664 ex
487 1640 629 1674 omnibus,
649 1643 697 1670 sed
714 1652 762 1678 per
775 1653 854 1679 qttem
869 1652 931 1674 sunt
944 1650 1048 1678 omnia:

265 1685 318 1706 non
332 1687 365 1707 ex
384 1682 425 1709 his
440 1684 484 1717 qui
502 1686 631 1715 assistunt
646 1693 672 1716 et
687 1691 858 1725 ministrant,
877 1694 924 1722 sed
945 1696 989 1729 qui
1006 1704 1049 1724 se-

264 1724 308 1751 det
322 1727 354 1753 ad
369 1727 506 1756 dexteram
518 1731 624 1760 Patris:
644 1743 696 1762 non
716 1743 749 1763 ex
761 1737 803 1764 his
814 1724 859 1773 qui
881 1724 1048 1774 judiclanlur,

263 1771 311 1797 sed
334 1772 380 1806 qui
408 1776 527 1810 suscepit
549 1784 629 1806 omne
656 1780 786 1815 judicium
811 1771 962 1819 iudicandi.
990 1771 1047 1815 Non

262 1818 369 1849 quando
383 1820 452 1853 apud
473 1828 533 1855 nos,
548 1827 611 1851 tunc
623 1830 648 1852 ct
665 1828 734 1861 apud
750 1818 870 1858 Patrem.
887 1831 963 1859 Tunc
976 1833 1046 1860 enim

261 1861 315 1890 hoc
336 1863 436 1892 dictum
462 1866 647 1897 intercidatur.
673 1873 713 1899 Ad
730 1882 778 1902 nos
801 1877 873 1903 enim
888 1877 1046 1912 dispensans

260 1909 354 1937 venit:
371 1914 436 1938 tunc
454 1915 561 1946 quando
578 1920 608 1943 ut
631 1919 699 1951 ovis,
718 1921 825 1954 quando
842 1927 870 1950 ut
883 1909 975 1958 Agnus
989 1926 1049 1954 Dei.’

260 1953 289 1980 In
309 1956 445 1991 principio
467 1964 555 1987 autem
574 1967 632 1989 erat
646 1963 714 1991 Deus
727 1953 798 2000 apud
813 1967 894 1995 Deum
910 1978 917 1997 :
934 1978 994 1997 naut
1018 1976 1045 1998 et

259 2006 321 2026 cum
348 2003 418 2036 apud
446 2012 506 2038 nos,
536 2007 605 2034 Deus
630 2010 767 2038 nobiscum
786 2013 966 2043 Emmanuel:
992 2025 1043 2045 non

259 2045 329 2073 alius
347 2049 415 2082 apud
435 2048 556 2084 Patrem,
573 2054 641 2082 alius
657 2061 746 2084 autem
762 2059 902 2087 nobiseum
924 2066 951 2088 et
977 2062 1044 2090 alius

258 2097 465 2122 eratzmanens
485 2097 615 2131 siquidem
638 2100 664 2127 in
690 2102 775 2137 tigura
798 2103 845 2132 Dei
868 2107 1042 2141 constitutus,

257 2137 338 2165 istam
352 2145 472 2168 nostram
494 2142 606 2177 ﬁguram
626 2147 696 2173 servi
724 2150 852 2184 accepit:
878 2158 930 2178 non
952 2153 985 2180 ab
998 2153 1043 2180 illa

256 2183 385 2210 recedens
401 2184 480 2212 istam
497 2187 640 2216 honoravit
656 2197 663 2217 :
685 2199 737 2218 non
754 2183 794 2220 abi
805 2193 849 2221 illa
869 2195 976 2228 exiens,
994 2204 1042 2225 nos

256 2227 369 2257 salvavit
387 2239 394 2257 :
411 2239 464 2258 non
483 2233 591 2268 reliquit
607 2241 743 2269 pastorem
754 2259 762 2272 ,
787 2244 814 2266 et
829 2241 932 2275 accepit
951 2249 1038 2270 ovem.
1055 2254 1078 2282 D

254 2272 485 2305 Quemadmodum
501 2279 572 2306 enim
587 2280 632 2314 qui
647 2289 700 2308 non
717 2289 807 2310 manet
821 2285 891 2319 quod
909 2291 979 2318 erat,
995 2294 1039 2321 po-

255 2322 325 2346 terat
338 2322 460 2356 accipere
473 2325 544 2358 quod
559 2326 679 2361 accepit?
695 2327 753 2356 Non
768 2334 827 2356 erat
841 2332 966 2365 possibile
983 2333 1040 2360 sal-

252 2370 317 2392 vare
331 2366 452 2395 homines
461 2369 594 2405 homines,
611 2373 674 2407 quia
690 2374 812 2403 homines
826 2377 996 2411 subjacemus
1009 2385 1037 2406 et

251 2411 368 2445 prapriis
390 2415 507 2447 peccatis
530 2421 558 2444 et
582 2417 658 2447 clade
671 2420 746 2456 (73):
766 2422 874 2450 tenebat
892 2430 958 2451 sane
979 2432 1037 2452 ma-

251 2453 378 2492 ledictum
395 2465 467 2487 mors
483 2466 510 2487 et
521 2453 684 2498 corruptela,
703 2453 730 2492 et
743 2470 772 2493 ut
791 2470 922 2502 tyrannus
938 2475 1035 2503 regna-

250 2501 296 2529 bat
308 2503 431 2532 diabolus
446 2510 471 2533 et
484 2507 687 2538 bacchabantur
702 2501 848 2542 daemones.
862 2501 1035 2543 Consuetudo

250 2553 338 2576 autem
356 2551 440 2586 magis
455 2559 546 2581 nostra
566 2556 672 2584 vincula
689 2560 900 2595 constringehat.
915 2561 1034 2588 Baccha-

249 2593 330 2623 hatur
339 2597 411 2624 enim
424 2598 450 2625 in
464 2601 542 2629 nobis
552 2607 579 2630 et
589 2602 672 2632 libido
683 2611 710 2633 et
724 2593 830 2635 tenebth
841 2609 1035 2644 concupiscen-

302 2686 324 2702 "’
337 2687 415 2716 Joan.
432 2698 452 2722 ι,
468 2691 493 2719 8.
531 2691 555 2708 "
568 2692 634 2721 ibid.
672 2696 695 2712 ἠ
715 2695 803 2724 Joan.‘
820 2705 892 2731 xvn,
919 2699 945 2726 l.

284 2762 340 2799 (13)
356 2765 446 2799 illuvie.
459 2767 540 2795 Forte
555 2769 634 2799 cladi.

287 2797 344 2838 (74)
356 2798 503 2839 Venienlem
517 2804 544 2830 in
559 2797 638 2833 hunc.
655 2806 817 2836 Vertendum
833 2810 880 2837 fuit
897 2819 928 2838 ex
945 2811 1026 2839 Euse-

252 2830 288 2880 bili
301 2830 408 2865 quidem
426 2844 515 2876 mente
535 2830 638 2880 veniens-
652 2849 669 2880 A:
679 2830 922 2880 ’μῖλάξ-ἐρχόμενον
934 2849 1025 2874 retulit

254 2866 286 2892 ad
303 2875 393 2896 mecm
414 2870 481 2904 φῶς,
499 2881 551 2901 non
567 2866 758 2912 adivdpdmov
774 2866 960 2914 :rqugd'satis
980 2891 1024 2910 οδ-

1110 963 1136 988 ἱη
1158 965 1265 991 mundo.
1281 965 1313 992 In
1329 969 1425 994 munda
1438 988 1445 1000 ,
1469 969 1572 1004 inquit,
1590 978 1647 998 erat
1662 982 1672 999 :
1688 973 1823 1009 siquidem
1846 978 1885 1003 ni-

1109 1009 1146 1035 hil
1160 1017 1272 1037 vacuum
1291 1013 1324 1040 ab
1341 1013 1399 1048 ipso
1411 1015 1491 1042 etiam
1511 1022 1574 1044 ante
1586 1019 1730 1046 adventum
1749 1021 1807 1054 ejus
1819 1029 1886 1050 erat.

1109 1054 1175 1087 Quia
1193 1063 1246 1082 non
1257 1057 1328 1084 enim
1350 1066 1413 1085 cum
1438 1062 1577 1094 apparuit,
1600 1067 1662 1090 tunc
1682 1069 1709 1091 et
1723 1067 1797 1092 venit
1818 1075 1825 1093 :
1843 1068 1887 1095 sed

1108 1105 1166 1126 erat
1181 1100 1283 1132 latens,
1299 1104 1420 1137 apparuit
1440 1106 1484 1138 qui
1502 1111 1560 1133 erat
1573 1108 1669 1135 latens.
1690 1109 1746 1137 Non
1760 1117 1823 1138 sunt
1839 1113 1886 1140 ista

1107 1151 1184 1177 mea,
1203 1147 1249 1172 sed
1260 1148 1442 1182 evangelistte.
1470 1151 1515 1177 Ait
1537 1152 1608 1178 enim
1621 1174 1628 1186 ,
1644 1152 1674 1180 In
1699 1156 1797 1182 mundo
1821 1163 1884 1183 erat.

1107 1190 1159 1216 Sed
1173 1199 1265 1224 parum
1279 1193 1365 1220 visum
1376 1200 1415 1222 est
1429 1196 1454 1222 ei
1465 1197 1509 1230 qui
1527 1198 1610 1230 dixit,
1634 1199 1662 1226 ιιι
1685 1201 1785 1228 mundo
1801 1208 1861 1229 erat
1877 1212 1884 1229 :

1105 1244 1132 1266 et
1159 1241 1218 1269 ideo
1248 1242 1344 1276 repetit
1364 1250 1517 1275 sermonem
1545 1246 1690 1281 religiose,
1717 1254 1744 1275 et
1763 1249 1847 1280 dicit,
1863 1256 1884 1277 et

1104 1286 1218 1313 mundus
1232 1295 1277 1321 per
1290 1288 1374 1321 ipsum
1391 1289 1476 1322 factus
1491 1297 1538 1317 eu.
1565 1291 1597 1318 Ut
1623 1297 1712 1319 autem
1737 1301 1789 1320 non
1815 1301 1885 1322 esset

1104 1337 1288 1367 contemptus,
1306 1335 1351 1369 qui
1368 1337 1423 1368 ait,
1448 1337 1481 1365 In
1503 1340 1599 1366 mundo
1613 1346 1684 1374 eral,
1711 1341 1777 1368 dixit
1801 1343 1882 1370 etiam

1104 1376 1166 1410 quia
1183 1384 1243 1405 ante
1255 1380 1382 1407 mundum
1396 1387 1455 1409 erat
1472 1392 1478 1409 :
1495 1385 1585 1414 etait.
1603 1385 1637 1412 Et
1651 1388 1760 1414 nrundus
1779 1397 1826 1422 per
1846 1391 1884 1423 ip-

1103 1431 1159 1449 sum
1171 1424 1257 1457 [actus
1270 1431 1317 1454 est.
1346 1426 1402 1453 Hoc
1421 1428 1555 1463 signiﬁcat
1573 1432 1643 1465 quod
1666 1438 1728 1460 ante
1755 1435 1882 1461 mundum

1102 1473 1169 1495 erat.
1186 1468 1219 1495 In
1235 1471 1331 1498 mundo
1343 1491 1350 1503 ,
1367 1473 1472 1507 inquit,
1490 1481 1555 1503 erat.
1575 1476 1714 1508 Quomodo
1734 1478 1759 1504 in
1783 1480 1882 1506 mundo

1102 1513 1266 1548 eral?Erat,
1282 1516 1330 1550 ait,
1350 1517 1436 1545 lumen
1451 1527 1549 1553 verum,
1564 1521 1608 1554 qui
1631 1521 1762 1548 illuminat
1781 1531 1880 1550 omnem

1102 1560 1231 1588 hominem
1245 1563 1386 1590 uenientem
1400 1564 1427 1590 in
1439 1565 1507 1592 hunc
1517 1567 1653 1594 mundum.
1672 1567 1706 1594 Ut
1727 1574 1816 1596 autem
1830 1578 1880 1596 nun

1101 1605 1370 1638 diceret,venientem
1386 1610 1454 1644 (74),
1467 1611 1503 1637 ita
1518 1612 1594 1646 quasi
1612 1620 1663 1639 non
1680 1614 1787 1641 essetin
1805 1623 1881 1641 mun-

1101 1650 1150 1682 do,
1161 1655 1188 1677 et
1206 1657 1314 1685 putares
1327 1654 1388 1686 quia
1403 1656 1477 1682 venit
1495 1657 1602 1689 quidem
1617 1658 1661 1691 qui
1688 1666 1739 1685 non
1762 1660 1856 1687 aderat
1871 1669 1879 1687 :

1100 1695 1160 1722 ideo
1177 1701 1265 1724 lutans
1277 1698 1334 1733 ('75)
1347 1700 1426 1726 istam
1442 1702 1717 1735 suspicionemaddit,
1731 1703 1764 1730 In
1783 1707 1879 1733 mundo

1098 1742 1255 1769 erat.Etne
1268 1743 1365 1770 iterum
1385 1750 1493 1779 putares
1510 1747 1570 1781 quia
1591 1755 1650 1774 cum
1671 1750 1769 1776 mundo
1791 1751 1879 1778 factus

1098 1791 1156 1812 erat
1168 1806 1176 1818 ,
1192 1788 1289 1822 repetit
1303 1793 1329 1816 et
1343 1789 1423 1822 dicit,
1439 1790 1473 1818 Et
1488 1794 1602 1819 mundus
1621 1802 1666 1828 per
1685 1795 1771 1828 ipsum
1792 1796 1878 1830 factus

1097 1835 1146 1858 est.
1167 1831 1194 1858 Si
1209 1833 1291 1867 igitur
1305 1842 1353 1868 per
1376 1835 1463 1870 ipsum
1481 1837 1568 1866 lactus
1596 1843 1637 1866 est
1657 1841 1790 1874 mundus,
1819 1847 1878 1870 erat

1097 1877 1189 1912 utique
1200 1878 1285 1907 Filius
1299 1886 1442 1915 antequam
1459 1883 1535 1911 ﬁeret
1550 1885 1663 1912 mundus
1680 1894 1687 1911 :
1702 1886 1762 1921 quia
1773 1888 1807 1915 ab
1821 1889 1877 1922 ipso

1096 1922 1181 1950 lactus
1192 1929 1233 1951 est
1243 1926 1367 1952 mundus.
1382 1926 1499 1962 Denique
1510 1928 1589 1955 etiam
1604 1930 1637 1957 ab
1649 1930 1705 1965 ipso
1715 1931 1783 1959 Filio
1796 1934 1874 1960 audi:

1098 1967 1137 1994 Da
1154 1969 1234 2003 mihi,
1251 1970 1356 2004 inquit,
1375 1971 1470 2004 Pater,
1484 1972 1610 2007 gloriam,
1624 1982 1700 2009 quam
1709 1975 1789 2002 habui
1805 1977 1874 2012 apud

1096 2019 1120 2040 te
1132 2019 1271 2049 antequam
1295 2019 1407 2044 mundus
1424 2018 1498 2052 ﬁeret
1513 2019 1545 2046 ".
1562 2020 1700 2053 Quomodo
1722 2029 1805 2057 ergo,
1835 2023 1875 2050 in-

1096 2060 1171 2094 quit,
1186 2065 1245 2087 erat
1259 2061 1284 2088 in
1301 2062 1464 2090 mundan
1483 2065 1581 2092 mundo
1597 2069 1673 2098 erat,
1698 2072 1724 2094 et
1740 2070 1774 2094 ad
1793 2076 1872 2096 mun-

1095 2105 1158 2132 dum
1177 2107 1262 2134 venit.
1278 2108 1508 2141 Quemadmodum
1522 2114 1611 2138 autem
1624 2112 1703 2138 etiam
1721 2113 1785 2140 illud
1802 2115 1874 2142 acci-

1093 2150 1135 2185 pis
1155 2151 1256 2179 dictum
1273 2161 1280 2179 :
1300 2153 1425 2180 Dominus
1438 2157 1553 2189 regnavit
1569 2156 1590 2172 ⁸ο
1601 2157 1612 2182 ?
1622 2156 1677 2183 Rex
1691 2158 1763 2185 enim
1778 2164 1818 2186 est
1832 2160 1872 2186 in-

1094 2197 1223 2225 deliciens
1238 2207 1246 2225 :
1261 2206 1314 2225 non
1329 2207 1400 2227 nunc
1411 2201 1517 2235 quidem
1538 2209 1584 2229 rex
1597 2221 1605 2234 ,
1625 2203 1767 2237 aliquando
1781 2209 1870 2232 autem

1094 2249 1145 2269 non
1157 2263 1165 2275 ,
1182 2251 1230 2271 nec
1248 2247 1338 2278 postea
1359 2253 1422 2274 non.
1437 2245 1665 2277 Quemadmodum
1689 2256 1752 2281 ergo
1771 2251 1869 2277 dictum

1091 2291 1152 2319 est,
1163 2287 1290 2315 Dominus
1301 2290 1417 2323 regnavit
1427 2310 1434 2322 ,
1451 2295 1530 2324 prout
1542 2291 1642 2319 diceret
1654 2311 1662 2324 ,
1683 2292 1812 2321 llomines
1826 2302 1870 2321 re-

1090 2333 1164 2367 gnati
1183 2337 1264 2365 sunt,
1284 2339 1330 2360 aut
1346 2340 1534 2369 regnaverunt.
1550 2336 1607 2364 Non
1620 2338 1690 2365 enim
1711 2338 1755 2365 ille
1765 2340 1870 2374 accepit

1088 2378 1158 2412 quod
1170 2386 1222 2406 non
1235 2379 1352 2406 habebat
1365 2389 1373 2407 :
1387 2381 1434 2408 sed
1449 2388 1499 2409 nos
1515 2382 1587 2417 digni
1601 2382 1696 2410 iterum
1712 2383 1868 2417 judicamur

1087 2431 1147 2452 eoa
1167 2432 1220 2459 quo
1233 2425 1393 2453 excidimus.
1414 2425 1468 2454 Nos
1480 2427 1570 2462 itaque
1592 2436 1754 2464 regnamur,
1771 2435 1797 2458 et
1817 2431 1868 2459 iste

1085 2475 1191 2504 regnat.
1219 2470 1277 2498 Non
1303 2479 1374 2499 nunc
1400 2480 1541 2501 assumens
1569 2474 1796 2509 imperium:sed
1817 2484 1867 2504 nos

1085 2515 1233 2544 liberamur
1247 2524 1262 2544 a
1280 2518 1430 2553 tyrannide.
1448 2518 1482 2545 In
1494 2521 1609 2554 mundo,
1627 2522 1733 2556 inquit,
1753 2529 1821 2551 erat.
1834 2523 1863 2551 Si

1085 2561 1112 2588 in
1130 2563 1230 2590 mundo
1239 2568 1297 2590 erat
1308 2583 1316 2596 ,
1331 2564 1469 2598 quomodo
1489 2565 1560 2592 venit
1573 2565 1598 2592 in
1612 2568 1731 2595 mundo?
1745 2568 1866 2603 Apparet

1085 2609 1112 2636 in
1129 2611 1238 2638 mundo.
1255 2609 1324 2643 Quid
1349 2618 1413 2646 ergo
1434 2619 1487 2639 non
1512 2611 1586 2640 vadit
1608 2620 1640 2640 ex
1662 2615 1863 2644 mundo?Dicit

984 2699 1006 2715 ⁶⁰
1022 2699 1095 2728 Psal.
1119 2707 1191 2734 xcu,
1220 2708 1300 2735 xc",
1324 2708 1416 2729 xcvm.

1081 2778 1167 2805 tendit
1181 2783 1234 2818 tu_m
1250 2780 1387 2818 enarratio
1398 2788 1457 2818 quae
1465 2781 1595 2818 sequitur,
1611 2786 1665 2809 tum
1679 2783 1747 2811 alius
1765 2789 1855 2818 postea

1080 2812 1155 2840 locus
1173 2814 1240 2840 inira
1256 2815 1299 2840 ubi
1317 2812 1413 2849 legitur
1425 2815 1489 2843 Erat
1504 2812 1593 2844 lumen
1603 2826 1691 2845 verum
1713 2812 1815 2846 ueniens
1829 2822 1854 2846 in

1079 2847 1147 2874 hunc
1160 2850 1296 2880 mundum,
1310 2847 1362 2877 elo.

1116 2883 1171 2918 (75)
1189 2883 1296 2911 Talaus.
1321 2885 1555 2920 Ἀσφαλιζόμενος,
1568 2889 1854 2922 propulsans,arccns.
