2024 3208
153 160 226 191 1053

582 161 624 190 DE
642 162 721 192 FIDE
739 162 925 191 ADVERSUS
944 162 1148 191 SABELLIIJM.
1163 155 1203 184 Σ
1221 161 1284 190 LIB.
1304 162 1327 190 I.

1699 162 1769 192 ιοει

151 224 229 251 enim‘
240 232 250 250 ι
268 222 361 250 Adhuc
372 222 473 250 modice
487 223 574 251 iumen
586 224 716 252 uobiscum
731 229 779 252 est.
805 224 879 252 Vada
896 225 931 252 ad
945 228 970 258 Α
984 225 1021 252 ria
1039 224 1169 260 Spiritum
1180 224 1324 252 uenientem
1337 243 1345 256 ,
1357 222 1399 250 hic
1409 227 1447 250 eat
1464 222 1505 255 '7?
1516 222 1545 251 Si
1563 222 1644 258 igitur
1654 230 1771 259 evange-

150 277 210 298 cum
222 269 269 305 qui
284 277 324 296 me
337 269 406 296 misit
418 278 427 296 .'
441 270 564 304 quaeretis
580 278 630 302 me,
644 276 667 297 et
687 279 739 297 non
752 271 885 298 invenietis
898 271 932 298 ⁶¹.

151 316 229 343 Nune
241 315 334 347 vadit,
350 320 378 342 et
392 315 520 350 relinquit
539 316 678 343 mundum.
693 316 746 343 Sed
767 317 862 343 iterum
878 316 934 350 ipse

151 361 218 389 dicit
235 371 241 388 :
262 360 329 388 Ecce
341 369 387 396 ego
406 362 537 388 uobiscum
554 370 611 388 sum
628 370 708 396 usque
721 362 754 388 ad
768 370 933 389 consumma—

151 410 248 435 tionem
261 407 352 434 saeculi
368 408 400 433 °‘.
413 408 513 434 Aderat
527 416 591 442 ergo
603 429 611 442 ,
625 413 653 435 et
665 412 807 442 antequam
826 407 936 435 adveni-

131 452 135 486 ἱ
152 460 213 488 rei,
231 456 308 483 adest
321 455 401 482 etiam
423 460 565 490 postquam
589 457 720 489 perrexit.
743 457 850 483 Intuere
870 463 936 490 ergo

153 502 381 536 quemadmodum
403 502 428 528 in
443 503 544 529 mundo
555 508 614 529 erat
627 502 808 530 invisibiliter.
828 502 892 529 Nam
910 503 934 529 id

154 547 310 574 videntibus
329 547 471 581 apostolis,
485 552 511 574 et
523 548 660 574 nobiscum
676 553 717 574 est
731 555 814 582 usque
830 548 861 573 ad
872 555 936 574 cou—

153 593 362 620 summalionem
377 594 468 620 szccnli
486 602 491 620 :
506 594 766 627 iucorporaliscnim
784 598 878 620 natura
895 593 936 619 lo-

155 641 194 668 cis
208 648 262 667 non
275 640 519 667 circumscribitur.
535 640 587 666 Sed
601 644 774 674 posteaquam
791 640 935 674 assumpsit

155 693 268 720 corpus,
295 694 347 713 non
374 691 402 713 ut
425 686 609 713 recludcrctur
636 686 782 719 assumpsit
805 695 811 712 :
832 685 936 711 salvare

155 732 226 760 enim
243 732 334 763 venit,
348 736 374 758 et
388 739 441 758 non
458 731 545 757 minus
567 730 687 757 exaltare
699 750 706 762 ,
726 735 753 756 et
779 737 830 756 non
848 730 937 756 inuni—

155 776 222 804 liare
236 777 301 810 (non
315 776 377 811 quia
394 784 445 803 non
461 783 490 802 se
519 775 670 801 humiliavit
687 784 692 802 :
711 774 848 801 lmmiliari
866 774 937 801 enim

155 822 226 854 dico,
241 821 364 848 decidere
383 827 442 847 eum
459 828 473 846 a
487 828 533 847 sua
548 820 701 853 dignitate),
716 820 762 846 sed
774 819 862 852 potius
877 819 936 845 abs-

157 867 273 895 condere
300 874 377 893 suam
395 866 563 900 dignitatem.
584 865 610 891 Si
624 865 695 892 enim
716 864 772 899 ipse
793 864 892 890 decidit
905 865 938 890 ah

986 273 1046 300 lista
1058 272 1139 305 dicit,
1156 269 1242 303 Erat;
1255 270 1375 305 Baptista
1395 274 1485 297 autem
1496 270 1562 297 dicit
1575 289 1583 302 ,
1596 269 1649 297 llic
1666 275 1703 297 ert
1718 278 1727 297 :
1743 276 1773 299 et

988 319 1103 354 Spiritus
1129 321 1244 345 testatur
1260 317 1323 352 quia
1343 315 1399 350 ipse
1427 320 1487 348 est;
1502 320 1530 343 et
1554 316 1635 343 Pater
1659 317 1772 344 demou-

988 371 1079 393 strans
1095 364 1174 395 dicit,
1194 363 1245 390 llic
1261 367 1357 395 est;et
1372 361 1456 389 Filius
1476 361 1556 394 dicit,
1577 362 1633 397 Ego
1650 372 1727 396 sum;
1741 369 1768 390 et

988 410 1124 437 dmmones
1137 410 1232 436 dicunt
1245 428 1253 441 ,
1268 407 1305 435 Tu
1318 417 1345 435 es
1361 415 1370 434 :
1386 415 1446 443 qua:
1462 409 1615 442 procacitas
1631 409 1680 436 ista
1691 414 1733 437 est
1745 414 1774 437 ut

988 464 1041 483 non
1058 456 1171 483 credat?
1183 456 1236 483 Aut
1251 455 1322 481 enim
1335 454 1407 481 Patri
1424 455 1519 487 crede,
1538 459 1583 481 aut
1596 454 1664 482 Filio
1676 457 1754 484 obedi
1765 477 1773 489 ,

989 507 1035 528 aut
1048 501 1178 535 Spiritum
1193 500 1313 528 consenti
1323 521 1329 533 ,
1344 505 1391 527 aut
1407 508 1467 528 cum
1480 501 1618 535 prophetis
1627 503 1774 535 concorda,

989 552 1035 574 aut
1050 555 1110 574 cum
1121 547 1272 582 legislatore
1286 546 1431 579 conﬁtere,
1447 551 1494 574 aut
1508 551 1581 574 certe
1597 555 1658 574 cum
1675 548 1776 576 damno-

992 595 1070 621 nibus
1083 593 1136 620 noli
1154 600 1263 627 negare.
1281 592 1321 619 llli
1342 593 1414 620 enim
1427 592 1519 619 dicunt
1535 602 1542 618 :
1558 591 1662 619 Scimus
1683 598 1707 620 te
1730 594 1775 628 qui

990 641 1025 666 sis
1042 640 1078 672 ⁸⁸,
1096 644 1124 667 et
1147 647 1198 666 non
1226 643 1332 666 cessant
1360 638 1531 665 conﬁtentes.
1551 637 1774 674 Quotiescunque

991 685 1061 713 enim
1077 685 1261 712 nominaveris
1276 685 1444 711 daemonibus
1471 684 1566 712 Filium
1593 685 1639 712 Dei
1667 684 1773 713 aﬂixum

990 731 1086 764 cruci,
1118 735 1264 758 trementes
1292 731 1382 757 statim
1406 737 1471 757 voce
1489 730 1575 764 prima
1599 731 1774 757 conﬁtentur.

991 777 1038 804 Est
1053 777 1124 803 enim
1140 776 1223 804 Filius
1237 797 1244 808 ,
1259 781 1285 803 et
1301 780 1391 803 tnanet
1402 796 1409 809 ,
1424 779 1450 802 et
1463 784 1574 810 regnum
1588 776 1644 809 ejus
1662 784 1714 803 non
1727 776 1776 803 ha-

991 823 1035 849 bet
1050 822 1139 849 ﬁnem.
1156 821 1208 849 Sed
1227 822 1307 848 tinent
1322 821 1419 848 habeat
1430 828 1460 848 os
1475 821 1546 847 illius
1559 821 1604 855 qui
1617 821 1702 854 dixit,
1713 822 1775 855 quia

992 870 1067 904 regni
1081 869 1138 904 ejus
1154 873 1194 896 est
1213 868 1283 895 ﬁnis.
1296 867 1377 894 Pater
1388 867 1459 894 enim
1479 867 1524 901 qui
1540 867 1629 901 genuit
1648 875 1701 893 non
1716 874 1775 901 pm-

155 919 188 940 80
206 912 276 947 quod
293 916 352 938 eral
371 911 440 938 θοιιε
452 931 459 943 θ
489 919 538 938 "05
559 918 611 937 "0"
636 910 728 944 ιιιῑίιιιθ
748 910 884 936 "HOC-"il
904 910 934 936 ad
952 905 973 932 Β
989 916 1089 942 nitetur
1102 915 1134 942 de
1150 915 1217 941 bona
1234 913 1370 949 progenie,
1385 920 1436 939 non
1455 913 1564 939 devorat
1576 920 1653 939 suum
1669 912 1776 940 Filium.

110 958 113 961 ’
155 965 214 985 eam
228 965 261 984 ex
275 965 326 992 qua
340 957 497 985 cecidimus.
511 956 624 983 Salvare
646 956 727 990 igitur
753 956 825 982 venit
849 955 937 982 Domi-

156 1011 208 1030 nus
221 1023 228 1036 ,
244 1011 297 1030 non
313 1008 402 1030 tamen
421 1002 544 1029 amittere
560 1003 631 1035 quod
643 1001 768 1027 habebat.
782 1000 858 1027 Fecit
871 1000 938 1027 bene

156 1049 214 1084 ipse
233 1056 345 1076 manens
368 1049 394 1075 in
410 1056 463 1082 quo
474 1052 529 1074 erat
550 1047 618 1082 (7G),
637 1054 689 1073 non
705 1051 799 1073 natura
812 1046 938 1073 exeidens

156 1103 204 1123 sua
214 1116 222 1128 ,
235 1094 283 1122 sed
296 1093 483 1122 misericordia
498 1094 583 1120 utitur
600 1092 698 1119 Patris.
718 1091 787 1124 Quid
802 1099 864 1125 ergo
876 1099 938 1125 pro-

156 1141 273 1176 positum
293 1145 353 1167 erat
365 1141 442 1167 nobis
459 1141 549 1167 dicere
561 1160 568 1171 ,
581 1139 651 1173 quod
666 1139 750 1166 solum
770 1140 794 1165 ei
814 1138 940 1164 convenit

156 1187 231 1214 dici?
245 1186 332 1214 solum
352 1193 440 1212 autem
467 1185 594 1212 convenit
617 1185 670 1211 diei
684 1205 691 1217 ,
709 1184 770 1218 quia
796 1188 837 1210 est
862 1183 941 1210 Pater

155 1239 290 1266 vere,est
314 1238 342 1260 et
370 1233 452 1260 Filius
467 1240 545 1263 vere,
563 1236 603 1258 est
622 1237 648 1258 et
672 1231 790 1265 Spiritus
820 1235 938 1256 sanctus.

156 1279 215 1307 Non
227 1279 306 1306 otiosi
322 1286 462 1306 sermones
474 1299 480 1309 ,
497 1286 549 1304 non
562 1285 646 1304 vacua
658 1276 741 1303 verba
756 1297 763 1308 ,
777 1276 823 1303 sed
847 1280 940 1302 natura

157 1334 231 1354 vera.
244 1325 324 1352 Pater
336 1333 387 1351 non
405 1329 485 1351 natus
499 1344 505 1356 ,
520 1329 546 1351 et
560 1324 634 1350 solus
650 1331 701 1349 non
730 1327 808 1349 natus
826 1331 831 1348 :
847 1327 873 1348 et
898 1321 942 1348 Fi-

159 1370 215 1398 lius
231 1370 386 1404 unigenitus
397 1390 404 1401 ,
433 1374 460 1396 et
484 1368 556 1395 solus
572 1368 725 1403 unigenitus
745 1373 786 1394 est
804 1375 811 1393 :
827 1367 943 1401 Spiritus

157 1420 268 1444 sanctus
289 1417 333 1451 qui
358 1424 373 1442 a
398 1415 467 1442 Filio
496 1415 643 1442 secundum
667 1414 755 1441 Patris
778 1413 942 1439 voluntatem

157 1462 345 1491 ntittitur.Vis
368 1467 456 1490 autem
482 1461 589 1488 edoceri
604 1461 666 1495 quia
689 1461 746 1487 hazc
763 1467 826 1486 vere
852 1459 944 1485 dicun-

162 1516 207 1537 tur
219 1510 299 1544 (77)?
317 1508 397 1536 Venit
411 1508 538 1535 Dominus
558 1508 590 1534 ad
601 1507 760 1542 baptismum
774 1506 884 1533 Joannis
895 1526 902 1538 ,
918 1509 945 1531 et

157 1555 262 1583 videbis
276 1555 319 1589 qui
336 1554 430 1589 estqui
447 1554 529 1586 dicit,
553 1553 602 1579 llic
619 1558 656 1579 est
675 1552 762 1578 Filius
788 1560 861 1578 meus
875 1551 943 1577 dile-

158 1602 305 1634 ctissimus,
319 1602 345 1627 in
359 1608 408 1634 quo
428 1600 492 1626 mihi
511 1599 571 1625 bene
585 1598 729 1632 complacui
747 1597 779 1623 ⁸³.
797 1597 865 1630 Quis
877 1597 944 1623 dicit

158 1647 236 1675 hinc?
251 1647 344 1681 utique
359 1646 438 1672 Pater
449 1646 480 1672 de
495 1645 549 1671 Deo
561 1664 567 1676 ,
585 1643 629 1678 qui
644 1643 785 1669 videbatur
807 1646 835 1667 ut
851 1641 942 1668 homo.

160 1694 212 1728 Qui
226 1693 292 1720 dicit
320 1699 384 1727 ergo
398 1712 405 1724 ,
437 1691 517 1718 Pater
542 1695 582 1717 est
603 1699 608 1716 :
626 1690 657 1715 de
680 1695 733 1722 quo
758 1687 942 1714 testimonium

159 1745 232 1772 crat,
247 1739 331 1766 Filius
359 1743 400 1765 est
417 1747 422 1764 :
438 1737 556 1771 Spiritus
585 1736 611 1762 in
636 1735 725 1770 specie
749 1734 889 1761 columine.
912 1734 944 1761 Et

159 1787 205 1822 qui
222 1791 251 1814 ut
265 1786 343 1812 homo
362 1786 523 1819 apparebat,
538 1787 564 1810 et
575 1782 620 1817 qui
646 1782 670 1808 in
699 1781 808 1807 homine
831 1780 938 1807 habita-

159 1833 205 1860 bat
216 1853 224 1864 ,
239 1837 266 1859 et
279 1832 325 1866 qui
337 1831 362 1857 in
379 1837 494 1865 corpore
508 1834 583 1861 erat,
598 1828 749 1855 testabatur
765 1832 791 1854 et
812 1827 940 1854 diccbat:

160 1878 271 1914 Expedit
289 1878 356 1904 vobis
372 1881 398 1903 ut
414 1885 460 1911 ego
481 1876 585 1902 vadam.
616 1874 647 1901 Si
664 1874 748 1905 enim,
773 1872 880 1907 inquit,
898 1880 943 1906 ego

161 1935 212 1954 non
225 1926 280 1953 iero
293 1945 301 1957 ,
314 1924 427 1959 Spiritus
438 1931 487 1949 non
504 1923 584 1948 veniet
600 1929 608 1947 :
621 1928 679 1947 cum
699 1928 744 1955 ego
760 1919 830 1950 iero,
847 1919 941 1952 rogabo

162 1971 268 1999 Patrem
281 1979 366 1997 meum
381 1969 413 1996 ⁵⁵.
431 1968 489 1996 Νοιι
516 1973 605 1995 tatnett
623 1975 665 1994 me
683 1971 710 1993 et
732 1965 814 1992 alium
830 1967 944 1991 advoca-

161 2023 217 2046 tum
235 2017 323 2044 mittet
333 2017 411 2043 Pater
426 2015 459 2042 ad
476 2022 535 2042 vos.
554 2014 605 2047 Qui
619 2013 707 2046 vadit,
719 2017 746 2039 et
761 2012 807 2046 qui
820 2016 941 2046 rogatur,

159 2069 186 2092 et
202 2064 248 2099 qui
266 2063 399 2094 mittitur,
427 2069 479 2088 non
508 2061 544 2088 dii
561 2060 697 2087 dicuntur.
715 2058 790 2086 Unus
810 2058 882 2085 enim
902 2062 944 2084 est

161 2109 231 2136 Deus
248 2117 263 2136 a
277 2116 330 2143 quo
345 2112 408 2135 sunt
434 2107 522 2134 omnia
535 2126 543 2138 ,
568 2111 595 2133 et
623 2112 692 2132 unus
717 2104 846 2132 Dominus
865 2103 943 2130 Jesus

161 2162 208 2190 per
223 2162 302 2190 quem
319 2158 382 2181 sunt
396 2152 497 2180 omnia.
514 2152 567 2179 Sed
583 2159 650 2178 unus
663 2151 732 2177 Deus
742 2158 793 2177 non
813 2155 902 2182 natus,
918 2154 944 2177 et

161 2209 230 2229 unus
247 2200 403 2235 unigenitus
417 2199 546 2226 Dominus
558 2203 637 2225 natus
652 2205 667 2224 a
681 2197 734 2224 Deo
752 2200 803 2223 est.
819 2195 846 2223 Si
871 2197 942 2223 enim

161 2257 215 2277 non
233 2252 325 2275 natum
344 2252 370 2274 et
385 2255 436 2273 non
450 2251 541 2273 natum
558 2246 675 2272 diceretn
687 2264 693 2275 ,
713 2248 759 2270 aut
774 2242 942 2276 unigenitum

161 2301 189 2323 et
201 2294 369 2330 unigenitum
381 2302 388 2326 ;
402 2297 466 2319 tunc
482 2299 666 2319 asseverarem
681 2290 705 2317 id
727 2289 797 2324 qttod
814 2296 865 2315 non
879 2288 944 2315 dicit

162 2341 294 2369 Ecclesia.
313 2340 382 2373 Quid
400 2346 464 2374 ergo
478 2339 542 2366 dicit
560 2338 640 2365 Pater
669 2337 694 2363 in
722 2335 834 2363 Joannis
854 2335 943 2369 bapti-

162 2387 268 2416 smum?
284 2386 334 2414 Hic
350 2391 385 2412 est
405 2385 489 2411 Filius
502 2392 572 2411 meus
604 2383 733 2414 dilectus,
757 2382 784 2408 in
806 2389 856 2416 quo
884 2381 945 2408 bene

161 2433 310 2469 complacui
325 2433 366 2460 ⁸⁸2
380 2431 486 2459 Sufﬁcit
499 2439 513 2457 a
530 2430 585 2457 Deo
611 2434 638 2457 et
666 2427 748 2456 semel
769 2428 879 2459 audire,
899 2426 945 2453 sed

162 2489 216 2509 non
235 2480 301 2507 dicit
318 2478 413 2506 semel.
429 2477 567 2511 Siquidem
581 2480 608 2503 et
627 2475 654 2502 in
671 2478 762 2501 monte
773 2480 833 2500 cum
848 2472 944 2499 fuisset

162 2526 292 2555 Dominus
306 2524 514 2559 transﬁguratus
541 2526 673 2557 praesente
700 2520 790 2555 Moyse
815 2523 843 2546 et
869 2518 946 2550 Elia,

161 2574 258 2601 eadem
275 2571 372 2607 repetit
387 2576 414 2598 et
433 2570 517 2597 dicit:
532 2569 582 2595 Hic
602 2573 637 2594 est
669 2566 757 2592 Filius
783 2573 855 2592 metu
878 2564 946 2590 dile-

163 2620 296 2647 ctissimus
310 2619 336 2644 in
350 2625 400 2652 quo
423 2617 486 2643 bene
509 2613 669 2648 complacui;
691 2613 776 2646 ipsum
799 2610 889 2637 audite
911 2609 945 2636 ‘°.

163 2667 230 2694 Nam
246 2672 274 2693 et
288 2664 405 2692 Joannes
421 2663 518 2690 similia
542 2661 640 2688 fatetur
653 2664 679 2687 et
693 2658 758 2685 dicit
776 2666 782 2684 :
796 2656 847 2689 Qui
874 2655 946 2682 misit

163 2721 204 2741 me
216 2713 350 2746 baptizare
363 2712 388 2737 in
406 2718 474 2744 aqua
485 2729 492 2741 ,
504 2709 558 2742 ipse
573 2706 633 2733 mihi
647 2705 726 2736 dixit,
742 2703 775 2730 In
787 2710 860 2738 quem
876 2702 946 2728 vide—

216 2768 237 2784 “
256 2768 333 2795 Joan.
350 2766 456 2798 xtt,55.
495 2765 516 2780 δ’
531 2763 625 2790 Matth.
643 2769 750 2798 XXVIII“,
768 2759 811 2798 _20.

165 2804 186 2820 °“
204 2803 300 2840 Matth;
314 2794 426 2834 xvtt,'5.
465 2801 486 2815 ⁵⁷
507 2798 584 2825 Joan.
598 2806 624 2830 ι,
642 2797 686 2824 55.
725 2796 746 2811 ’⁵⁸
767 2795 832 2822 Luc.
848 2794 943 2827 “.55.

200 2852 256 2885 (7b)
279 2851 326 2877 Ms.
344 2850 417 2877 Facit
434 2850 494 2875 bene
508 2848 560 2885 ipse
572 2854 677 2873 manans
693 2846 719 2872 in
739 2853 788 2879 qua
802 2848 867 2871 erat.

203 2883 257 2921 (77)
270 2886 340 2914 lult‘a
356 2886 400 2913 lib.
417 2893 446 2917 tt,
464 2884 511 2911 sub
525 2883 582 2910 iuit.

958 1578 980 1608 C

851 2759 872 2774 ⁸³
898 2758 991 2786 Matth.
1008 2766 1055 2790 ιιι,
1086 2759 1129 2785 l7.

851 2794 943 2820 lviii.
981 2793 1004 2809 δί’
1023 2793 1123 2820 Joan.t

1039 2802 1101 2826 οωι.
1116 2802 1123 2820 ι
1135 2814 1142 2826 ,

986 961 1139 988 lnvidemus
1153 959 1258 986 fabulas
1269 959 1398 994 gentium,
1408 958 1539 985 etiterum
1549 959 1656 985 easdem
1670 958 1778 986 induci-

988 1014 1048 1033 mus
1064 1014 1072 1032 :
1091 1013 1143 1032 non
1160 1006 1275 1038 nos,sed
1287 1004 1332 1039 qui
1349 1011 1430 1030 ausus
1440 1008 1481 1030 est
1496 1003 1603 1030 Galata.
1622 1003 1692 1030 Deus
1706 1003 1778 1030 enim

988 1059 1041 1078 non
1054 1058 1144 1078 vocem
1158 1050 1249 1085 genuit
1264 1049 1309 1076 sed
1320 1048 1428 1079 Filium,
1441 1056 1492 1074 non
1506 1055 1656 1075 sermonem
1674 1047 1720 1074 sed
1739 1048 1778 1074 vi-

990 1101 1116 1128 tam,non
1125 1095 1224 1122 dictum
1233 1095 1279 1122 sed
1297 1094 1389 1121 Deum.
1404 1094 1479 1127 Apud
1497 1094 1579 1120 Demn
1594 1094 1677 1124 enim,
1687 1101 1739 1120 non
1751 1093 1777 1120 in
1791 1087 1792 1090 i

990 1149 1037 1169 ore
1067 1142 1113 1168 Dei
1127 1151 1134 1168 :
1164 1141 1196 1168 ad
1211 1140 1347 1167 dexteram
1364 1140 1422 1171 Dei,
1441 1148 1492 1167 non
1508 1145 1595 1167 tamen
1611 1141 1655 1175 qui
1671 1141 1697 1167 in
1712 1147 1778 1168 voce

991 1193 1042 1214 est.
1061 1186 1182 1214 Judicem
1201 1194 1260 1213 eum
1273 1186 1465 1220 quiviviﬁcat,
1485 1193 1579 1213 verum
1606 1186 1714 1218 lumen,
1730 1186 1778 1220 ju-

991 1234 1070 1260 stilirc
1085 1233 1183 1260 solerti.
1200 1232 1301 1259 Lumen
1319 1236 1408 1258 autem
1424 1239 1478 1258 non
1496 1232 1557 1264 tale,
1574 1232 1652 1265 quale
1667 1237 1693 1258 et
1708 1232 1777 1266 apud

992 1287 1040 1306 nos
1055 1288 1062 1305 :
1081 1278 1146 1305 nihil
1165 1277 1330 1311 accipiamus
1345 1276 1451 1303 visibile
1467 1276 1500 1302 ad
1523 1277 1717 1303 exhibitiouem
1733 1277 1777 1304 in-

992 1324 1118 1351 visibilis.
1132 1323 1189 1350 Nou
1205 1324 1270 1350 mihi
1284 1323 1363 1350 isthic
1380 1323 1466 1349 fontes
1475 1323 1592 1349 adducas
1606 1323 1630 1350 in
1642 1323 1776 1350 medium:

993 1379 1045 1397 non
1059 1370 1141 1397 solem
1160 1374 1187 1397 et
1198 1369 1256 1403 ejus
1270 1370 1370 1396 lumen.
1389 1369 1454 1401 Qum
1470 1368 1540 1394 enim
1559 1376 1606 1403 per
1631 1369 1727 1396 Filium
1740 1371 1780 1396 fa-

994 1422 1035 1444 cta
1053 1421 1131 1449 sunt,
1149 1424 1200 1444 non
1215 1422 1408 1449 comparantur
1420 1416 1498 1443 Filio.
1515 1416 1570 1443 lloc
1585 1416 1657 1442 enim
1682 1416 1775 1444 lumen

995 1470 1047 1489 non
1058 1467 1099 1489 est
1109 1462 1189 1494 solis,
1202 1463 1249 1489 sed
1267 1461 1410 1488 etiicientia
1436 1461 1501 1488 solis
1517 1470 1523 1487 :
1541 1461 1591 1488 hoc
1619 1461 1710 1488 lumen
1726 1469 1780 1489 non

995 1508 1077 1535 habet
1089 1509 1170 1534 vitam
1186 1529 1193 1540 ,
1206 1507 1291 1534 Filius
1307 1512 1395 1534 autem
1411 1507 1463 1533 vita
1477 1511 1520 1534 est
1535 1515 1542 1533 :
1556 1507 1607 1534 hoc
1619 1506 1708 1534 lumen
1727 1514 1780 1533 non

997 1554 1082 1588 aperit
1113 1553 1204 1580 oculos
1221 1561 1374 1584 caecorum,
1401 1553 1449 1579 sed
1468 1552 1510 1580 his
1534 1554 1578 1586 qui
1607 1552 1694 1580 creati
1718 1557 1781 1580 sunt

998 1599 1099 1635 praebet
1118 1599 1218 1627 videre.
1235 1599 1286 1626 Sed
1306 1606 1339 1625 ne
1353 1599 1460 1633 quidem
1475 1599 1527 1626 hoc
1543 1606 1557 1625 a
1569 1606 1598 1626 se
1610 1619 1617 1631 ,
1633 1599 1679 1626 sed
1700 1600 1734 1626 ab
1748 1607 1781 1627 eo

997 1647 1040 1680 qui
1057 1645 1176 1673 indulsit.
1198 1645 1253 1672 lloe
1270 1645 1357 1672 lumen
1373 1644 1399 1672 in
1418 1644 1534 1675 tenebris
1562 1653 1614 1672 non
1633 1645 1703 1672 lucet
1720 1652 1727 1671 :
1742 1649 1784 1672 le-

998 1691 1087 1718 nebra:
1101 1690 1172 1717 enitn
1196 1698 1257 1717 eutn
1285 1697 1335 1716 non
1351 1689 1594 1723 comprehendunt.
1616 1689 1653 1716 De
1670 1689 1716 1716 illo
1730 1697 1764 1716 au
1778 1704 1782 1708 -

998 1742 1051 1764 tem
1066 1737 1166 1763 lumine
1180 1737 1278 1763 dictutn
1295 1740 1336 1762 est
1351 1746 1357 1762 :
1375 1735 1473 1762 Lumen
1485 1735 1511 1761 in
1525 1735 1634 1762 tenebris
1646 1735 1728 1769 lucet,
1744 1739 1781 1762 te-

997 1781 1082 1808 nebrae
1096 1788 1154 1807 eum
1170 1787 1221 1806 non
1235 1779 1481 1813 comprehenderunt
1494 1777 1527 1804 θ’.
1545 1777 1602 1804 Hoc
1623 1777 1711 1804 lumen
1727 1785 1780 1804 non

997 1827 1099 1862 pascit,
1114 1834 1166 1853 non
1183 1826 1313 1852 transfert
1326 1833 1423 1860 aquam
1436 1824 1469 1850 ad
1487 1824 1578 1850 vinum
1596 1824 1667 1850 :hoc
1691 1822 1782 1850 lumen

996 1881 1049 1900 non
1065 1872 1178 1900 suscitat
1191 1877 1325 1903 mortuos,
1343 1871 1389 1898 sed
1404 1870 1521 1897 otiosum
1546 1874 1587 1896 est
1602 1869 1715 1896 mortuis
1732 1878 1739 1896 ;
1755 1873 1783 1895 et

997 1928 1049 1947 non
1063 1919 1126 1954 quia
1140 1926 1283 1946 commune
1299 1922 1340 1944 est
1357 1924 1453 1944 nomen
1468 1937 1475 1948 ,
1490 1920 1568 1951 putas
1588 1914 1649 1949 quia
1662 1918 1688 1941 et
1707 1921 1782 1941 com-

997 1966 1086 1993 munis
1107 1970 1202 1992 natura
1215 1969 1267 1992 est.
1285 1963 1341 1991 lloc
1356 1963 1444 1990 lumen
1461 1967 1507 1989 aut
1521 1962 1546 1989 in
1561 1962 1647 1997 primo
1660 1961 1704 1988 die
1716 1980 1724 1993 ,
1735 1965 1783 1987 aut

997 2019 1057 2039 cum
1070 2011 1126 2038 sole
1142 2011 1168 2038 in
1182 2016 1277 2045 quarto
1290 2030 1297 2042 ,
1309 2008 1533 2044 quemadmodum
1549 2007 1610 2042 quis
1624 2006 1760 2041 putaverit
1773 2026 1781 2039 ,

997 2058 1040 2085 die
1055 2062 1152 2092 quarto
1167 2057 1334 2084 estfactum.
1352 2055 1436 2082 Filius
1453 2058 1543 2081 autem
1569 2061 1622 2081 non
1641 2053 1667 2080 in
1695 2053 1783 2087 primo

997 2104 1039 2131 die
1051 2123 1058 2136 ,
1073 2111 1159 2138 neque
1174 2103 1199 2130 in
1215 2107 1310 2137 quarto
1321 2122 1328 2134 ,
1342 2109 1428 2136 neque
1446 2101 1472 2128 in
1487 2105 1571 2127 totum
1584 2100 1612 2127 in
1627 2099 1681 2132 die,
1696 2106 1783 2134 neque

997 2151 1024 2178 in
1042 2150 1107 2177 hora
1122 2170 1129 2182 ,
1143 2157 1230 2184 neque
1254 2149 1280 2176 in
1308 2146 1492 2184 temporibus,
1509 2154 1596 2181 neque
1624 2147 1651 2173 in
1665 2145 1781 2173 seculis.

998 2195 1060 2223 llaec
1074 2195 1145 2222 enim
1160 2188 1207 2229 per
1219 2194 1317 2222 Filium
1329 2215 1335 2227 ,
1352 2201 1404 2220 non
1419 2198 1506 2221 tamen
1521 2192 1604 2220 Filius
1617 2191 1643 2218 in
1658 2191 1710 2218 his.
1724 2190 1782 2218 Non

997 2242 1068 2268 enim
1085 2250 1099 2268 a
1113 2240 1303 2268 communione
1319 2239 1458 2266 hominum
1475 2236 1640 2265 confundere
1654 2235 1782 2262 debemus

997 2287 1174 2314 dilTerentiam
1194 2290 1309 2312 natum.
1337 2283 1393 2312 Hoc
1419 2284 1509 2311 lumen
1533 2281 1665 2317 perillum
1690 2280 1781 2307 lumen

995 2338 1046 2359 est.
1057 2332 1113 2359 Non
1124 2339 1187 2366 ergo
1202 2338 1390 2365 comparemus
1405 2328 1531 2356 insimilia
1545 2331 1590 2354 aut
1602 2326 1699 2354 similia
1712 2325 1779 2359 (73).

997 2378 1088 2413 Neque
1101 2378 1189 2405 fontes
1201 2382 1226 2403 et
1243 2381 1346 2404 meatus
1360 2375 1472 2403 fontium
1484 2395 1491 2407 ,
1507 2378 1534 2400 et
1553 2373 1625 2400 rivos
1634 2376 1661 2399 et
1675 2371 1779 2403 ﬂuvios,

997 2424 1058 2459 quia
1074 2432 1126 2452 non
1138 2423 1230 2451 deﬂuit
1241 2422 1335 2454 Pater,
1351 2423 1398 2449 sed
1413 2425 1504 2448 manet
1523 2424 1553 2446 ut
1568 2423 1638 2446 erat.
1654 2417 1714 2452 Ipse
1737 2422 1782 2444 est

998 2471 1069 2498 enim
1087 2471 1132 2505 qui
1147 2475 1198 2498 est.
1211 2469 1302 2504 Neque
1316 2468 1452 2502 passiones
1470 2471 1576 2502 oportet
1599 2464 1708 2499 adiungi
1729 2463 1781 2491 im-

998 2516 1117 2551 passibih
1131 2515 1203 2542 Patri
1218 2524 1224 2541 z
1239 2514 1302 2548 quia
1314 2520 1366 2540 non
1381 2511 1526 2543 dividitur,
1544 2517 1596 2537 non
1624 2507 1757 2536 scinditur
1772 2526 1781 2539 ,

998 2569 1051 2589 non
1069 2566 1208 2596 separatur
1219 2580 1226 2592 ,
1242 2559 1288 2587 sed
1304 2563 1395 2586 manet
1407 2562 1435 2585 et
1456 2561 1578 2592 generat.
1598 2554 1716 2582 General
1731 2560 1780 2580 au~

999 2614 1052 2636 tem
1067 2613 1096 2635 ut
1111 2608 1196 2642 ipsum
1215 2606 1291 2633 decet
1309 2611 1388 2632 nosse
1398 2623 1405 2637 ,
1423 2608 1450 2631 et
1465 2610 1515 2630 nos
1529 2601 1651 2629 adorare.
1668 2598 1726 2626 Noli
1741 2598 1782 2625 di-

998 2661 1060 2682 cere
1074 2652 1299 2688 quemadmodum
1313 2670 1321 2683 ,
1337 2657 1424 2685 neque
1450 2656 1554 2684 qumras
1577 2645 1779 2682 generationem

997 2700 1070 2727 illam
1088 2707 1170 2735 quam
1186 2698 1273 2725 nttllus
1284 2701 1409 2730 enarrat,
1428 2695 1517 2723 nullus
1533 2694 1600 2726 scit,
1621 2691 1708 2719 nuilus
1727 2698 1779 2718 tto-

1176 2757 1198 2773 “
1224 2756 1302 2784 Joan.
1330 2763 1393 2788 xvt,
1422 2754 1448 2780 7.
1495 2752 1517 2768 ⁸⁵
1541 2751 1635 2778 Matth.
1665 2747 1779 2783 "1,47.

1161 2793 1188 2819 5.

1032 2838 1086 2877 (78)
1100 2841 1241 2869 Insimilia.
1255 2838 1381 2874 ’Λνὸμηια
1393 2837 1460 2865 infra
1475 2836 1520 2864 lib.
1536 2843 1565 2867 tt,
1581 2837 1640 2869 post
1654 2832 1725 2860 med.
