2024 3208
274 188 344 216 1055

609 178 747 216 istisan
767 183 1005 215 CESARIENSIS
1023 183 1045 212 ο

1098 204 1099 209 η
1119 182 1211 210 PARS
1230 181 1274 209 IV.
1293 195 1330 202 --
1349 178 1569 215 DOGMATICAJ

1824 179 1891 209 l036

271 249 322 275 vit.
337 248 408 275 Cede
420 269 427 281 ,
443 252 469 276 et
485 248 614 276 conﬁtere
643 249 828 276 infirmitatem
854 252 938 275 tuam.
953 247 1055 274 Obtun-
1069 248 1091 276 A
1107 259 1148 282 εει
1166 254 1250 281 bene!
1268 251 1325 280 Non
1347 253 1418 280 enim
1447 252 1503 280 [nnc
1529 256 1571 279 est
1594 258 1717 279 mensura
1733 251 1865 280 distantia:
1881 261 1889 280 :

271 293 331 321 bret
343 299 368 320 te
379 294 512 322 Christus.
526 294 554 322 Si
568 295 639 322 enim
653 300 679 322 tu
704 295 841 329 quomodo
856 299 934 321 natus
950 301 980 321 es
1007 301 1054 321 ne-

271 340 343 372 scis,
356 341 582 376 quemadmodum
596 363 603 376 ,
619 341 666 376 qui
690 342 724 369 de
735 347 761 369 te
784 341 910 376 ignoras,
926 341 958 368 de
974 340 1055 369 Patre

271 390 299 412 et
315 384 383 414 Filio
394 391 438 414 aut
453 387 566 422 qumris.
586 391 631 414 aut
643 394 723 415 nosse
741 391 766 415 te
785 387 884 422 putas?
900 387 969 420 Quid
991 395 1055 423 ergo

271 438 325 458 non
337 431 465 459 debemus
480 433 601 459 conliteri
625 433 706 460 Deum
723 437 750 460 et
777 433 895 461 Filium?
920 433 1055 461 Conﬁtere

271 484 302 504 ea
321 485 380 512 qua:
392 478 424 505 de
437 478 518 505 Patre
532 483 559 506 et
575 478 643 506 Filio
657 479 758 514 scripta
778 484 863 506 sunt:
880 483 908 507 et
930 479 983 507 noli
1007 487 1055 507 cu-

271 523 359 551 riosus
372 531 402 551 ea
418 531 477 558 quae
490 531 541 551 non
560 529 622 552 sunt
646 525 745 560 scripta
760 526 909 560 requirere.
929 526 1032 552 Dicitur
1044 545 1054 557 ,

270 569 304 597 In
315 570 442 604 principio
454 575 528 602 erat,
543 575 570 598 et
587 571 648 606 quis
663 571 772 599 audebit
788 571 1001 606 reprehendere?
1024 571 1053 599 Si

270 620 360 642 autem
373 621 401 643 et
413 616 615 651 reprehenderit
632 622 656 645 te
669 638 677 651 ,
695 623 781 645 semet
808 619 896 653 ipsum
913 619 995 646 Iredit.
1019 617 1053 645 In

269 660 398 695 principio
410 665 467 688 erat
486 660 615 696 Verbum,
629 667 653 690 et
676 661 787 689 Verbum
801 668 856 690 erat
870 664 940 698 apud
958 663 1052 697 Deum,

267 711 292 733 et
309 705 377 733 Deus
398 712 455 734 erat
489 706 611 734 Verbum.
634 708 687 734 Hic
704 714 760 736 erat
781 709 808 736 in
833 710 962 744 principio
983 710 1053 744 apud

268 751 362 778 Deum.
376 752 407 778 Et
420 752 516 786 sapius
530 753 579 780 ista
598 754 733 786 dicantur,
747 760 774 782 et
788 755 1053 790 nihilconqumratur

266 796 340 822 novi.
356 795 463 824 Utinam
478 801 566 824 autem
585 797 671 825 solum
686 798 851 832 legeremus!
868 800 970 827 utinam
986 799 1052 827 solis

267 841 416 877 Scripturis
431 843 549 870 contenti
564 844 704 871 essemusl
718 849 747 872 et
760 844 794 872 lis
816 845 889 872 nulla
906 845 997 872 ﬁebat.
1022 844 1051 872 Si

267 887 340 913 enim
353 887 415 921 quis
438 887 542 922 litigat,
556 889 598 916 vel
622 889 802 922 contradicit,
823 890 944 925 jurgatus
969 890 1051 918 fuerit

267 931 310 958 his
323 939 382 966 qua:
393 933 491 967 scripta
507 939 590 963 sunt:
606 943 658 963 non
674 935 708 963 ad
732 936 866 964 hominem
884 936 987 971 litigat,
1002 937 1050 964 sed

266 977 301 1004 ad
328 977 481 1013 Deum_qui
507 980 628 1015 scripsit.
650 980 724 1009 Unde
737 986 827 1008 autem
855 982 969 1009 ellicitur
994 982 1051 1009 Iis?

266 1031 328 1050 cum
342 1031 373 1051 ea
390 1032 449 1059 qua:
461 1033 495 1052 ex
509 1027 592 1055 corde
610 1032 672 1055 sunt
690 1027 862 1060 proferimus.
884 1029 952 1057 Puto
977 1030 1048 1056 enim

265 1071 326 1104 quia
344 1070 432 1098 nullus
444 1077 484 1099 est
496 1073 688 1108 aususjurgari
703 1076 736 1101 ad
752 1075 846 1102 Deum.
860 1075 896 1102 Ea
907 1083 967 1110 qua:
980 1076 1049 1103 scri-

266 1121 310 1150 pta
325 1121 387 1143 sunt
403 1116 475 1152 lege,
488 1122 515 1145 et
528 1118 616 1146 nullus
629 1119 792 1155 jurgabitur.
806 1119 887 1147 Pater
913 1121 1004 1148 statim
1020 1125 1050 1148 ut

264 1159 353 1186 dictus
369 1160 419 1187 fuit
436 1160 531 1195 Pater,
546 1163 660 1198 requirit
682 1164 733 1191 ista
751 1172 800 1192 vox
813 1164 921 1192 Filium.
947 1165 1050 1193 Dicitur

264 1203 367 1237 Filius,
396 1210 423 1233 et
451 1207 477 1233 iu
504 1215 536 1235 eo
562 1209 621 1244 ipso
647 1210 709 1237 dum
735 1210 855 1242 dicitur,
874 1210 952 1239 Pater
981 1219 1049 1239 con-

262 1249 363 1278 litetur.
391 1251 448 1279 Non
471 1253 544 1280 enim
561 1262 643 1282 vacua
659 1263 709 1283 vox
725 1261 766 1284 est
785 1256 883 1289 Pater,
901 1258 948 1284 sed
969 1257 1048 1285 exhi-

261 1295 329 1323 bens
352 1303 474 1326 naturam
499 1299 572 1328 Filii.
592 1301 650 1328 Non
670 1309 755 1329 vacua
775 1307 816 1330 est
833 1310 884 1330 vox
904 1311 965 1338 qua:
984 1303 1049 1331 dicit

262 1341 377 1374 Filium,
408 1345 455 1371 sed
488 1347 644 1379 praecedens
669 1348 813 1374 comitetur
840 1347 966 1381 Patrem,
994 1356 1046 1376 non

265 1388 434 1422 temporibus
445 1408 454 1422 ,
472 1396 524 1416 non
547 1391 660 1425 spatiis,
682 1393 729 1419 sed
751 1392 881 1426 dignitate
892 1397 919 1419 et
935 1393 1046 1420 honore.

261 1431 344 1460 Pater
371 1434 457 1469 diligit
477 1435 590 1470 Filium,
613 1437 699 1472 diligit
718 1442 746 1465 et
769 1438 896 1473 diligitur.
920 1438 995 1467 Unde
1015 1439 1048 1467 lis

262 1477 314 1506 ista
345 1483 404 1513 est,
427 1488 479 1508 non
504 1481 621 1511 invenio.
650 1482 706 1511 Illic
731 1491 801 1518 pax,
829 1489 857 1512 et
883 1485 963 1513 isthic
987 1485 1047 1520 jur-

261 1524 317 1558 gia.
341 1524 399 1553 Illic
428 1526 551 1560 dilectio,
580 1533 608 1555 et
627 1529 672 1556 hic
695 1531 841 1558 contentio.
859 1530 887 1558 Si
913 1531 1047 1567 diligimus

1105 301 1169 335 quia
1181 307 1268 334 neque
1287 305 1475 332 comparamur
1486 317 1494 330 ,
1517 304 1604 332 neque
1627 305 1765 332 aquamur
1779 304 1787 324 :
1803 306 1890 332 neque

1107 346 1134 374 in
1151 354 1204 381 quo
1216 346 1306 373 minus
1323 352 1427 372 sumus.
1444 343 1501 371 Non
1521 351 1570 371 nos
1582 344 1685 376 solum,
1703 345 1749 371 sed
1767 352 1817 372 nec
1840 352 1888 371 an-

1105 393 1177 429 geli,
1191 397 1238 419 aut
1251 391 1424 425 archangeli,
1449 394 1495 417 aut
1512 390 1624 417 virtutes
1635 410 1641 422 ,
1663 395 1709 417 aut
1724 390 1888 417 dominatio-

1104 447 1163 471 nes,
1172 445 1257 474 neque
1267 437 1338 464 aliud
1352 437 1462 471 aliquid,
1478 436 1524 463 sed
1535 437 1625 464 omnia
1634 437 1822 470 relinquuntur
1832 435 1887 471 (80)

1105 486 1139 513 ab
1155 485 1293 520 unigenilo
1303 494 1310 512 :
1321 484 1378 519 ipse
1387 488 1474 511 autem
1487 483 1535 510 soli
1545 483 1589 510 uni
1603 487 1663 510 nato
1674 490 1725 510 non
1738 483 1806 510 cedit
1820 482 1885 519 (8i).

1103 531 1160 558 Non
1176 538 1270 559 sumus
1283 529 1366 558 Judaei
1376 550 1384 562 ,
1398 529 1559 557 conﬁtemur
1570 529 1641 556 enim
1650 529 1757 556 Filium.
1768 528 1827 556 Non
1843 537 1887 556 su-

1103 585 1163 605 mus
1177 577 1289 612 gentiles
1300 597 1309 609 .
1327 577 1389 611 quia
1406 584 1458 603 non
1479 576 1592 603 dicimus
1604 575 1701 602 multos
1713 574 1820 601 Patres.
1830 573 1885 601 Νοι

1103 631 1196 651 sumus
1213 623 1351 655 lucretici,
1367 623 1467 650 scimus
1486 622 1556 650 enim
1577 622 1718 657 Spiritum.
1744 622 1798 650 Sed
1824 622 1886 657 quid

1103 670 1217 697 sumus?
1242 670 1346 704 Sponsa
1363 669 1479 696 viventis
1495 669 1586 704 sponsi
1611 675 1658 703 per
1683 668 1819 696 Christum
1839 677 1886 696 nos

1103 723 1203 743 sumus.
1222 714 1249 742 Si
1265 723 1328 751 ergo
1341 723 1390 743 nos
1404 715 1448 750 qui
1465 723 1513 750 per
1530 715 1665 743 Christum
1680 723 1792 746 sumus,
1808 721 1885 749 putas

1102 762 1162 796 quia
1176 762 1232 795 ipse
1252 770 1304 788 non
1320 762 1381 788 est?
1392 769 1423 789 ea
1436 769 1495 796 qua!
1509 769 1557 796 per
1578 761 1664 796 ipsum
1682 766 1745 788 sunt
1758 767 1884 794 manent,

1102 813 1129 835 ct
1144 808 1198 842 ipse
1212 807 1290 835 linem
1307 808 1388 835 habet
1402 812 1432 835 ut
1446 807 1553 843 quidam
1567 807 1723 835 insaniunt?
1744 806 1800 834 Non
1815 808 1884 834 enim

1104 854 1219 889 acquirit
1235 853 1308 881 aliud
1322 853 1394 888 quod
1410 861 1461 881 non
1473 857 1533 881 est:
1550 861 1602 881 non
1628 853 1758 886 assumit,
1785 854 1834 881 sed
1861 858 1886 880 et

1101 901 1171 935 quod
1186 905 1226 927 est
1241 899 1381 928 abscondit
1409 908 1416 926 :
1446 899 1498 926 hoc
1510 899 1580 927 enim
1601 898 1743 934 signiﬁcat,
1757 898 1798 926 Da
1812 899 1884 930 mihi.

1100 946 1180 974 Pater
1193 954 1203 975 :
1217 948 1263 974 sed
1278 953 1330 973 non
1339 945 1439 981 aliquid
1455 953 1554 972 novum
1566 946 1630 979 petit
1642 945 1702 972 :sed
1717 945 1786 980 quod
1795 945 1883 978 Imbui,

1099 993 1200 1028 inquit,
1225 993 1295 1027 apud
1317 997 1361 1024 te,
1385 992 1420 1018 da
1439 992 1503 1018 mihi
1529 991 1563 1018 ⁷³.
1588 990 1645 1018 Non
1663 991 1733 1023 enim
1758 990 1885 1023 habes,o

1101 1039 1224 1071 Domine,
1242 1038 1313 1074 quod
1326 1037 1464 1065 habebas?
1476 1038 1528 1065 Sed
1543 1037 1604 1072 quia
1615 1057 1623 1070 ,
1637 1037 1739 1072 inquit,
1755 1038 1884 1064 absconsa

1098 1089 1141 1113 est
1156 1092 1213 1112 mea
1227 1084 1331 1120 species
1345 1093 1352 1111 :
1367 1083 1429 1118 quia
1446 1091 1497 1110 non
1515 1087 1623 1118 apparet
1643 1090 1700 1109 mea
1716 1082 1812 1117 gloria.
1825 1081 1885 1109 Clo-

1098 1131 1191 1164 riﬁca.
1207 1129 1314 1165 inquit,
1329 1135 1404 1156 tuum
1429 1128 1529 1156 Filium
1552 1129 1586 1156 ⁷⁸.
1615 1128 1649 1155 Et
1671 1128 1733 1162 quid
1748 1129 1885 1163 respondit

1099 1175 1197 1203 Pater?
1211 1174 1371 1210 Gloriftcavi.
1386 1175 1414 1203 Si
1426 1174 1509 1210 igitur
1523 1173 1697 1210 gloriﬁcavit,
1711 1174 1775 1208 quid
1789 1174 1886 1206 quaerit

1098 1221 1264 1258 glorillcari?
1276 1221 1328 1249 Sed
1345 1221 1411 1248 dicit
1423 1221 1502 1248 Pater
1515 1240 1522 1253 ,
1544 1218 1577 1246 Et
1600 1221 1695 1247 iterum
1721 1219 1884 1255 gloriﬁsabo.

1099 1270 1127 1297 Si
1140 1268 1196 1303 jam
1208 1267 1375 1303 glorificasti,
1386 1267 1521 1302 quomodo
1537 1267 1633 1294 iterum
1645 1266 1802 1301 gloriﬁcas?
1816 1265 1883 1292 Num

1098 1314 1199 1347 addes,
1215 1314 1342 1348 quoniam
1355 1314 1390 1341 ab
1406 1313 1484 1341 initio
1504 1313 1641 1349 genuisti?
1654 1312 1711 1340 Non
1728 1312 1799 1339 addo
1818 1321 1825 1340 :
1840 1312 1884 1339 scd

1098 1365 1125 1389 et
1145 1368 1193 1396 per
1206 1367 1308 1396 corpus
1330 1360 1445 1389 ostendo
1469 1360 1521 1387 mei
1546 1359 1608 1387 Filii
1636 1359 1761 1395 gloriam.
1782 1358 1883 1390 Genui,

1097 1407 1268 1444 gloriﬁcavi,
1282 1412 1309 1435 et
1337 1407 1435 1435 iterum
1456 1406 1625 1442 glorificabo.
1650 1406 1760 1439 Palam,
1782 1405 1882 1440 inquit,

1098 1453 1169 1481 facio
1182 1453 1254 1487 quod
1278 1458 1337 1481 erat
1365 1453 1538 1481 absconsum.
1554 1452 1621 1479 Nam
1637 1456 1664 1479 et
1682 1451 1826 1486 Apostolus
1843 1449 1884 1476 di-

1097 1498 1135 1527 cit
1149 1507 1156 1526 :
1173 1497 1208 1525 Et
1217 1499 1419 1533 tuperexaltacit
1435 1506 1510 1532 eum,
1529 1503 1552 1525 et
1575 1498 1646 1525 dedit
1663 1498 1687 1525 ei
1701 1505 1794 1524 nomen
1814 1497 1884 1532 quod

1097 1550 1134 1572 eu
1153 1553 1230 1580 super
1245 1553 1318 1572 omne
1332 1552 1425 1572 nomen
1449 1545 1485 1571 ⁷⁵.
1514 1543 1571 1571 Non
1602 1544 1743 1577 mercede,
1769 1549 1800 1571 ut
1823 1549 1883 1578 pote

261 1569 541 1626 Ϋῗῗῗᾚῗρηίθωυτ
555 1581 648 1626 Ρ³⁰⁸Ϊ¹¹
664 1583 724 1626 ἰξυε
733 1575 788 1626 ί¹¹ξ⁰
801 1581 841 1626 e3“
850 1577 922 1626 99"
942 1577 977 1626 si
988 1578 1049 1626 ἀπε-
1060 1592 1081 1621 c
1097 1569 1424 1626 iteigzn'tag'ggaggia'
1434 1569 1505 1619 enim
1514 1569 1571 1618 ei
1587 1569 1809 1625 quassati...
1820 1569 1883 1617 3an

261 1617 352 1651 gimus
369 1616 487 1652 Filium,
514 1626 566 1646 non
586 1624 628 1647 est
658 1620 834 1649 dissensionis
849 1622 928 1650 Deus.
957 1623 1046 1658 Nosti,

266 1662 332 1689 doce
349 1671 355 1689 ε
372 1662 498 1698 ignoras,
523 1664 646 1692 edocere.
667 1665 714 1693 Lis
735 1668 808 1694 enim
834 1674 922 1702 neque
949 1669 1047 1703 docet,

265 1715 354 1743 neque
373 1709 497 1737 docetur.
523 1709 600 1744 Quod
626 1712 847 1747 comprehendis,
869 1713 921 1742 hoc
947 1721 1047 1749 quaere.

260 1753 402 1788 Invenisti,
419 1755 522 1791 gratias
538 1764 597 1792 age.
612 1756 707 1791 Nosti,
723 1759 810 1786 trade.
823 1759 879 1795 Ego
889 1765 977 1788 autem
990 1762 1048 1789 scio

258 1800 324 1834 quia
345 1800 445 1830 nescis.
462 1800 537 1829 Unde
552 1803 610 1830 scio
631 1804 692 1838 quia
707 1811 756 1839 ego
778 1806 879 1833 nescio.
896 1805 973 1834 Unde
997 1807 1047 1835 hoc

259 1846 325 1880 quia
338 1846 441 1881 ignoro.
462 1846 547 1874 Verax
560 1848 632 1876 enim
651 1854 693 1876 est
711 1850 757 1884 qui
775 1850 842 1878 dixit
857 1859 865 1878 :
884 1849 970 1879 Nemo
997 1860 1044 1879 no-

258 1893 294 1918 vit
308 1892 341 1920 ".
357 1893 509 1921 Secundum
526 1894 604 1922 istam
622 1895 704 1930 igitur
727 1903 837 1930 vocem,
865 1898 955 1926 omnis
984 1899 1046 1934 qui-

258 1946 365 1974 cunque
375 1947 405 1968 se
419 1940 484 1968 dicit
498 1941 569 1969 scire
581 1943 721 1970 mentitur.
735 1943 789 1971 Sed
806 1943 876 1972 l‘orte
895 1945 980 1979 dicis,
999 1945 1047 1974 Dei

259 1990 411 2018 sumus,et
435 1994 488 2014 non
514 1988 615 2016 scimus
639 1994 769 2024 quantum
795 1995 822 2018 et
847 1992 1045 2028 pertingimus:

260 2030 312 2057 hoc
326 2032 414 2059 solum
431 2033 494 2067 quia
509 2038 551 2061 est
566 2043 574 2061 :
593 2042 646 2062 non
662 2040 751 2063 tamen
767 2037 855 2071 qualis
877 2042 902 2065 et
916 2043 1045 2073 quantum

258 2081 311 2103 est.
325 2077 392 2110 Quia
406 2078 489 2113 igitur
503 2085 563 2113 est,
574 2081 691 2114 scimus;
708 2089 760 2108 non
774 2086 861 2110 tamen
877 2084 973 2118 qualis.
987 2084 1045 2112 Non

257 2122 330 2148 enim
345 2128 466 2151 nostrum
484 2129 526 2152 est
541 2132 698 2153 mensurare
710 2127 955 2157 immensurabilem
969 2137 976 2156 :
993 2137 1044 2157 non

258 2171 379 2195 nostrum
404 2169 631 2204 comprehendere
647 2172 957 2208 incomprehensibilem.
976 2175 1044 2202 Cum

257 2213 330 2241 enim
347 2215 478 2242 memoria
494 2215 527 2243 de
553 2217 608 2244 Deo
632 2222 690 2252 est,
709 2227 785 2246 meus
816 2219 941 2255 religiosa
960 2220 1045 2248 intre-

1098 1635 1167 1664 divit
1181 1645 1267 1672 usque
1280 1637 1312 1664 ad
1327 1641 1442 1664 mortem
1455 1657 1463 1669 ,
1484 1640 1598 1664 mortem
1624 1640 1712 1663 autem
1728 1636 1827 1664 crucis.
1851 1635 1882 1662 Et

1097 1683 1159 1711 ideo
1171 1703 1178 1715 ,
1191 1684 1294 1719 inquit,
1310 1683 1379 1711 Deus
1392 1682 1604 1717 supercxaltavit
1615 1690 1687 1709 eum.
1704 1682 1731 1709 Si
1755 1682 1817 1716 quis
1834 1690 1880 1708 au-

1098 1733 1150 1755 tem
1163 1729 1230 1755 dure
1242 1729 1337 1763 legerit
1348 1735 1502 1759 sermones,
1518 1727 1587 1755 forte
1604 1727 1708 1762 putabit
1733 1727 1813 1754 istam
1839 1735 1882 1754 su-

1096 1773 1335 1809 perexaltationem
1353 1774 1504 1801 mercedem
1519 1780 1580 1801 esse
1596 1772 1767 1801 obedientiae.
1780 1773 1819 1800 Ita
1835 1781 1881 1808 pu-

1098 1824 1138 1847 tas
1149 1840 1157 1853 ,
1170 1820 1216 1847 sed
1234 1827 1287 1847 non
1299 1824 1324 1846 te
1338 1820 1476 1854 permittat
1492 1820 1528 1846 ita
1542 1819 1643 1847 sentire
1658 1820 1703 1854 qui
1720 1820 1777 1847 haec
1803 1819 1880 1847 dixit.

1096 1865 1142 1893 Ait
1153 1865 1227 1892 enim
1243 1874 1250 1892 :
1268 1865 1319 1898 Qui
1334 1866 1451 1892 ascendit
1461 1885 1469 1897 ,
1484 1866 1538 1900 ipse
1549 1870 1586 1892 eu
1597 1870 1622 1892 et
1635 1865 1680 1900 qui
1694 1866 1826 1893 descendit
1847 1866 1879 1892 ".

1097 1911 1167 1946 Ergo
1177 1911 1307 1938 exaltavit
1317 1919 1377 1938 eum
1392 1912 1437 1946 qui
1456 1912 1605 1941 descendit.
1620 1911 1676 1939 Non
1700 1916 1789 1940 tamen
1805 1921 1819 1939 a
1837 1913 1881 1940 de-

1096 1964 1187 1984 orsum
1201 1965 1311 1984 sursum
1328 1957 1450 1984 addttxit.
1468 1957 1520 1985 Sed
1535 1965 1595 1986 eum
1610 1958 1655 1992 qui
1670 1959 1807 1986 desoendit
1818 1979 1825 1990 ,
1837 1958 1882 1985 ite-

1097 2010 1156 2030 rum
1182 2010 1290 2029 sursum
1320 2003 1478 2037 assumpsit.
1504 2002 1612 2030 Assumi
1640 2003 1717 2036 dico,
1741 2011 1795 2030 non
1819 2004 1879 2038 quia

1096 2047 1212 2075 mundus
1237 2047 1407 2075 lraudabitur
1438 2055 1453 2075 a
1481 2049 1624 2084 prmsentia
1652 2049 1793 2083 unigeniti.
1824 2050 1879 2077 Non

1095 2097 1184 2128 potest
1203 2094 1318 2122 mundus
1344 2094 1403 2122 sine
1419 2094 1598 2129 gubernatore
1620 2094 1737 2127 salvari,
1759 2103 1812 2122 non
1835 2103 1880 2129 po-

1096 2139 1149 2162 test
1178 2135 1293 2164 muudus
1319 2140 1393 2164 stare
1416 2137 1438 2164 si
1462 2137 1604 2165 recesserit
1629 2137 1793 2172 unigenitus.
1828 2137 1878 2164 Sed

1094 2179 1164 2208 forte
1179 2181 1246 2208 dicis
1266 2191 1273 2208 :
1295 2180 1353 2209 Non
1377 2181 1477 2210 sufﬁcit
1502 2182 1574 2210 enim
1597 2182 1700 2210 Pater?
1726 2182 1785 2210 Non
1815 2184 1877 2218 quia

1095 2233 1148 2254 non
1163 2226 1311 2254 sulliciebat
1325 2226 1417 2260 Pater,
1433 2227 1493 2255 ldeo
1507 2228 1601 2263 genuit
1619 2228 1715 2256 Filium
1737 2238 1743 2255 :
1757 2230 1803 2256 sed
1818 2230 1878 2264 quia

256 2260 566 2308 niescat:intremescat
579 2266 606 2308 et
616 2261 717 2296 lingua.
728 2263 783 2290 Non
797 2264 859 2298 quia
868 2264 951 2292 durus
961 2265 1042 2299 Deus,
1059 2273 1081 2301 ι)
1096 2278 1148 2299 non
1173 2271 1341 2299 sumciebant
1365 2280 1396 2300 ea
1421 2280 1481 2308 qua;
1506 2260 1576 2300 facta
1599 2279 1662 2301 sunt
1684 2273 1798 2302 sull'erre
1827 2260 1878 2302 non

255 2307 302 2332 sed
314 2305 525 2340 supereminenti
535 2306 653 2334 bonitate
665 2312 708 2334 est
727 2308 871 2336 timendus.
882 2309 928 2337 Sol
941 2310 991 2338 iste
999 2312 1046 2339 ob-

254 2355 350 2378 scurat
360 2351 465 2384 oculos,
480 2360 533 2380 non
546 2354 609 2388 quia
626 2353 769 2387 obscurus,
787 2355 835 2382 sed
850 2355 913 2390 quia
929 2357 1043 2385 multum

253 2402 296 2424 est
309 2397 410 2426 clarus.
420 2397 689 2432 EtDcusttimendus,
698 2400 761 2435 quia
771 2399 883 2428 multum
895 2406 935 2428 est
945 2401 1041 2429 bonus.

254 2444 350 2479 Cogita
366 2445 437 2480 apud
453 2449 479 2472 te
501 2445 548 2480 qui
571 2445 609 2473 sis
625 2445 745 2474 humilis.
768 2446 826 2475 Non
847 2448 918 2474 enim
943 2449 1041 2476 audisti

255 2495 318 2515 cum
333 2488 467 2517 dicentem
485 2498 492 2518 :
509 2489 561 2517 Vo:
573 2497 606 2517 ea:
616 2490 784 2525 inferioribus
797 2493 859 2519 estis
870 2512 877 2525 ,
892 2500 939 2528 ego
956 2499 1042 2521 autem

255 2535 288 2561 de
302 2535 479 2570 superioribus
501 2543 559 2563 sum
586 2535 633 2562 7'?
655 2536 722 2564 Nam
750 2542 878 2572 quantum
901 2538 997 2566 ctelum
1027 2547 1043 2567 a

257 2585 329 2608 terra
345 2581 445 2615 distat,
461 2587 563 2609 tantum
580 2588 604 2610 et
622 2591 636 2610 a
653 2584 730 2612 nobis
743 2584 823 2612 Deus.
838 2584 872 2611 Et
889 2589 962 2612 certe
972 2586 1043 2612 scri-

257 2632 330 2661 ptum
345 2633 403 2655 est:
421 2628 554 2661 Quantum
573 2630 653 2656 distat
679 2629 771 2657 caelum
786 2639 802 2657 a
824 2635 912 2664 terra,
939 2636 1040 2658 tantum

256 2673 305 2700 via:
317 2683 381 2703 mea:
395 2684 412 2701 a
427 2676 473 2702 viis
489 2676 578 2703 vestris
591 2676 626 2702 7'.
642 2675 678 2703 Ut
691 2676 725 2704 ad
747 2684 798 2704 uos
821 2683 871 2704 vox
885 2676 942 2703 haec
968 2677 1039 2704 dicta
1069 2677 1074 2682 “

852 2724 874 2740 ⁷¹
892 2723 946 2751 lsa.
961 2732 1010 2757 ιν,
1025 2724 1050 2753 9.

292 2723 315 2739 "°
329 2722 407 2751 Joau.
423 2722 498 2756 1,18.
536 2723 558 2739 7‘
581 2722 658 2751 Joan.
674 2732 732 2757 Vlll,
750 2724 795 2752 25.

257 2757 281 2773 ⁷⁸
295 2758 394 2792 Ερὶιρε.
416 2767 453 2791 ιν,
467 2759 512 2786 10.

293 2828 349 2863 (79)
362 2830 412 2858 ills.
435 2830 563 2862 Quwillit
581 2836 629 2859 est.

293 2864 350 2901 (βυ)
363 2865 561 2901 Relinquantur.
586 2867 784 2898 ’Λπολείπεται,
797 2871 966 2901 superantur.

294 2899 350 2934 (8|)
364 2899 416 2927 Uni
432 2906 493 2926 nato
510 2910 561 2928 non
583 2903 660 2929 cedit.
684 2899 839 2937 Lege-udum
865 2903 972 2932 videtur
994 2905 1038 2930 uni

1094 2317 1152 2345 nati
1169 2317 1307 2351 virtutem,
1329 2318 1390 2346 ideo
1404 2326 1453 2354 per
1467 2319 1643 2347 mediatorem
1665 2320 1793 2355 loquitur.
1809 2320 1879 2354 Qua-

1094 2369 1125 2390 re
1143 2371 1150 2390 :
1169 2363 1215 2397 qui
1229 2362 1285 2398 (82)
1300 2371 1352 2391 non
1367 2369 1521 2398 poteramus
1537 2365 1718 2401 propinquare
1728 2374 1780 2394 non
1795 2372 1877 2394 nolo:

1094 2416 1143 2443 per
1159 2409 1229 2436 viam
1254 2409 1336 2445 igitur
1352 2410 1487 2442 hortatur.
1506 2416 1535 2438 et
1558 2419 1606 2447 per
1619 2412 1729 2446 januatn
1745 2418 1836 2447 vocat,
1851 2418 1878 2441 et

1093 2460 1142 2488 per
1157 2452 1247 2481 lumen
1271 2454 1390 2482 adducit.
1417 2455 1548 2484 Mediator
1568 2463 1658 2484 autem
1674 2457 1769 2491 Filius,
1785 2463 1813 2485 et
1830 2466 1876 2493 po-

1096 2497 1170 2524 nitur
1181 2498 1224 2525 lex
1236 2507 1244 2526 :
1263 2499 1397 2527 mediator
1411 2499 1507 2532 Filius,
1521 2506 1549 2529 et
1560 2501 1709 2536 loquuntur
1721 2504 1874 2538 prophetat:

1096 2543 1230 2571 mediator
1252 2543 1347 2579 Filius,
1374 2551 1401 2573 et
1418 2547 1579 2581 praedicatur
1600 2547 1802 2576 Testamentum
1821 2548 1875 2576 No-

1096 2597 1158 2616 vum
1172 2596 1201 2618 et
1224 2591 1351 2627 impletur
1373 2592 1456 2620 Vetus
1477 2603 1483 2620 :
1508 2594 1640 2621 mediator
1655 2594 1750 2627 Filius,
1764 2595 1876 2622 etliunt

1095 2635 1180 2670 angeli
1194 2645 1202 2663 :
1219 2637 1351 2665 mediator
1375 2637 1469 2671 Itilius,
1496 2642 1524 2665 ct
1552 2643 1680 2666 creantur
1694 2640 1849 2675 archangeli
1865 2650 1872 2666 :

1094 2682 1226 2710 mediator
1240 2682 1338 2717 Filius,
1361 2688 1389 2711 et
1411 2690 1520 2712 creator
1545 2685 1632 2712 omnis
1650 2690 1764 2717 naturaz,
1782 2691 1810 2713 et
1825 2694 1873 2720 gu-

1089 2727 1112 2743 ⁷³
1128 2729 1205 2758 Joan.
1221 2739 1276 2758 xvn
1288 2752 1296 2766 ,
1319 2731 1346 2759 5.
1384 2731 1407 2747 ⁷⁸
1423 2731 1499 2759 Joau.
1516 2739 1570 2765 xu,
1581 2731 1625 2759 28.
1641 2733 1663 2748 ⁷⁸
1679 2732 1774 2768 Philip.
1790 2740 1809 2761 tt
1821 2753 1828 2766 ,
1845 2732 1871 2760 9.

1093 2843 1143 2862 non
1156 2840 1217 2862 nato
1231 2837 1308 2863 cedit.

1126 2871 1180 2906 (82)
1195 2871 1281 2904 Quare
1297 2879 1305 2898 :
1321 2871 1377 2905 qui,
1398 2871 1419 2904 Ῑ.
1433 2871 1533 2905 quarc?
1546 2870 1618 2906 quia,
1639 2876 1690 2899 etc.
