2024 3208
148 193 218 222 1057

569 192 612 219 DE
631 191 708 219 FIDE
727 192 911 220 ADVERSUS
933 192 1136 221 SABELLIUM.
1154 209 1188 214 —
1207 193 1270 222 LIB.
1289 193 1324 222 l.‘

1693 196 1765 226 1058

142 255 285 286 bernator,
299 258 327 281 et
343 252 470 281 salvator.
485 251 544 280 Non
560 253 632 279 enim
650 253 791 280 creavitet
806 253 926 280 dimisit:
943 255 965 282 Α
980 253 1107 287 quinetur
1123 253 1191 288 (85).
1208 253 1264 281 Viri
1281 259 1310 280 ιιι
1330 261 1389 280 sese
1402 253 1457 289 jam
1472 262 1525 281 ttou
1547 255 1665 282 incidant
1681 264 1688 281 :
1703 263 1765 282 tutt-

142 302 204 336 quia
223 308 275 327 non
297 300 356 327 sine
377 299 544 334 providentia
561 303 625 326 sunt
645 307 704 333 qua;
718 304 791 326 sunt.
812 297 869 325 Non
884 303 926 325 est

142 346 270 380 fatigatus
282 344 395 372 faciens.
405 343 502 379 Neque
516 348 545 371 ut
558 343 689 376 volatilia,
704 348 733 370 ut
746 344 830 378 pisces
844 349 926 378 gene-

144 395 207 418 rant
227 390 349 426 quidem,
362 389 518 424 relinquunt
533 394 634 416 autem.
658 389 691 416 Et
705 394 779 416 certe
804 397 854 416 nec
875 388 925 416 ista

142 440 274 472 generant
298 439 325 463 et
342 435 481 462 dimittunt
500 444 507 462 :
530 435 576 462 sed
598 435 699 462 habent
713 434 882 470 diligentiam
899 437 927 461 et

142 487 268 517 pascunt.
288 481 316 508 Si
334 481 416 516 igitur
434 481 484 508 ista
504 481 551 513 ita,
569 481 654 508 multo
674 481 759 515 magis
776 488 826 514 per
845 487 925 515 quem

143 532 234 555 creata
249 531 312 554 sunt
327 526 427 559 omnia,
438 533 486 561 per
502 526 583 553 istum
596 526 686 552 omnia
701 530 727 553 et
742 526 927 560 gubernantur

142 577 169 600 et
192 576 340 607 pascuntur
363 580 370 598 :
394 579 447 599 non
463 576 577 598 vacante
598 570 690 603 Patre,
705 572 751 598 sed
767 575 924 598 annuente:

143 623 282 646 annuente
305 623 407 651 autem,
425 625 477 645 non
499 617 596 650 oculis,
621 618 668 644 sed
685 622 714 644 ut
733 618 810 644 decet
835 617 925 643 incor-

145 664 277 699 poralem,
293 664 329 691 ita
342 663 436 690 annuit
452 669 480 690 ut
498 663 547 698 ipsi
562 664 689 690 decorum
707 667 756 690 est.
779 662 863 689 Filius
875 669 924 688 au-

144 714 197 737 tem
215 709 338 744 agnoscit
354 714 383 736 ut
400 709 497 736 Filium
521 710 597 736 decet
614 718 620 736 :
644 716 726 743 opera
748 712 837 735 autem
858 707 926 734 llunt

145 759 174 782 ut
188 755 269 783 Pater
282 755 351 787 vult.
369 760 396 782 et
411 754 496 782 Filius
509 755 657 781 ministrat.
672 753 735 781 Haec
752 761 802 781 nos
816 757 926 788 oporte-

144 803 190 829 bat
214 801 315 829 dicere.
334 800 391 828 lmo
407 809 501 829 otnnes
517 808 550 828 ex
569 801 718 835 Scripturis
739 800 840 835 legere.
859 799 925 832 Quis

143 847 214 875 enim
228 854 288 874 sum
305 848 374 883 ego?
389 847 453 882 quid
468 847 554 874 habeo
567 846 638 882 quod
654 854 706 874 non
732 846 845 880 accepi?
861 845 925 872 0m-

144 894 187 920 nia
201 893 275 920 enim
293 893 327 920 ab
342 900 406 925 uno,
421 898 447 920 et
463 901 510 927 per
529 900 610 920 unum
628 897 710 925 sunt;
732 896 760 919 et
778 899 838 926 quae
854 891 924 918 facta

980 298 1062 325 lieres
1076 303 1104 325 ut
1120 307 1172 326 non
1186 299 1220 325 ad
1233 299 1360 333 iniuriam
1377 299 1549 326 deludantur.
1569 299 1661 332 Tauri,
1674 300 1762 334 vituli,

979 347 1008 370 ut
1035 351 1087 371 non
1104 344 1179 370 varie
1202 344 1397 372 comburantur
1420 344 1487 380 (84).
1519 345 1626 377 Vinum,
1652 350 1681 372 ut
1709 353 1763 372 non

979 389 1038 417 sine
1052 397 1134 417 causa
1149 389 1260 418 libetur.
1276 389 1372 422 Terra,
1396 398 1481 424 mare,
1498 395 1528 417 ut
1547 398 1600 418 non
1615 391 1764 418 immutatis

979 435 1134 462 nominibus
1151 435 1299 462 adorentur
1321 444 1328 463 :
1351 435 1439 462 outnis
1461 436 1533 462 enim
1556 440 1653 463 natura
1670 441 1764 463 conta-

979 480 1080 506 minata
1109 484 1175 508 est:
1200 481 1288 508 omnis
1318 486 1445 508 creatura
1474 481 1609 508 deificata.
1638 480 1691 508 Sed
1709 489 1763 507 non

979 525 1103 560 despexit
1128 526 1150 552 is
1165 533 1213 560 per
1229 534 1308 561 quem
1337 530 1364 554 et
1389 526 1460 554 facta
1484 531 1558 554 sunt.
1586 527 1667 555 Venit
1689 526 1762 553 enim

978 571 1023 606 qui
1049 571 1219 606 contingeret
1245 579 1293 599 sua
1313 582 1320 600 :
1344 572 1417 599 venit
1444 573 1489 607 qui
1514 573 1612 600 malum
1627 580 1762 600 vcncnmn

979 616 1097 644 auferret
1118 624 1126 643 :
1147 618 1221 644 venit
1243 618 1329 652 ipsius
1357 620 1420 646 vitae
1446 619 1625 647 medicamen.
1640 619 1763 647 Mortuus

977 667 1018 690 est
1034 663 1208 690 utoccideret
1233 668 1348 691 mortem
1362 672 1370 691 :
1384 665 1580 692 condemnatus
1593 669 1635 692 est
1650 670 1679 691 ut
1694 671 1762 691 con-

977 708 1119 736 demnaret
1132 709 1327 743 corruptelam.
1342 709 1495 738 Coronatus
1509 715 1550 738 est
1564 710 1658 745 spinis,
1670 714 1699 737 ut
1711 717 1762 737 nos

978 761 1030 781 non
1057 754 1219 782 haberemus
1244 755 1337 789 spinas
1355 764 1363 782 :
1383 756 1502 790 suscepit
1527 755 1698 783 maledictum
1714 762 1762 790 per

976 807 1095 832 crucem,
1118 805 1146 827 ut
1163 808 1213 828 nos
1235 801 1435 836 susciperemus
1452 802 1666 829 benedictionem
1684 809 1762 828 mun-

977 845 1048 872 dam.
1065 845 1124 872 Non
1139 853 1249 881 possum
1263 847 1353 874 dicere
1364 852 1494 882 quantum
1509 847 1595 882 sapio.
1613 846 1669 874 Non
1695 854 1755 881 pos-

977 898 1036 919 sum
1062 899 1158 927 sapere
1187 898 1317 927 quantum
1351 893 1478 929 possibile
1504 898 1555 921 est.
1589 893 1616 921 Si
1644 900 1760 928 sapuero

145 944 217 971 sunt,
232 943 260 966 et
282 946 343 973 quae
359 943 432 965 recte
449 939 586 965 dicuntur.
607 937 711 971 Quanta
732 944 798 965 sane
816 937 924 964 miseri-
939 946 961 974 Β
976 942 1108 971 quantum
1137 938 1265 972 possibile
1288 943 1346 971 est,
1375 947 1428 966 non
1459 939 1588 974 pervenio
1614 943 1643 966 ut
1672 938 1759 966 dicam

145 985 237 1012 cordia
262 989 303 1012 est
327 984 394 1011 Dei?
414 985 506 1019 genuit
532 984 640 1018 Filium,
663 985 725 1019 quia
747 983 833 1011 bonus
855 988 896 1011 est
915 993 921 1011 :

145 1030 248 1058 creavit
264 1030 390 1058 universa
417 1038 465 1065 per
490 1030 588 1066 ipsum,
611 1031 674 1065 quia
699 1030 855 1058 benefactor
869 1034 922 1057 est.

144 1076 300 1103 Erravimus
313 1082 340 1103 et
355 1084 406 1103 non
420 1076 554 1112 despexit,
567 1076 720 1104 cecidimus
735 1081 826 1104 etnon
847 1083 924 1111 spre-

144 1123 194 1155 vit,
210 1123 256 1150 sed
274 1124 347 1151 misit
367 1123 464 1150 Filium
488 1131 566 1151 suum
585 1123 768 1155 obedientem,
786 1127 815 1149 ut
837 1121 924 1149 salva-

145 1173 186 1197 ret
210 1168 346 1196 hominem
362 1168 571 1198 inobedientem.
593 1169 665 1196 Misit
687 1169 745 1196 sine
761 1173 881 1203 peccato,
893 1173 924 1195 ut

145 1218 286 1242 revocaret
300 1221 360 1241 eum
376 1213 422 1249 qui
435 1218 595 1249 peccaverat
610 1223 616 1241 :
637 1214 710 1241 misit
728 1206 826 1242 Filium
845 1221 923 1241 suum

144 1260 287 1288 facientem
312 1259 420 1294 placita,
446 1264 475 1287 ut
490 1259 609 1288 salvaret
625 1267 732 1287 servum
747 1259 859 1287 obedire
875 1267 924 1286 no-

144 1305 255 1335 lentem.
273 1305 346 1333 Misit
363 1305 507 1340 justitiam,
531 1309 560 1333 ut
577 1305 731 1334 auferretur
753 1310 895 1341 peceatum
913 1314 921 1333 :

145 1352 219 1380 misit
233 1351 328 1382 vitam,
344 1356 372 1378 ut
387 1359 461 1379 mors
481 1356 644 1379 moreretur.
663 1351 736 1379 Misit
752 1351 796 1386 qui
815 1359 828 1378 a
842 1359 883 1384 se,
895 1355 924 1379 ut

144 1397 315 1426 salvarentur
326 1397 371 1432 qui
384 1401 462 1425 erant
477 1404 511 1424 ex
526 1397 644 1425 homine.
662 1396 733 1425 Misit
752 1404 813 1424 eum
827 1397 873 1432 qui
889 1404 923 1425 ex

145 1442 266 1478 Virgine,
286 1447 315 1470 ut
338 1442 508 1470 salvarentur
528 1442 546 1469 ii
569 1443 614 1478 qui
632 1449 666 1470 ex
681 1441 794 1470 muliere
816 1442 924 1469 fuerant

143 1489 253 1524 perditi.
277 1488 348 1516 Misit
364 1489 390 1516 in
409 1489 495 1524 ﬁgura
516 1488 580 1521 viri,
597 1492 625 1515 ut
647 1488 799 1516 salvaretur
815 1488 859 1523 qui
877 1495 924 1523 pe-

143 1535 230 1561 rierat
250 1533 305 1560 vir.
319 1533 385 1560 Cum
410 1533 562 1561 latrantibus
579 1533 670 1569 ﬁgitur
688 1533 773 1566 cruci,
790 1537 819 1560 ut
843 1541 924 1568 para-

142 1580 220 1608 disus
239 1583 266 1607 et
282 1578 434 1607 latronibus
456 1579 616 1613 aperiretur.
634 1579 728 1614 Cogita
753 1579 922 1614 dignitatem,

976 988 1094 1019 quantus
1108 989 1160 1012 est.
1175 984 1368 1012 lnenarrabilis
1382 985 1454 1012 enim
1479 990 1506 1012 et
1530 984 1761 1020 incomprehensi-

977 1031 1039 1058 bilis
1052 1029 1131 1058 Pater
1144 1035 1198 1059 est.
1211 1029 1285 1058 Talis
1297 1036 1389 1058 autem
1403 1036 1430 1058 et
1453 1031 1539 1058 Filius
1554 1032 1637 1066 ipsius
1659 1031 1757 1058 Patris.

977 1076 1005 1104 Si
1018 1076 1090 1104 enim
1109 1076 1144 1103 ob
1158 1076 1199 1103 sui
1215 1077 1429 1104 misericordiam
1445 1084 1494 1104 nos
1506 1078 1662 1112 assumpsit,
1687 1077 1758 1105 inte-

977 1120 1076 1147 rimere
1090 1127 1152 1147 eum
1166 1120 1294 1148 debemus
1305 1121 1350 1156 qui
1364 1129 1412 1148 nos
1427 1121 1534 1149 salvat?
1547 1123 1610 1157 quid
1628 1123 1680 1150 hoc
1694 1123 1758 1150 mali

976 1171 1017 1193 est
1033 1166 1069 1193 ita
1095 1166 1217 1193 homines
1233 1166 1267 1194 de
1280 1167 1349 1194 Filio
1365 1167 1485 1195 sentire?
1512 1167 1619 1195 Maneat
1636 1173 1665 1195 ut
1688 1173 1756 1201 erat,

976 1216 1004 1238 et
1026 1211 1052 1238 in
1074 1218 1188 1244 corpore
1204 1216 1231 1238 et
1250 1211 1276 1238 in
1293 1211 1425 1246 przesepio
1447 1220 1455 1239 ε
1475 1212 1540 1239 nihil
1563 1212 1664 1240 humile
1679 1212 1712 1240 de
1725 1220 1758 1241 eo

976 1256 1089 1288 sentias,
1103 1256 1148 1291 qui
1168 1261 1193 1283 te
1206 1255 1344 1290 exaltavit,
1367 1256 1433 1284 nihil
1449 1256 1583 1291 abjectum
1603 1262 1650 1284 aut
1665 1257 1759 1286 incon-

976 1319 1084 1347 gruum.
1100 1310 1159 1338 Noli
1174 1318 1303 1346 spernere
1318 1311 1487 1339 Salvatorem
1503 1316 1589 1339 tuum.
1604 1311 1632 1339 Si
1648 1313 1758 1347 quidem

976 1358 1082 1386 etiamsi
1097 1358 1179 1385 verbo
1201 1365 1263 1384 eum
1286 1357 1430 1385 humiliare
1449 1357 1576 1390 volueris,
1592 1363 1687 1385 natura
1705 1366 1758 1386 non

978 1403 1142 1431 transfertur
1156 1404 1189 1430 ad
1214 1407 1285 1430 tuam
1311 1403 1441 1438 linguam.
1465 1404 1494 1430 Si
1512 1408 1601 1430 autem
1624 1409 1651 1431 et
1676 1405 1760 1432 abne-

976 1448 1130 1484 gaverimus
1145 1455 1216 1480 eum,
1235 1448 1291 1482 ipse
1306 1447 1392 1475 lidelis
1407 1454 1498 1476 manet
1510 1453 1538 1476 et
1553 1457 1652 1485 negare
1664 1456 1694 1477 se
1704 1456 1759 1477 non

977 1498 1065 1530 potest
1080 1503 1088 1523 :
1104 1495 1155 1522 hoc
1168 1499 1221 1528 est,
1242 1502 1257 1521 a
1269 1495 1377 1529 propria
1396 1500 1491 1522 natura
1508 1503 1560 1524 non
1577 1496 1691 1524 excidit.
1705 1495 1759 1524 Iste

976 1541 1054 1568 nobis
1075 1541 1158 1569 Pater
1172 1548 1223 1568 non
1241 1546 1320 1569 natus
1342 1545 1395 1574 est,
1410 1549 1479 1569 unus
1499 1542 1573 1570 solus
1588 1550 1641 1570 non
1666 1547 1757 1577 natus,

977 1593 1029 1612 non
1046 1586 1080 1613 ab
1094 1585 1157 1617 alio,
1174 1593 1223 1613 nec
1239 1593 1273 1613 ex
1287 1585 1350 1613 alio.
1374 1585 1449 1620 Saepe
1464 1586 1524 1614 dico
1545 1587 1649 1615 eadem.
1665 1587 1758 1623 Siqui-

141 1631 169 1654 et
181 1626 285 1654 aestima
299 1625 512 1661 magnitudinem
525 1625 626 1660 gratiae.
636 1625 676 1652 Me
684 1625 755 1652 cuitu
766 1633 797 1651 ex
813 1625 925 1652 muliere
938 1623 959 1652 C
975 1630 1034 1658 dem
1050 1634 1077 1658 ει
1089 1629 1206 1658 Joannes
1221 1630 1266 1665 qui
1282 1631 1314 1657 de
1328 1630 1398 1658 Filio
1409 1631 1480 1658 dixit
1492 1632 1520 1659 iu
1539 1633 1669 1667 principia
1687 1639 1757 1667 erat,

143 1672 228 1702 nasci.
243 1675 291 1698 aut
315 1676 350 1703 te,
372 1678 426 1698 non
445 1678 524 1705 supra
547 1675 672 1697 naturam
689 1674 740 1697 est.
763 1669 925 1696 lllanducare

141 1722 188 1744 aut
201 1718 304 1749 bibere,
315 1717 435 1744 dormire
447 1721 472 1743 et
490 1722 611 1751 surgere,
620 1721 646 1742 et
663 1715 689 1742 in
706 1715 836 1750 praesepio
849 1714 923 1750 poni,

142 1764 208 1791 nihil
222 1763 282 1791 novi
295 1764 317 1791 si
336 1763 460 1791 homines
474 1770 504 1789 ea
516 1769 576 1797 quae
586 1767 649 1790 sunt
665 1762 801 1789 hominum
815 1761 924 1796 patiun-

143 1816 196 1837 tnr.
212 1810 281 1842 Quid
294 1815 382 1837 autem
398 1818 507 1841 novum,
519 1809 584 1844 quid
596 1808 762 1840 admirabile,
776 1807 840 1842 quid
854 1815 922 1842 pra:-

141 1856 263 1890 cipuum,
283 1857 348 1891 quid
369 1862 491 1883 nostrum
505 1855 624 1883 debilqu
640 1854 835 1889 irrcpeusabile
851 1852 924 1880 Deo?

143 1903 192 1935 Qui
213 1903 286 1930 misit
302 1902 372 1930 Deus
388 1902 485 1930 Filium
501 1909 591 1934 suum,
608 1901 682 1928 misit
695 1901 775 1928 Pater
796 1899 924 1934 Unigeni-

143 1955 210 1981 tntn,
230 1949 303 1976 misit
318 1956 370 1975 non
386 1953 466 1975 natus
481 1947 648 1982 progeniem,
667 1946 739 1973 misit
753 1945 922 1973 obedientem

143 1997 242 2028 bonus,
261 1995 335 2022 misit
354 1994 488 2030 justitiam
509 1994 555 2029 qui
569 1994 669 2029 genuit.
684 1992 739 2020 Cur
754 1991 845 2019 misit?
862 1999 923 2026 pro-

140 2046 201 2076 pter
229 2045 397 2076 peccatores.
425 2039 480 2067 Cur
505 2039 599 2066 misit?
624 2043 734 2073 propter
760 2037 846 2065 Adam
876 2036 922 2072 qui

142 2087 299 2115 mandatutn
315 2087 488 2122 contempsit.
504 2085 584 2114 Venit
599 2093 663 2120 ergo
681 2084 727 2119 qui
753 2084 871 2112 obedivit
889 2084 923 2111 ad

142 2133 199 2161 haec
217 2142 224 2160 :
242 2139 271 2160 et
286 2133 424 2168 judicatur
437 2132 519 2166 judex
534 2132 568 2159 ob
582 2132 790 2165 condemnatum
808 2138 815 2156 :
835 2129 923 2156 cruci-

141 2179 234 2215 ﬁgitur
247 2180 300 2206 vita
311 2187 360 2214 pro
373 2184 479 2206 mortuo
495 2187 501 2205 2
513 2182 662 2205 coronatur
673 2176 757 2211 spinis
769 2175 920 2210 gloriosus:

141 2225 209 2253 bibit
227 2225 273 2257 fel,
290 2224 349 2252 fons
368 2225 464 2251 dttlcis.
481 2223 549 2257 Quid
576 2223 743 2250 inveniemus
765 2221 798 2248 ad
824 2228 921 2255 reprae-

139 2271 320 2300 sentandum?
336 2271 470 2306 quomodo
493 2277 603 2306 agemus
629 2268 750 2305 gratias?
765 2267 822 2295 Non
844 2267 919 2295 suﬂi-

139 2319 214 2346 ciunt
229 2318 325 2353 linguae
340 2323 511 2350 uostraz,non
528 2325 588 2349 ora,
598 2316 705 2344 etiamsi
719 2315 820 2342 fuerint
835 2315 918 2341 mille.

138 2364 196 2391 Non
211 2363 356 2392 sullicimus
379 2371 439 2395 nos,
458 2362 596 2397 adjutores
609 2369 772 2397 quaeramus.
786 2360 920 2395 Adjuvent

140 2418 188 2438 nos
204 2411 291 2445 angeli
308 2419 315 2438 :
338 2411 478 2438 nobiscum
499 2410 614 2445 gratiam
631 2409 745 2437 reddant
761 2412 789 2436 et
804 2410 920 2436 archan-

139 2456 203 2490 geli,
231 2463 260 2483 ut
288 2461 315 2484 et
338 2457 388 2492 ipsi
417 2455 561 2492 gaudeant.
588 2455 617 2482 Si
637 2455 745 2490 quidem
775 2459 802 2482 et
828 2454 918 2481 omnis

138 2508 265 2530 creatura
294 2509 389 2538 parata
408 2507 460 2531 est.
481 2502 602 2530 Parturit
617 2503 689 2530 enim
709 2507 737 2530 et
765 2501 918 2537 iugemiscit

138 2553 167 2576 et
182 2555 320 2583 exspectat
336 2554 455 2576 nostram
473 2549 596 2582 salutem,
620 2553 649 2575 ut
664 2552 691 2575 et
712 2548 769 2583 ipsa
787 2548 918 2575 liberetur

140 2602 157 2621 a
171 2595 272 2623 dolore.
289 2594 430 2623 Liberatur
444 2595 517 2622 enim
531 2600 558 2622 et
577 2594 616 2622 sol
631 2601 664 2621 ne
678 2594 747 2621 ultra
767 2594 895 2620 adoretur
909 2602 915 2620 :

139 2647 168 2670 et
195 2643 269 2675 luna,
301 2651 334 2671 ne
364 2644 422 2678 ipsa
447 2643 657 2671 calumnietura
683 2642 809 2669 deitate:
832 2642 918 2670 stella:

138 2690 231 2723 etiam,
255 2694 284 2716 ut
307 2697 358 2716 non
374 2689 592 2718 contamiueutur
613 2688 708 2717 hostiis
725 2698 731 2716 :
749 2694 778 2716 ut
790 2689 846 2724 jam
863 2696 917 2716 non

139 2735 209 2762 male
234 2736 365 2763 conlletur
390 2740 530 2771 argentum
557 2745 564 2763 :
589 2743 696 2769 aurum,
713 2742 742 2764 ut
765 2744 818 2765 non
842 2737 917 2766 coin-

454 2792 499 2820 ⁷⁸1
515 2793 585 2820 Τίιιι.
596 2801 633 2827 vt,
650 2793 694 2822 l6.

172 2850 229 2912 (83‘)
245 2850 294 2878 Ms.
309 2849 442 2880 (.‘anlletur
454 2856 599 2886 argentum,
611 2860 716 2888 aurum,
734 2859 761 2882 ut
776 2863 828 2883 non
841 2856 914 2884 coin-

172 2893 214 2912 me
226 2893 266 2912 ur.

137 2893 266 2920 qutuetur.

174 2792 196 2809 "
215 2791 291 2820 Joan.
309 2801 375 2826 xvrt,
390 2793 417 2820 5,

975 1683 1029 1703 nou
1056 1676 1149 1710 tacuit,
1173 1676 1220 1703 sed
1243 1675 1399 1711 frequenter
1427 1677 1477 1710 ait,
1505 1677 1581 1704 Erat.
1596 1678 1665 1711 Quid
1685 1680 1757 1706 enim

974 1721 1046 1748 aliud
1072 1726 1099 1749 et
1125 1720 1236 1748 deberet
1262 1720 1335 1748 dici?
1358 1720 1460 1749 Domus
1491 1721 1555 1748 Dei?
1578 1723 1757 1757 quodcunque

974 1765 1122 1793 dixerimus
1138 1770 1190 1800 est,
1204 1765 1275 1800 quod
1291 1773 1345 1794 non
1362 1766 1395 1794 de
1409 1765 1479 1794 Filio
1490 1772 1530 1794 est
1545 1775 1552 1793 :
1565 1767 1682 1795 alienum
1698 1768 1755 1803 (85)

974 1819 990 1839 a
1004 1813 1048 1840 die
1061 1817 1111 1840 est.
1137 1812 1255 1846 Spiritus
1277 1812 1303 1840 in
1328 1813 1416 1841 medio
1438 1818 1559 1841 nostrum
1575 1818 1616 1841 est
1634 1822 1641 1840 :
1664 1814 1686 1841 si
1703 1822 1755 1842 tton

974 1858 1106 1892 spiritalia
1118 1858 1199 1885 locuti
1215 1858 1357 1891 fuerimus,
1376 1859 1570 1887 contristamus
1590 1859 1714 1894 spiritum
1728 1861 1755 1887 in

973 1912 1026 1939 quo
1052 1905 1149 1939 signati
1176 1913 1278 1932 sumus.
1308 1905 1400 1933 Gloria
1429 1905 1487 1938 Dei,
1505 1906 1605 1933 veritas
1627 1906 1685 1939 Dei,
1701 1914 1754 1934 non

973 1951 1070 1985 quaerit
1083 1958 1097 1977 a
1119 1956 1144 1977 te
1159 1951 1261 1984 laudes,
1277 1952 1324 1979 sed
1339 1959 1388 1979 nec
1401 1951 1435 1979 ab
1446 1952 1558 1988 angelis.
1578 1951 1636 1980 Non
1650 1953 1710 1980 dico
1726 1958 1756 1980 ut

973 2003 988 2022 a
1006 2001 1041 2028 te,
1057 1996 1102 2023 sed
1116 1996 1214 2031 quaerit
1233 2004 1247 2023 a
1274 2002 1300 2024 te
1323 2002 1352 2024 ut
1377 2005 1509 2033 agnoscas
1525 2006 1585 2026 eum
1605 2008 1612 2026 :
1628 2000 1756 2033 prodesse

972 2042 1044 2069 enim
1061 2042 1085 2069 ei
1102 2048 1189 2077 potes,
1206 2042 1228 2070 si
1244 2049 1306 2070 eum
1328 2044 1488 2078 agnoveris?
1512 2050 1559 2072 aut
1575 2045 1670 2073 lumini
1689 2053 1755 2082 pro-

971 2088 1040 2120 dest,
1056 2094 1118 2116 cum
1143 2089 1236 2116 vides?
1250 2093 1279 2115 ut
1293 2090 1413 2118 dicamus
1427 2091 1490 2126 quia
1510 2096 1535 2119 et
1550 2092 1606 2120 Deo
1626 2093 1755 2128 prodesse

971 2138 1070 2168 potest.
1098 2134 1168 2161 Deus
1190 2135 1262 2161 enim
1277 2135 1332 2162 vult
1359 2141 1385 2163 te
1399 2143 1547 2172 agnoscere
1562 2145 1602 2166 se.
1626 2138 1753 2174 Cognitlo

971 2191 1042 2218 enim
1069 2191 1115 2219 Dei
1137 2198 1238 2220 interna
1258 2193 1312 2220 vita
1334 2199 1392 2228 est;
1419 2201 1471 2222 non
1490 2194 1557 2227 Deo,
1580 2195 1627 2222 sed
1651 2195 1693 2223 his
1707 2197 1752 2231 qui

971 2243 1148 2272 cognoscunt.
1173 2238 1212 2266 Ita
1225 2240 1297 2267 enim
1318 2244 1345 2268 et
1363 2240 1493 2269 Dominus
1508 2242 1675 2276 pronuntiat.
1687 2241 1752 2269 Hinc

935 2292 958 2320 υ
972 2288 1008 2310 est
1022 2289 1111 2311 autem
1126 2284 1179 2311 vita
1193 2289 1302 2319 aeterna,
1318 2290 1347 2312 ιιι
1360 2291 1517 2322 cognoscunt
1533 2291 1556 2313 te
1568 2287 1652 2314 solum
1664 2295 1751 2314 verum

971 2329 1064 2360 Deum,
1082 2336 1106 2357 et
1129 2339 1206 2366 quem
1232 2332 1328 2359 misisti
1349 2332 1440 2360 Iesum
1459 2332 1591 2360 Christum
1608 2332 1642 2360 ".
1667 2333 1752 2360 Verus

971 2375 1042 2403 Deus
1063 2381 1106 2403 est
1131 2376 1212 2405 Pater
1234 2377 1261 2405 in
1288 2385 1321 2406 eo
1341 2378 1412 2413 quod
1439 2386 1491 2406 non
1509 2383 1588 2406 natus
1601 2383 1652 2406 est.
1667 2378 1752 2407 Verus

970 2420 1056 2449 Filius
1069 2427 1111 2450 est
1123 2424 1150 2450 in
1162 2431 1193 2451 eo
1207 2424 1277 2458 quod
1291 2428 1332 2452 est
1347 2424 1507 2459 uuigenitus.
1525 2423 1582 2451 Non
1593 2425 1663 2452 enim
1677 2433 1752 2452 men-

972 2468 1077 2495 dacium
1100 2469 1191 2502 genuit
1206 2477 1294 2496 verus.
1321 2467 1375 2497 Sed
1397 2477 1478 2496 verus
1502 2468 1584 2497 Pater
1602 2470 1672 2498 Deus
1696 2477 1750 2497 non

971 2518 1051 2540 natus
1067 2523 1075 2541 ;
1089 2522 1168 2542 terus
1189 2514 1259 2542 Deus
1273 2514 1357 2541 Filius
1378 2515 1543 2550 uuigenitus.
1563 2514 1630 2542 Nam
1645 2520 1673 2543 et
1685 2515 1750 2544 illud

971 2558 1042 2591 quod
1067 2559 1166 2586 dictum
1190 2564 1254 2586 est:
1276 2558 1353 2586 Solus
1378 2559 1454 2586 habet
1478 2559 1702 2587 immortalitatem
1714 2559 1748 2594 ⁷³,

970 2611 1064 2631 verum
1079 2609 1129 2632 est.
1143 2606 1166 2631 Α
1178 2605 1324 2639 semetipso
1340 2605 1412 2632 enim
1427 2606 1501 2633 solus
1516 2606 1606 2633 habet.
1619 2606 1672 2633 Sed
1695 2606 1749 2634 sic-

971 2657 1001 2679 ut
1024 2650 1103 2678 Pater
1120 2651 1203 2678 vitam
1229 2650 1309 2678 habet
1323 2651 1350 2678 in
1375 2651 1519 2687 sentetipso
1545 2662 1551 2679 :
1571 2652 1606 2678 ita
1629 2657 1656 2679 et
1679 2652 1749 2680 Filio

971 2697 1045 2725 dedit
1061 2697 1141 2724 vitam
1168 2697 1267 2724 habere
1292 2697 1318 2724 itt
1344 2698 1500 2732 semetipso.
1515 2696 1590 2725 Unus
1606 2705 1670 2732 ergo
1695 2705 1748 2725 non

970 2747 1062 2778 natus,
1079 2749 1107 2771 et
1130 2750 1199 2781 unus
1218 2743 1385 2777 unigenitus,
1406 2747 1434 2770 et
1457 2751 1526 2771 unus
1548 2743 1665 2778 Spiritus
1684 2751 1749 2773 san-

1079 2856 1177 2896 Ms.”Ut
1194 2866 1250 2896 noti
1261 2866 1324 2885 sane
1340 2858 1530 2896 comburatur.‘

1004 2892 1059 2924 (85)
1079 2892 1100 2919 Α
1112 2894 1153 2921 die
1169 2898 1216 2921 est.
1230 2892 1312 2922 Forte
1325 2903 1340 2921 a
1352 2892 1405 2920 Deo
1417 2897 1465 2920 est.
