2024 3208
294 163 364 193 1059

645 162 776 190 EUSEBII
795 161 1033 190 CIESARlENSlS
1051 161 1125 190 OPP.
1146 162 1235 190 PARS
1253 163 1298 190 IV.
1318 178 1353 183 —
1373 162 1583 190 DOGMATICA.

1841 163 1907 191 £060

292 220 433 250 etus.Ha:c
442 219 507 247 dicit
516 227 566 246 una
583 219 701 246 Ecclesia
713 228 719 245 :
731 219 782 245 hoc
793 218 972 253 consignatur
990 218 1016 244 in
1032 225 1085 245 uno
1098 222 1122 250 Α
1135 220 1299 247 sentiantur.
1316 219 1369 246 Ista
1383 219 1455 246 enim
1467 224 1510 246 est
1525 224 1626 246 aeterna
1639 219 1704 245 vita.
1717 217 1745 245 In
1758 218 1800 246 his
1810 219 1908 247 erimus

293 267 428 302 baptismo
443 274 450 293 :
464 266 520 292 hate
536 265 635 298 scripta
648 269 711 291 sunt
727 264 753 290 in
769 263 900 298 sanguine
915 269 1076 298 martyrum,

292 316 321 340 et
333 317 395 339 ante
414 316 548 346 martyres
571 310 596 336 in
612 309 743 344 sanguine
762 308 874 336 Christi.
892 307 949 336 Nec
965 316 1077 343 spernas

292 358 352 392 ejus
380 357 537 392 sanguinem
551 355 623 390 quod
642 355 680 381 lui
706 359 818 389 propter
836 354 936 382 ell'usus
951 359 992 381 est
1008 354 1075 389 (86).

293 404 392 432 Eﬁudit
410 404 482 431 enim
497 409 574 429 suum
593 401 751 436 sanguinem
773 401 902 428 Dominus
916 406 944 427 ut
957 400 1075 427 salvare-

292 452 342 483 ris,
359 455 387 478 et
402 455 429 476 tu
446 449 530 475 audes
544 455 575 475 ea
590 448 680 475 delere
698 455 758 482 quae
777 454 825 481 per
837 447 997 482 sanguinem
1013 451 1075 474 sunt

291 496 411 531 scripta?
428 496 474 522 sed
487 494 557 529 quod
574 501 621 528 per
635 493 792 528 sanguinem
805 493 935 527 scriptum
950 498 1002 525 est,
1021 501 1074 520 non

292 542 407 569 deletur.
422 540 489 567 Vide
503 547 568 567 sane
584 547 618 567 ne
632 545 660 566 et
681 544 710 566 tu
733 539 765 566 de
783 532 852 566 libro
872 540 933 566 vita:
947 539 1071 567 dclcaris.

293 587 379 613 Adora
395 593 477 613 unum
505 593 558 613 non
582 592 686 617 natum,
706 591 733 613 et
749 594 830 612 utinm
848 586 1025 620 unigenitum,
1042 593 1074 613 ne

291 640 403 667 spernas
417 639 499 659 unum
514 631 650 666 spiritum.
670 632 758 659 Adora
777 632 896 664 Patrem,
912 637 939 658 et
960 632 1074 659 salvabit

290 683 317 705 le
326 677 410 705 Filius
426 687 432 705 :
450 679 531 705 adora
545 677 655 709 Filium,
667 683 693 705 et
705 678 834 712 suscipiet
846 683 871 704 te
889 686 935 712 per
947 686 1007 704 eum
1023 679 1073 705 Pa-

290 729 341 750 ter.
359 724 493 751 Conﬁtere
510 724 651 758 Spiritum,
665 729 691 751 et
713 724 832 758 impertit
846 725 903 759 (87)
919 725 965 751 tibi
988 724 1073 752 Filius

290 769 430 806 Spiritum.
466 770 528 797 Haec
558 770 694 802 dicantur,
726 770 782 797 hare
807 771 971 805 cogitentur,
1009 770 1068 798 hmo

1131 267 1189 294 sine
1210 266 1270 297 lite,
1287 264 1344 292 sine
1357 264 1459 298 iurgio,
1479 264 1537 291 sine
1559 264 1742 291 contentione.
1760 264 1800 291 Ad
1818 271 1908 299 pacem

1130 312 1202 340 enitn
1217 318 1267 338 nos
1281 310 1387 337 vocavit
1399 310 1478 338 Deus.
1499 309 1558 344 Ipsa
1575 309 1646 337 enim
1664 309 1788 336 Christus
1804 314 1846 337 est
1859 317 1908 343 pax

1130 363 1222 386 nostra
1249 367 1257 384 :
1281 357 1309 384 In
1331 357 1390 392 ipso
1407 357 1494 384 vocati
1511 363 1615 383 sumus.
1633 355 1700 388 Quid
1717 355 1828 383 dimissa
1847 363 1909 390 pace

1129 404 1190 432 lites
1220 402 1401 430 assumimus?
1430 402 1487 430 Non
1519 402 1618 429 audisti
1648 409 1709 429 eum
1738 402 1873 430 dicentem
1900 411 1906 430 :

1128 450 1222 478 Pacem
1250 458 1334 476 mecm
1359 452 1392 476 do
1419 449 1505 481 vobis,
1531 457 1620 483 pacem
1645 456 1730 475 meam
1760 447 1908 482 derelinquo

1127 497 1197 524 vobis
1219 496 1263 522 "‘t
1279 495 1362 523 Suam
1383 503 1476 529 pacem
1493 495 1538 522 dat
1555 495 1633 522 nobis
1656 495 1796 527 Dominus,
1813 498 1841 521 et
1863 502 1908 521 nos

1125 541 1213 577 jurgia
1231 549 1246 568 e
1269 545 1361 568 contra
1381 541 1544 568 inducimus.
1567 539 1642 567 Finis
1663 544 1752 567 autem
1775 539 1907 567 sermonis

1127 587 1179 614 iste
1197 587 1241 614 sit.
1258 587 1349 614 Gloria
1365 587 1411 614 uni
1431 595 1483 613 non
1508 591 1571 613 nato
1598 587 1652 613 Deo
1670 594 1717 621 per
1739 593 1823 613 unum
1849 585 1908 612 uni-

1127 634 1245 668 genitum
1272 633 1354 660 Dcum
1375 633 1472 660 Filium
1495 632 1541 659 Dei
1568 633 1593 659 in
1610 640 1662 659 uno
1678 632 1778 667 Spiritu
1802 637 1904 664 sancto,

1125 685 1152 706 et
1167 686 1237 705 nunc
1247 683 1274 705 et
1291 685 1397 713 semper
1408 683 1436 705 et
1454 686 1501 713 per
1515 678 1605 705 omnia
1618 677 1715 705 srecula
1736 677 1904 704 saeculorum.

1125 725 1223 752 Amen.

303 900 1894 916 ——————————-—-—-—‘———_-—I_“

831 998 1008 1042 LIBER
1045 998 1369 1043 SECUNDUS.

322 1178 391 1211 fato
402 1178 490 1205 adhuc
505 1184 585 1204 aures
601 1176 720 1210 obstrepi
739 1183 812 1202 meas
823 1183 838 1201 a
855 1175 982 1202 memoria
1005 1175 1077 1202 beati
1092 1180 1114 1207 Β
1129 1174 1259 1203 Dominus
1283 1175 1397 1204 reddens
1418 1184 1525 1204 causam
1541 1177 1582 1204 sui
1598 1177 1728 1204 adventus
1743 1176 1770 1204 in
1793 1177 1899 1211 mundo,

289 1224 363 1251 illius
383 1223 432 1249 viri
450 1222 520 1257 (88),
533 1222 579 1256 qui
589 1221 633 1248 illa
647 1221 770 1256 religiosa
787 1219 940 1255 frequenter
955 1227 1018 1248 usus
1032 1225 1072 1247 est

287 1275 366 1295 voce.
381 1267 447 1294 Nam
464 1272 491 1294 et
505 1274 583 1293 aures
596 1271 693 1293 vestra:
705 1265 792 1291 adhuc
809 1265 907 1291 bonum
923 1264 980 1296 (89)
998 1264 1070 1291 illius

286 1313 362 1340 vocis
388 1313 516 1340 retinent.
536 1313 603 1339 Puto
629 1312 700 1337 enim
720 1319 762 1337 me
787 1311 881 1336 audire
897 1319 956 1336 cum
979 1311 1072 1337 dicen-

287 1364 340 1386 tem
359 1368 365 1384 :
381 1357 536 1392 Unigenitus
554 1357 599 1383 Dei
620 1354 706 1382 Filius
720 1355 753 1382 ⁸ο,
767 1355 835 1381 Ecce
854 1355 923 1381 enim
938 1355 992 1389 (90)
1009 1355 1072 1381 reli-

286 1406 360 1439 giosa
379 1411 430 1430 vox
446 1410 494 1438 per
506 1411 535 1429 ns
547 1403 604 1435 ejus
622 1410 728 1436 semper
742 1401 925 1436 premebatur.
942 1400 1071 1427 Memoria

285 1449 360 1476 enim
387 1453 446 1476 erat
469 1447 607 1482 Unigcniti
636 1447 670 1474 ad
696 1446 810 1480 gloriam
825 1453 878 1472 non
902 1446 956 1473 nati
972 1445 1070 1473 Patris.

285 1495 444 1522 Audivimus
469 1498 559 1521 autent
583 1493 734 1528 apostolum
759 1492 958 1527 praecipientem
986 1492 1071 1519 hono-

286 1541 342 1569 rari
366 1540 466 1575 duplici
499 1541 603 1566 honore
631 1539 728 1566 debere
756 1538 930 1572 presbyteros
946 1537 967 1552 ³¹
991 1544 998 1563 :
1025 1545 1071 1564 eos

286 1586 404 1613 maxime
419 1586 464 1620 qui
479 1585 605 1612 laborant
617 1584 644 1610 in
659 1584 740 1610 verbo
753 1587 780 1609 et
791 1582 922 1609 doctrina.
937 1581 986 1614 Qui
998 1581 1071 1607 enim

285 1632 443 1667 pudicitiam
467 1631 541 1663 colit,
568 1631 656 1658 bonus
679 1634 720 1657 est
744 1628 796 1656 sibi
817 1638 824 1656 :
845 1633 872 1656 et
891 1628 936 1663 qui
954 1628 1070 1662 jejunat,

284 1678 368 1705 etiam
399 1677 421 1704 si
448 1678 548 1704 bonum
576 1676 658 1703 iaciat
680 1683 757 1709 opus,
777 1680 867 1702 tamen
885 1675 957 1702 sibi:
980 1679 1008 1701 et
1025 1675 1071 1708 qui

285 1725 440 1757 miseretur,
459 1728 486 1750 et
511 1722 563 1750 sibi
583 1722 797 1749 misericordiam
821 1726 910 1756 parat,
929 1725 957 1747 et
979 1721 1003 1748 ei
1027 1721 1071 1748 cui

284 1784 398 1818 praebet.
415 1782 466 1816 Qui
482 1787 572 1809 autem
588 1781 747 1816 religionem
763 1778 911 1807 secundum
929 1779 1069 1806 veritatem

284 1829 373 1860 docet,
385 1833 413 1855 et
436 1828 487 1854 sibi
503 1827 573 1853 viam
598 1831 727 1853 mternam
745 1825 872 1860 acquirit,
896 1829 923 1851 et
944 1824 1070 1851 omnibus

283 1876 329 1910 qui
343 1875 484 1902 docentur.
499 1873 559 1900 Non
577 1877 619 1899 est
634 1877 800 1906 praeceptum
813 1871 942 1906 apostolis
957 1876 987 1898 ut
1004 1878 1068 1904 pan-
1081 1879 1102 1908 ο

284 1928 363 1956 peres
386 1924 540 1954 pascerent,
557 1919 603 1946 sed
621 1923 649 1945 ut
673 1923 699 1945 et
722 1917 772 1952 ipsi
793 1921 981 1951 pascerentur.
997 1916 1068 1943 Βειὶ-

283 1968 371 2002 gionis
384 1975 448 2002 ergo
463 1966 618 2001 praedicatio
637 1965 721 1999 major
732 1969 775 1992 est
786 1971 799 1991 a
812 1964 996 1991 misericordia
1008 1971 1068 1998 qua:

284 2014 314 2042 [it
336 2014 369 2040 ad
392 2014 516 2040 homines
533 2023 538 2040 :
553 2015 660 2047 oportet
683 2011 754 2038 enim
781 2011 895 2045 prinnnn
915 2017 994 2037 nosse
1007 2017 1066 2037 eum

283 2065 395 2095 propter
413 2066 494 2093 quem
516 2058 581 2085 ﬁunt
596 2065 626 2084 ea
643 2065 702 2091 (iure
719 2057 796 2089 ﬁunt,
812 2061 839 2083 et
856 2056 892 2082 ita
912 2056 1000 2082 facere
1017 2055 1068 2082 mi~

282 2103 459 2131 sericordiam
475 2109 483 2129 :
509 2101 693 2136 unusquisque
708 2101 779 2127 enim
793 2101 839 2136 qui
862 2105 1001 2134 operatur,
1016 2099 1067 2127 sibi

283 2150 401 2185 acquirit
417 2156 483 2184 opus
499 2157 506 2174 :
524 2148 681 2181 praedicatio
693 2152 783 2173 autem
804 2146 926 2173 veritatis
942 2145 999 2172 haec
1014 2149 1065 2178 est,

282 2200 393 2231 propter
411 2202 492 2229 quam
508 2198 535 2220 et
551 2193 633 2219 Filius
650 2193 723 2219 vcnit
741 2192 768 2218 in
786 2199 908 2225 corpore.
928 2190 984 2218 Non
999 2191 1067 2218 dixit

283 2241 426 2271 Dominus,
440 2239 514 2266 Beati
529 2237 600 2265 oculi
614 2244 708 2263 eorum
734 2236 779 2270 qui
805 2234 937 2269 jejunant,
961 2234 1008 2261 sed
1027 2234 1067 2260 vi-

282 2288 415 2318 dentium,
426 2285 524 2320 inquit,
539 2292 570 2311 ea
585 2290 645 2318 quae
658 2283 754 2309 videtis
763 2282 795 2307 ’“.
809 2281 860 2308 Sed
871 2277 982 2315 non'cgo
997 2288 1066 2307 nunc

281 2334 367 2361 bonos
383 2338 459 2359 actus
480 2338 580 2358 accuso
595 2339 602 2356 :
623 2329 670 2355 sed
685 2329 754 2355 sicut
766 2327 842 2355 stella
860 2327 944 2354 stella)
959 2326 1067 2360 przefert

281 2379 378 2415 gloria,
399 2379 437 2405 ita
456 2383 483 2404 et
498 2381 574 2404 actus
592 2375 646 2412 (9|)
671 2375 777 2401 actibus
802 2371 928 2400 dillerunt
954 2373 1064 2399 honore.

282 2427 422 2453 Summum
451 2423 522 2450 enim
544 2427 572 2448 et
589 2421 763 2455 prazcipuum,
784 2423 810 2446 et
830 2419 944 2453 primum
972 2418 1066 2444 funda-

282 2475 402 2499 mentum
419 2474 446 2496 ct
469 2469 543 2495 radix
563 2466 682 2494 omnium
695 2473 806 2499 operum
820 2472 879 2498 qum
896 2465 972 2495 liunl,
999 2464 1065 2490 ﬁdes

280 2522 324 2544 est
335 2523 408 2544 vera.
421 2514 489 2542 Dicit
502 2514 573 2541 enim
589 2512 717 2540 Dominus
728 2518 736 2537 τ
747 2510 801 2545 Ego
812 2516 918 2545 propter
932 2510 979 2536 ltoc
994 2510 1061 2541 veni,

281 2569 303 2590 et
318 2566 424 2598 propter
436 2561 483 2588 hoc
499 2565 575 2587 natus
590 2567 660 2592 sum,
679 2564 706 2585 ut
727 2563 804 2585 tester
825 2557 928 2584 veritati
943 2557 977 2583 ⁸³.
1003 2555 1061 2591 Ipse
1077 2553 1098 2580 D

305 2655 486 2686 “Joan.x1v,
511 2653 575 2687 2‘I.~
608 2654 631 2670 ⁸ο
650 2653 727 2681 Joan.
750 2661 770 2686 l,
801 2651 849 2684 18;
880 2660 922 2683 Ill,
946 2651 991 2679 l8.
1054 2651 1097 2677 “l

281 2689 304 2706 “
319 2690 413 2717 Matth.
438 2697 493 2722 avt,
514 2690 556 2716 17.
596 2689 618 2705 ⁸³
632 2689 725 2716 Matth.
742 2696 782 2720 tu,
800 2687 847 2719 l7;
868 2695 934 2720 xv",
949 2687 975 2714 5.

316 2747 372 2783 (86)
393 2749 443 2775 Τιιὶ
453 2748 674 2782 ριόριεν.”Ενεκα
684 2747 741 2779 σοῦ,
756 2747 853 2774 iterum
865 2745 934 2772 inira
951 2746 1000 2773 sub
1014 2746 1061 2773 ﬁn.

281 2781 327 2810 lib.
345 2781 380 2815 vi,
394 2783 432 2810 De
443 2792 471 2809 eo
485 2781 553 2817 quod
567 2784 604 2809 ait
617 2783 697 2810 Deus.

317 2817 373 2851 (87)
394 2817 523 2850 lmpertit.
537 2817 618 2846 Forte
633 2818 769 2851 impertiet.

317 2820 361 2851 (87
394 2820 523 2850 lmpertit.
538 2820 618 2846 Forte
633 2820 769 2851 impertiet.

317 2820 374 2888 (88)
395 2853 467 2879 Beati
479 2853 550 2880 illius
563 2854 621 2880 viri.
639 2853 782 2887 Pamphili,
798 2859 827 2880 ut
841 2852 922 2879 Ilenr.
938 2852 1060 2880 Valesius

280 2892 390 2927 censet;
405 2895 462 2927 nos,
476 2889 623 2923 Agapetum
648 2889 736 2924 potius
752 2894 877 2924 putamus
893 2888 1000 2916 Eusebii
1014 2890 1060 2916 de‘

1123 1221 1187 1248 dicit
1199 1222 1260 1256 quia
1281 1222 1340 1249 ideo
1356 1227 1434 1250 natus
1448 1231 1517 1253 sum,
1541 1227 1568 1250 et
1592 1223 1652 1250 ideo
1674 1223 1733 1250 veni
1753 1223 1779 1250 in
1805 1224 1900 1251 mundo

1123 1273 1152 1294 ut
1166 1272 1248 1294 tester
1260 1268 1378 1300 veritati.
1393 1273 1420 1296 et
1434 1274 1460 1295 tu
1475 1269 1589 1296 abnuis?
1604 1269 1670 1296 Nam
1688 1275 1715 1296 et
1725 1269 1823 1297 Petrus
1841 1271 1899 1297 bea-

1123 1317 1175 1345 tus,
1191 1314 1286 1341 beatus
1307 1314 1407 1341 dicitur
1424 1315 1457 1346 ⁸⁵,
1473 1322 1525 1341 non
1549 1315 1584 1342 ob
1596 1315 1736 1349 jejunium,
1762 1323 1852 1350 neque
1869 1315 1900 1342 ob

1121 1359 1193 1386 aliud
1220 1359 1328 1394 aliquod
1355 1367 1434 1394 opus,
1452 1361 1498 1387 sed
1526 1361 1588 1396 quia
1613 1360 1693 1388 Pater
1717 1361 1743 1387 ei
1773 1362 1901 1389 revelavit

1121 1403 1230 1431 Filium.
1248 1405 1281 1432 Et
1304 1406 1400 1432 iterum
1425 1406 1505 1434 Pater
1521 1407 1620 1441 ubique
1638 1407 1670 1434 de
1690 1407 1760 1434 Filio
1776 1412 1899 1434 testatur.

1120 1449 1186 1476 Nam
1209 1456 1236 1477 et
1262 1451 1288 1477 in
1314 1452 1447 1485 baptismo
1477 1451 1599 1485 Joannis,
1627 1457 1654 1478 et
1672 1454 1698 1479 in
1725 1457 1819 1479 monte
1836 1451 1900 1478 nihil

1120 1496 1192 1523 aliud
1206 1497 1390 1531 proclamavit,
1405 1498 1455 1524 nisi
1467 1505 1474 1524 :
1486 1496 1535 1524 llic
1551 1502 1589 1524 est
1605 1497 1690 1524 Filius
1704 1505 1776 1524 meus
1791 1498 1902 1524 dilecti:-

1121 1544 1212 1575 simus,
1227 1543 1254 1569 in
1273 1551 1323 1578 quo
1342 1544 1403 1570 bene
1417 1543 1559 1577 complacni
1571 1544 1604 1571 “.
1623 1543 1753 1570 Similiter
1767 1548 1795 1570 et
1805 1543 1901 1570 Paulus

1121 1591 1183 1615 dum
1203 1589 1311 1616 doceret
1334 1589 1465 1616 dicebat:
1489 1589 1699 1616 Fundamentum
1721 1591 1794 1617 aliud
1809 1596 1902 1624 prater

1120 1635 1233 1670 eumqui
1251 1639 1287 1661 est
1299 1636 1398 1669 positus
1417 1644 1490 1661 nemo
1511 1640 1594 1669 potest
1615 1643 1718 1669 ponere,
1732 1641 1829 1669 prater
1847 1643 1901 1662 eum

1120 1681 1164 1714 qui
1189 1685 1225 1706 est
1250 1679 1367 1706 Christus
1392 1680 1470 1707 Iesus
1481 1680 1515 1707 ³⁵.
1545 1679 1573 1706 Si
1599 1681 1681 1715 igitur
1700 1681 1901 1708 fundamentum

1121 1725 1201 1754 fuerit
1214 1726 1328 1758 salvum,
1350 1731 1440 1760 sperat
1463 1727 1606 1753 aediﬁcatio
1629 1727 1696 1753 bene
1725 1727 1859 1761 proﬁcere
1874 1733 1902 1754 Se

1119 1780 1199 1807 posse
1213 1781 1219 1799 :
1238 1773 1261 1799 si
1275 1773 1349 1799 radix
1365 1772 1446 1800 fuerit
1461 1781 1538 1805 sana,
1559 1780 1620 1807 spes
1633 1777 1676 1799 est
1693 1773 1798 1799 fructus
1810 1779 1842 1799 ex
1865 1779 1902 1798 ra-

1119 1819 1171 1845 mis
1187 1819 1318 1852 aCripere.
1335 1819 1362 1846 Si
1377 1824 1466 1846 autem
1482 1819 1588 1846 inﬁrme
1597 1819 1677 1845 fuerit
1687 1818 1900 1850 fundamentum,

1120 1864 1145 1891 in
1171 1864 1290 1898 periculo
1315 1870 1378 1892 sunt
1407 1872 1437 1892 ea
1461 1873 1521 1899 qua:
1548 1869 1776 1900 superponuntur.
1800 1864 1900 1890 Aurum

1118 1912 1189 1938 enim
1216 1911 1287 1945 quod
1305 1919 1386 1945 super
1413 1910 1626 1942 fundamentum,
1649 1915 1676 1938 et
1701 1914 1857 1945 argentum,
1877 1915 1903 1936 et

1118 1959 1282 1994 margaritm,
1310 1965 1338 1987 et
1361 1960 1462 1995 lapides
1485 1952 1608 1995 pretiosi,
1635 1966 1663 1987 et
1685 1960 1788 1992 fenum,
1811 1966 1839 1988 et
1857 1962 1903 1988 sti-

1118 2005 1198 2039 pulae,
1214 2011 1242 2033 et
1257 2006 1328 2041 ligna
1352 2011 1489 2042 ponuntur
1507 2015 1515 2034 :
1537 2007 1603 2034 nihil
1620 2007 1692 2034 aliud
1716 2007 1853 2040 signiﬁcat
1875 2007 1901 2034 in

1118 2052 1170 2079 hoc
1189 2052 1259 2084 loco,
1285 2053 1336 2080 nisi
1357 2053 1465 2087 quidem
1492 2053 1711 2087 praedicationem
1733 2061 1782 2088 per
1807 2061 1900 2080 aurum

1117 2102 1142 2125 et
1166 2103 1308 2133 argentum
1327 2104 1354 2125 et
1381 2099 1483 2133 lapides
1505 2099 1650 2134 pretiosos.
1676 2099 1714 2125 Ea
1733 2104 1826 2126 autem
1844 2106 1901 2134 qua:

1117 2150 1214 2179 praeter
1228 2139 1369 2172 verilatem
1387 2150 1461 2177 sunt,
1477 2146 1529 2180 igni
1555 2150 1648 2180 utpote
1673 2145 1765 2180 digna,
1787 2143 1850 2172 leno
1877 2150 1902 2172 et

1118 2190 1222 2225 stipula:
1235 2196 1263 2218 et
1287 2191 1361 2226 ligno
1378 2191 1553 2226 comparavit.
1569 2192 1627 2218 Non
1651 2192 1723 2217 enim
1741 2191 1810 2218 dixit
1831 2191 1902 2226 Apo-

1117 2235 1218 2263 stolus:
1238 2236 1265 2264 Si
1283 2237 1343 2271 quis
1365 2244 1417 2264 non
1438 2237 1540 2264 dederit
1557 2237 1678 2272 pauperi,
1697 2238 1844 2264 anathema
1857 2238 1901 2264 sit.

1117 2282 1174 2309 Non
1193 2284 1242 2310 ista
1257 2284 1358 2318 denego
1380 2292 1388 2310 :
1407 2283 1454 2310 sed
1472 2291 1530 2318 quae
1550 2284 1636 2315 prima
1652 2288 1726 2315 sunt,
1745 2284 1854 2316 prima;
1876 2287 1902 2310 et

1116 2336 1177 2362 qum
1205 2330 1343 2361 secunda,
1369 2329 1496 2356 secunda.
1524 2327 1616 2356 Primo
1640 2329 1768 2356 coudisce
1794 2334 1901 2364 propter

1115 2381 1195 2409 quem
1214 2373 1292 2407 facis,
1309 2380 1336 2401 et
1353 2375 1388 2401 ita
1408 2375 1495 2402 facito.
1511 2375 1583 2401 illiilli
1600 2375 1670 2401 enim
1689 2375 1829 2402 hominum
1853 2382 1899 2409 pc-

1117 2420 1224 2446 coribus
1249 2425 1312 2446 sunt
1337 2420 1439 2447 similes
1460 2429 1466 2446 :
1492 2425 1586 2454 putant
1601 2427 1655 2446 non
1670 2427 1731 2446 esse
1747 2419 1899 2447 necessaria

1116 2473 1236 2500 quaerere
1254 2466 1286 2492 tle
1304 2466 1345 2493 his
1357 2474 1417 2501 qum
1433 2466 1569 2501 possibilia
1586 2471 1647 2492 sunt
1659 2470 1826 2500 quaerantur.
1843 2465 1900 2493 Sic-

1116 2516 1145 2538 ut
1155 2519 1220 2547 ergo
1233 2512 1266 2539 de
1280 2513 1322 2539 his
1336 2521 1395 2547 qua:
1410 2517 1521 2546 possunt
1533 2513 1628 2547 quaeri,
1646 2512 1772 2540 inertium
1787 2517 1828 2540 est
1848 2519 1897 2539 non

1113 2565 1250 2592 quaerere;
1278 2557 1316 2584 ita
1339 2557 1371 2584 de
1399 2557 1440 2583 his
1457 2564 1516 2591 quae
1540 2564 1592 2584 non
1618 2563 1728 2583 necesse
1744 2561 1787 2583 est
1805 2555 1897 2590 quaeri,

1113 2651 1183 2677 Tim.
1201 2659 1228 2683 ν,
1246 2651 1290 2678 17.
1339 2651 1360 2667 ⁸⁸
1374 2650 1439 2678 Luc.
1458 2658 1487 2682 ς,
1504 2651 1549 2677 23.
1616 2650 1638 2666 ⁸³
1650 2649 1728 2678 .loan.
1750 2657 1832 2684 xvnt,
1855 2648 1895 2675 37.

1336 2651 1360 2686 λε’
1374 2650 1439 2678 Luc.
1458 2658 1487 2682 ς,
1504 2651 1549 2677 23.

1015 2687 1039 2703 ⁸⁸
1060 2687 1071 2714 1
1088 2687 1151 2714 Cor.
1170 2694 1210 2718 ιιι,
1225 2688 1266 2714 tt.
1312 2688 1322 2693 '

1116 2753 1263 2777 cesserem,
1279 2742 1320 2772 de'
1337 2752 1391 2779 quo
1409 2745 1509 2772 Euseb.
1539 2744 1586 2771 lib.
1613 2751 1648 2770 vn
1679 2743 1751 2770 Ηιει.
1775 2750 1835 2778 cap.
1851 2740 1894 2771 52,

1116 2782 1149 2808 de
1167 2781 1261 2808 eodem
1279 2781 1357 2808 beato
1370 2781 1427 2806 viro
1442 2780 1511 2807 intra
1527 2780 1579 2806 col.
1596 2779 1673 2806 1065.

1150 2816 1205 2850 (89)
1227 2815 1338 2842 Bonum.
1355 2815 1476 2850 Valesius
1490 2815 1550 2850 legit
1566 2823 1669 2840 sonum.

1150 2849 1205 2885 (9o)
1226 2851 1292 2877 Ecce
1309 2851 1386 2876 enim.
1412 2849 1531 2876 Valesius
1547 2849 1610 2883 legit
1625 2850 1679 2876 hmo
1693 2849 1772 2877 enim.

1150 2886 1205 2924 (91)
1228 2886 1287 2921 llls.,
1303 2885 1399 2914 Ρηιιεδι
1415 2886 1510 2920 gloria,
1525 2886 1561 2912 ita
1572 2892 1594 2911 et
1611 2891 1697 2911 actus.
