2024 3208
140 157 207 185 1061

569 159 611 186 DE
628 160 705 189 FIDE
721 161 907 190 ADVERSUS
924 161 1131 190 SABELLIUM.
1151 178 1186 183 —
1203 161 1266 190 LIB.
1287 162 1320 191 11.

1685 167 1754 195 1062

141 215 253 243 audacia
262 219 307 243 est
318 217 468 250 quaerendi.
482 217 547 250 Quae
558 225 623 254 ergo
635 219 733 247 debent
749 221 852 255 quaeri?
865 228 924 255 quze
937 224 960 252 Α
973 226 1062 249 etuas
1077 221 1103 248 in
1115 228 1183 256 pace
1196 222 1311 254 vocavit,
1330 229 1384 249 non
1400 226 1488 251 tamen
1505 223 1538 251 ad
1554 223 1626 252 litem
1642 233 1649 252 :
1665 233 1752 261 pugna

139 262 293 289 invenimus
306 261 334 288 in
351 261 498 297 Scripturis
510 264 597 298 posita
614 273 621 291 :
635 273 695 299 qua:
708 271 796 293 autem
808 267 834 293 in
849 266 922 293 Scri-

136 306 226 340 pturis
250 314 303 334 non
330 307 498 341 invenimus,
523 317 576 336 non
602 318 765 344 quaeramus.
795 311 823 338 Si
848 313 919 339 enim

138 358 277 387 oporteret
296 354 373 381 nobis
388 362 449 382 esse
469 356 586 390 cognita,
603 357 695 391 utique
718 358 834 391 Spiritus
856 366 920 386 san-

136 404 198 427 ctus
220 400 355 435 posuisset
378 409 409 428 ea
434 401 459 428 in
478 401 626 436 Scripturis
644 412 651 430 :
667 410 720 430 non
736 411 829 431 sumus
848 405 918 432 enim

138 447 318 480 sapientiores
340 455 356 474 a
380 448 481 482 Spiritu
505 453 608 478 sancto.
630 449 659 476 Si
684 450 783 477 dixerit
803 450 919 485 Spiritus

137 498 249 522 sanctus
267 502 272 519 :
293 492 489 520 Generalionem
510 494 566 529 ejus
581 495 638 529 quis
654 496 787 522 enarrabil
799 496 841 522 ‘7?
864 497 918 524 noli

139 546 260 573 quaerere
277 546 363 573 neque
381 539 414 566 ab
438 539 600 572 hominibus,
631 548 717 575 neque
745 541 778 568 ab
804 541 917 576 angelis.

138 585 193 612 Cur
203 584 346 619 abnegavit
367 584 494 618 Spiritus,
509 585 577 612 dixit
593 585 664 612 enim
681 586 742 620 quia
763 587 917 621 generatio-

139 638 199 659 nem
213 632 271 667 ejus
290 632 351 666 quis
361 631 516 658 enarrabit?
532 631 577 665 qui
594 634 682 658 autem
695 632 816 659 concedit
831 631 917 667 Spiri—

137 683 181 705 tus
191 686 321 712 quaerere,
340 677 411 704 Unus
426 677 496 704 Deus
511 686 543 704 ea;
554 685 605 712 quo
622 682 681 704 sunt
701 678 799 710 omnia,
810 683 835 705 et
850 687 917 705 unus

138 724 264 750 Dominus
274 723 350 750 Iesus
362 731 407 756 per
417 731 492 757 quem
509 728 568 749 sunt
582 723 671 749 omnia
685 723 707 738 ⁸⁸
721 731 728 749 :
741 723 916 757 quemadmo—

136 769 198 795 dum
214 773 302 796 autem
321 769 404 796 Filius
427 776 458 795 cx
475 768 563 800 Patre,
576 769 656 795 crede
673 770 696 795 ei
714 770 759 803 qui
783 770 867 801 novit,
891 770 915 795 ci

135 816 180 849 qui
194 815 324 842 noscitur.
343 815 394 841 Sed
410 819 435 841 tu
449 815 558 849 quaeris,
571 819 597 841 et
615 815 675 848 quis
690 820 731 842 est
743 815 788 849 qui
804 815 916 849 promit-

134 865 174 887 tat
197 868 227 888 se
245 860 341 888 nosse?
355 861 442 887 omnis
466 860 538 886 enim
562 861 714 895 quicunque
731 861 864 895 promittit
886 869 914 888 se

135 914 222 938 nosse,
252 908 366 933 mendax
386 911 436 933 est.
466 906 651 933 Pronuntiavit
675 907 747 934 enim
775 906 911 941 Dominus,

134 953 206 987 quod
234 953 322 980 nullus
352 947 422 979 norit
453 953 502 979 nisi
535 953 609 980 solus
635 953 715 980 Pater
743 953 860 987 Filium,
886 960 913 981 et

134 999 217 1026 Filius
237 998 355 1026 Patrem.
380 999 432 1025 Sed
447 998 511 1025 dicit
527 999 636 1033 quidam
654 1008 660 1026 :
679 999 834 1033 lgnoramus
847 1007 912 1034 ergo

133 1045 196 1079 quia
211 1049 252 1072 est
268 1044 348 1077 Deus,
365 1048 392 1071 et
413 1045 476 1079 quia
500 1052 551 1072 non
570 1051 648 1072 natus
664 1051 714 1078 cst,
732 1051 758 1073 et
778 1047 912 1074 nescimus

132 1083 195 1125 quia
220 1097 247 1118 et
263 1091 346 1117 Filius
361 1096 388 1118 et
408 1092 559 1125 unigenitus
576 1096 617 1118 est
644 1091 747 1119 Filius?
775 1093 912 1125 Quomodo

132 1143 220 1164 autem
239 1138 372 1164 nescimus
397 1138 458 1172 quia
481 1142 558 1165 natus
581 1137 640 1164 est?
668 1139 729 1172 quia
750 1144 837 1165 autem
859 1143 911 1171 est,

131 1183 220 1210 omnis
231 1182 475 1217 claritatScriptnra
493 1192 498 1209 :
514 1183 737 1217 quemadmodum
758 1188 846 1210 autem
859 1189 911 1216 est,

130 1233 157 1254 et
173 1233 301 1262 quantum
318 1233 367 1259 est,
381 1228 450 1254 nulla
471 1221 541 1255 valet
560 1234 653 1255 natura
670 1229 769 1260 dicere,
784 1236 867 1263 neque
879 1229 912 1256 de

133 1272 221 1304 l‘atre,
238 1280 324 1307 neque
343 1274 375 1299 dc
387 1272 462 1298 Filio.
482 1272 613 1305 Quienim
631 1273 697 1299 dixit
712 1282 718 1299 :
739 1272 823 1299 Nemo
842 1273 912 1299 navit

132 1318 250 1350 Putrem,
266 1318 315 1344 nisi
335 1318 420 1344 Filius
432 1318 462 1347 39,
479 1319 534 1352 ipse
550 1319 615 1345 dixit
633 1326 656 1352 q'
670 1319 693 1344 ia
710 1323 734 1345 et
750 1317 848 1344 Filium
867 1327 911 1345 ne-

129 1372 171 1390 mo
184 1365 264 1396 novit,
279 1364 327 1390 nisi
342 1364 463 1390 Pater”.
480 1364 706 1396 Quemadmodum
721 1364 791 1390 enim
804 1364 912 1398 capiunt

131 1417 161 1436 ea
173 1418 233 1445 qua:
247 1418 294 1444 per
310 1410 404 1436 Filium
421 1410 488 1437 facta
505 1415 575 1442 sunt,
594 1417 672 1436 nosse
691 1418 750 1436 cuin
770 1417 815 1443 per
832 1417 909 1443 quem

130 1462 157 1484 et
170 1457 242 1484 facta
259 1457 339 1483 sunt?
362 1456 390 1483 Si
412 1457 492 1489 igitur
506 1456 648 1490 imaginem
671 1464 722 1483 non
740 1456 794 1482 nati
815 1461 910 1482 natura

129 1509 185 1529 non
206 1502 325 1536 pervenit
341 1509 429 1534 nosse,
444 1502 665 1535 quemadmodum
684 1502 768 1535 ipsum
782 1502 911 1535 principa-

972 274 1024 293 non
1043 267 1133 299 docet,
1158 267 1204 294 sed
1220 267 1314 294 incitat
1331 268 1416 303 magis
1441 278 1448 295 :
1464 269 1498 296 iis
1517 277 1569 296 non
1591 277 1690 302 monet.
1705 273 1752 299 sed

970 312 1105 339 ﬂammam
1120 314 1254 341 accendit.
1270 314 1413 341 Contentio
1426 320 1515 343 autem
1527 317 1604 351 equis
1618 319 1751 349 convertit.

971 365 1023 384 non
1039 363 1128 385 tamen
1145 358 1271 386 Ecclesia:
1284 359 1341 387 Dei.
1359 360 1408 393 Qui
1421 361 1495 387 novit
1509 369 1540 389 ea
1551 369 1612 396 qua:
1626 362 1753 396 possibile

970 407 1013 430 est
1038 404 1118 436 scire,
1140 404 1235 432 doceat
1256 412 1316 432 cum
1339 406 1471 434 modestia
1495 414 1556 434 eum
1569 407 1614 442 qui
1634 408 1752 442 ignorat,

970 456 1023 475 non
1039 453 1127 476 tamen
1147 450 1322 478 incitamento
1345 459 1353 478 :
1374 452 1576 480 incitamentum
1592 453 1663 481 enim
1677 458 1705 480 et
1718 454 1752 481 ad

969 501 1001 520 ea
1020 501 1079 528 qua:
1094 499 1186 529 aperta
1212 500 1275 522 sunt
1298 497 1496 524 contentionem
1518 498 1587 532 parit
1615 506 1689 526 :non
1715 499 1752 526 ita

968 540 1163 574 periclitemur,
1187 542 1234 569 sed
1252 545 1308 569 tute
1325 542 1477 576 loquamur.
1500 543 1527 570 Si
1544 544 1608 578 quid
1621 543 1758 578 scriptum'

968 594 1022 613 non
1040 591 1092 619 est,
1123 594 1156 614 ne
1172 588 1280 622 quidem
1299 588 1405 615 dicatur
1425 597 1433 617 :
1456 590 1478 616 si
1494 589 1557 623 quid
1579 594 1668 616 autem
1684 590 1751 618 scri-

967 637 1042 667 ptum
1058 637 1107 664 est,
1130 641 1163 660 ne
1184 633 1323 661 deleatur.‘
1335 635 1393 662 Non
1411 643 1504 662 sumus
1527 635 1598 662 enim
1614 640 1750 669 auctores,

967 679 1014 705 sed
1029 678 1163 713 discipuli.
1184 678 1241 706 Non
1264 687 1324 715 quae
1343 680 1477 713 volumus,
1500 681 1547 708 sed
1565 689 1596 709 ea
1617 681 1750 717 qumlegiu

967 732 1027 750 mus
1046 733 1052 750 :
1072 732 1123 752 non
1139 733 1169 751 ca
1186 733 1244 759 qum
1257 733 1290 753 ex
1305 727 1386 753 corde
1402 733 1474 759 sunt,
1486 728 1532 755 sed
1547 735 1577 754 ea
1592 736 1650 762 quae
1662 736 1676 755 a
1692 729 1750 763 spi-

968 769 1021 795 ritu
1038 770 1062 796 in
1076 769 1225 805 Scripturis
1245 772 1344 798 sanctis
1361 777 1424 799 sunt
1439 774 1534 807 posita.
1552 774 1617 807 Quis
1632 776 1701 802 enim
1719 783 1749 804 es

967 820 995 841 tu
1013 816 1058 850 qui
1085 816 1151 843 dicis
1166 822 1212 843 aut
1229 818 1273 852 qui
1298 818 1397 845 audis?
1416 819 1471 845 Vttii.
1495 819 1592 854 aliquis
1612 820 1748 848 Christum

968 860 1117 893 honorare;
1143 866 1171 888 ut
1193 863 1249 889 vult
1279 863 1335 897 ipse
1352 864 1485 897 Christus,
1506 873 1557 892 non
1580 870 1667 892 tamen
1680 872 1708 893 ut
1720 872 1747 894 tu

964 906 1015 934 vis.
1033 907 1060 933 Si
1074 913 1162 934 autem
1183 912 1279 942 praeter
1290 909 1315 935 id
1335 909 1404 943 quod
1422 910 1479 936 vult
1498 910 1681 943 honoraveris,
1699 912 1747 938 ho-

964 959 1014 979 nor
1026 956 1087 979 tuus
1101 953 1134 979 ad
1145 954 1338 981 contumeliam
1356 960 1537 982 convertetur.
1558 956 1586 983 Si
1602 956 1747 985 intereme-

964 998 1001 1025 ris
1016 998 1073 1032 ejus
1087 999 1206 1032 Patrem,
1222 1008 1276 1027 non
1293 1000 1431 1027 honorasti
1444 1001 1607 1034 progeniem.
1623 1001 1652 1028 Si
1666 1002 1748 1029 inter-

963 1045 1061 1072 emeris
1080 1044 1190 1077 Filium,
1212 1053 1265 1072 non
1287 1046 1413 1073 dimisisti
1431 1046 1538 1072 Patrem
1563 1047 1588 1073 in
1605 1047 1746 1075 honorem.

964 1089 992 1116 Si
1010 1090 1079 1116 cnim
1103 1097 1155 1117 non
1174 1090 1273 1117 dixeris
1295 1096 1396 1124 patrem
1415 1091 1532 1123 Patrem,
1550 1096 1576 1118 et
1592 1091 1686 1128 Filium
1702 1091 1748 1118 Fi-

963 1136 1038 1168 lium,
1068 1144 1154 1170 neque
1181 1136 1286 1163 Patrem
1303 1145 1388 1171 neque
1418 1137 1513 1164 Filium
1533 1138 1678 1165 conliteris.
1696 1138 1747 1171 Qui

962 1181 1032 1208 enim
1051 1181 1106 1208 ham
1124 1182 1199 1214 dicit,
1217 1183 1276 1209 sine
1303 1182 1357 1209 Deo
1385 1187 1435 1210 est.
1454 1183 1481 1210 Si
1496 1183 1567 1210 enim
1596 1183 1676 1210 Pater
1693 1190 1746 1210 non

963 1232 1003 1254 est
1017 1227 1117 1259 Pater,
1147 1228 1203 1262 ipse
1223 1229 1293 1255 enim
1311 1229 1392 1256 Filius
1414 1234 1442 1255 ut
1465 1229 1518 1261 ais;
1544 1230 1641 1256 iterum
1663 1228 1746 1257 Filius

962 1281 1014 1299 non
1033 1278 1074 1300 est
1086 1273 1178 1305 Filius,
1198 1274 1254 1308 ipse
1278 1274 1348 1301 enim
1365 1279 1391 1301 et
1409 1274 1488 1301 Pater
1504 1274 1583 1301 Pater
1598 1280 1639 1302 est
1659 1281 1688 1301 ut
1703 1275 1746 1301 di—

962 1319 1001 1345 eis
1017 1318 1084 1354 (9i).
1107 1319 1236 1353 Sequitur
1248 1320 1405 1353 periculum,
1422 1325 1450 1347 ut
1468 1328 1554 1354 neque
1570 1320 1650 1347 Pater
1667 1320 1747 1347 Pater

962 1363 1007 1396 sit,
1031 1372 1117 1397 neque
1133 1364 1217 1391 Filius
1244 1364 1339 1397 Filius,
1367 1370 1393 1391 et
1419 1366 1482 1399 quid
1504 1365 1674 1392 tenebimus?
1694 1365 1746 1392 Sed

962 1409 1042 1436 Pater
1055 1409 1134 1436 Pater
1145 1417 1208 1437 vere
1222 1414 1273 1441 est,
1292 1418 1342 1437 non
1361 1418 1442 1436 vacua
1458 1418 1508 1436 vox
1523 1410 1570 1437 sed
1588 1415 1681 1436 natura
1698 1418 1746 1437 ve-

961 1455 1059 1481 ritatis.
1078 1455 1136 1481 Non
1155 1463 1240 1482 vanus
1256 1463 1355 1486 sermo,
1368 1456 1415 1482 sed
1429 1463 1508 1482 verus
1532 1455 1611 1482 Deus.
1628 1456 1685 1482 Non
1701 1456 1747 1490 qui

962 1500 1071 1532 dicitur,
1087 1500 1134 1527 sed
1146 1500 1169 1527 is
1186 1501 1231 1534 qui
1244 1505 1285 1527 est
1300 1510 1306 1527 :
1324 1508 1374 1527 non
1387 1507 1419 1526 ex
1439 1501 1480 1527 his
1494 1508 1553 1535 qum
1569 1501 1682 1528 dicimus
1699 1501 1748 1528 iin-

112 1548 182 1575 '-lem
200 1548 256 1583 (92)
271 1549 497 1582 comprehendere
515 1548 575 1581 quis
591 1552 679 1582 potest
694 1554 722 1574 ut
735 1547 824 1574 norit?
843 1547 910 1574 Sunt
924 1546 946 1577 (Ξ
962 1545 1042 1578 gitur,
1068 1546 1115 1571 sed
1135 1546 1206 1579 quod
1220 1549 1262 1571 est
1276 1546 1441 1579 agnoscitur.
1467 1545 1545 1572 Pater
1567 1546 1638 1572 cnim
1659 1553 1748 1581 neque

130 1595 223 1629 itaque
241 1594 362 1629 quaedam
380 1594 458 1620 nobis
473 1593 594 1625 dicenda,
612 1598 673 1620 sunt
697 1597 723 1620 et
735 1594 856 1627 quaedam
876 1592 912 1619 si-

130 1642 212 1669 lentio
227 1642 346 1668 colenda.
368 1641 436 1668 Sunt
455 1640 575 1674 qumdam
592 1640 618 1666 in
637 1640 754 1673 cogitatu
769 1638 910 1671 movenda,

130 1691 192 1715 sunt
211 1686 331 1720 quaedam
342 1690 369 1713 et
382 1687 552 1712 veneratione
569 1693 621 1712 non
636 1686 777 1713 movenda.
797 1684 865 1711 Sunt
877 1684 911 1711 de

129 1733 225 1767 quibus
247 1732 373 1759 convenit
396 1731 452 1766 sapi
474 1740 480 1757 :
503 1736 564 1758 sunt
588 1735 615 1757 et
637 1731 669 1757 de
691 1730 787 1765 quibus
806 1735 911 1765 oportet

129 1778 231 1812 paveri.
243 1777 314 1804 Sunt
331 1785 390 1811 quas
401 1782 512 1810 possunt
531 1776 621 1810 lingua
635 1776 807 1810 interpretari
825 1785 830 1803 :
849 1781 911 1803 sunt

128 1829 156 1850 et
175 1831 233 1857 qua}
246 1827 358 1857 possunt
376 1822 500 1856 religiose
520 1822 613 1848 taceri.
635 1822 719 1848 Dicito
739 1828 816 1854 sane,
836 1822 910 1849 Unus

129 1869 200 1897 Deus
213 1877 226 1894 a
242 1876 295 1903 quo
319 1872 381 1895 sunt
397 1868 495 1898 omnia,
511 1873 538 1894 et
560 1867 646 1894 nullus
659 1868 755 1902 poterit
768 1867 910 1901 reprehen-

129 1916 201 1942 dere.
217 1914 244 1941 Si
259 1919 346 1941 autem
357 1918 384 1940 et
396 1912 595 1947 reprehenderit
607 1913 675 1947 quis,
690 1921 740 1939 non
755 1918 779 1939 te
790 1913 835 1939 sed
849 1920 909 1939 cum

123 1960 174 1995 -qui
189 1960 307 1994 scripsit.
325 1959 352 1986 Si
373 1964 461 1985 autem
476 1965 502 1986 et
522 1958 632 1985 Paulum
645 1958 689 1992 qui
707 1959 814 1991 scripsit
830 1957 909 1983 audet

128 2007 190 2040 quis
203 2006 410 2040 reprehendere,
425 2013 478 2031 non
494 2005 614 2036 Paulum,
631 2004 676 2031 sed
697 2012 756 2030 eum
773 2004 816 2037 qui
837 2011 907 2030 sem-

127 2058 176 2085 per
194 2051 220 2077 iu
236 2058 297 2077 eutn
318 2049 374 2084 (95)
393 2051 496 2076 locutus
518 2054 560 2076 est
578 2049 701 2076 Christus
725 2048 906 2082 reprehendit.

130 2096 158 2123 Si
170 2100 259 2122 autem
271 2094 370 2122 Christi
386 2095 466 2121 verba
483 2094 678 2128 reprehendere
691 2092 750 2126 quis
761 2092 841 2118 fuerit
860 2100 909 2118 ati-

129 2150 185 2174 sus,
200 2142 257 2176 ipse
269 2141 337 2167 dixit
351 2140 474 2167 Christus
498 2149 505 2167 :
523 2140 587 2172 Qua:
611 2147 656 2173 ego
674 2139 766 2173 loquor
782 2146 833 2164 non
847 2141 907 2163 sunt

127 2196 195 2220 mea,
216 2187 260 2214 sed
272 2186 353 2213 Pater
368 2187 410 2221 qui
422 2187 490 2213 misit
508 2194 558 2218 me,
573 2186 626 2219 ipse
641 2185 755 2219 loquitur
769 2192 863 2218 perime
873 2184 905 2209 θ’.

129 2233 234 2260 Etenim
252 2239 338 2266 neque
358 2232 470 2266 gentiles
487 2239 589 2263 sumus,
610 2238 696 2265 nequc
708 2230 804 2262 Judaei,
822 2237 908 2264 neque

129 2279 259 2307 haeretici.
279 2278 399 2306 Gentiles
415 2279 484 2305 enim
502 2286 552 2305 non
572 2285 674 2310 sumus,
695 2277 758 2311 quia
775 2284 826 2303 non
842 2276 908 2303 dici-

129 2333 188 2352 mus
200 2325 274 2357 deos.
289 2324 371 2351 Judmi
385 2331 436 2350 non
449 2331 551 2355 sumus,
564 2324 624 2357 quia
638 2329 664 2350 et
674 2323 810 2351 Christum
824 2323 906 2349 Deum

128 2369 296 2397 conﬁtemur.
323 2367 447 2395 llaaretici
464 2372 553 2394 autem
570 2368 628 2394 ideo
649 2376 700 2394 non
724 2375 827 2399 sumus,
845 2368 906 2401 quia

128 2414 290 2441 conﬁtemur
304 2414 383 2440 istum
404 2420 462 2440 esse
477 2413 522 2447 qui
544 2412 627 2444 venit,
643 2420 722 2446 quem
739 2411 907 2446 praeveniens

131 2459 212 2487 Vetus
226 2459 427 2486 Testamentum
449 2466 495 2493 per
510 2460 653 2492 prophetas
675 2457 829 2491 prtedicavit
845 2464 908 2483 vcn-

128 2509 229 2532 turum.
251 2504 279 2531 Si
295 2504 355 2538 quis
370 2504 440 2530 enim
458 2503 573 2530 noluerit
592 2502 676 2534 litem,
703 2509 769 2536 opus
786 2510 837 2528 non
857 2504 907 2528 ha-

129 2551 184 2579 bet.
206 2550 254 2578 Est
268 2551 388 2585 quadam
419 2549 547 2577 dubitatio
578 2549 646 2575 inter
672 2548 768 2575 fratres
793 2557 799 2574 :
822 2548 908 2582 primo

128 2604 191 2623 cum
209 2596 340 2623 charitate
356 2600 502 2630 quaeratur,
515 2600 545 2621 ut
557 2595 626 2621 inter
643 2593 748 2620 fratres.
765 2593 821 2620 Non
837 2594 907 2620 enim

130 2642 306 2670 dissensionis
329 2647 369 2668 est
389 2642 457 2668 Deus
479 2645 526 2667 aut
551 2641 607 2672 irae,
626 2641 670 2667 scd
692 2639 766 2673 pacis
781 2640 803 2655 ⁹¹
821 2648 828 2666 :
845 2639 908 2673 quia

961 1601 993 1620 ex
1009 1593 1071 1624 alio,
1084 1601 1170 1627 neque
1184 1601 1230 1627 per
1251 1594 1342 1627 alium,
1359 1602 1445 1628 neque
1465 1594 1546 1626 aliud,
1563 1596 1609 1622 sed
1632 1596 1690 1629 ipse
1704 1599 1747 1622 est

961 1640 1007 1672 qui
1019 1644 1069 1666 est.
1090 1639 1170 1667 Forte
1186 1640 1258 1667 enim
1283 1645 1309 1667 et
1323 1649 1355 1667 ex
1374 1640 1518 1674 semetipso
1534 1645 1561 1667 et
1581 1648 1628 1675 per
1645 1645 1746 1668 semet-

961 1686 1046 1719 ipsum
1059 1695 1066 1719 ;
1080 1686 1156 1713 nobis
1171 1686 1368 1721 quodammodo
1385 1687 1548 1714 conveniens
1561 1691 1603 1714 est
1617 1694 1706 1714 sermo
1717 1691 1746 1713 ut

962 1731 1077 1759 dicatur.
1098 1731 1216 1759 Necdum
1246 1737 1335 1759 tamen
1357 1732 1402 1758 illa
1426 1732 1618 1766 interpretatur
1638 1737 1744 1758 natura.

960 1775 1014 1802 Nos
1024 1776 1096 1802 enim
1109 1781 1136 1802 ut
1149 1784 1201 1803 non
1219 1781 1354 1804 taceamus
1365 1777 1425 1804 ideo
1438 1777 1561 1803 dicimus.
1576 1777 1643 1810 Quid
1654 1782 1745 1804 autem

960 1825 1001 1847 est
1015 1820 1086 1847 Deus
1105 1828 1158 1847 non
1176 1820 1384 1855 interpretamur
1398 1829 1405 1847 :
1423 1820 1487 1854 quid
1501 1819 1572 1847 enim
1594 1820 1689 1846 horum
1704 1820 1745 1845 in-

962 1866 1119 1900 terpretatio
1137 1870 1178 1893 est
1195 1865 1254 1898 Dei,
1273 1866 1330 1893 sine
1346 1866 1433 1897 initio,
1455 1873 1507 1891 non
1526 1869 1615 1896 natus,
1634 1865 1744 1891 immor-

961 1912 1032 1945 talis,
1051 1913 1232 1946 incorruptus,
1248 1911 1434 1943 immutabilis,
1451 1910 1606 1942 immobilis,
1623 1910 1743 1936 inacces—

960 1958 1056 1990 sibilis,
1073 1947 1273 1989 inenarrabilis,
1299 1956 1598 1991 incomprehensibilis?
1615 1955 1666 1982 Per
1687 1955 1744 1981 haec

959 2011 1023 2038 ergo
1038 2004 1126 2031 omnia
1153 2011 1206 2030 non
1221 2008 1261 2030 est
1275 2003 1378 2030 dictum
1402 2003 1465 2037 quid
1483 2007 1534 2034 est,
1548 2003 1593 2029 sed
1608 2001 1671 2036 quid
1690 2008 1742 2027 non

959 2055 1001 2077 est
1023 2058 1030 2077 :
1050 2050 1123 2076 velut
1148 2050 1170 2077 si
1183 2050 1244 2084 quis
1259 2049 1433 2083 interpretari
1450 2056 1503 2075 non
1521 2048 1655 2075 suilicicns
1672 2047 1743 2081 quod

959 2099 1001 2121 est
1022 2095 1121 2128 lumen,
1147 2095 1219 2121 dicat
1234 2095 1305 2128 quod
1321 2102 1373 2121 non
1391 2098 1432 2121 est
1450 2094 1632 2119 tenebrosum.
1650 2091 1744 2118 Dicere

959 2146 1048 2168 autem
1062 2141 1131 2175 quod
1145 2141 1313 2167 tenebrosum
1330 2143 1443 2172 nonest,
1461 2146 1513 2165 non
1531 2137 1617 2165 soluat
1633 2144 1684 2163 non
1696 2144 1744 2163 ex-

960 2187 1047 2214 hibuit
1058 2192 1183 2213 naturam
1200 2186 1320 2217 luminis,
1338 2186 1383 2212 sed
1399 2189 1426 2212 et
1440 2185 1524 2219 magis
1542 2185 1657 2218 ipsarum
1673 2187 1742 2208 lene—

959 2233 1068 2259 brarum
1088 2236 1211 2258 naturam
1229 2231 1348 2265 negavit.
1370 2229 1531 2257 Immortalis
1545 2228 1616 2254 enim
1633 2227 1739 2259 dicitur,

958 2278 1020 2311 quia
1037 2285 1088 2304 non
1101 2278 1242 2309 morietur,
1259 2282 1285 2304 ct
1299 2278 1469 2310 incorruptus
1484 2275 1546 2309 quia
1560 2281 1611 2301 non
1624 2280 1742 2300 corrum-

959 2323 1039 2357 pitur.
1054 2321 1113 2349 Non
1135 2328 1223 2354 natus,
1245 2322 1290 2356 qui
1303 2322 1408 2348 initium
1425 2328 1477 2347 non
1492 2319 1581 2346 habet.
1600 2317 1661 2344 Huic
1679 2324 1740 2343 om-

958 2368 1000 2394 nia
1017 2375 1068 2394 non
1085 2367 1149 2402 quid
1166 2372 1207 2394 est
1226 2367 1295 2394 Dens
1311 2366 1387 2397 dicit,
1411 2365 1458 2392 sed
1483 2364 1545 2398 quid
1561 2371 1613 2389 non
1625 2367 1676 2391 est.
1699 2361 1738 2389 ita

958 2421 1006 2448 per
1023 2420 1054 2440 ea
1071 2421 1130 2448 quze
1147 2414 1262 2440 dicimus
1281 2413 1340 2439 sine
1356 2410 1578 2445 interpretatione
1597 2416 1657 2435 eum
1672 2415 1739 2435 con-

956 2460 1072 2488 ﬁtemur.
1091 2459 1120 2486 Si
1138 2459 1284 2486 dixerimus
1299 2464 1359 2485 eum
1373 2458 1474 2484 fontem
1492 2455 1626 2486 veritatis,
1643 2461 1740 2481 nomen

957 2505 1096 2532 veritatem
1108 2512 1161 2532 non
1175 2504 1293 2531 exhibet.
1315 2502 1367 2529 Sed
1381 2503 1443 2536 quia
1456 2509 1509 2528 non
1522 2501 1650 2527 habemus
1668 2499 1739 2532 quod

955 2550 1088 2583 dicamus,
1110 2558 1143 2577 ex
1171 2550 1213 2576 his
1236 2556 1296 2583 quae
1321 2549 1451 2575 habemus
1470 2547 1603 2577 dicamus,
1627 2545 1739 2571 mutuati

956 2595 1051 2622 alienis
1068 2594 1221 2622 nominibus
1240 2593 1296 2629 (95)
1313 2595 1413 2620 utimur
1431 2601 1437 2618 ς
1460 2592 1518 2618 fons
1530 2591 1600 2618 enim
1614 2589 1734 2622 agnosci~

958 2645 1001 2667 tur
1020 2641 1090 2667 unde
1106 2645 1157 2672 est,
1173 2639 1242 2667 Deus
1257 2644 1346 2665 autem
1366 2645 1418 2665 non
1437 2637 1518 2664 habet
1532 2636 1617 2667 unde;
1634 2639 1661 2660 et
1680 2633 1740 2660 fons

164 2735 186 2751 ⁸⁷
198 2735 251 2763 lsa.
264 2743 323 2768 Litt,
336 2735 364 2763 8.
401 2734 424 2751 ⁸⁸
440 2733 449 2760 l
461 2734 523 2762 Cor.
536 2740 595 2767 vm,
607 2738 633 2761 υ.
670 2731 692 2749 ⁸’
707 2730 802 2759 Matth.
816 2740 856 2765 ιι,
868 2732 911 2760 27.

963 2734 973 2749 °
990 2732 1054 2760 ibid.
1092 2732 1113 2748 ⁹¹
1125 2732 1203 2760 Joan.
1216 2739 1265 2764 xu,
1278 2731 1323 2758 49.
1361 2731 1383 2746 ⁹¹
1395 2731 1406 2757 1
1418 2729 1481 2757 Cor.
1501 2736 1556 2760 xw,
1569 2728 1614 2755 3'5.

175 2793 219 2827 92)
237 2792 421 2827 Principalem,
435 2792 594 2828 dpxéruarov.

177 2826 220 2863 95)
236 2828 268 2855 In
275 2826 345 2862 eum,
361 2835 409 2861 pro
421 2826 498 2856 mea.
519 2827 540 2854 ll
553 2827 615 2863 Cor.
629 2834 687 2858 xm,
701 2826 732 2853 ιε
743 2826 786 2863 fin
802 2827 905 2863 experi-

126 2861 243 2905 pne'ntum
257 2863 375 2898 queritis
388 2863 444 2898 ejus
460 2863 503 2899 qui
517 2863 543 2890 in
555 2870 594 2891 me
606 2862 721 2897 (aquilur
737 2861 874 2889 Christus?

1003 2791 1048 2826 94)
1062 2790 1111 2818 Ms.
1123 2790 1157 2826 Et
1173 2789 1252 2816 Pater
1264 2794 1312 2826 est,
1328 2794 1355 2826 ut
1366 2788 1441 2815 dicis.

1003 2791 1048 2826 94)
1062 2791 1111 2818 Ms.
1123 2791 1157 2817 Et
1173 2791 1252 2816 Pater
1264 2794 1312 2819 est,
1328 2794 1355 2815 ut
1366 2791 1441 2815 dicis.

992 2791 1047 2863 {95)
1063 2826 1112 2855 Ms.
1128 2825 1257 2854 Mutuatis
1271 2824 1363 2852 alienis
1376 2821 1533 2850 nominibus.
