2024 3208
291 186 358 213 1065

638 182 769 210 EUSEBll
789 180 1022 210 CESARIENSIS
1039 182 1115 211 OPP.
1136 182 1225 210 PARS
1243 182 1289 211 IV.
1309 197 1343 203 —
1361 181 1572 210 DOGMATICA.

1837 181 1906 208 ιθδι

287 248 392 271 meatus
405 249 484 277 supra
501 245 603 268 meatus
615 240 737 272 ctTnnJit,
752 240 821 268 Deus
833 245 922 267 autem
935 241 960 267 in
973 241 1070 276 eoipso
1084 244 1108 271 Α
1121 249 1200 276 quem
1220 246 1283 269 sunt
1303 245 1410 269 cum-ta.
1432 240 1488 267 Non
1503 245 1543 268 est
1557 248 1637 267 unum
1656 248 1688 268 ex
1712 240 1847 272 omnibus,
1861 243 1905 268 sed

285 290 357 324 quod
373 293 414 316 est
431 290 541 314 manet:
561 294 646 318 neque
658 287 728 314 enim
747 294 797 313 vox
810 287 974 314 conveniens
991 288 1069 314 inve-

286 336 370 368 nitur,
385 341 471 367 neque
493 333 661 367 comparatio
683 332 842 366 perveniens
858 333 891 359 ad
907 333 979 359 illam
993 338 1071 359 Italtl-

287 387 343 407 ram
357 388 365 407 :
380 380 426 407 sed
439 385 467 406 ut
479 387 530 406 non
544 384 679 405 taceamus
690 377 847 411 colligentes
857 386 916 413 qua:
924 378 1070 411 habemus;

285 434 345 452 cum
362 431 450 452 autem
467 424 558 452 omnia
572 424 730 455 dixerimus,
750 429 813 451 tunc
831 424 993 452 conﬁtemur
1008 425 1070 459 quia

282 480 344 507 qua:
357 472 473 499 dicimus
499 471 565 498 nihil
591 469 717 497 dillerunt
736 478 751 497 a
773 471 967 498 taciturnitate.
991 471 1072 499 Pater

283 526 318 545 ex
332 526 365 546 eo
390 517 547 552 agnoscitur
568 516 652 552 ﬁgura
668 517 740 551 quod
756 521 798 544 est
818 524 871 544 non
886 522 974 545 natus.
996 516 1072 545 Unus

282 565 354 591 enim
367 569 407 591 est
423 563 489 597 ipse,
505 563 551 598 qui
568 567 673 590 nonest
691 563 724 589 ab
739 562 793 590 alio
816 572 822 590 :
841 571 910 590 unus
928 568 969 591 est
981 565 1026 599 qui
1037 571 1072 592 ex

282 617 315 636 eo
328 609 398 644 quod
412 616 464 636 non
477 614 554 636 natus
569 613 610 635 est
621 609 786 644 agnoscitur.
800 608 858 636 Non
875 608 959 637 frater
969 609 1004 642 ei,
1019 617 1072 637 non

282 655 364 682 Pater
378 654 479 687 Patris,
504 655 551 682 sed
578 654 724 689 singularis
749 659 846 682 natura
870 660 933 682 est:
958 659 984 682 ει
999 655 1026 682 in
1040 662 1071 682 ea

283 702 355 736 quod
374 709 425 728 non
443 706 524 728 natus
542 706 592 734 est,
607 707 670 727 vere
683 700 757 728 solus
773 701 938 733 ostenditur,
955 709 1008 728 non
1023 709 1072 728 na-

284 753 328 776 tus
348 747 450 775 Pater:
475 748 509 774 ab
535 747 585 774 hoc
606 754 671 774 sane
689 755 742 774 non
766 752 832 775 nato
853 752 979 774 manente
999 747 1073 781 quod

284 799 326 822 est
351 793 495 825 indivisus,
522 793 664 827 inscissus,
692 793 858 828 impartitus,
888 793 1071 828 impassibilis,

283 840 441 876 unigenitus
459 845 502 867 est
517 838 601 866 Filius
617 845 697 867 natus
711 848 718 866 :
733 847 820 874 neque
830 839 899 867 alius
909 845 1014 868 estnon
1030 847 1074 867 na-

284 891 338 918 tus,
363 893 450 921 neque
469 885 536 913 alius
562 885 735 921 unigenitus;
762 887 809 914 sed
829 894 899 913 unus
920 893 972 914 non
996 891 1074 914 natus

283 931 375 966 Pater,
391 937 419 959 et
435 940 505 959 unus
519 931 673 966 unigenitus
682 932 776 960 Filius.
792 932 853 959 Hmc
865 940 917 960 non
929 941 977 960 nos
993 933 1074 960 extol-

283 977 352 1011 lunt,
377 977 506 1004 memoria
522 977 594 1004 illius
618 978 688 1005 beati
706 978 767 1004 viri.
780 977 894 1005 ‘Utinam
922 984 1010 1006 autem
1038 979 1073 1006 ita

283 1023 384 1056 possim
401 1022 500 1055 dicere,
513 1027 543 1049 ut
557 1022 695 1049 vobiscum
709 1030 816 1057 semper
827 1024 860 1050 ab
874 1024 969 1050 eodem
982 1024 1074 1051 audie-

283 1067 355 1094 bam.
379 1067 432 1095 Sed
455 1075 487 1094 ea
500 1075 559 1103 quae
578 1076 650 1095 nunc
663 1068 802 1100 dicuntur,
820 1069 857 1095 illi
874 1069 972 1104 placita
992 1069 1074 1097 fuisse

284 1113 420 1140 videntur.
443 1113 533 1141 Gloria
554 1114 626 1141 enim
638 1120 680 1142 est
692 1114 838 1150 proborum
854 1123 994 1142 servorum
1008 1123 1072 1143 vera

283 1158 316 1186 de
331 1158 444 1186 Domino
457 1158 567 1186 dicere:
582 1163 610 1186 et
625 1159 710 1187 ltOltOl‘
721 1167 815 1186 eorum
829 1166 935 1195 patrum
947 1161 992 1194 qui
1004 1160 1074 1188 bene

284 1204 446 1237 docuerunt,
458 1205 480 1232 si
497 1210 655 1240 repetantur
669 1214 763 1233 eorum
781 1207 919 1233 doctrinm.
934 1206 1009 1234 Unus
1020 1207 1072 1242 igi-

284 1255 330 1278 tur
349 1255 391 1278 est
407 1259 461 1278 non
477 1257 556 1278 natus
569 1251 640 1279 Deus
658 1261 665 1279 :
685 1259 763 1279 serva
780 1251 834 1287 (96)
851 1260 902 1279 non
916 1257 996 1280 natus
1009 1260 1070 1280 cum

285 1297 376 1331 Patre,
393 1302 421 1325 et
437 1305 490 1325 non
502 1298 614 1326 habebis
626 1299 653 1326 in
669 1299 760 1326 anima
772 1299 956 1326 confusionem
971 1306 1071 1327 :serva

285 1343 440 1378 unigenitus
459 1350 519 1370 cum
534 1342 610 1376 Filio,
624 1348 650 1370 et
664 1350 716 1370 non
731 1343 892 1376 turbaberis,
919 1350 1006 1377 neque
1014 1343 1071 1377 jam

284 1389 340 1416 cris
352 1389 471 1416 incertus
490 1389 716 1423 quemadmodum
732 1389 802 1416 Deus
825 1394 852 1415 et
869 1388 949 1422 Deus,
967 1395 995 1416 et
1016 1397 1070 1417 non

288 1433 346 1461 Dei.
366 1433 435 1466 Quia
463 1434 535 1461 enim
554 1434 653 1460 retines
665 1441 734 1460 unus
752 1433 823 1460 Deus
844 1441 896 1460 non
925 1439 1016 1467 natus,
1042 1439 1071 1462 et

286 1485 355 1505 unus
369 1478 439 1505 Deus
453 1477 625 1512 unigenitus;
641 1478 700 1506 ideo
712 1486 764 1506 non
776 1479 824 1511 dii,
836 1479 899 1514 quia
914 1487 1003 1514 neque
1016 1487 1069 1508 non

286 1524 356 1556 nati,
372 1530 459 1558 neque
479 1524 607 1558 unigeniti
625 1533 632 1551 :
652 1531 731 1551 serva
755 1524 869 1559 ﬁguram
887 1532 940 1552 non
956 1525 1020 1557 nati,
1042 1531 1070 1554 et

1089 915 1110 942 Β

284 1569 414 1597 conﬁtere
429 1569 541 1605 ﬁguram
556 1570 700 1605 unigeniti,
726 1575 753 1597 et
772 1571 842 1597 nulla
868 1571 973 1599 turbela
986 1578 1026 1599 est
1041 1573 1068 1599 in
1083 1587 1104 1616 ε

287 1616 387 1648 medio,
404 1624 456 1643 non
471 1616 514 1649 lis,
532 1624 584 1644 non
607 1617 756 1650 contentio,
771 1625 825 1645 non
838 1618 966 1653 jurg’ium.
990 1618 1072 1646 Pater

288 1668 341 1688 ncn
355 1661 406 1689 sibi
421 1661 534 1689 ascribit
557 1661 665 1689 Patrem
686 1670 694 1691 ι
713 1662 799 1690 Filius
812 1671 882 1691 unus
895 1663 946 1691 sibi
963 1665 1074 1692 ascribit

287 1705 394 1734 Patrem
412 1717 418 1735 :
434 1707 515 1736 Pater
526 1716 541 1735 a
561 1708 636 1736 nullo
650 1714 703 1742 est,
720 1708 804 1737 Filius
819 1711 852 1737 ab
866 1718 919 1738 uno
931 1715 972 1737 est
983 1710 1072 1738 Patre.

287 1752 344 1780 Non
360 1755 508 1789 suscipiunt
523 1755 579 1782 haec
591 1755 676 1788 litem,
688 1760 734 1782 aut
745 1755 846 1783 habent
861 1755 1072 1784 dubitationem:

288 1799 321 1827 Ut
336 1807 493 1836 cognoscant
511 1806 534 1828 te
555 1801 639 1829 solum
656 1810 743 1829 verum
769 1802 853 1830 Deum
866 1803 889 1818 ⁹³
906 1812 912 1830 :
936 1812 988 1831 non
1010 1804 1074 1839 quia

287 1855 340 1874 non
353 1855 415 1875 vere
424 1852 466 1875 est
480 1847 632 1882 unigenitus
644 1847 729 1876 Filius
739 1848 797 1881 Dei,
813 1850 860 1877 sed
872 1850 934 1885 quia
945 1857 960 1876 a
977 1855 1074 1877 semet-

286 1892 353 1927 ipso,
368 1898 395 1920 et
416 1901 449 1920 ex
465 1893 619 1928 semetipso,
634 1898 661 1921 ει
681 1901 729 1928 per
741 1895 924 1930 semetipsum,
943 1895 966 1922 si
985 1900 1074 1922 tanien

286 1940 322 1966 ita
337 1939 390 1966 dici
403 1940 482 1967 debet
497 1949 503 1966 :
520 1939 581 1967 fons
592 1945 619 1967 et
632 1939 794 1974 principium
806 1941 927 1968 omnium
943 1941 1073 1968 bonorum

286 1990 327 2012 est
347 1984 436 2017 Pater,
452 1985 497 2020 qui
516 1986 608 2020 genuit
626 1985 704 2013 talem
719 1986 815 2013 bonam
841 1987 1004 2022 progeniem.
1022 1987 1075 2013 Bo~

288 2039 338 2057 nus
350 2032 421 2057 enim
440 2030 523 2058 Filius
535 2038 587 2063 est.
599 2031 646 2059 sed
658 2032 728 2059 cedit
743 2032 890 2060 bonitatem
906 2041 955 2059 suo
973 2034 1075 2068 genito-

287 2076 322 2107 ri,
337 2083 388 2102 non
401 2076 534 2104 mentiens
544 2077 590 2104 sed
601 2077 688 2104 sciens
699 2077 769 2105 unde
780 2081 830 2104 est.
846 2077 909 2104 Sine
924 2078 1056 2112 principio
1067 2089 1073 2106 :

285 2121 450 2156 principium
466 2127 554 2149 autem
568 2122 628 2149 dico
646 2130 698 2150 non
715 2128 874 2158 temporum,
893 2131 944 2150 non
964 2124 1074 2152 saeculo-

288 2174 346 2194 rum
360 2175 367 2200 ;
385 2167 443 2194 haec
460 2167 532 2194 enim
545 2175 593 2202 per
609 2167 706 2195 Filium
723 2168 794 2196 facta
809 2175 882 2200 sunt,
901 2174 928 2196 et
945 2178 998 2196 non
1012 2177 1073 2197 cum

286 2213 356 2241 Filio
387 2218 449 2240 nata
477 2222 484 2239 :
514 2220 567 2240 non
598 2217 704 2240 tantum
740 2213 812 2240 enim
843 2222 897 2241 non
932 2218 994 2242 ante
1029 2214 1075 2242 Fi-

286 2259 351 2287 lium
370 2280 380 2294 ,
405 2264 433 2286 ιιι
457 2259 481 2286 si
508 2259 587 2286 aliter
613 2258 678 2293 quid
709 2259 882 2287 introducere
912 2267 973 2286 cum
1003 2259 1071 2288 Filio

286 2306 422 2337 volueris,
449 2312 502 2332 non
529 2304 647 2332 salvebis
685 2304 851 2339 unigenitum
869 2326 876 2338 ,
917 2307 964 2333 scd
1000 2306 1071 2334 sicut

286 2351 366 2379 Pater
382 2351 455 2379 solus
479 2358 532 2378 non
556 2356 636 2378 natus
658 2356 711 2384 est,
734 2356 762 2378 et
792 2351 814 2378 si
843 2351 944 2379 dixeris
971 2351 1069 2380 Filium

285 2405 338 2424 non
367 2402 469 2430 natum,
489 2396 650 2432 periclitaris
682 2397 716 2424 de
739 2404 773 2424 eo
800 2398 871 2432 quod
898 2398 965 2426 dicis
990 2407 998 2424 ;
1032 2398 1071 2426 ita

287 2443 310 2471 si
337 2444 400 2478 quid
424 2444 621 2478 computaveris
637 2451 699 2470 cum
725 2443 873 2478 unigenito,
889 2445 952 2479 quid
979 2444 1071 2480 loque-

287 2490 325 2518 ris
338 2490 455 2525 ignoras.
476 2488 550 2516 Unus
561 2480 633 2516 enim
649 2495 692 2516 est
708 2497 761 2516 non
779 2494 868 2523 natus,
885 2495 912 2517 et
928 2490 981 2518 noli
996 2498 1070 2526 qua:-

286 2543 347 2563 rere
359 2536 440 2562 alium
467 2543 520 2562 non
549 2541 640 2562 natum
660 2544 667 2563 :
687 2543 756 2563 unus
780 2537 945 2571 unigenitus,
966 2542 994 2565 et
1016 2537 1070 2565 noli

286 2589 406 2615 qumrere
414 2581 500 2608 alium
514 2580 620 2614 Filium,
636 2589 669 2608 ne
685 2582 866 2617 interrumpas
879 2583 1042 2617 unigenitum
1061 2592 1068 2610 :

287 2626 439 2661 unigenitus
453 2627 524 2654 enim
543 2634 594 2654 non
617 2631 658 2654 est
682 2635 765 2655 unum
780 2635 813 2655 ex
827 2629 941 2661 cunctis,
956 2628 1004 2656 sed
1023 2636 1071 2664 per

1088 2252 1110 2280 D

1121 295 1168 322 per
1178 295 1258 322 quem
1271 292 1335 314 sunt
1356 288 1447 314 omnia
1462 296 1468 314 :
1486 287 1544 321 ipse
1555 294 1569 313 a
1583 286 1660 314 Patre
1684 286 1767 314 habet
1781 287 1852 321 quod
1867 293 1906 315 est

1121 334 1206 361 haeres
1224 342 1231 360 :
1247 341 1298 360 non
1313 338 1353 360 est
1370 342 1402 360 ex
1419 334 1585 360 hmreditate.
1599 333 1748 361 Couscssor
1759 340 1812 360 non
1823 339 1863 360 est
1874 341 1906 360 ex

1121 379 1224 415 angelis
1240 379 1285 414 qui
1302 380 1420 412 adstant,
1446 387 1532 413 neque
1551 387 1584 407 ex
1606 379 1776 414 archangelis
1795 388 1802 406 :
1827 379 1905 411 iudex

1121 426 1240 453 omnium
1256 434 1307 453 non
1319 431 1361 453 est
1378 434 1446 454 unus
1461 434 1494 454 ex
1509 426 1550 453 his
1570 426 1615 460 qui
1631 425 1797 460 jndicantur.
1815 425 1854 452 Ne
1868 430 1907 451 at-

1123 474 1215 501 trahas
1235 480 1359 502 naturam
1379 482 1440 510 qua:
1462 482 1513 501 non
1531 475 1645 505 accedit,
1669 481 1756 508 neque
1775 473 1920 510 pervenit.i

1122 519 1206 552 Quem
1220 528 1252 547 ex
1273 520 1324 547 hoc
1340 520 1468 548 debemus
1482 528 1559 547 nosse
1572 529 1578 553 ;
1599 520 1662 554 quia
1678 519 1863 554 unusquisque
1874 522 1905 546 ex‘

1124 566 1166 592 his
1187 574 1247 600 qua:
1268 566 1342 598 dicit,
1374 572 1420 594 ant
1448 566 1606 601 sibimetipsi
1627 566 1735 601 prodest
1754 571 1801 593 aut
1825 565 1914 592 laadin

1123 611 1177 639 Res
1197 612 1268 639 enim
1284 620 1315 640 ex
1333 613 1433 640 nostris
1459 612 1625 640 sermonibus
1646 620 1697 639 non
1719 611 1903 639 transferetur.

1123 657 1190 691 Quia
1205 658 1285 693 igitur
1302 657 1386 686 Judaei
1402 665 1453 685 non
1476 658 1637 685 conﬁtentur
1652 657 1759 688 Filium,
1779 664 1834 684 non
1848 657 1905 684 ideo

1124 712 1176 731 non
1190 709 1229 731 est
1243 703 1336 731 Filius.
1354 703 1487 731 Judicabit
1506 704 1577 731 enim
1589 710 1635 730 eos
1647 703 1693 738 qui
1707 710 1760 730 non
1777 702 1906 730 conﬁtenm

1125 755 1168 777 tur
1180 757 1242 777 eum
1257 758 1266 776 :
1280 749 1342 783 quia
1359 750 1466 784 quidem
1487 756 1584 776 novum
1598 748 1667 776 istud
1682 748 1853 783 sacrilegium
1865 748 1904 774 in-

1125 796 1301 824 troduxerunt
1313 797 1444 828 dicentes,
1469 796 1594 823 eumdem
1616 795 1702 830 ipsum
1717 802 1778 822 esse
1798 794 1904 822 Patrem

1125 850 1203 877 quem
1216 848 1243 870 et
1257 842 1355 869 Filium
1372 851 1379 869 :
1399 850 1486 875 neque
1501 841 1606 869 Patrem
1618 841 1724 868 Patrem
1742 841 1843 873 dicent,
1861 848 1905 868 ne-

1126 894 1177 922 que
1188 887 1284 914 Filium
1300 886 1398 914 Filium
1411 896 1418 914 :
1438 887 1484 914 sed
1499 887 1645 914 secundum
1660 887 1778 920 ipsorum
1793 886 1904 913 sacrile-

1124 934 1195 968 gium
1208 932 1273 960 nihil
1284 940 1404 966 prorsus.
1416 932 1444 959 Si
1453 933 1524 959 enim
1536 931 1615 959 Pater
1626 939 1678 959 non
1690 937 1732 959 est
1742 931 1833 965 Pater,
1845 932 1904 966 quia

1124 978 1181 1012 ipse
1195 982 1236 1005 est
1252 983 1278 1005 et
1291 976 1384 1009 Filius,
1407 982 1436 1004 ut
1457 977 1506 1011 ipsi
1521 976 1693 1012 ﬂagitantur;
1713 981 1741 1003 et
1756 975 1841 1003 Filius
1854 983 1903 1003 non

1123 1024 1219 1055 Filius,
1230 1024 1292 1058 quia
1307 1024 1363 1058 ipse
1378 1028 1419 1050 est
1432 1022 1512 1050 Pater
1527 1032 1533 1049 :
1548 1029 1630 1058 prope
1643 1026 1685 1049 est
1706 1026 1734 1048 ut
1749 1022 1842 1049 dicant
1861 1029 1903 1048 ne-

1123 1077 1175 1105 que
1189 1069 1296 1097 Patrem
1309 1076 1380 1100 esse,
1397 1076 1484 1103 neque
1498 1067 1595 1095 Filium
1612 1076 1619 1094 :
1635 1071 1664 1094 ut
1679 1075 1760 1094 unum
1775 1066 1849 1094 enim
1866 1067 1904 1094 fa-

1121 1116 1194 1144 ciunt
1209 1116 1280 1151 quod
1295 1123 1347 1143 non
1365 1115 1404 1142 tit.
1422 1114 1488 1148 Quis
1501 1115 1572 1141 enim
1591 1113 1690 1149 poterit
1701 1112 1794 1140 audire
1819 1113 1904 1147 ipsum

1122 1170 1151 1191 se
1162 1162 1213 1190 sibi
1229 1169 1289 1190 esse
1311 1161 1439 1189 Patrem?
1458 1161 1518 1196 quis
1543 1161 1641 1196 poterit
1657 1159 1764 1187 Patrem
1778 1159 1866 1195 ipsum
1879 1167 1905 1187 se

1121 1209 1174 1237 sibi
1191 1216 1251 1237 esse
1275 1207 1391 1236 Filium?
1417 1206 1444 1235 Si
1469 1207 1542 1234 enim
1568 1207 1676 1234 voluero
1694 1211 1798 1233 mutare
1816 1213 1905 1234 vocem

1122 1263 1219 1288 meam,
1237 1263 1289 1282 non
1305 1259 1423 1282 mutatur
1435 1258 1552 1281 vestrum
1566 1252 1740 1288 propositum.
1754 1251 1849 1279 Nonne
1861 1259 1905 1286 pu—

1122 1303 1185 1329 tatis
1197 1309 1239 1328 me
1256 1301 1343 1328 aliena
1365 1300 1456 1334 loqui?
1469 1299 1563 1327 Dicam
1578 1306 1643 1334 ergo
1653 1298 1733 1326 Pater
1749 1305 1802 1325 non
1816 1297 1904 1329 Pater,

1121 1351 1149 1374 et
1161 1345 1247 1373 Filius
1267 1353 1319 1373 non
1333 1344 1428 1372 Filius.
1447 1343 1514 1371 Nam
1527 1349 1554 1371 et
1572 1343 1594 1370 si
1606 1343 1710 1376 dixero,
1728 1344 1785 1377 ipse
1798 1342 1850 1369 sibi
1867 1347 1906 1370 est

1120 1391 1210 1425 Pater,
1225 1396 1251 1419 et
1263 1392 1319 1426 ipse
1328 1391 1378 1418 sibi
1391 1395 1432 1418 est
1447 1390 1546 1422 Filius;
1561 1397 1649 1417 nonne
1663 1389 1800 1417 insaniam
1814 1390 1905 1417 statim

1120 1437 1272 1473 signiﬁcant
1284 1445 1423 1465 sermones
1442 1436 1513 1464 mei?
1529 1436 1575 1463 sed
1591 1443 1633 1463 me
1653 1443 1706 1462 non
1725 1440 1830 1462 tantum
1849 1443 1906 1462 mo-

1120 1488 1202 1511 veant
1217 1483 1358 1510 adversum
1381 1490 1428 1510 eos
1442 1481 1487 1516 qui
1501 1481 1636 1512 dixerunt,
1663 1484 1794 1514 quantum
1818 1485 1906 1508 movet

1119 1533 1146 1555 et
1160 1527 1290 1555 adversus
1305 1534 1353 1554 eos
1368 1527 1414 1562 qui
1441 1526 1579 1561 patiuntur
1600 1534 1606 1551 :
1619 1525 1820 1553 calumniantur
1835 1526 1905 1552 enim

1121 1573 1155 1600 ab
1178 1572 1272 1600 iisdem
1297 1576 1325 1599 et
1351 1571 1504 1606 Scriptum.
1533 1569 1589 1604 Ego
1609 1578 1618 1596 :
1634 1574 1695 1597 tene
1708 1569 1774 1605 Ego,
1790 1574 1819 1596 et
1832 1577 1906 1597 serva

1123 1618 1339 1653 coniunctionem
1361 1627 1367 1644 :
1387 1616 1443 1652 Ego
1461 1622 1486 1644 et
1509 1616 1589 1642 Pater
1607 1624 1687 1643 tutum
1701 1624 1791 1643 sumus
1802 1617 1837 1643 ".
1851 1615 1905 1643 Non

1123 1669 1213 1692 tamen
1236 1672 1288 1691 non
1310 1671 1415 1690 sumus.
1441 1663 1581 1690 Contraria
1603 1663 1675 1690 enim
1704 1663 1907 1697 importunitate

1124 1709 1201 1744 plena
1216 1713 1287 1736 sunt.
1312 1708 1396 1735 Filius
1420 1709 1494 1740 dicit,
1522 1708 1592 1743 Ego;
1610 1709 1653 1736 ille
1667 1708 1741 1740 dicit,
1765 1707 1824 1735 Non
1842 1715 1904 1742 ego:

1123 1754 1207 1782 Filius
1224 1754 1299 1786 dicit,
1313 1759 1340 1781 et
1364 1753 1458 1786 Pater;
1483 1753 1528 1780 ille
1540 1754 1614 1785 dicit,
1635 1761 1686 1780 non
1701 1753 1790 1781 Pater.
1809 1754 1904 1786 Unum,

1126 1801 1221 1836 inquit,
1237 1808 1344 1832 sumus;
1363 1804 1390 1827 et
1403 1799 1446 1827 ille
1463 1804 1568 1832 contra,
1583 1807 1635 1827 non
1652 1807 1754 1828 sumus.
1779 1801 1833 1827 Aut
1845 1801 1906 1835 quid

1124 1847 1254 1881 scriptum
1268 1850 1308 1873 est
1320 1845 1332 1872 ?
1344 1850 1391 1872 aut
1406 1845 1470 1880 quid
1484 1846 1624 1873 delemus?
1637 1851 1683 1873 aut
1694 1846 1757 1880 quid
1774 1846 1906 1882 legimus?

1124 1897 1170 1920 aut
1185 1892 1249 1928 quid
1263 1892 1449 1927 agnoscimus?
1463 1892 1517 1927 Ego
1534 1892 1560 1919 in
1576 1891 1656 1920 Patre
1678 1897 1704 1920 et
1714 1892 1794 1920 Pater
1814 1893 1840 1920 in
1855 1901 1904 1920 tne.

1125 1938 1183 1966 Non
1199 1943 1287 1966 tatnen
1301 1939 1362 1974 quia
1379 1945 1465 1973 neque
1479 1946 1538 1973 ego,
1559 1946 1645 1973 neque
1657 1938 1737 1966 Pater
1752 1949 1757 1966 ι
1779 1939 1907 1973 quemad-

1125 1985 1233 2013 modum
1254 1989 1344 2012 autem
1368 1983 1447 2012 Pater
1465 1985 1491 2011 in
1518 1983 1596 2016 Filio.
1621 1989 1647 2011 et
1662 1983 1746 2012 l-‘ilius
1774 1984 1801 2012 in
1818 1984 1906 2017 Patre,

1125 2030 1241 2058 maxime
1251 2030 1360 2064 quidem
1371 2037 1420 2056 cur
1431 2030 1513 2056 audes
1526 2029 1666 2063 quaerere?
1679 2030 1701 2057 is
1709 2029 1781 2056 enim
1795 2030 1841 2064 qui
1854 2029 1905 2064 (97)

1124 2081 1166 2103 est
1179 2077 1205 2103 in
1221 2083 1252 2103 eo
1267 2075 1312 2110 qui
1336 2080 1386 2108 est,
1414 2082 1465 2102 non
1483 2075 1545 2109 quia
1560 2082 1610 2102 non
1632 2075 1840 2111 εςνάνυπάρχει
1854 2085 1861 2104 :
1875 2084 1906 2104 an

1125 2122 1187 2156 quia
1202 2129 1253 2148 non
1266 2126 1305 2149 est
1321 2121 1402 2149 Pater
1416 2127 1445 2149 ut
1460 2121 1495 2148 sit
1516 2122 1549 2158 in.
1559 2121 1625 2149 Filio
1636 2121 1808 2157 ἀνυπάρχειῖ
1823 2131 1908 2158 neque

1125 2176 1178 2196 non
1192 2173 1233 2196 est
1247 2168 1330 2196 Filius
1345 2168 1390 2202 qui
1406 2172 1447 2195 est
1463 2168 1488 2195 in
1505 2168 1587 2196 Patre
1601 2168 1746 2203 signiﬁcat.
1769 2169 1907 2203 Siquidem

1125 2218 1153 2241 et
1170 2213 1283 2248 apostoli
1299 2213 1440 2240 duodecim
1455 2220 1536 2240 unum
1552 2218 1625 2245 sunt,
1641 2217 1669 2240 et
1683 2214 1865 2248 septuaginta,
1882 2219 1907 2240 et

1124 2260 1274 2295 quingenti,
1297 2264 1324 2286 et
1350 2263 1404 2286 tota
1423 2258 1540 2286 Ecclesia
1564 2267 1656 2285 unum.
1676 2258 1708 2285 Et
1722 2266 1756 2285 ne
1772 2264 1852 2294 putes
1867 2266 1908 2287 me

1124 2307 1156 2334 ad
1175 2306 1291 2333 humana
1305 2305 1439 2333 deducere
1453 2306 1543 2332 divina
1563 2313 1570 2331 :
1587 2305 1634 2332 sed
1649 2305 1748 2332 utimur
1767 2312 1908 2340 compara-

1124 2352 1243 2379 tionibus
1261 2359 1322 2379 cum
1347 2351 1512 2386 indulgentia
1533 2351 1602 2386 apud
1626 2350 1734 2384 fratres,
1756 2356 1783 2378 ει
1801 2355 1907 2379 maneat

1125 2399 1195 2426 Deus
1216 2403 1246 2425 ut
1267 2404 1317 2425 est.
1336 2398 1438 2425 Tamen
1457 2398 1479 2425 si
1505 2397 1654 2425 dixerimus
1681 2397 1905 2431 quemadmodum

1121 2444 1208 2471 omnis
1226 2443 1344 2471 Ecclesia
1361 2451 1421 2478 quae
1444 2444 1544 2477 ubique
1566 2449 1619 2477 est,
1635 2451 1717 2471 unum
1733 2451 1832 2478 corpus
1849 2449 1904 2476 est;

1121 2490 1209 2518 nullus
1228 2489 1409 2524 reprehendat
1426 2498 1433 2516 :
1458 2489 1520 2523 quia
1544 2497 1595 2516 non
1614 2490 1745 2516 mentitur
1776 2491 1846 2517 Deus
1861 2490 1905 2524 qui

1121 2535 1188 2563 dixit
1203 2545 1210 2562 :
1226 2534 1283 2570 Ego
1298 2536 1326 2562 in
1342 2537 1415 2570 ipsis,
1430 2541 1453 2562 at
1465 2541 1492 2563 tu
1504 2537 1530 2562 in
1542 2545 1581 2562 me
1591 2536 1625 2563 ".
1642 2535 1698 2563 Non
1712 2532 1776 2570 quia
1789 2537 1905 2571 abnega-

1122 2584 1222 2609 tionem
1239 2581 1327 2609 Patris
1351 2582 1492 2617 irreligiosi
1520 2590 1657 2610 sermones
1683 2583 1793 2615 docent,
1822 2590 1904 2617 neque

1122 2629 1192 2663 quod
1208 2636 1261 2656 non
1277 2629 1314 2656 sit
1338 2629 1361 2656 is
1373 2629 1418 2664 qni
1433 2630 1535 2665 genuit,
1563 2637 1650 2664 neque
1670 2630 1838 2664 spretionem
1850 2629 1904 2663 ejus

321 2685 344 2700 "
354 2685 429 2712 Joau.
448 2692 514 2717 xvn,
531 2684 574 2711 l5.
612 2684 635 2699 “
649 2683 728 2712 Joan.
743 2692 770 2717 Χ,
785 2684 831 2712 30.
869 2685 892 2701 ³⁸
904 2683 983 2712 Joan.
996 2692 1066 2717 xvn,
1081 2684 1126 2711 25.

322 2751 377 2794 (9b)
393 2761 482 2787 Serva.
495 2760 721 2796 Τήρειηοὸεενυα.
738 2762 792 2788 Aut
806 2761 887 2789 etiam
907 2766 989 2793 tuere.
1008 2762 1070 2788 reti-

287 2803 328 2855 πῖ.
344 2796 427 2830 Supra
442 2796 488 2822 ltb.
505 2803 529 2822 t:
546 2796 580 2823 In
598 2797 727 2831 principio
741 2802 808 2830 erat,
824 2805 898 2824 serva
914 2797 983 2831 quod
1000 2802 1066 2830 erat,

287 2837 302 2855 e
316 2837 338 2855 c.

287 2837 338 2856 etc.

323 2864 379 2902 (97)
396 2865 420 2892 ιε
433 2869 501 2894 enim
519 2868 573 2902 qui.
596 2866 706 2893 Videtur
720 2866 770 2902 hoc
792 2866 859 2894 velle
873 2874 881 2894 :
901 2868 923 2894 is
937 2867 1004 2894 enim
1024 2867 1069 2901 qui

285 2903 323 2925 est
333 2900 358 2928 in
369 2909 398 2929 eo
410 2903 454 2930 (uti
466 2908 514 2931 est.
525 2900 578 2930 non
588 2903 644 2929 ideo
655 2901 815 2938 ἁνυπάργει,
827 2902 874 2930 Ιιυσ
886 2908 934 2934 εει.
948 2910 998 2930 non
1010 2900 1068 2930 ideo

1121 2770 1173 2799 non
1196 2763 1323 2790 subsistit.
1340 2763 1382 2799 Att
1397 2763 1454 2790 ideo
1474 2761 1553 2790 Pater
1570 2763 1730 2799 ἀνυπάρχξι.
1753 2771 1804 2790 non
1821 2763 1902 2799 salui-

1122 2798 1177 2831 stit,
1186 2799 1248 2833 quia
1261 2805 1299 2825 est
1318 2799 1346 2825 in
1359 2797 1430 2825 Filio
1439 2800 1452 2827 2
1467 2799 1570 2834 Ιέιὶιιινγ
1582 2797 1668 2834 neque:
1679 2797 1767 2834 Filius
1783 2798 1902 2834 ἀνυπάρτ

1121 2841 1174 2868 χει,
1187 2841 1238 2860 nou
1249 2834 1374 2865 subsistit,
1386 2834 1449 2868 quia
1461 2839 1497 2860 est
1512 2834 1539 2860 in
1554 2833 1641 2868 Patre.
1658 2833 1776 2868 Respicit
1793 2835 1827 2860 ad
1841 2833 1901 2860 illud

1121 2868 1198 2895 Joan.
1217 2875 1237 2899 ι,
1252 2868 1295 2902 18,
1310 2875 1336 2898 et
1353 2867 1408 2904 xiv,
1422 2868 1466 2904 10,
1483 2870 1513 2897 lt
1527 2877 1534 2896 :
1549 2867 1630 2897 Pater
1645 2868 1672 2896 in
1689 2876 1728 2895 me
1745 2874 1794 2901 est,
1812 2876 1837 2898 et
1856 2878 1900 2906 ego

1121 2904 1148 2930 in
1161 2902 1250 2930 Patre.

1120 2911 1148 2930 ιιι
1161 2908 1250 2931 Patre.
