2024 3208
167 163 238 196 I065

592 165 637 194 DE
655 164 734 195 FIDE
752 166 939 196 ADVERSUS
955 165 1163 197 SABELLIUM.
1184 183 1217 188 ——
1237 168 1303 197 LIB.
1320 169 1351 197 ll.

1730 174 1799 204 1068

166 223 213 258 qui
232 226 275 249 est
289 221 406 257 genitus.
424 221 476 249 Sed
492 222 515 250 si
531 230 584 250 non
600 229 642 250 est
656 224 752 253 Filius.
774 231 799 252 et
822 226 958 260 quomodo
973 229 996 256 Α
1012 231 1123 260 propter
1140 231 1276 254 naturam.
1307 227 1345 254 Ex
1368 227 1478 264 Virgine
1498 230 1524 256 in
1553 232 1705 259 novissimis
1727 238 1797 261 tem-

166 273 231 296 sunt
248 276 279 295 ea
293 275 353 302 quin
368 276 415 302 per
434 268 531 295 Filium
543 268 612 296 facta
629 276 691 296 sttnt
703 271 714 297 ?
727 270 783 298 Non
799 277 840 298 est
855 271 957 299 Filius:

165 317 193 339 et
206 320 266 346 quae
280 317 321 338 est
335 313 415 344 spes?
431 312 486 339 Non
500 318 542 340 est
567 315 612 348 qui
625 315 730 349 judicat
747 325 755 343 :
773 321 800 342 et
828 317 960 351 quemad-

166 358 274 386 modum
289 358 441 392 judicium?
454 359 511 386 Non
523 365 564 387 est
575 361 620 395 qui
636 366 749 388 coronat
763 371 770 389 :
785 368 812 389 et
825 364 959 397 quontodo

166 403 293 431 labores?
308 404 353 432 Est
378 413 447 432 unus
462 414 541 440 quem
563 407 652 434 nnllns
671 409 775 442 genuit,
792 414 819 436 ct
834 410 959 443 unigeni-

166 454 209 477 tns
225 458 304 484 quem
321 459 389 477 untts
404 453 506 486 genuit.
522 452 623 480 Gennit
639 462 705 481 sane
731 455 935 489 impassibiliter
949 465 957 483 ς

165 503 219 524 ιιοιι
234 502 264 524 ιιι
283 505 344 531 nos,
370 499 415 525 sed
437 503 466 525 ιιι
488 499 531 525 ille
549 508 555 526 :
581 508 633 527 non
650 506 678 527 ιιι
695 501 791 535 plantae
813 510 873 537 qua:
889 504 958 538 apud

165 550 214 570 nos
226 548 301 575 sunt,
315 551 366 570 non
384 550 413 571 ut
427 545 523 577 fontes,
539 555 590 573 ιιυιι
610 552 638 573 ιιι
652 547 689 574 sol
707 557 713 574 :
735 548 800 575 nihil
816 550 887 576 enim
907 551 956 576 ho-

165 597 225 616 rum
245 598 305 624 qum
324 590 368 617 hic
381 595 454 624 sunt,
474 592 650 625 interpretari
667 593 739 620 illam
755 596 956 629 generationem

165 640 288 670 possunt.
302 635 415 663 Omnem
433 637 505 664 enim
523 638 655 664 tttrbelam
674 639 801 667 humana:
814 648 955 675 compara-

164 682 252 709 tiones
261 682 371 714 faciunt,
381 691 440 710 cuin
453 684 597 717 accipimus
606 692 656 711 nou
671 685 766 712 similia
778 687 810 713 ad
821 688 956 722 interpre-

165 728 292 754 tationem
307 735 399 755 eorutn
415 736 474 763 qua:
489 729 658 764 interpretari
677 738 730 757 non
754 737 876 766 possunt.
895 733 956 761 ldeo

164 772 240 807 lites,
257 774 318 801 ideo
339 781 434 809 pugna:
455 782 613 803 nascuntur.
636 776 663 803 Si
687 783 776 804 autent
793 780 956 807 tacuerimus

164 826 195 845 ea
212 827 271 853 quae
287 828 367 854 supra
383 828 475 848 vocent
496 827 569 853 sunt,
585 828 613 849 et
633 823 781 851 dixerimus
807 826 953 859 possibilia,

164 865 280 892 cessabit
296 865 403 892 bellum.
424 866 492 900 Quid
519 875 584 901 ergo
601 868 722 896 dicemus
741 870 753 896 ?
775 870 807 898 In
825 873 954 907 principia

162 916 217 936 erat
235 910 358 939 Verbum.
374 912 440 946 Quis
456 914 543 941 adhuc
559 915 657 948 poterit
672 917 797 951 jurgari?
813 918 878 945 Nam
891 925 917 946 et
931 921 952 947 si

160 955 298 990 jurgalur,
313 965 364 984 non
392 959 438 985 lilii
454 960 500 986 sed
514 959 622 993 Joanni,
648 967 674 989 et
692 965 792 997 pectori
817 964 923 993 Domini
939 975 953 993 τι

162 1009 216 1036 quo
230 1003 320 1031 hausit
331 1003 458 1033 Joannes.
481 1006 550 1039 Quid
563 1008 692 1042 relinquis
705 1017 735 1036 ea
752 1018 811 1045 qum
824 1017 885 1038 sunt
896 1012 954 1040 sine

164 1049 292 1082 periculo,
310 1055 336 1077 et
361 1051 387 1078 in
402 1051 530 1079 ﬂuctibus
555 1059 748 1088 tempestatum
776 1058 954 1090 periclitaris?

163 1094 221 1122 Noli
236 1097 326 1123 dicere
342 1102 397 1130 tua,
415 1103 442 1125 et
457 1099 546 1126 nullus
563 1105 588 1126 te
601 1101 701 1135 arguit.
717 1102 803 1129 Dicito
817 1111 876 1138 qua:
891 1106 953 1132 scri‘

164 1146 208 1176 pta
223 1148 297 1175 sunt,
315 1149 341 1170 et
361 1145 450 1171 nullus
471 1151 495 1172 te
518 1148 691 1180 reprehendit
709 1158 716 1175 :
734 1150 841 1177 etiamsi
863 1158 954 1186 repte-

163 1189 298 1222 hetuleril,
317 1192 491 1224 semetipsum
523 1193 621 1226 potius,
640 1200 667 1221 ct
691 1203 743 1221 non
763 1200 799 1222 te.
816 1196 866 1229 Qui
881 1198 951 1224 enim

161 1234 253 1262 divina
274 1237 456 1270 reprehendit,
471 1238 561 1266 divina
585 1241 693 1274 quidem
711 1250 763 1269 non
780 1243 895 1277 delebit;
911 1252 953 1271 se-

162 1281 305 1314 metipsum
322 1283 437 1310 alienum
462 1293 476 1311 a
496 1285 594 1313 divinis
613 1288 771 1315 constituet.
801 1289 898 1322 Dicito,
919 1291 952 1318 In

160 1327 290 1362 principio
317 1335 372 1355 erat
395 1329 516 1365 Verbum,
545 1336 573 1359 et
606 1333 794 1369 relinquuntur
820 1341 950 1370 tempora.

165 1373 264 1406 Dicito,
280 1374 313 1401 In
331 1376 460 1411 principio
471 1382 538 1410 erat,
550 1383 577 1405 et
593 1379 721 1407 deﬁciunt
735 1381 841 1409 saacula.
855 1382 950 1415 Dicito,

162 1417 196 1446 1η
214 1420 344 1454 principio
362 1429 430 1454 erat,
448 1428 476 1449 et
497 1424 562 1450 nihil
578 1433 638 1452 cum
663 1427 721 1460 ipso
743 1432 802 1455 erat
822 1427 949 1456 Verbum.

162 1464 229 1497 Quia
251 1473 316 1499 ergo
338 1471 394 1493 erat
410 1467 512 1495 dictum
542 1473 594 1502 est,
620 1478 653 1497 tte
677 1476 755 1505 putes
771 1480 864 1500 vocetn
881 1481 951 1500 :vox

161 1511 245 1544 enim.
269 1519 324 1539 erat
341 1521 393 1541 non
408 1515 536 1550 suscipiet
560 1525 567 1543 :
586 1518 608 1544 si
626 1518 736 1552 quidem
756 1527 816 1546 cntn
843 1521 949 1551 dicitur,

163 1562 226 1584 tunc
242 1558 366 1587 efﬁcitur.
391 1559 484 1595 Neque
506 1563 578 1589 enim
609 1570 753 1598 antequam
772 1565 877 1592 dicatur
898 1572 948 1597 est,
964 1577 985 1606 ρ

160 1610 249 1638 neque
263 1610 354 1639 postea
383 1613 462 1640 quam
488 1607 569 1634 fuerit
589 1609 671 1641 dicta,
698 1614 754 1636 erat
773 1610 863 1638 habet.
881 1611 948 1644 Quia

160 1657 226 1685 ergo
242 1656 310 1685 erat,
335 1661 386 1679 non
403 1660 454 1680 vox
479 1659 530 1687 est,
547 1656 593 1681 sed
620 1655 737 1682 Verbum
763 1665 771 1683 :
791 1657 869 1690 quale
884 1657 949 1684 Ver-

160 1694 244 1722 bum?
270 1696 298 1723 Si
325 1705 379 1724 non
394 1699 462 1725 dixit.
482 1697 610 1732 Joannes,
625 1709 777 1735 qtucramus
799 1702 841 1729 :si
861 1708 948 1729 autem

162 1742 239 1775 dixit,
261 1744 325 1777 quid
345 1745 513 1779 quicrenms?
533 1745 567 1773 Et
584 1747 663 1780 Deus,
684 1748 781 1783 inquit,
804 1754 861 1775 erat
883 1748 949 1775 νει·-

161 1789 232 1816 bum.
249 1789 287 1817 Tu
303 1791 370 1818 dicis
382 1799 485 1825 vocem,
501 1792 619 1820 Joannes
638 1799 726 1820 autem
748 1795 796 1825 ait,
811 1801 865 1821 erat
887 1794 949 1821 Ver-

162 1835 233 1862 bum.
255 1836 288 1863 Et
302 1837 323 1863 si
339 1837 382 1863 ille
396 1838 504 1870 dixerit,
522 1838 554 1865 Et
575 1838 683 1865 Verbum
702 1845 756 1866 erat
769 1841 839 1873 apud
857 1840 948 1873 Deum,

163 1884 192 1907 tu
206 1881 273 1908 dicis
286 1882 311 1909 in
325 1882 388 1915 Deo,
402 1888 429 1910 et
445 1891 499 1910 non
510 1885 580 1917 apud
596 1884 688 1911 Deum.
702 1884 736 1911 Ut
753 1886 823 1911 enim
836 1886 881 1917 sit,
898 1894 948 1912 non

160 1932 252 1955 tamen
270 1933 299 1955 ut
317 1929 451 1964 cogitatus
476 1931 511 1956 sit
528 1939 535 1957 :
554 1937 641 1964 neque
662 1931 759 1957 iterum
781 1936 809 1957 ut
824 1939 884 1961 vox,
903 1932 949 1958 sed

159 1972 245 2001 Filius
262 1982 270 2001 :
286 1982 335 2001 vox
352 1975 423 2002 enini
447 1975 527 2002 habet
545 1976 641 2003 fratres
660 1977 731 2003 ιιιιεί
757 1978 828 2003 enim
848 1978 893 2012 qui
911 1978 949 2004 di-

159 2025 257 2047 cuntur
271 2028 411 2048 sermones
424 2022 559 2056 prioribus
573 2022 662 2048 verbis
680 2022 848 2049 suntfratrcs
866 2032 872 2049 :
891 2023 949 2049 nni-

158 2066 266 2100 gettitus
277 2071 366 2093 atttetu
383 2075 435 2093 non
451 2068 564 2102 suscipit
581 2067 688 2094 fratres.
707 2067 773 2094 Nam
790 2072 817 2095 et
832 2069 853 2094 si
870 2073 948 2094 vocat

157 2112 266 2143 fratres.
282 2113 508 2147 nuncupationem
529 2114 620 2140 donat.
638 2113 667 2141 Si
681 2119 772 2140 autem
790 2118 816 2140 et
832 2114 947 2140 coha-rc-

158 2157 205 2184 des
218 2165 322 2189 sumus,
338 2166 390 2184 non
411 2164 515 2185 natura:
531 2159 578 2185 sed
599 2158 693 2192 gloria!
716 2159 864 2193 accipimus
878 2158 944 2194 (98).

157 2204 198 2232 Ad
211 2204 283 2231 illam
297 2204 369 2232 enim
393 2210 517 2231 naturam
534 2212 619 2239 neque
641 2204 785 2238 pervenies
799 2210 838 2235 tu,
860 2212 947 2239 neque

1011 272 1130 306 poribus,
1158 279 1191 299 ex
1218 272 1272 299 Deo
1297 278 1359 300 ante
1386 275 1494 302 saecula.
1523 277 1559 303 Ex
1585 275 1704 313 Virgine,
1736 287 1796 307 cum

1011 317 1184 351 hominibus;
1211 325 1244 345 ex
1265 318 1319 346 Dco
1339 324 1428 347 autem
1453 327 1516 348 ante
1535 329 1639 350 omnes.
1668 323 1729 351 Istic
1752 332 1797 352 er-

1010 370 1044 397 go
1059 368 1086 389 el
1103 364 1329 398 dispensationem
1349 366 1492 399 confitere,
1515 373 1542 395 et
1561 372 1685 396 naturam
1708 371 1798 398 delere

1011 409 1073 442 noli,
1094 418 1142 437 nec
1163 411 1319 445 exstinguas
1340 413 1387 439 tibi
1414 412 1502 441 lumen
1521 413 1569 449 (l).
1596 414 1624 442 Si
1647 416 1754 449 quidem
1770 422 1797 444 et

1010 447 1054 488 qni
1070 455 1162 483 oculos
1176 456 1305 484 claudunt
1320 466 1393 492 suos,
1416 467 1467 486 non
1492 459 1580 488 lumen
1608 463 1794 496 exstinguuut,

1009 503 1055 529 sed
1068 503 1116 537 ipsi
1132 503 1231 531 lumine
1244 513 1296 531 non
1315 505 1449 532 frnttutur.
1467 505 1532 532 Nam
1547 512 1573 534 et
1588 507 1610 535 si
1622 508 1682 543 quis
1704 508 1795 536 lumen

1009 556 1103 575 verum
1118 557 1170 576 non
1192 549 1273 577 fuerit
1297 551 1450 584 confessus,
1474 560 1525 579 non
1551 553 1614 579 illud
1638 554 1719 587 delet,
1748 556 1795 582 sed

1009 594 1065 627 ipse
1082 601 1171 622 manet
1182 596 1208 622 in
1224 598 1352 624 tenebris.
1377 599 1413 625 Ita
1438 600 1508 626 enim
1530 599 1587 634 ipse
1604 601 1686 629 Filius
1702 602 1768 629 dicit
1786 612 1793 630 :

1009 640 1060 672 Qui
1076 649 1127 668 non
1156 643 1296 669 crediderit
1317 644 1342 670 in
1363 643 1472 677 Filium,
1493 654 1543 672 non
1566 647 1673 678 videbit,
1689 648 1734 675 sed
1754 648 1794 675 ira

1007 686 1056 713 Dei
1068 693 1154 714 manet
1172 697 1250 723 super
1261 690 1344 720 ipsum
1359 690 1392 718 ".
1406 692 1470 724 Quae
1490 692 1546 718 ira?
1566 692 1610 720 illa
1627 694 1719 729 utique
1736 703 1796 729 qua:

1008 732 1042 759 ab
1055 732 1142 761 initio.
1161 734 1211 767 Qui
1227 735 1299 762 enim
1324 744 1377 763 non
1402 737 1545 765 conﬁtetur
1566 747 1626 766 eum
1650 748 1697 774 per
1715 748 1794 776 quem

1008 784 1151 806 revocatur
1170 781 1314 814 sententia,
1330 783 1385 816 ipse
1404 777 1545 811 adversum
1560 792 1589 812 se
1605 785 1691 820 ipsum
1717 795 1795 814 revo-

1006 829 1050 850 cat
1069 826 1241 852 sententiam.
1257 827 1365 862 Negotia
1386 829 1458 855 enitn
1475 837 1599 865 separata
1623 832 1723 860 habent
1744 841 1794 860 ua-

1007 873 1094 896 turam
1113 879 1119 897 :
1135 872 1218 899 nostri
1238 878 1327 900 autem
1339 874 1470 908 cogitatus
1488 875 1623 910 accipiunt
1642 877 1793 911 fructum,a

1006 916 1121 944 veritate
1131 918 1240 952 quidem
1256 919 1348 950 vitam,
1365 927 1378 946 a
1392 921 1533 948 mendacio
1550 927 1639 949 autem
1655 931 1750 951 noxam
1765 930 1794 952 et

1005 962 1192 996 perditionem.
1210 964 1237 990 Si
1254 965 1314 999 quis
1330 965 1402 992 enitn
1425 967 1590 1001 percusserit
1611 974 1691 1003 caput
1713 969 1792 998 suum

1005 1008 1037 1034 ad
1057 1013 1170 1043 petram,
1186 1016 1261 1044 petra
1277 1011 1385 1045 quidem
1406 1012 1462 1046 ipsa
1479 1018 1579 1046 manet,
1602 1020 1683 1048 caput
1700 1021 1790 1043 autem

1005 1052 1039 1079 ab
1054 1053 1207 1088 insipientia
1229 1056 1327 1089 accipit
1343 1056 1458 1090 plagam,
1480 1057 1549 1085 forte
1563 1063 1652 1085 autem
1670 1064 1697 1087 et
1719 1061 1792 1094 peri—

1006 1099 1106 1126 cnlmn.
1130 1100 1199 1127 Dicit
1228 1109 1294 1129 sane
1321 1107 1348 1129 et
1376 1098 1520 1136 Apostolus
1547 1112 1554 1130 :
1579 1102 1791 1132 Fundamentum

1003 1145 1077 1172 aliud
1087 1154 1160 1173 nemo
1173 1152 1257 1182 potest
1266 1156 1362 1182 ponere
1385 1155 1480 1183 praeter
1493 1159 1550 1176 eum
1570 1151 1615 1185 qui
1632 1157 1668 1178 est
1689 1153 1791 1186 positu:

1003 1189 1122 1218 Christus
1147 1192 1224 1219 Jesus
1245 1194 1286 1227 "_;
1319 1200 1346 1221 et
1371 1195 1465 1222 iterum
1491 1206 1497 1224 :
1523 1195 1602 1224 Petra
1631 1204 1718 1225 autem
1735 1204 1791 1226 erat

1002 1236 1154 1264 Christus‘.
1178 1238 1206 1265 Si
1224 1238 1257 1266 ad
1281 1240 1360 1266 istatn
1387 1246 1490 1274 petram
1516 1248 1597 1277 caput
1623 1245 1790 1278 percusseris

1003 1287 1086 1313 tuum.
1105 1283 1218 1311 scissum
1233 1289 1274 1311 est
1290 1287 1360 1321 qtiod
1383 1287 1489 1314 volebas
1504 1297 1511 1315 :
1533 1289 1555 1316 si
1572 1295 1660 1316 autent
1681 1291 1789 1320 confes-

1002 1336 1049 1356 sus
1064 1329 1148 1356 fueris
1165 1331 1266 1363 lumen,
1283 1331 1394 1359 habebis
1416 1334 1487 1367 quod
1504 1335 1654 1364 conﬁteris.
1672 1336 1700 1363 Si
1716 1337 1788 1364 enim

1001 1374 1113 1408 apostoli
1130 1376 1291 1409 quibusd.un
1308 1378 1414 1411 quidem
1430 1378 1497 1406 odor
1511 1380 1606 1408 ntortis
1622 1382 1655 1408 ad
1672 1386 1786 1408 mortem

1002 1424 1074 1451 sunt,
1088 1420 1250 1454 quibusdatn
1269 1427 1358 1448 autent
1380 1423 1447 1449 odor
1469 1425 1530 1450 vita:
1546 1425 1580 1452 ad
1599 1426 1696 1458 vitam;
1715 1427 1736 1453 si
1751 1426 1788 1453 illi

1001 1464 1046 1498 qui
1067 1472 1115 1497 per
1134 1465 1270 1493 Christum
1293 1467 1332 1493 sal
1356 1472 1429 1498 sunt.
1452 1473 1477 1495 et
1505 1471 1550 1504 qui
1578 1478 1625 1505 per
1652 1471 1789 1500 Christum

1002 1510 1142 1537 luminaria
1160 1511 1322 1544 efﬁciuntur,
1343 1513 1376 1539 ad
1397 1520 1509 1541 ntortem
1533 1521 1560 1542 et
1584 1517 1617 1543 ad
1640 1517 1722 1544 vitam
1747 1518 1790 1545 his

1001 1557 1045 1591 qui
1066 1558 1178 1584 credunt
1191 1563 1218 1584 et
1233 1559 1277 1592 qui
1302 1567 1353 1586 ιιοιι
1377 1561 1492 1587 credunt
1516 1562 1651 1590 habentur
1665 1573 1672 1591 :
1688 1571 1790 1599 quanto

1003 1602 1086 1636 magis
1105 1603 1126 1630 is
1147 1604 1191 1637 qui
1213 1604 1324 1631 donavit
1348 1606 1404 1633 hare
1426 1607 1580 1635 hominibus
1598 1608 1741 1637 Christus?
1760 1610 1789 1637 Si

1000 1648 1068 1681 quis,
1092 1648 1189 1683 inquit,
1217 1657 1259 1676 vos
1279 1658 1330 1676 non
1355 1652 1506 1686 susceperit,
1537 1659 1657 1680 exeuntes
1678 1656 1789 1682 excutit:

1001 1694 1130 1725 pulverem
1151 1698 1183 1721 de
1202 1696 1310 1730 pedibus
1325 1697 1416 1723 vestris
1436 1705 1446 1724 .'
1467 1698 1629 1726 tolerabilius
1649 1701 1717 1727 enim
1737 1702 1788 1728 erit

1001 1744 1078 1765 terrm
1101 1740 1278 1768 Sodomorum
1294 1743 1321 1769 in
1343 1743 1384 1769 die
1400 1743 1505 1777 iudicii,
1527 1754 1605 1780 quant
1625 1747 1722 1773 civitati
1747 1748 1788 1775 illi

999 1793 1057 1819 quw
1066 1793 1107 1811 vos
1122 1794 1172 1812 non
1187 1787 1294 1821 suscipit
1309 1788 1353 1822 qui
1366 1796 1382 1814 α
1397 1797 1437 1815 me
1453 1790 1526 1816 missi
1541 1791 1602 1816 estis
1617 1792 1635 1817 '.
1652 1793 1678 1819 Si
1697 1799 1786 1821 autem

1001 1832 1062 1865 quis
1074 1831 1159 1865 ipsum
1177 1841 1228 1859 non
1242 1834 1391 1867 susceperit
1404 1835 1540 1861 Christum
1560 1846 1565 1862 :
1586 1839 1649 1870 quid
1668 1838 1690 1865 si
1703 1841 1785 1866 etiam

1002 1885 1053 1903 non
1068 1878 1153 1903 solum
1169 1885 1221 1904 ιιοιι
1238 1879 1398 1913 susceperit,
1412 1881 1459 1908 sed
1480 1882 1635 1911 interimere
1653 1885 1788 1914 voluerit?

1001 1922 1021 1948 si
1033 1930 1114 1949 ausus
1129 1924 1189 1957 quis
1209 1923 1288 1950 fuerit
1300 1924 1400 1954 dicere.
1415 1927 1476 1959 quia
1495 1927 1553 1954 sine
1566 1927 1633 1956 Filio
1648 1936 1690 1957 est
1702 1930 1783 1964 Deus,

1000 1972 1045 1994 aut
1060 1968 1120 2001 quia
1148 1968 1206 1995 sine
1229 1968 1309 1996 Patre
1333 1975 1375 1996 est
1400 1970 1504 1998 Filius?
1531 1972 1592 2000 llaec
1617 1974 1688 2001 enim
1713 1983 1786 2004 nunc

999 2012 1107 2046 quidam
1131 2013 1331 2040 calumniantur
1352 2016 1484 2048 dicentes,
1510 2018 1573 2052 quia
1589 2019 1646 2053 ipse
1667 2021 1718 2048 sibi
1744 2027 1786 2050 est

999 2057 1089 2088 Pater,
1107 2056 1164 2091 ipse
1177 2063 1220 2084 est
1233 2064 1259 2085 ct
1273 2058 1366 2092 bilius,
1382 2065 1410 2087 et
1420 2069 1473 2088 nou
1494 2068 1536 2089 est
1557 2062 1650 2092 Filius.
1670 2065 1698 2093 Si
1713 2066 1784 2094 enim

998 2102 1079 2130 Pater
1091 2103 1145 2139 ipse
1157 2104 1208 2130 sibi
1227 2110 1268 2131 est
1283 2111 1374 2140 pater,
1398 2116 1449 2134 non
1466 2114 1509 2135 est
1532 2108 1622 2143 Pater,
1646 2113 1708 2147 quia
1729 2114 1787 2148 ipse

997 2148 1047 2175 sibi
1073 2155 1099 2175 et
1127 2150 1196 2177 lilius
1226 2157 1275 2181 est.
1301 2157 1329 2178 ul.
1348 2153 1432 2180 aiunt.
1456 2154 1585 2183 Ludimus
1608 2157 1635 2183 in
1659 2158 1780 2186 divinis:

997 2192 1192 2220 irrationabilia
1205 2195 1277 2221 enim
1297 2196 1347 2222 ista
1364 2205 1396 2223 ne
1411 2197 1519 2232 quidem
1533 2200 1608 2233 parvi
1624 2202 1784 2235 suscipiunt.

157 2250 228 2277 unus
247 2251 393 2285 ρετνευίει.
413 2250 491 2277 Sicut
506 2237 583 2278 enin;
596 2237 677 2278 p3,“.
695 2251 804 2283 “mium,
819 2256 846 2278 ει
865 2237 945 2286 sui)“
962 2251 983 2279 ο
1001 2237 1094 2265 Deliis
1115 2247 1181 2267 sane
1200 2242 1371 2269 set-monibus
1390 2251 1470 2270 unum
1492 2243 1678 2273 brevissimum
1695 2247 1784 2274 infan-

156 2302 264 2322 omnem
280 2301 402 2322 naturam
411 2301 451 2323 est
464 2297 534 2330 qttod
547 2302 585 2323 cst
595 2305 647 2323 non
658 2302 736 2323 natus
748 2305 754 2323 :
772 2296 808 2323 ita
821 2302 848 2323 et
861 2296 943 2324 Filius

156 2347 238 2375 supra
254 2348 348 2368 omnes
364 2341 479 2368 habetur
496 2341 522 2368 in
538 2349 570 2368 eo
586 2343 657 2375 quod
672 2347 712 2369 est
726 2342 866 2376 progenies
879 2349 941 2368 vera

157 2386 227 2414 Deus
241 2387 311 2422 apud
328 2387 423 2419 Deum,
441 2387 509 2414 Deus
527 2388 559 2414 ad
575 2388 713 2415 dexteram
730 2388 786 2418 Dei.
804 2388 873 2414 Dens
887 2388 942 2415 for-

156 2433 201 2465 tis,
218 2433 287 2460 Detts
302 2440 382 2467 quem
405 2434 481 2459 unxit
496 2433 578 2460 Deus.
602 2433 756 2467 Agnuscitis
785 2434 940 2467 prophetica

156 2478 238 2505 verba
255 2478 323 2514 (99).
340 2478 410 2511 Quid
424 2479 462 2505 ait
476 2479 605 2513 propheta
621 2479 725 2505 David?
739 2478 802 2505 Ideo
821 2479 893 2505 unxit
907 2485 940 2511 te,

155 2524 236 2555 Deus.
250 2525 318 2551 Deus
329 2530 388 2551 tuus
398 2524 432 2551 ".
447 2523 513 2551 Nam
527 2530 555 2551 et
565 2524 642 2551 fortis
657 2525 743 2551 dictus
762 2531 804 2551 est
820 2525 853 2551 ab
863 2525 940 2555 Isaia,

154 2575 181 2596 et
197 2570 266 2597 Deus
281 2571 415 2597 uobiscum
426 2571 459 2602 ’7,
480 2578 540 2597 cum
553 2578 586 2596 ex
599 2570 718 2605 Virgine.
737 2569 793 2597 Non
803 2578 867 2604 ergo
882 2579 942 2597 cum

153 2622 186 2642 cx
210 2616 319 2650 Virgine
340 2621 404 2643 tunc
429 2615 510 2648 Deus,
535 2616 580 2643 sed
611 2616 751 2643 nobiscum
779 2621 852 2642 tunc.
882 2615 939 2643 Non

154 2660 271 2695 primum
290 2669 322 2688 ex
344 2661 463 2696 Virgine,
484 2663 530 2688 sed
547 2661 663 2694 primum
683 2668 716 2688 ex
737 2661 801 2688 Deo.
823 2661 859 2688 Ex
882 2661 940 2687 Vir-

153 2706 216 2742 gine
239 2708 310 2734 enim
336 2714 445 2743 propter
465 2707 703 2742 dispensationem,
723 2714 755 2733 ex
777 2708 829 2733 Deo
849 2712 938 2734 autem

187 2762 211 2778 "
224 2761 297 2795 Psal.
313 2771 383 2797 XLIV,
397 2763 423 2790 8.

153 2803 181 2830 ι,
192 2797 237 2830 14,
253 2798 295 2826 15.

201 2848 247 2882 98)
260 2848 309 2876 Ms.
325 2848 387 2876 Non
405 2853 527 2876 naturam
542 2847 587 2875 sed
600 2847 710 2882 gloriam
723 2845 883 2874 acciuimuI.‘

201 2848 236 2877 98
260 2848 309 2876 Ms.
325 2848 387 2876 Non
405 2853 527 2876 naturam
542 2848 587 2875 sed
600 2848 710 2882 gloriam
723 2856 732 2874 ι

189 2848 247 2920 ὃ)θέ
261 2883 310 2911 Ms.
325 2884 463 2919 Agnoscite
478 2884 629 2918 prophetica
648 2884 732 2910 verba.

274 2930 410 2960 Ριτιιοι.
427 2928 485 2960 Gn.
497 2929 615 2961 XXlV.

474 2764 496 2780 ”
508 2764 596 2797 lsa.v,
612 2764 648 2797 6;
664 2771 711 2794 vn,
729 2763 771 2790 ιι.

817 2763 851 2798 κη
867 2763 943 2791 Joan.
963 2771 1008 2796 ιιι,
1021 2764 1065 2791 56,

1001 2289 1053 2310 tem
1074 2285 1219 2321 interroga,
1234 2287 1279 2321 qui
1297 2289 1383 2322 prima
1402 2294 1494 2323 utpote
1519 2298 1584 2317 vace
1603 2291 1784 2325 qualitercun-

997 2338 1050 2364 que
1062 2332 1177 2365 coeperit
1197 2332 1280 2368 loqui,
1299 2340 1326 2362 et
1340 2337 1420 2363 dicito
1430 2338 1472 2364 ei;
1488 2337 1567 2364 Pater
1581 2343 1642 2365 tuus
1661 2338 1705 2365 ubi
1724 2341 1784 2366 est?

996 2376 1050 2402 Aut
1066 2377 1136 2403 sicut
1150 2385 1351 2408 consueverunt
1375 2382 1495 2409 infantes
1515 2388 1619 2417 patrem
1643 2383 1780 2418 appellare

996 2425 1018 2450 si
1040 2426 1215 2460 semetipsum
1239 2429 1404 2460 ostenderit,
1434 2431 1524 2464 arguit
1550 2439 1593 2457 me
1620 2432 1709 2459 infans
1731 2443 1738 2461 :
1760 2434 1782 2460 si

996 2476 1085 2498 autent
1104 2473 1233 2506 parvulus
1248 2474 1339 2500 statim
1358 2479 1386 2500 ut
1403 2474 1484 2502 fuerit
1503 2476 1684 2512 interrogatus
1701 2479 1781 2507 intel-
1815 2514 1819 2519 _

997 2517 1093 2544 lexerit
1111 2520 1174 2553 quid
1190 2520 1289 2554 quau-is
1311 2520 1345 2547 ab
1360 2528 1403 2552 eo,
1421 2529 1482 2548 eum
1506 2523 1551 2557 qui
1576 2531 1605 2550 se
1625 2526 1717 2560 genuit
1735 2534 1780 2553 os-

999 2567 1108 2594 tendit:
1126 2567 1186 2593 vide
1208 2566 1272 2601 quid
1296 2566 1384 2594 audis.
1413 2567 1479 2595 Cum
1507 2574 1596 2596 autem
1622 2571 1781 2600 benedictus

994 2613 1089 2645 Filius,
1107 2618 1200 2640 tenens
1215 2620 1324 2647 panem,
1346 2613 1416 2640 levat
1430 2623 1526 2642 manus
1539 2624 1602 2643 snas
1616 2625 1734 2650 sursum,
1752 2624 1780 2647 ut

994 2666 1066 2688 tuam
1085 2667 1202 2688 tuentem
1217 2660 1249 2687 ad
1265 2668 1325 2687 eum
1344 2662 1387 2695 qui
1405 2669 1433 2689 se
1450 2663 1540 2696 genuit.
1557 2664 1680 2696 extollat,
1700 2673 1779 2694 nosce

992 2707 1110 2739 Patrem.
1128 2712 1154 2734 et
1168 2714 1241 2734 cessa
1264 2714 1363 2741 negare
1380 2707 1489 2735 Filium.
1507 2709 1535 2736 Si
1557 2705 1639 2745 igitur
1655 2710 1781 2747 Uuigeni-

1119 2764 1141 2780 "
1155 2763 1163 2790 Ι
1176 2763 1240 2791 Cor.
1262 2772 1302 2797 Ill,
1314 2765 1343 2792 ll
1411 2766 1419 2782 ι
1434 2767 1445 2793 ι
1458 2765 1520 2793 Cor.
1544 2774 1571 2799 ι,
1583 2768 1612 2794 4.
1662 2769 1673 2785 ⁵
1685 2768 1782 2799 Matth.

1026 2846 1065 2882 (l)
1083 2845 1131 2875 Ms.
1144 2845 1186 2874 Νι
1195 2846 1348 2883 cntingat"
1364 2847 1410 2875 tibi
1421 2847 1519 2876 lumen.

1556 2927 1597 2959 δι
