2024 3208
270 169 343 197 1067

620 166 754 194 ΕυδΕΒΙΙ
774 164 1014 193 υιδιιιιιιιιηδιδ
1034 165 1061 191 Ul

1131 164 1219 191 PARS
1239 164 1281 192 IV.
1300 180 1333 187 —
1353 164 1565 193 DOGMATlCA.

1834 164 1904 192 1068

274 232 319 255 tus
330 226 396 254 dicit
414 235 420 253 :
441 225 534 257 Pater,
546 226 645 261 gratias
665 234 714 262 ago
736 226 797 258 tibi,
819 226 882 261 quia
906 233 1006 259 semper
1028 233 1068 252 me
1082 227 1105 254 Α
1118 225 1208 252 omnis
1220 225 1314 253 beatus
1326 225 1410 259 audit,
1424 225 1485 252 inde
1501 229 1528 252 et
1545 231 1594 251 nos
1609 223 1729 251 universi
1752 223 1903 252 audiemus.

273 272 405 300 exaudiui
420 279 429 298 .'
443 272 488 298 sed
502 277 606 307 propter
616 272 827 299 circumstantem
844 271 970 305 populum
984 271 1063 298 istum

273 319 344 350 dico,
359 322 388 345 ut
403 317 510 345 credant
526 318 589 351 quia
604 322 632 344 tu
652 325 692 344 me
708 317 803 344 misisti
817 317 837 344 ³.
860 317 912 344 ista
928 318 1062 351 interpre-

275 365 376 392 tatione
400 371 451 390 non
473 362 595 398 indigent
609 371 616 390 :
630 367 658 390 et
673 362 798 390 sedemus
813 367 842 389 ut
870 362 1013 394 insensati,
1036 366 1064 388 et

274 409 403 438 ludimus.
431 409 500 436 Num
533 409 708 444 semetipsum
744 408 837 443 genuit
869 407 969 435 Pater?
998 415 1062 434 num

273 455 450 490 semetipsum
475 454 572 482 misit?
588 462 652 482 num
666 455 840 489 semetipsum
857 457 927 485 orat,
948 458 976 481 et
999 453 1064 480 sibi-

274 501 380 536 metipsi
394 501 495 537 gratias
512 501 578 537 agit,
597 505 625 528 et
655 501 712 535 ipse
735 500 785 528 sibi
812 505 854 528 est
874 499 970 533 Filius,
999 499 1059 535 ipse

274 547 325 575 sibi
345 551 386 575 est
401 547 532 582 pontifex,
550 548 608 582 ipse
636 547 687 574 sibi
701 551 743 574 est
758 554 854 582 agnus,
874 546 931 582 ipse
949 546 1001 574 sibi
1016 549 1060 573 est

275 593 330 624 via,
343 593 400 627 ipse
417 593 467 620 sibi
502 598 544 620 est
563 592 665 628 ianua?
690 593 722 620 Et
744 593 804 627 quis
822 593 889 626 lucc,
907 592 1013 620 etiamsi
1029 593 1064 619 sit

275 639 525 674 insipientissimus,
552 639 689 674 patietur?
715 639 782 666 Num
808 647 861 666 una
891 646 941 666 vox
971 643 1013 666 est
1035 643 1063 664 nt

274 685 530 719 circumveniamus,
548 694 598 712 una
619 690 660 714 est
672 686 759 712 littera
775 691 803 712 ut
820 684 977 712 deleamus?
994 684 1063 712 Dicit

274 731 346 758 enim
372 731 468 758 iterum
499 731 656 758 Dominus':
677 731 746 759 Ecce
775 739 820 766 ego
848 731 928 766 diligo
955 730 1063 758 Patrem

274 785 360 803 meum
372 776 393 809 ⁸,
411 785 456 811 ego
473 776 571 803 honoro
595 775 700 803 Patrem
713 784 799 803 meum
811 777 833 808 ⁵,
854 769 1001 811 ορεναίῃιίιι
1016 783 1062 810 ego

274 823 343 856 facio
355 823 398 850 ille
409 823 482 857 facit,
502 822 583 850 Pater
603 831 675 850 meus
695 823 813 858 quotidie
828 827 956 856 operatur
975 828 999 849 et
1016 830 1062 857 ego

274 876 367 903 operor
380 868 402 899 ⁸,
417 869 439 894 si
457 868 562 894 creditis
578 868 604 894 in
620 867 702 894 Deum
718 873 741 894 et
757 868 783 894 in
801 876 842 894 me
863 867 980 900 creditis,
995 867 1062 894 vado

273 915 308 941 ad
326 913 431 940 Patrem
451 922 537 941 meum
550 914 571 942 ⁷.
584 913 691 941 Gratias
709 913 774 948 agit,
790 917 860 945 orat,
883 913 952 940 viam
965 918 1064 940 setnet—
1079 901 1100 929 Β

274 960 360 994 ipsum
375 965 464 992 vocat,
483 964 512 986 ιιι
530 967 663 994 agnoscas
681 959 714 986 ad
730 966 810 994 quem
833 959 908 987 vadis
925 969 931 986 :
950 959 1061 994 ianuam

274 1007 448 1040 semetipsum
462 1005 527 1032 dicit
541 1009 564 1038 ⁸,
580 1010 609 1033 ιιι
621 1011 753 1040 agnoscas
773 1005 806 1032 ad
824 1012 902 1040 quem
923 1005 1059 1040 ingredie-

276 1053 313 1079 ris
332 1061 338 1078 :
355 1051 449 1085 Pater,
463 1051 562 1086 inquit,
577 1060 650 1078 meus
665 1051 783 1086 agricola
795 1055 844 1084 est,
860 1056 884 1078 et
896 1059 942 1086 ego
955 1052 1013 1078 vitis
1027 1052 1038 1068 '
1053 1060 1061 1080 :

272 1098 336 1125 vitis
357 1103 385 1125 et
410 1098 528 1133 agricola
549 1106 620 1125 unus
647 1098 706 1125 est?
733 1097 809 1125 Hanc
831 1098 1061 1133 comparationem

275 1144 403 1172 Dominus
416 1144 494 1178 dixit,
513 1148 542 1172 ut
559 1151 592 1171 ne
606 1144 666 1179 quis
679 1152 721 1171 me
739 1144 927 1179 reprehendat.
945 1143 1001 1179 Ego
1013 1151 1061 1170 au-

274 1195 327 1218 tem
348 1191 410 1218 volo
422 1195 451 1218 ut
466 1198 509 1218 me
526 1191 634 1226 quidem
658 1197 753 1218 omnes
772 1191 897 1219 homines
917 1190 1062 1224 reprehen-

272 1237 338 1262 dant
354 1245 361 1263 :
378 1243 428 1270 ego
447 1240 539 1262 autem
563 1235 646 1262 volo:
670 1235 775 1262 Domini
800 1241 891 1262 autem
907 1235 1062 1262 custodiant

273 1281 365 1308 verba.
384 1280 508 1307 vescendi
525 1280 556 1306 de
576 1280 639 1306 uelo
659 1284 688 1306 ut
706 1280 803 1314 faciam
823 1279 982 1307 uoluntatem
1004 1280 1060 1313 ejus

271 1326 319 1360 qui
338 1333 378 1352 me
394 1325 463 1352 misit
477 1325 499 1341 ¹⁶
514 1334 520 1352 :
535 1324 653 1352 obedivit
674 1329 762 1352 autem
775 1332 860 1359 usque
885 1325 917 1351 ad
935 1330 1059 1352 mortem.

274 1371 328 1398 Sed
348 1371 411 1404 quid
437 1377 509 1396 nunc
528 1378 594 1403 opus
609 1375 650 1397 est
665 1369 760 1397 Pauli?
780 1377 933 1404 quanquam
948 1375 974 1397 et
990 1368 1060 1396 Pau-

271 1415 316 1442 lus
331 1423 385 1442 non
399 1415 556 1442 testimonio
570 1423 621 1443 suo
635 1415 725 1449 dicat;
748 1420 835 1442 tamen
852 1416 914 1450 quia
935 1416 992 1450 ipse
1009 1415 1061 1442 Do-

273 1462 363 1489 minus
382 1469 434 1489 non
455 1461 574 1494 auditur,
594 1466 624 1489 ut
638 1461 703 1496 quid
721 1461 753 1488 de
772 1461 928 1489 domesticis
942 1462 1000 1496 ejus
1018 1466 1061 1488 est

273 1508 385 1536 sermo?
399 1507 442 1534 Vis
459 1515 524 1535 sane
539 1508 673 1535 honorare
686 1506 795 1540 Filium,
812 1513 841 1534 ltl
857 1507 914 1534 vnit
933 1508 987 1540 ille,
1006 1515 1058 1535 non

274 1559 303 1580 ut
315 1558 342 1580 tu
355 1553 404 1581 vis.
414 1552 481 1580 Num
493 1553 515 1580 si
529 1553 631 1581 dixeris
643 1561 694 1580 nou
710 1558 760 1584 est,
774 1554 923 1586 ltonomsli,
936 1554 957 1581 si
973 1554 1056 1581 inter-
1073 1570 1095 1599 ϐ

263 1600 373 1627 emeris
394 1606 473 1634 quem
500 1607 552 1626 non
586 1604 730 1634 potuerunt
755 1598 856 1626 Judaei?
877 1599 961 1627 Judaei
987 1601 1058 1627 enim

272 1645 340 1673 febri
353 1645 436 1672 filium
459 1652 521 1672 eum
542 1649 715 1680 putaverunt,
730 1650 756 1672 et
771 1650 800 1671 ut
816 1645 885 1672 fabri
912 1645 994 1672 filium
1019 1645 1061 1673 in-

274 1691 455 1724 terfecerunt;
485 1696 511 1718 tu
537 1695 566 1718 ut
590 1690 688 1718 Filium
715 1690 759 1717 Dei
786 1690 930 1718 interficis.
956 1690 1008 1717 Sed
1031 1696 1057 1717 ιιι

273 1736 408 1770 morieris,
430 1744 482 1764 non
501 1737 555 1764 ille.
573 1736 632 1764 Non
646 1736 718 1764 enim
741 1743 772 1763 ex
792 1737 834 1763 his
851 1744 910 1771 qure
937 1741 966 1763 tu
981 1737 1058 1769 dicis,

274 1783 318 1809 ille
334 1790 388 1809 non
408 1786 450 1809 est
467 1788 475 1808 :
490 1782 537 1809 sed
560 1789 593 1809 ex
618 1782 658 1809 his
673 1789 733 1816 qua:
752 1790 804 1809 non
826 1782 924 1815 credis,
949 1787 976 1809 ιιι
1006 1790 1058 1810 ιιοιι

273 1829 337 1855 eris.
351 1827 416 1861 Quae
437 1829 539 1864 scripta
563 1833 626 1856 sunt
641 1828 734 1860 dicito,
750 1831 776 1856 et
792 1828 997 1863 derelinquetur
1013 1829 1055 1856 lis.

272 1874 330 1901 Non
350 1882 439 1901 meum
455 1878 482 1901 et
499 1879 585 1907 tuum,
601 1874 648 1901 sed
668 1881 727 1909 quae
749 1874 900 1902 communia
923 1879 986 1901 sunt
1007 1874 1058 1902 Ec-

272 1921 371 1947 clesiae.
388 1919 454 1953 Quis
464 1920 536 1947 enitn
559 1924 585 1946 te
597 1919 718 1954 judicat?
732 1919 796 1953 quid
818 1920 901 1946 habes
917 1920 988 1954 quod
1004 1927 1058 1947 non

271 1964 418 1999 accepisti?
434 1964 492 1992 Non
509 1965 558 1992 ista
569 1968 611 1991 est
625 1971 674 1991 vox
694 1963 769 1991 Pauli
781 1963 826 1998 qui
843 1964 881 1990 ait
897 1972 904 1991 :
924 1963 967 1991 Es
984 1970 1059 1999 parte

272 2011 450 2045 agnoscimus,
466 2015 492 2037 et
508 2017 539 2037 ea:
554 2015 628 2045 parte
645 2010 830 2044 prophetamus
850 2009 892 2036 “?
917 2009 979 2037 Haec
993 2010 1060 2037 dixit

272 2055 381 2089 Paulus,
402 2063 436 2083 ne
458 2062 523 2083 sane
547 2055 621 2083 solus
641 2059 781 2090 putaretur
805 2062 837 2082 ex
858 2060 945 2089 parte,
969 2055 1017 2082 sed
1032 2060 1059 2082 et

272 2101 398 2136 Apostoli
414 2109 475 2129 cum
487 2101 545 2136 ipso
559 2101 604 2136 qui
623 2101 670 2133 ait,
686 2109 754 2128 nunc
764 2101 881 2128 uidemus
902 2109 948 2136 per
965 2110 1060 2137 rpecu~

272 2148 327 2174 tum
346 2147 379 2174 ".
393 2146 444 2174 Sed
461 2146 560 2173 Paulus
575 2153 622 2181 per
639 2146 776 2180 speculum
789 2155 797 2180 ;
813 2152 840 2173 tu
853 2152 945 2174 autem
960 2153 987 2174 et
998 2147 1058 2174 istic

272 2195 326 2229 iam
336 2193 375 2221 vis
397 2193 466 2220 facie
480 2193 513 2220 ad
523 2192 618 2220 faciem
631 2200 719 2220 nosse.
737 2192 967 2226 Quemadmodum
993 2201 1058 2221 sane

272 2247 334 2267 eum
344 2238 475 2266 interimis
484 2244 563 2272 quem
577 2237 661 2264 vides.
675 2236 736 2264 Haec
746 2236 817 2271 (2-5)
829 2236 1063 2272 videbamusjsem-

273 2294 321 2322 per
331 2293 346 2312 ει
360 2286 439 2313 beato
451 2284 496 2312 illo
507 2284 575 2311 viro.
591 2282 669 2318 Saepe
676 2283 747 2310 enim
758 2282 917 2310 dicebantur
936 2284 969 2310 ab
979 2291 1020 2317 eo,
1031 2291 1060 2313 ut

273 2332 381 2367 quidam
395 2331 598 2366 suspicarentur
618 2337 666 2357 ore
681 2328 788 2365 quidem
806 2336 855 2357 suo
866 2329 915 2357 ista
929 2331 1060 2365 proferre,

272 2380 356 2406 corde
367 2383 457 2405 autem
471 2377 550 2404 aliter
563 2376 673 2404 habere.
697 2374 731 2402 Et
756 2375 864 2410 quidem
893 2383 996 2404 memor
1015 2385 1061 2404 vo-

275 2426 318 2453 bis
333 2432 393 2452 sum
408 2423 516 2451 audisse
532 2429 575 2450 me
593 2422 627 2449 ab
640 2429 673 2449 eo
691 2425 785 2449 sancto
811 2421 888 2450 nobis
906 2421 1060 2457 iuramento

274 2470 453 2502 satisfecisse,
467 2469 530 2504 quia
541 2476 594 2496 non
609 2468 680 2496 aliud
696 2467 724 2495 in
741 2467 843 2504 lingua.
861 2473 889 2496 et
905 2468 976 2496 aliud
989 2474 1061 2497 esset

274 2519 302 2546 in
320 2518 401 2547 corde
415 2517 490 2553 ejus;
507 2515 554 2544 sed
572 2515 654 2543 corde
673 2514 782 2549 quidem
797 2514 917 2542 creditur
928 2515 962 2541 ad
977 2514 1059 2550 justi-

275 2563 350 2595 tiam,
360 2569 407 2589 ore
417 2566 507 2589 autem
522 2559 667 2588 confitetur
683 2559 717 2586 ad
728 2559 842 2587 salutem
863 2567 871 2587 :
890 2559 960 2587 unde
977 2559 1059 2595 igitur

310 2621 320 2636 ³
331 2620 410 2648 Joan.
422 2626 461 2652 ιιι,
475 2619 522 2652 41,
537 2618 584 2646 42.
618 2619 629 2635 δ
644 2617 725 2645 Joan.
740 2626 796 2651 xtv,
806 2618 851 2646 5i.

275 2662 303 2687 ιι.
321 2655 348 2682 9.
402 2655 413 2671 ⁸
429 2654 506 2683 Joan.
527 2662 572 2688 xv,
594 2654 618 2682 Ι.
671 2654 693 2670 ¹⁶
709 2653 787 2681 Joau.
806 2661 844 2686 νι,
858 2654 903 2682 58.

275 2696 334 2724 vin,
350 2689 394 2718 i5.

309 2745 379 2781 (1.5)
397 2743 463 2772 Hac
482 2745 643 2776 videbamus.
663 2749 716 2773 etc.
737 2745 819 2773 Henr.
837 2745 958 2773 Valesius
971 2744 1056 2780 legit:

275 2778 341 2807 [huc
354 2778 525 2808 audiebamus
536 2789 636 2815 semper
651 2789 668 2808 a
680 2781 754 2811 beato
766 2781 812 2808 illo
827 2782 892 2812 viro,
906 2788 974 2814 stupe
988 2778 1057 2808 enim

275 2817 319 2851 ita
332 2815 484 2851 dicebantur
505 2816 537 2842 ab
562 2823 602 2847 eo,
622 2820 650 2842 ut
665 2816 771 2851 quidam
795 2817 992 2850 suspicarentur
1014 2823 1058 2843 ore

271 2850 449 2885 quidemeam
465 2850 516 2878 ista
532 2851 660 2885 proferre,
672 2850 726 2878 etc.

311 2885 350 2919 (4)
366 2884 456 2919 Neque
466 2885 586 2914 cessavit.
599 2885 681 2914 Forte
700 2893 781 2918 neque
793 2885 914 2914 cessabit.

901 2619 912 2634 '
926 2617 1003 2646 Joan.
1019 2626 1077 2651 vnt,
1099 2619 1145 2647 49.
1183 2617 1280 2645 'Joan.
1297 2624 1322 2649 v,
1341 2616 1384 2648 i'l,
1407 2615 1451 2643 56.

953 2654 972 2669 “
989 2653 1074 2682 lCor.
1094 2662 1154 2688 xnt,
1166 2655 1193 2682 9.

1115 272 1137 298 Δ
1153 271 1221 298 Filio
1235 272 1302 299 nihil
1322 272 1414 299 audiat
1437 279 1545 304 sponsa,
1566 271 1637 305 quod
1662 277 1715 297 non
1743 274 1785 296 est
1813 270 1903 304 sponsi

1115 317 1168 344 sui.
1184 318 1212 344 Si
1228 318 1334 352 quidem
1351 325 1403 344 non
1417 317 1480 344 licet
1499 324 1604 351 sponsae
1620 316 1735 344 alienam
1762 316 1904 351 suscipere

1115 363 1142 390 in
1166 363 1276 390 auribus
1302 370 1406 394 vocem,
1424 364 1505 390 etiam
1522 363 1545 389 si
1562 362 1660 389 Paulus
1688 363 1770 389 dicat.
1799 362 1852 390 Sed
1874 368 1904 389 ut

1114 415 1166 434 non
1181 408 1316 436 dubitaret
1328 416 1425 442 sponsa
1444 409 1477 435 de
1503 408 1596 441 Paulo,
1616 409 1655 435 ait
1671 409 1728 443 ipse
1744 418 1751 436 :
1770 408 1812 436 An
1826 415 1904 443 erpe-

1114 454 1252 481 rintentum
1263 455 1380 489 qumritis
1392 455 1448 488 ejus
1457 455 1502 488 qui
1518 455 1542 480 in
1557 463 1596 480 tne
1606 453 1722 487 loquitur
1731 454 1853 482 Christus
1866 454 1905 481 "2

1115 501 1279 536 Desponsavi
1295 501 1366 527 enim
1385 508 1443 534 vos,
1465 501 1560 536 inquit,
1580 502 1637 528 viro
1657 501 1718 533 uni;
1737 509 1790 528 non
1806 505 1899 528 tamen

1114 548 1223 582 populo,
1253 547 1300 575 sed
1331 547 1375 574 ιιιιὶ
1407 547 1544 582 unigenito
1574 554 1627 574 una
1653 554 1761 582 sponsa.
1787 547 1903 574 Amicus

1114 593 1186 620 enim
1213 593 1304 628 sponsi
1328 593 1371 620 ille
1390 598 1431 620 est
1447 593 1491 627 qtti
1509 593 1607 628 gaudet
1621 593 1653 620 de
1679 601 1778 629 sponsa
1794 594 1900 628 sponsi.

1114 638 1172 666 Non
1184 643 1226 666 est
1241 639 1321 666 vidua
1338 643 1430 666 sancta
1448 639 1578 667 Ecclesia.
1599 638 1671 666 Vivit
1691 640 1763 667 enim
1786 640 1832 674 qui
1853 647 1902 674 pro

1113 685 1169 719 ipsa
1185 688 1226 712 est
1246 690 1380 712 mortutts.
1408 684 1499 720 Angeli
1520 693 1573 712 non
1602 692 1738 713 mortuum
1764 687 1901 715 adorant:

1113 729 1160 757 sed
1172 730 1224 756 vita
1238 734 1306 762 erat,
1326 734 1396 762 erat,
1408 735 1476 763 erat,
1489 735 1581 763 etest,
1600 736 1627 758 et
1645 739 1697 758 non
1723 736 1812 759 cessat
1830 739 1900 759 esse.

1113 770 1296 810 Neque‘enim
1308 776 1390 809 cmpit
1403 783 1418 802 a
1435 776 1618 810 temporibus;
1637 784 1724 811 neque
1741 777 1858 804 cessavit
1874 777 1900 804 in

1113 821 1211 849 saecula
1235 821 1285 858 (Α).
1311 820 1431 856 Regnum
1457 822 1528 849 enim
1557 821 1613 856 ejus
1629 830 1680 849 nou
1703 823 1783 850 habet
1799 823 1899 855 finem;

1115 868 1178 903 quia
1195 875 1247 895 non
1263 868 1410 903 temporale
1430 868 1571 904 imperium
1593 868 1651 902 ejus
1668 874 1719 902 est,
1741 870 1789 897 sed
1807 877 1902 904 perpe-

1116 919 1201 941 tuum.
1225 913 1342 949 Tempus
1358 914 1431 941 enim
1453 915 1660 942 resurrectionis
1673 920 1725 948 est,
1747 920 1774 943 et
1795 920 1902 951 tempus

1113 959 1217 986 salutis.
1233 959 1291 987 Non
1306 960 1455 987 moriamur
1468 967 1542 995 ergo,
1564 968 1624 987 cum
1642 960 1771 988 debemus
1793 962 1898 988 vivere.

1114 1003 1166 1032 Sed
1179 998 1250 1032 nunc
1261 1005 1369 1040 quidem
1382 1005 1474 1040 paucis
1488 1006 1523 1032 ob
1534 1006 1696 1033 memoriam
1720 1011 1746 1033 et
1765 1007 1898 1034 lmnoretn

1112 1050 1201 1078 Patris
1215 1051 1286 1078 illius
1303 1052 1399 1084 nostri,
1419 1051 1454 1078 ita
1473 1052 1548 1083 boni,
1568 1052 1603 1078 ita
1628 1051 1769 1084 laboriosi,
1797 1057 1825 1080 et
1850 1060 1901 1088 pro

1111 1096 1240 1124 Ecclesiis
1255 1096 1355 1130 ubique
1366 1095 1493 1131 vigilante
1506 1096 1547 1132 (5)
1562 1097 1632 1124 dicta
1655 1097 1709 1124 sint
1736 1097 1827 1124 nobis.
1850 1097 1902 1124 Ne-

1111 1151 1165 1179 que
1177 1143 1248 1170 enitn
1263 1143 1369 1178 generis
1388 1141 1461 1176 ejus,
1475 1143 1631 1170 memoriam
1656 1143 1781 1176 feciiuus,
1813 1151 1902 1179 neque

1112 1190 1289 1222 educationis,
1313 1193 1360 1216 aut
1387 1188 1560 1222 eruditionis,
1588 1194 1635 1217 aut
1659 1190 1771 1217 alterius
1798 1189 1861 1216 vita:
1875 1193 1901 1216 et

1114 1235 1254 1271 propositi.
1271 1233 1410 1262 Sufﬁcienl
1422 1235 1493 1261 enim
1515 1234 1540 1261 iu
1563 1235 1680 1262 Ecclesia
1700 1236 1745 1262 Dei
1763 1235 1797 1262 de
1819 1234 1901 1262 Patre

1113 1286 1141 1308 et
1161 1281 1230 1308 Filio
1252 1280 1323 1314 loqui
1355 1279 1403 1315 (6).
1427 1280 1512 1315 Loqui
1540 1281 1638 1316 quippe
1657 1281 1785 1314 diciia'lia,
1811 1285 1899 1308 tacere

1111 1330 1200 1353 autem
1220 1332 1280 1360 qua
1291 1325 1396 1353 occulta
1420 1331 1493 1352 sunt.
1511 1325 1678 1361 Tinguamur
1698 1326 1797 1353 fratres
1814 1327 1841 1354 in
1859 1327 1900 1353 his

1112 1379 1171 1406 qua:
1187 1372 1213 1398 in
1225 1371 1372 1406 Seripturis
1398 1372 1497 1406 scripta
1518 1379 1593 1404 sunt,
1614 1380 1665 1399 non
1687 1377 1714 1399 ut
1737 1379 1830 1399 vacme
1853 1371 1899 1399 lit-

1113 1421 1176 1443 tera}
1190 1418 1381 1452 prophetarum
1399 1422 1427 1444 ut
1441 1417 1553 1445 Judazis.
1565 1417 1604 1445 illi
1616 1418 1688 1446 enim
1709 1419 1852 1445 adversum
1868 1425 1897 1445 se

1112 1462 1218 1498 legunt;
1237 1462 1355 1497 legentes
1375 1463 1447 1489 enim
1463 1462 1568 1490 litteras
1590 1468 1618 1490 et
1641 1470 1692 1490 non
1717 1464 1894 1497 suscipientes

1111 1509 1250 1543 negotium
1265 1516 1297 1536 ex
1316 1509 1357 1535 his
1371 1509 1468 1544 quibus
1491 1509 1582 1544 legunt
1592 1509 1642 1544 (7),
1654 1510 1817 1544 semetipsos
1832 1517 1896 1537 con-

1112 1556 1239 1582 damnant
1249 1555 1293 1589 qui
1312 1559 1453 1582 excusant.
1476 1554 1569 1582 Videte
1583 1562 1617 1582 ne
1639 1555 1778 1590 patiamur
1792 1562 1823 1582 ea
1836 1563 1895 1591 quat

1113 1600 1211 1628 Judeis
1232 1601 1414 1635 increpamus.
1435 1600 1462 1627 Si
1485 1601 1557 1628 enim
1579 1601 1693 1629 dicimus
1714 1600 1824 1635 Filium,
1846 1609 1898 1628 non

1112 1646 1273 1673 confitemur
1291 1651 1380 1673 autem
1395 1646 1502 1677 Filium.
1517 1651 1544 1674 et
1556 1647 1577 1674 si
1593 1647 1763 1681 agnoscimus
1778 1646 1898 1678 Patrem,

1112 1698 1268 1725 spernamus
1289 1697 1378 1718 autem
1401 1691 1525 1723 Patrem;
1548 1691 1594 1718 illa
1616 1691 1673 1727 ipsa
1695 1699 1755 1727 quae
1772 1692 1896 1726 legimus.

1115 1737 1172 1772 ipsa
1189 1737 1265 1765 nobis
1280 1737 1308 1764 in
1333 1738 1376 1764 die
1387 1737 1480 1771 judicii
1500 1737 1624 1772 legentur
1641 1737 1674 1764 ad
1693 1737 1897 1764 condemnatio-

1118 1792 1190 1811 nem.
1206 1783 1272 1812 Dicit
1305 1783 1376 1811 enim
1395 1783 1547 1810 Dominus:
1564 1780 1780 1816 Egortonjudico
1803 1784 1838 1815 “,
1853 1783 1897 1810 sed

1113 1837 1205 1857 sermo
1218 1837 1300 1864 quem
1332 1829 1436 1856 loculus
1460 1834 1501 1855 est
1525 1828 1585 1863 ipse
1611 1835 1672 1855 eum
1695 1827 1810 1862 judicat.
1829 1826 1898 1853 Dixit

1112 1875 1171 1909 tibi,
1187 1876 1249 1910 quia
1267 1875 1334 1902 vado
1356 1875 1390 1902 ad
1420 1875 1526 1902 Patrem
1554 1881 1641 1901 meum
1667 1873 1738 1900 Dixit
1763 1871 1823 1904 tibi,
1837 1873 1896 1906 quia

1111 1921 1210 1947 missus
1222 1928 1236 1946 a
1250 1918 1332 1946 Patre
1350 1925 1427 1950 sum;
1441 1923 1469 1945 et
1479 1923 1506 1944 tu
1517 1917 1585 1944 dicis
1595 1917 1657 1952 quia
1670 1925 1722 1943 non
1734 1921 1776 1943 est
1786 1916 1898 1943 missas?

1110 1966 1156 1993 sed
1168 1966 1225 1999 ipse
1235 1970 1277 1992 est
1290 1965 1335 1999 qui
1348 1964 1405 1991 haec
1414 1964 1490 1996 dixit,
1502 1969 1529 1991 et
1539 1968 1602 1990 tunc
1612 1962 1741 1996 jndicabit
1752 1971 1759 1989 :
1770 1962 1841 1996 leget
1852 1962 1896 1989 tibi

1109 2011 1263 2046 Evangelia,
1273 2010 1348 2037 dabis
1359 2010 1501 2042 rationem,
1511 2009 1582 2036 dicet
1589 2017 1637 2035 cur
1648 2009 1705 2035 haec
1711 2008 1812 2043 scripta
1821 2006 1899 2035 sunt!

1110 2057 1172 2084 llaec
1185 2061 1273 2084 autem
1287 2061 1349 2083 tunc
1363 2063 1414 2083 non
1428 2055 1482 2083 dixi
1496 2062 1544 2089 per
1559 2062 1662 2082 vocem.
1673 2053 1706 2080 Et
1716 2061 1770 2088 qua
1781 2052 1851 2081 facie
1861 2053 1899 2080 vi-

1112 2103 1189 2130 debis
1211 2102 1275 2129 illttd
1292 2100 1400 2128 lumen?
1415 2100 1538 2128 Contenti
1551 2100 1637 2127 simus
1649 2099 1772 2132 veritate,
1787 2104 1898 2126 excuse~

1112 2156 1171 2175 mus
1184 2147 1254 2174 lites.
1274 2146 1376 2181 Siquis
1386 2151 1475 2173 autem
1495 2150 1523 2173 et
1544 2145 1617 2172 novit
1635 2145 1739 2179 aliquid
1766 2152 1828 2171 cum
1850 2150 1898 2178 pa-

1114 2193 1205 2221 tientia
1221 2198 1248 2221 et
1268 2201 1320 2220 non
1335 2193 1368 2220 ad
1385 2191 1583 2227 iustigationem
1602 2198 1662 2226 qua:
1680 2190 1762 2222 laedit,
1776 2190 1824 2217 sed
1838 2196 1898 2216 cum

1079 2243 1100 2271 ο
1115 2239 1268 2267 lntmilitate
1290 2247 1349 2274 quae
1379 2239 1497 2274 prodest,
1523 2245 1575 2264 non
1597 2242 1626 2263 ut
1650 2236 1765 2269 initnici,
1792 2236 1840 2263 sed
1871 2239 1898 2262 ut

1113 2286 1271 2317 Christiani,
1292 2293 1345 2312 non
1374 2289 1402 2311 ιιι.
1428 2284 1453 2311 in
1478 2284 1564 2316 circo,
1591 2283 1637 2310 sed
1658 2287 1688 2309 ut
1711 2282 1737 2309 in
1767 2281 1898 2309 Ecclesia.

1117 2331 1211 2359 llabes
1238 2330 1340 2366 aliquid
1362 2338 1370 2356 :
1392 2330 1468 2356 trade
1495 2337 1546 2356 non
1578 2336 1637 2356 cum
1664 2329 1721 2359 lite,
1747 2336 1800 2355 non
1824 2328 1898 2364 quasi

1114 2383 1219 2409 auctor,
1239 2377 1286 2405 sed
1308 2383 1466 2404 ammonens
1479 2382 1510 2403 ea
1525 2383 1585 2410 qua:
1601 2374 1720 2402 didicisti
1746 2382 1761 2401 ιι
1777 2373 1896 2409 Scriptu-

1114 2424 1162 2451 ris.
1181 2423 1305 2450 Retinete
1317 2422 1383 2454 haec,
1398 2426 1425 2449 et
1441 2421 1586 2449 cessabitis
1601 2428 1616 2447 ιι
1627 2420 1683 2452 lite,
1703 2424 1730 2447 et
1749 2419 1783 2447 ab
1800 2418 1897 2446 Eccita»

1114 2469 1152 2497 sia
1171 2468 1292 2503 separari
1315 2467 1410 2495 nolite.
1435 2465 1464 2494 Si
1487 2473 1537 2501 ego
1561 2466 1656 2498 deliro,
1677 2465 1740 2500 quid
1758 2465 1793 2492 ad
1818 2464 1862 2491 te?
1877 2464 1897 2491 si

1114 2523 1164 2550 ego
1180 2515 1268 2542 aliena
1286 2514 1394 2549 loquar,
1411 2520 1453 2540 me
1465 2511 1557 2547 iudica
1574 2516 1601 2539 et
1615 2511 1727 2546 perdere
1739 2510 1895 2537 noli.0cca-

1112 2561 1215 2588 sionem
1231 2559 1314 2587 nolite
1333 2565 1457 2593 quati-ere
1476 2557 1509 2584 ad
1533 2556 1687 2584 schismata.
1702 2554 1767 2583 Ovis
1778 2561 1839 2589 qua:
1853 2561 1895 2581 ex-

1503 2614 1591 2642 ’Joan.
1605 2621 1659 2645 xtv.
1674 2612 1700 2644 Ι.
1715 2612 1761 2640 28.
1798 2611 1810 2628 ⁸
1821 2611 1886 2639 Joan

1241 2654 1263 2669 “
1283 2646 1359 2684 ibid.,
1377 2646 1420 2678 i2.
1469 2649 1598 2677 l’llcor.
1624 2656 1682 2681 xm,
1699 2648 1727 2675 ὅ.
1779 2647 1803 2663 ³⁸
1818 2646 1894 2675 Joau.

1148 2744 1187 2779 (5)
1210 2743 1350 2779 Vigilgnte.
1365 2741 1398 2771 Η.
1416 2741 1546 2779 Valesius.
1558 2740 1623 2779 legit
1634 2738 1776 2779 uigilantis.

1141 2772 1371 2822 .Msf_Su‘ﬁicit
1390 2778 1459 2806 enim
1477 2778 1504 2804 in
1523 2772 1642 2804 ErcIEsia
1658 2772 1706 2802 Dei
1725 2775 1758 2802 de
1776 2772 1859 2801 Patre
1870 2777 1892 2801 Ι

1114 2815 1298 2911 “diligis.
1320 2848 1412 2885 quibus
1426 2845 1726 2883 Iegunt.VGracco'more,
1744 2851 1794 2880 pro
1808 2851 1841 2872 ea
1855 2843 1892 2871 his

1114 2894 1168 2911 ante
1192 2890 1280 2911 eam”.

1110 2894 1168 2917 ante
1182 2890 1280 2916 teqnut.
