2024 3208
171 164 184 189 1
189 160 241 190 069

715 153 759 184 Dr.
776 149 1075 197 RbSUltRECTtONE.
1096 173 1123 178 -
1151 156 1214 184 un.
1236 155 1256 183 ι.

1722 155 1788 185 10Ἰῦ

168 220 207 242 tra
220 221 328 249 gregem
342 219 394 247 est.
409 214 474 251 μὴ
493 219 546 251 lupi
564 219 616 245 est.
633 210 700 245 Nam
715 219 766 247 etsi
782 220 877 247 fortior
892 220 951 247 ovis
966 223 989 252 Α
1004 219 1059 248 tres
1077 231 1083 248 :
1105 227 1156 248 non
1179 220 1309 247 faciamus
1329 218 1531 250 conventicula,
1552 226 1606 246 non
1633 218 1787 254 speluncas.

168 269 205 292 es,
220 262 329 295 expedit
357 262 404 289 ti-hi
431 262 499 289 infra
529 264 645 298 parietes
670 266 748 292 ovilis
773 274 843 298 esse,
868 274 948 300 quam

168 307 250 334 foras.
266 307 356 334 Fortis
375 315 413 339 es,
436 314 512 342 porta
539 318 625 337 meam
648 311 831 338 infirmitatem
850 319 857 337 :
877 312 952 338 infir-

168 361 224 380 mus
242 361 283 386 es,
297 355 389 388 accipe
401 356 530 383 medelam
545 365 559 383 a
571 359 705 385 communi
723 359 841 387 Ecclesia
857 369 862 386 :
876 364 950 394 gutta

166 409 217 428 una
250 406 396 429 torrentem
428 410 480 429 non
506 402 581 430 facit.
610 403 637 429 Si
662 404 734 430 enim
758 408 786 431 et
811 405 949 436 ceciderit,

166 452 310 480 antequam
328 448 417 479 cadat,
433 457 446 473 η
462 453 532 474 terra
553 449 723 475 absm'betur.
746 449 825 476 Gutta
847 455 949 482 autent,

166 498 191 520 et
210 498 297 528 gutta,
315 499 341 520 et
354 499 427 528 gutta
443 495 523 521 etiam
547 499 651 522 montes
673 497 780 523 evertit.
805 496 894 523 Canna
921 504 951 524 es

167 539 279 574 fragilis,
298 540 371 566 nmlti
389 544 477 566 autem
504 539 578 566 ferro
603 545 666 566 sunt
694 540 828 568 fortiores.
851 542 950 569 Oculus

166 586 238 613 solus
253 592 305 611 non
319 590 359 612 est
371 586 476 617 oculus,
494 594 580 619 neque
592 592 673 620 eaput
685 593 777 621 caput,
797 597 884 622 neque
904 597 950 623 pes

165 639 223 665 pes.
244 631 408 666 Compositio
433 632 502 658 enini
529 633 710 658 membrorum
741 638 823 659 totum
851 636 949 661 honuni

166 675 239 701 facit.
263 675 328 701 Nam
345 676 395 702 etsi
418 683 492 702 esses
511 675 614 708 oculus,
640 677 757 707 ablatus,
771 685 831 705 eras
852 687 948 706 czccus.

165 723 185 747 A
198 728 308 755 corpore
323 721 394 747 enim
410 721 532 748 sublatus
544 722 650 754 oculus,
668 731 755 749 caecus
778 728 819 750 est
842 724 949 755 oculus.

164 766 249 800 magis
266 770 355 792 autem
377 772 507 793 mortuus.
523 767 549 793 ltt
566 768 685 794 Ecclesia
704 768 801 795 fratres
827 772 877 797 sub
895 771 950 798 alas

164 812 258 839 matris
270 812 464 839 conveniamus
480 821 487 841 :
504 812 529 839 in
542 813 661 840 Ecclesia
685 815 710 840 in
725 822 776 848 qua
791 821 949 843 ornamenta

165 866 269 892 sponsae
283 863 355 891 sunt,
370 862 396 885 et
412 859 532 885 membra
543 859 654 891 Christi,
671 867 723 886 non
740 862 771 887 ad
793 862 949 893 schismata,

1004 267 1085 294 Forte
1106 268 1176 294 enim
1205 267 1320 302 apOstoli
1350 267 1407 293 haec
1431 265 1588 292 fundarunt.
1606 265 1663 292 Non
1687 265 1787 300 lapides

1003 313 1073 345 dico,
1094 313 1140 340 sed
1160 314 1264 348 negotia
1285 320 1387 339 rerum.
1405 312 1470 339 Exis
1490 312 1524 339 ab
1540 312 1672 344 Ecclesia,
1696 318 1724 340 et
1746 320 1787 340 re-

1002 359 1101 393 linquis
1123 365 1235 386 matrem
1258 364 1329 386 tttatn
1346 363 1456 393 propter
1482 366 1534 384 me.
1549 358 1617 390 Quid
1635 366 1693 384 sutn
1717 359 1787 385 enim

1002 413 1063 440 ego,
1081 411 1127 432 aut
1147 406 1257 437 Paulus,
1272 410 1318 432 aut
1336 404 1429 439 Apollo
1442 404 1502 438 quis
1520 404 1580 430 est?
1604 404 1640 431 De
1654 412 1696 432 me
1716 410 1743 431 et
1763 409 1788 432 te

1003 452 1054 478 erit
1071 459 1169 479 sermo.
1186 450 1254 477 Num
1273 458 1322 486 ego
1344 450 1491 477 crucifixus
1515 450 1593 477 sum?
1607 450 1727 476 Necdum
1755 458 1788 477 ne

1002 497 1110 531 quidem
1123 498 1225 532 alapam
1239 497 1342 531 accepi.
1360 497 1380 522 E
1392 496 1529 523 contrario
1547 502 1646 528 autem,
1664 502 1690 523 et
1704 497 1788 523 imito—

1002 547 1077 570 ratus
1103 550 1161 569 smn
1190 548 1297 577 propter
1322 541 1424 569 Jesnm.
1453 543 1485 570 Et
1507 543 1551 569 ille
1571 542 1788 576 quidemmulta

1005 596 1098 623 passus
1110 593 1148 615 est
1167 594 1274 623 propter
1287 596 1329 614 me
1345 598 1353 614 ‘.
1374 596 1422 621 ego
1443 594 1532 616 autent
1559 589 1707 616 hOIIOTallIS
1726 597 1785 616 Slllll

1003 639 1111 669 propter
1132 635 1229 669 ipstttn.
1253 634 1287 661 Et
1301 643 1349 661 nos
1367 635 1475 668 quidem
1502 635 1631 662 feriamur
1657 635 1788 662 adversus

1003 689 1122 710 crucem.
1146 686 1173 707 ct
1196 681 1341 707 adversum
1362 688 1421 706 cum
1441 681 1484 715 qui
1509 686 1616 715 propter
1638 689 1686 707 nos
1710 681 1745 708 fel
1763 686 1788 708 ct

1004 732 1107 754 acetum
1130 727 1205 757 hihit,
1223 732 1249 753 et
1263 726 1425 760 imponimus
1448 726 1472 752 ei
1491 727 1582 760 spinas
1603 727 1688 762 magis
1705 735 1786 761 quam

1003 772 1095 804 Judtci,
1109 778 1135 799 et
1151 773 1292 799 elfodimus
1310 780 1406 799 manus
1427 773 1485 806 ejus
1507 777 1534 799 et
1554 773 1647 807 pedes,
1670 778 1697 800 et
1711 774 1788 800 ditiu-

1003 825 1139 844 meramtts
1149 817 1206 850 ejus
1220 825 1280 844 ossa
1300 827 1306 843 :
1323 817 1388 849 Qua:
1408 819 1489 850 enim,
1508 818 1606 851 inquit,
1623 819 1721 853 fecistis
1741 818 1788 845 uni

1003 871 1035 889 ex
1051 864 1165 889 minimis
1182 864 1242 889 istis
1260 863 1304 897 qui
1319 866 1426 889 credunt
1449 864 1475 890 in
1490 870 1541 895 me,
1556 864 1618 890 mihi
1644 865 1739 897 fecistis
1755 864 1788 897 ¹⁶,

166 912 217 930 non
230 905 263 930 ad
276 904 402 931 hmreses.
418 904 568 938 Aliquoties
578 905 650 932 enim
667 906 728 934 dico
744 916 749 933 :
767 907 877 934 offendit
893 916 949 934 mea
970 913 990 942 Β
1005 914 1050 934 aut
1070 908 1169 935 bonum
1188 914 1233 935 aut
1251 909 1364 935 malum.
1384 909 1444 935 llaec
1461 909 1559 936 fratres
1580 915 1604 937 et
1630 910 1655 936 in
1680 911 1721 938 his
1736 910 1789 937 fra-

164 951 251 984 lingua
268 959 274 976 :
292 955 381 983 potest
396 951 452 976 ﬁeri
467 956 495 977 ut
518 958 593 977 mens
617 959 674 978 mea
702 951 830 979 oﬂ'eudat.
856 953 907 980 Sed
924 959 949 980 tu

164 996 218 1022 noli
233 1005 239 1022 :
254 996 411 1023 obliviscere
434 996 471 1031 (8)
492 1004 552 1023 ettm
572 998 618 1031 qui
642 998 709 1024 dixit
730 1007 737 1024 :
759 998 849 1025 Pretio
872 1000 951 1034 empti

166 1042 236 1074 estis,
253 1042 332 1068 nolite
347 1042 404 1075 fieri
419 1043 486 1068 servi
507 1043 639 1070 hominum
652 1044 683 1070 ¹³.
701 1044 753 1071 ista
770 1046 840 1072 enim
855 1046 950 1073 donius

165 1095 217 1115 non
230 1095 288 1115 mea
300 1093 340 1115 est
352 1093 397 1115 aut
413 1093 467 1117 tua.
491 1089 545 1116 Cur
571 1091 622 1116 tnei
650 1098 730 1117 causa
748 1092 851 1117 recedis
868 1099 882 1117 a
901 1092 951 1117 Do-

165 1134 264 1161 minica
289 1134 388 1161 domo?
413 1134 443 1161 Et
470 1135 556 1169 primo
577 1136 683 1169 qnidetn
707 1137 771 1171 quid
797 1138 951 1171 accepimus

165 1180 242 1207 nobis
256 1180 317 1215 quia
335 1181 511 1215 sapientiores
526 1182 652 1208 otnnibus
670 1183 782 1209 sumus?
796 1183 897 1209 Deinde
922 1188 951 1209 ut

165 1227 226 1260 quid
240 1227 311 1261 quod
327 1227 352 1253 in
365 1234 445 1261 prece
459 1226 496 1262 (9)
512 1227 633 1253 diabolus
652 1228 742 1260 habet,
759 1228 890 1255 donamus
908 1229 951 1256 ei?

166 1271 192 1298 Si
211 1279 260 1306 ego
273 1272 394 1298 inlirnttts
410 1280 478 1303 sum,
501 1277 526 1298 tu
538 1273 581 1306 qui
601 1280 630 1299 es
642 1272 727 1304 fortis,
744 1281 794 1300 non
810 1274 948 1305 recedens,

167 1319 293 1345 conﬁrma
318 1318 477 1346 Ecclesiam.
503 1319 530 1345 Si
554 1327 604 1352 ego
626 1319 713 1345 aliena
731 1319 836 1353 loquor,
856 1328 904 1346 cur
923 1325 949 1346 tu

167 1364 209 1398 qui
221 1364 290 1390 bene
309 1364 430 1398 loqueris
453 1364 587 1391 abstrahis
602 1369 667 1391 teut
680 1364 822 1391 videantur
838 1373 896 1391 mea
911 1366 951 1392 in-

167 1409 285 1436 firmari?
298 1409 330 1436 Et
345 1417 378 1436 ne
391 1410 452 1443 quis
463 1417 505 1436 me
520 1414 595 1444 ptttet
614 1410 754 1437 incitatum
770 1410 803 1451 ad
819 1411 950 1444 quosdam

167 1455 330 1482 dicere:sed
351 1455 385 1482 ab
396 1456 524 1482 exercitio
543 1455 598 1491 (l0)
619 1463 678 1482 sum
706 1455 849 1482 multorutn
867 1464 874 1482 :
895 1456 951 1483 scio

169 1506 271 1536 quanta
287 1503 355 1529 dicta
374 1507 437 1529 sunt
463 1507 490 1529 et
511 1503 645 1529 dicuntur.
670 1502 860 1536 Unusquisque
879 1503 950 1529 enim

168 1555 292 1582 quaerens
305 1549 374 1575 unde
392 1553 518 1583 pascatur
537 1548 641 1575 furatur
653 1549 720 1582 (ll).
737 1548 855 1575 Minores
874 1558 880 1573 :
896 1548 951 1575 fra-

170 1622 1080 1637 mm

1003 958 1079 980 tres:
1098 962 1149 980 IlOn
1176 962 1283 989 semper
1312 955 1430 986 nomina,
1456 956 1503 983 sed
1527 964 1580 983 res.
1618 957 1789 986 Christianus

1002 1000 1071 1026 enitn
1087 1008 1176 1032 verus,
1206 1000 1288 1027 frater
1310 1001 1355 1027 sit.
1381 1000 1466 1028 Verus
1494 1002 1664 1029 Christianus
1684 1013 1690 1030 :
1708 1011 1788 1031 verus

1002 1051 1043 1073 est
1068 1046 1139 1073 enim
1171 1047 1304 1074 Christus.
1329 1047 1449 1080 Fratres,
1477 1047 1584 1080 fratres,
1616 1050 1697 1076 nolite
1729 1058 1789 1078 esse

1002 1092 1110 1126 piratae.
1143 1093 1226 1119 nolite
1259 1093 1415 1120 bellatores.
1450 1093 1538 1121 Nolite
1572 1103 1692 1129 quaerere
1725 1104 1787 1124 cum

1002 1146 1054 1171 quo
1091 1138 1215 1172 litigetis.
1250 1140 1295 1166 sed
1322 1145 1400 1174 Quem
1442 1141 1561 1168 salvetis.
1600 1141 1658 1176 Ipse
1697 1147 1786 1169 autem

1002 1184 1072 1211 Deus
1102 1185 1184 1218 pacis,
1211 1185 1255 1219 qui
1279 1194 1330 1212 non
1361 1187 1479 1221 pepercit
1510 1187 1648 1220 unigenito
1665 1195 1713 1215 suo
1740 1189 1786 1215 Fi-

1002 1229 1047 1260 lio,
1066 1235 1092 1256 et
1108 1230 1181 1256 misit
1213 1239 1274 1257 eum
1298 1233 1329 1257 ad
1349 1232 1462 1258 salutent
1488 1238 1618 1265 nostram,
1647 1233 1704 1267 ipse
1724 1241 1785 1260 om-

1002 1276 1074 1302 nium
1098 1281 1217 1302 vestrum
1233 1277 1337 1304 animas
1360 1278 1392 1304 ad
1411 1285 1490 1304 uuam
1515 1279 1734 1311 consensionem,
1752 1281 1786 1306 ad

1002 1329 1081 1347 uuam
1094 1322 1279 1353 concordiam,
1299 1323 1331 1349 ad
1355 1331 1435 1349 unum
1463 1332 1554 1357 pacem
1576 1330 1603 1354 et
1628 1325 1786 1352 charitatem

1002 1366 1100 1393 adnuet
1114 1375 1161 1400 per
1174 1368 1339 1401 unigenitum
1356 1377 1433 1395 suum
1449 1369 1544 1396 Filium
1559 1379 1565 1396 :
1582 1378 1630 1404 per
1649 1378 1729 1405 quem
1745 1376 1788 1399 est

1002 1420 1054 1439 nou
1074 1418 1136 1440 nato
1151 1414 1222 1440 Patri
1244 1415 1339 1449 gloria,
1363 1416 1458 1449 honor,
1488 1416 1641 1451 imperium,
1659 1418 1787 1451 majestas

1003 1459 1028 1486 in
1043 1459 1143 1493 Spiritu
1166 1466 1271 1491 sancto,
1287 1466 1312 1487 et
1330 1469 1399 1488 nunc
1415 1466 1441 1488 et
1460 1469 1577 1497 semper,
1593 1467 1617 1489 et
1634 1470 1679 1497 per
1697 1463 1787 1491 omnia

1003 1503 1099 1529 saecrda
1116 1504 1287 1530 saeculorum.
1303 1504 1398 1531 Amen.

1102 1625 1780 1647 Μ

545 1729 923 1813 EUSEBII
951 1732 1409 1815 PAMPHILI

453 1881 567 1938 DE
630 1878 1495 1938 RESURRECTIONE.

740 2065 917 2110 LIBER
954 2064 1201 2111 PRIMUS.

197 2241 302 2270 Dictum
312 2248 353 2271 est
364 2242 470 2279 quidem
482 2250 496 2271 a
513 2244 589 2272 nobis
602 2246 629 2271 et
642 2245 703 2272 ante
714 2244 748 2271 de
765 2244 944 2272 resurrectio.
957 2250 978 2278 ο
995 2250 1085 2274 autem
1115 2251 1142 2273 et
1159 2252 1219 2280 quae
1236 2245 1303 2272 lectu
1319 2249 1400 2278 sunt;
1426 2244 1495 2271 forte
1519 2242 1600 2271 etiam
1624 2248 1695 2276 smpe
1708 2241 1786 2269 nobis

161 2296 211 2322 ne;
230 2289 343 2317 audistis
361 2294 388 2317 et
407 2297 456 2317 vos
479 2299 486 2316 :
506 2290 552 2317 sed
571 2290 661 2317 omnia
691 2294 811 2324 tempora
836 2290 947 2324 exigunt

161 2343 236 2362 suum
260 2336 389 2368 fructum,
408 2335 539 2370 siquidem
564 2341 591 2363 et
618 2336 644 2363 in
664 2341 784 2371 tempore
809 2344 945 2369 rosarum,

161 2389 227 2408 rosa!
239 2380 392 2409 ﬂorescunt.
412 2381 567 2416 Agnoscunt
585 2386 673 2409 autem
692 2386 720 2409 et
736 2383 883 2410 secundum
898 2382 945 2410 Je-

162 2428 274 2455 remiam
290 2426 328 2460 ¹⁷,
351 2432 378 2455 et
392 2428 551 2455 hirundines
577 2432 682 2463 tempus
705 2433 732 2456 et
756 2428 800 2455 alii
820 2435 944 2463 passeres

160 2474 235 2509 agri;
251 2481 363 2508 quorum
378 2474 507 2509 propheta
519 2474 619 2501 faciens
632 2474 806 2508 mentionem,
822 2475 945 2510 increpa-

160 2519 203 2546 bat
226 2518 307 2547 lsracl
324 2519 369 2554 qui
382 2523 501 2554 tempora
522 2519 672 2554 ignorabat.
695 2519 729 2546 Et
744 2524 849 2554 tempus
870 2520 943 2547 omni

160 2565 199 2593 rei
212 2573 272 2594 osse
283 2566 499 2599 sapientissimus
516 2565 582 2592 dixit
595 2565 722 2593 Salomon
734 2565 766 2594 ".
782 2565 849 2599 Quia
863 2565 944 2600 igitur

160 2615 266 2645 tempus
283 2610 405 2646 exposcit
420 2610 454 2638 de
469 2609 666 2637 resurrectione
681 2609 802 2642 tractari,
816 2613 945 2644 expetunt

195 2678 217 2696 ιι
228 2679 239 2706 l
249 2680 312 2708 Cor.
326 2688 365 2713 νι,
377 2674 475 2713 201i.et
494 2688 540 2714 VII,
553 2680 599 2707 25.
635 2677 659 2695 ι·
671 2678 767 2708 Matth.
782 2686 847 2712 m,
859 2678 904 2706 ιο.
943 2678 948 2694 τ

1001 2684 1040 2705 er.
1051 2684 1112 2708 uti.
1127 2676 1154 2703 7.

195 2738 234 2775 (ιι)
249 2737 312 2765 Noli
333 2746 342 2766 .-

157 2781 232 2805 ,‘lltl.

206 2808 234 2845 9)
252 2809 284 2837 In
304 2817 380 2844 prece
399 2809 443 2836 ‘Ev
455 2809 533 2845 εὐχῇ,
551 2808 577 2836 in
593 2808 708 2845 votopin
722 2807 831 2845 optatis.

206 2811 234 2845 9)
252 2811 284 2837 In
304 2817 380 2844 prece
399 2811 443 2836 'Ev
455 2811 533 2845 εὐχῇ,
551 2811 577 2836 in
593 2812 666 2841 voto,
682 2811 708 2835 in
722 2811 831 2842 optatis.

195 2811 251 2880 iw)
268 2846 305 2871 Ab
325 2844 459 2872 exercitio.
481 2846 508 2871 Id
523 2849 572 2877 est,
587 2851 619 2871 ex
643 2843 794 2871 ministerio
809 2849 869 2872 meo
884 2849 944 2870 mea

160 2880 247 2909 oratio
262 2880 293 2907 ad
308 2880 406 2907 multos
416 2880 540 2910 pertinet.

366 2739 526 2766 obliviscere.
556 2738 637 2766 Forte
666 2738 710 2765 sed
738 2743 766 2764 tu
796 2736 850 2764 noli
876 2736 934 2763 obli-

998 2292 1160 2325 dicentibus,
1173 2292 1286 2319 necdum
1302 2291 1410 2325 quidam
1430 2291 1463 2317 de
1478 2287 1676 2317 resurrectione
1690 2293 1785 2314 susce-

997 2342 1095 2373 perunt
1118 2344 1270 2365 sermonem
1292 2340 1299 2363 ἑ
1320 2336 1387 2363 nihil
1411 2334 1537 2370 prohibet
1555 2337 1676 2367 repetere
1692 2338 1742 2359 nos
1757 2336 1786 2359 et

995 2384 1095 2416 denuo,
1112 2388 1139 2410 et
1155 2384 1187 2410 de
1199 2383 1241 2410 his
1257 2382 1323 2417 ipsis
1337 2385 1454 2409 tractare
1466 2380 1499 2406 ".
1513 2379 1613 2406 Eadem
1627 2378 1700 2418 enim
1717 2376 1785 2404 scri-

997 2430 1062 2458 bere
1084 2437 1133 2457 nec
1150 2429 1262 2456 Paulum
1280 2427 1366 2463 piguit
1387 2434 1395 2453 :
1417 2426 1444 2454 hi
1457 2425 1529 2453 enim
1552 2424 1599 2460 qui
1611 2423 1723 2452 credunt
1741 2430 1786 2451 re~

998 2476 1175 2504 surreclionls
1190 2482 1339 2506 sermones,
1360 2477 1440 2501 erunt
1463 2471 1597 2499 tutiores:
1614 2469 1683 2498 forte
1693 2473 1784 2496 autem

998 2521 1043 2556 qui
1055 2522 1169 2549 necdum
1184 2520 1256 2548 suasi
1271 2524 1344 2552 sunt,
1358 2517 1554 2546 suada-buntur.
1577 2514 1655 2542 Nune
1665 2513 1786 2542 creditur

997 2566 1069 2594 enim
1085 2566 1205 2594 sermoni
1220 2565 1264 2600 qui
1282 2564 1315 2591 de
1330 2562 1527 2591 resurrectione
1539 2561 1672 2592 habetur;
1684 2564 1711 2586 et
1728 2566 1786 2585 ma-

998 2615 1049 2644 gna
1072 2614 1115 2638 est
1138 2608 1283 2637 multitudo
1299 2614 1351 2634 non
1370 2606 1548 2634 credentium.
1568 2603 1689 2632 Gentiles
1712 2603 1785 2631 enim

1193 2674 1215 2690 "
1234 2673 1322 2702 Eccle.
1340 2680 1381 2706 ttt,
1395 2673 1438 2700 17.
1478 2673 1500 2689 ¹⁹
1519 2670 1635 2707 Philipp.
1650 2678 1692 2704 ut,
1705 2670 1731 2697 1.

1034 2734 1089 2771 (11)
1103 2733 1234 2771 Euratur.
1248 2731 1374 2771 Minores.
1389 2731 1469 2771 Forte
1485 2730 1591 2771 furatur
1609 2728 1784 2771 minorcrhid

997 2763 1050 2802 esi,
1068 2763 1175 2796 a’dducit
1191 2775 1239 2801 per
1260 2767 1379 2793 fraudem
1405 2773 1419 2792 θ
1433 2763 1494 2802 sinu
1515 2765 1641 2792 Ecclesia:
1655 2763 1785 2802 paruulos

999 2806 1027 2833 in
1043 2799 1107 2836 fide,
1118 2799 1223 2838 sibique
1238 2801 1456 2838 adjtitigitgtntle
1470 2800 1559 2827 alatur
1576 2809 1589 2832 εγ
1602 2800 1697 2834 quales
1715 2799 1732 2827 ii
1751 2799 1788 2827 du

1000 2835 1192 2876 quibusJutla-s
1206 2835 1291 2873 κροκι
1305 2836 1346 2868 12,
1359 2835 1515 2870 Semclipws
1530 2840 1672 2870 paucula.
