2024 3208
246 207 267 235 1
272 207 321 238 071

587 202 722 232 EUSEBII
741 199 978 230 CJSANENSIS
996 198 1047 226 ΟΡ]

1098 197 1179 225 PARS
1199 197 1242 224 IV.
1263 212 1296 217 —
1316 195 1525 224 DOGMATICA.
1592 212 1604 224 ο

1802 193 1869 218 1079.

253 275 307 295 non
318 265 450 298 credunt;
468 264 588 292 lueretlcl
605 263 687 292 simili
701 262 780 290 modo
805 262 899 289 iisdem
920 268 973 288 non
993 260 1037 287 lia-
1051 262 1073 290 Α
1091 257 1163 285 tiﬁce
1178 258 1222 292 qui
1235 256 1306 292 apud
1320 264 1369 284 nos
1380 262 1431 289 est,
1445 255 1547 282 humile
1561 253 1695 287 loquatur.
1708 250 1810 298 Etrnon
1825 259 1871 279 co-

253 313 317 341 bent
332 311 428 343 ﬁdem;
444 309 527 338 Judaei
541 309 619 337 divisi
635 313 695 336 sunt
708 308 740 335 de
753 307 960 335 resurrectione.
970 305 1038 333 Sad-

254 358 338 386 duciei
353 358 425 384 enim
441 356 613 391 intercipiunt
626 354 682 391 (l2)
693 354 928 386 resurrectionem,
940 351 1037 379 Phari-

254 405 300 432 ιτξί
315 408 404 431 autem
419 408 562 436 suscepere
579 409 586 427 :
604 400 655 427 nisi
676 399 762 434 magis
784 400 810 426 in
827 398 932 433 injuriis
953 397 1038 432 petie-

255 454 328 482 runt,
349 455 429 484 quam
446 447 648 474 honoraverunt
663 455 669 472 :
683 446 753 472 forte
779 449 868 472 autem
894 448 921 471 et
943 443 990 478 qui
1010 443 1037 469 in

255 494 374 522 Ecclesia
388 492 561 523 conveniunt,
577 491 653 518 multi
669 491 793 517 dubitant
811 490 843 516 de
862 488 1039 516 resurrectio-

255 548 306 573 ne;
324 547 384 574 quas
401 538 471 565 enim
491 537 603 564 necdum
620 536 707 564 oculis
723 536 856 568 videntur,
879 543 894 562 τι
916 534 1040 569 plurimis

255 593 308 613 non
320 583 478 611 creduntur.
492 581 558 609 Nam
569 586 596 609 et
609 581 626 608 ii
639 582 684 616 qui
702 581 851 615 suscipiunt
864 580 1039 607 resurrectio-

255 639 330 662 nem,
347 628 484 657 constituti
511 632 602 662 utpote
627 627 653 654 in
675 627 803 658 Ecclesia,
830 626 910 653 multa
936 625 1041 652 habent

255 677 335 704 dubia
349 675 375 702 in
396 679 487 701 mente
502 673 535 700 de
554 673 611 708 ipsa
625 673 834 700 resurrectione.
852 672 935 698 Aiunt
951 671 1038 702 enim,

254 720 390 756 quomodo
400 718 593 753 resurgenius?
611 718 636 744 in
654 725 707 752 quo
732 718 837 748 habitu,
851 723 903 750 qua
923 723 1037 743 conver-

253 767 371 797 satione.
385 765 411 792 in
425 772 479 799 quo
493 763 572 790 loco?
586 763 649 790 nudi
662 770 695 788 an
704 762 815 789 vestiti?
830 760 1041 788 manducantes?

255 819 308 839 non
325 811 475 845 indigentes
485 809 566 836 esca?
580 808 605 834 in
614 807 692 839 caelo,
701 807 727 834 in
742 806 882 842 paradiso?
895 813 988 833 omnes
1003 805 1041 832 si-

255 857 322 889 iiiul,
340 865 374 883 an
393 855 438 882 alii
455 854 535 882 alibi?
549 854 614 886 Qua:
626 852 788 879 diversitas?
812 856 902 879 utrum
919 852 944 878 iii
964 851 1040 883 locis,

248 909 301 930 aut
316 903 342 930 iii
359 900 556 936 dignitatibus?
576 899 609 927 Et
624 900 657 926 de
670 900 710 926 his
724 899 769 933 qui
782 899 931 933 puniuntur
952 901 1040 924 utrum

255 953 282 975 ot
295 955 412 982 semper,
428 951 474 973 aut
486 951 592 980 tempus
603 945 721 979 aliquod,
735 949 762 971 et
772 950 859 970 utrum
876 950 981 977 semper
995 950 1043 977 per

256 994 356 1028 ignem,
368 997 414 1020 aut
427 991 570 1027 aliquando
584 990 680 1017 aliter?
693 990 725 1016 Et
740 995 829 1016 utrum
851 989 896 1023 qui
915 989 1002 1022 plura,
1017 993 1043 1016 et

256 1046 350 1074 parva,
368 1043 395 1065 et
411 1037 456 1072 qui
470 1036 553 1064 multa
570 1040 761 1071 peccaverunt,
786 1042 892 1070 semper
910 1034 1044 1061 habebunt

256 1083 382 1119 poenam?
398 1082 430 1109 Et
445 1082 466 1109 si
482 1081 610 1108 videbunt
633 1088 661 1108 se
687 1080 814 1107 invicem.
836 1084 883 1106 aut
897 1080 1043 1106 secundum

256 1128 418 1157 eminentiae
432 1127 476 1155 alii
493 1127 519 1154 in
532 1127 584 1154 alio
598 1127 657 1154 loco
673 1125 817 1161 punientur
828 1146 834 1152 .
852 1126 884 1153 Et
896 1131 984 1153 utrum
998 1126 1043 1160 qui

254 1175 410 1211 puniuntur
432 1174 455 1201 si
482 1173 642 1208 semetipsos
655 1173 784 1201 videbunt
800 1172 874 1208 (l3);
892 1177 919 1199 et
937 1172 958 1199 si
979 1172 1043 1206 justi

254 1228 314 1252 eos,
328 1220 373 1255 qui
394 1220 420 1246 in
437 1218 525 1254 poenis
539 1223 601 1245 sunt
618 1227 626 1245 ε
644 1223 671 1245 et
688 1219 709 1245 si
729 1217 746 1245 ii
762 1217 808 1252 qni
828 1218 852 1244 in
871 1217 960 1252 pmnis
973 1223 1043 1249 sunt,

257 1267 341 1300 iustos
361 1264 553 1300 conspiciunt?
567 1264 598 1291 Et
611 1264 683 1291 inille
692 1269 755 1291 sunt
766 1264 929 1299 qumstiones
940 1264 973 1291 de
985 1271 1046 1298 pro-

258 1314 345 1348 posita
365 1312 574 1341 resurrectione.
601 1311 696 1339 Tantis
712 1312 794 1347 igitur
814 1311 960 1346 propositis
977 1318 1047 1345 qua:-

258 1359 405 1392 stionibus,
426 1363 453 1386 et
463 1358 546 1385 tantis
561 1365 614 1384 non
629 1358 811 1391 credentibus,
830 1363 857 1384 et
871 1357 953 1384 tantis
967 1356 1046 1383 dubi-

259 1405 396 1438 tantibus;
409 1404 532 1432 oratione
550 1411 617 1438 opus
630 1408 683 1436 est,
697 1408 724 1430 ut
738 1403 823 1438 ipsius
843 1402 1047 1429 resurrectionis

260 1451 402 1483 Dominus,
423 1455 452 1478 et
479 1450 626 1484 impensius
641 1449 750 1483 quidem
769 1448 871 1475 tribuat
896 1454 1046 1474 sermonem

260 1495 371 1528 dicenti,
384 1495 548 1522 intellectum
561 1500 650 1522 autem
666 1494 850 1521 audientibus.
868 1493 1005 1527 Siquidem
1020 1498 1048 1519 et

260 1542 294 1568 iis
305 1549 364 1576 quae
380 1541 451 1568 dicta
464 1546 527 1568 sunt
543 1541 614 1568 aliud
626 1548 708 1566 unum
729 1544 771 1566 est
785 1547 930 1567 commune
941 1539 1047 1570 vitium,

260 1588 332 1623 quod
349 1587 472 1622 iurgatur
483 1588 613 1613 adversus
631 1586 870 1613 resurrectionem.
887 1584 962 1612 Multi
976 1585 1047 1611 enini

260 1633 382 1667 suntqui
403 1637 527 1667 peccant,
545 1632 621 1667 pauci
645 1637 736 1658 autem
759 1631 806 1666 qui
832 1639 862 1658 se
884 1630 1047 1658 custodiunt.
1064 1625 1084 1635 “⁴

261 1677 301 1705 llli
314 1678 395 1713 igitur
410 1677 456 1712 qui
475 1678 644 1711 delinquunt,
667 1677 762 1704 nolunt
788 1683 848 1704 esse
871 1676 1050 1703 resurrectio—

262 1733 335 1756 item,
351 1728 378 1750 iit
395 1731 448 1751 non
463 1724 602 1750 incurrant
615 1723 641 1750 iii
658 1730 767 1757 pinnas;
786 1723 832 1750 sed
843 1730 918 1750 suam
933 1722 1051 1749 volunta-

263 1775 316 1796 tem
344 1771 453 1797 decreto
470 1769 678 1796 resurrectionis
704 1773 855 1803 opponunt,
874 1773 902 1795 et
921 1768 1051 1795 resistunt

262 1816 328 1843 Deo.
352 1815 420 1849 Quia
442 1815 513 1842 enim
538 1815 630 1841 volunt
654 1823 669 1840 a
693 1815 801 1850 negotio
830 1813 937 1840 liberari
967 1813 1050 1840 semel

266 1862 423 1893 morientes,
451 1861 545 1888 nolunt
573 1861 599 1887 in
617 1865 701 1888 totum
724 1867 785 1888 esse
812 1860 1051 1891 resurrectionem,

263 1912 296 1934 ut
311 1915 362 1934 non
384 1907 500 1934 habeant
516 1913 637 1936 causam,
658 1913 743 1940 neque
763 1907 892 1932 rationein
909 1905 970 1932 vita:
984 1913 1052 1939 prte-

264 1959 338 1981 stent
355 1957 415 1987 post
430 1951 639 1986 iiiortenijudici
661 1951 724 1978 Deo.
742 1951 811 1986 Ergo
824 1952 949 1986 jurgatur
965 1956 992 1977 et
1004 1951 1052 1977 lio-

263 2006 325 2027 rum
352 1997 477 2024 voluntas
502 1998 612 2024 decreto
635 1997 865 2024 resurrectionis:
885 1997 947 2031 quia
972 1997 1053 2030 igitur

265 2049 340 2071 tanta
358 2048 385 2070 et
402 2043 464 2070 talia
481 2047 546 2069 sunt
569 2050 629 2076 qua:
652 2048 820 2077 quaeruntur,
846 2043 970 2070 oratione
985 2050 1053 2077 opus

265 2094 317 2120 cst,
334 2093 362 2115 ut
377 2088 463 2115 victor
479 2093 588 2123 superet
602 2088 752 2115 universos.
765 2087 822 2115 Non
836 2088 991 2123 ignoramus
1006 2097 1053 2115 au-

267 2142 321 2162 tem
342 2140 365 2162 et
378 2134 453 2167 illud,
469 2135 531 2169 quia
543 2135 619 2162 inulti
636 2140 795 2169 putaverunt
815 2135 897 2161 Deum
913 2134 982 2162 nihil
995 2143 1053 2161 ani-

267 2181 338 2216 plius
352 2187 431 2214 posse
445 2188 523 2214 quam
541 2187 600 2208 nos.
618 2179 715 2207 Incerti
735 2184 798 2206 sunt
815 2179 885 2205 enim
901 2183 928 2205 et
945 2183 1053 2206 movent

265 2231 292 2253 et
305 2225 442 2252 adducunt
458 2225 484 2252 in
500 2225 588 2252 medio
605 2225 755 2252 istiusmodi
771 2225 958 2258 quaestionem.
980 2224 1052 2251 Mor-

1088 303 1174 339 gitant
1189 308 1320 338 quantum
1346 303 1461 329 interest
1488 300 1558 327 inter
1585 298 1667 325 Deum
1696 302 1723 324 et
1749 297 1873 324 homines

1088 354 1218 377 mortuos.
1232 349 1378 377 Gentilium
1397 348 1478 381 igitur
1491 346 1565 373 ninlti
1578 344 1660 372 semel
1675 343 1871 379 providentiam

1089 396 1115 422 in
1132 395 1173 422 his
1184 395 1309 422 omnibus
1322 394 1471 429 ejicieiites,
1484 397 1509 419 et
1526 400 1540 418 a
1554 391 1608 419 Deo
1632 391 1692 417 vivo
1713 390 1874 424 semctipsos

1089 441 1257 473 fraudantes,
1280 440 1337 466 ausi
1354 444 1415 467 sunt
1431 439 1533 468 dicere.
1550 437 1620 472 quod
1642 441 1669 464 et
1694 441 1817 471 repetere
1832 441 1873 462 tu-

1091 492 1146 514 tuni
1162 495 1215 514 non
1231 491 1282 514 est.
1303 485 1342 513 Illi
1356 485 1429 512 enim
1438 484 1502 512 sine
1525 483 1580 510 Deo
1601 486 1711 518 agentes
1735 489 1810 516 spem
1834 489 1873 508 re-

1089 532 1268 560 surrectionis
1280 531 1447 559 interimunt.
1467 529 1605 563 Qui‘cniin
1625 536 1688 556 eum
1701 528 1745 562 qui
1764 527 1875 554 suscitat

1091 584 1198 613 negant,
1213 577 1318 605 diﬁicile
1333 582 1375 604 est
1395 581 1424 603 ut
1436 575 1617 602 conﬁteantur
1640 573 1874 600 resurrectionem.

1090 625 1144 653 Sed
1165 625 1348 658 relinquamus
1364 623 1459 650 horum
1474 620 1722 656 importunitatem,
1736 624 1766 645 ut
1780 626 1794 644 a
1812 625 1876 653 pne-

1091 671 1128 699 ris
1143 671 1347 699 convincantur.
1371 668 1425 695 Nec
1444 668 1516 695 enim
1533 667 1566 694 ad
1583 672 1677 694 omnes
1702 670 1806 693 certare
1828 673 1876 692 nos

1091 726 1140 753 par
1154 722 1205 750 est,
1220 724 1306 752 neque
1325 716 1358 743 ad
1370 721 1462 742 omnes
1472 713 1592 748 jnrgari;
1610 712 1743 746 siquidem
1769 719 1818 738 nec
1845 711 1876 736 ad

1091 763 1200 791 insanos
1216 761 1405 789 consuevimus
1428 761 1461 787 de
1470 759 1684 794 cogitationibus
1697 757 1770 784 sanis
1783 756 1855 791 loqui
1868 765 1875 783 ι

1090 810 1137 845 qui
1154 815 1244 837 autem
1267 808 1451 842 imprudenter
1475 807 1512 833 ita
1531 806 1684 840 jnrganiur,
1700 813 1751 831 non
1772 804 1806 831 ad
1820 813 1878 834 nos.

1091 856 1140 883 sed
1152 855 1185 883 ad
1201 856 1287 889 ipsum
1303 855 1422 881 ordinem
1435 852 1595 885 ofﬁciorum,
1612 856 1638 878 et
1651 851 1684 878 ad
1701 850 1809 885 opiﬁeia
1822 857 1878 884 quis

1092 902 1166 937 jussa
1190 905 1352 934 sequuntur,
1369 900 1401 926 ad
1426 899 1492 926 solis
1510 898 1616 925 scilicet
1635 905 1755 929 cursum,
1779 896 1812 923 ad
1831 895 1879 922 imo

1095 947 1268 974 mutationem
1283 945 1364 978 inme,
1386 945 1418 971 ad
1433 944 1572 971 stellarum
1588 943 1697 973 choros.
1713 944 1747 969 ad
1761 941 1878 968 transla-

1095 993 1194 1020 tionem
1211 992 1339 1019 horarum
1355 990 1411 1026 (Η)
1427 997 1487 1025 quae
1500 996 1548 1024 per
1558 996 1644 1016 annos
1653 986 1720 1015 elﬁci
1733 992 1880 1014 consiievea

1094 1043 1167 1072 runt,
1191 1038 1224 1065 ad
1242 1037 1358 1065 oﬁicium
1382 1036 1475 1068 maris,
1497 1034 1530 1062 ad
1552 1039 1662 1066 terram,
1680 1034 1713 1060 ad
1728 1039 1833 1064 aerem,
1848 1032 1880 1058 ad

1094 1084 1223 1119 pluviam,
1235 1088 1263 1110 et
1274 1082 1307 1110 ad
1320 1081 1411 1110 omnia
1424 1088 1483 1115 qua!
1496 1084 1658 1114 sequuntur,
1672 1078 1705 1106 ad
1716 1077 1806 1105 ofﬁcia
1818 1082 1882 1104 aeta-

1096 1136 1163 1162 tum.
1179 1131 1211 1157 ad
1225 1129 1376 1161 hominum,
1389 1128 1423 1155 ad
1435 1127 1604 1158 animalium,
1619 1126 1652 1152 ad
1666 1125 1754 1152 avium
1768 1122 1881 1151 diversi‘

1096 1182 1175 1210 tates,
1202 1175 1236 1202 ad
1254 1175 1389 1206 vultuum,
1417 1173 1450 1201 ad
1468 1173 1618 1207 specierum
1638 1171 1770 1203 habitum,
1798 1173 1828 1197 ut
1849 1170 1883 1197 sit

1096 1223 1241 1257 unicuique
1270 1221 1436 1249 conveniens
1463 1227 1536 1252 esca,
1570 1219 1752 1246 inembroniui
1782 1221 1883 1252 partes,

1096 1268 1217 1295 dentium
1233 1267 1349 1300 numeri,
1375 1266 1535 1300 ungularum
1559 1272 1701 1296 niensnrie,
1724 1263 1882 1298 capillorum

1095 1315 1194 1346 oﬁicia,
1210 1314 1370 1348 compositio
1385 1315 1568 1343 membrorum
1591 1321 1599 1339 ς
1619 1312 1676 1339 haec
1689 1311 1780 1338 omnia
1802 1310 1884 1339 siler-

1099 1361 1135 1387 tio
1149 1360 1269 1387 clamant
1284 1359 1419 1393 opiﬁcem.
1434 1364 1462 1386 et
1476 1359 1642 1393 provisoreni
1653 1357 1773 1385 omnium
1789 1357 1883 1384 Deum.

1096 1406 1165 1439 Quia
1183 1406 1265 1440 igitur
1290 1406 1341 1432 ista
1370 1405 1434 1432 caici
1463 1413 1517 1432 non
1548 1405 1683 1437 viderunt,
1705 1411 1753 1438 per
1777 1411 1809 1431 ea
1827 1411 1885 1437 qua:

1098 1451 1224 1478 videntur
1239 1449 1400 1477 invisibilem
1415 1459 1422 1477 :
1438 1451 1550 1478 stultum
1572 1454 1614 1476 est
1630 1450 1662 1476 de
1674 1448 1812 1476 coloribus
1830 1448 1886 1482 jur-

1097 1497 1156 1532 gari
1172 1497 1205 1523 ad
1222 1504 1309 1524 crocos
1335 1504 1342 1523 :
1363 1496 1428 1531 quid
1442 1496 1514 1523 enim
1529 1494 1664 1522 eﬁicacrus
1678 1499 1720 1522 est
1732 1494 1778 1522 Dei
1796 1494 1887 1529 provi-

1099 1543 1208 1570 dentia?
1221 1543 1285 1577 quid
1309 1547 1398 1570 autem
1414 1543 1496 1570 breve
1510 1542 1580 1576 quod
1596 1546 1706 1576 putatur
1730 1548 1782 1568 non
1807 1541 1834 1568 in
1859 1547 1886 1567 se

1101 1589 1233 1623 :equalem
1256 1595 1271 1614 a
1294 1587 1440 1621 majoribus
1462 1587 1612 1614 invenietur
1627 1587 1726 1614 habere
1742 1586 1885 1621 providen-

1102 1634 1185 1660 tiam?
1198 1634 1252 1661 Cur
1264 1634 1336 1661 enim
1352 1633 1525 1661 formicarum
1539 1633 1659 1660 salvalur
1674 1639 1758 1667 genus
1770 1632 1797 1658 in
1809 1631 1885 1657 simi-

1102 1679 1233 1706 litudine?
1245 1687 1293 1706 cur
1306 1679 1395 1713 apium
1409 1685 1436 1706 et
1449 1679 1617 1711 operationes
1630 1678 1656 1704 in
1668 1683 1813 1705 commune
1827 1677 1885 1702 rej-

1101 1725 1213 1757 diintur,
1224 1730 1252 1752 et
1264 1725 1354 1752 habita
1365 1724 1482 1752 minimis
1494 1724 1519 1751 in
1533 1723 1681 1751 substantia
1691 1723 1703 1750 2
1712 1730 1771 1757 qua
1780 1723 1885 1757 quidem

1101 1776 1128 1797 ct
1144 1769 1285 1802 involatu,
1302 1776 1328 1797 et
1349 1777 1488 1805 processu,
1506 1774 1533 1796 et
1548 1776 1683 1803 regressu,
1712 1773 1739 1795 et
1760 1768 1786 1795 in
1808 1774 1887 1801 opere

1102 1816 1277 1843 consentiunt
1289 1816 1352 1842 sibi.
1368 1815 1434 1848 Quis
1453 1815 1515 1842 fecit
1536 1815 1604 1842 mel?
1618 1814 1711 1849 utique
1730 1813 1775 1848 qui
1787 1814 1887 1840 consti-

1103 1862 1154 1889 tuit
1170 1861 1343 1895 medicinam,
1366 1869 1427 1896 quae
1450 1868 1481 1888 eo
1498 1861 1530 1888 ad
1546 1860 1677 1888 medelam
1695 1861 1780 1890 utitur
1806 1858 1888 1886 homiz

1103 1916 1178 1935 num.
1194 1907 1265 1940 Quid
1281 1907 1351 1934 enim
1365 1915 1418 1935 non
1433 1907 1543 1943 plenum
1559 1911 1600 1933 est
1618 1905 1805 1940 providentia?
1827 1904 1888 1940 quid

1103 1961 1156 1980 non
1176 1953 1275 1980 clamat
1292 1953 1458 1987 provisorem
1475 1952 1576 1979 Deum?
1594 1951 1688 1980 Noane
1713 1951 1814 1983 herbae,
1831 1958 1890 1985 qua:

1104 1999 1247 2026 utilitatem
1266 1999 1386 2033 pra-bent
1411 1998 1540 2025 medelis?
1564 2005 1651 2025 noiiiie
1666 1997 1753 2032 pisces
1782 2004 1798 2024 e
1821 1997 1889 2023 mari

1103 2045 1237 2080 producti.
1254 2043 1362 2078 quidam
1382 2043 1490 2078 quidem
1509 2043 1542 2070 ad
1555 2051 1643 2076 escas,
1668 2043 1776 2077 quidam
1800 2048 1890 2069 autem

1103 2091 1136 2117 ad
1151 2090 1248 2117 curas?
1259 2089 1354 2116 Nonne
1366 2089 1468 2123 lapides
1487 2089 1575 2121 incisi,
1590 2093 1618 2116 ut
1632 2088 1677 2116 alii
1691 2089 1800 2123 quidem
1814 2088 1891 2114 utiles

1104 2136 1157 2163 sint
1171 2136 1203 2163 ad
1217 2135 1331 2163 ediﬁcia
1351 2139 1378 2162 et
1395 2139 1463 2162 tecta
1480 2140 1508 2162 et
1522 2139 1706 2169 nperauienia,
1728 2134 1775 2161 alii
1797 2141 1891 2161 ιιεεεο

1104 2183 1169 2210 sarii
1198 2181 1231 2209 ad
1254 2188 1396 2216 corporum
1409 2182 1551 2213 sanitates,
1574 2181 1635 2216 quia
1650 2184 1678 2207 et
1696 2180 1892 2207 inﬁrmantur?

1105 2229 1198 2256 Nonne
1216 2236 1285 2256 esca:
1299 2228 1359 2256 alia:
1372 2228 1432 2256 aliis
1444 2229 1629 2260 succedentes,
1643 2233 1669 2255 et
1686 2227 1744 2254 alia:
1759 2235 1821 2256 cuni
1835 2229 1892 2254 aliis

267 2277 329 2302 titus
339 2276 393 2304 est,
411 2271 507 2305 inquit,
530 2271 575 2304 qui
594 2276 716 2297 mortuus
730 2275 790 2303 est;
807 2275 834 2296 et
851 2269 924 2296 illam
945 2270 1047 2305 quidem

1106 2275 1286 2310 insequentes.
1301 2275 1444 2302 ostendunt
1459 2279 1666 2310 praiparatorem
1685 2274 1788 2301 Deum?
1801 2274 1893 2302 Nonne

266 2324 371 2354 partem
397 2319 456 2353 ejus
478 2317 567 2352 aquila
587 2316 761 2344 manducavit
784 2321 831 2342 aut
850 2315 948 2343 vultur.
973 2315 1054 2343 Forte

266 2370 356 2392 autem
371 2372 422 2391 non
434 2363 574 2398 patiuntur
587 2363 685 2398 aquila:
699 2361 850 2389 istiusmodi
863 2362 1053 2389 humilitatem.

265 2411 364 2443 Aliam,
381 2411 479 2446 inquit,
497 2410 600 2445 accepit
614 2409 699 2441 canis,
710 2414 738 2436 et
751 2415 846 2435 canem
861 2412 889 2435 ut
900 2413 964 2443 puta
981 2415 1052 2435 saeva

265 2457 355 2484 bellua
384 2457 559 2484 manducavit
582 2464 589 2482 :
615 2461 662 2482 aut
680 2455 752 2482 aliud
775 2454 883 2489 aliquod
898 2454 1008 2487 animal,
1027 2459 1054 2480 et

265 2503 338 2531 istud
351 2503 452 2530 animal
464 2502 645 2533 interfectum,
661 2501 831 2529 combustum
848 2505 900 2533 est,
918 2506 964 2527 aut
979 2505 1053 2527 certe

265 2550 417 2585 oliputruit,
436 2554 483 2576 aut
494 2549 581 2583 ipsum
593 2549 626 2575 ab
644 2548 695 2575 alio
709 2547 825 2582 quodam
839 2551 988 2574 comestum
1002 2551 1052 2577 est,

268 2595 325 2621 tieri
348 2596 420 2621 enim
446 2594 498 2620 huc
519 2598 620 2628 potest;
645 2597 728 2624 tanta,
757 2592 856 2626 inquit.
878 2590 1052 2618 successione

267 2641 349 2671 facta,
363 2646 390 2668 et
404 2647 467 2667 casu
486 2647 580 2667 eorum
595 2639 639 2672 qui
657 2637 755 2664 mortui
777 2644 839 2664 sunt
857 2637 891 2663 ab
907 2636 959 2662 alio
974 2636 1000 2662 in
1015 2637 1053 2662 al—

268 2691 366 2717 terum,
381 2687 526 2720 quomodo,
544 2685 640 2719 inquit,
666 2688 753 2718 potest
776 2683 847 2709 Deus
870 2683 990 2709 invenire
1005 2682 1056 2708 iiii-

270 2733 352 2760 tiuin?
366 2737 491 2767 tanquam
506 2732 538 2758 de
551 2731 631 2766 ﬁgulo
647 2732 749 2764 aliquo,
767 2734 810 2755 aut
829 2729 861 2755 de
876 2728 991 2763 quodam
1010 2736 1055 2754 ar-

305 2799 360 2834 (12)
379 2799 563 2833 Inlercipiunt.
580 2798 652 2825 Infra
667 2797 720 2825 col.
732 2796 832 2834 1075A
844 2805 850 2822 :
863 2795 892 2822 Si
911 2796 1053 2824 intercepe-

270 2832 560 2862 rinius'resurrectionis
572 2841 640 2866 spem
653 2841 662 2858 :
675 2839 702 2859 et
718 2840 791 2866 supr.
808 2832 852 2858 lib.
870 2839 888 2860 ι,
901 2834 978 2865 paulo
995 2836 1054 2863 post

269 2870 375 2934 i'iiititini
409 2876 417 2895 :
455 2868 539 2895 Filius
565 2868 673 2895 Verbum
709 2869 794 2894 dictus
839 2875 889 2893 nun
923 2866 1052 2900 intercipit

296 2913 365 2933 eum.

296 2913 365 2933 eum.

1105 2321 1251 2348 secundum
1264 2320 1474 2356 uniuscujusque
1484 2321 1605 2349 habitum
1615 2321 1737 2348 animalis
1749 2328 1891 2352 mansure.

1106 2367 1315 2402 magnitudines,
1342 2369 1525 2403 compagines,
1546 2368 1665 2394 membra
1690 2372 1753 2394 sunt
1768 2367 1843 2398 data,
1868 2374 1892 2394 et

1106 2414 1318 2448 unumquodque
1344 2414 1378 2440 ad
1405 2421 1482 2441 suam
1507 2413 1695 2440 necessitatem
1719 2416 1743 2439 et
1766 2413 1891 2439 virtutem

1107 2459 1228 2493 accepit?
1245 2459 1328 2494 Equis
1341 2459 1412 2486 enim
1426 2458 1554 2486 velocitas
1566 2458 1628 2485 data
1638 2463 1691 2490 est,
1703 2463 1732 2484 ut
1747 2457 1893 2492 insequan-

1108 2508 1152 2530 tur
1169 2509 1196 2532 et
1209 2503 1330 2539 fugiant;
1344 2504 1405 2531 aliis
1418 2503 1580 2531 animalibus
1593 2503 1732 2536 fortitudo,
1750 2507 1779 2529 ut
1793 2502 1892 2529 sensim

1107 2556 1248 2584 portarent
1265 2550 1382 2585 pandera
1406 2551 1457 2578 sibi
1473 2550 1609 2583 imposita.
1629 2549 1663 2576 Et
1682 2555 1838 2577 mensurata
1854 2553 1893 2575 est

1108 2595 1254 2629 unicuique
1271 2596 1366 2628 virtus,
1389 2597 1519 2630 potentia.
1543 2595 1711 2630 magnitudo,
1730 2594 1892 2622 conveniens

1109 2649 1181 2674 esca,
1196 2646 1223 2668 et
1235 2641 1299 2676 ipsis
1313 2642 1475 2670 animalibus
1491 2642 1601 2677 propria
1615 2641 1698 2674 salus,
1710 2647 1770 2674 quae
1784 2646 1890 2675 gustare

1111 2686 1247 2716 deberent,
1267 2692 1294 2713 et
1313 2694 1328 2713 a
1346 2687 1443 2721 quibus
1465 2694 1493 2713 se
1506 2685 1663 2713 abstinere:
1680 2685 1780 2712 homini
1804 2684 1889 2711 autem

1110 2736 1136 2758 et
1153 2732 1187 2758 ab
1204 2732 1264 2759 aliis
1279 2733 1442 2760 animalibus
1461 2732 1693 2760 irrationabilibus
1710 2739 1774 2758 usus
1788 2736 1832 2758 est
1844 2731 1890 2758 da-

1105 2835 1121 2859 ἀ
1140 2799 1199 2859 ((lS)
1214 2799 1262 2827 Ms.
1278 2799 1312 2826 Et
1328 2801 1421 2826 iterum
1432 2800 1476 2834 qui
1490 2800 1643 2835 partiuntur,
1659 2799 1682 2826 si
1694 2799 1845 2833 semetipsos
1856 2797 1892 2826 i75-

1124 2842 1137 2859 ε
1148 2841 1212 2859 ιίιιιί.

1124 2841 1212 2860 ειιιιιιι.

1142 2869 1197 2904 ιιι)
1213 2871 1357 2897 Horarum.
1378 2870 1475 2906 Ὥρων,
1492 2875 1688 2905 tempestatum.
