2024 3208
169 169 241 198 1078

719 170 764 197 οε
783 170 872 199 πει)
879 170 1083 198 MECTIONB.
1099 186 1132 193 -—-
1151 170 1215 197 LIB.
1233 171 1254 198 l.

1718 171 1786 200 10'“

166 230 220 258 tus,
234 232 262 254 et
275 234 291 254 a
304 226 402 262 plantis
414 230 440 254 et
450 227 484 254 ab
497 226 651 258 arboribus,
665 233 680 254 ι
695 226 837 262 lapidibus,
852 234 866 254 a
880 226 948 254 mari
963 229 987 257 Α
1001 233 1053 252 non
1064 225 1201 261 pertinet?
1221 225 1445 261 quemadmodum
1466 230 1555 253 autem
1572 226 1700 261 pertinet,
1711 227 1733 255 si
1748 227 1785 255 εἰσ

164 277 193 302 et
212 281 227 299 ι
242 267 315 299 terra
332 281 338 299 :
356 272 477 306 undique
493 271 565 299 enirn
587 272 750 300 constitutus
767 277 810 299 est
827 271 907 299 veluti
924 272 951 298 in

166 326 223 346 uno
235 325 348 353 corpore
360 318 474 344 mundus
489 318 649 351 eonjunctus
664 318 725 344 sibi.
743 318 777 344 Et
787 317 952 352 unumquod-

170 370 219 399 que
236 365 342 398 quidem
357 368 425 397 quod
441 363 539 390 factum
555 369 606 395 est,
626 364 761 398 propriam
779 364 858 390 habet
871 368 950 389 natu-

167 417 224 438 ram
243 415 270 437 et
292 410 424 442 salutem;
442 409 554 442 plurima
572 414 661 436 autent
682 417 794 444 qumque
811 409 837 435 in
853 416 882 435 se
906 415 962 434 ηε·-

167 456 284 484 cessaris
300 456 426 482 continet.
443 455 560 490 Denique
577 458 616 482 sol
633 456 734 489 positus
748 456 855 489 quidem
873 455 951 482 estin

167 509 217 529 suo
230 500 298 531 loco,
318 501 397 527 habet
414 505 501 527 autem
525 501 660 534 propriam
684 500 906 532 magnitudinem,
925 505 953 526 et

167 547 287 582 possidet
304 552 442 580 acceptum
458 554 534 573 suum
558 546 698 581 fulgorem,
716 551 742 573 et
768 546 900 573 illuminat
920 555 951 573 ea

168 599 227 626 qua!
251 593 277 619 in
295 596 365 618 terra
387 592 527 622 habentur,
544 591 612 618 fovet
629 596 655 618 et
671 591 803 618 calefacit.
829 591 861 618 Et
884 599 953 619 nunc

168 638 277 672 quidem
290 637 393 672 longius
411 638 568 669 abscedens,
585 638 656 664 cedit
668 638 829 665 eonl'ectioni
847 639 952 671 hiemis,

168 686 197 708 ut
211 686 340 708 statutum
356 686 413 713 est;
436 690 505 708 nnttc
532 687 621 708 autent
644 682 738 709 ilerutu
758 687 909 714 revocatus,
927 689 954 710 et

169 727 202 754 ad
212 734 350 753 mensuras
363 728 504 758 accedens,
519 734 571 753 non
586 728 673 754 Subito
688 732 784 760 nocet;
807 728 954 755 exnssisset

169 771 240 798 enim
261 772 361 803 omnia,
388 773 410 799 si
426 772 514 799 subito
528 773 561 798 ad
580 780 609 798 ea
632 772 718 806 spatia
740 780 799 807 quae
818 773 955 799 dimiserat

171 817 346 849 recurrisset;
365 825 451 852 neque
462 818 556 844 iterum
569 826 620 844 non
633 818 786 844 illmniuans
800 818 952 849 intermisit.

169 868 200 890 ut
219 863 390 891 fructusnon
408 869 602 898 coquerentur;
615 871 701 898 neque
713 864 839 890 advenire
858 864 890 890 ad
906 864 956 890 im-

170 912 260 942 petum
277 907 364 934 subito
381 908 482 934 currit:
501 912 670 934 attnensura:
683 913 710 934 et
721 908 855 935 recedenti
870 906 897 934 et
913 915 950 935 re-
971 898 992 925 Β

170 953 288 978 currenti
305 958 367 979 sunt
379 953 456 979 (lake.
472 952 529 979 Non
545 953 743 988 conjungnntur
758 954 814 981 dies
830 954 953 981 nertibus

169 996 302 1026 habentes
321 996 420 1029 solem;
445 1006 465 1024 si
481 998 550 1025 enim
565 998 621 1025 haec
643 999 679 1024 ita
699 1004 799 1031 essent,
824 1000 956 1026 arsissent

170 1044 272 1072 omnia.
289 1044 342 1071 Sed
359 1044 399 1071 sol
414 1044 520 1078 quidem
540 1051 587 1078 per
601 1044 670 1071 diem
694 1043 776 1077 l'ovet,
793 1052 838 1071 ros
865 1050 954 1071 autent

170 1096 331 1117 nocturnum
347 1090 501 1116 consolatur
512 1090 646 1117 ardorem.
661 1089 693 1117 Et
707 1097 831 1117 mensura
853 1098 867 1117 a
883 1095 955 1117 terra

170 1137 209 1162 sol
226 1136 319 1167 distat,
330 1140 359 1162 ut
373 1143 458 1169 neque
470 1136 651 1170 propinquans
667 1140 785 1166 noceret,
802 1144 887 1170 neque
902 1136 956 1162 lon-

170 1181 230 1214 gius
241 1181 347 1207 distans
361 1180 452 1214 frigori
466 1181 582 1207 cederet.
600 1180 730 1207 Mensura:
746 1181 824 1215 igitur
840 1182 880 1207 his
896 1188 956 1216 quae

171 1227 197 1253 in
210 1226 279 1253 coelo
297 1232 358 1254 sunt
372 1228 404 1253 ad
419 1235 448 1253 ea
462 1235 523 1261 quae
540 1227 565 1252 itt
582 1232 650 1253 terra
671 1227 821 1259 habentur;
839 1235 888 1253 ncc
903 1235 955 1253 non

170 1278 196 1299 et
209 1281 267 1307 qua:
295 1274 321 1299 in
348 1273 414 1299 mari
438 1273 471 1299 ad
495 1277 604 1303 terram,
626 1276 653 1299 et
670 1272 721 1299 diei
738 1273 771 1298 ad
787 1278 910 1303 noctein,
930 1278 957 1299 et

171 1319 250 1346 hiemi
270 1319 303 1345 ad
326 1324 457 1345 aestatem.
488 1319 518 1346 Et
547 1327 597 1345 nou
620 1324 691 1345 tanta
714 1318 803 1352 eloqui
834 1324 955 1353 pOssunt,

170 1369 267 1398 quanta
292 1366 416 1391 universa
440 1371 533 1392 natura
555 1366 712 1399 proclamat.
743 1365 806 1392 Caeli
833 1372 956 1392 euarraul

169 1411 279 1445 gloriam
302 1410 361 1443 Dei,
385 1420 462 1443 opera
483 1418 568 1438 autem
586 1420 711 1438 uiantium
734 1411 791 1445 ejus
816 1413 955 1438 autmntiat

169 1458 364 1490 [ἱιιιιιιιηιειιιιιηι
381 1458 414 1489 ’⁸,
429 1458 493 1484 dicit
506 1458 648 1492 Propheta.
668 1458 694 1484 ln
711 1458 763 1484 alio
780 1463 869 1484 autem
887 1458 958 1492 psal-

172 1510 217 1530 tno
232 1511 246 1528 ιι
261 1510 366 1529 sursum
388 1511 472 1536 usque
489 1504 613 1529 deorsum
634 1504 721 1529 omnis
736 1508 860 1530 creatura
875 1504 955 1529 dinu-

174 1555 305 1575 tneratnr.
329 1549 361 1576 Et
376 1555 448 1576 certe
472 1555 497 1576 et
516 1551 570 1583 ipse
585 1550 631 1584 qui
650 1549 729 1580 dicit,
755 1549 819 1576 (Itali
831 1554 957 1575 enarrant

1003 271 1103 298 militer
1116 271 1232 298 moritur
1240 271 1340 306 justus,
1351 275 1378 298 et
1389 270 1504 306 impius?
1516 271 1542 299 is
1555 271 1626 301 enim
1640 273 1686 307 qui
1699 272 1795 300 alienat

1002 317 1083 351 rapit,
1098 317 1194 343 frnitus
1206 322 1247 343 est
1264 324 1323 351 qua:
1338 317 1448 352 diripuit
1465 317 1520 352 (l5)
1537 325 1544 344 :
1559 318 1603 352 qui
1624 323 1713 346 autem
1739 327 1787 346 sua

1003 362 1104 393 amisit,
1121 362 1186 389 abiit
1196 369 1306 397 gemens
1321 370 1373 389 noti
1387 363 1489 390 habens
1507 364 1604 397 spem!
1619 364 1671 391 Sed
1684 370 1788 393 nonest

1004 408 1134 443 iniquitas
1147 409 1216 443 apud
1233 409 1325 436 Deum.
1342 409 1370 436 Si
1387 408 1459 436 enim
1472 417 1523 436 non
1541 415 1582 437 est
1595 418 1657 445 spes
1667 418 1788 438 resurre-

1004 454 1109 485 ctionis,
1129 458 1156 481 et
1171 453 1294 481 solatium
1308 453 1360 480 illis
1374 454 1418 488 qui
1434 454 1495 481 istic
1512 460 1654 486 uocentur.
1671 460 1698 483 et
1719 463 1782 483 meo

1004 507 1049 526 cos
1065 499 1106 526 his
1123 500 1167 534 qui
1180 507 1227 526 sua
1246 499 1308 526 istic
1321 504 1461 534 spargunt,
1487 507 1582 535 magna
1605 500 1735 535 iniquitas
1749 504 1790 528 est

1004 546 1073 579 apud
1084 545 1196 579 justum.
1220 545 1247 572 Si
1262 546 1332 573 enim
1347 553 1420 580 :equa
1435 546 1584 574 redduntur
1600 547 1735 580 omnibus,
1747 548 1788 583 je-

1001 591 1105 625 junanti
1123 596 1149 618 et
1165 592 1282 622 ebrioso,
1307 591 1448 619 libidinoso
1468 597 1494 619 et
1506 593 1613 628 pudico,
1627 589 1748 628 'rapienti
1763 600 1802 621 etv

1004 637 1126 668 donanti,
1148 637 1280 664 occidenti
1304 642 1331 664 et
1359 638 1383 664 ei
1404 639 1448 672 qui
1473 638 1616 669 occiditur,
1644 643 1670 666 et
1696 639 1720 666 ei
1743 640 1788 674 qui

1005 681 1163 715 martyrium
1179 681 1248 708 tollit
1260 681 1326 715 (l6).
1344 682 1388 709 ubi
1404 683 1488 710 virtus
1505 687 1546 710 est
1559 684 1751 718 providentiae?
1763 684 1788 711 ln

1005 727 1147 760 przccipuis
1161 727 1232 753 enim
1253 727 1275 754 si
1292 727 1417 760 defuerit,
1433 737 1485 755 non
1504 729 1556 756 erit
1570 729 1642 756 utilis
1659 737 1746 764 neque
1762 730 1797 757 in.

1006 773 1134 799 minimis.
1153 772 1204 799 Sed
1223 780 1274 800 non
1296 773 1331 800 sit
1355 773 1525 809 sacrilegium
1550 774 1620 801 istud
1649 775 1789 802 admittere

1005 825 1188 852 quemquam:
1207 818 1263 845 sive
1282 818 1354 845 enim
1376 820 1489 854 gentiles
1512 824 1574 846 sunt
1597 819 1642 854 qui
1662 820 1790 847 adversus

1007 863 1234 890 resurrectionem
1254 869 1352 897 augent
1368 866 1445 891 nobis
1468 864 1610 898 rationem,
1634 864 1679 900 qui
1698 865 1790 892 volttnt

1007 910 1112 936 ratione
1140 917 1169 936 se
1187 916 1267 944 agere
1286 916 1395 940 cuncta.
1420 910 1465 944 qui
1483 915 1546 937 sunt
1569 910 1764 938 irrationabiles
1781 919 1788 936 :

1005 956 1229 989 quemadmodum
1252 954 1305 981 Deo
1319 955 1424 987 justitia
1444 956 1611 983 salvabitur?
1637 957 1697 984 istic
1718 957 1789 984 enim

1006 1001 1127 1028 videmus
1143 1009 1332 1035 nonnunquam
1348 1009 1474 1036 perverse
1487 1002 1592 1036 negotia
1608 1003 1675 1037 geri,
1689 1007 1718 1030 ιιι
1732 1003 1795 1030 illos

1006 1047 1115 1081 quidem
1131 1048 1176 1081 qui
1189 1052 1299 1074 cantant
1311 1053 1434 1081 putentns
1447 1048 1514 1075 bene
1527 1048 1626 1075 habere
1639 1048 1663 1075 in
1675 1049 1791 1076 mundo:

1006 1093 1073 1119 alios
1087 1098 1188 1125 autem,
1203 1093 1246 1127 qui
1264 1093 1394 1126 diripiunt
1409 1098 1436 1120 et
1452 1093 1581 1125 ditantur,
1602 1093 1686 1121 laetari
1705 1098 1732 1121 et
1746 1101 1792 1121 sa-

1007 1146 1055 1165 nos
1071 1146 1132 1165 esse
1142 1146 1265 1172 corpore,
1286 1139 1355 1165 forte
1370 1139 1454 1174 magis
1474 1139 1580 1174 iniquos
1593 1148 1673 1174 quain
1692 1140 1793 1174 justos,

1006 1190 1033 1211 et
1060 1193 1249 1219 nonnunquam
1275 1185 1370 1212 melius
1397 1193 1496 1219 corpus
1525 1185 1643 1218 habere,
1670 1191 1697 1214 et
1725 1186 1794 1213 ﬁlios

1007 1230 1190 1264 quautplurcs,
1204 1235 1230 1257 et
1241 1230 1295 1258 hos
1305 1231 1462 1263 incolumes,
1473 1237 1500 1258 et
1517 1232 1643 1259 mulieres
1656 1239 1717 1259 cum
1729 1232 1795 1259 viris

1007 1276 1093 1303 betam
1113 1277 1210 1310 degere
1234 1276 1327 1307 vitam,
1342 1281 1369 1303 et
1381 1284 1519 1304 servorum
1542 1277 1739 1304 multitudinem
1755 1277 1794 1305 eis

1007 1329 1078 1353 esse,
1097 1326 1123 1348 et
1139 1329 1219 1355 opum
1245 1326 1272 1348 ct
1291 1322 1502 1357 possessionum,
1528 1327 1556 1350 et
1581 1323 1689 1350 condita
1709 1322 1794 1351 multa

1007 1368 1157 1394 substantia
1175 1368 1259 1402 larga,
1279 1376 1358 1403 quam
1380 1373 1407 1395 et
1431 1369 1618 1396 transmittunt
1647 1369 1679 1396 ad
1702 1369 1791 1397 ﬁlios:

1004 1411 1068 1445 justi
1085 1417 1174 1439 autem
1190 1419 1311 1447 gemunt,
1322 1418 1418 1440 etcum
1433 1421 1548 1441 maerore
1567 1414 1665 1449 degunt
1679 1414 1705 1441 in
1719 1422 1796 1441 mun-

1008 1458 1061 1486 do:
1073 1463 1099 1484 et
1116 1459 1160 1485 ubi
1174 1464 1213 1486 est
1232 1459 1334 1494 jnstitia
1347 1467 1407 1494 qua:
1423 1468 1437 1486 a
1452 1460 1506 1488 Dco
1525 1460 1586 1488 est?
1602 1460 1635 1487 Et
1648 1461 1671 1488 si
1687 1460 1794 1496 quidem

1008 1504 1040 1530 ad
1059 1502 1164 1530 inda-os
1182 1505 1217 1530 sit
1230 1512 1318 1532 sermo
1330 1524 1338 1538 ,
1359 1505 1423 1540 quid
1438 1505 1537 1540 profuit
1551 1507 1675 1539 Abrahae,
1689 1510 1718 1534 ut
1733 1514 1796 1542 pro-

1009 1549 1164 1576 missionem
1176 1551 1284 1584 quidem
1296 1551 1442 1585 acciperet,
1458 1552 1490 1578 ad
1503 1552 1695 1586 promissiones
1706 1558 1795 1581 autem

171 1595 285 1630 gloriam
306 1595 361 1625 Dei,
380 1604 430 1622 non
452 1595 615 1629 loquentiam
637 1596 747 1622 audivit.
765 1595 809 1622 Ait
821 1595 891 1622 enitn
908 1604 957 1622 non
971 1585 992 1613 (δ
1011 1604 1061 1622 non
1077 1596 1228 1630 perveniret
1246 1605 1252 1623 :
1271 1597 1370 1632 quique
1387 1602 1490 1631 patrem
1504 1585 1621 1632 quidem
1641 1598 1797 1625 amantissi-

171 1647 227 1665 esse
242 1640 366 1672 loquelas,
391 1648 471 1674 neque
496 1648 625 1666 tentiones
636 1640 658 1655 “
675 1648 682 1666 :
702 1640 846 1667 tacentium
870 1645 958 1666 autem

171 1692 266 1712 eorum
280 1686 305 1711 in
321 1689 427 1712 omnem
440 1687 566 1712 mundum
580 1686 677 1713 exiisse
693 1694 787 1714 sonum
802 1693 893 1712 eorum
911 1687 958 1712 ait.

173 1730 240 1762 Quia
272 1730 352 1764 igitur
379 1738 424 1764 per
450 1736 524 1757 tanta
548 1739 606 1764 qua:
622 1731 738 1758 diximus
768 1737 794 1757 et
815 1732 958 1761 taeuintns,

174 1776 230 1808 ipsa
246 1784 334 1802 rerum
352 1779 456 1811 negotia
475 1777 600 1808 clamant,
615 1782 641 1803 et
657 1777 851 1811 providentiam
864 1777 960 1812 praedi-

174 1827 236 1847 cant.
261 1821 326 1854 Dei;
345 1823 455 1848 rationis
480 1831 531 1849 non
551 1829 589 1849 est
607 1823 640 1849 ad
654 1831 700 1850 eos
718 1823 762 1856 qui
788 1822 960 1857 prmscribere

176 1874 297 1894 naturain
314 1869 416 1901 volunt,
427 1874 453 1895 et
470 1869 584 1895 visibitia
600 1876 651 1894 non
663 1869 765 1899 videre,
782 1868 961 1902 nosmetipsos

175 1915 342 1948 protendere.
372 1915 424 1941 Sed
445 1916 478 1941 ab
498 1914 601 1941 illorum
626 1915 733 1949 quidem
763 1914 960 1946 irreligiositate

176 1961 289 1987 transire
303 1961 360 1995 jam
379 1966 482 1994 tempus
499 1969 547 1988 nos
565 1961 701 1991 admonet,
714 1967 859 1994 properare
870 1964 959 1986 antetn

174 2007 207 2032 ad
220 2007 313 2037 aliam,
330 2014 362 2033 ne
384 2008 522 2034 videamur
545 2012 571 2033 et
590 2007 769 2033 coatnminari
788 2006 961 2040 inspicientcs

173 2057 231 2083 eos,
254 2051 299 2086 qui
324 2059 375 2078 non
394 2052 494 2079 vident.
518 2051 633 2077 Tantum
650 2055 739 2077 antem
767 2051 828 2077 addi
844 2055 959 2085 oportet,

174 2098 238 2130 quia
254 2097 376 2123 confessa
392 2097 559 2131 providentia
573 2103 739 2129 consequens
753 2100 794 2122 est.
810 2096 904 2122 adesse
919 2102 961 2122 re-

175 2142 383 2172 surrectionem,
402 2142 627 2176 quemadmodum
642 2148 810 2175 consequens
827 2145 854 2168 et
870 2148 962 2168 neces-

175 2189 247 2216 saria
269 2194 309 2216 est
331 2190 502 2216 resurrectio.
528 2190 592 2216 Sine
621 2197 700 2215 causa
731 2189 862 2223 justitiam
898 2189 961 2216 colit

174 2236 280 2270 ευδοιεῖ
295 2236 353 2262 sine
367 2243 447 2262 causa
466 2236 619 2269 pudicitiam
637 2235 853 2269 amatpndicus?
873 2239 900 2262 et
915 2236 959 2269 qui
977 2255 999 2283 Β

177 2281 300 2315 providet
311 2281 352 2307 liis
366 2289 424 2314 quas
434 2282 492 2308 sine
502 2281 588 2308 auima
606 2285 677 2313 sunt,
689 2281 831 2308 arboribus
843 2285 869 2307 et
886 2280 961 2313 plan-

177 2327 222 2358 tis,
241 2326 320 2358 Dens,
336 2327 471 2353 invenitur
491 2326 662 2353 rationabiles
680 2327 786 2353 animas
805 2325 960 2360 negligens?

176 2378 204 2400 et.
218 2373 264 2407 qui
281 2373 476 2407 providentiam
499 2381 574 2399 sitam
591 2372 709 2398 formicis
725 2372 853 2406 impertit,
874 2376 901 2398 et
915 2379 960 2398 os-

179 2420 320 2446 tenditeas
331 2427 389 2452 qua:
406 2427 457 2445 non
474 2419 572 2445 habent
587 2418 771 2444 rationabilem
789 2426 906 2448 sensum,
924 2417 961 2444 si-

179 2465 264 2491 bimet
274 2464 438 2494 consentire,
455 2469 482 2489 et
493 2463 670 2489 imitationem
683 2463 833 2490 concordim
844 2463 962 2494 habere;

177 2510 200 2537 si
217 2514 307 2536 tamen
329 2514 355 2536 ct
374 2514 497 2544 oporteat
514 2510 565 2535 dici
585 2508 736 2535 consentire
759 2509 810 2535 sibi
833 2516 876 2540 ea,
903 2516 963 2543 qua:

178 2563 231 2582 non
246 2556 345 2582 habent
360 2562 486 2586 sensum;
500 2555 561 2588 quia
579 2554 658 2588 igitur
669 2560 697 2580 et
711 2553 831 2580 formicis
841 2555 964 2587 providet

179 2602 260 2634 Deus,
274 2606 301 2629 et
313 2602 386 2629 dedit
410 2602 448 2628 eis
472 2607 498 2628 et
518 2600 684 2633 receptacula
710 2606 787 2626 terrae
809 2605 836 2626 et
850 2608 962 2627 concor-

178 2648 262 2678 diam,
279 2648 397 2674 Omninnt
418 2648 478 2674 licet
501 2647 552 2673 sint
570 2651 662 2672 natura
684 2645 855 2674 inﬁrmiores.
874 2651 961 2672 tamen

177 2694 230 2725 eis,
243 2701 302 2727 qua:
315 2694 446 2725 videmus,
461 2694 567 2720 donavit
582 2701 589 2720 :
609 2694 641 2719 de
655 2693 739 2719 bobus
758 2699 845 2718 autem
866 2700 962 2718 secun-

178 2739 242 2767 dum
258 2740 412 2774 Apostolnm
431 2740 546 2774 pertinet
561 2739 593 2764 ad
611 2739 690 2764 Uentn
701 2738 734 2770 ",
748 2743 774 2764 et
793 2739 825 2763 de
846 2738 922 2765 nobis
938 2739 961 2765 ci

214 2786 238 2803 ⁸⁸
255 2786 326 2813 Psal.
346 2795 422 2818 xvnt,
441 2787 466 2813 1.
515 2786 535 2802 ¹¹
556 2786 619 2813 ibid.
633 2785 659 2812 4,
681 2783 795 2812 "lCnt‘.
815 2793 852 2816 ιι,
867 2785 892 2812 9.

216 2843 273 2877 (15)
289 2843 337 2870 Bis.
355 2842 481 2870 Frum'ms
493 2848 528 2869 es!
542 2851 599 2876 qum
611 2843 730 2873 diripuit.

216 2879 273 2913 tib)
290 2878 336 2906 Ms.
353 2878 384 2905 Et
401 2880 423 2905 ei
435 2879 477 2911 qui
494 2878 645 2910 martyrium
664 2879 734 2904 colit.

1010 1650 1094 1674 mum,
1113 1647 1227 1668 matrem
1242 1643 1348 1676 quidem
1366 1642 1500 1674 dilectam,
1517 1645 1631 1677 patriam
1650 1642 1677 1670 in
1689 1651 1741 1678 qua
1755 1649 1797 1671 est

1009 1689 1144 1715 educatus
1156 1688 1265 1722 reliquit
1279 1693 1388 1723 propter
1401 1688 1587 1723 prmeeptnm?
1610 1688 1693 1716 Scitis
1707 1693 1797 1716 autem

1009 1740 1036 1761 et
1053 1742 1100 1762 vos
1117 1739 1217 1768 quanta
1234 1734 1368 1768 pernicies
1393 1735 1427 1762 sit
1446 1735 1646 1762 consuetudinis
1665 1734 1798 1761 sustinere

1011 1787 1157 1807 recessum.
1171 1779 1326 1807 Adveniens
1338 1784 1428 1806 autem
1448 1781 1480 1806 ad
1496 1784 1595 1807 terram
1612 1779 1798 1814 repromissio—

1011 1825 1065 1856 nis,
1081 1824 1242 1851 circumibat
1257 1829 1285 1850 ut
1298 1825 1456 1859 peregrinus
1470 1829 1497 1852 et
1513 1825 1627 1857 advena,
1641 1825 1798 1852 desiderans

1011 1870 1104 1896 satiari
1126 1878 1207 1904 aqua,
1227 1870 1304 1903 cujus
1325 1871 1381 1904 ipse
1396 1870 1465 1902 fons,
1484 1874 1579 1904 puteus
1597 1875 1656 1898 erat
1669 1870 1799 1898 adiuven-

1011 1920 1063 1948 tor,
1084 1915 1128 1950 qni
1146 1916 1170 1942 ei
1186 1916 1290 1942 fructus
1309 1923 1341 1942 ex
1365 1916 1543 1949 promissione
1566 1915 1709 1950 provenit?
1729 1914 1800 1942 Tor-

1012 1966 1129 1988 mentum
1150 1962 1221 1989 enim
1238 1962 1262 1988 ci
1276 1967 1334 1988 erat
1347 1962 1430 1997 ipsius
1445 1962 1631 1997 promissionis
1649 1962 1797 1990 adventus:

1011 2009 1102 2035 videre
1117 2009 1188 2035 enim
1208 2008 1425 2042 promissionem,
1440 2016 1492 2035 non
1505 2008 1622 2043 permitti
1645 2013 1732 2036 autem
1753 2016 1800 2036 ea-

1012 2054 1072 2079 dem
1087 2053 1149 2085 frni,
1164 2054 1249 2088 magis
1265 2054 1297 2079 ad
1310 2053 1502 2087 blasphemiam
1518 2053 1735 2086 adducebat,sed
1745 2061 1798 2081 non

1011 2099 1158 2126 Abraham.
1177 2098 1313 2125 Abraham
1333 2099 1405 2126 enitn
1419 2099 1521 2127 addens
1542 2104 1569 2127 et
1587 2107 1640 2126 non
1659 2100 1800 2135 perfruens

1013 2148 1041 2169 ut
1055 2151 1146 2170 mensa
1162 2143 1295 2178 apposita,
1309 2148 1336 2170 et
1349 2143 1501 2177 prohibitus
1513 2143 1659 2179 degustare
1673 2143 1752 2172 etiam
1765 2151 1799 2171 ex

1014 2189 1056 2215 his
1068 2197 1126 2223 qua:
1137 2193 1376 2223 exsuperarerant,
1390 2190 1425 2216 ita
1438 2190 1564 2217 dimissus
1577 2190 1679 2224 gratias
1692 2191 1799 2224 agebat.

1013 2235 1081 2268 Quid
1096 2242 1160 2269 ergo
1175 2234 1276 2269 profuit
1291 2235 1349 2262 illi?
1363 2235 1415 2263 Sed
1429 2236 1490 2270 quia
1518 2235 1602 2262 tilium
1617 2235 1728 2267 habuit;
1742 2239 1801 2268 post

1013 2286 1111 2314 quanta
1142 2286 1286 2314 tormenta,
1312 2286 1373 2316 post
1400 2286 1514 2314 quantas
1541 2280 1694 2307 orationes?
1723 2279 1814 2306 Servi...

1013 2327 1148 2353 Abraham
1163 2327 1310 2360 habebant,
1322 2332 1349 2355 et
1363 2327 1499 2354 Abraham
1514 2327 1670 2354 desiderans
1687 2333 1739 2352 non
1751 2326 1814 2352 hau

1014 2373 1095 2400 bebat
1111 2382 1117 2399 :
1133 2375 1178 2400 sed
1193 2374 1334 2409 eonjugem
1358 2373 1484 2405 habebat,
1501 2377 1528 2399 et
1550 2373 1629 2399 istam
1649 2372 1799 2404 honestam,

1016 2427 1128 2454 qua-que
1144 2421 1178 2446 ab
1190 2428 1223 2447 eo
1235 2421 1321 2447 ablata
1339 2424 1388 2450 est,
1406 2423 1432 2445 et
1447 2418 1524 2444 valde
1537 2425 1641 2448 amare,
1652 2425 1704 2444 non
1719 2417 1802 2444 inter-

1018 2464 1122 2496 ﬁciens,
1140 2470 1166 2491 et
1180 2471 1288 2491 mutans
1302 2465 1389 2491 locum
1406 2462 1463 2497 (l7)
1481 2468 1508 2489 ct
1529 2463 1627 2495 locum,
1645 2468 1802 2497 persevera—

1018 2510 1066 2535 \‘lt.
1080 2510 1172 2536 Dicant
1197 2518 1262 2545 ergo
1277 2509 1360 2537 Judzni
1378 2516 1438 2543 qua:
1456 2508 1628 2543 provenerint
1639 2507 1754 2535 Abrahae
1768 2514 1800 2534 ex

1019 2556 1197 2590 promiseione
1223 2557 1248 2582 in
1273 2555 1396 2589 praesenti
1422 2555 1472 2581 hac
1494 2555 1562 2586 vita,
1586 2559 1616 2580 ιιι
1633 2554 1803 2580 abscidamus

1016 2608 1108 2628 eorum
1143 2610 1216 2636 spem
1254 2601 1470 2628 resurrectionis.
1498 2601 1552 2627 Sed
1581 2599 1674 2627 habuit
1707 2598 1801 2627 ﬁlium.

1016 2647 1150 2680 Quando?
1163 2649 1239 2674 Circa
1254 2648 1429 2674 centesimum
1454 2655 1552 2675 annum
1579 2647 1657 2674 datus
1669 2651 1711 2673 est
1728 2646 1752 2673 ei
1772 2645 1804 2672 ﬁ-

1018 2693 1079 2725 lius,
1099 2699 1291 2721 lortnenloruut
1305 2695 1392 2727 potius
1405 2693 1463 2727 ejus
1473 2697 1630 2727 etprecum.
1646 2691 1713 2725 Quia
1727 2691 1802 2719 enim

1017 2740 1111 2766 habuit
1135 2745 1162 2767 et
1185 2740 1284 2766 bonum
1303 2739 1397 2771 ﬁlium,
1419 2744 1446 2766 et
1467 2739 1572 2767 laetatus
1599 2738 1625 2765 itt
1652 2737 1724 2766 dono
1749 2742 1814 2772 est,

1057 2843 1112 2878 (l7)
1128 2841 1233 2869 Locum.
1251 2840 1338 2868 Τόπον
1350 2842 1379 2867 ἐκ
1395 2840 1476 2866 τόπου
1488 2840 1628 2875 ἀμείϐων..
