2024 3208
287 194 356 226 1075

621 193 756 222 EUSEBll
775 192 1012 223 CESABIENSIS
1030 191 1106 222 OPP.
1127 191 1215 222 PARS
1233 192 1279 221 IV.
1296 207 1331 212 —
1349 190 1558 220 DOGMATICA.

1841 185 1910 217 {076

285 259 365 290 putas
389 251 526 288 accipiens
549 253 633 281 ﬁlium
660 255 718 281 sine
741 254 890 281 tentatione
916 253 950 280 de
976 256 1075 279 caetero
1090 256 1110 281 Α
1127 256 1154 279 et
1175 252 1271 279 horum
1295 251 1355 283 ﬁlii,
1369 256 1398 279 et
1423 251 1460 278 illi
1486 250 1610 278 homines
1628 248 1727 283 quibus
1752 247 1910 282 peregrinus

285 301 403 329 mansit?
417 305 445 328 et
460 308 513 328 non
530 301 586 336 ipsa
608 300 779 335 pulcltritudo
805 300 860 332 lilii,
884 300 941 334 ipsa
966 301 1073 334 sapien-

285 347 334 379 tia,
351 347 408 381 ipse
424 346 585 378 intellectus,
601 350 629 372 et
650 352 681 372 ea
706 352 766 379 quae
790 345 817 372 in
840 352 872 372 eo
892 348 971 372 erant
994 344 1073 376 bona,

286 397 497 426 etqttacunque
527 391 646 418 habebat
675 396 704 417 ut
727 391 824 417 donum
848 390 912 422 Dei,
939 389 1074 417 antariora

286 441 422 464 tormenta
444 440 553 471 operata
578 441 641 462 sunt
665 435 752 470 patri?
776 435 840 470 quid
866 435 938 462 enim
966 434 1031 462 dicit
1048 432 1073 462 ei

285 481 377 509 Deus?
390 482 435 517 qui
452 482 520 509 dixit
540 482 596 516 (18)
626 481 736 508 donavit
754 481 777 508 ei
799 480 884 507 ﬁlium
903 490 909 508 ς
929 480 1073 512 Abraham,

286 527 438 560 Abraham,
453 528 540 560 accipe
569 526 650 553 ﬁlium
676 531 749 553 tuum
771 525 860 558 Isaac,
885 534 961 560 quem
985 525 1073 559 diligis

287 572 461 606 unigenitum,
484 577 508 599 et
534 573 626 607 oﬂ'eres
647 580 704 598 eum
728 572 793 598 mihi
813 571 841 598 in
862 579 912 597 uno
934 571 1074 603 montium,
1103 598 1105 600 τ

286 627 362 653 quem
374 618 420 644 tibi
433 619 527 645 dixero
539 619 572 645 ".
586 618 614 645 Si
629 618 853 652 interceperimus
868 617 1074 644 resurrectionis
1102 643 1104 646 ,

286 671 360 698 spem
376 664 444 699 (i9),
457 664 548 691 statim
565 664 648 691 habet
661 663 791 695 dolorem,
807 664 898 690 statim
910 663 991 690 habet
1007 670 1074 690 mce-

286 718 375 738 rorem
391 710 540 738 Abraham.
561 710 621 737 Noli
636 710 708 737 enim
723 717 845 744 quaerere
861 709 883 736 si
902 717 954 736 non
969 713 1011 736 est
1024 715 1073 735 oc-

286 756 358 782 cisus
375 756 468 789 Isaac;
487 755 534 782 sed
558 763 592 782 es
607 763 662 790 quo
679 755 820 789 proposuit
845 759 932 788 pater,
951 758 1073 780 mortuus

286 806 327 828 est
344 801 414 835 patri
435 800 521 828 Isaac.
543 800 628 827 Putas
640 801 703 835 quia
719 805 747 827 et
766 804 840 826 tanta
853 805 912 827 erat
926 799 1073 826 crudelitas

286 847 357 880 apud
373 847 467 878 Deum.
484 851 514 874 ut
531 847 558 874 in
577 851 681 874 tantum
695 850 835 882 torqueret
851 846 1004 873 Abraham?
1016 845 1073 880 ipse

285 893 358 920 enim
375 897 489 919 testatur
502 897 529 919 et
544 892 610 919 dicit
627 901 634 919 :
649 892 710 919 Scio
723 894 785 927 quia
805 893 859 925 ipse
879 898 902 918 et
919 891 991 925 ﬁlius
1014 891 1071 926 ejus

1125 297 1302 324 cohabitabat
1317 296 1472 328 Abraham,
1484 302 1545 322 cum
1577 293 1693 328 undique
1710 292 1847 321 excelsum
1866 291 1906 318 fa-

1125 346 1198 370 ctum
1214 347 1287 370 esset
1296 342 1395 369 donum
1411 341 1474 373 Dei;
1494 346 1557 368 tunc
1566 340 1632 367 dicit
1648 339 1719 366 Deus
1733 343 1860 372 tanquam
1876 337 1908 364 ad

1124 388 1267 422 quemdam
1293 388 1495 415 adamantinutn
1521 395 1528 413 :
1548 386 1694 417 Abraham,
1711 384 1799 418 accipe
1823 383 1908 417 ﬁlium

1125 440 1199 460 tuum
1227 435 1388 470 unigenitum
1412 433 1510 465 Isaac,
1539 439 1613 467 quem
1641 431 1767 458 dilexisti.
1795 429 1908 457 Intueris

1125 480 1208 507 Deum
1221 488 1269 515 per
1282 481 1499 508 adhortationem
1517 480 1705 506 dehortantem
1719 486 1726 504 ε
1742 476 1823 503 solito
1836 475 1907 503 enim

1125 535 1190 554 usus
1207 531 1249 554 est
1267 527 1301 554 ad
1328 526 1464 553 Abraham
1485 531 1625 556 sermone;
1646 523 1778 558 siquidem
1796 526 1824 548 et
1847 526 1908 548 tunc

1124 580 1186 609 cum
1206 573 1366 608 praeciperet
1386 572 1410 598 ci
1433 578 1509 598 exure
1525 577 1540 597 e
1558 570 1644 604 patria
1660 576 1718 600 sua,
1736 568 1781 594 tali
1798 568 1830 593 ad
1850 574 1907 594 eum

1125 625 1189 646 usus
1213 622 1254 644 est
1278 624 1419 650 sermone,
1441 616 1486 651 qui
1507 615 1589 642 aliutn
1614 614 1705 649 utique
1729 613 1908 648 prohibuisset

1124 663 1210 691 exire.
1237 663 1304 690 Dicit
1326 663 1398 690 enim
1420 662 1444 689 ei
1468 671 1474 689 :
1494 661 1637 693 Abraham,
1660 660 1805 690 Abraham,
1831 659 1874 685 exi
1894 666 1908 685 ι

1123 711 1210 744 patria
1226 715 1283 739 tua,
1299 714 1323 735 et
1340 716 1372 735 ex
1393 708 1547 742 cognatione
1561 712 1618 738 tua,
1634 712 1657 733 et
1676 713 1709 732 ea:
1729 705 1807 731 domo
1824 705 1908 738 patris

1124 756 1195 783 tui"
1209 765 1215 782 :
1232 755 1289 782 haec
1304 755 1373 782 alius
1386 755 1408 781 si
1424 754 1566 786 audiisset,
1581 752 1667 785 magis
1679 751 1775 778 fuisset
1785 751 1908 778 detentus

1125 809 1203 836 quam
1218 801 1384 828 obaudissct.
1405 799 1458 826 Sed
1474 799 1544 826 sicut
1560 798 1669 826 athletis
1688 797 1847 825 fortioribus
1863 797 1907 831 ju-

1124 847 1220 874 beutes
1237 847 1346 874 duriora
1360 846 1519 881 praecipiunt
1534 853 1541 872 :
1557 849 1664 880 oportet
1677 849 1713 875 te,
1730 842 1827 877 inquit,
1847 850 1908 877 por-

1126 897 1195 926 tare,
1219 892 1301 920 etiatu
1325 892 1348 919 si
1369 891 1452 918 fueris
1475 890 1549 918 calce
1573 896 1734 924 percussus;
1754 893 1862 923 oportet
1883 892 1908 915 te

286 938 421 965 mandabit
433 937 564 964 custodire
578 937 658 972 legem
675 942 698 964 et
711 936 838 963 mandata
859 935 965 963 Domini
978 935 1002 951 "
1018 946 1025 963 :
1043 941 1072 963 ιιι
1087 927 1109 959 Β
1122 945 1183 966 esse
1204 938 1352 973 patientem
1363 956 1371 969 ,
1393 936 1499 964 etiamsi
1524 935 1670 962 adversum
1699 933 1806 961 Oculum
1833 938 1908 960 ιυιιιιι

285 991 319 1010 ex
337 983 389 1010 hoc
408 983 564 1010 testimonio
577 983 714 1010 Abraham
732 990 784 1009 non
807 981 892 1009 solum
913 989 961 1016 per
973 986 1072 1009 semet-

285 1029 373 1062 ipsum
391 1028 532 1063 religiosus
549 1028 701 1059 exstiterit,
722 1028 768 1055 sed
793 1032 820 1054 et
842 1035 876 1054 ex
898 1029 1025 1055 mandato
1043 1032 1072 1055 et

284 1073 351 1104 filio.
364 1074 409 1108 qui
440 1079 467 1100 et
486 1078 547 1108 post
565 1080 678 1100 mortem
696 1073 760 1100 colit
783 1077 810 1099 et
827 1077 972 1100 veneratur
987 1072 1071 1099 Deutn

285 1127 334 1154 per
349 1126 379 1146 ea
397 1127 456 1154 qua:
470 1119 610 1146 mandavit
624 1119 704 1146 Deus.
720 1119 951 1152 Quemadmodum
965 1119 1016 1146 iste
1029 1119 1071 1146 vi-

285 1173 351 1193 vens
364 1174 415 1192 non
432 1173 526 1200 ptenas
540 1166 688 1193 sustinuit?
702 1166 774 1193 dedit
788 1165 813 1193 ei
828 1165 913 1192 [ilium
931 1165 1010 1197 Deus,
1024 1165 1071 1192 de-

285 1212 325 1239 dit
335 1217 362 1238 et
380 1212 555 1238 tentationem
573 1220 580 1238 :
604 1211 626 1238 si
641 1215 712 1238 esset
734 1211 815 1244 alius,
838 1210 953 1238 dixisset
966 1210 1069 1245 utique,

285 1258 392 1286 Utinam
414 1266 466 1285 non
490 1258 666 1291 accepissem.
689 1257 824 1284 Abraham
843 1262 934 1285 autem
953 1261 981 1284 et
1001 1256 1071 1284 acci-

284 1303 361 1337 piens
378 1297 480 1338 gratias
497 1303 563 1337 egit,
578 1307 605 1329 et
620 1302 737 1329 reddens
756 1302 857 1336 gratias
879 1302 944 1337 egit,
965 1303 1070 1328 lucrum

284 1354 379 1384 utpote
398 1349 500 1377 ducens
513 1357 566 1376 non
581 1349 632 1375 frui
658 1349 753 1381 ﬁlium,
768 1348 815 1375 sed
831 1347 939 1380 offerre,
959 1348 1029 1375 sicut
1044 1352 1071 1374 et

283 1395 384 1422 factum
396 1399 438 1422 est
452 1404 458 1422 :
472 1396 519 1422 sed
530 1402 665 1429 quemque
677 1394 825 1427 respiciens
836 1393 949 1420 habuit:
964 1393 1070 1427 quando

283 1444 374 1467 autem
390 1440 546 1474 praecipitur
560 1439 631 1466 ﬁlius
644 1438 756 1465 oll‘erri?
772 1446 825 1466 non
838 1439 930 1465 statim
945 1442 973 1464 ut
991 1441 1070 1464 natus

284 1490 327 1514 est
345 1495 352 1513 :
371 1493 430 1521 qum
446 1486 518 1513 enim
535 1493 621 1519 nuper
641 1490 702 1512 nata
726 1490 802 1517 sunt,
827 1483 941 1511 necdum
968 1488 1069 1510 latttum

280 1532 386 1559 habent
399 1531 534 1559 ali'ectum.
558 1532 590 1559 Et
608 1537 752 1566 antequam
775 1531 921 1566 loquantur
941 1529 1068 1561 infantes,

1123 991 1233 1011 manum
1251 981 1424 1010 adversarius
1439 980 1606 1016 prolenderit
1621 987 1699 1007 suam
1715 987 1723 1005 :
1740 982 1767 1005 et
1778 985 1907 1012 quaecun-

1121 1037 1174 1064 que
1185 1029 1221 1056 illi
1233 1030 1363 1056 mandare
1373 1031 1546 1058 consuerunt,
1555 1030 1582 1053 et
1589 1026 1750 1053 athletarum
1764 1023 1906 1051 fortissimi

1122 1075 1259 1103 sustinere
1273 1083 1280 1101 :
1301 1075 1336 1101 ita
1358 1079 1386 1101 et
1405 1074 1467 1100 istic
1480 1072 1551 1100 Deus
1567 1079 1645 1099 suum
1662 1071 1790 1098 athletam
1805 1069 1906 1096 adhor-

1123 1127 1193 1154 tans,
1208 1119 1257 1155 per
1270 1120 1352 1147 duros
1365 1127 1424 1146 eutn
1447 1119 1571 1146 hortatur
1588 1123 1664 1145 actus
1683 1126 1690 1144 :
1713 1117 1766 1144 Exi
1788 1124 1802 1143 e
1821 1116 1907 1150 patria

1122 1173 1177 1199 tua,
1189 1171 1214 1193 el
1230 1166 1383 1201 cognatione
1396 1171 1453 1198 tua,
1468 1169 1493 1191 et
1506 1172 1538 1191 ea:
1550 1165 1627 1190 domo
1644 1163 1726 1198 patris
1741 1163 1791 1194 tui,
1809 1167 1833 1188 et
1848 1162 1905 1188 veni

1122 1213 1156 1239 ad
1176 1217 1291 1244 terram;
1306 1211 1339 1238 ad
1361 1218 1442 1245 quam
1466 1215 1591 1246 paratum
1613 1213 1704 1244 negat,
1726 1213 1753 1235 et
1771 1208 1906 1242 promittit

1122 1258 1214 1290 aliam,
1236 1263 1263 1285 et
1281 1257 1367 1291 ipsam
1393 1256 1602 1291 promissionem
1633 1255 1660 1282 in
1686 1255 1791 1282 ittcerto
1820 1254 1903 1288 ponit.

1121 1305 1179 1332 Non
1195 1306 1266 1333 enim
1290 1306 1357 1333 dixit
1381 1305 1452 1331 illam
1471 1309 1588 1335 terram;
1611 1303 1658 1330 sed
1679 1303 1708 1329 in
1734 1309 1844 1334 terram,
1866 1303 1905 1329 in-

1121 1353 1193 1386 quit,
1211 1360 1291 1384 quam
1314 1352 1359 1378 tibi
1379 1352 1514 1378 ostendero
1523 1350 1556 1378 ¹⁶.
1574 1349 1651 1376 Sicut
1670 1349 1742 1376 enim
1764 1349 1876 1384 ejiciens
1889 1356 1904 1375 e

1120 1397 1218 1432 patria,
1235 1405 1282 1431 per
1302 1403 1334 1424 ea
1347 1404 1407 1430 qua:
1421 1396 1597 1430 prohiberent
1609 1395 1699 1430 ejicit;
1718 1395 1755 1421 ita
1772 1398 1801 1421 et
1811 1394 1905 1428 praeci-

1120 1443 1198 1477 piens
1211 1442 1295 1469 lilium
1311 1449 1389 1470 suurn
1403 1441 1452 1468 sibi
1467 1441 1575 1474 olIerre,
1592 1448 1640 1474 per
1653 1440 1806 1467 istiusmodi
1825 1440 1904 1466 verba

1119 1487 1205 1522 jubet,
1221 1495 1334 1523 perquze
1346 1488 1368 1514 si
1378 1493 1449 1514 esset
1459 1487 1537 1519 alius,
1548 1495 1599 1514 non
1612 1487 1742 1514 obcdiret.
1753 1486 1900 1518 Abraham,

1122 1534 1218 1568 inquit,
1231 1534 1378 1564 Abraham,
1388 1533 1478 1567 accipe
1490 1539 1516 1559 tu
1528 1541 1534 1565 ;
1547 1540 1597 1560 nec
1615 1540 1663 1568 per
1677 1533 1759 1559 alium
1774 1532 1903 1567 praecipit,

283 1577 402 1611 perdicis
417 1583 463 1604 aut
481 1577 612 1604 columba:
630 1576 717 1604 locum
738 1577 770 1604 ad
791 1577 926 1611 genitores
942 1576 1045 1603 habent
1060 1585 1066 1602 :
1084 1598 1104 1626 c
1122 1578 1274 1611 εεάαεεῑρε,
1287 1579 1385 1613 inquit,
1397 1584 1423 1605 ιιι
1435 1579 1723 1613 ﬁliumtuam,ethunc
1735 1578 1903 1613 unigenitum,

283 1625 376 1660 visum.
389 1625 460 1652 enim
480 1629 583 1651 tanttun
599 1623 751 1656 delectant,
773 1628 801 1650 et
828 1623 1004 1658 incomposite
1028 1622 1069 1650 lo-

288 1675 402 1705 quentes
417 1678 424 1696 :
442 1678 502 1696 cum
515 1675 605 1696 autem
622 1669 785 1704 promoverit
802 1674 879 1700 tetas,
894 1672 920 1695 et
938 1667 1070 1695 ell'ulserit

283 1723 398 1748 sensus,
416 1721 443 1743 et
458 1716 571 1749 cmperit
596 1715 746 1743 intellectus
769 1721 817 1749 per
835 1715 953 1748 linguam
971 1714 1068 1748 promi,

282 1761 426 1789 ﬂoruerint
449 1766 538 1788 autem
562 1761 649 1789 aetatis
674 1761 888 1796 pulchritudines
912 1766 938 1787 et
964 1760 1069 1787 ﬁrmata

285 1807 386 1836 fuerint
401 1808 521 1834 membra
542 1808 602 1834 istic
617 1812 644 1834 et
666 1807 770 1834 iuitimn
787 1806 870 1841 ipsius
891 1806 1023 1840 corporis.
1041 1811 1070 1833 ut

284 1860 356 1883 rosa,
370 1857 416 1878 aut
433 1852 529 1879 lilium.
547 1852 589 1878 vel
605 1851 702 1885 aliquis
721 1850 771 1879 ﬂos
800 1857 934 1883 maturus,
951 1856 997 1877 aut
1013 1851 1069 1877 fru-

282 1904 342 1926 ctus
353 1898 406 1932 jam
427 1903 552 1932 paratus;
567 1897 601 1924 ita
618 1902 646 1924 et
662 1897 834 1931 pulchritudo
847 1905 907 1932 quae
917 1897 1067 1930 videbatur,

282 1949 308 1971 et
322 1944 439 1971 maxime
455 1944 609 1971 intellectus
623 1943 712 1971 ﬁectct
726 1944 874 1978 genitores,
892 1948 918 1971 et
936 1949 1021 1971 totum
1039 1951 1069 1971 se

282 1991 309 2016 iu
325 1990 456 2024 genitoris
470 1994 586 2016 evacuat
602 1998 732 2017 amorem.
750 1990 858 2018 Movent
872 1996 962 2018 autem
979 1994 1006 2018 et
1020 1990 1067 2017 lilii

283 2035 405 2062 moribus
418 2036 474 2062 suis
488 2041 614 2070 parentes
630 2041 658 2062 et
670 2035 840 2062 sermonibus
855 2041 882 2062 et
895 2035 1016 2070 loquelis.
1035 2035 1069 2062 Et

282 2081 510 2115 quemadmodum
536 2082 658 2108 extendit
688 2089 797 2107 manum
822 2081 893 2108 ﬁlius
929 2090 937 2107 ι
972 2088 1067 2115 quem-

282 2126 427 2153 admodum
454 2131 560 2160 patrem
585 2126 710 2153 hortatus
737 2131 779 2152 est
803 2131 850 2153 aut
874 2133 921 2160 per
944 2127 1066 2158 verbum,

281 2177 328 2200 aut
344 2179 391 2207 per
406 2172 535 2207 linguam,
557 2177 604 2198 aut
621 2179 668 2206 per
682 2179 741 2198 eam
763 2180 845 2205 quam
862 2172 945 2198 sumit
965 2179 1066 2199 escam.

281 2218 442 2253 Loquuntur
456 2223 546 2245 autem
560 2222 588 2244 et
600 2222 691 2252 patres
710 2218 743 2244 ad
760 2217 842 2249 filios,
859 2222 884 2244 et
900 2217 1005 2245 dulcior
1021 2217 1067 2244 lilii

1121 1624 1160 1650 ait
1178 1634 1184 1651 :
1201 1624 1336 1658 porrectio
1355 1625 1527 1658 tentationis;
1547 1632 1623 1659 quem
1645 1623 1772 1655 dilexisti.
1793 1623 1902 1657 inquit:

1121 1670 1335 1697 additamentum
1351 1670 1453 1698 doloris
1466 1670 1536 1697 aliis.
1554 1670 1588 1697 Et
1608 1675 1670 1705 post
1691 1666 1749 1698 haec
1763 1670 1902 1704 consiguat

1122 1715 1252 1749 majorem
1266 1715 1380 1750 plagam,
1395 1715 1464 1743 dixit
1480 1715 1552 1743 enim
1566 1721 1593 1742 et
1606 1723 1702 1742 nomen
1721 1715 1780 1742 lilii.
1793 1715 1862 1742 Nam
1877 1719 1901 1741 et

1119 1761 1142 1789 si
1160 1762 1216 1788 haec
1235 1763 1325 1788 omnia
1339 1766 1431 1788 essent
1446 1761 1534 1788 dulcia
1549 1767 1576 1788 et
1592 1761 1698 1792 idonea,
1715 1766 1837 1787 moveret
1853 1760 1902 1787 vis-

1119 1814 1181 1834 cera
1199 1811 1330 1841 paterna,
1352 1812 1381 1833 ut
1397 1806 1518 1840 diceret,
1535 1806 1621 1840 ﬁliuni
1644 1812 1718 1833 tuum
1742 1806 1902 1840 unigenitum

1119 1861 1195 1888 quem
1208 1852 1335 1879 dilexisti.
1354 1852 1406 1880 Sed
1420 1852 1486 1879 nihil
1499 1853 1563 1886 tale,
1576 1858 1706 1887 quantum
1725 1857 1753 1879 ct
1768 1859 1903 1886 nuncupa-

1121 1901 1220 1928 tionem
1235 1899 1294 1936 ejus
1306 1899 1490 1931 annuutiaret,
1505 1904 1533 1926 et
1545 1899 1658 1932 diceret,
1674 1898 1753 1925 Isaac
1767 1899 1866 1931 accipe,
1880 1903 1902 1924 et

1120 1947 1213 1981 oﬂ'eres
1228 1953 1287 1972 eum
1302 1945 1365 1972 mihi
1380 1945 1408 1971 in
1424 1953 1476 1971 uno
1488 1945 1628 1971 utentium.
1652 1943 1744 1979 Neque
1759 1943 1820 1971 istic
1833 1943 1904 1970 desi-

1122 1998 1187 2027 gnat
1205 1991 1303 2023 locum,
1320 1992 1366 2018 sed
1382 1991 1454 2018 sicut
1473 1989 1585 2022 eiiciens
1599 1998 1660 2017 eum
1686 1991 1719 2017 de
1741 1990 1838 2022 patria,
1855 1989 1903 2021 ait,

1123 2037 1186 2064 Veni
1200 2038 1234 2064 ad
1249 2043 1347 2064 (errant
1363 2045 1442 2071 quam
1457 2036 1506 2063 tibi
1521 2037 1676 2067 ostendero;
1693 2037 1729 2062 ita
1745 2040 1773 2062 et
1789 2036 1850 2063 istic
1865 2035 1904 2062 di-

1119 2083 1166 2113 cit,
1183 2082 1210 2108 in
1227 2089 1278 2108 uno
1294 2082 1433 2108 montium.
1457 2081 1489 2107 Et
1504 2086 1578 2108 certe
1601 2081 1714 2107 multum
1737 2079 1904 2107 commodius

1118 2128 1141 2154 si
1158 2127 1185 2153 in
1203 2128 1260 2161 ipso
1275 2126 1382 2153 fervore
1402 2126 1500 2161 negotii
1517 2125 1646 2153 liberatus
1664 2125 1759 2153 fuisset
1774 2125 1903 2153 sollicitu-

1119 2174 1181 2201 dine
1206 2174 1358 2206 Abraham,
1378 2178 1405 2200 et
1431 2181 1484 2200 non
1510 2173 1616 2200 audiret
1633 2173 1739 2200 itineris
1762 2173 1899 2205 laborem,

1119 2223 1269 2246 nocturnos
1285 2219 1424 2253 amplexus
1438 2218 1579 2251 unigeniti,
1593 2218 1837 2250 confabulationes
1854 2225 1902 2252 per

279 2268 323 2291 est
336 2271 387 2290 vox
399 2263 471 2290 omni
485 2263 539 2291 alio
550 2264 621 2297 quod
638 2263 753 2290 videtur.
768 2262 835 2289 Nam
846 2268 872 2289 et
885 2262 987 2289 frontes
998 2262 1065 2289 ﬁlio-
1082 2272 1104 2298 ο
1118 2265 1174 2293 dies
1195 2265 1293 2296 visum,
1313 2269 1414 2291 mutqu
1424 2285 1432 2297 ,
1449 2271 1607 2297 sermones,
1634 2264 1722 2299 ipsum
1747 2264 1823 2291 Isaac
1836 2264 1903 2293 dite-

279 2318 339 2338 rum
356 2310 471 2338 illiciunt
490 2316 630 2344 aspectum
644 2314 795 2343 parentum,
820 2314 848 2335 et
869 2309 941 2336 mille
966 2309 1019 2336 alia
1038 2313 1065 2336 et

279 2356 330 2383 alia
352 2361 478 2388 moveut,
501 2360 528 2383 et
547 2356 636 2383 omnia
659 2362 825 2390 quaecunque
855 2354 960 2382 locutus
984 2354 1066 2381 fuerit

279 2402 360 2432 filius.
387 2402 409 2428 si
430 2409 478 2435 per
500 2406 606 2428 noctem
631 2401 770 2435 amplexus
795 2405 852 2434 est,
878 2400 900 2427 si
921 2408 968 2434 per
992 2399 1064 2427 diem

278 2447 415 2475 blanditus
430 2451 481 2475 est.
496 2447 563 2474 Cum
581 2447 662 2482 igitur
681 2447 738 2474 haec
753 2447 842 2474 omnia
856 2451 1063 2479 concurrerunt,

278 2498 305 2520 et
319 2501 381 2521 cum
397 2498 534 2520 maturum
553 2494 654 2522 factum
669 2499 711 2521 est
730 2493 830 2520 donum
852 2493 919 2525 Dei,
938 2501 999 2521 eum
1015 2493 1065 2521 do-

277 2539 384 2567 mestici
405 2538 431 2565 in
447 2546 495 2572 spe
509 2538 601 2571 fuere,
616 2545 677 2565 cum
700 2538 796 2565 amicis
811 2537 922 2564 allatum
937 2543 976 2564 est
993 2546 1062 2566 nun-

277 2586 356 2617 tium,
370 2592 432 2612 cum
449 2584 566 2611 reddidit
575 2586 645 2611 Deus
655 2584 770 2611 Abrahae
783 2584 977 2618 promissioncs
987 2591 1062 2616 suas,

274 2629 365 2664 etiam
378 2629 490 2659 haberet
501 2630 583 2657 ﬁlium
595 2638 602 2662 ;
614 2629 755 2657 videbatur
767 2630 838 2656 enim
849 2635 876 2656 et
887 2629 936 2664 Ipsi
947 2629 1062 2659 Abrahae

275 2676 403 2703 solatium
422 2675 613 2710 promissionis
629 2675 684 2710 jam
702 2673 821 2708 factum;
839 2683 900 2702 cum
919 2673 976 2709 jam
993 2674 1060 2702 Sara

275 2721 402 2750 habuerit
419 2721 640 2755 consolationem,
659 2721 753 2755 etiam
769 2729 822 2749 non
847 2722 881 2749 ab
900 2721 996 2748 ancilla
1015 2729 1061 2748 ex-

275 2766 465 2806 probrationes
490 2767 614 2799 audiret,
629 2775 690 2794 cum
710 2768 837 2802 cognatio
852 2767 965 2794 audiens
989 2773 1061 2795 esset

275 2812 302 2847 iu
321 2812 422 2845 laetitia,
438 2821 498 2840 cum
519 2814 595 2848 pueri
612 2818 639 2841 et
653 2814 734 2845 servi,
747 2821 808 2840 cum
821 2814 918 2840 domus
933 2813 1060 2847 majores,

309 2860 334 2875 ’³
343 2859 411 2887 Gen;
424 2861 530 2890 “n.2,
568 2861 589 2876 "
601 2861 667 2888 Gen.
681 2869 756 2893 XVIII,
771 2861 814 2888 19.
852 2862 874 2877 ³⁸
888 2861 957 2890 Ceu.
970 2870 1015 2897 xu,
1032 2862 1054 2890 l.

309 2906 364 2948 (18)
383 2907 433 2940 Qui
447 2909 523 2935 dixit.
541 2908 621 2936 Forte
637 2909 701 2936 dixit
719 2910 772 2944 qui.

1117 2317 1202 2340 ctum.
1218 2312 1250 2338 Et
1264 2311 1328 2346 quid
1342 2318 1410 2345 opus
1426 2316 1467 2337 est
1483 2310 1559 2345 plura
1577 2318 1626 2337 tios
1642 2310 1752 2337 dicere?
1768 2311 1905 2337 Abraham

1117 2359 1200 2389 enim,
1223 2357 1270 2392 qui
1296 2356 1460 2383 sententiam
1478 2357 1609 2384 adversus
1629 2356 1712 2383 lilium
1734 2362 1905 2390 susceperat,

1118 2403 1298 2436 descripserat
1320 2402 1371 2429 sibi
1393 2406 1420 2428 et
1445 2402 1536 2429 abibat
1559 2402 1662 2429 habens
1684 2401 1787 2433 lilium,
1815 2402 1905 2428 vivum

1118 2449 1226 2482 quidem
1242 2456 1373 2483 quantum
1389 2448 1422 2475 ad
1442 2455 1550 2477 sensum
1561 2448 1632 2480 dlilii,
1648 2448 1703 2482 iam
1717 2453 1809 2475 autem
1828 2448 1905 2475 holo—

1118 2499 1241 2521 caustum
1260 2499 1389 2529 quantum
1411 2493 1444 2520 ad
1467 2494 1637 2521 inscientiam
1661 2494 1756 2528 patris.
1778 2493 1812 2520 Et
1831 2499 1905 2521 certe

1118 2546 1220 2569 tantam
1237 2541 1390 2575 passionem
1407 2540 1489 2568 habet
1504 2540 1575 2574 quod
1592 2540 1701 2572 dicitur,
1715 2545 1744 2567 ut
1754 2546 1782 2568 et
1796 2549 1846 2568 nos
1858 2543 1904 2575 qui

1116 2587 1240 2613 audimus
1259 2592 1285 2614 et
1299 2587 1425 2618 dicimus,
1443 2586 1478 2614 de
1497 2586 1538 2613 his
1555 2587 1674 2620 quae'ille
1689 2587 1715 2613 in
1733 2587 1903 2621 unigenitum

1116 2632 1199 2659 ﬁlium
1223 2640 1299 2659 suum
1326 2632 1411 2664 ausit,
1439 2632 1605 2660 commoveri
1622 2639 1648 2660 et
1671 2633 1859 2669 collacrymari
1877 2639 1905 2660 et

1115 2678 1268 2706 conturbari
1285 2678 1436 2706 videamur.
1451 2678 1479 2705 Si
1497 2678 1578 2713 igitur
1595 2679 1672 2706 nobis
1688 2679 1780 2707 dicere
1796 2685 1902 2707 tantmu

1114 2729 1142 2751 et
1160 2723 1254 2750 audire
1272 2731 1328 2750 non
1340 2728 1381 2750 est
1398 2724 1539 2751 ferendum
1558 2724 1616 2751 sine
1635 2725 1776 2760 lacrymis;
1795 2727 1902 2761 qualis,

1116 2773 1209 2804 putas,
1228 2768 1379 2796 invenietur
1395 2776 1521 2796 mensura
1548 2769 1619 2796 illius
1636 2771 1830 2799 conscientiae?
1841 2774 1904 2806 quis

1115 2814 1228 2843 sufficiet
1239 2823 1328 2842 sermo
1342 2814 1412 2843 illius
1424 2815 1553 2843 exhibere
1566 2816 1736 2844 dilectionem
1748 2817 1781 2843 ad
1796 2817 1903 2846 Deum!

1095 2863 1117 2878 "‘
1127 2863 1194 2890 Ibid.

1148 2910 1201 2943 (19)
1220 2911 1448 2943 Interceperitntu.
1461 2912 1501 2941 cr.
1517 2913 1651 2942 suuracol.
1665 2912 1726 2940 1071
1740 2912 1773 2939 Δ.
