2024 3208
155 177 230 205 ΜΠ

718 174 764 203 DE
779 173 1080 204 BESUBRECTIONE.
1098 191 1133 198 —-
1150 175 1217 206 LIB.
1234 176 1262 206 Ι.

1707 175 1778 204 ωἰθ

158 234 214 267 lter
229 233 314 261 slmulr
327 233 443 262 (sciebat
471 235 550 268 pater
569 237 629 261 cum
652 231 724 266 lilio,
741 236 770 260 et
788 231 860 260 inter
887 231 944 259 haec
956 233 1052 264 Aeas,
1079 233 1185 261 ΙΙιυιεισ
1204 234 1248 261 Iu'c
1270 240 1280 260 :
1299 241 1347 269 ego
1368 237 1455 261 autem
1476 238 1501 260 et
1526 241 1592 269 pur
1612 234 1779 262 «audetich

161 280 245 308 multa
257 280 365 315 quidem
378 279 549 312 dicebantur,
559 278 642 314 plura.
652 282 741 306 autem
754 278 943 311 audiebantur,

162 331 191 354 et
208 326 313 353 inlinita
335 326 493 361 agebantur.
515 325 599 352 Erant
616 330 706 352 autem
730 326 821 351 omnia
847 323 943 351 bona:

165 373 210 400 Dei
230 373 302 400 enim
321 372 419 399 donum
435 377 494 399 erat
510 371 595 404 Isaac,
617 377 647 398 et.
658 372 782 405 portabat
798 379 806 397 ε
826 370 870 405 qui
886 378 946 404 por-

163 417 255 446 tabat?
270 418 339 444 forte
354 422 441 444 autem
455 425 506 444 non
519 417 598 444 debet
610 416 661 443 dici
676 416 737 451 quia
753 417 886 451 portabat,
900 415 947 442 sed

165 465 307 493 candebat.
325 464 358 491 Et
372 464 428 491 dies
447 471 499 491 una
519 464 684 497 transierat,
700 469 726 490 et
742 463 856 491 necdum
875 462 949 490 locus

165 511 367 538 ostendebatur.
380 511 414 537 Et
425 518 478 538 nox
489 511 521 537 ad
539 512 621 542 diem,
636 515 664 537 ot
681 509 794 537 necdum
812 509 844 535 ad
860 509 947 535 locum

169 557 301 592 pervenit.
318 557 349 583 Et
374 557 507 583 secundus
529 556 597 587 dies,
621 559 649 582 et
668 560 728 589 post
743 554 813 581 diem
840 561 902 585 nox.
923 558 950 580 et

168 601 219 630 alia
240 610 293 630 nox
311 611 318 629 :
337 606 364 628 et
383 602 499 629 nondum
518 601 588 632 ﬁnis,
604 602 652 629 sed
669 600 808 635 protensio
820 605 879 627 erat
893 603 949 626 ten-

169 648 280 676 talionis
294 647 434 680 dilatatio,
445 652 471 674 et
487 646 594 681 quando
615 647 788 681 perveniret,
805 650 832 673 et
845 648 951 680 quando

168 695 360 722 ostenderetur
384 694 457 721 locus
480 701 540 720 cum
562 693 617 726 jam
641 693 776 720 deberet:
802 692 864 727 quia
887 699 951 725 ergo

120 767 125 771 ,
170 740 262 767 omnia
283 747 343 774 quae
364 744 426 766 sunt
450 743 477 765 et
498 738 523 765 in
550 738 646 765 Vetere
660 737 834 765 Testamento
859 737 952 763 formae

171 792 249 814 erant
269 785 346 816 Novi.
364 785 441 812 tertio
456 785 498 811 die
519 789 545 811 et
561 784 638 811 tertia
656 789 734 811 nocte
753 788 952 811 sacramentum

171 832 301 866 unigeniti
334 830 392 857 Filii
425 831 469 857 Dei
497 830 680 864 praecurrebat
707 836 755 864 per
783 828 952 863 unigenitum

171 878 307 905 Abrahae:
327 877 388 911 quia
410 881 499 902 autem
518 875 678 910 completum
697 878 896 901 sacramentum
913 877 954 900 est

173 925 254 952 trium
267 924 381 953 dierum.
394 927 420 949 et
434 923 511 948 trinni
529 922 659 953 noctium,
670 925 798 947 estensus
813 923 854 946 est
868 918 952 951 locus,
970 913 991 940 Β

172 970 284 998 advenit
300 974 326 995 et
350 974 453 1001 tempus
471 976 478 996 :
497 966 565 994 forte
584 971 672 992 autem
693 965 794 1000 putatis
815 964 868 998 jain
885 963 951 990 libe-

173 1023 233 1042 rum
259 1021 320 1041 esse
340 1022 354 1039 a
378 1012 526 1039 certamine
547 1010 726 1037 tentationum
748 1009 897 1036 Abraham.
921 1008 954 1034 Et

172 1066 247 1089 certe
261 1065 390 1094 quantuni
409 1059 569 1092 propinquat
589 1062 704 1090 tempus.
722 1060 825 1082 tantum
845 1055 954 1081 tcutatio

173 1106 345 1143 protenditur
358 1105 427 1140 ejus.
445 1104 478 1130 Et
491 1104 625 1130 Abraham
640 1102 703 1129 dicit
716 1102 747 1128 ad
761 1109 859 1136 pueros
873 1109 880 1127 :
896 1100 955 1127 Ma-

174 1158 230 1180 uete
243 1152 303 1183 hic;
319 1159 364 1185 ego
379 1155 465 1176 anteiri
484 1154 507 1175 ει
527 1148 598 1182 [ilius
610 1148 778 1174 ascendeiuus
790 1148 815 1173 iu
832 1152 954 1178 montem,

174 1202 314 1225 adorantes
330 1196 499 1222 rcmeabimus
514 1195 546 1221 ".
564 1194 665 1220 Timuit
679 1194 764 1225 enim,
782 1200 815 1219 ne
831 1192 904 1226 pueri
923 1192 955 1217 ad

175 1245 312 1272 dominum
332 1242 455 1269 allectum
470 1242 610 1273 habentes,
634 1244 661 1266 et
684 1239 798 1265 maxime
815 1238 847 1264 ad
865 1238 957 1273 unige-

176 1290 272 1320 iiittiiii,
295 1288 479 1323 prohiberent.
496 1285 574 1311 Certe
596 1284 658 1318 quia
674 1290 808 1317 nunquam
828 1283 957 1309 Dominus

176 1333 342 1362 sacriﬁcium
358 1330 474 1358 hominis
489 1329 565 1364 petit.
583 1329 731 1356 Audierant
752 1332 841 1354 autem
857 1328 920 1361 quia
932 1333 959 1354 et

175 1380 324 1408 secundum
358 1377 566 1412 promissionem
604 1375 675 1402 Deus
706 1375 852 1401 donaverat
885 1374 959 1400 Isaac

176 1427 313 1454 Abrahzc:
335 1425 470 1451 intuentes
487 1430 551 1450 vero
568 1426 595 1448 et
612 1425 718 1448 :etatem
734 1420 849 1447 Abrahae
867 1420 893 1446 in
908 1420 959 1446 alio

177 1472 230 1505 jam
241 1475 360 1503 tempore
374 1469 547 1495 constitutam
562 1475 570 1494 :
587 1467 647 1500 quia
659 1466 739 1501 igitur
748 1472 799 1492 non
809 1465 960 1491 consentie-

179 1522 246 1544 oant
258 1516 314 1551 (ἓο)
327 1515 431 1550 negotio
446 1515 486 1541 his
500 1521 558 1548 qua:
572 1512 828 1540 faciebatAbraham
842 1512 962 1546 :possint

179 1563 252 1590 enini
270 1562 357 1588 dicere
377 1570 383 1587 z

179 1609 240 1643 quis
253 1608 324 1634 enim
337 1611 363 1634 et
374 1612 437 1634 ante
451 1605 683 1640 ipsumjustorum
699 1605 748 1631 hoc
761 1608 807 1630 aut
817 1611 898 1630 ausus
909 1608 962 1634 est,

181 1657 228 1679 aut
241 1657 345 1679 tentare
363 1658 444 1677 ausus
461 1649 522 1676 est?
536 1651 570 1675 ob
587 1655 668 1682 qtiam
683 1648 754 1675 enini
772 1655 879 1674 causam
892 1652 964 1681 petat

184 1697 256 1724 Deus
268 1704 341 1728 eum,
357 1702 437 1730 quem
459 1692 589 1720 donavit?
610 1700 659 1718 cur
675 1697 764 1718 autent
779 1696 805 1717 ct
820 1690 964 1717 transferat

184 1744 255 1771 Deus
267 1742 458 1777 promissiones
469 1740 551 1766 suas?
565 1743 593 1765 ut
607 1738 671 1772 quid
683 1742 772 1764 autem
788 1742 814 1764 et
825 1737 898 1764 dedit
907 1756 914 1768 ,
936 1742 965 1763 ut

181 1795 208 1817 et
221 1788 345 1822 accipiat,
359 1794 440 1821 quem
459 1785 588 1812 indulsit?
606 1784 660 1811 llos
676 1783 851 1811 rationabiles
864 1783 965 1817 cogita-

183 1840 225 1862 tus
238 1835 337 1861 timens
349 1833 498 1864 Abraham,
517 1830 637 1865 przecipit
652 1830 743 1865 pueris
756 1834 924 1864 exspectare,
938 1833 966 1854 et

183 1889 274 1908 secum
298 1887 351 1907 non
372 1881 535 1909 ascendere,
554 1884 588 1903 ne
607 1877 668 1911 quis
690 1876 724 1901 ob
748 1883 865 1902 antorem
891 1875 965 1902 lsaac

184 1927 304 1953 mitteret
327 1932 453 1956 manuni,
473 1928 500 1950 et
525 1921 721 1949 contaminaret
744 1920 965 1947 immolationem.

184 1972 252 2005 Quid
268 1976 357 1997 autent
378 1970 441 2004 quia
457 1973 484 1995 et
499 1968 584 2002 ipsam
603 1967 708 1997 Sarani,
726 1974 805 1999 quam
821 1971 885 1999 puto
900 1965 966 1992 nihil

187 2016 296 2043 latuisse
309 2022 425 2049 unquam
437 2022 496 2048 qua:
510 2013 644 2040 Abraham
664 2011 815 2046 cogitabat?
829 2011 885 2037 haec
896 2011 966 2036 enim

186 2062 349 2090 conscientia
364 2061 420 2095 ipsa
435 2060 569 2086 mstimare
584 2065 631 2084 nos
645 2057 718 2088 facit,
732 2064 792 2090 qua:
808 2056 833 2082 in
850 2055 895 2082 illo
909 2060 968 2083 erat

186 2108 321 2143 conjugio.
339 2107 383 2133 llla
399 2114 478 2140 quam
500 2105 564 2131 nihil
581 2105 658 2130 latuit
673 2110 790 2137 unquam
809 2109 867 2135 quae
880 2102 967 2129 Abra-

187 2155 249 2181 ham
270 2154 373 2184 facere,
391 2157 436 2179 ant
459 2158 567 2178 movere
587 2149 730 2179 voluisset,
753 2148 793 2174 vel
817 2147 937 2181 cogitare
960 2156 967 2174 :

187 2200 230 2228 illa
245 2200 377 2235 ignoravit
392 2198 455 2233 quia
470 2196 623 2231 unigenitus
635 2195 705 2228 ejus,
728 2194 779 2221 illia
801 2194 900 2221 sterilis
914 2193 969 2220 [ιιι-

188 2252 256 2277 eius.
275 2245 320 2272 ille
335 2252 369 2271 ex
384 2245 519 2279 insperato
537 2242 623 2273 illitis,
642 2242 684 2268 ille
701 2241 747 2276 qui
773 2245 849 2268 extra
864 2244 969 2266 aetatem

189 2296 347 2326 procreatus
362 2295 404 2317 est
422 2299 429 2317 :
447 2289 492 2316 illa
509 2289 641 2323 ignoravit
663 2288 725 2322 quia
746 2288 800 2314 Deo
814 2286 967 2317 oﬂerretur,

190 2338 233 2372 qui
248 2337 396 2364 donaverat
414 2344 421 2362 :
438 2341 466 2361 ut
482 2342 533 2361 non
549 2335 619 2361 sicut
636 2333 780 2367 aliquando
794 2332 851 2358 risit
868 2332 969 2365 impor-

190 2389 252 2410 tutie
265 2383 291 2409 iti
306 2381 483 2416 promissione
495 2381 563 2415 ejus,
575 2384 601 2406 et
614 2386 684 2405 nunc
698 2378 806 2413 plorans
819 2378 971 2411 importune

191 2428 331 2463 impediret
344 2426 556 2453 immolationem
574 2435 580 2452 :
598 2424 645 2451 sed
664 2424 744 2450 tacita
764 2430 807 2450 res
828 2427 870 2450 est
888 2427 916 2448 et
937 2422 969 2448 ad

192 2474 295 2500 Sarain.
314 2473 353 2500 lta
370 2472 441 2499 enim
458 2470 561 2497 sciebat
582 2474 608 2495 et
622 2468 775 2501 Abraham,
791 2472 817 2494 et
831 2472 892 2494 ante
914 2475 971 2493 niu-

193 2520 302 2551 Iiereni,
328 2524 355 2546 et
375 2518 471 2544 Saram
496 2516 686 2550 praihouorare
715 2514 760 2540 Dci
787 2518 970 2547 praeceptum;

194 2565 295 2592 sciebat
310 2568 398 2591 autem
414 2567 441 2589 et
457 2567 518 2588 ante
540 2561 705 2594 unigenitum
728 2567 806 2586 suum
819 2578 826 2590 ,
849 2566 910 2585 eum
925 2559 971 2592 qui

194 2612 340 2638 donaverat
356 2610 501 2636 honorare.
519 2608 572 2634 Sed
591 2614 677 2640 neque
692 2606 709 2632 ii
727 2604 772 2638 qui
790 2604 843 2631 iter
861 2611 921 2630 cum
940 2611 972 2629 eo

194 2657 326 2690 fecerant,
356 2657 476 2684 sciebant
502 2655 680 2690 mysterium,
708 2653 759 2679 sed-
781 2657 973 2679 sacramentum

200 2713 275 2731 neum
286 2726 293 2737 ,
309 2705 406 2738 inquit,
423 2703 498 2729 mihi.
513 2701 614 2728 Tamen
638 2700 748 2734 cupiens
762 2698 897 2725 Abraham
913 2705 974 2724 sua-

197 2752 255 2778 Jere
270 2751 360 2784 pueris
374 2754 403 2776 ut
423 2752 612 2779 remanerent,
628 2747 733 2773 loculus
753 2750 794 2772 est
816 2744 841 2771 id
862 2744 894 2771 ad
915 2751 972 2775 eos,

198 2797 263 2832 quod
281 2804 328 2823 nec
344 2796 399 2830 ipse
418 2795 550 2830 speravit,
572 2801 621 2820 nec
642 2792 724 2819 sensit
742 2800 749 2818 :
771 2790 836 2818 dicit
854 2791 924 2818 enim
941 2791 973 2817 ad

227 2855 248 2869 "
261 2853 329 2880 Gen.
342 2860 410 2884 χιιι,
422 2852 448 2879 5.
480 2852 501 2867 ’⁸
513 2852 578 2879 Gen.
593 2858 659 2882 xiiii,
674 2850 700 2876 7.
729 2850 750 2865 "
764 2849 827 2877 ibid.
838 2850 865 2878 8.

230 2900 285 2933 βο)
304 2899 425 2934 Negotia.
441 2898 522 2926 Forte
538 2899 652 2932 negotia.
667 2903 717 2923 res.

995 279 1164 307 adorabimus
1177 280 1210 306 in.
1221 284 1319 313 monte,
1342 284 1367 307 ιι
1389 280 1576 315 ησσοάίιιιιιιν.
1592 279 1647 307 Iloc
1670 280 1778 315 quidem

997 333 1049 352 non
1070 326 1200 360 speravit,
1224 326 1275 354 hoc
1298 331 1387 354 autem
1407 326 1575 361 impetravit,
1599 330 1626 353 et
1652 333 1717 353 usus
1738 330 1780 352 est

997 371 1141 407 Deusejus
1155 371 1252 407 lingua.
1265 371 1298 399 ad
1315 371 1496 407 prophetiam.
1516 373 1583 399 Cum
1601 378 1666 406 ergo
1684 371 1780 397 dicitur

996 418 1133 445 Abraham
1153 418 1285 453 propheta
1299 437 1307 451 ,
1330 422 1357 445 et
1371 417 1502 453 quaeritur
1516 424 1532 444 a
1547 417 1639 444 multis
1660 417 1704 443 ubi
1719 424 1781 451 pro-

999 464 1150 499 phetaverit
1169 464 1326 497 Abraham;
1343 465 1414 492 scire
1433 468 1559 500 oportet,
1581 464 1644 499 quia
1663 463 1781 491 maxime

998 511 1106 545 quidem
1123 510 1166 538 cui
1183 510 1312 538 revelavit
1324 510 1394 538 Deus
1407 510 1593 545 semetipsum,
1607 504 1744 545 quantum
1754 514 1781 536 et

1001 556 1128 590 possibile
1151 556 1201 583 l'uit
1222 556 1338 583 Abrahae
1360 560 1389 583 ut
1409 556 1577 583 revelaretur
1589 556 1632 589 ei;
1654 556 1704 583 iste
1725 556 1783 590 ipse

1000 605 1146 631 vocabatur
1158 603 1299 638 propheta.
1308 602 1364 629 Alia
1377 608 1466 629 autem
1479 602 1631 629 invenimus
1642 609 1703 628 eum
1718 602 1780 629 istic

1000 650 1201 684 proplietantem
1213 658 1220 676 :
1235 657 1314 676 unam
1329 648 1436 684 quidem
1449 648 1624 684 prophetiam,
1637 656 1716 683 quam
1725 648 1780 682 jam

1001 696 1117 722 diximus
1142 703 1149 721 :
1172 695 1318 722 secundam
1341 698 1431 721 autem
1447 701 1525 726 eam,
1541 702 1601 729 qua:
1618 695 1779 729 insequitur.

1003 741 1055 769 Sed
1073 746 1231 775 sequentem
1248 740 1317 767 forte
1331 740 1421 767 dicere
1434 740 1613 774 perniciosum
1625 745 1677 772 est,
1692 744 1719 766 et
1734 747 1783 766 au-

1002 787 1061 814 dire
1076 786 1263 821 perniciosius.
1278 785 1510 819 Quemadmodum
1521 804 1529 816 ,
1545 789 1623 819 putas
1635 805 1642 816 ,
1657 783 1785 811 sustinuit

1002 840 1033 860 ea
1047 840 1107 867 quae
1123 839 1216 866 passus
1229 831 1288 859 est?
1310 832 1535 867 quemadmodum
1554 830 1673 858 cliaritas
1694 830 1784 857 omnia

1004 879 1129 907 sustinet.
1154 879 1186 906 Et
1207 878 1283 913 pueri
1308 878 1416 913 quidem
1435 880 1636 909 remanserunt,
1658 876 1786 910 prmccpit

1005 926 1074 952 enim
1095 926 1236 959 dominus;
1251 925 1386 952 Abraham
1400 930 1489 951 autem
1504 923 1642 958 accipiens
1658 923 1745 958 ignem
1761 927 1789 948 et

1004 970 1074 1005 ligna
1089 974 1116 996 et
1134 969 1268 1005 gladium.
1283 968 1405 996 ascendit
1418 976 1478 995 cum
1495 967 1562 1000 ﬁlio,
1587 968 1643 1001 ipse
1665 966 1719 994 lilio
1738 973 1786 992 suo

1006 1017 1146 1051 imponens
1162 1014 1243 1049 ligna.
1265 1013 1297 1041 Et
1313 1018 1386 1041 certe
1408 1013 1509 1040 scimus
1524 1012 1661 1039 Abraham
1683 1019 1730 1045 per
1744 1019 1788 1038 se.

1007 1063 1151 1097 inetipsum
1188 1060 1300 1088 vitulum
1338 1065 1489 1096 portantem
1525 1060 1557 1088 ad
1589 1059 1786 1093 susceptionem

1006 1117 1098 1137 eorum
1115 1108 1160 1143 qui
1178 1109 1353 1135 advenerant.
1367 1107 1436 1140 Quid
1450 1112 1539 1134 autem
1554 1114 1624 1134 nunc
1639 1113 1688 1133 nec
1701 1104 1787 1139 parti-

1009 1162 1051 1184 tus
1064 1164 1124 1184 cum
1142 1155 1196 1182 tilio
1210 1155 1313 1190 pondus
1332 1159 1383 1184 est.
1404 1154 1450 1181 sed
1465 1154 1554 1180 omnia
1569 1153 1640 1187 ligna
1659 1152 1790 1185 imposuit

1008 1203 1071 1233 tilio,
1087 1201 1180 1228 volens
1207 1201 1260 1235 jam
1279 1204 1419 1233 acceptum
1436 1199 1536 1226 habere
1557 1198 1672 1225 donum?
1685 1196 1789 1231 signiﬁ-

1008 1247 1086 1275 cabat
1101 1252 1188 1274 autem
1201 1247 1262 1281 quia
1278 1246 1388 1281 incipiet
1403 1245 1545 1277 immolari,
1561 1243 1787 1279 quemadmodum

1009 1298 1117 1328 portare
1132 1301 1240 1320 crucem
1258 1299 1307 1327 per
1327 1292 1512 1326 semetipsum.
1526 1290 1592 1318 Cum
1613 1294 1701 1316 autem
1726 1295 1790 1323 pro-

1010 1343 1130 1366 moveret
1146 1339 1206 1370 iter,
1227 1342 1254 1365 et
1272 1341 1464 1371 agnosceretur
1484 1335 1583 1362 montis
1597 1341 1740 1365 cacumen,
1762 1337 1790 1360 et

1011 1385 1079 1419 ignis
1102 1385 1128 1410 in
1145 1384 1241 1415 medio,
1261 1387 1286 1410 et
1301 1383 1370 1416 ligna
1392 1381 1419 1408 in
1435 1381 1504 1408 collo
1521 1380 1596 1407 Isaac
1613 1379 1790 1411 haberentur,

1011 1435 1036 1456 et
1049 1429 1153 1464 gladius
1169 1432 1326 1463 appareret;
1349 1426 1424 1453 Isaac
1438 1425 1555 1460 undique
1571 1424 1700 1460 prudens.
1715 1423 1786 1458 quod

1013 1475 1059 1502 alii
1075 1475 1148 1510 pueri
1166 1482 1217 1501 non
1234 1474 1336 1505 dixere,
1353 1473 1404 1500 istc
1421 1471 1535 1506 requirit
1551 1478 1565 1497 a
1590 1474 1675 1504 patre.
1694 1468 1794 1497 Tenta-

1014 1522 1112 1547 tioneni
1127 1523 1219 1553 utpote
1237 1526 1317 1552 quatit
1339 1517 1456 1544 habebat
1473 1521 1558 1549 pater,
1576 1515 1712 1549 eloquitur
1733 1514 1793 1542 dul-

407 1561 469 1592 quid
489 1559 568 1586 oﬂ’ers
587 1559 640 1586 Deo
656 1559 739 1585 [ilium
767 1566 819 1584 non
839 1557 960 1591 petenti?

1015 1566 1136 1596 cissima,
1154 1570 1199 1591 aut
1217 1564 1305 1598 potius
1325 1564 1392 1589 dura
1416 1568 1482 1588 voce
1507 1570 1513 1587 :
1529 1561 1614 1595 magis
1631 1564 1721 1587 autem
1738 1567 1791 1586 non

1016 1615 1118 1638 tantum
1138 1617 1230 1645 grave,
1246 1613 1375 1643 quantum
1388 1607 1477 1634 dulee.
1495 1606 1574 1633 Pater
1587 1606 1669 1638 enim,
1682 1606 1772 1639 inquit
1786 1614 1793 1632 :

1015 1655 1112 1683 suﬂicit
1129 1656 1180 1683 hoc
1193 1656 1224 1681 ad
1240 1653 1400 1681 ﬂeetendum
1417 1657 1550 1686 patrem:
1574 1651 1673 1686 quique
1687 1656 1714 1678 et
1729 1657 1793 1677 con-

1012 1702 1101 1736 iungit
1117 1701 1167 1727 alia
1181 1706 1208 1727 et
1220 1700 1285 1726 dicit
1301 1708 1308 1726 :
1330 1698 1395 1725 Ecre
1414 1699 1493 1732 ignis.
1510 1705 1570 1724 ecce
1591 1697 1673 1731 ligna,
1697 1696 1741 1722 ubi
1758 1700 1796 1722 est

1016 1748 1070 1774 ovis
1092 1748 1119 1773 in
1137 1746 1298 1779 sacriﬁcium
1320 1744 1363 1771 "1’
1379 1744 1444 1778 Quis
1467 1743 1536 1770 alius
1561 1746 1694 1777 portasset
1715 1740 1795 1767 istam

1016 1792 1126 1819 vocem?
1151 1791 1188 1818 Ex
1215 1790 1273 1817 aliis
1297 1789 1404 1824 quidem
1430 1787 1584 1815 hominibus
1604 1786 1703 1813 nullus.
1723 1784 1798 1812 Iuste

1016 1845 1079 1872 ergo
1103 1837 1173 1863 Deus
1197 1835 1332 1862 Abraham
1358 1834 1460 1861 dilexit.
1486 1831 1681 1859 Adamantinus
1705 1834 1795 1857 autem

1017 1883 1070 1914 ille,
1094 1880 1287 1916 unigenitilsui
1313 1879 1437 1915 sagittam
1464 1878 1610 1911 accipietis,
1634 1883 1687 1902 non
1710 1874 1795 1902 tacuit

1018 1928 1117 1960 feretis,
1133 1926 1180 1953 sed
1196 1926 1281 1960 potuit
1292 1924 1374 1958 loqui,
1388 1922 1474 1958 potuit
1487 1922 1659 1957 respondere,
1670 1924 1697 1948 et
1710 1925 1796 1953 neque

1018 1974 1134 2007 linguam
1148 1971 1246 1998 oﬂendi
1263 1970 1387 1997 dentibus
1402 1977 1410 1995 ε
1429 1973 1540 2002 potuere
1554 1970 1645 1994 autem
1660 1970 1687 1993 et
1703 1964 1798 1991 dentes

1018 2019 1117 2054 aperiri
1132 2023 1160 2045 et
1174 2018 1238 2043 dare
1254 2015 1370 2051 spatium
1387 2015 1484 2050 lingua:
1504 2021 1511 2040 :
1531 2013 1577 2040 sed
1595 2019 1644 2039 nec
1661 2012 1730 2038 forte
1746 2011 1797 2037 ista

1019 2065 1109 2092 dicere
1123 2066 1156 2091 de
1171 2063 1216 2089 illo
1229 2063 1330 2089 licitum
1346 2066 1397 2088 est.
1413 2060 1470 2087 Non
1483 2060 1557 2087 enim
1571 2066 1604 2086 ex
1623 2058 1664 2085 his
1678 2064 1738 2092 quae
1751 2064 1799 2083 nos

1020 2111 1147 2146 patimur,
1163 2110 1233 2137 illius
1253 2109 1383 2134 virtutem
1404 2112 1564 2133 accusemus
1581 2113 1588 2132 :
1607 2104 1655 2131 sed
1675 2107 1702 2130 et
1723 2103 1801 2130 laetus

1020 2164 1047 2185 et
1061 2158 1210 2190 exsultans,
1235 2161 1295 2184 erat
1320 2156 1392 2182 enim
1421 2153 1577 2185 Abraham,
1605 2150 1744 2186 respondit
1770 2148 1802 2175 ad

1022 2205 1103 2231 [ilium
1118 2212 1171 2231 non
1187 2203 1332 2230 crudeliter
1348 2209 1436 2237 neque
1448 2201 1603 2229 inhumane,
1619 2197 1666 2224 sed
1680 2195 1803 2228 religiose

986 2252 1049 2279 Diet
1063 2250 1127 2284 pie:
1151 2248 1298 2275 dieitenim
1320 2248 1351 2274 ad
1378 2247 1462 2274 tilium
1484 2245 1640 2272 aventinus
1659 2241 1804 2276 provideth

1022 2302 1093 2322 ovem
1104 2293 1236 2327 sacriﬁcio
1251 2301 1311 2324 suo,
1326 2292 1365 2325 [ili
1375 2292 1409 2319 μ’,
1421 2291 1491 2318 Ecce
1505 2289 1555 2315 alia
1576 2286 1716 2322 prophetia
1726 2304 1734 2317 ,
1747 2292 1804 2319 qua:

1023 2340 1056 2367 ab
1071 2347 1103 2367 eo
1120 2340 1167 2374 qui
1180 2339 1284 2366 locutus
1297 2343 1340 2365 est
1351 2358 1359 2371 ,
1376 2337 1549 2371 ignorabatur
1567 2342 1573 2360 :
1589 2331 1741 2367 oppositum
1758 2338 1806 2356 au-

1024 2389 1077 2412 tent
1091 2390 1149 2412 erat
1162 2384 1231 2418 quod
1245 2384 1293 2415 ait,
1311 2379 1594 2415 Dominusprovidebit
1610 2385 1681 2404 ouem
1701 2375 1806 2410 sacri/i-

1025 2432 1064 2458 cio
1080 2439 1139 2462 suo,
1160 2430 1210 2464 ﬁli.
1233 2429 1309 2456 Sicut
1324 2428 1395 2455 enim
1414 2427 1458 2454 ille
1474 2425 1604 2459 incipiens
1619 2430 1742 2450 sermone
1757 2423 1804 2452 ait,

1024 2483 1098 2512 pater
1111 2485 1120 2504 .'
1135 2478 1171 2504 ita
1192 2478 1242 2503 iste
1255 2475 1417 2509 consignans
1432 2472 1554 2504 verbum,
1575 2470 1649 2502 dicit,
1661 2469 1709 2503 ﬁli.
1725 2468 1806 2495 Audi.

1026 2525 1064 2551 vit
1078 2532 1164 2553 Ovem.
1184 2528 1210 2550 et
1233 2521 1335 2556 accepit
1351 2525 1380 2547 ut
1403 2527 1417 2546 a
1439 2523 1528 2554 patre,
1544 2522 1634 2545 certus
1651 2515 1715 2550 quia
1734 2516 1805 2548 quod

1028 2571 1164 2598 inventum
1200 2569 1308 2596 interim
1345 2574 1397 2593 non
1426 2570 1505 2598 erat,
1533 2563 1709 2591 inveniretur.
1736 2560 1805 2588 Cum

1027 2622 1116 2644 autem
1139 2616 1324 2650 pervenissent
1347 2614 1379 2639 ad
1408 2612 1511 2643 locum,
1542 2608 1692 2637 aedificabat
1721 2607 1808 2634 Abra-

1027 2663 1088 2689 ham
1110 2661 1243 2688 festinans.
1253 2660 1347 2691 altare,
1377 2664 1402 2685 et
1428 2666 1489 2685 cuni
1510 2655 1717 2685 construxisset,
1734 2660 1810 2680 men-

1029 2710 1105 2736 titur.
1127 2709 1159 2734 ad
1185 2708 1266 2733 ﬁlium
1299 2704 1475 2740 promissione
1499 2703 1554 2738 (21)
1587 2708 1647 2736 qua:
1680 2707 1727 2735 per
1755 2699 1810 2726 lin.-

1028 2761 1105 2789 gnam
1128 2753 1214 2779 fuerat
1244 2751 1324 2778 facta.
1342 2757 1395 2777 non
1428 2753 1516 2775 tamen
1545 2752 1604 2774 eam
1633 2753 1693 2781 quae
1708 2746 1733 2772 in
1749 2752 1812 2772 cor-

1029 2803 1062 2829 de
1099 2804 1156 2827 erat
1194 2799 1333 2826 absconsa.
1367 2796 1399 2823 Et
1429 2794 1534 2822 accedit
1567 2796 1644 2828 pater
1674 2791 1810 2819 Abraham

1062 2892 1118 2927 ω)
1136 2889 1322 2920 Proniiuioue.
1335 2888 1374 2916 An
1387 2885 1603 2914 vramitsiouentl
