2024 3208
267 170 334 198 1079

600 169 733 198 EUSEBll
753 169 991 198 CIESARIE‘NSIS
1009 170 1083 198 OPP.
1105 169 1194 197 PARS
1213 169 1257 198 IV.
1277 184 1311 190 -—
1329 169 1536 198 DOGMATICA.

1816 172 1885 201 £080

266 236 292 258 et
313 231 415 257 accedit
429 230 462 255 ad
475 229 559 261 Isaac,
579 235 606 256 et
628 231 692 264 ligat
709 238 717 256 :
735 230 819 256 ttlittm
836 230 971 257 Abraltattt
988 230 1047 263 Iiga-
1066 233 1086 259 Α
1103 234 1214 256 tionem.
1231 229 1340 264 Accepit
1363 228 1501 256 Abraham
1523 229 1670 256 secumlum
1694 229 1789 256 ﬁlium.
1801 229 1885 259 Putas

266 276 314 307 vit,
327 283 356 302 ttt
371 283 419 302 nec
432 276 574 310 palpitans,
588 283 636 302 nec
647 283 676 302 se
691 283 803 302 movens
818 277 936 303 turbaret
953 277 1049 302 inuno-

266 322 404 349 lationeut.
416 321 484 354 Quo,
501 327 588 356 putas.
604 322 678 348 vultu
691 323 852 356 respiciebat
869 323 951 349 ﬁlitttn
965 322 1051 349 Abra-

266 368 346 395 bant?
361 369 422 402 quis
437 369 461 395 ei
480 373 540 395 erat
561 368 654 395 color?
677 369 902 402 quemadmodum
918 369 977 396 sine
992 373 1049 395 tre-

265 420 340 440 more
361 420 457 440 manus
472 413 674 447 operahautur?
692 414 764 448 quis,
789 419 879 448 putas.
906 419 969 441 tunc
991 419 1050 440 eral

265 457 340 486 Isaac
355 459 380 485 in
398 459 439 486 his
454 459 624 489 constitutus.
643 464 735 486 tacens
764 465 811 486 aut
829 459 960 493 loquens?
974 459 1050 486 Scri-

264 509 342 539 plura
352 505 421 532 enim
443 505 492 532 ltoc
509 506 603 531 tacuit.
618 505 699 532 Putas
719 506 780 540 quia
797 506 877 540 justis
892 507 918 532 in
934 505 976 532 his
993 512 1050 532 ser-

265 552 389 578 monibus
407 558 470 577 usus
483 551 542 577 eat?
556 551 614 578 Noli
629 552 701 578 enim
717 553 856 579 attendere
873 552 896 579 si
910 560 986 586 puer,
1002 552 1048 579 sed

264 597 326 630 qttia
344 596 417 623 Isaac
432 601 492 623 erat
512 597 583 622 tllius
597 598 723 624 Abrabze.
747 598 828 625 Putas
853 606 907 624 non
925 599 992 624 dixit
1015 598 1048 625 ad

263 647 368 675 patrem
393 651 399 668 :
417 644 525 677 quando
539 643 610 670 Deus
623 643 786 670 sacriﬁcium
811 643 950 670 hominum
968 644 1047 677 depo-

262 687 336 713 srit?
351 688 415 722 qttid
434 688 520 715 facis?
534 689 632 716 donum
653 696 712 716 sum
730 689 775 717 Dei
798 698 805 716 :
821 690 879 716 sine
891 689 1047 724 pmnitentia

261 736 326 758 sunt
339 739 399 766 qua!
415 740 429 758 a
452 732 506 759 Deo
519 739 580 760 sunt
596 734 664 760 dona
681 742 688 759 τ
703 733 766 768 quid
780 734 888 767 spernis
909 733 1048 768 gratiam?

261 777 326 810 quid
340 784 434 805 contra
456 779 620 806 voluntatem
638 779 764 806 donantis
782 779 914 806 interﬁcis
927 779 1047 806 donum?

262 822 346 850 Erant
365 825 446 850 nntlta
462 833 521 859 quze
548 825 712 851 dicerentur.
731 823 887 852 Curauteut
909 829 936 850 ct
961 828 1048 851 mater

262 877 315 895 non
331 872 455 903 agnovit?
467 872 489 897 si
502 872 573 898 enim
588 871 748 898 rationabile
761 876 803 897 est
816 871 887 904 quod
901 870 941 901 ﬁt,
955 878 1006 896 cur
1019 875 1047 896 et

261 924 275 941 τι
292 917 376 942 Fert'is
391 916 557 943 abscondisti
568 917 580 943 ?
591 917 612 942 si
626 921 716 943 autem
731 921 757 942 et
770 916 820 943 hoc
842 915 900 942 ﬁeri
925 917 1045 951 dchcret,

261 970 309 988 cur
324 963 388 988 mibi
404 962 452 995 ipsi
470 962 520 989 hoc
537 963 624 996 ipsum
641 969 694 988 non
712 961 798 995 palam
817 962 906 988 facere
921 961 1047 988 voluisti?

260 1008 476 1042 promissionem,
493 1015 573 1042 quam
595 1007 686 1034 dixisti
703 1007 815 1041 exigens
830 1017 836 1034 :
855 1007 944 1034 dixisti
961 1007 1045 1039 enim,

259 1053 322 1087 qttia
338 1053 408 1080 Deus
421 1061 492 1080 orem
505 1054 648 1087 providebit
662 1053 794 1088 sacriﬁcio
806 1061 854 1081 tuo
868 1061 878 1080 :
897 1053 984 1080 ﬁdelis
1005 1061 1046 1084 es,

260 1099 344 1126 redde
369 1099 486 1126 fructum
514 1099 591 1131 tidei,
623 1105 724 1134 utpote,
756 1107 815 1134 qum
839 1099 942 1127 dixisti.
964 1099 1046 1126 Erant

260 1146 342 1173 multa
360 1155 420 1181 qua:
436 1148 599 1173 dicerentur.
628 1147 660 1174 Et
682 1155 734 1174 non
752 1148 845 1181 utique
866 1155 898 1174 ea
921 1154 981 1181 qum
996 1154 1046 1172 nos

259 1191 374 1218 dicimus
391 1202 397 1218 :
411 1192 467 1226 ipsa
482 1192 588 1219 etiamsi
607 1199 659 1219 nott
672 1192 725 1219 sint
739 1192 852 1227 scripta.
864 1192 918 1225 jam
934 1199 983 1218 nos
997 1192 1045 1218 ad-

257 1237 360 1264 ducunt
373 1237 406 1263 ad
421 1245 488 1264 rem.
507 1237 627 1264 Movetur
642 1238 713 1264 enim
729 1244 830 1265 sensus
846 1243 1044 1272 consequenter

256 1288 287 1309 ut
313 1289 373 1309 sese
396 1283 531 1315 negotium
559 1283 651 1315 habet,
667 1288 695 1310 et
711 1283 888 1310 advenientcs
905 1290 1002 1310 sensus
1016 1283 1042 1310 in

257 1329 303 1356 illo
318 1335 381 1356 tunc
399 1334 519 1363 tempore
535 1330 561 1356 in
582 1337 636 1363 quo
650 1330 708 1356 bazc
722 1330 871 1364 agebantur
883 1331 1041 1364 cogitemus.

256 1373 286 1401 Si
302 1374 387 1400 tacuit
405 1373 492 1404 lsaac,
514 1374 624 1406 grandis
641 1373 786 1400 admiratio
803 1379 844 1400 est
866 1383 873 1400 :
897 1383 919 1400 st
935 1374 1044 1401 dicebat

256 1419 354 1445 iterum
374 1419 486 1451 aliquid,
502 1419 553 1445 alia
570 1419 724 1446 admiratio.
742 1420 975 1452 Quemadmodum
995 1428 1042 1452 po-

245 1465 307 1491 ~tuit
332 1465 468 1492 sustinere
495 1465 589 1499 pater?
615 1465 749 1499 quomodo
773 1466 920 1492 currebant
946 1473 1042 1493 manus

255 1510 334 1544 ejus?
350 1510 402 1537 Sed
417 1512 474 1537 istre
489 1511 685 1538 admirationes
705 1511 730 1537 itt
745 1510 805 1538 aliis
823 1511 977 1538 hominibus
993 1511 1042 1538 ha-

257 1556 378 1584 bentur:
397 1557 422 1583 itt
439 1556 575 1583 Abraham
595 1561 684 1584 autem
702 1556 837 1583 contraria
850 1560 910 1582 erat
922 1556 1040 1583 admira-

256 1603 302 1629 tio.
319 1602 394 1630 Finis
407 1607 496 1630 autem
509 1602 644 1630 sermonis
661 1611 668 1628 :
686 1601 755 1629 forte
769 1607 898 1637 urgentur
912 1602 1040 1629 uniuscu-

253 1649 351 1682 jusque
363 1648 469 1675 viscera
488 1656 494 1674 :
509 1653 535 1676 et
555 1648 626 1683 quod
642 1653 684 1675 est
698 1648 849 1675 mirandum
865 1656 872 1673 :
889 1648 953 1682 quia
972 1648 1040 1675 certi

253 1700 286 1721 ex
312 1692 460 1727 Scripturis
476 1701 536 1728 quze
557 1694 612 1720 sint
636 1698 706 1723 acta.
722 1698 749 1720 et
767 1694 829 1728 quis
852 1693 933 1721 fuerit
952 1694 1041 1720 exitus

256 1739 425 1774 negotiorum
440 1759 447 1770 ,
477 1744 604 1773 tanquam
629 1738 813 1772 periclitantes
835 1746 978 1769 sermone.
1006 1746 1040 1765 ne

252 1784 317 1817 quid
330 1783 401 1810 aliud
414 1784 568 1817 proveniret
582 1784 652 1817 quod
669 1788 709 1810 cst
723 1784 866 1818 scriptum,
881 1784 915 1810 ita
929 1784 1037 1811 solliciti

253 1835 359 1855 sumus.
381 1827 520 1861 Completa
544 1827 654 1854 fuerunt
675 1828 792 1855 Abrahae
812 1828 902 1854 omnia
928 1835 988 1862 quie
1004 1829 1038 1855 ad

252 1874 423 1901 alacritatem
444 1874 601 1901 tendebaut.
618 1873 729 1908 Ligatus
744 1874 778 1901 ab
798 1881 830 1902 eo
851 1874 938 1901 luerat
956 1874 1036 1907 ﬁlius,

251 1925 278 1946 et
288 1920 422 1946 exaltatus
436 1920 462 1946 iu
475 1920 570 1952 altare,
583 1925 609 1947 et
620 1921 725 1954 positus
740 1928 821 1955 supra
835 1921 916 1956 ligna,
928 1926 957 1948 et
968 1920 1038 1948 ﬁlius

251 1967 366 1999 desuper
384 1965 507 2000 alligatus
522 1974 529 1993 :
545 1970 572 1992 et
586 1971 662 2000 pater
679 1966 757 1993 veldx
771 1974 849 1993 manu
863 1966 979 2000 gladium
991 1974 1037 2001 ap-

251 2010 402 2044 prehendit.
415 2010 474 2042 Quo
483 2016 593 2044 accepto
604 2011 909 2045 properabatoccidere,
922 2019 974 2038 tton
986 2011 1036 2038 dif-

251 2055 341 2082 ferens
359 2057 460 2089 quippe
480 2055 648 2082 alacritatem
662 2063 693 2083 ac
707 2057 817 2083 donum.
833 2057 897 2083 Erat
907 2063 996 2084 autem
1009 2062 1037 2084 et

251 2107 331 2127 manu
349 2105 376 2127 et
391 2101 532 2128 alacritate
545 2101 632 2135 patris
645 2102 770 2134 Abrahae,
784 2102 829 2129 Dei
843 2103 960 2130 velocior
973 2110 1033 2131 vox.

248 2146 387 2173 Abraham
401 2147 445 2181 qtti
463 2146 606 2174 alacritate
618 2152 804 2181 praecesserat.
816 2153 952 2182 pra-cepto
967 2156 1035 2182 prte-

247 2198 345 2218 veutus
360 2197 401 2219 est
421 2191 479 2219 Dei.
494 2192 639 2224 Abraham,
657 2193 809 2221 Abraham:
827 2193 866 2219 bis
883 2193 970 2220 utitur
986 2202 1034 2221 vo-

246 2245 289 2269 ce,
307 2238 370 2273 quia
383 2242 410 2264 et
423 2238 457 2264 ab
474 2237 552 2264 initio
567 2239 692 2272 praecepti
716 2247 723 2265 :

247 2283 371 2310 dubitare
386 2284 441 2318 (‘22)
455 2293 462 2310 ε
479 2284 526 2311 sed
540 2284 671 2319 praevenit
694 2285 740 2319 qui
762 2285 890 2318 praecepit
907 2294 913 2311 :
935 2286 1030 2313 eadem

246 2331 331 2357 utitur
341 2338 418 2358 voce.
435 2330 512 2358 Sicut
523 2331 596 2358 enim
610 2331 678 2357 dixit
695 2335 785 2362 antea,
796 2330 939 2362 Abraham.
951 2331 1032 2358 Abra-

247 2376 318 2407 ltcm,
334 2377 423 2408 accipe
431 2377 515 2410 ﬁlium
532 2382 606 2403 tuum
622 2377 783 2411 unigenitum
808 2377 886 2403 Isaac
900 2385 974 2412 quem
988 2377 1030 2404 di.

245 2422 332 2447 iea’iui
348 2430 357 2449 :
374 2421 411 2448 ita
425 2426 453 2448 et
465 2422 537 2453 istic,
550 2421 694 2453 Abraham,
711 2421 854 2448 Abraham.
882 2421 940 2455 Ipse
956 2423 1029 2450 enim

243 2467 288 2499 qui
304 2467 347 2493 illa
362 2467 499 2501 praecepit,
515 2472 542 2494 et
559 2474 630 2493 nunc
655 2467 789 2501 loquitur.
815 2473 843 2494 et
868 2467 944 2498 dicit,
964 2467 1028 2494 Νοιὶ

241 2513 393 2548 contingere
403 2512 488 2546 ﬁlium
502 2518 576 2539 tuum
591 2513 614 2529 ⁸⁸
629 2521 637 2539 :
657 2512 743 2540 habeo
757 2514 867 2545 donum,
880 2513 949 2540 habe
960 2519 986 2541 et
1001 2519 1028 2540 tu

242 2558 338 2585 lilium.
354 2558 480 2585 Secundo
491 2558 537 2584 tibi
549 2564 577 2585 et
591 2559 642 2585 ltoc
655 2566 753 2585 tnunus
768 2559 848 2585 dono.
865 2558 968 2585 Eﬂ'ulsit
983 2564 1027 2586 tua

239 2605 374 2636 'charitas,
387 2604 479 2639 agnita
493 2609 535 2631 est
550 2605 618 2631 ﬁdes
633 2610 690 2632 tua.
707 2605 792 2631 Erunt
820 2605 870 2632 ista
887 2613 946 2639 qua
971 2613 985 2632 a
1002 2611 1027 2632 te

241 2657 302 2679 acta
321 2658 394 2684 sunt.
426 2652 580 2679 adhortatio
598 2659 693 2679 eorum
710 2652 756 2686 qui
772 2657 832 2686 post
856 2651 939 2679 ﬁtturi
963 2658 1026 2679 sunt

243 2701 278 2723 te.
297 2697 491 2724 Decantabitur
508 2696 534 2724 id
547 2697 620 2731 quod
639 2696 737 2729 fecisti,
757 2697 782 2723 iu
796 2698 939 2732 progenies
952 2697 1025 2724 l‘uttt-

241 2749 295 2768 ras.
315 2741 404 2769 Habes
419 2742 535 2769 fructum
548 2742 620 2773 ﬁdei,
640 2743 725 2770 habes
740 2747 768 2770 et
779 2742 895 2770 fructum
912 2744 1023 2775 ventris,

239 2787 324 2814 babes
338 2792 365 2813 et
377 2788 478 2817 sterilis
492 2788 588 2820 ﬁlium,
604 2788 687 2815 habes
702 2792 730 2815 et
742 2795 775 2815 ex
791 2789 875 2816 altare
901 2788 1022 2816 itnmola-

275 2835 299 2851 “
315 2835 386 2862 ch.
402 2844 470 2869 χιιι,
484 2837 527 2863 12.

275 2882 331 2918 (8‘1)
349 2882 485 2909 Dubitare.
505 2882 584 2911 Forte
597 2885 738 2911 dubitant.

1063 901 1085 928 B

1104 275 1237 307 tristatus,
1259 275 1323 309 quia
1356 282 1412 302 non
1444 274 1557 309 perfecit
1582 280 1735 309 promptum
1764 277 1883 303 animum

1105 321 1203 347 suum?
1219 321 1265 347 sod
1294 321 1430 348 Abraham
1447 325 1500 351 est,
1523 321 1608 348 nescit
1635 321 1748 350 tristari.
1776 322 1885 356 Ignorat

1101 366 1276 401 prazscribere
1288 366 1314 393 id
1327 365 1398 400 qttod
1419 366 1539 400 gaudens
1554 366 1658 400 accepit
1673 375 1679 392 :
1695 374 1746 393 non
1759 368 1821 402 quia
1831 375 1884 395 non

1100 413 1208 439 obtulit.
1225 413 1295 440 Deus
1315 412 1453 447 prtecepit,
1476 412 1595 447 gaudens
1619 413 1717 440 obtulit
1733 421 1739 439 :
1757 415 1803 441 sed
1821 415 1883 448 quia

1100 459 1126 486 iu
1141 459 1213 485 nullo
1242 458 1401 485 ittobetlicns
1424 457 1483 486 fuit.
1511 456 1561 484 Ubi
1588 465 1652 493 ergo
1676 463 1717 485 est
1741 459 1884 493 prophetia

1099 511 1180 539 quam
1197 504 1234 531 ait
1249 504 1400 535 Abraham,
1423 502 1492 530 Deus
1519 504 1663 536 providebit
1684 504 1817 538 aucriﬁcio
1836 513 1882 532 suo

1099 551 1190 577 orem?
1204 549 1272 576 Num
1287 550 1404 577 otiosttm
1421 549 1471 576 erit
1496 549 1598 575 altare?
1615 548 1684 576 Num
1711 557 1826 576 vacuum
1844 555 1884 577 to-

1099 600 1154 622 tum
1170 595 1241 630 quod
1255 596 1354 622 factum
1374 595 1433 622 est?
1445 595 1513 628 Quid
1529 600 1617 622 autem
1632 602 1699 629 opus
1717 600 1776 622 erat
1796 597 1882 624 videri
1916 596 1919 599 ’

1098 641 1191 668 ludere
1208 641 1312 668 Deum?
1325 640 1352 668 Si
1367 641 1438 668 enim
1453 642 1504 668 iste
1518 641 1624 676 quidem
1639 648 1690 667 non
1709 640 1881 674 offerebatur,

1099 686 1170 714 Deus
1188 692 1276 713 autem
1300 687 1428 721 praecepit
1451 694 1513 714 eum
1536 686 1638 718 offerri,
1658 687 1764 713 oblatus
1780 691 1880 720 autem,

1099 741 1151 759 non
1167 737 1209 760 est
1221 733 1326 760 oblatus
1344 742 1350 760 :
1369 734 1432 767 quid
1445 734 1628 760 necessarium
1642 738 1701 760 erat
1714 733 1740 759 in
1755 741 1784 760 re
1797 742 1804 760 :
1819 733 1882 766 quid

1099 779 1285 806 necessarium
1311 779 1394 806 erat?
1415 779 1558 814 oportebat
1589 778 1756 813 prtel'ortnari
1777 778 1881 806 Novum

1099 823 1302 851 Testamentum
1321 832 1335 851 a
1348 823 1446 851 Vctcre
1457 824 1468 850 ξ
1478 830 1505 852 ιιι
1515 825 1584 858 apud
1596 823 1702 851 Jtlti:EO§
1717 824 1825 857 quidem
1838 829 1882 852 attt

1099 877 1182 903 parra
1198 869 1374 896 inveniuntur
1391 869 1440 896 ista
1457 874 1502 896 attt
1515 871 1613 896 otiosa.
1625 869 1652 896 Si
1675 875 1763 896 autem
1779 870 1881 897 Novum

1100 915 1220 941 additum
1249 914 1330 942 fuerit
1350 915 1567 947 Testameutttm,
1583 919 1609 941 ct
1636 915 1725 942 lumen
1753 916 1882 943 emtlserit

1100 967 1209 993 verum;
1225 960 1369 988 tttilissima
1384 965 1411 988 et
1435 969 1487 988 non
1507 961 1604 993 otiosa,
1626 965 1654 988 et
1679 962 1832 988 necessaria
1856 965 1882 989 et

1098 1014 1150 1034 non
1161 1006 1293 1041 superﬁua
1308 1007 1484 1041 apparebunt.
1494 1006 1522 1034 Si
1536 1007 1607 1034 enim
1621 1012 1647 1034 et
1662 1007 1879 1041 interrogaveri-

1099 1060 1158 1079 ntus
1173 1052 1289 1084 Judzeos,
1306 1058 1334 1079 ut
1350 1052 1412 1086 quid
1436 1051 1601 1079 oﬁ‘crebatur
1615 1052 1690 1079 Isaac
1708 1053 1753 1086 qui
1775 1061 1828 1079 tton
1842 1057 1881 1079 est

1097 1098 1213 1129 oblatus,
1229 1098 1325 1125 incerti
1341 1102 1403 1124 sunt
1420 1103 1446 1126 et
1465 1098 1660 1132 imprudentes.
1683 1097 1711 1125 Si
1725 1104 1814 1126 autent
1832 1099 1880 1126 Ec-

1097 1144 1179 1171 clesia
1197 1145 1294 1172 dixerit
1310 1152 1370 1179 quae
1384 1152 1446 1171 vera
1470 1149 1545 1177 sunt,
1562 1145 1623 1179 quia
1641 1145 1746 1171 oblatus
1761 1150 1803 1171 cst
1828 1153 1879 1172 non

1097 1195 1126 1216 ut
1142 1189 1296 1221 oﬁ‘erretur,
1312 1190 1358 1217 sed
1376 1195 1405 1216 ut
1419 1195 1559 1224 appareret
1574 1191 1636 1225 quia
1656 1191 1715 1218 ovis
1729 1191 1800 1226 ligno
1815 1198 1880 1226 pen-

1097 1236 1178 1263 debat
1193 1244 1241 1271 pro
1254 1237 1373 1269 homine,
1397 1241 1425 1263 ut
1441 1237 1605 1264 liberaretur
1620 1237 1701 1263 homo
1727 1244 1742 1263 a
1770 1241 1877 1264 morte:

1095 1291 1148 1309 tton
1163 1283 1313 1309 concedunt
1337 1283 1415 1310 nobis
1430 1277 1515 1310 Judtri
1542 1283 1718 1319 magniﬁcare
1737 1288 1814 1310 vetns
1833 1291 1879 1319 per

1095 1328 1261 1363 agnitionem
1275 1329 1346 1355 novi.
1360 1328 1587 1363 lnterrogavimus
1601 1329 1671 1355 enim
1681 1337 1738 1360 eos,
1751 1337 1832 1363 quam
1845 1329 1878 1356 ob

1093 1381 1203 1400 causam
1220 1374 1278 1400 ltmc
1294 1374 1383 1401 omnia
1411 1374 1511 1401 ﬁebant
1534 1382 1541 1400 :
1565 1374 1671 1401 oblatus
1689 1383 1740 1401 non
1755 1374 1876 1402 oll’crtnr.

1093 1418 1145 1446 Sed
1161 1419 1262 1451 dicent,
1280 1423 1309 1445 ut
1327 1425 1519 1454 agnosceretur
1535 1421 1671 1447 Abraham
1684 1429 1698 1446 a
1717 1420 1782 1448 Deo.
1798 1420 1876 1447 Late-

1092 1465 1138 1491 bat
1151 1466 1222 1492 enim
1236 1473 1296 1492 eum
1317 1471 1343 1492 et
1358 1471 1420 1493 ante
1436 1466 1632 1494 lentationeut?
1643 1467 1695 1494 Sed
1708 1471 1736 1493 ut
1748 1467 1782 1493 ab
1793 1467 1878 1493 homi-

1093 1510 1183 1537 nibus.
1201 1510 1286 1537 Erant
1300 1511 1359 1544 ejus
1373 1517 1400 1538 et
1416 1511 1477 1538 alite
1489 1512 1653 1539 teutatioues
1664 1513 1787 1547 plurimae
1803 1520 1810 1538 :
1829 1520 1875 1548 ιιιι⁴

1093 1561 1134 1582 tas
1155 1557 1217 1590 quia
1230 1561 1258 1583 ut
1275 1557 1390 1584 sciretur
1413 1557 1478 1584 nihil
1504 1559 1533 1585 ﬁt
1554 1558 1686 1592 amplius?
1704 1563 1734 1585 ut
1760 1559 1876 1586 lucrare-

1094 1609 1154 1627 ntur
1167 1601 1212 1636 qui
1227 1606 1287 1635 post
1306 1602 1362 1629 haec
1383 1602 1478 1630 lucrati
1501 1603 1614 1630 sumus?
1629 1603 1697 1636 Quid
1722 1611 1790 1637 opus
1818 1608 1876 1630 erat

1091 1647 1162 1673 ove?
1176 1652 1239 1681 puta
1253 1647 1316 1681 quia
1331 1652 1358 1675 et
1379 1655 1429 1676 ove
1444 1658 1450 1675 :
1467 1657 1515 1676 cur
1542 1657 1594 1676 non
1614 1654 1706 1676 taurus
1729 1649 1877 1683 apparuit?

1074 1685 1141 1719 cur
1170 1700 1222 1719 non
1250 1701 1330 1728 capra
1354 1699 1399 1720 aut
1419 1694 1539 1721 vitulus?
1554 1703 1603 1722 cur
1628 1704 1680 1721 non
1709 1695 1761 1722 alia
1780 1702 1875 1729 magna

1092 1737 1252 1769 itnmolalio.
1269 1740 1314 1765 sed
1339 1739 1493 1772 ovisiputa
1520 1743 1581 1774 quia
1608 1741 1677 1767 ovis.
1704 1740 1760 1767 Cur
1776 1748 1828 1767 non
1849 1741 1874 1767 in

1091 1789 1161 1810 terra
1176 1785 1231 1811 visa
1256 1791 1294 1812 est
1312 1786 1390 1812 ovis?
1417 1795 1466 1813 cur
1481 1795 1534 1814 non
1553 1793 1629 1814 extra
1654 1787 1750 1818 altare,
1773 1793 1819 1814 aut
1849 1787 1873 1814 in

1089 1830 1213 1855 cominus
1227 1831 1351 1864 apparuit
1362 1831 1462 1860 altari?
1481 1833 1508 1859 Si
1523 1833 1631 1868 quidem
1649 1832 1789 1860 hominum
1805 1838 1874 1860 esset

1090 1874 1246 1902 adiuventio
1263 1880 1310 1901 attt
1327 1876 1487 1910 compositio
1513 1877 1546 1904 de
1569 1884 1630 1909 ove,
1645 1878 1788 1912 oportebat
1810 1877 1872 1904 alibi

1089 1918 1217 1947 inveniri.
1233 1919 1261 1947 Si
1277 1925 1366 1948 autem
1383 1921 1454 1949 Deus
1478 1930 1526 1956 pro
1542 1922 1652 1950 homine
1670 1930 1747 1949 ovem
1768 1923 1867 1957 praebe-

1088 1965 1143 1996 bat,
1153 1965 1242 1993 subito
1256 1966 1283 1994 in
1300 1967 1357 2001 ipso
1372 1967 1430 1995 loco
1442 1969 1533 1996 debuit
1547 1969 1591 1995 ttbi
1601 1974 1660 1996 erat
1674 1968 1759 2002 Isaac,
1773 1970 1799 1996 in
1815 1970 1870 2004 ipsc

1087 2011 1184 2040 altare.
1201 2017 1245 2038 aut
1273 2013 1298 2038 itt
1318 2018 1398 2045 terra,
1417 2015 1551 2048 autjuxta
1567 2015 1663 2046 altare,
1689 2019 1736 2041 aut
1761 2015 1870 2050 ligatum

1087 2057 1120 2083 ad
1134 2057 1249 2085 radicem
1271 2059 1386 2086 arboris.
1405 2059 1481 2087 Nunc
1499 2065 1588 2087 autem
1611 2065 1725 2095 apparet
1747 2062 1805 2087 ovis
1828 2067 1871 2086 su-

1087 2110 1198 2137 spensa,
1217 2108 1245 2131 et
1265 2112 1279 2131 a
1297 2106 1436 2136 cornibus,
1453 2112 1481 2133 et
1494 2114 1624 2141 suspensa
1640 2108 1666 2133 in
1684 2107 1792 2133 arbore.
1816 2105 1871 2132 Na-

1087 2153 1146 2176 tura
1166 2155 1256 2177 autent
1270 2151 1500 2186 interpretabatur
1515 2153 1586 2187 qttod
1603 2157 1663 2179 erat
1680 2153 1826 2180 occultum.
1842 2151 1869 2178 Si

1086 2195 1148 2228 quis
1162 2195 1234 2222 enim
1251 2198 1425 2231 suspenderit
1442 2205 1520 2225 ovem
1538 2206 1552 2225 a
1570 2198 1700 2226 cornibus
1715 2198 1742 2225 in
1763 2198 1869 2228 arbore,

744 2238 806 2274 quia
824 2239 896 2265 enim
923 2239 990 2266 forte
1005 2244 1033 2267 et
1048 2243 1071 2273 Ι)
1086 2240 1112 2266 id
1130 2241 1201 2275 qttod
1217 2244 1351 2277 sequitur,
1369 2243 1472 2271 videbit
1486 2244 1556 2279 quod
1573 2249 1633 2271 erat
1658 2243 1790 2271 futurum.
1819 2243 1869 2270 Ne-

1085 2294 1161 2314 cesse
1169 2288 1240 2315 enim
1254 2294 1294 2316 est
1308 2289 1386 2316 istam
1401 2291 1507 2325 quaeita
1521 2291 1619 2325 pendet
1630 2291 1655 2317 iu
1673 2289 1771 2317 arbore
1779 2298 1866 2321 ovem.

1084 2339 1223 2367 separatos
1240 2335 1393 2370 expandere
1411 2336 1492 2370 pedes
1508 2337 1628 2371 priores:
1642 2336 1694 2363 hoc
1702 2335 1774 2363 enim
1785 2343 1866 2370 expe-

1084 2379 1188 2407 ditovis
1205 2387 1264 2414 qute
1287 2381 1323 2407 ita
1353 2381 1538 2416 suspenditur.
1566 2380 1684 2408 Necesse
1697 2385 1740 2409 est
1753 2381 1825 2408 enim
1841 2385 1867 2408 et

1083 2426 1204 2460 separari
1217 2425 1275 2460 ejus
1287 2426 1333 2460 qui
1358 2427 1483 2454 deorsum
1501 2431 1564 2454 sunt
1583 2427 1679 2462 pedes.
1699 2426 1767 2454 Cum
1786 2426 1866 2461 igitur

1082 2472 1141 2498 ovis
1154 2479 1290 2507 suspensa:
1304 2473 1329 2499 in
1344 2473 1427 2507 ligno,
1444 2473 1509 2500 etin
1525 2473 1622 2500 arbore
1630 2480 1756 2508 expansa
1769 2473 1866 2500 ruerint

1083 2524 1179 2543 tuanus
1191 2521 1218 2544 et
1236 2517 1328 2552 pedes,
1353 2524 1440 2551 neque
1454 2517 1680 2552 interpretatione
1703 2518 1825 2553 indigent
1840 2517 1865 2545 hi

1081 2563 1126 2596 qui
1145 2562 1245 2589 habent
1263 2562 1356 2589 oculos
1371 2563 1481 2589 mentis.
1498 2562 1551 2589 Sed
1566 2563 1628 2597 quis
1641 2563 1737 2597 estqui
1757 2562 1864 2595 pericli-

1083 2609 1190 2634 labatur
1199 2608 1303 2635 occidi?
1330 2609 1421 2635 homo.
1453 2608 1520 2641 Quid
1537 2614 1578 2636 est
1592 2609 1663 2643 quod
1688 2616 1735 2642 pro
1758 2608 1864 2635 homine

1080 2653 1290 2681 immolabatur?
1313 2655 1372 2682 ovis
1387 2662 1517 2688 suspensa
1539 2654 1565 2681 in
1582 2654 1664 2688 ligno.
1680 2653 1820 2688 Tanquam
1841 2653 1861 2680 si

1080 2699 1181 2726 diceret
1196 2699 1267 2726 Deus
1281 2699 1315 2726 ad
1330 2699 1466 2726 Abraham
1483 2698 1558 2726 :Non
1575 2704 1636 2725 tuus
1649 2699 1804 2734 unigenitus
1818 2705 1862 2724 ut.~

1079 2745 1216 2772 cessarius
1235 2754 1242 2772 :
1258 2745 1303 2772 sed
1318 2750 1409 2772 currat
1425 2745 1533 2781 quidem
1552 2744 1637 2771 forma
1652 2751 1699 2778 per
1712 2750 1861 2776 tuutn,scr-

1079 2796 1158 2818 retur
1173 2796 1262 2818 autem
1282 2799 1343 2819 meo
1357 2790 1500 2827 Uuigenito
1515 2791 1586 2826 qttnd
1598 2789 1636 2822 ﬁt.
1651 2789 1689 2821 lta
1705 2791 1764 2818 ovis
1781 2796 1860 2825 appa-
