2024 3208
164 169 232 200 1081

716 171 761 198 DE
781 170 1082 199 RESURREGTIONE.
1100 188 1136 193 —
1154 171 1220 200 LIB.
1240 171 1263 200 Ῑ.

1702 169 1772 200 108!

151 228 204 256 ruit
220 233 272 261 pro
287 227 409 259 homine.
424 232 452 255 et
468 228 521 257 hoc
539 228 567 256 tn
583 229 666 264 ligno,
687 234 716 257 et
733 230 784 257 hoc
798 237 939 264 suspensa,
955 231 977 259 Α
992 235 1080 256 mntem
1096 229 1199 257 electus
1213 230 1258 257 ille
1273 233 1302 257 et
1318 230 1363 264 qni
1385 233 1448 257 ante
1468 228 1540 256 Esau
1555 228 1643 257 fat-tus
1660 234 1712 262 est,
1728 230 1770 257 vi-

149 278 178 301 et
190 274 241 301 hoc
253 274 331 307 cujus
343 274 480 302 haeserunt
497 283 593 303 manus
613 281 641 302 et
668 276 749 311 pedes
765 281 893 311 tanquam
910 277 936 305 in

150 327 234 347 cruce
251 324 299 346 :et
314 321 453 354 prophetia
474 321 591 354 Abrahae
607 321 722 349 efﬁcitur
738 322 847 357 duplex.
860 321 938 355 Quod

150 367 222 393 enim
239 365 287 398 ait,
310 366 381 393 Deus
398 368 539 399 praeit/obit
562 376 632 394 ovem
655 369 798 402 sacriﬁcia,
822 368 860 402 [ili
881 376 890 394 :
913 371 940 395 et

153 417 216 439 tunc
231 413 294 446 quid
310 414 470 446 completum
483 420 524 440 ext
540 414 566 440 in
581 414 792 447 comparatione,
812 414 939 441 servaba-

153 462 197 484 tur
209 463 299 485 autem
315 458 340 484 in
356 458 483 493 mysterio
501 459 617 485 νιιιὶιμιὶ.
632 459 700 491 Quid
720 458 800 493 igitur
822 459 871 486 sibi
885 458 941 484 vult

153 503 205 530 iste
220 512 311 531 sermo
326 504 467 530 incurrens
482 504 626 531 ostendere
647 505 709 538 quia
732 504 868 531 Abraham
884 502 939 539 (25)

156 552 240 575 totam
261 556 336 576 suam
356 549 436 574 vitam
453 549 581 583 transegit
603 550 628 576 in
650 550 791 585 angustiis,
808 550 834 576 in
853 555 941 577 tenta-

155 593 284 625 tionibns,
301 594 326 620 in
339 593 487 621 doloribus.
503 594 530 620 Si
543 595 614 621 enim
631 595 655 621 in
670 596 720 622 ista
737 596 789 621 vita
803 603 876 629 spem
895 596 942 622 lia-

154 641 242 670 beret,
261 640 401 666 fraudatus
421 645 491 666 esset
507 648 521 666 a
548 648 605 675 spe.
631 641 697 667 Cum
725 642 805 676 igitur
835 642 940 675 gloriati

155 685 257 712 fuerint
272 685 355 712 Judtei
382 686 407 712 in
431 686 580 717 Abraham,
597 687 783 713 necessitatem
807 687 943 713 habebunt

154 737 181 758 et
199 731 424 758 resurrectionem
435 733 567 758 confiteri.
584 732 639 759 lloc
653 733 684 758 ad
700 732 770 758 illam
784 732 943 759 Sadducato—

156 784 216 803 rum
240 782 358 811 partem,
383 777 426 810 qtti
456 781 556 811 negant
583 784 693 811 prorsus
717 777 942 803 resurrectionem

157 822 284 853 futuram,
300 828 374 849 recte
387 823 533 849 diceretur.
547 823 614 855 Quia
630 828 718 849 autem
734 822 785 848 alia
806 830 879 856 pars,
893 823 944 849 hoc

155 873 196 895 est
221 868 429 899 Pharisa'orttm,
450 868 675 895 resurrectionem
698 868 807 901 quidem
831 869 944 895 corifite-

156 918 210 946 tur,
230 915 456 941 resurrectionem
470 919 561 941 autem
579 914 658 941 talem
683 914 748 941 dicit
771 913 899 944 futuram,
915 918 943 939 ut
960 905 981 934 Β
998 919 1092 945 meum
1106 917 1188 951 igitur
1203 917 1279 943 nobis
1293 914 1376 942 Judmi

158 960 254 987 iterum
269 961 445 986 manducetnr
462 965 489 986 et
505 960 621 991 bibatur,
646 964 672 985 et
686 959 817 993 conjugiis
837 963 943 991 utatur;

157 1010 186 1032 ut
203 1014 237 1033 ne
248 1006 355 1039 quidem
371 1010 542 1040 resurgentes
565 1010 673 1032 cessent
697 1006 891 1033 manducantes
917 1011 944 1032 et

157 1052 290 1084 bibentes,
302 1055 327 1077 et
344 1052 475 1086 coniugiis
487 1060 515 1078 se
532 1052 726 1086 conjttngeules
741 1061 746 1078 :
764 1043 858 1079 venter
872 1052 942 1079 enim

158 1097 243 1131 magis
254 1101 315 1124 Sunt
326 1106 405 1131 quam
423 1098 554 1124 homines.
577 1098 608 1124 Et
623 1098 691 1124 sicut
705 1099 812 1132 quidam
828 1098 945 1124 morien~

159 1144 224 1169 tium
239 1143 283 1176 qui
301 1148 364 1170 ante
390 1142 465 1169 fuere
483 1144 507 1169 iu
534 1143 639 1170 deliciis
668 1144 827 1175 viventium,
847 1148 944 1178 putant

159 1195 219 1214 esse
236 1187 362 1213 fraudare
376 1187 432 1221 (24‘,
447 1188 496 1214 ista
511 1188 565 1214 vita
584 1188 608 1214 in
627 1193 723 1220 morte,
739 1189 765 1215 in
786 1197 945 1215 monumen-

160 1233 207 1262 tis.
221 1237 248 1259 et
263 1234 333 1259 circa
349 1233 447 1267 januas
464 1234 649 1268 sepulcrorum
678 1235 837 1268 semetipsos
852 1235 939 1269 depin-

159 1283 234 1313 gunt,
249 1283 276 1304 et
289 1278 330 1304 vel
348 1280 373 1305 in
389 1279 559 1314 imaginibus,
575 1286 602 1306 et
627 1286 686 1315 post
701 1286 815 1307 mortem
833 1281 945 1307 mandu-

159 1329 239 1351 cant:
257 1323 294 1350 ita
312 1329 338 1351 et
351 1324 505 1351 Judteorum
532 1326 661 1353 Pharisaei
675 1326 767 1352 volunt
782 1332 807 1353 et
824 1331 884 1360 post
905 1333 945 1352 re-

158 1371 355 1397 surrectionem
372 1375 497 1405 tanquam
509 1371 607 1406 depicti
624 1372 721 1398 iterum
745 1373 907 1398 manducare
921 1376 946 1398 et

160 1415 265 1449 bibere,
283 1421 309 1443 et
323 1417 386 1443 nubi
403 1422 429 1443 et
444 1417 555 1444 nubere.
583 1417 755 1444 lternmbunt
777 1419 848 1443 enim
863 1422 889 1444 et
904 1418 946 1451 pi-

160 1463 244 1489 cturis
261 1463 330 1496 apud
356 1463 520 1493 istiusmodi,
534 1469 559 1490 et
576 1464 702 1491 meliores
729 1472 783 1490 sua:
809 1465 875 1499 (2-5).
893 1464 946 1491 Nos

159 1513 248 1534 autem
266 1509 442 1543 praesiliamns
454 1510 487 1536 ad
513 1510 538 1535 id
565 1510 635 1544 quod
660 1518 751 1537 verum
766 1516 815 1537 est.
831 1511 858 1537 Si
875 1511 946 1538 enim

162 1554 224 1580 talis
248 1560 320 1581 esset
334 1556 507 1587 resurrectio,
522 1563 715 1583 exeusaremns
734 1557 826 1591 utique
854 1564 945 1583 resur-

159 1608 233 1634 gere.
259 1600 357 1628 lterum
382 1602 452 1629 enim
469 1610 626 1637 exsurgere,
645 1607 672 1629 et
693 1610 771 1629 arare
786 1607 814 1629 et.
834 1608 942 1635 metere,
958 1591 978 1619 Ο

160 1647 255 1674 lterum
273 1648 436 1675 manducare
450 1653 477 1674 et
496 1649 599 1678 bibere,
620 1649 717 1675 iterum
731 1648 841 1682 spoliari
861 1653 886 1674 3t
899 1656 945 1674 ve—

159 1693 229 1725 stiri,
247 1693 344 1720 iterum
363 1694 482 1721 dormire
505 1700 531 1721 et
558 1695 681 1729 vigilare.
707 1695 758 1721 Sed
776 1695 945 1721 advertatnus

158 1739 222 1772 quid
232 1739 301 1765 dicat
315 1739 470 1772 Apostolus:
483 1740 511 1766 Si
520 1741 545 1766 in
558 1741 607 1766 ista
620 1740 671 1766 vita
684 1740 911 1774 spent/laberemur
920 1741 946 1765 in

159 1784 274 1816 Christo,
287 1786 489 1812 miserabiliores
501 1786 621 1812 omnibus
633 1786 780 1812 hominibus
789 1793 901 1812 essemus
912 1785 944 1812 ".

161 1828 188 1856 Si
204 1830 276 1857 enirn
293 1831 327 1857 ita
341 1832 434 1858 statuit
447 1832 516 1857 Deus
533 1836 562 1857 ttt
575 1832 599 1857 in
614 1832 678 1865 ipsis
693 1832 788 1858 iterum
807 1831 900 1863 simus,
918 1834 947 1857 ιιι

159 1876 223 1910 quid
237 1884 286 1903 nos
297 1881 324 1902 et
338 1876 477 1910 quiescere
491 1876 573 1904 facit?
600 1876 655 1903 lioc
681 1877 752 1903 enim
778 1876 893 1903 ludentis
905 1881 947 1903 est

159 1922 260 1954 potius,
277 1923 425 1949 concedere
443 1923 521 1954 mori,
541 1928 567 1950 et
582 1923 679 1949 iterum
696 1923 728 1949 ad
751 1922 835 1956 ipsam
857 1929 947 1949 resur-

160 1974 223 2000 gere
239 1967 331 1994 vitam.
364 1968 390 1994 Si
413 1969 486 1994 enim
508 1969 544 1995 ita
571 1975 782 2002 resnrgeremus,
806 1969 946 2002 oportebat

160 2013 297 2040 Abraham
313 2018 342 2040 nt
362 2022 413 2040 non
433 2014 569 2041 amitteret
584 2021 643 2048 qua?
660 2014 702 2040 hic
721 2019 793 2046 sunt,
811 2013 865 2046 jam
884 2022 946 2048 per-

160 2059 213 2086 frui
230 2067 260 2086 ea
278 2067 338 2094 qua:
357 2051 468 2087 essetin
487 2060 713 2087 resurrectionem
727 2065 898 2094 accepturus.
917 2060 945 2087 Si

162 2106 234 2132 enim
255 2114 317 2133 cum
333 2106 471 2141 voluptate
498 2106 590 2133 bibere
603 2111 629 2132 et
645 2106 747 2140 epulari
762 2106 815 2132 vita
841 2110 899 2138 est;
918 2106 944 2132 in

160 2159 322 2186 quacunque
339 2153 403 2178 hora
417 2159 469 2179 non
478 2160 538 2179 cum
549 2151 684 2186 voluptate
697 2152 823 2183 bibimus,
838 2151 946 2178 frauda-

162 2206 253 2225 retntts
269 2206 282 2224 τι
296 2200 360 2225 vita.
374 2199 426 2225 Sed
444 2206 507 2225 vere
517 2198 669 2225 Judmorum
685 2204 771 2225 venter
782 2204 817 2224 est
835 2200 898 2224 (lens
913 2198 945 2230 “,

159 2244 230 2270 sicut
246 2244 312 2270 dicit
335 2244 442 2275 Paulus,
460 2244 505 2279 qui
522 2249 565 2271 est
589 2252 620 2270 ex
643 2243 752 2276 Judaeis,
772 2246 815 2278 qui
840 2244 947 2271 Judmos

160 2290 269 2323 quidem
291 2297 388 2324 passus
411 2298 463 2317 non
481 2295 531 2321 est,
549 2291 654 2317 veritati
680 2291 752 2318 enim
784 2291 898 2317 credidit
920 2291 945 2317 in

158 2334 278 2362 Christo.
292 2336 360 2368 Quid
380 2341 469 2363 autem
485 2337 573 2363 dicent
588 2336 665 2363 nobis
691 2342 718 2363 et
740 2337 769 2363 de
792 2336 876 2366 Isaac,
900 2336 946 2370 qui

156 2380 213 2414 jam
229 2382 346 2409 habebat
360 2382 479 2409 dolorem
496 2382 706 2409 immolationis?
732 2382 831 2409 llatniit
854 2387 944 2408 autem

159 2433 186 2454 et
201 2433 262 2461 post
274 2429 330 2456 hate
342 2429 450 2456 easdem
469 2429 540 2463 ipsas
555 2429 751 2459 trihulationes,
769 2437 836 2463 quas
854 2434 880 2456 et
898 2437 945 2463 pa-

162 2480 214 2503 ter.
230 2475 359 2510 Conjugis
374 2479 483 2510 inquam
496 2483 562 2508 sua),
575 2483 635 2510 qum
650 2483 745 2510 parere
761 2484 812 2502 non
829 2480 944 2509 poterat,

163 2523 320 2557 nuptiarum
338 2530 492 2555 maerorem,
515 2523 745 2549 commanentimn
764 2522 945 2556 deceptiones.

161 2567 271 2596 frandes
284 2569 417 2596 laborum.
431 2568 492 2596 llaec
507 2569 589 2595 donat
606 2568 675 2595 Dens
690 2568 756 2600 suis,
772 2568 888 2600 doleres,
904 2570 948 2596 tri-

160 2612 325 2647 bulationes,
343 2615 490 2649 angustias.
506 2614 534 2640 Si
550 2613 620 2640 Deus
636 2614 692 2640 haec
713 2613 854 2646 promisit:
867 2613 949 2641 Jacob

195 2684 217 2699 ιι
237 2683 318 2710 lCor.
336 2691 380 2714 xv,
399 2683 440 2709 t9.
475 2682 497 2697 ³¹
517 2681 632 2714 Philipp.
645 2688 685 2712 Ill,
701 2681 743 2708 l9.
780 2680 803 2695 "
819 2681 886 2707 Gen.
903 2689 944 2707 XXI

998 2682 1038 2708 ιο.
1073 2681 1095 2697 ³³
1110 2680 1223 2707 Malach.
1238 2686 1258 2708 ι.
1276 2678 1310 2709 5;
1330 2677 1408 2704 Rom.
1425 2685 1463 2709 ix,
1478 2676 1520 2703 15.

197 2750 253 2783 (9.5)
266 2749 349 2778 Forte
365 2757 413 2785 per
428 2749 679 2785 interrogationem,
704 2747 774 2785 Quid
799 2748 881 2785 igitur
899 2749 948 2776 sibi

162 2788 214 2814 rufi
226 2788 275 2812 iste
290 2783 376 2812 sermo
388 2787 523 2811 incurrens
534 2784 547 2810 .9
558 2788 587 2809 ut
597 2783 737 2818 responsio
748 2784 792 2816 sit,
806 2784 949 2812 Ostendam

162 2824 222 2857 quia
237 2820 380 2857 Abraham,
397 2824 451 2850 etc,

198 2857 254 2891 (at)
276 2856 325 2891 Ms.
344 2853 444 2891 Putant
460 2862 487 2882 re
504 2853 640 2888 fraudare,
655 2853 723 2888 Quid
745 2854 766 2881 si
784 2854 882 2890 potius,
902 2863 948 2889 pu-

161 2890 248 2923 tantes
258 2898 285 2918 ιε
299 2890 436 2926 fraudare,

989 276 1056 311 ginti
1074 281 1101 304 et
1124 283 1207 304 unum
1235 283 1320 303 annos
1355 275 1460 308 serviit,
1484 280 1548 303 tunc
1572 275 1691 303 maxime
1706 282 1770 303 cum

990 322 1171 349 adolescentia
1189 322 1213 349 ei
1228 322 1309 349 dabat
1322 321 1424 356 epulari
1440 331 1448 349 :
1468 326 1496 348 et
1518 322 1545 348 in
1572 321 1691 356 paternis
1706 321 1771 348 dum

991 373 1090 402 ageret,
1107 372 1249 402 suspectus
1267 372 1322 394 erat
1341 375 1372 394 ne
1389 368 1560 395 occideretur
1578 375 1592 394 a
1611 367 1694 394 fratre
1711 375 1719 393 :
1745 371 1774 395 et

992 414 1018 440 in
1035 414 1120 441 soceri
1137 414 1216 440 domn
1232 421 1326 440 servus
1354 422 1360 439 :
1385 413 1410 440 in
1438 414 1534 440 itinere
1552 418 1640 440 autem
1657 413 1771 447 lapidem

991 462 1067 494 ponit
1082 460 1132 487 sub
1146 460 1234 493 capite
1261 468 1320 491 suo,
1336 464 1363 486 et
1385 468 1445 486 cum
1467 460 1541 495 virga
1562 461 1617 487 sola
1644 460 1774 486 ambulat.

991 505 1054 532 llmc
1067 505 1216 532 nuditatem
1231 504 1339 538 quidem
1355 504 1508 539 significant
1529 505 1613 538 ipsius
1627 504 1745 532 hominis
1764 512 1772 530 :

992 555 1163 578 sacramenta
1178 556 1266 576 autem
1289 558 1349 584 qua:
1369 558 1414 584 per
1428 549 1509 577 .lacob
1530 551 1641 582 fiebant,
1670 555 1774 585 petram

993 601 1195 630 supportantem
1210 600 1292 630 caput
1308 595 1381 628 ejus,
1395 596 1439 630 qtti
1462 596 1675 630 persecutionem
1691 596 1775 630 patie-

993 642 1092 668 batur:
1111 645 1138 667 et
1154 640 1229 674 virga
1248 642 1274 667 in
1291 648 1370 666 malm
1388 641 1533 667 ostendens
1558 640 1628 666 viam
1652 640 1775 674 fugienti.

993 690 1048 722 Ego
1061 696 1126 715 sane
1140 687 1227 714 audivi
1243 687 1324 714 Iacob
1338 688 1482 720 dicentem,
1493 687 1553 721 quia
1564 695 1608 720 per
1620 687 1688 713 diem
1699 695 1776 713 cam-

993 735 1046 761 edit
1067 742 1125 760 eum
1145 733 1224 759 ardor
1242 732 1323 761 satis;
1344 737 1369 758 et
1391 733 1474 766 {rigui
1498 740 1598 763 seniper
1616 740 1661 763 per
1676 736 1776 758 noctem

993 780 1074 806 sensit
1091 780 1123 806 ³³.
1143 779 1170 805 Si
1196 778 1245 805 ista
1276 778 1415 805 beatitudo
1432 783 1483 810 est,
1502 778 1578 805 valde
1594 778 1685 804 odibat
1710 777 1777 804 Deus

994 825 1089 856 Jacob,
1107 824 1176 850 Esau
1203 827 1262 849 erat
1290 827 1380 849 autem
1409 823 1435 849 in
1465 822 1576 848 deliciis.
1604 822 1688 848 Audio
1715 827 1777 848 sane

996 872 1079 897 Deum
1092 871 1223 897 dicentem
1242 867 1344 895 :Jucab
1359 868 1450 899 dilexi,
1470 867 1540 893 Eum
1561 872 1646 893 autem
1665 866 1732 893 oo'ivi
1744 866 1778 893 ³⁸.

1399 925 1405 942 ;
1425 914 1447 940 si
1470 909 1524 940 iste
1538 918 1579 940 est
1594 912 1696 939 fructus
1716 920 1764 946 pro

998 964 1145 993 missionis,
1164 963 1186 989 si
1203 963 1251 989 ista
1272 967 1315 988 est
1327 968 1396 994 spes,
1415 968 1478 986 num
1493 960 1551 987 odit
1567 959 1636 986 Dens
1648 958 1732 985 Jacob
1747 958 1779 986 de

996 1018 1050 1045 quo
1071 1011 1146 1042 dicit,
1164 1009 1226 1044 quia
1252 1007 1354 1035 dilexi?
1369 1006 1420 1033 Sed
1447 1011 1510 1033 tunc
1532 1014 1592 1032 cum
1614 1006 1741 1032 liberatus
1764 1012 1779 1033 8

997 1056 1127 1083 servitute
1143 1059 1226 1086 esset,
1241 1060 1329 1080 nonne
1357 1052 1424 1086 fugit
1437 1056 1465 1078 ut
1481 1050 1649 1078 salvaretur?
1664 1049 1779 1085 Fugiens

997 1107 1086 1127 autem
1108 1108 1158 1127 non
1173 1104 1212 1126 est
1233 1098 1457 1133 comprehensus,
1483 1102 1510 1124 et
1532 1097 1557 1124 iii
1579 1097 1674 1123 timore
1689 1094 1780 1122 stetit?

998 1146 1050 1174 Sed
1065 1146 1171 1181 fugiens
1189 1146 1375 1179 insequentem
1392 1151 1421 1170 se
1434 1151 1557 1170 socerum
1578 1150 1664 1169 nonne
1682 1148 1780 1168 occur--

998 1193 1032 1219 rit
1046 1193 1119 1219 fratri
1135 1191 1205 1219 suo?
1223 1198 1311 1217 nonne
1338 1190 1418 1217 timor
1443 1190 1531 1216 timori
1549 1187 1698 1215 successit?
1727 1187 1781 1214 Sed

997 1239 1059 1273 quia
1074 1238 1203 1264 liberatus
1213 1242 1239 1263 et
1251 1236 1284 1262 ab
1302 1236 1352 1262 isto
1366 1239 1425 1263 est:
1441 1242 1529 1261 nonne
1546 1234 1639 1260 habttit
1660 1234 1685 1259 in
1702 1239 1782 1259 sene—

998 1289 1070 1312 ctute
1085 1284 1144 1310 sine
1157 1276 1340 1309 consolatione
1353 1280 1489 1307 dolorem?
1503 1279 1601 1305 Habuit
1615 1279 1685 1305 enim
1699 1277 1783 1304 .lacob

1004 1336 1029 1358 et
1047 1330 1127 1357 aliutn
1142 1328 1226 1355 Isaac.
1245 1327 1353 1359 llahnit,
1370 1327 1491 1360 inquam,
1507 1324 1617 1358 Joseph,
1647 1323 1721 1350 illutn
1737 1324 1783 1350 bo-

1000 1383 1063 1401 tntm
1086 1378 1113 1401 et
1138 1373 1265 1400 dilectttm
1286 1372 1348 1404 sibi,
1376 1371 1472 1397 bonam
1501 1369 1655 1404 progeniem
1684 1376 1783 1395 suam:

999 1426 1120 1444 amarum
1137 1422 1226 1444 autetu
1243 1416 1276 1443 de
1291 1423 1323 1442 eo
1336 1415 1467 1442 dolorem.
1485 1414 1517 1440 Et
1531 1413 1624 1440 habuit
1638 1413 1745 1448 quando
1758 1417 1784 1439 et

999 1464 1100 1491 sterilis
1118 1468 1177 1490 erat
1194 1468 1221 1489 et
1242 1462 1321 1489 istius
1338 1466 1437 1492 mater,
1450 1459 1574 1487 etJaeob
1592 1466 1644 1485 non
1660 1459 1785 1485 cessabat

1001 1510 1114 1536 orando.
1127 1509 1186 1536 .Iam
1207 1512 1296 1535 autem
1309 1512 1337 1534 et
1356 1508 1382 1533 in
1394 1505 1569 1541 opprobritttn
1584 1510 1651 1532 erat.
1669 1505 1785 1531 Dellebat

1002 1556 1072 1582 enim
1091 1555 1201 1586 sterilis,
1219 1559 1246 1581 et
1259 1554 1364 1580 dicebat
1380 1553 1412 1578 ad
1426 1553 1512 1578 virum
1531 1560 1538 1577 :
1555 1552 1594 1577 Da
1613 1550 1676 1577 milii
1690 1549 1784 1584 ﬁlium,

1001 1605 1046 1627 aut
1062 1600 1161 1626 moriar
1175 1600 1207 1626 ³⁸.
1229 1599 1313 1625 Soror
1328 1602 1485 1632 exaggerat.
1503 1597 1614 1623 Ancilla:
1638 1596 1784 1628 habebant,

1001 1653 1028 1673 et
1042 1647 1124 1673 libera
1151 1654 1203 1672 non
1227 1645 1353 1672 habebat.
1375 1645 1465 1676 Dolor,
1481 1644 1608 1678 gemitus,
1635 1648 1661 1669 et
1677 1642 1785 1669 tristitia

1001 1697 1058 1719 erat
1075 1692 1180 1719 iisdetu.
1197 1691 1248 1718 Sed
1265 1691 1392 1717 misertus
1404 1696 1446 1716 est
1458 1690 1497 1716 eis
1508 1688 1653 1723 aliquando
1667 1688 1744 1719 Deus,
1757 1691 1786 1714 et

1003 1745 1083 1766 natus
1110 1743 1153 1766 est
1175 1738 1272 1772 Josepli
1297 1737 1341 1764 ille
1365 1738 1451 1763 bonus
1475 1736 1603 1769 undique,
1618 1741 1732 1768 corpore
1757 1734 1785 1760 in

1002 1790 1117 1816 tantum,
1134 1790 1266 1818 quantum
1282 1788 1397 1811 testatur
1417 1790 1476 1817 qua:
1498 1782 1569 1808 victa
1594 1785 1645 1812 est,
1668 1784 1784 1806 utentem

1002 1838 1092 1858 autem
1107 1831 1163 1865 (26)
1178 1835 1308 1865 quantum
1327 1834 1442 1855 testatur
1462 1832 1538 1862 pater
1554 1836 1560 1854 :
1582 1826 1625 1861 qui
1651 1832 1784 1860 prteroga-

1004 1876 1042 1902 vit
1056 1877 1108 1907 his,
1125 1876 1169 1909 qui
1196 1880 1275 1901 antea
1291 1873 1401 1900 fuerant
1424 1873 1491 1899 nati.
1511 1872 1637 1898 Testatur
1652 1875 1741 1897 autem
1757 1873 1785 1895 et

1002 1923 1072 1955 apud
1098 1922 1243 1957 Aigyptum
1270 1919 1446 1953 dispensatio,
1471 1925 1531 1952 qum
1560 1922 1615 1944 toto
1647 1916 1718 1943 facta
1745 1921 1787 1942 est

1002 1970 1111 1996 mundo.
1131 1968 1256 1995 Testatur
1279 1972 1306 1994 et
1325 1965 1438 1993 scientia
1462 1964 1559 1999 lingua;
1576 1970 1655 1997 quam
1676 1962 1786 1997 ignora—

1002 2016 1046 2041 bat
1065 2023 1071 2041 :
1085 2018 1112 2040 et
1124 2012 1258 2039 mirabilia
1276 2010 1459 2038 intellectibus
1472 2009 1547 2043 pueri
1562 2013 1653 2040 erant;
1669 2007 1716 2035 sed
1728 2007 1787 2042 pul-

1001 2059 1170 2086 chritudines
1188 2059 1228 2085 ha:
1242 2058 1362 2090 salvanc,
1378 2056 1516 2083 ttetificant
1531 2065 1538 2083 :
1552 2056 1681 2081 bonorum
1696 2058 1786 2080 autem

1002 2113 1081 2133 casus
1106 2106 1165 2132 sine
1181 2105 1277 2131 solatio
1292 2103 1410 2130 dolorem
1427 2102 1566 2137 parabant.
1584 2100 1648 2127 Erat
1665 2099 1746 2135 igitur
1761 2100 1787 2125 in

1003 2155 1099 2178 timore
1115 2151 1199 2185 patris
1211 2150 1310 2184 Joseph
1325 2158 1331 2175 :
1347 2155 1374 2177 et
1388 2157 1450 2176 cum
1479 2149 1586 2176 adesset
1606 2155 1666 2175 cum
1688 2155 1730 2177 eo,
1756 2155 1789 2173 ne

1001 2199 1072 2225 forte
1094 2197 1155 2224 talis
1177 2205 1229 2223 non
1245 2200 1417 2231 permaneret
1435 2194 1571 2222 salvator:
1587 2194 1622 2220 ita
1639 2193 1786 2222 mordebat.

1001 2250 1027 2271 et
1042 2245 1165 2270 timorem
1180 2242 1321 2274 ingerebat
1335 2242 1404 2276 patri
1420 2249 1468 2276 per
1484 2248 1515 2267 ea
1533 2248 1592 2274 qua:
1617 2238 1786 2273 loquebatur,

1002 2299 1048 2325 per
1059 2298 1089 2318 ea
1104 2297 1163 2324 qua:
1179 2290 1278 2322 aiebat,
1304 2296 1352 2323 per
1374 2296 1406 2315 ea
1431 2295 1489 2321 quae
1503 2286 1617 2313 tacebat.
1638 2284 1706 2317 Quid
1722 2291 1788 2318 ergo

1001 2338 1063 2372 quia
1075 2336 1173 2372 Ioseph
1184 2342 1242 2363 erat
1256 2336 1327 2366 talis,
1343 2340 1369 2361 et
1381 2334 1516 2361 secundus
1532 2331 1604 2358 solus
1616 2331 1709 2374 matris
1721 2336 1786 2359 sum,

1000 2390 1027 2411 et
1046 2384 1162 2411 dilectus
1178 2383 1261 2417 patri,
1275 2386 1301 2408 et
1313 2381 1413 2407 fratres
1427 2379 1535 2413 quidem
1550 2376 1788 2412 ejusniittebautnr

1000 2437 1029 2458 ut
1045 2434 1187 2465 poscerent
1202 2436 1309 2463 gregem
1327 2435 1333 2453 :
1360 2424 1459 2459 Joseph
1474 2429 1563 2450 autem
1578 2423 1611 2449 att
1625 2422 1783 2449 charitatem

1001 2475 1091 2510 patris
1108 2482 1159 2501 non
1177 2479 1217 2500 e51
1233 2473 1333 2499 missus
1347 2478 1407 2497 cum
1429 2469 1573 2500 fratribus;
1588 2467 1650 2502 quia
1672 2466 1787 2493 habebat

1002 2521 1122 2548 tunicam
1139 2520 1304 2553 singularem
1319 2518 1352 2543 ad
1369 2516 1533 2550 agnitionem
1551 2513 1686 2549 prmcipue
1697 2512 1787 2540 chari-

1003 2568 1077 2594 tatis.
1094 2567 1151 2593 Non
1167 2565 1308 2592 suffecerat
1321 2562 1403 2590 Jacob
1419 2562 1508 2588 fratris
1522 2561 1598 2594 livor,
1613 2560 1703 2587 fratris
1718 2559 1788 2585 invi-

1004 2614 1058 2645 dia,
1076 2612 1193 2640 servitus
1210 2611 1235 2637 in
1252 2609 1480 2644 peregrinatione,
1498 2608 1559 2644 fuga
1572 2617 1586 2634 ιι
1604 2607 1698 2639 fratre,
1713 2611 1788 2633 com-

1559 2675 1582 2691 "
1597 2674 1664 2702 Gen.
1680 2681 1744 2704 xxx.
1760 2673 1787 2700 1.

1039 2749 1097 2783 (25)
1114 2748 1163 2775 Ms.
1178 2747 1301 2775 Meliore:
1318 2755 1373 2783 me,

1045 2778 1103 2819 (26⁷)
1120 2783 1231 2810 Mentem
1248 2787 1345 2809 autem.
1368 2780 1504 2811 Fortasse,
1520 2784 1605 2819 ιιιεριις
1620 2778 1729 2819 (bonus)
1744 2778 1785 2806 si-

1007 2814 1054 2847 cut
1070 2814 1148 2845 autt-a
1165 2825 1272 2851 corpore
1284 2825 1294 2843 :
1306 2824 1402 2843 sensus
1417 2820 1468 2846 est,
1483 2814 1565 2842 animi
1590 2815 1696 2842 dotibus
1719 2821 1788 2848 pra-

1006 2861 1093 2886 stans,
1121 2853 1191 2880 sicut
1210 2850 1332 2878 testatus
1350 2857 1391 2877 est
1417 2851 1505 2883 pater.
1532 2857 1595 2886 cum
1623 2850 1647 2877 ei
1682 2855 1794 2885 partem,

1006 2898 1086 2917 unam
1099 2887 1262 2918 ba'reditatis
1272 2894 1351 2915 supra
1366 2887 1463 2912 fratres
1475 2885 1609 2912 attribuit.
