2024 3208
265 179 338 208 MSS

609 177 744 206 EUSEBII
763 177 1002 206 CESARIENSIS
1020 177 1096 206 OPP.
1117 177 1206 206 PARS
1226 177 1271 205 IV.
1290 193 1325 198 ——
1345 175 1551 205 DOGMATICA.

1826 178 1895 205 ιοδι

266 238 412 275 prehensio
423 237 612 272 insequentis:
630 237 729 264 obvius
750 245 765 264 a
780 237 878 264 timore
902 237 1006 271 frater;
1025 242 1054 264 ut
1068 240 1092 267 Α
1105 242 1194 264 autem
1209 236 1408 264 benefactorem
1431 235 1596 270 accipientes
1607 234 1743 266 occidunt.
1760 241 1890 270 quantum
1912 260 1916 271 ,

267 285 311 312 vix
327 284 461 319 acciperet
475 283 558 311 Iacob
581 291 596 311 a
611 284 696 310 sterili
722 283 806 318 ipsius
830 285 926 311 matris
952 291 1025 310 mors
1044 291 1051 310 :

266 331 382 365 desupra
407 330 466 357 haec
482 330 572 357 omnia
591 333 684 357 decem
707 334 733 357 et
754 335 856 365 septem
879 330 941 357 dunt
961 336 1054 364 ageret

265 382 352 403 annos
365 376 392 404 in
407 381 487 403 :etate
499 375 598 410 Ioseph
626 380 712 403 :tunc
733 383 794 404 cum
817 383 952 411 augentur
973 376 1053 408 bona,

265 422 393 449 excidere
406 421 483 449 bonis
509 425 627 454 quantus
651 425 693 448 est
718 421 814 448 dolor?
831 421 864 448 Et
877 421 960 448 mittit
977 427 1054 456 paler

266 468 396 495 dilectum
413 475 490 494 suum
504 466 599 499 lilium,
611 473 690 501 quem
707 467 733 493 itt
751 467 842 494 tnttltis
854 467 988 495 fratribus
1006 468 1054 494 Ita-

265 513 346 542 behat
361 513 527 547 unigenitum
541 520 549 539 :
562 512 645 539 ntittit
667 517 743 546 paler
761 513 856 546 tilium,
882 519 909 540 ut
932 514 1054 541 visitaret

265 566 312 587 eos
327 560 372 594 qui
388 563 467 586 erant
490 559 516 585 in
539 558 684 586 solitudine
713 558 825 586 fratres.
859 559 929 586 Puto
946 560 1008 594 quia
1026 564 1053 586 et

267 605 329 632 dum
349 604 446 638 legitur
461 603 541 631 Vetus
555 604 774 637 Testamentum,
792 606 878 640 magis
893 605 995 633 Novum
1011 611 1052 632 cst

264 658 347 685 quam
362 649 453 678 Vetus.
470 649 552 677 Mittit
566 655 644 684 pater
667 650 751 677 filium
767 658 844 678 suum
863 659 942 686 quem
968 651 1052 678 habe.-

266 697 313 724 bat
332 697 357 723 in
375 695 464 723 locum
487 696 616 730 unigeniti
645 704 652 722 :
683 704 744 723 natu
773 703 799 723 et
824 697 953 732 singulari
978 702 1052 724 vcsle

270 747 446 778 separaverat
459 750 520 769 eum
546 750 560 769 a
578 742 728 769 fratribus:
745 743 826 770 mittit
848 743 931 769 ﬁlium
947 743 982 770 de
996 751 1051 778 quo

263 789 454 823 praedictiones
468 793 547 816 erant
562 797 568 815 :
588 789 778 823 praedictiones
798 794 887 816 autent
910 798 978 824 quas
994 789 1052 824 ipse

262 837 373 871 quidem
387 836 491 863 viderat
505 835 617 870 Ioseph,
639 843 692 862 tton
711 836 886 863 absconderat
913 842 1002 863 autem
1035 845 1050 864 a

265 883 396 910 fratribus
413 882 470 909 suis
486 890 494 909 :
515 886 575 908 erat
587 882 658 909 enim
678 881 775 909 frater.
797 882 908 909 Dicebat
924 883 996 909 enim
1015 884 1047 909 ad

264 937 328 956 eos:
341 928 512 960 Metebamur,
526 928 653 962 inquit,et
663 937 748 955 meum
760 929 923 964 manipulum
937 935 1050 956 erectum
1069 918 1089 946 η

262 979 321 1007 est;
348 975 427 1002 vestri
457 979 544 1000 autem
568 975 688 1001 undecim
717 976 829 1002 circuitu
855 976 1001 1002 adorabunt
1017 976 1051 1002 ".

263 1020 335 1048 Bene
350 1021 404 1056 jam
423 1021 531 1048 occasio
543 1028 603 1047 esse
622 1021 714 1056 cu-pit,
733 1027 761 1048 ut
777 1023 921 1048 adorarent
941 1021 1050 1049 fratres.

263 1066 411 1094 Audierunt
427 1066 537 1098 fratres,
556 1071 583 1094 et
599 1067 693 1094 elIicax
713 1067 846 1093 somnium
867 1068 958 1094 statim
973 1067 1052 1094 intel-

263 1112 397 1146 lexerunt,
414 1118 441 1140 et
459 1113 535 1140 aiunt
561 1113 594 1140 ad
615 1120 696 1140 eum:
718 1113 790 1139 Num
813 1113 1013 1140 adarnrerimur
1030 1119 1053 1140 te

266 1160 328 1187 nos?
351 1160 471 1193 regnabis
484 1161 552 1186 enim
573 1163 619 1186 aut
631 1160 728 1186 tenebit
742 1168 788 1186 nos
804 1159 825 1174 ³⁷
839 1159 850 1186 ?
870 1159 951 1186 Forte
963 1165 1052 1186 autent

264 1206 633 1241 irascebaturprimogenitus
644 1211 670 1233 et
688 1206 870 1241 primogeniti.
888 1206 950 1240 quia
962 1207 1054 1240 jttnior

265 1252 371 1279 volebat
387 1253 513 1279 omnibtts
537 1253 694 1288 prterogari.
712 1252 804 1279 Voluit
828 1253 899 1279 enim
919 1253 1052 1279 somnium

264 1296 356 1324 videre
382 1303 411 1324 ut
434 1298 484 1324 hoc
498 1297 562 1325 velit
589 1306 678 1325 :uum
709 1298 864 1332 iucrepatur
889 1297 988 1332 aliquis
1004 1306 1053 1324 cur

263 1343 399 1369 somnium
412 1343 529 1369 viderit?
546 1343 645 1369 Tamen
660 1341 830 1378 obiurgatum
844 1343 943 1377 Ioseph
960 1349 1012 1376 est,
1027 1349 1053 1370 et

265 1390 316 1416 ltoc
331 1389 450 1415 secundo
463 1389 536 1415 videt
558 1394 604 1415 :et
625 1397 657 1415 ne
673 1390 781 1423 quidem
800 1391 920 1416 secundo
938 1391 1054 1417 abscon—

264 1435 305 1462 dit
324 1435 358 1461 ει)
373 1435 415 1461 Itis
431 1435 475 1468 qtti
493 1435 555 1461 irati
572 1434 722 1461 fucranttle
735 1435 830 1468 priori.
845 1435 883 1461 Ita
897 1440 957 1462 erat
969 1435 1053 1462 frater

263 1480 297 1506 ad
318 1479 429 1508 fratres.
442 1479 482 1506 llli
497 1484 587 1506 autem
608 1488 640 1507 ex
656 1481 774 1507 secunda
794 1481 897 1508 visione
914 1482 1053 1509 lirmantos

264 1528 396 1563 priorem,
409 1526 541 1561 duplicent
558 1526 692 1553 habebant
706 1527 834 1554 invidiam
853 1534 879 1554 et
894 1527 1052 1561 indignatio-

265 1581 326 1600 nent
348 1579 376 1600 et
393 1574 460 1600 iram
482 1574 613 1600 adversus
635 1573 744 1608 Iosrph.
772 1574 897 1601 Narravit
925 1580 952 1601 et
980 1574 1050 1608 patri

265 1619 410 1652 somnium,
427 1619 489 1653 quia
515 1619 553 1646 sol
575 1623 602 1646 et
621 1619 681 1646 luna
707 1624 734 1646 et
759 1620 884 1646 undecim
914 1619 998 1647 stella:
1021 1627 1051 1647 se

264 1666 415 1693 adorabant
429 1666 462 1693 ⁵⁸.
479 1665 569 1693 Solem
588 1666 697 1700 quidem
719 1667 744 1692 in
775 1666 835 1693 loco
862 1667 947 1701 patris
972 1667 1052 1693 intel-

265 1711 328 1746 lige,
344 1711 433 1737 lunam
448 1715 536 1737 autem
558 1711 584 1737 ιιι
599 1711 658 1737 loco
675 1710 780 1741 matris,
795 1716 823 1737 ct
839 1717 951 1737 ctetcra.
972 1710 1052 1737 Vide-

265 1762 310 1784 tur
324 1757 536 1791 repreheusibile
552 1764 632 1789 esse;
650 1757 712 1790 quia
731 1762 817 1783 mater
833 1755 891 1790 ejus
911 1764 962 1782 non
985 1757 1052 1782 vidit

264 1810 326 1829 ettnt
341 1802 367 1829 iu
380 1802 465 1837 gloria
483 1811 488 1828 :
510 1801 738 1836 quemadmodum
765 1809 830 1836 ergo
845 1801 991 1828 adoravit?
1006 1807 1052 1828 aut

265 1856 337 1875 nunc
356 1850 486 1882 quaeritur
502 1847 578 1874 locus
596 1847 691 1873 matris
705 1855 786 1881 quem
813 1847 933 1881 implevit
955 1847 1052 1880 conjux

267 1895 373 1930 patris?
383 1894 468 1921 Simul
485 1899 574 1920 autem
588 1894 674 1928 magis
692 1893 776 1920 stella:
791 1893 928 1925 undecim,
947 1893 997 1920 hoc
1012 1899 1052 1920 est

266 1940 390 1967 undecim
413 1940 522 1967 fratres.
552 1940 634 1968 Forte
649 1945 740 1966 autem
766 1939 827 1966 ideo
854 1946 888 1966 ex
915 1939 1051 1966 sideribus

265 1994 327 2023 qum
351 1987 377 2013 iu
393 1987 462 2014 cutio
475 1978 544 2013 sunt
558 1986 682 2020 apparuit
706 1986 852 2017 somnium,
879 1989 908 2011 ιιι
932 1986 1051 2020 pretiosa

264 2032 453 2059 ostenderetur
469 2034 608 2066 prosapies
631 2032 738 2066 generis
751 2031 819 2065 ejus.
836 2032 974 2059 Prazfectte
990 2036 1052 2059 sunt

265 2079 357 2113 itaque
384 2078 609 2112 prtudicationes;
635 2077 763 2111 praedicta
788 2078 860 2104 cuitu
893 2082 968 2109 sunt,
993 2085 1053 2112 qua-

264 2128 326 2151 sunt
341 2124 465 2158 praedicta
482 2123 549 2159 (‘27).
564 2123 596 2150 Et
612 2129 675 2150 tunc
688 2124 803 2150 mittitur
819 2132 833 2150 ιι
849 2129 925 2158 patre
936 2145 943 2156 ,
954 2124 988 2151 de
1000 2132 1052 2158 quo

250 2171 290 2198 ‘el
309 2169 507 2204 praedictiones.
532 2169 719 2196 Praedixerunt
742 2169 812 2196 enim
842 2171 979 2204 prophetae
1001 2175 1052 2197 :et

269 2223 335 2244 tunc
359 2216 459 2243 ntissus
475 2221 517 2242 est
542 2215 627 2242 Filius
643 2224 656 2241 a
677 2216 757 2242 Patre
789 2216 924 2243 Christus.
952 2216 1050 2250 Ioseph

1105 283 1138 310 ad
1153 282 1337 317 propositum;
1355 286 1383 309 et
1401 280 1562 308 occidissent
1578 281 1682 315 utique,
1696 281 1747 308 nisi
1768 281 1814 315 qui
1830 289 1891 316 pro-
1911 289 1912 293 ‘

1110 330 1198 357 hibuit
1209 328 1284 356 Isaac
1296 335 1331 355 ne
1345 327 1527 359 occideretur,
1541 331 1571 353 ut
1585 334 1648 353 vero
1659 332 1815 354 servaretur
1825 335 1887 361 pas-

1104 375 1156 408 sio,
1169 373 1291 409 permisit
1303 378 1331 400 et
1343 373 1404 399 istic
1419 371 1523 398 firmam
1535 379 1595 399 esse
1607 371 1731 398 formam.
1755 371 1891 405 Quemad-

1104 421 1214 448 modum
1236 427 1300 456 ergo
1326 418 1412 446 forma
1436 418 1578 450 occiditur,
1601 423 1629 446 et
1654 427 1707 446 non
1727 419 1884 446 occiditur:

1104 471 1303 502 proposuerunt
1317 465 1440 492 occidere
1454 463 1565 498 Ioseph.
1589 463 1648 491 Iam
1665 465 1698 491 ad
1715 465 1882 499 propositum

1105 511 1325 538 iuterﬂcientium
1339 514 1461 536 mortuus
1473 513 1515 536 est
1530 508 1627 543 Ioseph
1642 518 1649 536 :
1664 509 1725 543 quia
1741 513 1769 536 et
1787 516 1885 544 propo-

1104 558 1158 585 sito
1171 557 1287 584 Abrahae
1302 555 1409 583 oblatus
1424 555 1499 582 Isaae
1521 559 1581 587 est,
1607 559 1634 581 et
1657 554 1821 583 immolatus.
1848 555 1886 582 Illi

1104 609 1195 631 autem
1212 611 1264 630 non
1280 603 1366 630 solum
1380 609 1433 629 non
1445 606 1508 628 sttnt
1527 602 1646 628 contenti
1672 601 1811 635 proposito
1827 608 1885 632 suo,

1104 650 1151 678 sed
1167 650 1333 684 accipientes
1346 655 1408 676 eum
1425 648 1495 675 facto
1509 648 1607 682 impetu
1627 647 1768 674 voluerunt
1782 647 1888 682 quidem

1103 695 1238 727 occidere,
1252 695 1354 722 detenti
1367 699 1457 721 autent
1476 695 1509 721 ab
1526 701 1581 721 uno
1598 698 1670 725 sunt,
1684 694 1729 728 qui
1743 694 1889 728 propheta-

1106 747 1183 769 verat
1199 741 1276 768 fratri
1299 750 1306 768 :
1329 745 1355 768 et
1379 740 1490 767 mittunt
1505 748 1566 767 eum
1579 740 1713 767 viventem
1741 740 1769 768 itt
1792 741 1891 773 lacum,

1105 789 1304 816 annttntiantes
1332 787 1392 821 quia
1416 787 1493 813 vivus
1521 787 1657 814 descendit
1680 787 1705 814 itt
1731 787 1821 814 lacum
1845 795 1893 822 pro

1103 835 1218 862 mortuis
1226 833 1364 862 Christus.
1377 832 1486 860 [laedunt
1496 837 1584 860 autem
1598 832 1762 865 occidentes,
1776 833 1892 860 tunicam

1103 882 1200 916 Ioseph
1217 881 1323 915 tingunt
1336 880 1361 907 itt
1379 879 1510 914 sanguine
1531 878 1611 911 haedi,
1628 884 1656 904 ιιι
1671 883 1745 905 esset
1772 878 1889 913 suspicio

1104 937 1151 963 per
1175 929 1342 961 sanguinem.
1371 930 1399 953 ut
1414 927 1483 952 inter
1509 930 1628 952 mortuos
1645 925 1712 952 liber
1733 925 1838 953 vivens.
1860 924 1886 952 ln

1103 975 1161 1002 lactt
1175 976 1265 1009 itaque
1281 973 1439 1001 interfectus
1450 970 1608 1006 cstIoscph;
1627 972 1802 1006 coinquinata
1819 971 1890 998 enim

1104 1026 1164 1048 erat
1179 1020 1236 1054 ejus
1254 1021 1342 1047 tunica
1358 1028 1374 1047 a
1394 1020 1537 1052 sanguine.
1553 1019 1618 1046 Erat
1641 1024 1733 1046 autem
1755 1020 1850 1047 vivcus
1863 1020 1888 1046 iu

1108 1068 1167 1095 lactt
1183 1072 1243 1101 post
1272 1065 1489 1093 interfectionem
1508 1074 1568 1101 qum
1592 1067 1618 1092 in
1642 1066 1731 1092 tttuica
1753 1065 1842 1092 fuerat
1856 1065 1893 1092 fa-

1104 1120 1158 1142 cta.
1175 1114 1330 1141 Transeunt
1352 1113 1460 1146 quidem
1478 1120 1493 1139 e
1515 1113 1653 1147 gentibus,
1682 1111 1781 1146 quibus
1802 1119 1892 1139 serva-

1104 1162 1186 1188 batur
1199 1161 1297 1187 bonum
1312 1160 1383 1194 quod
1396 1165 1454 1186 erat
1474 1160 1499 1186 itt
1514 1160 1571 1186 lactt
1594 1168 1600 1185 :
1619 1163 1647 1185 et
1663 1163 1753 1185 movet
1769 1158 1828 1192 (28)
1841 1158 1892 1191 spi-

1105 1209 1157 1235 ritu
1173 1215 1253 1234 ttnnm
1271 1215 1287 1234 e
1313 1206 1446 1233 fratribus
1472 1205 1614 1232 consolare
1637 1212 1715 1231 suum
1732 1211 1854 1231 errorem
1868 1208 1893 1230 et

1105 1255 1195 1282 (licere
1218 1263 1225 1283 :
1245 1263 1296 1281 non
1317 1253 1468 1280 occiduum:
1495 1253 1615 1286 fratrem.
1641 1252 1782 1277 Amatores
1805 1255 1891 1277 autem

1103 1301 1278 1337 pecuniarum
1303 1300 1377 1326 fuere
1395 1305 1423 1326 ct
1448 1299 1602 1327 Iudaeorum
1625 1302 1717 1332 patres
1738 1304 1746 1324 :
1765 1303 1793 1324 et
1814 1296 1892 1323 Iudas

1104 1346 1263 1373 consiliator
1281 1353 1393 1377 eorum;
1409 1349 1437 1370 ct
1459 1344 1561 1372 diaere.
1579 1342 1640 1369 Non
1661 1342 1828 1372 occidamus.
1854 1342 1892 1367 iu~

1103 1392 1173 1426 quit,
1185 1400 1256 1423 eum,
1271 1390 1334 1426 quia
1349 1398 1402 1417 non
1417 1398 1511 1416 smnus
1526 1389 1587 1423 ejus
1600 1389 1684 1423 digni.
1707 1387 1765 1414 Non
1789 1392 1825 1414 srt
1846 1394 1892 1413 no-

1104 1439 1207 1465 biscum
1223 1438 1268 1471 qtti
1286 1437 1446 1464 beuclicium
1473 1436 1551 1462 nobis
1585 1435 1715 1469 impertit.
1733 1434 1892 1461 Distraltitut’

1104 1484 1195 1517 itaque
1210 1483 1324 1517 Ioseph,
1341 1489 1367 1509 et
1398 1487 1501 1510 tantum
1528 1491 1542 1508 a
1574 1482 1809 1516 comparatur-ibus
1825 1481 1879 1506 acci

1110 1531 1184 1565 piunt
1202 1530 1329 1563 pretium,
1347 1534 1479 1564 quantum
1503 1529 1634 1555 dederunt
1652 1532 1679 1555 et
1703 1528 1834 1563 proditori
1850 1527 1892 1554 In-

1065 1589 1087 1617 c
1104 1577 1155 1608 dte,
1180 1580 1251 1602 utet
1278 1576 1394 1610 pretium
1423 1575 1588 1602 consentiret
1613 1580 1795 1601 sacramento.
1821 1573 1892 1601 Iudae

1103 1627 1192 1648 autent
1210 1626 1269 1648 erat
1287 1621 1427 1648 cousiliutn
1443 1626 1471 1648 et
1498 1626 1561 1648 tunc
1585 1627 1612 1647 ttt
1637 1625 1741 1648 tanttnn
1764 1621 1892 1647 distrahe-

1105 1674 1179 1695 retur
1195 1667 1304 1702 Ioseph.
1316 1667 1398 1694 Iudas
1412 1672 1503 1694 autem
1516 1673 1575 1700 est,
1593 1667 1638 1702 qui
1658 1673 1684 1694 et
1702 1668 1728 1694 in
1749 1667 1893 1701 Evangelia

1104 1713 1232 1740 distrahit
1253 1713 1376 1740 Domino.
1394 1714 1521 1740 Ascendit
1543 1721 1558 1740 e
1582 1714 1640 1740 lactt
1663 1714 1708 1748 qui
1727 1713 1784 1746 jam
1809 1713 1894 1739 fuerat

1103 1759 1261 1786 interfectus
1278 1767 1326 1793 per
1345 1760 1462 1786 tunicam
1481 1768 1488 1786 :
1506 1764 1533 1786 et
1555 1760 1580 1785 in
1606 1761 1664 1786 lacu
1691 1764 1801 1793 putatus
1824 1766 1894 1785 tuor-

1103 1810 1186 1837 ttnts,
1217 1806 1366 1840 ingreditur
1395 1806 1552 1841 Egyptum.
1585 1806 1616 1833 Et
1640 1807 1736 1832 ilertttn
1768 1805 1828 1832 istic
1849 1813 1894 1839 per

1102 1851 1236 1879 insomnia
1266 1856 1293 1879 et
1325 1852 1456 1879 visionem
1496 1852 1595 1879 atlunat
1626 1853 1729 1878 fructus
1753 1852 1894 1878 alitnonias

1103 1898 1200 1924 tnuudo
1217 1908 1223 1924 :
1239 1902 1265 1924 et
1289 1905 1368 1932 quem
1393 1897 1588 1925 interfecerunt
1607 1897 1690 1924 Iudaei
1716 1903 1743 1924 et
1764 1898 1893 1925 distraxe-

1104 1949 1177 1974 runt,
1197 1943 1277 1969 istum
1300 1943 1416 1971 adorant
1440 1949 1534 1979 gentes
1563 1944 1625 1970 dum
1652 1949 1810 1978 pascuntur.
1839 1944 1893 1971 Non

1101 1989 1175 2014 enim
1191 1988 1334 2024 Egyptios
1354 1989 1426 2016 solus
1444 1990 1519 2023 pavit
1544 1989 1661 2023 Ioseph;
1688 1989 1733 2016 sed
1762 1997 1797 2016 ex
1822 1991 1893 2016 otnni

1104 2035 1204 2061 mundo
1232 2035 1405 2062 conﬂuebant
1429 2043 1524 2063 omnes
1551 2041 1645 2070 gentes
1671 2040 1697 2062 et
1726 2036 1834 2069 populi,
1862 2035 1894 2061 ad

1106 2080 1219 2107 formam
1253 2086 1345 2116 utpote
1370 2081 1476 2109 Domini
1501 2081 1575 2108 Iesu.
1604 2081 1703 2116 Ioseph
1729 2087 1817 2109 autem
1840 2081 1892 2116 jam

1103 2127 1230 2162 pascebat
1247 2127 1345 2155 fratres
1363 2129 1451 2162 ipsos,
1468 2129 1571 2156 scilicet
1584 2129 1628 2163 qui
1651 2136 1679 2156 se
1701 2129 1893 2160 distraxerant,

1103 2178 1130 2201 et
1142 2173 1256 2207 pretiuut
1273 2179 1436 2209 acceperunt
1455 2182 1544 2201 suum.
1561 2174 1652 2202 Gratis
1672 2175 1819 2209 accipiens,
1835 2182 1894 2209 gra-

1107 2221 1140 2246 tis
1157 2219 1247 2247 dabal.
1262 2220 1294 2247 El.
1310 2220 1346 2247 illi
1363 2220 1470 2255 quidem
1491 2220 1550 2253 ejus
1569 2225 1732 2254 acceperunt
1756 2221 1869 2255 pretium
1885 2227 1893 2246 :

265 2270 354 2292 autem
386 2264 456 2290 ﬁlius
482 2264 607 2290 veniebat
630 2271 643 2289 a
671 2263 748 2298 longe
772 2264 805 2290 ad
833 2264 932 2291 fratres
959 2264 1052 2292 frater.
1069 2262 1091 2289 D
1107 2267 1163 2300 ipse
1179 2271 1268 2292 atttetn
1282 2266 1363 2292 tritici
1380 2267 1494 2300 pretium
1508 2274 1562 2293 non
1578 2267 1689 2302 accepit.
1706 2266 1757 2294 Ubi
1771 2274 1837 2301 ergo
1848 2273 1893 2293 eos

265 2311 350 2345 Magis
366 2315 454 2336 autem
472 2310 505 2336 ad
522 2317 574 2336 non
588 2309 685 2336 fratres
701 2310 792 2336 frater.
809 2310 846 2336 llli
862 2316 951 2337 autetn
962 2310 1053 2336 viden-

266 2363 307 2384 tes
321 2364 381 2383 eum
402 2363 416 2382 a
446 2355 524 2389 longe
546 2355 711 2387 venientem,
729 2355 866 2382 dicuntea
883 2363 945 2388 quae
968 2359 996 2381 cl.
1026 2356 1052 2382 in

264 2401 410 2436 Evangelio
422 2401 520 2436 scripta
535 2405 618 2427 sunt:
636 2401 690 2427 Iste
710 2407 747 2428 ut
768 2402 862 2433 [κω-εδ,
878 2402 959 2427 venite
985 2401 1054 2428 occi—

264 2451 357 2474 ttamus
374 2455 445 2479 eum,
471 2455 493 2473 et
512 2453 601 2475 nostra
617 2448 667 2474 erit
689 2447 828 2473 Itwrcttitus
845 2447 878 2473 ”.
902 2447 980 2478 Ecce,
1009 2447 1053 2474 ille

265 2495 362 2530 tuquit,
387 2494 527 2521 somniatur
555 2495 635 2526 venit,
653 2495 736 2521 venite
760 2494 910 2520 occitlantus
933 2502 1003 2526 eum,
1026 2499 1049 2521 et

265 2543 401 2568 mittamus
413 2541 440 2567 in
457 2549 537 2567 unum
553 2550 566 2568 ι
578 2542 642 2567 latis
656 2541 688 2573 ιο,
704 2541 896 2567 annnntiantes
914 2540 975 2575 quia
999 2548 1051 2567 non

265 2588 352 2614 solum
381 2587 570 2620 iuterliciclur,
586 2589 633 2614 sed
653 2588 808 2614 inferiorem
823 2587 909 2614 loentn
929 2587 1050 2614 habebit.

267 2635 297 2660 Et
312 2634 410 2668 Ioseph
426 2634 534 2667 quidem
560 2635 798 2669 appropinquavit:
823 2634 1052 2669 appropinquavit

265 2681 297 2705 ad
313 2679 442 2713 judicium
456 2679 584 2712 fratrutn,
599 2680 632 2706 ad
646 2680 826 2707 visitationem
844 2680 974 2707 malortnn
989 2688 995 2706 :
1013 2681 1051 2707 illi

304 2758 327 2774 "
341 2757 408 2785 Gen.
425 2765 530 2788 χχχι-ιι,
544 2758 572 2786 7.

268 2792 289 2809 δ’
310 2793 388 2820 Rom.
408 2801 448 2824 ιιι,
461 2793 487 2819 5.

625 2758 646 2773 ’⁷
664 2758 740 2789 ibid.,
757 2758 784 2786 8.

305 2870 362 2906 (‘27)
377 2870 459 2908 Forte
473 2870 593 2904 perfecta:
607 2878 666 2897 sunt
680 2871 766 2908 itaque
787 2872 978 2905 prardictiones,
988 2881 1045 2908 per—

268 2906 335 2941 fecta
347 2907 414 2934 enim
429 2909 489 2932 sunt
502 2911 632 2940 quierunt
652 2907 791 2934 madida.

828 2758 850 2774 "‘
868 2758 945 2791 ibid.,
963 2758 989 2786 9.
1029 2759 1051 2774 "
1065 2759 1158 2787 Ilattlt.
1176 2767 1230 2789 xxi.
1248 2758 1291 2786 58.

1107 2313 1151 2346 qui
1169 2311 1311 2338 aﬂixeruut
1333 2312 1447 2339 cruciet
1467 2312 1651 2339 distraxerunt
1665 2332 1672 2344 ,
1693 2312 1779 2346 pascit
1801 2311 1892 2338 Domi-

1106 2365 1156 2384 nus
1172 2356 1249 2384 Iesus
1258 2357 1275 2384 ?‘
1288 2357 1325 2384 Ex
1344 2357 1409 2392 ipsis
1429 2358 1522 2385 Petrus
1536 2363 1587 2389 est,
1601 2365 1634 2384 ex
1652 2358 1718 2392 ipsis
1732 2363 1759 2384 et
1774 2357 1872 2384 Paulus
1882 2377 1891 2389 ,

1104 2409 1131 2430 et
1142 2403 1230 2430 caeleri
1252 2403 1374 2437 apostoli.
1390 2404 1423 2431 Et
1438 2404 1533 2431 fratres
1546 2408 1573 2430 et
1587 2404 1699 2438 apostoli
1723 2404 1756 2430 ad
1777 2403 1887 2431 Paulum

1104 2449 1198 2476 dicunt
1212 2457 1219 2475 :
1237 2448 1352 2476 Intueris
1365 2471 1371 2482 ,
1389 2450 1486 2484 inqttit,
1503 2455 1602 2484 quanta
1617 2450 1701 2476 millia
1717 2454 1777 2476 sunt
1797 2450 1824 2476 in
1844 2449 1893 2476 Ιιμ

1107 2497 1164 2523 dum
1179 2497 1223 2532 qui
1241 2496 1409 2522 crediderunt
1419 2496 1461 2522 “2
1482 2497 1550 2529 Quid
1564 2504 1649 2524 autent
1665 2498 1688 2524 si
1703 2505 1754 2523 non
1774 2497 1887 2523 credide-

1106 2548 1167 2569 runt
1181 2543 1287 2578 quidam
1299 2542 1443 2577 ?'nunquid
1455 2542 1624 2569 incredulitas
1641 2551 1729 2569 eorum
1747 2542 1828 2577 [idem
1845 2542 1891 2569 Dei

1106 2589 1262 2616 evucuuvit?
1278 2588 1350 2615 Absit
1364 2594 1450 2615 autent
1471 2589 1503 2616 ⁸¹.
1521 2589 1554 2616 Et
1576 2595 1750 2616 contumaces
1768 2589 1891 2615 volumus

1106 2635 1179 2670 pasci
1194 2643 1241 2669 per
1252 2634 1356 2662 Iesum.
1380 2635 1520 2661 Prohibuit
1540 2642 1586 2662 eos
1605 2634 1683 2662 idolis
1705 2634 1819 2661 servire.
1841 2633 1890 2660 Sed

1105 2690 1195 2708 sertno
1208 2682 1241 2708 ad
1256 2681 1393 2716 proposita
1403 2681 1522 2713 festinat,
1540 2686 1569 2708 ut
1588 2681 1712 2708 ostendat
1725 2685 1752 2708 et
1767 2679 1890 2706 dolorem

1336 2758 1358 2774 ⁸ο
1370 2758 1439 2786 Gen.
1458 2766 1559 2790 xxxv",
1577 2757 1623 2785 20.
1661 2759 1681 2774 “
1694 2759 1755 2785 Act.
1769 2765 1829 2790 xu,
1845 2756 1895 2785 20..

1136 2873 1193 2909 (‘18)
1215 2874 1326 2909 Spiritu.
1349 2874 1432 2902 Forte
1449 2875 1568 2910 spiritus.
