2024 3208
171 186 239 216 1083

733 187 777 215 DE
795 187 1092 217 RESURRECTIONE.
1111 203 1146 209 --
1164 186 1230 216 LIB.
1249 174 1271 216 t.

167 245 262 279 Iacob.
279 251 307 274 et
322 247 386 282 quia
401 254 454 275 non
468 247 519 276 ista
531 247 587 275 vita
599 254 663 283 spes
680 252 723 275 est
736 247 880 283 religiosis.
893 247 947 276 Pu-
962 250 985 279 Δ
999 256 1052 276 non
1072 248 1194 284 permisit
1207 248 1269 276 eum
1289 247 1361 276 Deus
1376 257 1383 276 :
1400 247 1495 275 habuit
1517 246 1655 275 solatium.
1678 247 1778 277 Dilexit

167 298 210 321 tas
236 297 324 328 potest
347 293 480 321 sustinere
514 294 572 321 sine
605 294 731 329 lacrytnis
758 294 948 322 audirezcum

168 339 258 366 tunica
277 339 323 366 illa
342 339 471 374 sanguine
484 339 566 366 tincta
581 339 607 366 in
622 347 701 366 manu
717 339 799 368 Jacob
810 345 852 367 est
863 340 948 374 posita

167 392 229 411 cum
248 392 315 412 voce
329 384 373 411 illa
388 385 523 412 conﬁcta?
539 380 633 418 Istam,
648 386 743 420 inquit.
757 386 900 412 invenimus
912 386 946 418 “,

168 430 247 456 istam
260 429 392 464 sanguine
402 428 544 464 pollutam,
565 437 680 464 agnosce
697 429 773 464 cujus
791 435 833 457 est
846 431 946 462 tunica,

167 481 284 509 agnosce
300 479 374 501 tuum
388 474 517 502 dolorem.
532 475 613 503 Dolor
627 476 733 510 quidem
745 481 805 503 erat
817 477 900 510 patris
915 477 947 503 de

166 526 273 548 mortuo
285 520 394 556 Joseph.
408 521 472 549 Erat
485 530 537 548 non
551 522 678 549 ferendus
701 522 787 554 dolor,
813 523 875 556 quia
897 530 947 549 nec

166 571 228 593 ante
254 566 348 594 oculos
374 575 437 594 suos
463 567 615 594 decesserat
636 567 706 594 ﬁlius
726 568 853 595 :videtur
873 568 945 595 enim

166 612 236 639 istud
250 611 376 639 solatium
401 620 461 639 esse
484 613 546 646 quia
571 612 655 644 aﬁ‘uit,
685 613 747 647 quia
773 613 945 640 novissimam

165 657 224 690 ejus
240 665 334 685 vocem
349 658 478 692 suscepit,
493 658 555 692 quia
568 662 596 685 et
608 658 710 685 dimisit
731 659 754 685 ei
769 659 801 685 ad
823 659 946 685 consola-

167 704 265 731 tionem
293 703 413 735 verbum,
431 704 493 738 quia
518 703 645 738 reliquias
664 703 722 737 ejus
749 704 945 730 commendavit

166 753 254 777 terrae.
271 749 338 776 Cum
354 754 443 775 autem
458 753 578 776 mortuus
591 748 671 776 fuerit
688 749 799 784 Ioseph,
815 756 944 784 quanttnu

164 795 198 822 ad
211 794 336 822 nuntium
351 800 502 830 exspectat,
521 801 650 830 quantum
674 796 707 822 ad
732 796 943 828 distractionem,

164 847 190 868 et
206 841 338 868 incertum
358 840 394 867 sit
406 841 579 867 homicidium
592 845 637 867 aut
654 848 738 873 mors,
754 841 837 868 incisa
855 847 942 868 autem

163 892 226 915 sunt
240 887 324 921 patris
338 887 451 914 viscera.
470 887 564 914 Omnia
588 887 750 922 suspicatur,
776 888 866 914 omnia
889 888 940 915 sibi

998 294 1070 322 enim
1085 301 1146 322 eum
1163 294 1209 328 qui
1220 297 1333 327 emerat,
1344 300 1423 328 quem
1445 294 1558 321 oderant
1575 292 1686 322 fratres.
1709 292 1777 326 Quid

999 341 1091 376 igitur,
1122 341 1184 368 istic
1206 345 1284 375 putas
1303 340 1465 367 obdormivit
1491 339 1612 367 invidia?
1631 343 1708 373 putas
1727 339 1777 366 de-

999 386 1089 421 spexit
1101 387 1221 413 diabolus
1229 386 1439 414 consolationem
1452 385 1550 420 Joseph
1559 385 1571 412 τ
1581 384 1700 412 Habebat
1713 391 1777 411 con-

995 432 1086 467 jngem
1098 432 1240 467 Egyptius
1254 432 1276 448 “
1311 441 1317 459 :
1351 439 1398 467 per
1412 432 1552 459 mulierem
1566 431 1646 465 igitur
1658 429 1778 457 diabolus

1001 478 1180 506 machinatur.
1201 478 1335 513 Diiigitur,
1352 478 1446 512 inquit.
1463 477 1548 504 bonus
1571 484 1624 504 non
1644 477 1722 503 bene.
1744 474 1778 502 Et

996 531 1059 551 vere
1073 531 1142 550 nunc
1157 523 1271 550 incurrit
1289 523 1315 549 in
1333 522 1415 549 feram
1436 521 1544 556 Joseph,
1570 525 1598 548 et
1619 521 1776 555 ﬁgmentum

997 570 1110 596 fratrum
1124 569 1250 595 transivit
1261 568 1293 594 ad
1309 572 1407 594 actum.
1422 566 1516 594 Mulier
1533 567 1669 598 insistens,
1681 566 1778 592 mulier

995 615 1166 649 semetipsam
1177 614 1318 646 decorans,
1332 614 1364 640 ad
1375 613 1497 646 laqueum
1508 612 1595 639 verbis
1604 611 1726 643 iliiciens,
1739 611 1778 638 12-

995 659 1163 694 pidibus(52)
1179 659 1305 690 suadens,
1322 659 1448 685 odoribus
1460 657 1578 691 capiens,
1593 661 1619 684 et
1631 657 1720 683 varias
1731 663 1777 683 ve-

994 711 1051 732 stes
1059 709 1086 730 nt
1098 704 1163 730 retia
1172 703 1334 738 crpaudens.
1346 703 1379 729 Et
1386 704 1488 730 intuere
1497 702 1561 728 mihi
1571 702 1740 737 peregrinum
1749 704 1777 728 et

995 750 1203 777 adolescentem.
1218 749 1325 776 Intuere
1338 756 1398 776 eum
1410 749 1454 782 qui
1469 756 1520 775 non
1535 747 1649 774 habebat
1660 751 1774 781 patrem,

994 802 1046 821 non
1063 799 1176 820 matrem
1194 798 1362 827 praesentem.
1383 793 1487 819 Intuere
1507 792 1664 819 distractum
1690 799 1704 817 a
1722 790 1776 817 fra-

994 840 1090 872 tribus,
1103 843 1130 867 et
1143 844 1234 866 contra
1252 839 1408 874 dignitatem
1435 837 1596 865 servientem
1620 837 1774 870 ingenuum,

992 891 1019 913 et
1033 894 1135 913 memor
1146 890 1203 912 esto
1224 885 1364 912 verborum
1380 891 1438 918 qua:
1449 892 1464 910 a
1479 883 1590 910 muliere
1613 881 1776 917 promeban-

163 932 302 964 describit,
321 937 348 960 et
375 932 472 960 multas
491 937 590 960 mortes
614 941 664 967 pro
685 941 737 960 una
759 934 890 961 imitatur.
910 933 939 961 Si
955 924 977 951 Β
994 936 1047 962 tur.
1062 937 1088 959 et
1106 931 1150 958 illa
1177 932 1238 958 ﬁcta
1263 930 1383 958 mulieris
1403 930 1594 956 blandimenta.
1620 927 1726 954 intuere
1747 930 1775 953 et

162 979 223 1013 quis
237 979 352 1006 sustinet
372 979 412 1006 vel
430 980 550 1006 auditum
562 999 570 1011 ,
593 987 646 1006 non
669 978 755 1005 solum
774 980 819 1013 qui
839 980 939 1014 genuit,

162 1025 204 1051 vel
217 1025 263 1059 qui
278 1024 390 1057 audivit,
406 1025 495 1051 tunica
511 1024 659 1058 composita
684 1030 711 1052 et
734 1025 833 1055 scissa:
856 1025 893 1052 ita
911 1029 941 1052 ut

162 1075 188 1097 et
203 1073 330 1105 parerent
345 1077 450 1097 morsus
462 1069 525 1097 ferat
538 1070 661 1104 impressi
677 1078 724 1104 per
739 1070 866 1097 tunicam.
882 1070 941 1098 Uti-

164 1123 225 1142 nam
240 1116 381 1146 dixissent,
394 1116 456 1150 quia
469 1116 534 1142 etin
550 1115 636 1142 lacum
659 1116 758 1143 cecidit
778 1116 917 1143 ambulans
931 1124 938 1143 :

161 1166 188 1188 et
200 1161 342 1188 videbatur
354 1162 508 1196 ﬁgmentum
533 1161 681 1196 proximum
707 1162 811 1187 veritati
834 1161 938 1190 haberi.

163 1208 214 1234 Sed
234 1208 350 1243 suspecti
363 1214 426 1235 sunt
444 1217 477 1235 ne
493 1213 675 1243 arguerentur.
694 1208 855 1243 Requirebat
868 1209 938 1237 enim

162 1254 195 1281 ab
205 1254 246 1281 eis
260 1254 388 1288 reliquias
408 1259 493 1288 pater.
516 1254 660 1288 Suspectus
676 1254 763 1288 itaque
783 1254 866 1282 Jacob
886 1260 937 1288 est,

162 1299 223 1334 quia
237 1305 355 1327 mortuus
366 1305 407 1326 est
422 1299 518 1333 Joseph
533 1320 540 1331 ,
556 1304 583 1327 et
602 1307 662 1327 esca
681 1300 765 1327 factus
788 1305 830 1326 est
853 1301 937 1327 feris:

162 1345 352 1372 nuntiaverunt
377 1345 447 1372 enitn
470 1344 586 1376 fratres,
611 1346 758 1372 testabatur
787 1350 815 1372 et
837 1346 936 1373 tunica.

161 1390 228 1423 Quis
243 1395 373 1424 portaret,
388 1391 448 1424 quis
459 1391 603 1417 sustineret
616 1398 718 1418 memor
729 1390 798 1417 illius
816 1390 937 1426 Ioseph?

161 1444 220 1462 cum
246 1441 317 1463 esset
346 1444 406 1463 cum
431 1441 506 1471 patre
544 1441 695 1471 antequam
722 1436 937 1464 distraheretur?

160 1482 252 1508 decem
273 1486 300 1508 et
309 1486 410 1515 septem
424 1482 502 1508 armis
521 1487 579 1508 erat
597 1482 621 1508 ei
638 1487 769 1514 mortuus,
797 1487 825 1509 et
846 1482 936 1509 tunica

160 1526 339 1554 immortalem
356 1527 515 1561 suggerebat
530 1532 654 1555 mortem.
675 1527 751 1554 Sicut
770 1528 841 1555 enim
856 1529 937 1555 mise-

159 1573 279 1600 ricordes
302 1577 362 1599 sunt
392 1579 500 1607 patres,
527 1580 717 1608 nonnunquam
743 1579 773 1600 ut
806 1574 937 1600 retineant

158 1620 257 1654 ﬁguras
271 1619 386 1646 ﬁliorum
404 1627 451 1654 per
466 1619 569 1646 colores
586 1619 752 1654 depingunt,
776 1620 938 1654 easdemque

158 1667 308 1693 recondunt
321 1666 347 1692 in
361 1666 495 1698 dentibus,
510 1670 539 1692 ut
554 1670 649 1699 putant
663 1665 771 1699 quidam
788 1665 820 1691 ad
839 1672 938 1691 conso—

157 1712 296 1739 lationem.
322 1711 478 1745 Eﬁigiantur
496 1712 528 1738 ad
552 1711 763 1738 admonitionem
791 1711 936 1737 dolorum:

159 1759 193 1785 ita
207 1764 234 1785 et
245 1758 335 1785 tunica
352 1758 395 1785 illa
409 1758 545 1785 recondita
562 1757 645 1789 domi,
669 1762 695 1783 et
714 1757 815 1783 habens
830 1756 937 1790 sangui-

158 1812 218 1833 nem
233 1804 472 1832 inveterascentem
488 1811 538 1830 non
555 1803 621 1829 haedi
637 1807 756 1837 putatmu
765 1802 811 1829 sed
828 1801 936 1835 Josepb,

157 1856 184 1879 et
199 1859 304 1879 morsus
321 1851 461 1886 compositi
484 1849 540 1885 (29)
565 1854 592 1877 ct
620 1849 737 1883 impositi
760 1848 888 1880 ferarum,
911 1852 938 1875 et

158 1899 208 1925 hoc
223 1898 383 1925 silvcstriutu
395 1917 403 1929 ,
420 1904 527 1931 semper
548 1895 681 1922 faciebant
704 1895 822 1921 dolorem
835 1894 936 1921 Jacob:

157 1944 261 1974 videns,
273 1942 443 1973 condiscens,
457 1947 569 1976 tangens
582 1949 688 1975 semper
700 1941 783 1967 ﬁlium
800 1948 849 1975 per
864 1940 936 1966 illam

158 1990 273 2016 tunicam
289 1988 345 2023 (30)
361 1999 367 2015 :
384 1994 495 2022 tangens
512 1995 569 2013 eam
582 1993 609 2013 et
621 1987 706 2014 oculis
727 1987 829 2013 videns.
853 1985 886 2012 Et
905 1994 937 2013 ne

155 2036 216 2069 quis
230 2035 406 2069 reprehendat
427 2040 578 2061 sermonem
593 2055 599 2065 ,
618 2033 679 2066 quia
701 2033 833 2059 dolentem
852 2032 937 2058 intro-

155 2081 335 2114 ducojustunt
351 2089 358 2107 :
373 2086 435 2107 sunt
457 2080 528 2106 enim
551 2085 577 2106 et
602 2079 789 2106 misericordes
809 2079 936 2112 religiosi.

157 2126 223 2154 Nam
250 2131 276 2154 et
299 2127 452 2152 audivimus
479 2134 540 2153 eum
566 2126 697 2153 dicentem
713 2125 797 2152 :Cum
829 2134 937 2157 omnes,

157 2172 253 2207 inquit.
276 2172 326 2206 ﬁlii
349 2178 371 2198 et
394 2173 456 2205 filia:
483 2173 652 2199 accessissent
680 2178 706 2198 ut
741 2171 938 2198 consolarentur

155 2226 224 2249 eum,
243 2226 293 2244 non
304 2219 413 2251 suscepit
424 2226 510 2244 eorum
525 2217 729 2244 consolationem
743 2218 779 2249 “;
796 2225 848 2243 non
865 2218 937 2243 sine-

950 1600 972 1628 C

993 978 1100 1005 divitias
1114 977 1222 1012 Egypti
1246 981 1368 1004 ostensas
1391 983 1406 1002 a
1428 975 1553 1009 conjuge,
1581 972 1775 1008 promissiones

993 1024 1124 1056 mulieris,
1139 1023 1275 1050 tristitiam
1290 1022 1364 1057 pueri
1379 1030 1386 1049 :
1406 1021 1481 1056 pueri
1502 1019 1663 1055 angustiam,
1678 1018 1774 1045 mulie-

994 1069 1031 1096 ris
1045 1069 1252 1100 abundantiam;
1269 1072 1426 1103 potestatem
1439 1067 1510 1094 enim
1531 1065 1648 1093 habebat
1661 1064 1772 1096 domus;

992 1116 1174 1142 additamenta
1183 1114 1349 1145 tentationis.
1362 1113 1469 1140 Dicebat
1482 1112 1553 1139 enim
1565 1111 1662 1138 mulier
1673 1106 1771 1137 multa:

993 1169 1044 1188 non
1061 1161 1186 1188 audiebat
1197 1165 1286 1187 autem
1300 1160 1421 1194 pudicus.
1439 1158 1604 1192 Depingebat
1615 1157 1665 1184 sibi
1682 1156 1774 1184 Oculos

992 1208 1036 1235 illa
1052 1208 1170 1241 :Josepb
1184 1211 1273 1233 autem
1286 1214 1349 1233 suos
1363 1204 1516 1233 claudebat.
1542 1204 1586 1231 illa
1598 1211 1626 1231 se
1638 1202 1773 1237 lapidibus

991 1252 1202 1280 coronabatzet
1227 1252 1271 1278 ille
1294 1258 1323 1278 se
1354 1258 1369 1277 a
1398 1250 1532 1284 lapidibus
1564 1257 1596 1276 ne
1626 1248 1773 1275 offenderet

991 1297 1175 1324 custodiebat.
1200 1296 1246 1323 Illa
1271 1295 1468 1329 contorquebat
1493 1294 1603 1328 capillos
1634 1301 1724 1320 suos:
1745 1295 1773 1319 et

991 1344 1035 1371 ille
1047 1343 1151 1370 vitabat
1163 1347 1192 1369 ut
1204 1342 1319 1368 vincula.
1335 1341 1381 1368 illa
1398 1341 1474 1367 varia
1495 1340 1655 1366 vestimenta
1681 1338 1773 1365 uteba-

991 1394 1053 1416 tur:
1070 1393 1096 1416 et
1116 1388 1159 1415 ille
1178 1388 1333 1415 itttuebatur
1346 1387 1516 1421 opiﬁciorum
1534 1385 1702 1411 varietatem.
1728 1384 1772 1411 lila

990 1434 1113 1462 movebat
1127 1434 1300 1468 thymiamata
1315 1433 1347 1459 ad
1359 1434 1468 1459 odorem
1483 1440 1489 1457 :
1509 1431 1551 1458 ille
1564 1436 1654 1457 autem
1663 1429 1772 1456 odorem

989 1483 1124 1517 pudicitia:
1146 1482 1265 1508 odorans
1295 1481 1420 1507 domabat
1442 1486 1517 1506 suam
1542 1477 1771 1509 adolescentiam,

986 1529 1079 1563 junior
1095 1533 1225 1562 quantum
1239 1527 1271 1553 ad
1283 1531 1401 1558 :etatem,
1418 1525 1510 1553 senior
1526 1529 1615 1550 autem
1629 1522 1771 1557 sapientia.

989 1576 1054 1603 Cum
1070 1580 1158 1601 autem
1172 1582 1224 1600 non
1248 1572 1380 1598 valuisset
1398 1570 1519 1597 mulieris
1541 1569 1752 1596 blandimentum
1763 1586 1773 1600 ,

988 1621 1126 1649 transtulit
1143 1618 1357 1646 blandimentum
1377 1616 1410 1642 ad
1428 1617 1492 1642 vim.
1517 1614 1590 1641 Nova
1605 1613 1703 1647 quippe
1715 1616 1772 1638 tra-

989 1668 1078 1703 goedia
1093 1667 1118 1693 in
1132 1666 1219 1701 primo
1233 1664 1312 1690 licbat
1327 1662 1427 1695 Joseph
1440 1681 1448 1693 ,
1475 1660 1546 1687 forte
1560 1664 1587 1686 et
1601 1659 1668 1686 solo.
1683 1658 1772 1692 Siqui-

988 1715 1047 1740 dem
1059 1721 1073 1739 a
1091 1713 1157 1738 viris
1174 1711 1227 1737 vim
1245 1709 1300 1744 pati
1320 1708 1464 1739 mulieres,
1484 1710 1580 1733 natura
1602 1705 1659 1738 ipsa
1678 1703 1772 1730 mulie-

989 1768 1047 1787 rum
1062 1758 1178 1786 suadet:
1195 1755 1295 1790 Joseph
1320 1758 1410 1781 autem
1438 1752 1512 1779 solus
1538 1758 1552 1777 a
1576 1750 1688 1777 muliere
1717 1749 1771 1775 vim

988 1789 1356 1840 periclitabatur‘lsust'inerc.
1382 1798 1502 1825 Accessit
1524 1796 1595 1824 enim
1620 1795 1716 1822 mulier
1737 1794 1771 1820 ad

988 1852 1196 1881 adolescentem,
1226 1848 1281 1875 sola
1308 1847 1341 1874 ad
1373 1845 1480 1872 solum:
1498 1843 1635 1870 hominum
1663 1840 1772 1867 videbat

989 1898 1085 1925 nullus.
1107 1896 1153 1923 llle
1167 1900 1255 1921 autem
1271 1895 1316 1928 qui
1334 1893 1367 1919 ab
1381 1890 1535 1919 hominibus
1550 1896 1604 1916 non
1618 1887 1769 1918 videbatur,

988 1944 1072 1970 Deum
1113 1940 1272 1969 invisibilem
1312 1938 1476 1965 intuebatur.
1516 1934 1680 1961 lmtuittebat
1714 1931 1771 1957 fera

989 1988 1101 2022 ungulas
1114 1994 1176 2014 suas
1201 1985 1235 2011 ad
1259 1984 1376 2011 tunicam
1405 1980 1514 2015 Joseph.
1543 1979 1587 2006 ille
1611 1983 1699 2005 autem
1723 1976 1770 2010 qui

988 2036 1164 2063 consueverat
1181 2031 1269 2058 tunica
1282 2028 1392 2060 salvari,
1410 2032 1436 2054 et
1449 2027 1493 2061 qui
1507 2025 1625 2052 tunicam
1641 2022 1771 2050 fratribus

988 2079 1071 2110 dedit,
1085 2082 1110 2104 et
1124 2085 1138 2103 a
1153 2075 1308 2110 deceptione
1322 2073 1433 2100 fratrum
1445 2077 1488 2098 est
1502 2071 1643 2100 liberatus,
1663 2067 1772 2102 reliquit

988 2131 1015 2153 et
1033 2132 1102 2151 nunc
1113 2123 1230 2150 tunicam
1244 2122 1270 2148 in
1286 2129 1366 2147 manu
1381 2118 1516 2149 mulieris,
1534 2121 1563 2143 ut
1582 2123 1634 2143 non
1654 2114 1772 2141 dimitte-

989 2176 1030 2199 rel
1040 2178 1115 2197 suam
1130 2169 1244 2196 animam
1263 2168 1288 2194 in
1303 2166 1425 2193 manibus
1445 2163 1615 2199 impudicitia:
1629 2171 1635 2188 :
1651 2166 1678 2188 et
1689 2160 1772 2187 exivit

988 2218 1074 2244 nttdus
1094 2224 1108 2243 a
1126 2216 1225 2248 tunica,
1247 2213 1373 2248 pudicitia
1399 2216 1487 2238 autem
1508 2209 1621 2235 amictus
1639 2215 1697 2239 sua,
1727 2205 1771 2232 illo

155 2265 201 2291 bat
215 2265 286 2292 enim
304 2265 393 2291 tunica
407 2266 536 2300 sanguine
561 2266 652 2292 tincta.
679 2265 751 2292 Dixit
773 2266 844 2292 enim
859 2272 866 2292 :
884 2265 936 2291 De-
953 2274 976 2301 ι)
990 2267 1082 2290 sancto
1093 2267 1119 2289 et
1135 2261 1232 2296 pudico
1246 2259 1403 2286 vestimento
1426 2257 1544 2284 indutus.
1571 2252 1664 2279 Mulier
1681 2255 1770 2301 autem

153 2312 275 2343 scendam
287 2312 321 2338 ad
337 2311 466 2344 infernum
477 2321 534 2338 cum
549 2313 637 2339 dolore
652 2313 686 2338 ad
696 2312 780 2346 ﬁlium
794 2312 816 2328 "
832 2322 838 2339 :
853 2316 942 2339 tantus

154 2362 214 2384 erat
237 2358 322 2384 dolor.
341 2358 391 2385 libi
406 2366 470 2393 ergo
488 2359 628 2392 promissio
650 2359 713 2386 est?
734 2359 809 2393 cujus
827 2358 940 2393 promis-

155 2404 256 2431 sionem
277 2404 412 2438 implelam
428 2405 497 2438 patri
522 2404 628 2431 deﬂenti
657 2409 703 2431 aut.
720 2405 774 2431 ﬁlio
794 2403 938 2431 morienti?

155 2450 222 2478 Nam
236 2451 285 2477 etsi
300 2458 352 2478 non
366 2456 406 2478 est
419 2456 550 2482 mortuus,
569 2456 658 2478 tatuen
672 2451 795 2477 timorem
810 2453 935 2484 expertus

154 2502 197 2524 est
212 2497 316 2524 mortis.
344 2497 409 2523 Puta
435 2498 497 2531 quia
514 2505 565 2523 non
590 2502 631 2524 est
647 2501 790 2527 mortuus,
817 2503 869 2521 non
895 2498 938 2521 est

154 2542 309 2574 distraetus,
333 2551 384 2569 non
412 2543 528 2570 serviit?
553 2543 597 2570 ille
622 2542 685 2576 quia
715 2542 740 2569 in
773 2542 832 2568 sinu
862 2542 935 2567 lusus

154 2588 239 2622 patris
251 2588 306 2622 (51)
322 2596 413 2623 agens,
434 2596 486 2614 non
500 2588 658 2615 mittebatur
681 2587 765 2619 foras,
787 2594 857 2613 nunc
879 2594 936 2612 scr-

155 2634 202 2660 vit.
220 2633 311 2660 Servit
325 2638 426 2664 autem,
444 2638 470 2659 et
483 2634 639 2659 servitutem
662 2631 860 2667 Egyptiorum.
881 2630 933 2657 Sed

991 2309 1084 2336 videns
1098 2308 1172 2343 pueri
1198 2304 1389 2336 constantiam,
1410 2308 1436 2330 et
1460 2300 1592 2337 pudicitize
1619 2296 1768 2331 imperium,

989 2342 1113 2382 detinens
1131 2353 1249 2380 tunicam
1271 2351 1338 2385 ejus,
1361 2350 1431 2376 sicut
1455 2354 1535 2373 canes
1558 2345 1711 2371 irascuntur
1736 2342 1769 2367 ad

987 2402 1087 2436 lapides
1099 2399 1144 2434 qui
1160 2400 1192 2425 ad
1205 2406 1251 2426 eos
1266 2397 1365 2424 fuerint
1383 2394 1457 2421 missi
1473 2403 1478 2420 :
1494 2397 1520 2420 et
1534 2392 1604 2418 sicut
1616 2390 1770 2424 frequenter

986 2448 1095 2482 quidam
1132 2445 1288 2479 eﬂ'ugientes
1324 2441 1446 2471 bestias,
1485 2443 1587 2473 partetn
1618 2436 1769 2462 vestimenti

984 2481 1128 2528 jactantes,
1146 2491 1257 2524 ,faciunt
1277 2496 1323 2515 eas
1349 2488 1414 2514 iram
1437 2487 1464 2513 ln
1490 2489 1591 2520 partem
1619 2481 1768 2510 vestimenti

986 2527 1118 2573 deponere
1131 2544 1206 2564 suam
1226 2545 1233 2563 :
1249 2536 1284 2562 ita
1294 2534 1335 2561 illa
1349 2534 1389 2560 lea
1400 2553 1408 2565 ,
1423 2537 1469 2559 aut
1481 2532 1531 2558 alia
1543 2530 1663 2565 quzedam
1685 2527 1769 2554 bestia

986 2586 1055 2616 dira,
1065 2584 1182 2610 tunicam
1193 2581 1282 2616 pudici
1295 2580 1441 2614 accipiens,
1453 2583 1479 2605 et
1490 2577 1612 2604 manibus
1625 2580 1652 2602 et
1664 2573 1769 2609 ungulis

986 2629 1217 2665 comprehendens
1230 2631 1256 2655 et
1270 2631 1374 2658 tenens,
1388 2630 1416 2653 et
1431 2625 1555 2653 scindens
1567 2622 1682 2650 undique
1697 2629 1769 2647 com-

189 2734 214 2751 ⁸⁸
226 2732 293 2761 Gen.
310 2740 410 2765 xxxv",
426 2731 471 2759 52.
508 2731 531 2747 ⁸⁸
545 2731 609 2759 ibid.
632 2730 677 2759 55.
714 2730 811 2758 “ibid.
842 2730 871 2746 '“
890 2730 959 2758 Gen.
977 2737 1073 2762 xxxix,
1097 2728 1123 2755 7.

189 2834 247 2868 (29)
273 2834 375 2862 Morcus
401 2834 544 2868 compositi.
564 2833 699 2861 Morsuum
721 2839 789 2862 nota:
812 2833 932 2861 conﬁctae

156 2869 188 2904 ad
204 2869 347 2904 rallendum
359 2874 471 2903 patrem.

190 2904 245 2940 (30)
262 2904 310 2937 Ms.
328 2903 378 2933 Per
397 2904 468 2931 illam
486 2904 605 2940 electam
623 2904 745 2936 limitant.

1020 2831 1077 2866 (5|)
1092 2829 1125 2866 in
1146 2830 1204 2857 sinu
1215 2828 1504 2866 lurttgputrisll’rojn
1521 2829 1578 2866 sinu
1593 2827 1675 2861 patris
1691 2827 1765 2855 [καί

985 2862 1074 2902 πςὲῃβζ
1090 2864 1248 2902 Suprapag.
1262 2863 1329 2902 tss.
1346 2871 1373 2890 ιι.
1388 2862 1452 2890 Post
1462 2863 1548 2902 futuri
1562 2867 1621 2890 sunt
1636 2869 1671 2890 ιι.

1020 2900 1075 2938 (52)
1090 2899 1244 2938 Διαρίάέὺυι,
1261 2900 1286 2927 id
1300 2904 1356 2934 est,
1376 2899 1492 2932 qcmntit.
