2024 3208
243 147 313 176 108⁸1

565 145 701 174 EUSEBII
720 145 959 173 CAESARIENSIS
977 146 1052 173 ωλι).
1072 146 1164 172 riuis
1181 148 1224 172 tv.
1245 160 1281 165 —
1299 149 1507 174 DUbMA'l’lLA.

1797 151 1871 176 108$

244 208 362 243 ponebat
382 206 476 234 falsam
498 206 715 234 adinventionem
738 213 814 233 suam
829 206 928 241 pudico
946 205 1031 232 ascri-
1046 207 1069 235 Α
1084 210 1171 232 snnta
1187 206 1397 233 resurrectione.
1414 206 1445 233 Et
1458 206 1578 234 videmur
1588 208 1694 242 quidem
1710 209 1866 242 protrahere

245 255 322 285 hens,
336 257 363 280 et
376 253 524 281 Itonestiam
537 253 595 288 (53)
609 253 642 279 ad
651 261 680 279 se
691 252 865 280 transferens.
883 251 1030 287 Impudeuti

244 300 317 327 enim
332 299 431 327 clamat
441 307 517 330 voce.
528 305 553 326 et
562 304 694 327 convocat
705 301 833 327 adversus
845 307 874 326 se
886 299 1033 326 convictio-

246 354 307 373 uem
321 351 348 373 et
365 347 428 374 dicit
447 356 454 374 :
472 346 572 379 Venite,
600 346 704 380 inquit,
729 351 752 372 et
770 346 852 372 videte
864 353 874 372 :
887 345 1032 372 introduxit

244 401 354 426 puerum
371 391 510 419 flabra-um
527 392 560 418 ".
574 391 679 418 Dicitur
692 391 858 426 ingenuitas,
884 396 914 417 ut
940 390 1033 417 illudut

247 445 296 464 nos
311 447 317 464 :
331 438 520 471 subiugressus
532 442 571 464 est
589 437 665 469 milii,
683 437 775 464 volens
789 437 841 463 vim
859 437 956 464 facere.
979 437 1033 463 Pn-

248 489 289 511 tas
303 492 354 511 nou
368 484 477 511 offendit
493 485 582 516 lingua
600 484 782 519 impudentis?
799 484 926 511 Miramur
943 484 965 511 si
981 491 1032 511 non

246 537 289 558 est
304 536 421 558 tuntatus
440 531 498 563 ejus
515 531 608 559 color?
633 531 802 559 Consrienlia
820 531 903 563 enim,
928 530 1033 558 etiamsi

247 578 363 604 occultat
392 578 512 610 factum,
538 583 627 604 tamen
653 585 700 611 per
726 578 813 604 vultus
839 586 887 604 sua
913 577 1035 611 producit

247 624 368 657 vestigia.
385 624 544 651 Confu-rcbat
567 630 654 650 anteiit
669 624 700 650 ad
716 624 870 658 figmentum
886 624 960 651 color
976 624 1036 650 inti-

249 675 320 697 tatns
347 670 412 706 (5‘).
440 661 586 698 Videbatur
613 671 684 697 enim
710 670 743 696 ad
757 670 813 696 viut
842 677 902 696 esse
930 670 1037 701 durata.

247 725 328 751 qualn
343 717 400 751 ipsa
413 718 521 752 quidem
535 718 647 747 fecerat.
663 725 770 750 passattt
786 722 874 744 autem
895 725 924 744 se
937 716 1038 744 conflu-

248 765 338 799 gt-bat.
351 763 538 799 Subingreum
550 769 587 790 est
601 764 675 795 mihi,
697 764 783 798 inquit
801 763 952 797 impudens.
967 762 1037 790 Sub-

249 812 387 845 ingressus
411 816 452 838 est
481 811 544 837 Inibi
570 811 643 843 dicit,
659 818 718 845 qua:
735 810 907 845 subingressa
926 814 985 842 est;
1012 813 1037 836 et

248 858 404 891 clamavi“,
419 858 466 885 ait.
489 858 520 884 Et
533 862 606 884 certe
633 865 686 884 non
715 857 846 888 clamasti.
870 858 919 884 nisi
945 861 1036 892 postea

250 911 330 936 quant
342 911 466 937 egressus
478 908 519 931 est
533 904 689 931 adolescens
707 912 714 931 :
732 909 755 931 et
775 905 892 938 reliquit,
904 905 951 936 ait,
964 911 1038 930 suam

250 951 377 983 tunicam,
393 956 417 977 et
428 951 496 986 fugit
509 951 542 978 δ’.
556 951 588 978 Et
606 956 680 978 certe
695 958 746 977 non
768 955 810 978 est
831 951 884 977 vim
906 950 1038 981 facientis,

249 1001 279 1022 ut
295 997 427 1032 relinquat
440 1005 516 1024 suam
530 997 658 1024 tunicam.
676 997 714 1023 Ad
732 996 929 1024 convictiouem
949 1003 1040 1030 super-

249 1043 322 1070 venit
339 1050 364 1070 et
379 1043 506 1070 dominus
519 1044 623 1075 donnis,
636 1044 680 1078 qui
695 1051 802 1070 omnem
825 1043 934 1070 domum
950 1043 1038 1070 credi-

249 1089 328 1116 derat
340 1089 450 1123 Joseplt.
466 1091 658 1116 Acceditazuea
677 1090 765 1117 fronte
781 1090 889 1122 mulier.
902 1095 928 1118 et
944 1090 1040 1117 iterum

250 1137 349 1170 repetit
383 1137 538 1171 figmentum
558 1138 630 1171 qttod
658 1136 743 1163 fuerat
775 1137 901 1164 meditata
926 1146 933 1164 :
954 1136 1042 1172 lacry-

252 1189 382 1216 mnusque
398 1189 423 1209 et
438 1182 547 1214 deflens,
567 1188 612 1209 attt
627 1183 688 1217 quia
717 1190 769 1210 non
795 1184 882 1217 potttit
909 1183 1041 1212 obtinere.

251 1234 297 1256 aut
312 1230 373 1264 quia
386 1235 538 1264 contempta
551 1235 603 1260 est,
619 1235 664 1256 aut
679 1230 740 1264 qttia
767 1237 819 1256 non
838 1229 962 1256 manibus
980 1237 1040 1256 eum

252 1274 305 1308 iam
323 1275 492 1309 prtefncavit.
519 1275 686 1302 Desideriunt
709 1275 781 1301 enim
802 1280 983 1307 contemptum
1009 1275 1040 1301 ad

251 1320 319 1348 iram
335 1323 509 1348 convertitur.
529 1321 597 1354 Quid
616 1321 733 1354 igituriu
752 1320 1042 1355 ltisagitur1Pudicus

252 1371 398 1392 accusatur
412 1367 445 1392 ab
462 1366 604 1400 impudica.
625 1366 682 1393 Non
696 1367 802 1392 miraris
815 1366 876 1400 quia
890 1373 942 1392 non
955 1366 1041 1392 statim

252 1419 395 1444 aggressus
414 1417 454 1438 est
472 1412 522 1443 vir,
545 1412 638 1438 ethoc
656 1411 798 1447 Egyptius
821 1411 914 1438 calida:
939 1417 1043 1438 natura:

253 1457 335 1484 homo
347 1463 372 1484 et
393 1457 443 1484 loci
462 1458 573 1485 laniavit
584 1458 781 1485 adolescentem
796 1466 804 1484 :
820 1458 840 1485 si
852 1458 961 1492 quidem
976 1463 1043 1484 anas

254 1501 536 1535 liabetsuspiciouem.
554 1507 580 1529 et
597 1510 656 1537 qum
667 1502 781 1529 vocabat
794 1508 821 1529 et
840 1503 997 1534 accusabat.
1017 1507 1043 1529 et

255 1548 300 1580 qui
320 1549 353 1574 ad
367 1556 458 1575 vocem
474 1549 532 1582 ejus
544 1554 733 1579 cucurrerant.
757 1554 783 1575 et
799 1549 888 1575 tttuica
905 1557 964 1582 qua:
981 1549 1043 1576 reti-
1056 1552 1077 1580 C

256 1595 379 1627 uehatur.
411 1595 534 1622 movebat
561 1595 697 1622 dominum
717 1596 750 1621 ad
771 1596 992 1629 indignationem,
1017 1601 1043 1623 et

255 1639 344 1667 honor
357 1641 401 1673 qui
421 1645 479 1667 erat
500 1641 578 1667 datus
592 1642 615 1667 ei
630 1641 678 1676 qui
702 1641 791 1667 fuerat
817 1643 970 1669 distractus.
990 1641 1045 1669 Mo-

256 1685 333 1712 vebal
351 1691 440 1712 autent
459 1691 486 1713 ct
506 1687 685 1721 suspicionem
708 1687 889 1721 pulchritudo.
918 1687 950 1713 Et
973 1692 1043 1714 tanta

256 1733 365 1767 quident
381 1737 459 1759 erant
472 1741 531 1765 qum
544 1734 575 1759 ad
594 1733 672 1760 fidem
685 1734 877 1768 provocabunt.
893 1732 1047 1760 Sufficiebat

260 1783 351 1805 autem
371 1779 403 1804 ad
428 1779 519 1813 opt-ris
543 1778 736 1806 dubitatiout-nt
759 1779 833 1811 pueri
859 1779 990 1813 sapientia
1019 1784 1047 1806 et

257 1823 437 1858 pulchritudo.
469 1823 523 1850 Cur
551 1824 622 1850 enim
655 1831 715 1850 eum
752 1831 803 1850 non
835 1824 925 1850 statim
954 1824 1046 1858 dispa-

258 1871 328 1897 ravit
340 1870 416 1905 (55)?
427 1871 489 1904 quia
510 1869 611 1897 sciebat
624 1870 699 1904 pttcri
716 1876 804 1896 mores
820 1878 826 1896 :
841 1870 944 1896 medius
956 1875 1045 1896 autem

258 1915 345 1942 factus
358 1916 417 1942 fidei
437 1921 464 1943 et
485 1915 665 1942 inrrcdulilati
680 1915 828 1947 dilauiavit,
852 1916 898 1942 sed
922 1916 1047 1943 dubitans

261 1968 313 1987 non
329 1961 486 1995 disparavit.
504 1961 535 1988 Et
547 1962 655 1996 quidem
674 1961 760 1995 ipsum
773 1961 834 1994 quia
853 1969 905 1988 non
924 1962 1047 1992 credidit,

259 2008 292 2033 ad
305 2015 440 2034 carcerem
458 2008 532 2034 misit
545 2015 552 2034 :
565 2007 609 2042 qui
623 2013 648 2034 et
661 2013 802 2042 susceptus
816 2013 869 2035 est.
888 2007 952 2040 Quae
968 2008 1055 2041 igitur

260 2054 489 2079 diuunterabiutus
504 2053 624 2088 Joseplt?
643 2053 743 2080 bonam
759 2055 817 2088 ejus
831 2054 1046 2087 interfectionem

260 2099 316 2135 (56)
330 2100 448 2126 dicemus
463 2108 469 2126 :
484 2105 527 2126 aut
545 2100 641 2126 bonam
661 2099 838 2132 jactationem
857 2101 881 2126 in
904 2100 978 2131 lacu;
1001 2101 1047 2126 sed

260 2145 475 2176 distractionem,
488 2145 534 2171 sed
552 2145 708 2171 servitutem
720 2153 729 2178 ;
743 2150 803 2179 post
817 2146 873 2172 haec
892 2145 939 2172 sed
955 2153 1049 2172 exsur-

261 2192 407 2218 rectioncut
423 2191 545 2218 mulieris
568 2192 725 2224 impudicae;
747 2192 793 2218 sed
816 2191 915 2218 factam
944 2192 1046 2219 calum-

1085 255 1227 278 tractatum
1246 251 1290 278 ditt
1307 251 1357 278 hoc
1367 257 1528 285 exposcente
1545 258 1571 280 et
1589 258 1726 280 maturam
1739 253 1867 281 refectio-

1085 306 1145 325 nem
1161 302 1263 325 tenere.
1281 296 1334 324 Sed
1347 297 1417 324 forte
1437 305 1486 324 nec
1501 298 1638 325 iit-morari
1657 304 1698 325 est
1711 298 1744 326 ad
1763 300 1868 332 otium;

1083 348 1190 377 oportet
1211 343 1283 370 enim
1308 346 1465 370 constantes
1489 342 1545 369 ﬁeri
1566 343 1598 370 ad
1627 349 1756 377 mortem,
1783 349 1811 372 et
1833 344 1870 372 ita

1086 390 1158 417 refici
1170 390 1249 417 escis.
1268 388 1422 416 Efficiamnr
1437 389 1518 424 igitur
1534 394 1561 416 et
1578 397 1626 416 nos
1640 391 1730 423 medii,
1743 395 1771 417 et
1784 398 1872 424 neque

1085 441 1159 464 extra
1177 442 1330 463 mensuram
1346 434 1539 468 protendunt-us
1549 442 1700 462 sermonem
1715 444 1722 462 :
1736 443 1790 462 non
1807 435 1872 462 sinit

1085 483 1156 510 enim
1175 486 1281 516 tempus
1296 491 1303 508 :
1318 489 1404 516 neque
1427 481 1522 509 iterum
1545 480 1623 508 valde
1649 481 1819 516 colligamus,
1845 485 1872 509 ut

1086 529 1210 556 fruamur
1220 534 1247 556 et.
1264 528 1418 555 festivitate.
1438 528 1470 554 Et
1485 527 1546 562 quia
1561 535 1609 554 uos
1619 535 1651 554 ex
1668 528 1756 554 anima
1772 532 1800 554 et
1811 535 1871 555 eor-

1086 583 1150 610 pore
1163 583 1255 602 sumtts
1267 574 1419 609 compositi,
1441 581 1583 608 pascamus
1598 573 1715 601 animam
1737 573 1872 601 mensuris

1087 621 1213 656 propriis,
1229 626 1257 648 ut
1282 626 1309 648 et
1329 621 1385 654 ipsa
1408 620 1511 647 reficiat
1528 627 1643 654 corpora
1667 629 1681 647 a
1709 620 1872 647 constantia.

1088 669 1140 695 Sed
1152 668 1214 703 quid
1227 667 1330 695 vultis?
1342 667 1509 694 dimittentus
1519 665 1617 701 Jost‘pit
1631 668 1656 694 in
1668 674 1808 694 carcerem
1818 667 1830 694 τ
1847 670 1875 694 et

1087 721 1166 748 quem
1183 714 1253 741 Deus
1271 720 1322 740 non
1338 712 1446 746 reliquit
1477 711 1502 738 in
1525 719 1651 743 carcere.
1676 720 1725 740 nos
1750 720 1875 741 sermone

1089 759 1230 793 piugcntes
1244 758 1424 790 relinquemus
1437 756 1566 791 ligatum?
1577 757 1607 784 Et
1616 758 1675 792 quis
1688 758 1876 786 adhortabitur

1089 805 1244 839 pudicitiam
1267 804 1396 831 studere?
1421 805 1482 839 quis
1499 811 1589 831 autem
1611 806 1711 832 amabit
1733 805 1876 833 continett-

1091 851 1166 882 tiam,
1193 851 1286 878 videns
1313 851 1338 877 iu
1361 859 1471 879 carcere
1504 852 1660 880 derelictum
1694 851 1816 886 Ioseph?
1845 852 1878 879 Et

1091 901 1164 924 certe
1177 897 1199 923 si
1212 897 1378 931 relinquatur
1396 896 1495 932 Joseph
1516 898 1542 925 in
1558 906 1678 930 carcere,
1704 903 1731 924 et
1755 903 1878 925 mortuus

1092 941 1173 968 fuerit
1189 949 1249 967 cum
1272 942 1412 975 pudicitia,
1432 950 1494 977 spes
1520 945 1727 971 resurrectionis
1750 952 1805 971 tton
1823 945 1877 971 cir-

1091 986 1248 1014 cumscribit
1261 995 1350 1022 spem.
1367 987 1421 1014 Sed
1440 989 1502 1022 quia
1527 997 1578 1016 non
1603 989 1705 1017 dimisit.
1726 997 1789 1016 eum
1809 989 1879 1016 Deus

1093 1032 1118 1058 itt
1153 1039 1275 1063 carcere,
1302 1032 1386 1059 simus
1414 1033 1564 1067 patientes.
1591 1038 1619 1061 ct
1653 1034 1795 1061 audiamus
1822 1034 1878 1068 ejus

1091 1087 1240 1113 egressura.
1267 1079 1300 1107 Et
1316 1088 1376 1108 cum
1398 1081 1441 1108 ille
1455 1080 1536 1108 fuerit
1551 1081 1677 1112 emissus.
1702 1087 1766 1109 tunc
1781 1087 1809 1108 et
1832 1089 1880 1109 nos

1093 1126 1262 1153 dimittamttr
1278 1134 1338 1153 cum
1357 1134 1400 1154 eo.
1417 1126 1514 1161 Josoplt
1543 1128 1622 1161 igitur
1636 1134 1694 1154 erat
1719 1128 1879 1155 iu‘carcere

1093 1173 1196 1201 habens
1215 1173 1326 1201 delicias
1349 1181 1383 1200 ex
1410 1174 1542 1201 uberibus
1562 1175 1713 1208 pudicitiae,
1738 1174 1883 1201 honestate

1094 1220 1218 1251 indutus.
1246 1220 1360 1254 diligens
1386 1219 1470 1252 magis
1491 1228 1626 1247 carcerem
1653 1228 1732 1254 quam
1759 1226 1879 1248 amorem

1094 1265 1164 1292 illius
1188 1265 1290 1299 bestizc,
1313 1271 1461 1293 amatorem
1483 1266 1596 1294 fetorem
1619 1266 1681 1294 frui.
1708 1268 1790 1294 lslum
1808 1269 1879 1295 enim

1094 1312 1302 1345 praehonorabat
1326 1313 1481 1347 unguentis.
1510 1313 1556 1339 Ast
1583 1313 1695 1346 pudicus
1716 1314 1882 1347 amplectens

1095 1357 1201 1384 vincula
1230 1358 1326 1392 magis,
1348 1366 1428 1392 quatit
1457 1362 1581 1385 ornatum
1610 1357 1763 1393 Egyptiaa;
1788 1366 1882 1385 amans

1094 1403 1234 1429 oculorum
1255 1404 1381 1431 tenebras
1404 1410 1516 1439 propter
1531 1405 1618 1432 lumen
1634 1407 1729 1432 animat
1744 1413 1751 1437 ;
1769 1405 1890 1432 libenter

1095 1449 1209 1475 audiens
1224 1449 1339 1483 gemitus
1359 1451 1494 1483 carceris,
1510 1458 1588 1483 quam
1612 1452 1706 1479 videns
1734 1451 1838 1486 lapides
1856 1451 1881 1478 iu

1095 1493 1231 1520 luxuriosa
1251 1493 1338 1521 fronte
1365 1499 1391 1521 et
1410 1495 1557 1523 immunda.
1585 1495 1635 1524 Ubi
1654 1503 1719 1532 ergo
1736 1501 1800 1523 sunt
1815 1503 1887 1531 pne.

1096 1539 1227 1566 dictiones
1239 1540 1251 1566 ?
1263 1539 1320 1566 Noli
1336 1548 1493 1575 properare,
1511 1547 1536 1569 et
1551 1543 1653 1570 audies.
1673 1542 1880 1569 lrasciturPha-

1096 1605 1144 1623 rao
1156 1597 1260 1624 duobus
1276 1597 1367 1631 pueris
1382 1597 1438 1624 suis
1452 1598 1565 1624 summis
1585 1606 1600 1625 e
1619 1598 1769 1625 ministerio
1782 1597 1818 1630 ⁸⁸,
1830 1598 1890 1626 ira.

1097 1647 1139 1669 tus
1157 1648 1200 1669 est
1217 1643 1329 1675 Pharao,
1353 1643 1416 1676 quia
1445 1644 1579 1678 propitius
1603 1650 1661 1670 erat
1677 1643 1775 1679 Juseplt
1804 1644 1882 1671 Deus.

1096 1687 1238 1715 Mittuntur
1252 1689 1285 1714 ad
1305 1696 1452 1721 carcerem,
1465 1695 1492 1716 et
1506 1689 1584 1716 simul
1603 1698 1664 1716 cttm
1680 1689 1780 1724 Joseplt
1797 1690 1882 1718 recllt-

1097 1734 1205 1760 duutur.
1218 1733 1317 1767 Josaph
1334 1739 1423 1760 autem
1439 1739 1466 1760 et
1483 1734 1508 1760 itt
1524 1742 1633 1761 carcere
1652 1740 1678 1761 et
1702 1735 1763 1762 istic
1785 1735 1882 1763 fidelis.

1098 1778 1174 1805 Sicut
1201 1778 1273 1804 enim
1301 1778 1432 1805 creditam
1467 1779 1571 1814 accepit
1601 1780 1711 1807 dontqu
1747 1780 1883 1816 Egyptii,

1097 1823 1243 1851 custodivit
1272 1823 1351 1850 fidem
1381 1824 1463 1850 etiam
1492 1832 1555 1852 cum
1579 1826 1801 1854 calutnuiaretur.
1828 1827 1883 1854 Non

1097 1871 1168 1896 enim
1181 1870 1275 1896 detulit
1289 1869 1428 1903 damnum,
1445 1872 1492 1897 sed
1511 1879 1606 1906 passus
1625 1875 1666 1898 est
1684 1873 1740 1906 ipse
1757 1873 1883 1908 iujnriam

1098 1917 1152 1950 pati
1167 1923 1248 1950 quant
1266 1915 1364 1947 faCere,
1389 1921 1418 1943 ct
1432 1916 1542 1943 differre
1559 1917 1667 1944 doutuut
1688 1918 1748 1952 ejus
1776 1921 1821 1953 qui
1836 1920 1883 1947 sibi

1097 1962 1260 1990 crediderat.
1273 1961 1425 1989 (St-eduntur
1445 1969 1470 1990 et
1497 1964 1599 1998 religati
1622 1964 1647 1990 itt
1665 1971 1776 1992 carcere
1797 1966 1822 1993 ei
1836 1966 1878 2000 qui

1097 2009 1195 2035 eratin
1210 2016 1330 2035 carcere.
1362 2009 1423 2038 Flos
1445 2009 1516 2036 enim
1541 2009 1678 2043 pudicitia:
1702 2011 1881 2038 annuntiabat

1099 2060 1147 2086 per
1160 2053 1274 2080 frontem
1290 2061 1414 2088 puerum.
1432 2053 1465 2080 Et
1483 2054 1508 2080 iu
1526 2058 1598 2080 tanta
1619 2055 1784 2082 abundantia
1806 2056 1885 2083 liabe-

1100 2098 1293 2131 batsoiatitntt,
1304 2104 1334 2126 ut
1350 2101 1405 2134 ipse
1425 2100 1551 2134 cssotqui
1572 2100 1761 2128 consolaretur
1777 2103 1885 2130 tristan—

1101 2150 1149 2172 les.
1166 2145 1286 2172 Habebat
1301 2146 1371 2173 enim
1395 2146 1511 2173 frontem
1533 2147 1660 2181 pudicitia
1681 2148 1884 2181 germinantem.

1102 2189 1224 2224 Suscepit
1236 2196 1261 2217 et
1279 2199 1376 2226 pueros
1389 2192 1549 2224 Pharaonis,
1563 2201 1663 2228 eosque
1681 2195 1772 2222 statim
1791 2202 1886 2222 conso-

262 2237 333 2264 niaut
346 2241 373 2264 et
387 2236 586 2264 accusationem
597 2227 698 2263 ’[ηιεπιιι
720 2237 746 2263 in
767 2237 970 2263 :nlatuatttinuut
984 2238 1042 2264 adot

1101 2235 1268 2270 latnr:quia
1292 2242 1351 2264 erat
1373 2243 1512 2273 susceptor
1539 2244 1566 2265 et
1593 2226 1676 2274 nepos
1705 2241 1834 2272 Abraltze,
1861 2245 1886 2267 et

262 2285 415 2311 lescentcm.
433 2282 489 2310 Non
505 2289 545 2310 est
557 2283 661 2310 loeutus
674 2282 774 2317 .loseplt
791 2293 797 2310 :
816 2291 867 2310 nun
892 2283 955 2310 fecit
980 2285 1048 2311 satis

263 2330 307 2364 qui
331 2330 564 2356 calumniabatur:
582 2337 633 2356 non
658 2334 700 2356 est
730 2330 859 2356 cont'ttsns
888 2337 937 2364 pro
959 2329 1048 2364 impu-

263 2377 353 2409 denti;
375 2375 547 2402 maluitutori
568 2376 760 2407 calumniatus,
775 2384 854 2410 quatit
877 2376 914 2402 uti
937 2377 1049 2404 veritate

263 2423 295 2448 ad
306 2423 429 2449 salutetu.
443 2422 525 2448 Putas
537 2427 563 2449 et
577 2423 636 2449 istic
651 2422 771 2449 imitator
789 2427 867 2449 estet
880 2422 965 2449 fornta
980 2423 1048 2458 ejus,

262 2469 306 2503 qui
322 2477 373 2495 ttou
387 2468 492 2503 aperuit
507 2476 553 2496 eos
569 2476 645 2495 suum
670 2476 728 2495 cum
747 2469 969 2496 caltttuniaretur.
995 2469 1048 2496 Sed

264 2515 361 2548 Ioseph
377 2515 472 2541 iterum
497 2516 530 2541 ad
550 2522 699 2542 carcerem.
728 2515 760 2542 Et
785 2516 828 2542 ubi
840 2520 881 2542 est
895 2515 1047 2542 Iuda-orum

265 2562 346 2597 spes?
371 2561 423 2588 Sed
452 2561 485 2588 de
507 2562 706 2589 resurrectione
736 2567 917 2597 proponentes
941 2563 1047 2593 dicere,

265 2608 426 2636 mcurriums
441 2607 467 2634 in
488 2608 655 2636 necessarios
670 2616 821 2642 sermones,
839 2609 884 2644 qui
897 2611 954 2643 ςιιοιι
968 2609 1047 2635 alicui

300 2689 322 2705 ⁸⁷
336 2690 402 2718 Cen.
420 2699 513 2724 xxxtx,
531 2691 574 2720 μ,
612 2691 635 2706 ⁸⁸
651 2691 717 2718 ibid.

266 2799 284 2828 α
302 2765 354 2827 (ῗξι)
373 2767 536 2795 Ιιοηριιὶαην.
553 2767 733 2801 Honestatem,
754 2773 781 2796 ιιι
804 2777 818 2795 a
841 2769 977 2796 modestus
992 2777 1048 2796 mo-

286 2807 314 2827 es
329 2810 362 2828 ta.

286 2806 362 2828 estin.

303 2835 358 2869 (5t)
375 2837 424 2864 Ms.
446 2838 524 2865 Color
535 2844 660 2866 mutatus.

376 2871 534 2907 Dupnrarit.
554 2874 724 2906 Dilaceravil,
741 2873 857 2901 medium
875 2874 968 2903 diffidit

754 2691 775 2706 "
790 2690 854 2718 ibid.
868 2687 910 2716 15·
939 2690 961 2706 ¹⁰
975 2689 1042 2717 Gen.
1059 2698 1100 2718 XL.

1099 2283 1207 2317 sapiens
1232 2283 1320 2310 valde.
1343 2284 1483 2320 Ingressus
1504 2285 1585 2320 igitur
1610 2287 1635 2313 in
1657 2295 1711 2313 uno
1726 2287 1831 2314 dierum
1854 2287 1885 2313 ad

1099 2335 1198 2362 put-rus
1209 2328 1368 2363 Pharaonis,
1384 2332 1449 2358 vidit
1461 2332 1550 2359 vultus
1565 2341 1657 2360 eorum
1673 2334 1847 2366 immutatos,
1861 2338 1887 2361 et

1101 2376 1232 2403 intellexit
1245 2378 1306 2410 quia
1329 2385 1405 2405 meus
1425 2385 1518 2405 eorum
1539 2384 1598 2406 erat
1620 2380 1724 2406 turbata
1741 2384 1788 2406 :et
1805 2380 1886 2406 iuter-

1101 2427 1178 2456 rogat
1193 2430 1315 2455 causam,
1336 2430 1395 2456 qua:
1412 2424 1460 2450 ista
1477 2429 1548 2451 esset
1569 2426 1594 2451 iu
1609 2425 1648 2452 eis
1661 2424 1824 2451 immutatio.
1850 2424 1886 2451 Illi

1102 2472 1191 2494 autent
1210 2474 1336 2501 promunt
1360 2469 1510 2502 insomnia,
1531 2474 1559 2497 et
1580 2470 1637 2497 hinc
1662 2470 1788 2504 duplicid.
1814 2469 1888 2497 Sicut

1101 2514 1173 2540 enim
1186 2520 1213 2541 et.
1226 2515 1251 2541 iit
1267 2519 1379 2549 paterna
1398 2516 1463 2542 vidit
1477 2516 1557 2542 dotuo
1569 2536 1576 2545 .
1591 2521 1617 2542 et
1633 2517 1788 2551 procuravit
1805 2515 1885 2548 Deus,

1102 2560 1163 2587 licet
1180 2564 1207 2586 et
1220 2560 1348 2587 contrarii
1365 2561 1415 2587 sibi
1427 2566 1519 2588 essent
1532 2562 1641 2589 somnii.
1656 2561 1764 2589 Primus
1779 2563 1888 2596 exponit

1102 2607 1236 2634 somnium
1259 2607 1304 2642 qui
1322 2608 1426 2634 viderat
1449 2608 1564 2641 bonum,
1587 2614 1615 2635 ut
1639 2608 1794 2636 adhortatio
1813 2610 1888 2637 ﬁeret

1139 2767 1193 2802 (5H)
1217 2766 1318 2793 Bonam
1349 2775 1405 2800 qus
1431 2765 1639 2802 interfectionem
1679 2763 1812 2802 Videntur
1831 2764 1888 2790 haec

1103 2799 1154 2830 dici
1172 2799 1219 2836 per
1231 2799 1481 2836 interrogationem.
1496 2800 1670 2836 Bonamreius
1683 2799 1890 2836 interfectionem

1103 2833 1241 2889 ditentur:
1255 2842 1300 2862 aut
1313 2833 1405 2864 bonum
1412 2836 1583 2871 jactationem
1597 2835 1624 2862 in
1639 2834 1719 2862 Iacu.’
1734 2833 1894 2861 reddtur»

1103 2875 1228 2899 (tionem.
1245 2876 1297 2899 cit.

1131 2881 1213 2900 tonem
1221 2881 1233 2899 o’
1245 2881 1297 2899 ωε.
