2024 3208
681 162 727 192 DE
746 161 1045 194 RESURRECTIONE.
1065 180 1101 187 —
1119 162 1183 191 LIB.
1203 160 1225 191 Ι.

1692 164 1761 193 1090

142 221 319 256 tecundome
328 219 564 251 taceret.'Slenim
586 223 698 251 fuissent
709 224 816 260 utrique
827 224 924 251 somnii
939 231 962 260 Α
978 225 1004 251 in
1031 230 1147 251 carcere.
1166 223 1223 251 Non
1238 223 1310 250 enim
1334 222 1488 250 intermittit
1510 223 1580 250 Deus
1608 228 1760 251 sanctorum

133 268 217 308 'iioni.
244 268 314 296 forte
327 269 443 303 suspicio
463 268 570 302 fuisset,
596 269 658 304 quia
688 273 802 304 utraque
824 268 928 295 donans

142 314 210 343 bene
226 314 418 350 interpretatus
431 319 473 343 est
486 314 601 349 Ioseph.
625 318 654 342 ut
674 322 721 342 eos
741 314 929 342 consolaretur

141 361 242 395 potius,
266 369 346 395 quam
372 368 462 387 veram
489 361 738 395 interpretationem
763 361 926 388 somniorum

141 407 255 440 diceret,
270 413 296 435 et
311 409 450 438 [ortuitum
463 413 604 443 putaretur
623 410 773 444 negotium,
790 414 817 436 et
832 410 927 436 iterum

141 454 189 489 qui
220 454 399 489 perniciosum
425 455 530 481 viderat
557 456 689 482 somnium
718 455 850 482 secundus
876 463 927 481 non

142 499 255 532 diceret,
280 505 307 527 et
330 508 381 527 non
408 501 485 527 ﬁeret
509 500 603 534 duplex
634 501 828 527 testimonium.
853 500 928 528 Nunc

142 550 232 572 autem
243 546 349 580 exponit
362 546 463 579 primus
477 546 521 580 qui
532 546 629 573 ιιοιιυιιι
646 547 762 573 habebat
777 547 926 573 somnium.

140 590 208 618 Erat
221 592 293 618 enim
313 599 394 625 supra
410 592 605 626 viueamregis.
618 592 717 619 etdicit
733 600 740 618 :
760 591 843 618 Vitem
861 593 928 619 uide-

142 636 212 667 bant,
227 641 250 663 et
263 637 290 663 in
305 637 354 663 vite
367 641 419 663 treit
434 638 510 670 fandi
526 644 535 664 :
552 642 575 664 et
588 639 644 671 ipsa
660 639 810 672 germinans
832 638 928 665 attule-

141 687 183 708 rat
198 687 317 708 maturo:
333 683 461 710 botriones
475 689 532 710 uva!
545 692 553 709 :
570 689 591 710 et
605 683 675 710 calix
692 684 796 710 Pharao
810 685 835 710 iu
850 693 927 710 manu

137 734 219 754 mea:
235 734 258 754 et
271 729 370 762 ιιινιιμεὶ
384 737 458 756 uvam
480 736 502 756 et
524 730 638 763 expressi
662 738 717 757 eam
735 731 763 757 in
780 730 886 756 calicem
901 732 928 757 in

139 775 260 801 munibus
290 774 394 802 Pharao
427 776 461 803 ".
500 775 622 804 Prudens
648 781 674 803 et
711 777 928 810 sapientissimus

141 820 250 856 Joseph,
265 823 310 856 qui
328 831 341 849 a
357 823 410 850 Deo
425 824 597 854 edocehatur,
610 825 700 850 statim
716 825 748 851 ad
768 825 929 858 interpreta-

140 866 241 893 tionem
250 867 334 893 currit
346 873 372 894 et
383 868 445 894 dicit
455 875 461 895 :
471 867 532 895 Tres
545 869 621 903 [undi
631 874 681 895 tres
694 869 748 895 dies
759 873 819 895 sunt
830 869 927 901 adhuc;

979 276 1095 300 errores,
1110 269 1224 303 diligens
1239 275 1297 296 eos.
1316 267 1345 295 Si
1361 268 1405 302 qui
1418 272 1586 299 erraverunt,
1597 269 1688 295 statim
1703 276 1762 296 cor-

979 315 1052 350 rigit,
1066 319 1095 341 ut
1109 321 1161 341 non
1177 318 1285 341 maneat
1300 313 1340 340 eis
1354 314 1380 339 in
1401 313 1513 347 judicio.
1540 312 1612 340 Dixit.
1625 314 1697 341 enim
1711 313 1762 341 ho-

980 361 1043 387 ιιιίιιί
1063 369 1070 387 :
1098 359 1198 388 Mentor
1226 364 1279 386 esto
1295 359 1356 391 mei,
1376 364 1399 385 et
1421 360 1524 386 educito
1550 367 1589 385 me
1613 359 1645 385 tle
1661 367 1762 385 carcere

979 408 1028 433 ista
1038 414 1048 439 ,'
1059 407 1232 433 obliviscetur
1243 411 1268 432 te
1282 406 1372 437 homo,
1392 411 1419 431 ct
1434 405 1609 439 proteadetur
1628 405 1673 431 tibi
1686 405 1763 431 bien-

980 454 1053 479 nium
1071 458 1182 486 tempus.
1199 451 1250 478 Sed
1275 459 1326 478 non
1348 455 1389 478 est
1401 451 1501 477 oblitus
1518 450 1587 477 Deus
1603 460 1609 477 :
1628 451 1674 477 sed
1691 452 1761 477 assi-

979 499 1024 526 stit
1039 498 1136 533 Joseph
1162 497 1293 524 Pharaoni
1319 497 1405 531 primo
1418 501 1443 523 et
1461 497 1589 523 secundo.
1614 495 1676 523 Erat
1689 495 1760 522 enim

979 546 1047 572 visio
1059 544 1208 571 Pharaonis
1222 544 1246 559 '°
1258 543 1346 569 omnis
1360 543 1392 569 de
1406 542 1525 575 I'ritgibus
1536 547 1562 568 et
1576 542 1690 568 cultura.
1705 541 1762 568 Illic

979 591 1050 618 enim
1063 592 1144 618 boves
1164 590 1267 616 femina:
1283 594 1376 621 erant;
1390 593 1493 623 septem
1514 588 1589 614 bona:
1602 593 1711 621 aspectu
1735 592 1763 614 et

979 636 1071 663 electa:
1086 636 1224 667 carnibus,
1238 640 1264 661 et
1278 635 1357 661 culmi
1369 640 1470 669 septem
1484 634 1618 668 spicarum
1635 642 1642 660 ι
1657 639 1764 667 oportet

979 682 1050 708 cnim
1070 681 1194 716 conjungi
1219 680 1352 707 insomnia
1379 680 1467 713 spicas
1483 685 1585 713 septem
1610 679 1712 712 plenas,
1737 685 1764 706 et

979 733 1080 761 septem
1104 733 1206 754 tenues.
1232 726 1300 759 Quia
1326 726 1397 752 enim
1421 725 1507 752 cultris
1535 731 1611 751 terrae
1624 732 1671 758 per
1683 725 1764 751 boves

980 773 1104 804 cllicitur,
1123 781 1170 806 per
1183 772 1286 799 culmos
1304 776 1393 798 alitem
1410 772 1501 804 spicit,
1518 770 1550 796 de
1564 775 1694 803 proventu
1715 778 1764 796 aii-

980 824 1033 846 teiu
1048 824 1074 845 et
1096 819 1165 845 fante
1180 824 1259 846 erant
1282 818 1416 845 insomnia
1435 817 1521 852 regis;
1537 824 1584 850 per
1599 816 1763 842 domesticas

979 866 1095 892 visiones
1111 865 1206 892 dantur
1218 870 1245 891 et
1258 864 1436 898 provisiones.
1456 864 1564 897 Septem
1591 868 1668 890 erant
1684 864 1764 896 spica:

141 913 269 944 triduum,
295 919 319 939 et
344 915 371 940 in
392 919 476 941 mente
497 914 602 942 [labem
628 914 732 941 pham,
758 915 861 941 initium
875 915 926 946 ιιιί⁷
944 912 963 938 Β
978 909 1073 943 plenae,
1085 914 1221 942 elseptetti
1239 916 1325 934 vacca.-
1340 908 1467 942 pingues;
1483 908 1764 935 succedebantantem

137 963 166 985 et
177 960 294 986 restituet
304 966 328 987 te
341 969 417 994 super
431 961 530 987 vineam
544 962 664 996 iuo/ﬁrio
676 967 731 993 tua,
742 966 765 987 et
779 962 855 988 dabis
866 960 927 987 culi-

141 1001 195 1032 cem
207 1007 233 1032 in
246 1014 339 1033 manus
353 1007 469 1034 Pharao.
486 1008 604 1034 Lzrtatus
614 1009 785 1038 cstaudiens.
799 1012 825 1034 et
835 1008 926 1034 statim

141 1052 254 1079 latitavit
264 1053 379 1079 colorem
390 1053 421 1079 ".
436 1053 562 1080 llortatus
569 1058 657 1080 autem
669 1059 694 1080 et
705 1054 772 1080 alitis
781 1059 821 1080 est
830 1058 928 1079 semet-

140 1098 227 1132 ipsum
245 1107 252 1125 :
269 1099 384 1126 habebat
398 1104 424 1126 et
443 1100 499 1133 ipse
512 1100 627 1127 similem
652 1100 796 1127 visionem.
822 1099 855 1125 Et
870 1107 926 1133 ego,

139 1146 239 1180 inquit,
249 1147 302 1172 vidi
312 1147 452 1173 somnium.
464 1146 594 1172 Putabant
608 1154 647 1172 me
663 1146 712 1171 triti
722 1147 837 1171 canistra
845 1145 928 1170 Italice

140 1191 197 1228 (37)
213 1192 304 1218 tollere
322 1200 399 1227 super
415 1199 491 1225 caput
508 1201 591 1219 meum
610 1192 642 1218 ".
663 1192 738 1218 Sicut
751 1192 804 1218 illic
822 1191 884 1221 tria,
903 1196 929 1216 et

142 1237 203 1265 istic
215 1238 278 1264 tria.
292 1237 324 1264 Et
337 1238 363 1264 in
379 1238 492 1264 canistro
510 1238 636 1271 superiori
647 1245 679 1263 ex
688 1237 805 1263 omnibus
827 1237 926 1278 generi:

143 1283 188 1310 bus
204 1283 258 1318 (58)
275 1291 307 1310 ea;
323 1284 414 1317 quibus
432 1283 538 1309 Pharao
555 1291 599 1309 rex
615 1282 799 1313 maiidncobat,
811 1290 874 1315 opus
887 1282 927 1314 pi—

143 1333 262 1356 Itoruin.‘
282 1334 340 1356 erat
358 1330 429 1356 enim
450 1338 528 1363 supra
542 1330 657 1363 pistores
678 1338 684 1355 :
700 1334 722 1354 et
740 1328 857 1355 volatilia
872 1328 929 1354 caeli

141 1376 306 1402 eomedebant
330 1384 358 1402 ea
383 1376 415 1402 de
440 1377 554 1402 canistro
572 1376 640 1409 quod
665 1381 720 1401 erat
748 1382 827 1408 tupra
853 1378 929 1407 eaput

143 1429 238 1447 meum.
253 1420 350 1453 Etiam,
365 1421 460 1456 inquit.
470 1427 493 1447 et
504 1422 554 1447 tria
564 1426 607 1447 tun
617 1427 667 1446 tres
677 1421 730 1446 dies
739 1420 928 1454 signiﬁcant".

142 1466 265 1500 Sedquia
278 1475 330 1493 uoti
344 1468 500 1494 tninistrasti
516 1467 540 1493 in
559 1475 637 1493 manu
651 1467 731 1500 regis,
749 1466 867 1492 volatilia
884 1474 930 1492 au-

142 1517 197 1538 tent
212 1513 388 1540 contetlebant
404 1519 452 1546 ea‘;
467 1514 639 1540 manifestum
657 1512 769 1546 estquia
784 1513 869 1539 inciso
887 1520 931 1539 ca-

143 1557 200 1591 pite
218 1562 273 1589 tuo,
290 1563 315 1584 et
331 1559 407 1585 allixa
437 1565 518 1585 carne
536 1558 621 1589 cruci,
644 1559 760 1584 volatilia
786 1559 931 1584 manduca-

143 1603 210 1630 bunt
227 1611 323 1631 carnes
334 1610 402 1631 tuas.
419 1604 473 1631 Iloc
485 1605 555 1630 enim
569 1604 711 1630 annuntiat
722 1603 855 1630 somnium
871 1603 928 1630 tibi.

143 1649 179 1676 Et
195 1657 257 1676 cum
282 1650 377 1676 tertius
401 1649 554 1675 advenisset
567 1649 633 1680 dies,
656 1654 683 1675 ct
699 1649 769 1682 regis
789 1648 932 1674 haberetur

145 1694 252 1727 natalis,
263 1703 365 1722 memor
379 1696 429 1721 l'uit
441 1703 606 1722 summorum
618 1694 722 1721 illorum
735 1694 929 1720 ministrorum.

145 1741 178 1768 Et
192 1741 229 1768 illi
250 1742 356 1776 quidem
370 1742 416 1776 qui
430 1749 508 1776 supra
522 1743 627 1767 vineam
644 1745 703 1767 erat
718 1739 841 1767 cmicedit
855 1748 861 1766 :
884 1747 930 1765 vo-

145 1791 222 1813 catus
237 1787 308 1813 enim
331 1790 382 1817 est,
405 1791 432 1812 et
449 1787 522 1812 stetit
536 1791 598 1812 ante
619 1791 792 1819 conspectum
808 1784 888 1818 regis,
906 1788 932 1810 et

145 1832 218 1859 dedit
229 1831 338 1858 calicem
355 1831 380 1857 in
401 1839 508 1858 manum
522 1830 580 1865 ejus
595 1831 743 1858 secundum
767 1830 932 1863 interpreta-

145 1878 246 1904 tionem
260 1876 369 1911 Joscpli.
389 1876 527 1911 Prmpositi
548 1882 636 1903 autem
656 1876 766 1910 pistoris
786 1876 933 1902 admonitio

146 1923 233 1958 magis
254 1923 358 1950 fervere
379 1923 441 1950 fecit
457 1923 664 1958 indignationem
685 1923 768 1956 regis,
788 1927 816 1949 et
831 1922 932 1948 incide-

146 1969 228 1997 batur
258 1970 355 2004 capite,
384 1975 411 1997 et
433 1970 553 1996 volatilia
583 1969 760 2004 perliciebant
790 1968 931 1995 visionem.

146 2017 216 2051 Quid
258 2017 316 2044 hac
351 2019 383 2044 ad
417 2017 536 2051 Josopb?
574 2017 690 2043 maxime
726 2015 836 2050 quidctn
872 2015 933 2049 quia

147 2063 301 2090 intellectus
330 2068 388 2090 erat
415 2063 440 2090 in
466 2071 496 2090 eo
523 2068 551 2090 et
581 2062 709 2089 revelatio
734 2071 740 2089 :
768 2067 796 2088 et
821 2061 882 2096 quia
908 2065 935 2087 et

147 2116 241 2137 eorum
260 2110 304 2144 qui
334 2110 360 2136 in
378 2118 488 2138 carcere
508 2114 585 2136 erant
609 2109 758 2136 consolatio
775 2108 933 2139 habebatur,

146 2155 210 2190 quia
221 2159 248 2182 et
261 2155 313 2182 illic
323 2156 454 2182 creditum
470 2160 511 2182 est
522 2155 557 2181 ei.
573 2154 679 2181 Dixerat
697 2158 785 2181 autem
802 2153 855 2179 vini
871 2160 935 2187 pra:-

146 2202 253 2237 posito:
271 2201 400 2229 Memento
428 2203 476 2228 mei
496 2210 543 2236 per
570 2201 731 2234 temetipsum
754 2208 813 2226 curti
830 2199 930 2232 ctzpert't

978 956 1066 982 vaccis
1078 956 1185 989 quidem
1201 955 1343 989 pinguibus
1355 962 1442 981 vacca:
1455 962 1560 986 macrae,
1580 954 1661 988 spicis
1675 959 1764 980 autem

978 1001 1055 1028 bonis
1070 1007 1096 1028 et
1108 1002 1193 1035 plenis
1203 1002 1283 1036 spic:e
1297 1007 1401 1027 tenues.
1422 1000 1474 1027 Pro
1492 1006 1593 1035 septem
1611 1001 1694 1035 spicis
1710 1000 1766 1034 ple-

979 1048 1020 1074 nis
1037 1052 1138 1082 septeni
1152 1048 1232 1081 spica:
1245 1052 1347 1075 tenues.
1359 1047 1491 1074 Coniestie
1504 1051 1566 1073 situt
1579 1047 1690 1081 pingues
1705 1053 1767 1072 Vac-

979 1101 1016 1119 ae
1030 1102 1042 1118 :i
1058 1092 1207 1120 tuacilentis
1218 1094 1317 1125 vaccis,
1331 1098 1358 1119 et
1374 1093 1453 1126 spicae
1469 1101 1483 1119 a
1495 1093 1588 1126 spicis,
1605 1097 1632 1119 et
1648 1092 1674 1118 in
1694 1091 1767 1118 {ante

980 1139 1128 1165 habebatur
1143 1139 1283 1174 (Egyptus.
1312 1144 1338 1165 et
1357 1139 1383 1165 iti
1406 1138 1506 1165 turbela
1525 1138 1639 1164 Pharao.
1667 1137 1698 1163 Et
1712 1136 1766 1163 viui

979 1186 1136 1220 pris-positus
1160 1185 1311 1211 admonitus
1336 1190 1377 1211 est
1400 1184 1493 1211 dicens
1517 1183 1598 1219 (59):
1625 1183 1716 1210 Dicam
1732 1190 1766 1209 an

980 1230 1103 1257 taceam?
1129 1230 1198 1257 tacui
1225 1235 1299 1256 tanto
1319 1235 1448 1263 tempore.
1473 1229 1525 1256 Sed
1544 1229 1565 1256 si
1587 1237 1638 1255 non
1662 1229 1766 1258 dixero,

980 1277 1084 1311 perierit
1098 1275 1227 1311 Egyptii.
1241 1276 1340 1307 Meum,
1357 1275 1453 1310 inquit,
1464 1282 1597 1305 errarent,
1611 1281 1697 1300 nicum
1708 1281 1769 1308 pec-

980 1327 1068 1350 eatum
1084 1324 1254 1349 admoneam.
1281 1322 1362 1349 Putas
1377 1330 1437 1349 cuin
1453 1326 1588 1355 repeteret
1602 1325 1628 1347 et
1648 1321 1767 1347 diceret:

981 1370 1046 1396 Cum
1062 1369 1146 1395 iratus
1161 1376 1236 1395 esses
1254 1369 1347 1400 nobis;
1364 1367 1512 1394 admonitio
1526 1367 1565 1393 sui
1578 1366 1696 1400 peccati:
1709 1371 1768 1392 crat

981 1420 1068 1442 autem
1085 1415 1286 1441 taciturnitatis.
1305 1413 1374 1440 Fieri
1392 1413 1463 1439 extitit
1482 1417 1569 1446 potest
1585 1412 1770 1446 quiautraque

982 1461 1137 1488 admonitus
1149 1465 1199 1493 est,
1216 1467 1243 1487 et
1261 1466 1373 1494 utraque
1385 1459 1462 1486 dixit.
1481 1459 1549 1491 Quid
1564 1458 1601 1484 ait
1616 1458 1648 1485 ad
1661 1458 1772 1492 regem?

983 1507 1100 1540 Peecati,
1118 1508 1215 1541 inquit,
1233 1515 1332 1533 memor
1357 1506 1397 1540 fui
1415 1506 1490 1532 hodie
1504 1512 1514 1531 :
1530 1505 1635 1531 Pharao
1649 1504 1772 1538 indigita-

983 1559 1024 1580 tus
1036 1558 1073 1581 est
1084 1555 1170 1588 pueris
1190 1555 1256 1582 suis,
1272 1558 1296 1579 et
1315 1553 1383 1579 misit
1402 1561 1448 1578 nos
1466 1553 1491 1578 in
1507 1559 1654 1583 carcerem;
1676 1552 1702 1577 in
1723 1551 1771 1576 do-

983 1609 1053 1626 mum
1076 1600 1209 1633 prmpositi
1228 1607 1369 1632 eoquorum
1393 1606 1433 1623 me
1449 1602 1473 1623 et
1502 1598 1544 1631 qui
1562 1605 1640 1630 supra
1661 1597 1771 1629 pistores

982 1651 1048 1672 erat.
1067 1645 1097 1671 Et
1119 1645 1228 1671 vidimus
1254 1645 1382 1670 somniant
1401 1650 1506 1675 uterque
1524 1650 1575 1668 una
1597 1647 1686 1672 notte;
1713 1650 1771 1676 ego,

982 1692 1071 1717 itidem
1088 1690 1150 1723 ille;
1167 1690 1342 1724 uituSquisqne
1350 1689 1480 1715 somnium
1495 1687 1619 1713 uidimus.
1641 1687 1704 1713 Erat
1721 1697 1772 1714 au-

984 1741 1032 1762 teni
1046 1736 1082 1762 ibi
1097 1736 1230 1761 nobiseum
1245 1734 1395 1760 adolescens
1410 1740 1474 1766 piter
1490 1731 1617 1758 Hebrteus
1636 1731 1772 1765 pra’positi

983 1789 1124 1817 coqttorum
1141 1788 1149 1808 :
1165 1786 1187 1807 et
1199 1780 1378 1808 enarrat-iuius
1392 1778 1443 1810 illi,
1455 1783 1479 1804 et
1493 1778 1671 1811 interpretavit
1685 1778 1772 1804 nobis.

985 1828 1017 1854 Et
1032 1828 1131 1862 factum
1145 1833 1193 1859 est,
1208 1827 1272 1852 sicut
1283 1827 1469 1859 interpretatus
1487 1824 1570 1858 {uerat
1586 1824 1703 1850 nobiuie
1716 1833 1773 1851 ere—

985 1875 1040 1905 tiit;
1055 1882 1095 1900 me
1107 1874 1245 1899 restituisti
1261 1872 1289 1898 in
1301 1871 1396 1906 officio,
1412 1870 1486 1896 illum
1505 1875 1592 1896 autem
1602 1871 1771 1904 suapemlisti.

987 1921 1018 1946 Et
1026 1920 1094 1946 misit
1111 1919 1216 1957 Pharao
1233 1918 1318 1945 vocari
1326 1917 1422 1948 Ioseph
1434 1915 1618 1957 5"..Convicta
1635 1916 1774 1950 etiinijam

986 1967 1072 1993 luerat
1087 1955 1280 2000 sapieniioniin
1299 1964 1442 1997 sapientia,
1463 1955 1523 1997 qua:
1547 1963 1682 1990 somnium
1702 1964 1775 1997 regis

986 2010 1157 2044 interpretari
1180 2017 1231 2036 non
1250 2010 1345 2043 potuit.
1365 2009 1399 2035 Et
1412 2008 1562 2035 eduxerunt
1576 2015 1636 2034 cuni
1659 2008 1692 2034 de
1708 2017 1772 2034 car-

986 2064 1058 2089 cere,
1071 2062 1097 2083 et
1116 2057 1290 2084 lotonderunt
1305 2063 1378 2086 eunt,
1392 2058 1417 2082 et
1435 2059 1611 2082 mutaverunt
1628 2055 1776 2081 vestimen-

985 2108 1040 2129 tum
1066 2102 1133 2136 ejns.
1158 2102 1255 2129 lterum
1276 2110 1291 2129 e
1313 2102 1372 2129 lacu
1395 2101 1507 2135 Jusepli,
1521 2101 1619 2128 iterutn
1636 2108 1651 2127 e
1666 2108 1778 2128 carcere

986 2148 1060 2180 exiit,
1084 2151 1111 2174 et
1139 2147 1213 2174 venit
1226 2147 1259 2174 ad
1281 2146 1397 2173 Pharao.
1423 2147 1496 2173 Dixit
1512 2151 1602 2173 autem
1620 2145 1728 2173 Pharao
1742 2148 1778 2172 att

986 2192 1085 2227 Josepli
1100 2202 1107 2220 :
1123 2192 1262 2220 Somnium
1294 2193 1358 2225 vidi,
1387 2199 1410 2218 et
1434 2194 1479 2227 qui
1504 2193 1687 2225 interpretetur
1709 2192 1777 2218 itlut‘

147 2249 194 2276 tibi
210 2257 266 2275 eue
290 2250 361 2281 bene,
383 2254 405 2275 et
417 2249 495 2283 facies
511 2249 538 2275 in
562 2256 602 2275 me
616 2248 818 2275 miserationem.
835 2251 859 2273 et
881 2254 930 2272 nie-

989 2248 1039 2266 non
1056 2244 1093 2265 est
1107 2239 1141 2265 ".
1154 2237 1281 2265 Convieta
1297 2238 1431 2271 euimjam
1451 2240 1538 2265 fuerat
1553 2237 1703 2272 Egyptus:
1717 2245 1778 2264 con-

147 2294 263 2322 morobis
276 2295 307 2321 de
320 2303 359 2321 me
385 2294 518 2321 Pharaoni
535 2301 544 2319 :
562 2300 584 2321 et
605 2295 697 2320 etluees
714 2301 754 2319 me
768 2293 800 2318 de
813 2293 864 2318 isto
876 2300 933 2318 car-

148 2348 205 2367 cere
223 2346 234 2366 :
254 2342 378 2374 quoniam
393 2338 462 2373 furto
478 2339 595 2365 sublatus
609 2347 666 2365 sum
680 2339 711 2364 de
726 2343 797 2363 terra
812 2336 935 2363 llebrtL-o-

148 2393 219 2416 γυνη,
235 2392 256 2412 et
268 2386 309 2411 hic
320 2386 384 2412 nihil
398 2384 527 2419 malifeci.
544 2386 587 2410 sed
604 2385 730 2411 miserunt
741 2391 780 2409 ιιιε
794 2383 819 2408 ἰιι
830 2382 934 2407 domum

149 2431 201 2457 laci
212 2431 291 2465 hujus
312 2431 346 2457 ⁵⁵.
361 2431 428 2463 Quia
444 2431 514 2457 enini
528 2431 576 2457 hoc
598 2430 682 2464 ipsutn
701 2429 815 2456 credidit
830 2428 856 2454 in
886 2428 934 2454 lio-

150 2476 235 2507 inine,
249 2476 369 2502 additum
395 2481 436 2503 est
449 2476 473 2502 ci
490 2476 638 2502 biennium.
665 2475 830 2500 Emendatus
846 2478 935 2499 autem

151 2529 193 2550 est
208 2523 242 2550 ob
256 2523 335 2550 istum
350 2530 501 2549 sermonem
513 2521 703 2556 perbiennium
716 2520 814 2554 Josepli
827 2525 855 2545 nt
866 2524 938 2546 esset

185 2570 208 2586 "
222 2571 289 2599 Gen.
305 2579 348 2603 ιι,
358 2570 432 2597 9-11.
471 2569 672 2602 "ibiil.12,15.
710 2569 732 2584 ⁸³
746 2568 809 2595 ibid.
820 2567 862 2594 16.

151 2607 173 2622 "
195 2607 258 2633 ibid.
278 2606 319 2633 15.
358 2606 381 2621 "
397 2606 461 2633 ibid.
479 2605 522 2631 16.

188 2656 243 2692 (57)
257 2691 260 2692 ν
272 2655 334 2682 Tria
353 2655 469 2692 canistra
493 2652 585 2692 Italiae.
600 2651 708 2692 italicae
730 2657 776 2691 seu
799 2650 894 2676 alica:
911 2648 937 2674 in

153 2685 342 2725 5.’5ιῖι“ἰ[ιιιιι“ίι
358 2691 449 2717 Graeca
467 2688 534 2725 epla
544 2685 780 2725 καινὰ-χονδριτῶν.

188 2726 244 2762 (58)
264 2722 304 2752 lix
317 2725 434 2751 omnibus
449 2722 594 2762 generibus.
616 2722 643 2748 In
658 2724 762 2762 vulgata
779 2722 938 2753 interpreta-

154 2757 241 2792 tioiie;
250 2769 335 2787 omnes
350 2762 420 2786 cibos
434 2757 477 2793 qiii
490 2759 554 2792 ﬁant
572 2764 627 2793 arte
639 2757 758 2791 pistoria.

262 2796 415 2822 Admonitus
440 2789 474 2820 est
490 2789 594 2832 'tlit'ens.
614 2789 938 2832 Lucum-diuite.videmur

154 2828 197 2859 sic.
212 2828 355 2866 ettplntiarc
372 2838 448 2866 posse
469 2837 500 2855 ex
532 2829 671 2862 Scriptura
686 2837 691 2853 :
709 2828 937 2866 lloqoi'ilatus-t'st

154 2860 259 2899 Joseplt't
286 2860 387 2897 dicetis,
413 2865 502 2891 Dicant
523 2872 575 2898 regi
595 2860 627 2889 ait
653 2862 764 2888 tacebo?
789 2860 934 2899 I:|_I_I1l)j.tllll

159 2896 276 2937 tempore
288 2901 357 2929 tacui
378 2896 385 2928 ἐ
403 2899 450 2927 sed
459 2900 480 2926 si
499 2896 668 2930 nou‘dixero,
683 2896 913 2931 perientjﬁgypui
928 2904 933 2920 2

901 2565 996 2592 "ibid.
1007 2564 1098 2591 16-13.

989 2287 1056 2312 victa
1076 2290 1102 2313 et
1125 2286 1257 2319 sapientia
1279 2293 1338 2319 quin
1355 2285 1531 2320 pollicebatur
1549 2284 1642 2310 multa.
1657 2283 1711 2318 Ego
1726 2291 1776 2308 au-

989 2336 1042 2358 tem
1063 2331 1151 2357 audivi
1167 2331 1200 2357 de
1223 2335 1248 2356 te
1266 2331 1398 2362 dicentes,
1426 2329 1519 2355 audire
1533 2333 1558 2355 te
1574 2328 1677 2355 somnia
1696 2333 1720 2354 et
1738 2329 1777 2353 iu-

988 2377 1129 2410 terpretari
1147 2385 1187 2404 ea.
1219 2377 1355 2403 Continuo
1379 2383 1444 2409 ergo
1474 2375 1550 2401 uohis
1571 2374 1668 2400 famam
1691 2378 1774 2400 tuam.

989 2421 1142 2458 Religiosus
1162 2428 1251 2449 autem
1275 2421 1374 2456 Joscph
1397 2421 1534 2454 respondit
1553 2421 1586 2446 ad
1612 2427 1721 2454 regem,
1750 2425 1778 2445 ct

989 2469 1056 2495 dixit
1076 2478 1082 2495 :
1099 2469 1161 2495 Sine
1173 2468 1225 2494 Deo
1240 2476 1290 2494 non
1309 2465 1506 2500 respondebitur
1521 2466 1638 2492 salutare
1659 2464 1776 2491 Pharao.

990 2516 1038 2543 Dei
1053 2517 1120 2542 enim
1132 2520 1180 2548 est,
1196 2516 1294 2549 inquit,
1311 2514 1488 2548 interpretatio
1505 2512 1540 2539 “.
1559 2512 1613 2546 ligo
1634 2512 1700 2538 nihil
1717 2519 1778 2549 pos-

1137 2564 1159 2579 η
1175 2548 1239 2589 ibid:
1253 2556 1346 2589 itis:
1384 2560 1407 2576 σε
1418 2560 1486 2587 con.
1497 2568 1550 2587 ηπ,
1589 2548 1776 2586 “abido-'14.

991 2647 1078 2680 potius
1098 2647 1184 2680 itaque
1201 2651 1302 2674 meum,
1326 2643 1422 2677 inquit,
1438 2644 1569 2680 errorem,
1584 2649 1672 2680 meum
1684 2648 1778 2675 pecca—

994 2687 1047 2708 tum
1062 2678 1235 2707 eorrlitcbor:
1266 2686 1361 2711 nempe
1385 2687 1445 2705 cum
1466 2678 1600 2705 Pharaoni
1626 2681 1778 2704 renarrarel

992 2725 1024 2742 ac
1044 2717 1156 2747 diceret,
1181 2716 1246 2742 Cum
1262 2715 1347 2739 iratus
1363 2722 1437 2741 esSi-s
1462 2714 1550 2743 ιιυιιὶ-ι,
1572 2712 1703 2739 confessio
1718 2717 1780 2738 erat

991 2752 1031 2778 sui
1045 2752 1146 2785 peccati
1164 2758 1215 2785 quo
1230 2750 1295 2782 regis
1320 2749 1384 2774 iram
1407 2752 1601 2785 properaverat.
1622 2753 1678 2785 tuin
1695 2748 1780 2785 etiam

992 2782 1194 2815 tablini-nitaris,
1211 2787 1281 2818 quod
1299 2784 1401 2817 acrepti
1421 2792 1434 2809 a
1451 2783 1568 2816 .Iosephu
1589 2782 1711 2809 beneﬁcii
1728 2784 1781 2808 iui-

992 2830 1094 2847 tiit-uiur
1121 2822 1219 2846 tiiirliu
1244 2820 1382 2845 siluisset:
1402 2819 1457 2844 iii-ri
1474 2827 1544 2843 t‘llilll
1561 2822 1648 2851 potest
1669 2822 1696 2843 tit.
1721 2819 1781 2851 ejus

991 2858 1080 2882 animo
1106 2857 1218 2883 subierit
1245 2862 1404 2887 utrumque,
1430 2859 1456 2880 ct
1485 2862 1630 2886 utrumque
1653 2854 1688 2879 sit.
1714 2861 1780 2879 Cuti-

991 2894 1088 2918 lessus.
