2024 3208
259 151 329 181 1091

577 147 711 177 EUSEBII
729 147 971 177 CAZSARIENSIS
986 147 1062 176 ΟΡΡ.
1081 147 1172 174 PARS
1192 147 1237 174 IV.
1258 160 1293 166 —
1313 143 1521 174 DOGMATICA.

1807 145 1877 174 1092

260 216 320 236 sum
349 211 379 234 ut
393 206 506 242 possim.
531 205 647 240 Exponit
670 209 759 232 autem
786 205 884 240 duplex
910 205 1043 232 snmnium
1059 211 1082 238 Α
1096 209 1121 230 et
1136 203 1175 229 ori
1194 207 1238 229 tuo
1253 202 1352 229 obediet
1377 201 1488 236 populus
1513 201 1594 228 omnis
1618 206 1713 236 prater
1736 202 1876 229 thronum:

260 253 376 286 Pharao,
392 253 463 287 quod
477 255 536 279 erat
550 251 576 278 in
591 259 642 278 una
657 251 766 278 virtute.
776 250 832 278 Cur
845 255 935 280 autem
948 258 1044 278 secun-

261 302 324 326 dum
337 298 470 326 somnium
485 296 574 323 videt?
595 301 624 323 ut
639 297 729 323 discas
742 297 806 330 quia
827 301 904 331 urget
921 297 990 323 Deus
1016 300 1045 323 ut

261 348 355 379 parcat
369 342 534 370 hominibus.
549 340 692 372 Putabam,
707 340 803 374 inquit,
819 348 859 366 me
872 345 942 366 stare
966 339 1044 373 juxta

261 397 334 417 orant
343 389 470 424 ﬂuminis,
481 392 505 414 et
515 387 590 421 quasi
603 387 634 412 de
649 387 756 420 flumine
770 386 941 412 ascendebant
951 390 1045 418 septem

261 443 347 463 vacca:
361 435 448 461 electa:
462 433 596 462 carnibus,
613 432 688 458 bonte
704 436 820 466 aspectu,
837 436 861 458 ct
874 430 1046 462 pascebantur

262 481 297 508 ad
319 481 412 515 ripam.
436 479 469 506 Et
489 486 546 505 ecce
569 478 630 504 alite
651 484 746 510 septem
766 485 849 503 vacca:
874 475 1045 502 ascendebant

262 533 318 562 post
338 526 399 553 illas
424 525 457 551 de
472 524 591 558 flumine,
609 523 728 556 pessima:
749 528 772 549 et
789 526 876 556 turpes
888 527 1003 554 aspectu,
1021 525 1046 547 et

263 580 359 600 macra:
381 572 514 602 carnibus,
532 571 596 598 tales
613 570 703 605 quales
717 576 850 603 nunquam
876 568 927 594 uidi
947 567 974 593 in
994 571 1047 592 tota

262 617 378 652 Egypto
389 618 529 651 turpiores.
548 617 580 643 Et
597 618 783 643 devoraverunt
796 614 848 640 ὶιιω
855 618 950 647 septem
964 620 1047 639 vacca

263 672 358 690 mucrtc
372 669 397 690 et
413 669 500 697 turpes
517 668 611 696 septem
622 670 712 688 vaccas
726 661 805 687 bonas
817 663 841 686 et
857 659 960 690 electas,
976 662 999 684 et
1012 658 1049 683 in-

263 712 396 735 traverunt
418 710 445 734 in
466 713 564 735 ventres
584 715 691 737 earum;
708 711 732 732 et
747 713 799 731 non
812 709 954 739 paruerunt
978 703 1048 738 quod

263 756 412 782 introissent
435 755 463 780 in
488 759 587 780 rentres
611 760 712 783 earum,
727 757 813 785 turpes
827 751 893 777 sicut
916 753 990 776 erant
1015 748 1047 774 ab

263 801 350 828 initio.
367 800 483 834 Surgens
494 805 580 826 autem
596 807 688 826 rursus
711 799 834 828 dormivi.
847 802 871 824 et
885 798 936 824 vidi
952 797 1048 823 iterum

265 847 292 873 in
307 846 403 873 somnis
421 851 463 872 :et
479 846 553 880 quasi
563 850 659 877 septem
672 845 750 878 spica:
766 844 939 870 ascendebant
951 843 977 869 in
991 842 1050 876 fun-

1094 256 1139 284 ego
1152 253 1176 275 te
1187 256 1296 282 prwaro.
1312 247 1384 274 Dixit
1400 246 1506 273 Pharao
1523 247 1556 273 ad
1566 246 1663 281 Joseplt
1679 254 1688 273 :
1707 247 1773 274 Ecce
1785 249 1877 274 consti-

1094 299 1138 321 tuo
1150 299 1172 320 te
1195 294 1268 320 hodie
1279 301 1356 327 super
1367 301 1468 319 omnem
1484 297 1580 320 terram
1598 293 1718 328 Egypti,
1731 293 1825 326 facito,
1837 293 1878 320 in.

1094 339 1160 374 quit,
1174 344 1246 365 tuum
1257 338 1406 365 consilium.
1421 337 1486 370 Quis
1500 342 1524 365 te
1539 339 1705 372 sapientior?
1715 339 1772 374 quis
1787 343 1811 365 te
1820 346 1878 365 sen-

1095 385 1178 412 satior
1192 383 1353 418 ett/idelior?
1368 389 1391 410 te
1409 383 1476 410 enim
1491 383 1592 410 volebat
1608 383 1680 411 Deus
1694 389 1721 421 ιιι
1737 392 1820 419 supra
1836 386 1879 410 do-

1095 438 1165 456 mum
1183 438 1250 456 csses
1274 437 1368 461 meam,
1391 438 1468 464 super
1489 437 1588 456 omnem
1604 429 1702 456 scilicet
1722 429 1878 465 Egyptian.

1097 475 1219 510 Perﬁcito
1234 481 1308 502 tuum
1322 475 1470 506 consilium.
1493 483 1621 510 conregna
1638 476 1713 502 mihi.
1731 475 1790 502 Tibi
1812 477 1879 503 enim

1097 522 1163 548 dans
1180 521 1324 557 Egyptum
1338 522 1365 548 in
1377 526 1513 556 potestate,
1525 523 1623 549 habebo
1644 526 1669 549 te
1683 531 1784 549 mecum
1798 523 1826 549 in
1842 531 1881 550 re-

1098 575 1154 601 gem
1171 567 1205 594 ".
1222 567 1280 593 iam
1289 566 1449 599 consolatio,
1466 567 1522 602 jam
1536 566 1638 594 fructus
1654 567 1789 601 pudicitia:
1803 572 1880 594 erant

1097 612 1206 647 Joseph.
1218 612 1270 640 Sed
1284 620 1334 639 nec
1345 613 1371 639 in
1386 613 1428 640 his
1442 612 1529 640 factus
1540 614 1629 648 arguit
1638 613 1777 640 mulierem
1792 613 1880 648 impu-

1099 659 1216 689 dentem.
1225 666 1276 685 non
1286 658 1372 686 reddit
1382 659 1466 686 vicem
1479 669 1485 686 :
1498 664 1587 686 tamen
1603 659 1652 686 fuit
1663 659 1689 686 in
1699 658 1880 691 tribulatione,

1099 710 1126 732 et
1141 705 1167 731 in
1183 705 1228 731 tali
1245 705 1367 740 angustia
1383 709 1456 731 tanta
1469 703 1578 739 Joseph.
1595 704 1677 732 Jacob
1692 709 1781 732 autem
1795 705 1821 731 in
1834 704 1881 731 tri.

1100 751 1236 779 bnialione
1262 756 1330 783 erat,
1358 754 1385 777 et
1407 749 1462 783 jam
1483 758 1544 777 cum
1569 750 1623 785 (Η)
1640 750 1769 777 remissus
1785 750 1881 777 fuisset

1099 795 1198 831 Joseph
1215 804 1230 823 ει
1246 804 1364 824 carcere.
1377 796 1445 830 Quid
1462 803 1538 832 ergo,
1557 797 1646 823 dicent
1658 795 1755 827 Judaei,
1768 796 1814 823 ubi
1838 801 1879 823 est

1102 843 1205 870 fructus
1225 843 1431 876 promissionis?
1450 842 1477 869 Si
1502 843 1574 869 enim
1593 843 1643 869 ista
1671 847 1713 870 est
1732 843 1800 875 vita,
1818 842 1881 876 quid

264 894 298 920 do
314 901 366 920 uno
376 892 458 926 plentv
467 898 490 918 et
504 892 587 918 boum.
597 891 665 918 Alite
672 897 759 917 autent
771 895 867 923 septem
876 889 1050 922 spiccetenues
1066 887 1087 914 Β
1103 889 1153 916 hoc
1167 889 1199 915 ad
1212 888 1307 921 iacob,
1331 889 1376 924 qui
1393 889 1484 916 decem
1501 893 1528 916 et
1542 893 1643 923 septem
1660 888 1738 915 annis
1758 887 1829 915 luxit
1839 888 1883 915 Jo-

263 944 288 966 et
300 948 315 965 a
330 943 404 965 vento
420 943 548 970 corruptio
559 937 705 963 crescebant
719 935 797 969 juxta
811 942 854 960 eas
869 938 892 960 et
908 933 1049 967 glutierunt

264 991 357 1019 septem
374 985 452 1017 spicw
465 988 553 1010 tenues
566 987 589 1009 et
603 991 619 1009 a
632 987 706 1009 uento
721 985 862 1014 corrupta,
887 983 983 1013 septem
996 978 1045 1012 spi-

263 1040 307 1059 cas
320 1031 409 1066 plenas
422 1036 444 1057 et
456 1031 545 1056 bonas.
560 1029 622 1055 Dixi
631 1036 692 1063 ergo
703 1025 955 1060 interpretatoribus,
968 1028 992 1049 et
1001 1031 1051 1049 non

264 1077 315 1112 fuit
329 1077 374 1111 qui
386 1076 522 1102 dissereret
542 1075 616 1101 milii.
633 1073 665 1100 Et
682 1073 748 1099 dixit
768 1071 864 1104 Ioseph
876 1070 909 1096 ad
922 1069 1029 1096 Pharao
1041 1076 1051 1096 :

265 1121 402 1149 Somnium
421 1120 524 1147 Pharao
536 1128 616 1146 unnnt
629 1124 677 1146 est.
695 1118 862 1151 Qumcnnque
882 1115 950 1142 Deus
962 1117 1051 1149 faciet,

265 1167 379 1196 ostendit
407 1165 523 1192 Pharao.
548 1165 652 1200 Septem
668 1171 751 1191 vacca:
779 1163 853 1189 bona:
879 1166 974 1194 septem
988 1160 1052 1187 anni

264 1217 334 1238 sunt.
355 1212 492 1239 Somnium
508 1210 616 1237 Pharao
630 1217 710 1236 unum
726 1213 764 1235 est
780 1215 790 1234 :
811 1212 835 1234 et
855 1212 948 1242 septem
967 1214 1053 1233 uaccw

264 1265 361 1284 macrtr:
381 1265 440 1291 qua:
454 1255 625 1283 ascendebant
639 1260 696 1289 post
710 1262 766 1286 eas,
786 1258 884 1288 septem
904 1251 968 1278 anni
981 1256 1052 1277 sunt.

265 1302 300 1329 Et
315 1307 411 1336 septem
428 1303 506 1337 spica!
522 1306 610 1328 tenues
628 1306 651 1327 et
669 1309 685 1326 a
702 1305 774 1327 vento
793 1303 932 1333 corruptte,
957 1302 1053 1332 septem

265 1349 328 1375 anni
347 1352 418 1374 sunt.
439 1347 472 1374 Et
488 1348 534 1374 erit
546 1352 640 1380 septem
660 1346 736 1372 annis
755 1345 854 1380 fames:
867 1352 954 1371 verum
967 1348 1053 1370 autem

266 1394 336 1429 quod
354 1393 422 1419 dixit
441 1392 545 1419 Pharao
562 1400 571 1418 ε
588 1399 750 1426 quacunque
761 1390 829 1417 Deus
841 1390 930 1425 faciet,
943 1389 1053 1416 ostendit

266 1439 413 1467 Pharaoni.
431 1437 498 1464 Ecce
528 1441 624 1472 septem
643 1437 706 1463 anni
734 1436 836 1463 veniunt
853 1435 981 1462 ubertatis
995 1442 1053 1461 ma-

266 1493 326 1520 gnte
355 1485 382 1511 in
401 1484 471 1510 omni
493 1489 562 1510 terra
583 1482 703 1518 Egypti.
720 1481 784 1509 Post
801 1487 886 1508 autem
899 1481 998 1508 uenient
1012 1487 1055 1506 se-

266 1537 335 1567 ptem
353 1531 414 1557 anni
430 1531 508 1565 famis
524 1538 534 1557 :
555 1535 644 1564 postea
656 1529 839 1556 obliviscentur
860 1528 1002 1554 ubertatem
1026 1527 1054 1553 in

1101 935 1185 969 seph?
1198 939 1245 961 aut
1257 934 1290 961 ad
1307 935 1393 969 ipsum
1409 933 1523 970 Ioseph,
1543 935 1591 969 qui
1608 935 1653 961 vix
1677 934 1806 962 liberatus
1826 933 1883 962 est?

1103 983 1155 1010 Sed
1176 991 1265 1010 sermo
1286 983 1394 1018 quidem
1417 983 1553 1017 impletur,
1569 983 1704 1018 negotium
1721 987 1810 1010 autem
1826 984 1884 1010 sei--

1102 1033 1198 1056 vetnr:
1224 1029 1326 1056 licitum
1350 1029 1422 1057 enim
1439 1034 1480 1055 est
1498 1028 1576 1056 nobis
1590 1033 1617 1056 et
1630 1029 1754 1063 sequenti
1781 1028 1882 1063 perfrui

1102 1075 1155 1103 die.
1172 1075 1356 1102 Mensuremus
1370 1080 1458 1102 autem
1478 1080 1591 1109 tempus.
1612 1074 1779 1110 Decet,enim
1801 1073 1885 1108 gratis

1103 1122 1171 1149 dona
1185 1119 1419 1154 D'ei,utjejunent
1435 1121 1461 1147 in
1486 1126 1617 1155 tempore.
1639 1125 1666 1147 et
1691 1120 1834 1155 epulantur
1859 1119 1884 1146 in

1104 1172 1233 1201 tetnpore.
1253 1166 1367 1193 Tantum
1381 1171 1466 1194 estote
1485 1173 1617 1194 memores
1643 1167 1685 1193 ubi
1706 1166 1815 1193 (inimus
1830 1173 1885 1194 ser-

1103 1220 1228 1239 monem:
1247 1217 1276 1238 ιιι
1288 1212 1356 1239 sicut
1373 1212 1399 1238 hi
1415 1212 1461 1246 qui
1475 1211 1600 1239 alacriter
1615 1211 1788 1244 manducaui,
1810 1217 1838 1239 et
1855 1211 1886 1239 ob

1103 1256 1246 1293 Quamdam
1279 1258 1446 1286 occasionem
1472 1264 1647 1293 exsurgentes
1679 1266 1693 1285 a
1723 1266 1817 1285 mensa
1847 1258 1885 1285 ni-

1105 1310 1162 1331 tant
1176 1304 1231 1340 (42)
1257 1305 1307 1331 sibi
1331 1305 1452 1340 apposita
1467 1313 1475 1331 :
1490 1305 1526 1331 ita
1549 1309 1576 1332 et
1594 1312 1641 1332 vos
1657 1304 1783 1339 reliquias
1803 1304 1857 1331 alio
1871 1311 1886 1330 ι

1104 1351 1181 1378 nobis
1194 1351 1331 1384 exposcite
1346 1350 1400 1382 die,
1416 1358 1450 1377 ne
1463 1351 1525 1385 quid
1539 1356 1566 1378 et
1581 1350 1773 1377 intermisimus
1793 1359 1800 1377 :
1834 1358 1886 1378 non

1103 1396 1175 1424 cnim
1189 1396 1268 1424 decet
1280 1405 1328 1424 nos
1342 1397 1480 1424 venientes
1499 1397 1532 1423 ad
1548 1389 1756 1424 consolationem
1782 1396 1887 1429 mortis,

1104 1441 1257 1478 relinquere
1270 1441 1352 1469 Jacob
1367 1442 1393 1468 in
1414 1442 1487 1469 luctu
1502 1443 1535 1469 de
1551 1441 1622 1468 fama
1638 1442 1733 1469 mortis
1750 1441 1808 1468 ﬁlii.
1836 1441 1887 1468 Sed

1105 1487 1216 1515 rationis
1235 1493 1276 1515 est
1302 1493 1330 1514 et
1345 1488 1468 1522 sequenti
1490 1487 1671 1522 nosjungere,
1683 1492 1709 1514 et
1723 1488 1837 1515 miscere
1861 1487 1887 1514 in

1105 1534 1270 1562 alacritatem
1288 1534 1434 1569 lugentium
1445 1534 1500 1569 jam
1519 1541 1578 1562 esse
1596 1533 1818 1561 consolationem.
1832 1533 1887 1561 Non

267 1566 387 1604 universa
406 1577 532 1612 Egypto,
547 1581 571 1603 et
591 1581 721 1603 consumet
734 1576 815 1610 fames
831 1582 930 1601 omnem
945 1579 1050 1600 terram.

1106 1579 1215 1607 fuissem
1230 1587 1278 1607 vos
1303 1566 1398 1614 passus
1422 1566 1458 1606 ita
1486 1579 1633 1611 dimittere,
1657 1580 1744 1606 adhuc
1760 1579 1888 1607 sollicitus

268 1622 359 1658 Neque
373 1627 528 1657 agnoscetur
537 1622 641 1648 ubertas
656 1629 732 1655 super
743 1625 838 1646 terram
847 1628 902 1655 prce
912 1619 981 1653 fame
994 1627 1052 1654 quia

267 1668 356 1704 futura
371 1674 407 1694 est
426 1668 557 1702 posthwc.
578 1666 718 1694 Vehemens
728 1667 797 1694 enim
811 1666 860 1693 erit
873 1665 957 1692 valde.
976 1664 1052 1697 Quod

267 1720 355 1742 autent
373 1715 474 1742 iteravit
494 1714 624 1741 somnium
639 1712 747 1740 Pharao
762 1713 815 1745 bis;
830 1714 890 1748 quia
905 1720 990 1740 verum
1002 1712 1052 1738 erit

267 1763 373 1789 uerbum
391 1762 460 1796 quod
475 1768 512 1787 est
537 1769 553 1786 a
570 1759 636 1791 Deo,
658 1765 681 1786 et
696 1763 816 1794 properat
843 1758 914 1785 Deus
930 1762 958 1784 ut
971 1757 1052 1792 faciat

267 1808 326 1836 hoc.
348 1807 426 1835 Nunc
442 1815 502 1842 ergo
516 1807 620 1841 provide
641 1806 770 1832 hominem
784 1810 929 1835 sensatum,
943 1809 966 1830 et
985 1811 1054 1838 prte-

267 1862 334 1889 pone
357 1861 416 1880 eum
439 1860 516 1887 super
540 1851 699 1887 Egyptum,
727 1856 750 1878 et
779 1851 859 1885 faciat
878 1849 996 1881 Pharao,
1027 1853 1053 1875 et

268 1904 401 1934 praponat
412 1899 528 1924 locorum
536 1898 666 1931 principes
676 1905 755 1932 super
769 1902 877 1927 terram,
888 1895 933 1931 qui
948 1895 1053 1930 quintus

268 1945 355 1979 exigat
375 1944 430 1979 (40)
457 1943 658 1978 omnis'fructus
671 1948 748 1970 terrte
761 1942 871 1977 (Egypti
887 1947 983 1976 septem
1003 1949 1053 1967 an—

270 1998 363 2017 norum
383 1991 519 2022 ubertatis,
538 1995 562 2017 et
586 1990 710 2024 colligant
732 1997 819 2016 omnes
836 1988 939 2025 fructus
957 1991 1054 2021 septem

269 2028 398 2062 annorum
415 2025 573 2062 venientium
594 2035 689 2061 horum
708 2034 835 2060 bonorum
851 2038 898 2060 :et
915 2032 1054 2068 colligatur

269 2080 430 2116 frumentum
442 2082 488 2107 sub
501 2089 580 2107 manu
596 2079 702 2107 Pharao
722 2087 729 2094 ’
744 2084 769 2106 et
788 2087 854 2106 escae
865 2080 891 2106 in
905 2079 1053 2106 civitatibus

268 2128 453 2154 custodiantur
468 2134 476 2152 ;
491 2133 514 2153 et
523 2128 575 2166 sint
587 2135 652 2154 esca
668 2134 725 2161 qua:
736 2126 871 2153 custodita:
888 2125 984 2160 fuerint
1001 2129 1054 2151 ter-

269 2180 318 2205 rae,
332 2171 359 2198 in
373 2176 468 2206 septem
479 2180 560 2199 annos
569 2172 647 2207 famis
663 2180 721 2207 quia
733 2172 783 2199 erit
797 2172 826 2198 in
840 2176 910 2198 terra
923 2170 1032 2206 Egypti
1044 2177 1053 2196 :

269 2224 293 2245 et
308 2226 360 2244 non
376 2218 592 2245 exterminabitur
615 2224 686 2245 terra
705 2226 722 2245 a
746 2217 828 2252 fame.
843 2216 878 2243 Et
899 2216 1054 2251 placuerunt

269 2266 324 2291 lucc
352 2264 429 2291 verba
456 2269 517 2290 ante
542 2263 660 2296 Pharao,
683 2267 708 2290 et
731 2263 851 2290 omnibus
872 2263 960 2297 pueris
986 2262 1052 2289 suis.

269 2310 397 2345 Nunquid
415 2311 572 2337 inveniemus
592 2310 722 2336 hominem
735 2309 814 2335 talem
828 2309 873 2344 qui
889 2309 966 2336 habet
975 2310 1055 2343 spiri-

267 2360 323 2381 tum
337 2354 384 2381 Dei
392 2354 420 2381 in
433 2355 479 2381 se?
492 2354 526 2381 Et
538 2354 606 2381 dixit
619 2352 726 2380 Pharao
741 2353 775 2380 ad
786 2353 883 2387 Ioseph
898 2361 908 2380 :
922 2353 1054 2386 Quoniam

271 2399 439 2426 ostendittibi
453 2400 521 2427 Deus
536 2400 624 2426 omnia
633 2400 700 2433 hinc,
717 2408 768 2427 non
783 2404 821 2426 est
842 2399 890 2426 tibi
900 2399 976 2426 homo
991 2407 1055 2430 pru-

270 2446 384 2478 dentior,
400 2454 446 2474 nec
460 2446 590 2473 sensatior
602 2451 627 2474 te
635 2453 645 2472 .'
653 2451 682 2473 tu
692 2446 742 2474 eris
750 2454 829 2481 super
843 2446 950 2473 domum
958 2453 1054 2477 meam,

305 2535 329 2552 ⁸⁸
347 2534 415 2562 Gen.
428 2542 482 2568 stt,
501 2534 583 2562 17-41

306 2613 364 2676 80)
383 2613 490 2657 bisigat.
502 2613 583 2645 Forte
597 2612 713 2652 exigant:

339 2650 364 2676 lt
383 2649 415 2676 ιιι
433 2657 487 2676 tam
499 2656 569 2676 cum.
585 2646 666 2676 Forte
678 2654 712 2675 cn

339 2646 364 2684 l}
383 2649 415 2676 Et
428 2646 487 2683 iam
499 2656 569 2676 cum.
585 2646 666 2676 Forte
678 2647 757 2675 etiam
774 2653 842 2674 cum.

1105 1630 1215 1661 propter
1231 1625 1314 1653 Jacob
1327 1626 1470 1661 lugentem.
1486 1625 1553 1658 Quia
1574 1625 1654 1660 igitur
1672 1626 1817 1661 incipimus
1830 1633 1888 1661 per-

1106 1671 1229 1698 mittente
1247 1669 1301 1698 Deo
1320 1675 1347 1697 et
1360 1670 1530 1705 probationes
1543 1670 1577 1697 de
1600 1670 1799 1697 resurrectione
1826 1677 1888 1698 con-

1103 1714 1225 1750 jungere,
1240 1714 1294 1749 jam
1310 1715 1388 1742 [idem
1398 1715 1573 1751 praecedentis
1583 1716 1715 1743 sermonis
1725 1715 1888 1743 conﬁdentes

1105 1761 1254 1795 epulemur.
1269 1768 1322 1788 non
1344 1769 1404 1788 cum
1434 1764 1564 1789 mortuis:
1585 1768 1679 1788 omnes
1695 1762 1766 1788 enim
1787 1762 1888 1789 vivunt.

1106 1805 1164 1834 Non
1184 1807 1256 1833 cnim
1279 1807 1401 1834 venimus
1415 1806 1448 1834 ad
1475 1812 1658 1840 monumenta,
1684 1807 1730 1834 sed
1752 1808 1787 1835 ad
1804 1807 1889 1835 locum

1106 1852 1363 1885 commendationis;
1380 1860 1432 1880 non
1447 1853 1571 1881 venimus
1584 1853 1618 1880 ad
1644 1858 1776 1890 mortuos.
1792 1854 1839 1880 sed
1858 1853 1889 1880 sd

1107 1899 1249 1927 viventes:
1276 1904 1478 1926 commouentes
1500 1899 1677 1934 nosmetipsos
1701 1906 1747 1934 per
1767 1907 1799 1927 ea
1833 1907 1889 1934 (μη

1107 1945 1221 1973 iacimus
1235 1952 1307 1980 spem
1318 1945 1401 1979 ipsius
1410 1945 1623 1972 resurrectionis.
1634 1945 1698 1972 Laeti
1706 1945 1889 1977 convenimus,

1107 1991 1192 2025 majus
1205 1992 1351 2026 gaudentes
1376 1990 1545 2023 recedimus;
1568 1991 1602 2017 ita
1627 1991 1697 2018 enim
1717 1991 1890 2022 conﬁdimus,

1107 2036 1168 2070 quia
1183 2042 1363 2071 resurgemus,
1377 2035 1439 2069 quia
1454 2039 1481 2062 et
1504 2035 1556 2062 ista
1578 2035 1718 2062 credentes
1729 2035 1889 2066 iactabimur.

1109 2080 1241 2109 Habemus
1259 2086 1348 2109 autem
1361 2082 1526 2110 reconditum
1539 2089 1691 2109 sermonem
1706 2081 1784 2108 nobis
1798 2086 1891 2109 osten-

1107 2127 1226 2159 dentem,
1251 2134 1313 2162 spes
1337 2130 1399 2162 quia
1421 2134 1463 2156 est
1482 2128 1623 2163 religiosis.
1654 2127 1756 2162 Etiam
1784 2128 1892 2162 quidem

1107 2177 1244 2200 ostensum
1257 2178 1298 2200 est
1317 2182 1331 2200 a
1347 2174 1420 2209 justo
1437 2174 1507 2203 Deo:
1518 2178 1606 2201 tamen
1621 2173 1682 2207 quia
1696 2179 1776 2200 vocat
1790 2178 1891 2209 tempus

1108 2226 1158 2247 nos
1175 2219 1248 2246 reﬁci
1266 2219 1372 2252 debere,
1390 2220 1536 2255 gratiarum
1562 2219 1682 2247 actiones
1701 2216 1892 2254 consignantes

1108 2265 1218 2292 verbum
1230 2264 1341 2300 gloriam
1358 2265 1505 2293 referamus
1518 2266 1613 2293 viventi
1627 2271 1653 2293 et
1664 2265 1734 2293 bono
1745 2270 1774 2293 et
1791 2274 1857 2294 vero
1868 2271 1892 2293 et

1107 2310 1252 2338 viviﬁcanti
1264 2310 1327 2338 Iesu
1335 2311 1458 2339 Christo:
1471 2319 1518 2346 per
1525 2319 1604 2347 quem
1618 2317 1659 2339 est
1676 2312 1729 2339 Deo
1746 2312 1820 2340 Patri
1835 2320 1893 2340 cum

1108 2356 1211 2391 Spiritu
1224 2361 1320 2384 sancto
1333 2358 1418 2392 gloria
1433 2362 1461 2384 et
1472 2358 1568 2390 honor,
1590 2358 1742 2393 imperium,
1757 2357 1894 2392 maiestas,

1108 2406 1135 2430 et
1153 2409 1224 2430 nunc
1239 2407 1267 2430 et
1279 2410 1396 2438 semper.
1407 2408 1434 2431 et
1442 2411 1490 2440 per
1502 2404 1593 2432 omnia
1609 2404 1707 2432 saecula
1723 2403 1892 2433 seculorum.

1108 2446 1204 2474 Amen.

1145 2610 1201 2673 ft?)
1220 2610 1322 2638 Nitant.
1339 2610 1420 2640 Forte
1431 2612 1542 2646 nictaat,
1562 2612 1622 2641 dum
1637 2611 1742 2640 scilicet
1753 2611 1789 2640 sd
1803 2612 1890 2648 epulas

1154 2652 1222 2673 ictas
1237 2651 1358 2673 resoccta
1364 2651 1402 2673 nt.

1113 2651 1222 2676 relictas
1237 2651 1402 2682 respectant.
