2024 3208
150 189 219 219 1095

675 181 720 208 DE
738 177 1035 208 RESURBECTIONE.
1055 193 1089 198 —
1107 174 1170 204 LIB.
1191 176 1223 204 ΙΙ,

1697 176 1710 203 1
1715 176 1767 204 ΟΜ

153 250 1750 279 ——_—_—————-————‘—-“-—.———_—

692 342 874 387 LIBER
897 337 1229 385 SECUNDUS.

187 529 326 558 Laetamur
340 527 447 564 quidem
459 525 522 553 coeli
537 525 571 553 do
591 524 735 552 festivitate
751 522 887 557 praesenti,
910 521 935 548 in
951 525 974 554 Α
989 529 1049 557 quae
1063 526 1125 548 ante
1141 527 1247 548 crucem
1262 518 1331 546 facta
1348 523 1411 546 sunt
1428 519 1472 553 qui
1498 518 1547 546 fuit
1558 520 1675 547 ostendit
1689 528 1696 547 :
1713 525 1771 555 post

151 585 204 612 qua
217 574 358 603 Dominum
374 578 515 605 suscepere
529 570 657 597 victorem
677 577 683 595 :
704 569 809 595 laetatur
819 571 846 595 et
862 574 939 594 exer-

152 623 222 649 citus
231 619 386 654 angelorum
398 617 547 651 suscipiens
559 614 735 642 cumvlct0ria
750 621 837 649 regem
849 622 855 640 :
866 612 940 639 Leta-

154 673 196 694 tur
209 671 236 694 et
248 665 292 701 qui
305 665 404 700 genuit,
419 668 446 690 et
456 663 530 690 misit
543 661 623 688 Pater
633 668 647 687 a
660 660 761 687 dextris
770 659 825 686 suis
836 658 939 685 habens

154 713 342 741 charissimum
361 709 469 741 Filium,
483 716 530 743 per
543 715 620 742 quem
633 712 737 734 mortua
750 705 856 740 quidem
869 712 940 731 mors

153 761 209 796 (43)
227 765 277 791 est,
297 761 422 792 corrupta
435 760 523 782 autem
537 759 578 781 est
595 753 757 788 corruptela,
767 758 793 780 et
804 752 940 779 destructa

152 814 194 835 εει
205 805 304 834 diaboli
321 803 454 840 Iyrannia,
471 800 599 828 etsalvati
611 804 673 827 sunt
687 800 819 832 homines,
835 803 861 825 et
876 805 941 830 gau-

152 853 225 880 dium
241 854 402 884 acceperunt
415 848 510 883 angeli.
529 847 585 874 Non
600 852 640 874 est
650 854 745 880 passus
757 849 845 871 autem
856 842 941 877 Spiri-

155 904 195 926 tus
207 895 386 925 sanctuszsed
399 902 445 929 per
452 894 570 921 omnium
584 892 721 919 hominum
731 891 836 926 linguas
847 889 940 916 victori

153 942 248 969 obtulit
257 940 430 973 laudes.Quia
437 938 506 965 enim
513 939 631 965 omnium
640 937 788 972 linguarum
796 934 940 966 eratsalus,

154 988 212 1015 ideo
221 987 292 1014 omni
308 986 397 1020 lingua
410 991 456 1019 per
463 991 510 1010 ora
523 983 703 1017 apostolorum
720 981 823 1008 locutus
835 985 875 1007 est
885 978 942 1015 Spi-

155 1035 231 1060 ritus.
246 1033 277 1059 lit
290 1031 388 1059 exinde
399 1030 454 1065 jam
468 1030 680 1062 vocabnlgenles
693 1035 740 1062 per
755 1027 940 1054 initiamenta:

155 1079 318 1114 imptebatur
331 1081 420 1103 autem
441 1082 467 1103 et
478 1075 654 1110 praecedentis
675 1073 827 1101 festivitatis
841 1071 940 1098 laetitia.

154 1124 257 1151 Pascha
280 1123 350 1149 enim
374 1121 528 1148 festivitatis
545 1119 637 1146 mortis
657 1121 853 1146 sacramentum
872 1116 897 1143 in
913 1122 943 1142 se

157 1169 375 1199 continens,tunc
386 1165 726 1200 recipiebatfructum,cum
740 1162 943 1190 fiebatrecursio

155 1213 258 1240 Domini
273 1212 305 1238 ad
329 1211 420 1238 caelos.
433 1210 489 1238 Non
500 1210 570 1237 enim
579 1209 686 1235 venitut
697 1208 813 1234 moriens
827 1213 944 1233 morere-

155 1261 211 1286 tur.
219 1257 265 1284 sed
276 1261 303 1282 nt
312 1263 357 1282 eos
365 1256 407 1289 qui
418 1256 514 1282 mortui
525 1254 629 1281 fuerant
637 1253 739 1279 vivilica
745 1257 793 1279 ret.
803 1251 940 1278 Laetamur

157 1304 237 1338 igitur
244 1302 333 1330 omnia
346 1311 353 1328 -.
365 1301 431 1328 forte
440 1305 568 1328 autemet
583 1304 704 1327 creatura
714 1308 719 1324 :
729 1298 828 1325 clarior
835 1297 905 1324 cnim
915 1301 942 1324 et

154 1350 196 1376 sol
217 1354 275 1381 est,
298 1347 443 1375 secundum
461 1353 578 1382 pra-setis
595 1346 645 1372 hoc
669 1350 772 1378 tempus
794 1343 942 1375 :nrolixior

157 1396 263 1422 enimet
274 1394 362 1420 lumen
372 1393 484 1420 habetur
495 1391 550 1428 (Η)
562 1399 568 1418 :
581 1396 608 1418 et
617 1391 736 1418 omnium
746 1391 893 1424 completus
901 1393 942 1416 est

156 1441 263 1468 fruetus
280 1449 287 1467 τ
301 1445 329 1467 et
340 1439 512 1467 consentiunt
531 1437 617 1465 ofﬁcia
635 1435 837 1471 dispensationi.
852 1435 942 1461 Soluta

160 1491 250 1514 autem
265 1486 340 1512 nobis
360 1489 401 1512 est
419 1489 446 1512 et.
465 1484 597 1511 sententia
613 1492 619 1509 :
643 1487 766 1510 revocata
794 1486 835 1508 est
852 1486 943 1508 nostra

159 1531 295 1560 restitutio
315 1539 322 1557 :
339 1530 489 1557 obedientia
509 1529 580 1555 enim
599 1528 721 1559 veniens,
741 1526 941 1559 pr:evaricatio-

161 1579 204 1605 nis
217 1584 314 1612 .pteuas
327 1577 403 1610 ejeeit
417 1585 425 1602 :
445 1574 545 1609 iustitia
558 1574 757 1600 subintroducta
775 1571 943 1606 iniquitatem

161 1623 405 1659 repulitzvcniens
430 1623 483 1648 vita
509 1625 622 1647 tuortem
653 1617 845 1645 mortificavit:
872 1616 943 1643 Deus

161 1669 327 1696 descendens
350 1667 484 1695 hominem
510 1665 634 1701 perduxit
651 1664 685 1691 ad
710 1663 802 1690 C(BIOS.
822 1662 945 1696 Undique

163 1715 244 1748 igitur
268 1714 383 1749 fulgores
412 1711 564 1739 festivitatis
588 1710 724 1737 lucescant
745 1708 811 1744 (45).
832 1708 944 1736 Sursum

162 1762 249 1794 chori,
284 1762 309 1787 in
339 1765 410 1787 terra
441 1758 548 1785 lattitiaa.
583 1756 702 1783 Tristant
734 1755 801 1781 bona
830 1754 944 1785 malum,

163 1807 235 1841 luget
262 1805 436 1839 semetipsum
466 1802 608 1830 diabolus:
632 1801 709 1828 decet
739 1801 809 1827 enim
824 1807 885 1826 eum
907 1799 946 1825 lu-

159 1859 220 1880 ctus
234 1860 316 1878 suus:
335 1851 427 1884 lugent
444 1849 532 1876 adhuc
545 1854 629 1882 usque
641 1848 787 1878 dazniones,
803 1850 829 1872 et
843 1849 945 1871 semet-

164 1900 235 1934 ipsos
247 1898 395 1932 deplorant.
417 1896 532 1923 Tantum
558 1894 629 1922 enim
652 1897 681 1919 ιιι
705 1892 842 1919 nominata
866 1890 947 1917 fuerit

162 1952 239 1977 crux,
260 1946 409 1977 agnoscunt
431 1942 548 1976 plagam,
566 1945 593 1966 et
614 1947 668 1966 non
684 1937 815 1965 salierunt
837 1944 945 1964 nomen.

162 1990 197 2017 Et
213 1997 247 2017 ne
262 1989 321 2024 quis
346 1993 420 2023 putet
440 1988 552 2015 oblitum
577 1993 618 2012 me
635 1985 718 2012 fuisse
735 1984 867 2011 hesterna:
886 1990 947 2017 pro-

165 2035 302 2063 missionis
316 2041 394 2066 mote;
411 2033 620 2069 promiseramus
634 2031 706 2057 enim
721 2030 751 2057 de
769 2029 947 2056 resurrectio-

162 2089 199 2109 ne
227 2082 316 2109 dicere
336 2080 415 2112 heri;
442 2077 604 2114 exposcebat
630 2076 703 2103 enim
730 2080 844 2110 tempus.
871 2074 949 2102 Sicut

163 2128 237 2155 enim
265 2127 323 2154 heri
338 2126 370 2153 de
387 2124 584 2153 resurrectione
609 2128 696 2150 motus
716 2127 758 2149 est
777 2129 867 2149 sermo
883 2130 891 2148 :
909 2120 947 2147 ita

164 2175 228 2208 quia
245 2172 378 2200 festivitas
403 2176 554 2204 regressum
581 2168 686 2195 Domini
709 2166 821 2201 requirit
845 2165 877 2192 ad
901 2165 950 2192 Pa-

167 2225 246 2246 trem.
264 2217 401 2245 Firmatnr
422 2220 510 2242 autem
537 2213 675 2241 hominum
692 2211 869 2242 resurrectio,
888 2218 948 2237 cum

166 2264 320 2300 apparuerit
344 2260 428 2289 Filius
451 2267 575 2288 reversus
598 2259 632 2286 ad
656 2257 776 2285 Patrem.
803 2256 838 2283 Et
865 2256 950 2289 majus

166 2310 270 2338 ostendi
276 2309 394 2343 turquod
401 2306 565 2343 propositttm
571 2309 623 2338 est,
631 2312 691 2332 eum
700 2302 855 2338 apparuerit
863 2309 952 2330 resur-

167 2356 252 2383 rectio
266 2355 322 2389 ejus
333 2354 378 2390 qui
393 2352 533 2381 suscitavit
547 2351 614 2388 μϐ).
629 2350 766 2386 Siquidem
775 2349 952 2384 etApostolus

167 2402 261 2430 volens
271 2401 414 2430 ostendere
432 2399 491 2434 quia
506 2403 650 2433 resurgunt
664 2397 796 2428 homines,
812 2395 845 2422 ad
863 2402 953 2422 resur.

170 2449 318 2477 rectionem
337 2447 441 2474 Domini
464 2445 614 2472 transmisit
631 2451 707 2470 suum
734 2449 902 2473 sermonem,
926 2445 954 2468 et

170 2494 256 2522 dixit:
272 2493 301 2520 Si
316 2492 488 2527 compatimur
500 2496 527 2517 ut
542 2495 566 2518 et
580 2489 659 2517 simul
679 2489 854 2524 gloriﬁcemur
865 2487 898 2514 '°.
921 2486 952 2515 Si

989 573 1103 596 mortem
1127 572 1214 594 autem
1243 565 1375 592 mirabilia
1392 573 1452 599 qute
1473 573 1521 599 per
1542 566 1676 600 apostolos
1701 565 1771 593 facta

988 619 1062 645 sunt,
1080 613 1243 641 confirmant
1264 613 1326 646 quia
1343 611 1388 646 qui
1412 617 1534 639 mortuus
1555 615 1597 638 cst
1624 613 1772 639 resurrexit

989 665 1017 687 et
1032 659 1108 686 vivit.
1127 658 1203 687 Unde
1214 662 1241 685 et
1256 657 1357 691 majora
1372 662 1477 685 servata
1493 662 1555 685 sunt
1567 657 1701 686 mirabilia
1713 663 1773 693 post

990 709 1114 736 mortem,
1127 712 1206 738 qttam
1219 711 1250 731 ca
1267 711 1326 738 rpite
1335 708 1398 730 ante
1414 708 1527 731 mortem
1539 707 1601 731 sunt
1613 705 1691 732 facta.
1705 704 1773 738 Quia

990 752 1062 779 enim
1079 750 1263 778 incredibilior
1284 751 1448 778 resurrectio
1464 750 1567 778 Domini
1593 751 1678 786 magis
1691 759 1772 785 quam

994 797 1126 825 adventus
1139 797 1195 831 ejus
1209 797 1234 824 in
1253 797 1364 829 mundo,
1378 797 1479 831 majora
1498 805 1602 824 servata
1622 804 1683 825 sunt
1699 798 1774 824 testi-

990 844 1041 871 bus
1067 843 1272 871 resurrectionis
1288 843 1432 876 mirabilia,
1458 847 1687 877 utagnosceretur
1704 843 1772 878 (ιδ’)

991 891 1054 926 quia
1070 895 1190 917 mortuus
1203 890 1312 925 quidem
1331 894 1381 922 est,
1397 890 1442 917 sed
1460 889 1650 917 resurrexitob
1665 890 1774 925 dispen-

991 936 1134 968 sationem,
1147 936 1212 963 vivit
1228 940 1316 962 aulem
1338 940 1447 971 propter
1463 936 1598 962 virtutem.
1621 935 1686 969 Quis
1701 936 1774 963 enim

992 991 1074 1011 ausus
1087 988 1129 1010 est
1145 983 1246 1014 dicere,
1260 982 1322 1017 quia
1341 989 1395 1010 non
1411 981 1560 1009 resurrexit
1575 982 1710 1014 Christus,
1728 984 1775 1008 aut

992 1028 1238 1063 eonfessihiles(47)
1250 1028 1361 1059 inimici,
1373 1032 1419 1054 aut
1432 1028 1489 1054 licti
1504 1027 1601 1054 amici?
1618 1026 1699 1054 Putas
1708 1035 1775 1062 gen-

993 1075 1053 1103 tiles
1067 1075 1202 1101 audebunt
1219 1074 1310 1101 dicere
1323 1073 1386 1108 quia
1404 1077 1527 1100 mortuus
1543 1077 1584 1099 est
1605 1077 1631 1099 et
1655 1080 1707 1099 non
1724 1079 1775 1098 re-

993 1120 1130 1148 surrexit?
1142 1120 1198 1146 Non
1217 1128 1308 1154 quer
1325 1119 1388 1154 quid
1413 1119 1516 1152 dicant,
1531 1119 1578 1146 sed
1592 1119 1655 1153 quid
1670 1118 1776 1152 patian-

996 1171 1046 1194 tur.
1061 1166 1088 1193 Si
1108 1167 1178 1193 enim
1192 1171 1263 1193 stant
1274 1173 1367 1193 eorum
1383 1166 1491 1200 templa,
1505 1173 1557 1192 non
1571 1165 1728 1192 resurrexit.
1745 1163 1774 1191 Si

958 1201 979 1228 Β
995 1221 1048 1241 non
1063 1213 1204 1244 destruxit,
1221 1213 1244 1239 si
1258 1220 1311 1239 non
1323 1211 1436 1239 conﬂata
1447 1217 1508 1239 sunt
1526 1219 1620 1238 eorum
1632 1210 1775 1238 simulacra

992 1264 1051 1293 post
1066 1266 1185 1289 crucem,
1203 1266 1255 1285 non
1271 1258 1430 1290 resurrexit,
1442 1258 1486 1292 qui
1498 1258 1587 1292 arguit
1601 1265 1630 1284 ea
1646 1265 1704 1292 qua:
1720 1264 1773 1284 ιιοιι

992 1306 1096 1332 vivunt.
1111 1304 1140 1332 Si
1155 1312 1207 1332 non
1219 1305 1392 1338 increpantur
1407 1303 1516 1330 nomine
1533 1303 1620 1330 crucis
1630 1310 1724 1330 eorum
1737 1302 1775 1329 dii

991 1357 1019 1379 et
1034 1352 1179 1383 daemones,
1203 1359 1254 1378 nou
1280 1351 1428 1378 resurrexit
1446 1349 1491 1384 qui
1513 1350 1556 1377 his
1572 1350 1617 1384 qui
1635 1357 1687 1376 non
1712 1353 1776 1376 sunt

994 1398 1122 1425 terribilis
1151 1397 1287 1424 habetur:
1307 1397 1471 1423 confitentur
1496 1396 1568 1423 enim
1586 1400 1614 1423 et
1640 1397 1776 1422 diemonel

994 1454 1221 1481 resurrectionem
1237 1453 1349 1481 Christi.
1365 1453 1414 1486 Qui
1432 1453 1503 1480 enim
1525 1453 1698 1483 exoreizant,
1715 1459 1777 1478 oru-

995 1508 1053 1527 cem
1067 1500 1172 1527 Domini
1187 1500 1338 1532 nominant,
1360 1504 1387 1526 et
1409 1498 1633 1527 resurrectionem
1655 1505 1662 1524 :
1682 1502 1709 1524 et
1728 1504 1777 1524 no-

996 1547 1068 1573 mine
1083 1546 1142 1580 ejus
1156 1546 1202 1580 qui
1221 1550 1344 1572 mortuus
1361 1549 1402 1572 est
1418 1551 1446 1572 et
1469 1545 1618 1572 resurrexit
1633 1544 1776 1577 increpan-

997 1594 1045 1621 tes,
1062 1597 1115 1615 non
1128 1593 1157 1614 ut
1174 1588 1358 1614 inobedientes
1377 1591 1422 1613 aut
1447 1587 1661 1614 contradicentes
1678 1585 1778 1612 habent

996 1635 1143 1666 daemones.
1161 1635 1207 1662 sed
1222 1633 1397 1660 obaudientes
1414 1637 1440 1659 et
1462 1632 1661 1659 consentientes
1688 1639 1779 1658 resur-

996 1681 1151 1708 rectionem.
1180 1680 1232 1706 Sed
1259 1678 1342 1706 Judaei
1371 1678 1495 1705 dubitant
1520 1678 1553 1705 de
1580 1676 1778 1703 resurrectione

996 1726 1107 1754 Christi.
1125 1725 1233 1753 Utinam
1249 1733 1302 1751 non
1324 1725 1487 1756 dubitarent,
1507 1728 1536 1751 ιιι
1551 1728 1578 1750 et
1592 1723 1641 1757 ipsi
1654 1729 1778 1757 resurge-

998 1777 1057 1799 reut
1072 1779 1087 1798 a
1107 1770 1225 1806 peccatis
1238 1770 1304 1800 suis.
1330 1771 1356 1797 in
1372 1770 1470 1804 quibus
1491 1768 1587 1795 mortui
1601 1773 1629 1794 et
1643 1775 1705 1795 vere
1717 1772 1779 1794 sunt

997 1817 1095 1844 mortui
1105 1818 1112 1843 l
1124 1817 1152 1844 Si
1165 1821 1252 1843 autem
1262 1816 1399 1846 dubitant,
1409 1813 1549 1841 ostendant
1558 1812 1692 1840 civitatem
1703 1818 1777 1838 suam

960 1874 981 1902 ο
998 1866 1055 1897 post
1071 1869 1101 1888 ea
1117 1868 1176 1896 qua:
1189 1860 1246 1887 ausi
1263 1864 1336 1892 sunt,
1354 1863 1480 1886 stantem.
1507 1857 1540 1884 Et
1553 1862 1616 1882 vere
1639 1854 1684 1888 qui
1698 1861 1779 1880 .mor-

999 1913 1059 1934 tuus
1072 1911 1113 1934 est
1128 1911 1249 1934 mortuus
1265 1910 1316 1937 est,
1337 1905 1399 1940 quia
1414 1908 1486 1931 stant
1499 1902 1544 1938 qui
1558 1900 1702 1928 aﬂixerunt
1715 1906 1778 1926 cru-

997 1953 1032 1980 ci.
1046 1953 1074 1980 Si
1091 1957 1180 1980 autem
1195 1951 1302 1979 deserta
1317 1956 1358 1978 est
1377 1950 1473 1978 civitas
1494 1950 1528 1976 ob
1545 1947 1684 1976 audaciam
1708 1946 1777 1972 ineo

997 1999 1093 2030 larunt.
1106 1998 1152 2033 qui
1170 2002 1230 2032 post
1248 2001 1360 2024 mortem
1375 1995 1479 2024 cruciat
1494 2002 1540 2022 eos
1555 1994 1618 2028 quia
1635 1995 1710 2023 sunt,
1732 1990 1785 2017 ιιιίε

997 2050 1050 2079 que
1062 2043 1154 2070 vivens
1165 2043 1191 2069 id
1207 2042 1286 2078 gerit.
1300 2042 1330 2069 Si
1342 2048 1393 2068 non
1402 2041 1485 2068 servit
1498 2047 1590 2067 eorum
1603 2044 1680 2074 gens,
1692 2036 1713 2064 si
1726 2043 1779 2063 non

998 2092 1200 2116 excusaverunt
1215 2095 1294 2116 suum
1313 2095 1420 2123 regem,
1444 2087 1466 2114 si
1490 2091 1532 2114 est
1550 2093 1611 2114 cum
1628 2084 1694 2120 ipsis
1718 2090 1782 2118 pro-

999 2135 1098 2169 pheta;
1116 2141 1168 2161 non
1184 2138 1224 2161 est
1251 2133 1338 2161 factus
1353 2133 1441 2160 exitus
1455 2131 1652 2167 praedicationis
1667 2129 1783 2164 prophe-

1001 2185 1099 2206 tarum.
1116 2179 1145 2205 Si
1163 2184 1252 2206 autem
1268 2179 1365 2206 civitas
1376 2186 1470 2206 eorum
1485 2177 1590 2205 deserta
1602 2180 1653 2208 est,
1661 2175 1683 2202 si
1699 2173 1785 2201 altare

997 2224 1054 2260 jam
1068 2231 1120 2251 non
1136 2229 1177 2251 est
1191 2224 1241 2256 eis,
1267 2232 1317 2251 non
1335 2224 1472 2255 sacerdos,
1491 2230 1543 2249 non
1567 2228 1625 2253 rex,
1651 2227 1702 2246 non
1721 2225 1782 2252 pro-

1001 2269 1091 2302 pheta.
1111 2275 1163 2295 non
1178 2268 1304 2303 spiritus;
1317 2275 1366 2303 per
1377 2275 1456 2302 quem
1473 2265 1542 2293 ista?
1558 2264 1585 2291 Si
1602 2267 1692 2290 autem
1705 2266 1733 2288 et
1744 2261 1784 2288 di-

1001 2317 1076 2339 catur
1089 2316 1123 2339 ab
1139 2313 1178 2340 eis
1195 2313 1371 2348 impudenter,
1395 2312 1456 2346 quia
1470 2311 1606 2339 civitatem
1631 2314 1722 2335 eorum
1736 2306 1785 2333 de-
1814 2316 1816 2318 ·

1001 2361 1159 2384 struxerunt
1183 2358 1325 2390 homines;
1342 2361 1431 2384 utrum
1451 2355 1616 2383 concedente
1633 2353 1687 2379 Deo
1703 2356 1732 2379 et
1747 2351 1784 2378 ita

1002 2402 1184 2437 permittente,
1203 2402 1287 2438 magis
1303 2406 1394 2429 autem
1416 2398 1590 2434 indignante?
1602 2397 1695 2424 dicant
1720 2403 1786 2423 cau-

1003 2433 1059 2473 sam
1085 2433 1196 2480 peccati.
1213 2433 1295 2474 Puias
1308 2451 1416 2482 propter
1431 2433 1631 2472 idololatriatn?
1657 2446 1685 2469 et
1712 2433 1804 2482 certe!

1003 2500 1074 2520 nunc
1089 2493 1158 2520 idola
1173 2500 1226 2520 non
1246 2476 1346 2520 colunt.
1364 2491 1417 2519 Sed
1433 2491 1496 2526 quia
1518 2490 1663 2524 prophetas
1676 2487 1786 2515 oecide-

168 2541 266 2568 mortui
284 2548 335 2566 mm
349 2541 498 2573 resurgunt,
514 2544 594 2572 neque
615 2535 735 2562 Christus
748 2534 890 2561 resurrexit
904 2533 925 2549 "
943 2543 950 2561 :
969 2545 992 2572 υ
1006 2542 1068 2565 rum
1096 2538 1258 2573 aliquando?
1274 2542 1302 2565 ει
1329 2542 1402 2565 εει-ιε
1427 2544 1488 2564 cum
1514 2543 1560 2563 eos
1590 2533 1787 2563 interﬁcerent.

170 2590 201 2613 ut
215 2592 248 2613 ex
261 2585 316 2612 hoc
329 2583 499 2611 manifestum
515 2583 561 2614 sit,
575 2582 713 2609 hominum
727 2580 951 2607 resurrectionem

170 2631 247 2667 sequi
262 2631 367 2659 Domini
382 2629 618 2657 resurrectionem.
635 2626 668 2654 Et
694 2623 828 2654 mirabilia
841 2626 951 2661 quidem

206 2687 230 2704 “
247 2687 326 2715 Rom.
342 2695 401 2720 vui,
419 2686 463 2714 Π.
511 2685 532 2701 ⁶¹
545 2683 554 2711 Ι
567 2684 630 2712 Cor.
643 2692 688 2716 xv,
701 2683 745 2711 16.

219 2755 263 2791 65)
280 2755 331 2783 Ms.
348 2755 400 2791 Per
412 2762 487 2791 quem
500 2757 604 2791 mortua
614 2753 717 2791 quidem
734 2761 813 2791 mors.

219 2788 265 2818 Mi
291 2791 341 2818 Ms.
367 2788 500 2817 Prolixiu:
511 2789 579 2815 enim
605 2788 629 2815 et
647 2788 733 2815 lumen
755 2788 874 2816 habetur.
889 2788 956 2817 Pro—

173 2824 285 2855 lixiores
297 2827 368 2854 enim
387 2831 450 2852 tunc
463 2825 520 2851 dies
534 2831 593 2851 esse
611 2824 751 2858 incipiunt.

219 2861 264 2889 45)
282 2861 330 2888 Ms.
346 2860 499 2888 Lucescunt.

220 2893 264 2924 46}
287 2895 436 2924 Suscitavit.
456 2895 535 2923 Forte
546 2893 691 2923 suscitabit.

1007 2583 1164 2611 habitabant
1175 2583 1313 2611 civitatem
1334 2589 1421 2610 suam.
1436 2581 1489 2609 Sed
1500 2581 1563 2615 quia
1579 2578 1705 2614 templum
1721 2584 1788 2604 con-

1005 2629 1170 2670 taminarunt
1180 2628 1342 2664 aliquando?
1355 2632 1382 2655 et
1392 2631 1466 2656 certe
1479 2626 1692 2654 contaminantes
1707 2621 1794 2651 habe-

991 2738 993 2741 i
1021 2737 1022 2740 Ἰ
1045 2736 1111 2790 (ιϐ’)
1126 2754 1174 2782 Ms.
1187 2731 1223 2781 Ut
1237 2733 1440 2787 cognosceretur.

1047 2783 1108 2824 ῐιη
1131 2790 1180 2817 Ms.
1203 2783 1359 2823 Confessi/es
1373 2797 1382 2816 :
1399 2787 1483 2822 aperti
1500 2791 1535 2824 et
1543 2784 1659 2822 professi
1677 2783 1792 2824 inimici,

1009 2818 1077 2888 iniria
1094 2818 1141 2888 i'lb.
1151 2833 1175 2887 ἃ
1189 2825 1220 2851 de
1234 2818 1391 2858 itt'corporali
1405 2818 1464 2858 post
1478 2818 1551 2849 mch
1569 2828 1653 2848 nonne
1667 2818 1794 2854 confusiv

1026 2869 1058 2889 te
1072 2869 1097 2887 ιδ
1112 2881 1120 2894 ,
1135 2869 1148 2887 c
1170 2869 1186 2887 '.
