2024 3208
262 154 332 184 1095

613 154 746 183 EUSEBII
766 154 1000 182 CESABIENSIS
1019 153 1093 182 OPP.
1115 152 1204 180 PARS
1223 153 1269 182 IV.
1289 168 1324 173 ——
1343 153 1555 181 DOGDIATICA.

1815 153 1884 181 1096

261 213 337 242 bant.
353 213 417 247 Qua:
430 220 494 249 ergo
505 221 586 241 causa
601 219 640 241 est
650 219 679 241 ut
692 214 730 241 ira
746 214 875 241 adversus
889 221 937 241 eos
952 214 987 241 sit
1000 213 1045 240 Dei
1060 216 1084 244 Α
1098 221 1149 246 res,
1161 219 1184 240 et
1196 213 1261 246 ἕρπε
1277 211 1414 246 fornicata:
1425 217 1486 239 sunt
1502 220 1530 239 tn
1538 211 1655 246 zEgypto
1669 212 1696 238 in
1709 211 1883 238 adolescentia

263 255 354 284 nunc?
374 256 407 282 Et
430 261 503 283 certe
525 257 672 283 secundum
700 256 819 290 ipsorum
835 264 988 283 sermonem
1014 261 1043 282 ut

263 303 349 334 aiunt,
366 303 467 329 utinam
484 302 627 330 videantur
653 303 858 337 religiositatem
880 302 993 330 fecisse!
1019 302 1047 329 Si

262 347 334 373 enim
351 346 497 373 solventem
511 346 607 381 legem,
631 351 658 373 et
680 347 713 374 de
727 347 785 382 lege
798 351 890 374 contra
906 347 1047 374 facientem

263 391 421 418 invenerunt
436 391 575 417 Dominum
588 390 726 422 Jesum,ct
737 399 789 418 non
808 392 917 423 invidia,
931 392 977 418 sed
990 392 1049 418 zelo

263 443 312 470 pro
332 436 389 470 lege
405 436 546 462 aliixerunl
562 436 634 462 cruci
654 445 660 463 :
677 436 821 471 oportebat
839 437 923 464 Deum
946 443 973 463 et
996 438 1047 463 alia

262 481 303 508 eis
319 486 429 516 peccata
446 481 580 507 dimittere
593 481 677 514 magis
691 487 801 516 propter
813 481 891 508 istam
904 482 1048 515 justitiam,

262 535 342 562 quant
356 535 426 554 nunc
436 535 482 554 eos
493 527 526 554 ita
542 529 645 562 punire.
661 528 690 554 Ει
703 529 764 555 licet
781 529 829 563 ipsi
845 533 936 555 essent
956 537 1048 562 pecca—

263 578 346 606 tores,
362 579 389 600 et
413 573 464 599 alia
485 573 615 600 haberent
641 579 769 608 peccata;
801 579 889 601 tamen
917 573 1049 601 Dominus

265 617 342 646 Jesus
356 639 363 650 ,
379 627 457 653 quem
483 620 531 654 ipsi
555 620 606 654 legi
631 621 768 646 contraria
790 619 933 647 facientem
948 622 1048 652 dixere,

262 673 324 692 cum
340 665 410 699 apud
427 674 475 693 eos
499 672 582 697 esset,
603 667 764 700 praalicebat
781 660 844 701 quia
863 668 1049 695 destrueretur

261 718 354 738 eorum
380 712 519 746 templumI
551 717 578 738 et
605 713 807 746 deprmdaretur
831 721 925 740 eorum
954 715 1050 742 civitas

264 762 373 792 propter
383 757 408 784 id
421 759 492 792 quod
510 760 637 786 adverstts
653 767 683 786 se
697 759 842 786 audebant.
855 760 916 787 Etsi
934 760 982 795 ipsi
998 761 1049 788 alia

268 802 403 830 habebant
417 809 538 837 peccata,
561 805 630 832 Dens
646 811 734 832 antetn
754 814 804 832 non
827 807 963 833 videretur
977 816 1051 834 nteit-

268 849 333 881 dax,
350 855 376 875 ιιι
391 850 439 884 ipsi
462 851 659 884 hlasphemant,
675 852 841 879 inveniretur
856 858 945 879 autem
958 861 1048 887 verax,

268 903 364 929 passus
383 897 475 930 tttique
493 896 588 924 fuisset
612 897 664 924 alia
686 906 779 925 eorutn
798 904 920 933 peccata,
943 905 970 926 ut
986 908 1050 926 con—
1064 889 1086 916 Β

261 942 416 969 ﬁrmaretur
433 944 537 970 docenti
550 945 704 978 pra‘dicatio
723 945 777 975 illa,
793 953 852 980 qua:
868 950 894 972 et
906 945 983 972 cit-cis
1001 953 1049 972 cx-

262 988 331 1015 stilit
353 989 506 1021 manifesta,
523 994 550 1016 et
568 991 719 1018 videntibus
739 991 882 1026 completa.
906 992 1050 1026 Apostolus

262 1035 333 1061 enim
358 1034 456 1062 Paulus
478 1036 510 1062 ad
537 1035 646 1063 Galatas
672 1037 795 1064 scribetts
821 1038 859 1063 ait
881 1046 887 1064 :
908 1036 975 1069 Quia
990 1042 1051 1064 ante

262 1080 352 1107 acidas
381 1089 471 1108 eorum
496 1083 639 1116 descriptus
660 1088 696 1109 est
722 1083 799 1110 Iesus
820 1083 939 1110 Christus
967 1084 1051 1110 cruci-

261 1126 332 1161 ﬁxus
348 1127 380 1154 “.
398 1127 453 1162 Ego
466 1134 556 1155 autem
576 1134 603 1155 et
618 1127 723 1155 audebo
740 1130 870 1156 adversus
889 1137 934 1156 vos
949 1130 1049 1162 dicere,

265 1174 326 1207 quia
347 1181 436 1202 sermo
463 1179 526 1201 attle
550 1175 644 1202 oculos
670 1181 775 1202 vestros
799 1176 928 1202 describit
958 1174 1049 1203 Jesunt

262 1219 404 1246 Christum
420 1221 600 1248 resurrexisse
619 1229 633 1247 a
649 1222 772 1249 mortuis.
796 1221 864 1254 Quid
878 1222 949 1248 enim
975 1229 1051 1256 qum-

263 1265 322 1292 ris?
340 1273 391 1292 non
408 1266 531 1293 invenies
550 1267 634 1294 solem
654 1268 816 1293 clariorem:
832 1270 865 1294 ad
887 1267 1052 1294 satisfactio-

263 1318 324 1337 nem
342 1311 397 1346 (48)
413 1313 619 1339 resurrectionis
634 1312 753 1344 Domini,
770 1314 911 1348 gentilium
928 1314 1051 1347 quotidie

261 1355 430 1383 deficientem
446 1357 590 1383 culturam.
604 1356 804 1384 Protenduntur
816 1364 905 1385 autem
923 1357 1052 1385 Ecclesia:

262 1400 345 1432 bona,
367 1406 391 1428 et
412 1401 533 1435 quotidie
549 1406 686 1428 crescunt.
711 1399 844 1429 lttituicus
868 1407 980 1437 ergout
1001 1403 1050 1436 ipsi

263 1451 357 1480 putant
370 1445 444 1479 legis,
461 1446 506 1479 qui
522 1446 639 1472 vindicat
656 1446 682 1472 in
707 1447 836 1473 adversos
851 1451 878 1473 et
890 1448 1052 1475 domesticos

263 1498 338 1521 suos,
364 1491 508 1522 exaltatur,
530 1491 604 1517 vivit.
624 1490 706 1517 Putas
728 1497 774 1517 aut
799 1499 850 1518 non
880 1493 972 1519 vivens
996 1493 1053 1519 haec

265 1545 325 1571 qua:
341 1545 392 1564 non
409 1537 528 1564 viventes
551 1542 674 1571 possunt,
700 1537 757 1572 ipse
781 1538 929 1571 operatur?
943 1539 1051 1565 occasio

264 1581 363 1608 Iuda-is
382 1581 453 1608 nulla
472 1581 563 1608 relicta
582 1586 634 1608 est.
653 1582 722 1608 Cum
747 1583 819 1608 enim
847 1583 958 1615 dicunt,
987 1584 1048 1618 quia

265 1626 316 1652 alia
332 1631 442 1660 peccata
463 1626 617 1658 habuimus,
632 1631 659 1652 et
685 1626 745 1653 ideo
761 1627 839 1661 ejecti
859 1634 953 1654 sumus
969 1635 1049 1655 ttuuc.

264 1671 384 1699 Primum
414 1677 455 1699 est
477 1673 560 1705 enim,
587 1673 694 1707 quando
717 1681 769 1699 non
797 1674 919 1706 peccavit
948 1673 1052 1700 Israel?

263 1719 371 1753 quando
391 1725 443 1744 non
460 1725 506 1744 eos
519 1724 559 1745 est
574 1726 669 1752 passus
684 1718 755 1745 Deus
772 1719 823 1745 nisi
842 1726 913 1746 nunc
939 1719 1025 1746 solum
1040 1720 1051 1746 ?

263 1763 358 1791 Nonne
372 1765 397 1790 in
410 1763 527 1799 (Egypto
550 1764 618 1790 idola
643 1764 789 1791 colebant?
803 1764 885 1792 Putas
902 1772 966 1800 ergo
984 1765 1050 1800 quia

264 1810 390 1836 colebant
402 1810 470 1836 idola
484 1809 597 1844 primaut
614 1810 692 1836 istaut
708 1809 935 1845 irreligiositatetn
950 1811 1050 1838 admit-

264 1860 361 1888 tentes,
370 1856 430 1882 ideo
443 1863 495 1882 non
505 1860 568 1882 sunt
575 1855 655 1889 ejecti
672 1856 705 1883 de
715 1854 852 1891 Egypto?
862 1856 894 1883 Et
907 1862 980 1884 certe
989 1865 1051 1884 cutn

264 1901 357 1929 multis
371 1901 488 1936 signiset
501 1902 629 1936 prodigiis
643 1906 670 1929 et
685 1902 865 1936 mirabilibus,
879 1909 940 1929 cum
956 1910 1052 1938 percu-

265 1952 388 1975 terentur
403 1947 521 1982 Aigyplii
538 1948 631 1975 decem
646 1947 743 1982 plagis,
769 1948 838 1976 liber
860 1954 950 1976 autem
978 1954 1052 1976 esset

264 1992 346 2021 Israel
359 2001 373 2020 a
389 1994 480 2020 decettt
498 1993 583 2028 plagis
603 1994 764 2022 cohabitans
785 1995 894 2022 iisdettt.
915 1995 948 2022 Et
962 1996 1052 2029 operi-

264 2039 315 2066 bus
330 2039 386 2074 (49)
402 2039 509 2073 quidem
534 2044 593 2066 erat
609 2039 728 2075 ,Ευριῇ
756 2040 802 2068 Dei
826 2046 916 2068 autem
941 2041 1050 2068 miseri-

265 2085 355 2111 cordia
370 2093 384 2110 a
399 2084 483 2119 plagis
496 2083 686 2119 Egyptiorum
709 2085 880 2113 Itabebantur
903 2086 1049 2115 inuuunes.

265 2128 295 2157 Si
309 2131 389 2165 igitur
405 2135 514 2165 propter
528 2130 679 2157 istiusmodi
692 2136 800 2165 peccata
814 2132 899 2166 plaga:
910 2137 986 2166 sunt,
1006 2133 1051 2159 de-

264 2176 379 2204 buerant
393 2183 420 2202 III
434 2175 550 2210 :‘Egyplo
565 2183 626 2203 cum
639 2177 844 2204 adducebantur
858 2178 943 2213 plaga:
959 2179 1053 2205 adver-

1098 267 1146 286 sua
1166 259 1198 285 ⁶³.
1218 258 1372 286 Fornicatio
1398 262 1488 285 autem
1503 257 1529 284 in
1547 257 1686 291 Scriptura
1703 257 1739 284 ita
1765 257 1884 291 ponitur,

1098 305 1161 339 quia
1173 306 1321 332 secundum
1337 304 1551 330 misericordiam
1568 303 1733 337 dignabatur
1747 303 1818 330 Deus
1830 309 1885 330 tau-

1099 358 1179 385 quam
1205 350 1370 384 coniungens
1395 350 1446 376 sibi
1463 354 1526 376 tunc
1553 348 1659 383 quidem
1689 349 1860 384 Synagogam
1875 370 1883 382 ,

1099 403 1171 422 nunc
1184 393 1445 422 autemEeclesiam.
1471 393 1512 420 Ab
1537 401 1570 421 eo
1590 402 1655 429 ergo
1669 394 1715 429 qui
1735 393 1884 420 secumlum

1099 439 1316 466 misericordiam
1333 437 1514 472 coniungebat
1531 439 1660 470 reccssio,
1679 444 1705 465 et
1717 437 1886 464 daemonibus

1100 485 1263 519 coniunctio,
1276 490 1301 512 et
1316 484 1478 515 idololatria,
1491 484 1635 511 fornicatio
1656 485 1803 511 secundum
1816 483 1885 510 Seri-

1101 537 1208 565 pturnm
1227 530 1376 557 rectissime
1405 530 1569 557 nominatur.
1588 530 1655 563 Quia
1673 538 1738 565 ergo
1752 529 1823 556 idola
1841 537 1886 556 co-

1101 577 1193 604 lebant
1209 577 1235 604 in
1259 576 1388 612 Egypto.
1413 577 1471 603 ideo
1491 584 1539 611 per
1562 576 1719 610 prophetam
1745 575 1804 601 ait:
1821 573 1885 601 Dure

1100 627 1175 650 erant
1189 630 1301 653 sorores,
1316 626 1340 648 et
1366 622 1429 655 ipsa:
1445 621 1581 655 fornicata!
1595 625 1655 647 sunt
1670 621 1696 646 in
1711 618 1885 645 adolescentia

1101 677 1148 695 sua
1171 669 1198 695 in
1214 667 1341 703 Egypto.
1358 667 1478 701 Denique
1499 672 1525 694 et
1546 666 1628 701 Moysi
1649 673 1793 693 succe~sor
1808 663 1886 691 Jesns

1101 714 1182 744 Nave,
1201 713 1333 740 mandans
1349 712 1446 747 popqu
1461 713 1493 739 de
1512 720 1561 740 suo
1583 712 1656 739 exitu
1679 711 1744 738 dicit
1762 719 1769 736 :
1786 709 1886 742 Quibus

1102 761 1177 787 cultis
1197 761 1294 787 servire
1310 759 1383 786 diis?
1408 758 1478 785 Nunt
1504 759 1543 785 Itis
1566 767 1629 793 quos
1644 757 1780 784 coluerunt
1801 762 1886 790 patres

1101 806 1213 832 vestriin
1227 805 1343 840 {Egypto
1353 805 1396 832 “1
1413 804 1481 838 Quid
1494 810 1583 831 autetn
1598 811 1666 838 opus
1684 807 1725 830 est
1740 802 1885 836 prophetas

1100 851 1216 878 vocare?
1234 851 1321 884 ipsunt
1345 850 1427 877 Israel
1444 855 1539 876 testem
1554 850 1696 875 adversum
1721 856 1749 875 se
1763 852 1791 874 et
1813 848 1887 882 ipso-

1102 905 1160 923 rutn
1174 904 1267 923 vocem
1284 897 1416 931 produco,
1438 900 1466 922 ιιι
1485 895 1626 922 ostemlatu
1644 894 1706 928 quia
1724 893 1794 920 idola
1819 893 1887 919 cole-

1101 942 1167 969 bant
1191 942 1216 968 in
1241 941 1370 976 Egypto.
1387 942 1453 975 Quia
1483 942 1554 968 enim
1579 945 1708 967 exeuntes
1723 941 1755 967 de
1769 939 1887 974 Egypto

1100 993 1179 1014 erant.
1196 988 1221 1014 in
1248 988 1367 1020 deserto,
1383 993 1408 1014 et
1433 986 1539 1022 Moyses
1557 987 1717 1013 ascenderat
1743 992 1888 1019 apportare

1101 1034 1239 1068 sacrilegis
1254 1033 1351 1068 legem,
1361 1033 1539 1067 quadraginta
1549 1038 1638 1058 autent
1650 1032 1706 1058 dies
1718 1031 1888 1066 protenderat

1102 1079 1128 1106 in
1141 1085 1230 1106 monte
1244 1079 1350 1114 Moyses
1365 1088 1371 1105 :
1390 1083 1472 1113 caput
1491 1077 1566 1104 vituli
1582 1077 1632 1104 sibi
1649 1077 1809 1108 conflantes,
1836 1077 1888 1102 cla-

1102 1126 1214 1152 mabant
1241 1126 1297 1152 suis
1327 1126 1426 1160 linguis
1454 1125 1598 1151 adversutn
1619 1132 1647 1150 se
1664 1132 1670 1150 :
1690 1123 1741 1149 Isti
1769 1123 1807 1149 dii
1834 1123 1886 1156 tui,

1102 1170 1198 1202 Israei,
1210 1171 1256 1206 qui
1271 1171 1412 1197 eduxerunt
1431 1176 1455 1196 ιε
1480 1171 1511 1196 de
1525 1175 1595 1196 terra
1606 1168 1716 1203 .Egypti
1727 1169 1759 1194 ".
1775 1169 1832 1195 IIoc
1843 1176 1888 1195 au-

1104 1223 1156 1245 tem
1175 1217 1357 1249 cotnmendat,
1373 1218 1436 1252 qttia
1457 1217 1501 1251 qui
1518 1222 1543 1243 et
1571 1217 1596 1243 itt
1623 1218 1731 1243 deserto
1749 1217 1888 1243 colueruttt

1103 1263 1174 1290 idola
1190 1263 1320 1290 facientes
1342 1263 1392 1289 sibi
1409 1262 1484 1288 vituli
1497 1267 1588 1295 caput,
1602 1266 1629 1288 et
1642 1261 1711 1294 apud
1723 1260 1882 1295 .Egyptum.

1103 1308 1201 1336 Dixere
1210 1308 1281 1335 enim
1293 1307 1357 1335 ιιιιί
1371 1307 1409 1334 dii
1424 1307 1474 1339 tui,
1489 1306 1587 1338 Israel,
1604 1307 1648 1341 qui
1665 1307 1811 1332 eduxerunt
1822 1311 1846 1332 te
1859 1307 1889 1332 de

1103 1361 1174 1382 terra
1189 1354 1310 1389 Egypti.
1329 1353 1520 1381 Accusantium
1536 1360 1585 1379 vox
1600 1357 1641 1379 est
1658 1352 1719 1386 quia
1738 1352 1889 1379 istiusmodi

1103 1400 1307 1427 venerabantur
1329 1399 1411 1429 idola.
1430 1404 1456 1426 et
1469 1399 1518 1425 hos
1530 1398 1655 1426 colebant
1670 1403 1697 1424 et
1717 1397 1743 1424 in
1764 1397 1889 1432 Egypto,

1103 1446 1201 1480 quibus
1221 1450 1247 1473 et
1268 1445 1419 1472 reddebant
1435 1445 1554 1479 gratiam
1587 1444 1752 1478 egressionis
1768 1451 1835 1470 sine.
1862 1443 1890 1470 Si

1104 1497 1193 1518 autem
1210 1491 1339 1523 dixerint,
1355 1491 1418 1526 quia
1437 1490 1489 1517 alia
1504 1495 1613 1524 peccata
1631 1489 1774 1516 habuimus
1787 1489 1823 1516 ob
1833 1497 1890 1524 qua:

1104 1543 1130 1564 et
1144 1538 1178 1564 ad
1194 1537 1332 1565 desertum
1361 1537 1489 1572 perducta
1507 1544 1600 1564 eorum
1622 1536 1736 1567 civitas,
1758 1540 1786 1562 et
1810 1536 1890 1563 servit

1103 1591 1179 1618 gens,
1194 1588 1221 1610 et
1237 1591 1324 1618 neque
1337 1584 1467 1618 propheta
1481 1591 1541 1610 cuin
1557 1582 1621 1618 ipsis
1631 1588 1682 1612 est,
1701 1589 1787 1616 neque
1797 1581 1890 1613 altare.

1103 1638 1154 1657 nec
1170 1638 1228 1662 rex,
1248 1637 1298 1657 nec
1314 1630 1461 1662 sacerdos;
1477 1629 1549 1664 quod
1576 1634 1715 1663 peccatum
1739 1628 1828 1662 tnajus
1853 1633 1890 1655 est

1103 1675 1328 1710 irreligiositate?
1342 1676 1369 1702 Si
1389 1681 1479 1702 autent
1500 1675 1619 1702 colentes
1642 1675 1712 1702 idola
1729 1675 1754 1701 in
1775 1674 1891 1710 (Egypto

1104 1722 1232 1749 exierunt
1243 1730 1275 1748 ex
1291 1721 1426 1757 Egypto;
1439 1730 1490 1749 IIOII
1501 1721 1671 1748 eratfacilius
1688 1721 1837 1755 irreligioso:
1847 1728 1891 1748 eos

1103 1773 1214 1803 agentes
1226 1769 1294 1802 apud
1311 1767 1441 1798 Judmam,
1456 1768 1552 1794 reverti
1571 1767 1596 1793 in
1610 1765 1751 1793 Iudaeam?
1766 1767 1819 1794 Sed
1835 1767 1891 1794 ausi

1106 1819 1170 1841 sunt
1178 1814 1279 1846 dicere,
1295 1814 1357 1848 quia
1373 1813 1433 1840 ideo
1445 1821 1516 1840 nunc
1529 1821 1580 1840 non
1594 1813 1724 1839 habemus
1734 1813 1890 1846 pr0phetas,

1102 1860 1165 1895 quia
1181 1859 1251 1886 inter
1260 1866 1353 1894 gentes
1368 1859 1454 1893 sparsi
1466 1860 1596 1885 videmur.
1608 1858 1656 1886 Ubi
1664 1867 1729 1891 ergo
1737 1859 1811 1885 venit
1824 1859 1892 1893 Moyo

1102 1911 1145 1931 ses
1152 1905 1164 1930 il
1172 1911 1260 1931 nonne
1268 1904 1293 1931 in
1303 1903 1433 1939 Egypto?
1443 1904 1486 1930 ubi
1496 1903 1579 1931 Maria
1585 1923 1592 1936 ,
1602 1912 1680 1931 soror
1687 1903 1793 1939 Moysi?
1805 1911 1892 1931 nonne

1102 1950 1131 1977 in
1144 1950 1278 1986 ,Ερμιοἳ
1297 1951 1342 1977 ubi
1357 1951 1524 1985 septuaginta
1547 1950 1618 1977 duo?
1632 1957 1720 1977 nonne
1739 1950 1766 1977 in
1786 1951 1892 1977 deserto

1102 1996 1243 2031 gentinnt?
1253 1996 1316 2023 Post
1328 1996 1384 2023 haec
1396 2002 1484 2023 autem
1495 1997 1538 2023 ubi
1551 1996 1664 2024 Daniel?
1675 2003 1765 2023 nonne
1775 1997 1893 2031 inBahy-

1102 2042 1193 2068 Ionia?
1209 2041 1258 2070 Ubi
1284 2048 1337 2069 tres
1352 2043 1411 2078 ejus
1434 2041 1552 2070 fratres?
1577 2051 1665 2070 nonne
1693 2043 1719 2070 iu
1743 2043 1892 2079 Babylonia

1103 2088 1173 2122 apud
1196 2088 1308 2123 gentes?
1325 2087 1376 2115 Ubi
1396 2089 1498 2124 degunt
1517 2090 1562 2124 qui
1587 2089 1734 2125 jejunant?
1757 2098 1850 2116 nonne.
1866 2090 1890 2116 in

1103 2134 1248 2169 gentibus?
1262 2135 1305 2161 ubi
1323 2133 1434 2161 ﬂamma
1454 2135 1588 2170 ignoravit
1599 2143 1675 2162 suatn
1688 2135 1835 2162 naturam?
1849 2135 1891 2162 ubi

1102 2179 1250 2208 Zacharias
1274 2180 1422 2215 propheta?
1439 2181 1483 2207 ubi
1511 2181 1627 2216 Angelus
1650 2180 1728 2216 (50}?
1758 2181 1786 2208 Si
1805 2187 1890 2208 anteiit

265 2231 311 2250 sus
326 2222 476 2257 Egyptios,
493 2221 549 2248 dari
565 2226 591 2248 et
608 2221 722 2254 Iuda-is,
736 2224 782 2258 qui
795 2231 858 2250 cum
869 2224 1050 2251 cohabitanti-
1069 2229 1089 2256 ι)
1105 2226 1191 2261 prima
1212 2230 1240 2253 et
1258 2226 1345 2253 media
1362 2227 1388 2253 in
1405 2227 1544 2261 gentibus,
1569 2235 1630 2254 cutn
1659 2227 1724 2262 ipsis
1738 2233 1818 2254 erant
1836 2236 1891 2262 pro.

266 2270 317 2296 bus
339 2269 407 2295 idola
434 2269 600 2303 adorabunt,
638 2269 682 2303 qui
710 2277 739 2296 et
765 2269 952 2297 coltabitantes
975 2270 1054 2297 simul

267 2323 327 2342 cum
341 2316 433 2342 iisdem
450 2316 606 2350 peccabant.
634 2315 662 2342 Si
681 2320 772 2341 autem
791 2315 861 2342 idola
876 2315 984 2349 quidem
1006 2324 1055 2343 co-

266 2361 337 2388 lebat
351 2362 376 2387 in
392 2361 508 2398 Epypto
524 2362 618 2394 Israel,
637 2366 665 2388 et
679 2369 732 2387 tton
750 2361 836 2387 solutn
861 2369 913 2387 non
935 2361 1053 2396 accipie-

266 2406 310 2433 bat
330 2407 429 2441 plagas,
448 2408 528 2434 etiam
541 2407 690 2441 itreligiosa
707 2414 815 2442 geretis,
829 2406 875 2432 sed
891 2406 935 2432 alii
950 2414 998 2440 pro
1014 2407 1055 2433 eis

266 2452 384 2486 qoandiu
400 2458 426 2479 et
443 2453 549 2480 exirent
564 2453 625 2486 isti;
645 2461 715 2479 nunc
727 2453 785 2479 sine
797 2460 878 2479 causa
891 2458 1048 2480 causantur.

266 2499 342 2531 Quod
356 2504 445 2525 autent
465 2498 535 2525 idola
548 2498 673 2525 colebant
688 2497 714 2524 iit
727 2496 844 2533 Egypto
861 2497 952 2529 Israel,
968 2503 1051 2524 testa-

267 2546 311 2568 tur
327 2542 434 2576 quidem
450 2549 477 2569 et
492 2543 617 2569 Ezechiel
648 2545 779 2577 propheta
809 2550 972 2576 comparans
985 2545 1052 2570 duas

266 2595 358 2615 eorum
374 2589 547 2623 metropoles,
566 2587 736 2616 Ilierusalem
766 2588 825 2614 dico
844 2593 870 2614 et
887 2588 1051 2621 Samariam,

266 2634 372 2661 duabus
386 2634 592 2666 eousororibus,
609 2639 638 2661 et
655 2633 740 2661 dicit:
761 2634 825 2660 Duce
840 2639 915 2659 erant
928 2641 1054 2660 coruom-

1105 2271 1204 2304 phetat.
1235 2270 1269 2297 Et
1283 2276 1359 2297 certe
1376 2273 1446 2306 apud
1464 2271 1639 2306 Babyloniam
1665 2276 1742 2297 extra
1773 2271 1823 2298 hos
1849 2271 1891 2306 qui

1105 2317 1225 2351 prmdicti
1241 2321 1321 2351 suttt,
1338 2326 1431 2344 onmes
1443 2317 1530 2344 Juda:i
1552 2319 1732 2344 adoraverunt
1744 2318 1888 2351 imaginem

1105 2363 1189 2397 regis,
1205 2367 1232 2390 et
1245 2370 1297 2390 non
1314 2364 1374 2390 ideo
1392 2363 1508 2390 fraudati
1529 2368 1593 2390 sunt
1616 2371 1630 2390 ιι
1650 2363 1799 2398 prophetis.
1827 2365 1891 2396 Quia

1105 2414 1197 2434 autent
1215 2409 1397 2435 adoraverunt
1426 2409 1584 2444 imaginem,
1605 2409 1781 2436 comminatio
1805 2409 1892 2436 Nabu-

1103 2453 1275 2480 chodonosor
1286 2459 1349 2481 tunc
1361 2454 1432 2481 facta
1444 2456 1596 2481 adnuntiat.
1613 2455 1681 2481 Dicit
1693 2455 1764 2482 enitn
1780 2463 1787 2481 :
1801 2455 1891 2481 Omnis

1104 2500 1209 2533 quinon
1220 2501 1317 2526 cadens
1333 2501 1482 2527 adorat-erit
1495 2501 1647 2535 imaginem,
1665 2501 1755 2527 statim
1778 2502 1892 2527 mittetur

1105 2546 1133 2571 in
1159 2545 1291 2574 fornacem
1317 2547 1383 2581 ignis
1409 2547 1527 2573 ardentis
1542 2546 1576 2575 “.
1608 2547 1640 2573 Et.
1667 2549 1762 2574 aderat
1786 2548 1889 2582 quidem

1107 2591 1144 2618 iltt
1160 2592 1217 2626 (51)
1235 2593 1322 2620 omnis
1335 2592 1428 2619 Israel.
1449 2592 1517 2619 Tres
1537 2598 1626 2620 autent
1649 2594 1700 2621 soli
1717 2594 1818 2621 inventi
1832 2597 1891 2621 sunt

1107 2637 1153 2672 qui
1169 2644 1222 2665 non
1243 2637 1423 2666 adoraverant
1439 2646 1447 2672 ;
1475 2639 1501 2666 in
1518 2638 1657 2666 fornacem
1673 2639 1750 2667 missi
1766 2645 1841 2673 sunt,
1865 2645 1891 2666 et

302 2704 324 2720 “
336 2703 395 2731 Gal.
414 2711 454 2736 tu,
472 2703 514 2732 II.
553 2701 576 2718 "
592 2703 689 2730 Ezech.
704 2710 782 2735 xxtn,
798 2702 826 2729 3.
863 2702 886 2718 "
898 2701 954 2729 Jos.
972 2710 1045 2735 XXIV,
1060 2704 1103 2731 ll.
1143 2705 1165 2721 ⁸⁸
1177 2706 1262 2733 Exod.
1279 2714 1364 2739 xxxu,
1379 2706 1405 2733 ι.
1444 2707 1467 2722 ⁸⁸
1480 2707 1545 2734 Dan.
1561 2700 1601 2740 ni,
1617 2707 1644 2734 6.

301 2760 358 2796 (48)
377 2761 418 2788 ,ια
431 2761 650 2795 satisfactionem.
661 2760 742 2788 Forte
757 2761 883 2788 iuGrteco
893 2760 1050 2788 [uerita-rso-

267 2794 371 2830 λσῗίαιι,
385 2799 453 2830 quod
466 2799 598 2830 interpres
615 2797 726 2823 verterit
742 2795 967 2823 satisfactionem:
981 2797 1051 2824 sicut

267 2831 280 2859 Ξ
293 2831 351 2857 "et.
366 2839 407 2862 ιιι,
420 2831 462 2863 I5,
478 2832 503 2857 in
517 2832 619 2864 vulgata
633 2831 863 2864 interpretatione.

304 2865 359 2898 (49)
377 2865 409 2892 Et
423 2866 670 2894 auaritiam-Sensus
694 2872 782 2900 potest
804 2873 874 2899 esse,
897 2866 1049 2894 idololatria

1104 2763 1198 2790 similis
1216 2764 1347 2798 ngyptiis
1358 2769 1415 2791 erat
1428 2763 1521 2792 Israel.

1141 2799 1196 2834 (5οι
1215 2798 1263 2826 Ubi
1276 2801 1399 2834 Angelus.
1412 2798 1571 2828 Malae/tias.

1141 2833 1197 2870 (5i)
1213 2834 1269 2861 Illi.
1287 2834 1366 2862 Forte
1380 2836 1444 2862 ἰήιε.
