2024 3208
177 122 245 149 im

699 121 743 149 DE
762 120 1062 151 RESURRECTIONE.
1084 137 1117 142 —
1136 121 1202 150 LIB.
1222 121 1254 150 ll.

1725 122 1794 151 1098

177 180 212 207 ab
227 178 392 214 ignesslvati
404 183 478 207 sunt.
494 178 588 208 Daniel
600 184 690 207 autem
706 181 806 216 regalia
820 181 958 209 sibi-cont-
973 185 995 214 Α
1010 183 1187 209 constantiam
1204 181 1272 217 (58),
1290 180 1410 216 praecipit
1426 188 1487 208 eum
1501 180 1599 209 induci.
1616 180 1674 209 Non
1688 189 1791 217 oporte-

178 227 260 254 missa
271 233 325 254 non
342 227 436 254 aderat
453 233 581 261 praesens.
601 227 629 254 Si
643 227 715 254 enim
735 228 877 259 adfuisset.
889 236 958 255 nuu—

178 278 258 306 quam
280 279 294 298 a
305 272 436 306 quadriga
450 273 536 299 bonus
549 273 723 299 remansisset
739 280 834 307 equus.
858 273 894 299 lta
911 281 959 299 au—

179 321 232 344 tem
254 324 303 344 nec
325 317 470 344 derelictus
483 322 525 344 est
548 317 638 345 Daniel
662 317 698 345 ob
722 317 959 345 comminationem

178 361 246 396 ignis
256 369 271 388 tt
288 361 417 389 fratribus
431 362 488 389 suis
502 367 528 389 et
539 362 646 389 illorum
657 363 787 398 martyrio
806 370 812 387 :
830 363 892 397 quia
906 362 959 389 fra-

177 411 231 434 tres
248 407 357 442 quidem
375 408 435 442 ejus
454 408 480 434 in
507 408 624 435 medium
643 408 786 443 producti,
813 409 840 435 in
868 413 960 443 aperto

177 451 336 486 martyrium
355 457 514 486 posuerunt,
537 457 564 479 et
588 453 661 486 passi
686 458 749 480 sunt
771 458 800 480 et
826 453 931 481 liberati
951 462 957 479 :

177 496 272 524 Daniel
284 502 374 523 autem
403 498 536 532 posthaec
553 502 688 533 prwcepto
712 499 861 526 exsistente
889 500 960 534 regis

177 542 280 570 nullum
295 542 394 569 debere
412 550 499 577 neque
519 543 602 570 aliutn
616 544 730 571 adorare
745 544 845 576 Deum,
874 552 961 580 neque

177 596 281 624 regem.
307 589 358 616 nisi
387 589 472 616 solum
492 597 593 624 regem,
610 594 637 617 et
660 598 739 625 quem
754 591 851 625 putas?
866 590 961 618 Persa-

177 643 236 662 rum
254 644 262 662 :
283 635 339 669 ipse
354 640 442 662 autem
459 635 611 670 ingrediens
631 636 739 663 domum
757 643 845 669 suam,
860 642 887 664 et
899 645 959 664 ctttn

177 685 266 715 possin
280 680 364 708 latere
378 686 405 707 et
421 681 526 708 occulte
543 682 655 708 adorare
670 682 763 713 Deum,
780 682 867 717 palatn
891 683 960 710 ado—

177 733 240 753 rans
255 734 306 753 non
321 727 428 761 negavit
446 727 615 762 religionem,
631 728 677 755 sed
693 728 786 755 maluit
800 729 885 764 magis
899 737 960 757 esca

177 772 233 799 dari
253 772 383 804 leonibus,
399 779 480 806 quam
499 773 618 799 fraudari
640 781 668 800 se
689 774 723 801 ab
744 775 902 802 adorattone
921 775 961 802 vi—

177 816 267 845 ventis
279 817 337 844 Dei.
349 816 409 844 Noli
428 818 499 845 enim
515 825 647 852 quaerere,
663 819 685 846 si
709 819 803 846 Daniel
819 828 872 847 non
887 826 928 848 est
944 829 958 848 a

1011 227 1056 254 hat
1070 227 1143 254 enim
1165 226 1307 254 Dominum
1330 225 1421 253 Jesum
1443 226 1500 252 sine
1524 228 1627 254 victore
1652 228 1789 254 recedere.

1010 269 1184 297 Introduceus
1195 276 1284 298 autem
1302 277 1363 297 eum
1378 290 1386 302 ,
1403 270 1493 297 omnia
1510 274 1644 298 tormenta
1659 272 1792 304 movebat,

1010 319 1037 341 et
1053 318 1125 342 tanta
1138 316 1183 342 uni
1201 315 1329 347 vincenti,
1346 321 1446 350 quanta
1466 316 1591 344 ontnibtts
1606 316 1647 343 his
1664 317 1708 351 qui
1735 317 1794 342 fue-

1012 365 1074 387 rant
1086 365 1217 395 superatt.
1234 360 1406 388 Contendens
1417 361 1487 388 enim
1500 369 1534 388 ne
1545 361 1693 388 solveretur
1708 361 1792 388 vieto-

1012 406 1050 433 ria
1064 414 1111 433 sua
1128 414 1176 440 per
1189 406 1267 433 unius
1282 407 1359 434 istius
1371 406 1524 438 victoriam,
1537 411 1564 434 et
1581 411 1708 441 reputans
1722 407 1791 440 apud

1010 458 1049 482 se,
1067 451 1129 485 quia
1143 456 1171 478 et
1190 451 1216 478 in
1238 451 1334 478 stadiis
1351 451 1411 478 finis
1425 452 1591 478 currentium
1603 451 1744 485 quaeritur,
1767 456 1793 477 et

1010 497 1072 531 quia
1087 497 1108 523 si
1125 497 1176 523 iste
1190 496 1295 529 vicerit,
1321 503 1368 523 nec
1385 501 1414 523 ut
1436 496 1498 523 victi
1514 501 1594 523 erunt
1613 496 1659 530 qui
1687 496 1793 523 fuerant

1011 543 1148 575 superati;
1175 543 1303 570 universa
1321 543 1346 570 ei
1373 542 1512 570 admoveri
1542 547 1676 569 tormenta
1704 542 1791 577 jubet.

1012 582 1109 617 Volens
1123 590 1195 616 enirn
1211 589 1318 616 ﬂectere
1337 588 1474 623 juvenem,
1495 594 1522 615 et
1538 588 1623 616 oculis
1639 590 1792 624 torquebat,

1000 639 1038 665 et
1049 634 1172 662 dentibus
1185 635 1346 667 minabatur,
1359 639 1387 662 et
1399 635 1523 662 manibus
1537 634 1718 668 torquentium
1732 642 1795 662 suas

1011 682 1185 716 protendebat
1206 688 1311 712 manus,
1333 686 1360 708 et
1379 682 1412 708 ab
1433 681 1489 715 ipsa
1510 682 1549 708 ira
1572 682 1652 708 etiam
1673 681 1707 709 de
1731 681 1795 708 sede

1012 724 1169 751 movebatur
1183 732 1242 752 sua.
1267 724 1334 752 Cum
1356 729 1446 752 autem
1470 724 1647 759 fatigarentur
1661 730 1791 760 torquen-

1013 774 1062 801 tes,
1079 775 1170 797 etnon
1184 771 1294 797 cederet
1304 771 1349 804 qui
1368 771 1553 804 torquebatur,
1567 775 1648 806 atque
1669 772 1794 799 obtusum

1012 819 1039 842 et
1052 813 1185 842 deﬂexum
1194 806 1292 842 fuisset
1306 814 1417 846 ferrum,
1433 822 1485 842 nou
1502 819 1542 842 est
1555 815 1640 842 ﬂexus
1656 816 1700 850 qui
1718 817 1796 843 rade-

176 863 298 891 lennibus
309 864 512 891 comestus:sed
521 864 583 898 quia
595 865 767 899 proposuirse
776 866 956 902 comediwg),
975 854 996 881 Β
1012 861 1098 887 batur.
1123 860 1190 888 Cum
1208 859 1274 896 'jam
1302 860 1374 888 nulla
1404 861 1559 888 adinventio
1599 866 1793 889 tormentorum

177 909 228 937 hoc
242 910 363 937 adverte.
377 909 431 937 Nec
448 910 509 944 quia
528 918 582 937 non
597 911 767 945 ccusumpsit
783 910 890 938 ﬂamma
905 917 959 939 tres

177 955 237 983 illos
255 963 354 990 pueros
370 956 465 983 missos
483 955 509 982 in
522 955 656 983 fornacettt
673 956 740 991 ignis
755 956 873 984 ardentis
884 977 891 990 ,
912 959 959 985 sed

176 1001 238 1035 quia
251 1002 299 1036 ipsi
318 1001 468 1028 holocausti
483 1001 546 1028 facti
562 1006 625 1028 sunt
640 1001 697 1036 (53)
712 1006 842 1036 quantum
857 1003 890 1030 ad
905 1003 961 1030 ala-

178 1047 300 1074 critatem
312 1055 398 1074 suam.
411 1046 467 1074 Non
481 1048 552 1074 enim
570 1048 603 1075 ab
617 1048 690 1075 exitu
703 1047 834 1082 judiciunt
848 1053 899 1081 est,
913 1050 960 1076 sed

177 1093 213 1121 ab
227 1092 367 1120 alacritate
373 1100 489 1120 coronae.
499 1093 552 1128 Ego
562 1099 650 1121 autem
661 1094 730 1126 dico,
738 1095 783 1129 qui
797 1095 856 1123 ideo
864 1095 960 1123 salvati

177 1144 241 1166 sunt
265 1144 338 1171 tunc.
366 1143 394 1166 et
418 1138 509 1166 Daniel
534 1146 548 1166 a
574 1139 706 1173 leonibus,
728 1145 756 1167 et
773 1145 827 1167 tres
850 1141 924 1175 pueri
947 1149 960 1168 a

178 1183 285 1211 ﬂamma
313 1183 384 1218 ignis
407 1183 548 1217 ardentis;
579 1192 631 1211 non
662 1190 772 1218 propter
797 1185 960 1213 alacritatem

179 1236 273 1257 eorum
286 1230 331 1264 qui
349 1229 446 1256 salvati
468 1234 540 1261 sunt.
571 1230 619 1257 sed
644 1235 754 1265 propter
777 1231 961 1259 inﬁrmitatem

180 1275 288 1302 illoruttt
306 1275 351 1309 qui
367 1276 550 1302 adoraverunt
578 1275 732 1310 imaginem.
753 1275 786 1303 Ut
812 1277 883 1303 enim
909 1285 961 1304 non

179 1320 299 1348 dicerent
313 1320 357 1355 qui
379 1321 569 1353 adoraverunt,
589 1321 658 1354 Quid
674 1321 773 1355 profuit
787 1322 826 1349 eis
839 1323 883 1357 qui
910 1331 962 1350 non

178 1366 380 1394 adoraverant?
395 1375 427 1393 ue
441 1367 474 1393 ab
490 1367 564 1394 exitu
595 1367 710 1394 incendii
727 1375 820 1395 eorum
848 1370 892 1403 qui
909 1378 962 1396 non

179 1412 369 1444 adoraverunt,
390 1411 604 1438 satisfactionem
628 1412 683 1448 (54)
698 1413 747 1440 sibi
772 1414 964 1449 conquirerent

181 1457 330 1491 irreligiosa
342 1462 461 1492 agentes,
481 1458 541 1485 ideo
556 1458 650 1485 salvati
669 1464 730 1486 sunt
742 1460 786 1494 qui
802 1467 854 1487 nou
867 1459 964 1488 adora-

180 1508 289 1533 verunt,
311 1506 341 1530 ut
358 1511 411 1530 non
436 1509 624 1536 permanerent
644 1505 742 1532 tnortui
760 1506 804 1540 qui
835 1505 963 1532 adorave-
977 1519 997 1548 ο

182 1552 254 1576 runt.
272 1548 332 1583 Ipse
347 1548 403 1584 (55)
418 1549 489 1576 eniut
511 1548 581 1576 Deus
593 1555 635 1576 est
652 1550 743 1577 Daniel
767 1556 794 1577 et
809 1551 903 1578 horum
918 1551 963 1585 qui

181 1595 208 1621 in
236 1595 374 1630 martyriis
400 1600 596 1622 consumuntur
618 1604 631 1622 a
660 1596 734 1623 feris.
756 1597 808 1624 Sed
829 1605 881 1624 non
909 1597 965 1632 ipse

182 1639 294 1674 populus
312 1648 320 1666 :
334 1640 368 1677 ab
380 1640 528 1667 incredibili
549 1640 605 1675 (56)
619 1642 689 1668 enim
713 1642 809 1676 populo
824 1641 965 1668 salvabau-

181 1691 226 1713 tur
239 1687 284 1721 qui
299 1686 379 1714 (idem
393 1687 603 1719 confitebantur,
622 1692 650 1714 ut
663 1694 715 1714 non
728 1688 900 1716 incredulitas
919 1696 967 1722 po-

181 1732 235 1767 puli
247 1737 409 1767 augerelur:
428 1740 441 1758 a
455 1732 524 1759 lideli
536 1737 624 1759 autem
640 1732 725 1767 plebe,
740 1738 768 1760 ut
779 1738 882 1760 crescat
901 1733 966 1760 fides

184 1779 210 1806 in
229 1778 361 1813 sanguine
377 1783 544 1811 sanctorum,
561 1779 661 1806 veritas
677 1779 800 1806 lirmatnr
812 1779 960 1814 Evangelii.

182 1824 316 1851 Habemus
331 1828 421 1851 autem
437 1828 464 1850 et
479 1831 537 1856 nos,
550 1823 612 1858 quia
631 1829 658 1852 et
671 1825 801 1852 mirabilia
820 1826 889 1852 facta
905 1831 967 1852 sunt

183 1870 209 1895 in
223 1868 413 1903 languentibus
435 1868 513 1895 locis.
535 1869 648 1902 Quidam
663 1870 736 1896 enim
754 1878 767 1896 a
788 1870 852 1897 feris
869 1871 965 1898 salvati

182 1918 256 1946 sunt,
269 1914 331 1948 quia
343 1914 504 1948 languebant
516 1913 572 1940 loca
590 1914 616 1940 in
630 1914 728 1948 quibus
743 1919 770 1941 et
783 1916 871 1949 passio
895 1924 967 1943 mar-

183 1963 271 1995 tyrum
283 1960 437 1994 agitabatur
452 1967 459 1985 :
477 1959 520 1985 alii
535 1959 568 1986 ab
583 1959 643 1994 igne
658 1960 762 1987 liberati
775 1965 847 1987 sunt.
866 1960 966 1994 Siquis

183 2010 272 2032 autem
289 2013 341 2032 non
359 2005 455 2037 credit,
477 2010 504 2032 et
516 2005 647 2032 rationem
659 2007 798 2040 exposcit;
815 2006 881 2033 nihil
903 2014 965 2041 pro-

183 2049 257 2077 hibet
271 2050 387 2085 religiosi
401 2051 477 2078 unius
494 2051 650 2078 memoriam
663 2059 710 2078 nos
728 2057 857 2086 repetere.
870 2057 966 2086 etpro-

184 2097 255 2125 ferre
273 2097 298 2123 in
313 2097 441 2124 medium.
463 2097 490 2123 In
511 2097 742 2124 Antiochenorum
765 2097 810 2124 illa
828 2098 894 2125 urbe
910 2098 965 2125 Ro-

184 2150 280 2169 manus
291 2142 399 2176 quidam
411 2142 514 2169 exstitit
526 2147 637 2176 martyr.
650 2141 702 2169 Iste
716 2142 872 2176 peregrinus
886 2143 967 2169 adve-

1011 904 1104 933 fntsset
1113 906 1248 937 derelicta,
1256 907 1367 940 cupiens
1375 907 1554 934 constantiam
1563 914 1641 935 suam
1656 908 1796 936 ostendere

1011 951 1114 978 Domini
1122 951 1207 984 miles,
1218 951 1314 979 emittit
1324 959 1414 980 vocem
1422 952 1513 980 dicens
1522 961 1529 980 :
1539 952 1664 987 Curjam,
1675 958 1796 989 lyrannc,

1011 1005 1063 1025 non
1076 998 1183 1025 085336?
1194 998 1336 1026 confessus
1350 1005 1408 1024 sum
1423 1005 1470 1032 per
1481 1005 1512 1026 08
1529 1006 1620 1025 verum
1631 1006 1692 1026 esse
1706 1007 1796 1034 regem

1011 1043 1160 1071 Christum.
1176 1043 1265 1070 Judex
1277 1048 1367 1072 autem
1381 1043 1507 1078 injuriam
1524 1044 1550 1071 in
1569 1045 1739 1080 tyrannidem
1756 1046 1797 1073 di-

1011 1095 1082 1118 ctam
1101 1097 1154 1117 non
1177 1090 1321 1123 sutferens,
1350 1090 1466 1118 convicit
1481 1091 1589 1125 quidem
1613 1098 1652 1123 se,
1671 1096 1698 1119 et
1722 1099 1797 1119 como

1012 1136 1148 1164 mendavit
1164 1142 1309 1171 martyrem
1325 1136 1424 1163 Citriin
1441 1145 1447 1163 :
1464 1138 1526 1172 quia
1541 1137 1600 1164 ideo
1614 1137 1670 1164 haec
1684 1145 1732 1172 pro
1751 1145 1797 1164 ve-

1013 1190 1043 1210 ro
1061 1190 1124 1216 rege
1139 1183 1249 1216 patitur,
1262 1183 1306 1217 qui
1328 1182 1364 1210 ita
1382 1183 1414 1210 de
1431 1183 1535 1210 mortali
1551 1191 1633 1211 ausus
1652 1189 1692 1210 est
1710 1184 1794 1218 loqui.

1012 1227 1157 1261 Propterea
1175 1227 1252 1261 jubet
1276 1235 1336 1254 eum
1360 1228 1413 1263 igni
1432 1229 1520 1260 tradi,
1539 1237 1666 1256 coronam
1689 1231 1797 1257 coronis

1013 1273 1188 1307 coniungens.
1211 1273 1244 1301 Et
1268 1274 1328 1301 ideo
1351 1275 1406 1301 cito
1430 1274 1597 1302 efliciebatnr
1622 1281 1796 1310 praeceptum.

1014 1319 1178 1355 Ejiciebatur
1190 1319 1261 1346 enim
1280 1319 1418 1347 Romanus
1437 1319 1513 1347 latus
1527 1325 1554 1347 et
1571 1326 1714 1348 coronattts
1733 1329 1796 1349 san—

1014 1365 1104 1399 guine,
1124 1364 1236 1399 insignia
1256 1365 1284 1391 in
1300 1364 1430 1392 lateribus
1446 1366 1549 1392 habens
1562 1374 1621 1399 qua-
1646 1373 1695 1400 pro
1728 1368 1798 1394 reri-

1016 1415 1071 1437 tale
1086 1410 1173 1437 fuerat
1190 1417 1287 1444 passus
1304 1417 1310 1436 :
1330 1414 1440 1444 portans
1460 1410 1558 1444 quippe
1577 1415 1603 1437 ct
1629 1411 1655 1437 in
1677 1411 1797 1439 humeris

1015 1463 1122 1483 crucetn
1138 1475 1144 1487 ,
1166 1460 1193 1482 et
1217 1455 1244 1482 in
1273 1454 1361 1482 fronte
1388 1455 1494 1489 signum
1516 1455 1613 1489 regale.
1630 1454 1697 1482 Cum
1710 1461 1799 1482 autem

1015 1501 1198 1528 adunareutur
1224 1506 1358 1528 sarmenta
1381 1505 1408 1528 et
1427 1508 1537 1533 cannae,
1569 1501 1602 1528 ad
1629 1501 1798 1528 velocitatem

1015 1552 1105 1580 utpote
1128 1546 1261 1579 ﬂammat,
1287 1547 1328 1573 vel
1355 1547 1425 1581 quod
1451 1547 1504 1581 igni
1533 1552 1594 1580 apta
1622 1546 1748 1574 videntur
1767 1548 1800 1573 ad

1016 1589 1209 1622 incensionem,
1231 1590 1418 1624 imponebatur
1430 1595 1520 1617 autem
1541 1590 1633 1618 vivens
1651 1590 1800 1618 imtnolatio

1016 1636 1042 1663 in
1067 1637 1128 1670 igne
1153 1636 1219 1671 (59).
1242 1635 1305 1664 Haec
1331 1643 1391 1663 cutn
1411 1636 1445 1663 ita
1462 1642 1616 1670 agerentur,
1644 1640 1697 1663 non
1723 1636 1799 1670 longe

1016 1686 1104 1708 autem
1129 1682 1235 1708 abesset
1258 1681 1364 1712 civitas.
1393 1685 1421 1707 ut
1439 1685 1582 1707 tt‘SIarelur
1611 1680 1741 1708 veritati:
1771 1685 1799 1707 et

1016 1727 1084 1754 forte
1115 1727 1176 1761 quia
1204 1727 1313 1762 quidam
1344 1727 1376 1754 dc
1401 1725 1501 1754 ludatis
1527 1731 1573 1753 aut
1602 1726 1647 1753 alii
1675 1727 1797 1754 homines

1016 1774 1150 1806 dicebant,
1171 1774 1216 1801 ubi
1236 1778 1277 1801 est
1292 1773 1387 1801 horum
1413 1773 1499 1800 Deus?
1518 1773 1588 1799 forte
1607 1772 1798 1807 proferentium

1018 1818 1171 1846 Judteorum
1189 1824 1244 1845 tres
1264 1825 1371 1853 pueros,
1387 1822 1414 1845 et
1429 1817 1588 1849 dicentium,
1606 1818 1667 1851 quia
1685 1817 1736 1844 sub
1753 1825 1800 1844 nos

1016 1864 1189 1891 salvabantur
1205 1872 1219 1890 a
1239 1863 1347 1890 ﬂamma
1368 1863 1486 1890 fornacis
1500 1862 1633 1895 ardentis,
1652 1863 1697 1890 isti
1711 1867 1800 1890 autem

1017 1911 1131 1937 ardent:
1147 1911 1221 1945 atqui
1233 1910 1294 1938 cmli
1311 1910 1386 1944 jubet
1401 1910 1532 1937 Dominus
1548 1910 1663 1938 nubibus
1675 1911 1799 1938 coronari

1017 1956 1126 1983 ccelum.
1146 1956 1301 1990 Adimpleus
1324 1961 1413 1983 autem
1439 1955 1514 1982 siutts
1538 1956 1648 1983 nubium
1669 1957 1800 1991 grandine

1018 2007 1044 2029 et
1064 2002 1151 2029 itnbre
1174 2002 1317 2028 admodum
1337 2002 1501 2033 vehementi,
1528 2006 1556 2028 et
1583 2002 1686 2029 addens
1705 2007 1801 2028 ventos

1018 2048 1052 2075 ad
1079 2048 1198 2075 velocem
1225 2047 1399 2074 entissiouetn
1424 2055 1517 2075 eoruut
1541 2056 1548 2074 :
1577 2054 1664 2082 neque
1692 2049 1801 2075 accendt

1018 2093 1152 2120 ﬂantntant
1166 2094 1307 2128 permittit,
1326 2094 1556 2121 vehementiorem
1568 2095 1716 2121 ostendens
1734 2095 1802 2121 hanc

1021 2141 1157 2173 virtutem,
1184 2148 1264 2175 quam
1296 2141 1366 2174 apud
1393 2140 1574 2175 Babyloniam.
1603 2140 1658 2167 Illic
1688 2141 1759 2167 enim
1787 2148 1802 2167 e

184 2191 262 2214 uerat
276 2187 330 2214 illo.
348 2187 413 2213 Cum
434 2187 626 2221 autemjactari
647 2195 660 2213 a
679 2187 881 2221 tempestatibus
895 2187 966 2214 illaut
983 2189 1005 2216 Ι)
1020 2185 1125 2213 ﬂamma
1146 2190 1201 2213 tres
1220 2193 1317 2221 pueros
1335 2185 1484 2213 liberavit:
1503 2185 1563 2213 istic
1580 2191 1669 2212 autem
1692 2192 1724 2212 ne
1741 2186 1802 2219 qui-

185 2237 249 2260 tunc
265 2232 366 2259 videret
379 2232 516 2259 civitatem
543 2232 694 2267 (invenerat
707 2233 777 2259 ettitn
792 2233 848 2267 jattt
870 2233 967 2259 multos

184 2278 284 2306 milites
300 2279 430 2307 cecidisse
456 2280 613 2315 Ecclesiae),
635 2289 688 2308 ttott
715 2286 757 2308 est
781 2289 876 2315 passus
902 2281 967 2308 dare

184 2324 290 2352 diabolo
305 2329 333 2352 ut
344 2326 491 2354 exsultaret
509 2334 516 2352 :
530 2328 577 2354 sed
597 2327 778 2354 exsultantem
793 2327 911 2362 judicem
934 2327 966 2354 de

185 2369 226 2397 his
242 2370 286 2404 qui
299 2370 407 2398 fuerant
419 2372 537 2405 superati
551 2372 718 2406 aggreditur,
734 2373 786 2399 vim
802 2371 906 2399 faciens
921 2379 964 2398 re-

184 2423 236 2450 gno
248 2423 310 2443 vcro
328 2422 401 2450 rapto
413 2417 468 2452 (57)
491 2425 498 2444 :
522 2423 549 2445 et
562 2418 625 2444 dicit
642 2427 648 2444 :
663 2417 720 2445 Non
742 2418 851 2445 recedes
878 2418 965 2445 laetus.

185 2461 272 2489 Habet
288 2463 359 2489 enim
377 2462 448 2489 Deus
463 2463 561 2490 milites
579 2465 624 2498 qui
641 2464 761 2498 superari
774 2472 826 2490 non
843 2469 966 2497 possunt.

184 2506 270 2534 Judex
282 2512 372 2533 autern
386 2507 476 2534 ebrius
493 2508 519 2534 iu
549 2509 659 2534 victoria
684 2516 777 2535 eorutn
800 2509 845 2543 qui
863 2508 969 2535 fuerant

185 2553 313 2588 superati,
331 2560 364 2579 ex
391 2552 496 2580 illorutn
512 2553 697 2581 imbecillitate
723 2554 861 2581 testimans
882 2555 968 2581 sancti

220 2629 277 2666 (52)
292 2628 431 2664 Proposuit
442 2637 469 2656 re
479 2629 589 2657 comedi.
603 2628 704 2664 Sponte
725 2636 755 2657 se
768 2629 866 2657 obtulit
881 2629 967 2656 leonis

185 2664 235 2692 bus
245 2666 405 2691 vorandum.

220 2698 277 2735 (55)
302 2698 456 2726 Holocausti
472 2699 545 2732 facti.
564 2698 740 2735 ξολοκαυστοι
758 2699 784 2726 id
797 2704 841 2735 est
861 2698 967 2735 penitus

185 2734 347 2775 consumpti,
357 2739 385 2761 et
394 2735 549 2761 holocausta
560 2734 633 2765 facti,
648 2735 670 2761 si
678 2741 786 2770 spectes
796 2734 901 2761 illorum
911 2734 969 2761 ala-

186 2774 508 2839 σῗὲὶῖῐὲἆιίιίαειίοηενη.
524 2803 681 2838 Ἀπολογίαν
692 2811 771 2838 supra
784 2803 923 2832 col.1095.
935 2803 966 2831 Β.

222 2838 278 2874 (55)
296 2840 365 2873 Ipse.
377 2838 430 2865 Pro
443 2839 520 2865 idem.

344 2886 471 2918 Pauor.
491 2886 675 2918 Gtt.XXlV.

1020 2232 1080 2259 dem
1104 2232 1214 2259 accendi
1235 2231 1349 2259 ﬂamma:
1371 2239 1531 2259 concessum
1554 2236 1605 2257 est.
1632 2230 1674 2257 Fit
1699 2230 1801 2257 turbela

1020 2285 1073 2305 non
1089 2277 1156 2304 levis
1176 2287 1182 2305 :
1210 2278 1366 2304 nuntiantur
1383 2277 1440 2313 (60)
1460 2282 1575 2313 tyranno
1599 2277 1661 2310 quia
1684 2280 1802 2309 martyre

1020 2324 1120 2351 tradito
1136 2324 1190 2359 igni
1203 2324 1301 2351 cmlutn
1318 2324 1485 2358 indignatum
1500 2327 1551 2356 est,
1570 2326 1596 2348 et
1607 2321 1669 2356 quia
1682 2322 1801 2348 ccelestis
1831 2319 1835 2324 ’

1020 2378 1066 2397 rex
1081 2377 1144 2397 suos
1159 2370 1205 2404 qui
1224 2370 1250 2397 in
1273 2375 1344 2397 terra
1366 2369 1499 2396 habentur
1512 2367 1642 2395 defendit.
1662 2367 1723 2394 llaec
1738 2374 1799 2394 cutn

1019 2415 1138 2443 audisset
1152 2422 1293 2450 tyrannus,
1303 2421 1402 2441 etcum
1416 2414 1493 2440 valde
1506 2413 1633 2446 iujuriam
1646 2413 1801 2440 defenderet

1019 2467 1096 2487 suam
1109 2460 1207 2488 factam
1222 2468 1269 2495 per
1282 2461 1412 2495 linguam,
1427 2460 1598 2494 jubetjudici
1615 2458 1671 2493 jam
1687 2466 1738 2485 nun
1755 2458 1801 2485 tle-

1020 2508 1084 2534 bere
1097 2507 1201 2542 jurgari
1214 2515 1274 2534 eum
1291 2507 1323 2533 ad
1337 2506 1432 2535 Deum,
1446 2507 1493 2533 sed
1509 2506 1589 2532 istum
1604 2513 1682 2536 quem
1701 2504 1799 2531 libera-

1023 2555 1060 2580 vit
1080 2555 1149 2581 Deus
1165 2554 1263 2580 dimitti
1284 2553 1392 2579 debere.
1418 2552 1449 2579 Et
1473 2557 1563 2579 noster
1582 2553 1664 2584 igitur
1680 2550 1800 2578 Ananiae

1062 2629 1108 2666 56)
1123 2629 1287 2666 ζηετεάἰὺίιὶ.
1299 2628 1351 2656 Pro
1366 2628 1511 2666 increduio.

1063 2662 1108 2701 57')
1126 2665 1212 2701 ζζιςηρ
1226 2672 1284 2691 vero
1299 2668 1386 2701 rqpto.
1408 2664 1485 2697 Quod
1500 2663 1606 2690 violenti
1627 2662 1745 2697 rapiunt,
1774 2668 1802 2689 ut

1017 2698 1117 2728 dicitur
1128 2698 1222 2726 Matth.
1242 2706 1281 2731 ιι,
1305 2698 1346 2725 l2.

1051 2735 1108 2770 (58)
1125 2734 1173 2770 bis.
1190 2733 1339 2770 @stima‘ns
1352 2733 1427 2770 fartis
1437 2733 1622 2770 constantiam,

1052 2768 1108 2806 (ego)
1125 2769 1175 2806 bis.
1193 2768 1378 2806 Imponebatur
1390 2768 1474 2795 vivens
1488 2768 1637 2806 immolalio
1651 2768 1677 2795 in
1692 2768 1761 2803 igne.

1052 2803 1109 2841 (60)
1131 2803 1307 2831 Nuntianmr.
1327 2803 1407 2831 Forte
1425 2804 1572 2831 nuntiatur.

1605 2884 1642 2913 325
