2024 3208
251 123 320 151 1099

605 119 739 148 EUSEBII
759 119 995 150 CESARIENSIS
1013 119 1087 147 OPP.
1108 119 1198 147 PARS
1215 119 1258 147 IV.
1279 136 1312 140 ——
1330 98 1539 150 DOGMATICA.

1797 122 1866 151 H00

250 181 323 207 velut
339 187 372 207 ex
392 179 453 215 igne
465 178 618 206 dimittitur.
633 178 718 206 Judex
731 184 819 205 autem
831 179 972 205 blandiens
988 183 1029 213 ty-
1047 181 1068 208 Α
1083 179 1164 206 senti.
1185 179 1284 206 lterum
1308 180 1352 214 qui
1378 180 1510 207 inciderat
1531 173 1663 213 medicus,
1692 181 1865 209 constituitur

253 233 347 258 ranno,
373 225 481 260 iniquus
504 225 643 252 voluntate
670 230 696 251 et
715 225 868 259 proposito,
893 223 952 251 sine
980 223 1034 251 Deo

251 270 361 305 degens,
375 271 486 305 cupiens
503 270 569 297 nihil
589 270 684 297 deesse
702 270 896 297 blandimentis
908 270 974 302 suis,
992 270 1034 296 in-

251 317 325 343 venit
337 315 428 343 nescio
443 315 506 349 quid
523 322 621 342 novum
635 315 767 341 adversus
778 319 913 347 sanetum,
931 315 1034 342 addens

250 361 456 389 admirationem
485 360 719 387 admirationibns.
748 359 816 393 Quid
847 360 920 387 enim
949 359 1034 387 facit?

251 408 372 442 praecipit
388 407 505 441 linguam
525 413 577 439 qua
598 405 686 432 fuerat
710 406 815 433 locutus
832 406 858 433 in
880 406 1029 439 hominem,

251 461 283 480 co
299 454 370 487 quod
392 459 443 479 non
472 455 617 486 negaverat
641 451 736 484 Deum,
756 452 848 479 incidi.
870 451 902 478 Et
923 452 1032 487 quidam

251 498 374 526 medicus
390 498 433 532 qui
449 498 504 532 jam
528 502 620 524 ruerat
639 504 691 524 non
716 498 855 532 proposito
873 498 919 525 sed
943 499 1034 526 carnis

251 545 426 576 infirmitate;
452 544 514 578 quia
535 543 606 571 enim
628 545 685 578 ipse
706 543 794 570 fuerat
817 548 961 578 superatus
976 544 1034 571 cxi-

250 591 305 623 vit;
318 590 447 618 exsultari
463 590 528 617 libet
541 590 574 617 de
591 590 702 617 victoria
717 590 870 624 superantis
884 598 891 616 :
908 590 1033 624 provenit

251 642 340 663 autem
360 637 440 663 istum
465 641 574 669 portare
599 635 769 662 medicinalis
789 641 974 670 operamenta.
1002 636 1034 663 Β

250 682 333 709 exivit
351 687 380 709 ut
399 682 585 709 consolaretur
605 689 681 709 suam
706 681 811 708 ruinam
827 690 834 707 :
853 682 978 709 inventus
993 687 1034 710 est

251 729 276 755 in
297 729 376 755 aliam
397 728 570 755 tentationein
588 727 736 754 incurrere.
754 726 893 761 Praecepto
904 728 974 754 enim
988 728 1032 763 jn-

251 774 320 800 dicis
335 774 478 801 insistente
495 777 524 800 ut
540 772 629 806 lingua
642 773 807 800 incideretur
821 773 917 803 sancti.
930 778 957 800 et
970 774 1033 808 quia

251 820 376 847 inventus
394 824 436 846 est
452 819 496 845 ille
512 822 604 854 parata
622 818 726 845 habens
745 819 778 845 ad
792 817 871 845 istam
886 819 1034 846 necessita-

250 871 304 892 tem
321 866 502 897 ferramenta,
518 864 664 899 urgebatur
682 863 804 891 incidere
826 871 906 898 quam
926 864 1034 892 nolebat
1049 853 1070 880 Β

251 912 382 948 linguam.
404 912 436 939 Et
451 911 544 939 incidit
559 911 666 946 quidem
679 918 687 938 :
703 918 765 938 cum
780 915 870 938 autent
884 911 1033 944 incidisset,

251 958 338 992 ipsam
357 957 474 992 linguam
489 965 554 984 usus
570 962 612 984 est
627 957 660 983 ad
680 956 789 984 tutelam
803 957 845 984 sui
863 966 870 984 :
890 964 942 985 non
961 958 1034 985 cnim

250 1002 364 1037 proiecit
383 1010 463 1037 quam
484 1001 587 1034 incidit,
605 1002 650 1029 sed
675 1002 811 1035 accipiens
834 1009 904 1034 eam,
925 1007 955 1029 ut
979 1011 1035 1030 me-

251 1049 373 1075 dicamen
390 1049 423 1074 ad
438 1048 581 1075 sanitatem
599 1047 670 1075 illius
689 1048 780 1075 delicti
797 1049 867 1082 quod
885 1049 1034 1076 admiserat

251 1093 285 1119 ah
308 1093 441 1127 negando,
463 1093 601 1126 accipiens
618 1092 688 1119 domi
715 1093 847 1125 recondit,
873 1098 901 1121 ut
922 1101 1034 1121 consue-

252 1143 314 1165 runt
332 1139 386 1173 (61)
411 1138 584 1171 inﬁrmiores,
611 1138 703 1166 ﬁdeles
726 1143 826 1172 tamen,
850 1140 983 1167 honorare
1011 1140 1033 1168 si

250 1184 315 1218 quid
332 1192 345 1210 a
360 1184 525 1219 martyribus
540 1183 714 1218 sumpserint.
731 1184 801 1211 Dicit
811 1189 900 1213 autem
917 1185 1034 1213 medico-

251 1237 309 1256 rum
327 1230 462 1261 doctrina,
476 1234 644 1257 contestatur
655 1230 736 1256 etiam
751 1235 777 1257 et
789 1236 895 1263 natura,
911 1231 972 1263 quia
985 1231 1035 1258 liii-

250 1283 309 1310 guae
321 1275 424 1307 incisio,
436 1275 588 1302 interfectio
596 1279 638 1302 est
645 1275 704 1310 ejus
713 1282 727 1302 a
740 1283 793 1310 quo
804 1276 930 1304 inciditur
941 1286 947 1304 ε
957 1285 1035 1312 opor—

252 1321 326 1347 tebat
344 1325 433 1347 autem
451 1325 479 1347 ct
492 1321 612 1347 secundo
627 1329 641 1347 a
662 1325 747 1348 morte
763 1321 870 1349 liberari
887 1327 1034 1358 martyrem

251 1365 351 1392 Christi
367 1374 373 1392 :
387 1372 451 1397 ergo
465 1373 527 1393 eum
542 1366 696 1399 producunt
711 1366 788 1393 nobis
799 1366 883 1394 Judaei
900 1372 956 1395 tres
970 1375 1035 1401 pue-

251 1417 306 1442 ros,
319 1411 345 1437 in
356 1418 409 1438 uno
421 1411 473 1438 tria
485 1411 657 1446 proferimus.
673 1411 770 1445 Etiam
783 1412 890 1446 quidem
903 1413 1035 1441 habemus

250 1457 304 1482 duo
324 1456 457 1483 mirabilia
481 1465 487 1483 :
517 1455 651 1483 ﬂammam
678 1464 712 1483 ne
738 1457 847 1491 quidem
878 1465 1034 1486 concessam

251 1501 385 1528 ﬂammam
411 1502 487 1535 ﬁeri;
524 1508 585 1537 post
614 1503 772 1530 incisionem
803 1503 910 1539 linguae,
941 1498 1069 1551 vitanz,c

251 1555 331 1582 quam
356 1552 450 1574 natura
470 1548 576 1581 quidem
601 1555 652 1575 non
669 1548 822 1581 conﬁtetur,
846 1551 931 1584 gratia
945 1556 1033 1578 autem

250 1593 361 1620 addidit.
378 1592 427 1620 Ubi
438 1600 501 1627 ergo
512 1592 589 1620 tertia
604 1593 746 1621 admiratio
762 1600 802 1620 est
817 1594 848 1621 de
859 1595 951 1622 eodem
964 1603 1035 1623 mar-

252 1645 310 1674 tyre
330 1639 448 1666 Christi?
465 1639 654 1666 Adducebatur
669 1639 806 1667 Romanus
825 1641 858 1667 ad
872 1649 1010 1669 carcerem
1026 1651 1050 1670 :.

251 1685 367 1713 addebat
399 1691 487 1712 autem
514 1690 540 1713 et
561 1685 612 1712 hoc
631 1685 745 1713 blandus
772 1687 805 1714 ad
827 1693 967 1720 tyrannum
988 1687 1033 1722 ju-

249 1732 312 1763 dex,
337 1731 381 1765 qui
407 1731 485 1758 istam
510 1730 676 1765 corporalem
693 1731 810 1766 linguam
831 1741 884 1759 non
908 1733 1032 1760 habebat.

249 1775 360 1804 Lectum
375 1780 416 1804 est
429 1782 518 1804 autem
539 1776 628 1808 nobis,
647 1776 709 1811 quia
727 1778 753 1804 in
768 1778 905 1812 apostolos
917 1778 1034 1813 Spiritus

250 1823 356 1858 linguas
373 1827 403 1849 ut
420 1822 508 1856 ignem
525 1822 618 1849 divisit
635 1826 662 1849 et
678 1822 798 1850 donavit.
816 1822 869 1851 Sed
886 1823 959 1850 illum
979 1832 1032 1852 non

249 1869 377 1899 vidimus,
400 1868 446 1894 sed
466 1868 616 1894 audivimus
632 1872 658 1894 et
675 1867 819 1895 credimus.
844 1868 920 1902 Quod
943 1873 1032 1896 autem

249 1915 371 1942 diclurus
383 1921 453 1949 sum,
469 1913 543 1940 multi
560 1913 648 1941 vultus
666 1913 722 1949 (62)
742 1918 805 1941 sunt
821 1918 913 1942 testes.
931 1914 1033 1942 Dicitur

249 1959 311 1994 quia
335 1959 430 1986 beatus
455 1958 506 1985 iste
524 1958 673 1991 Romanus,
701 1959 763 1994 dum
791 1958 882 1986 adhuc
905 1966 1032 1988 carncam

250 2004 365 2031 habebat
384 2003 512 2037 linguam,
528 2003 626 2031 similia
642 2004 726 2039 Moysi
742 2005 910 2039 loquebatur,
927 2005 977 2033 hoc
992 2010 1035 2033 est

250 2048 410 2079 balbutiens,
434 2052 527 2074 etnon
547 2049 694 2082 composite
713 2049 836 2082 loquens.
855 2049 922 2076 Dum
943 2048 1032 2077 adhuc

252 2094 364 2120 haberet
384 2097 466 2119 totam
492 2092 620 2127 linguam,
643 2098 670 2120 et
692 2101 744 2120 non
769 2099 861 2128 posset
884 2095 1034 2129 composite

251 2137 334 2172 loqui,
350 2143 408 2164 erat
419 2138 525 2164 balbus.
542 2138 591 2170 Qui
607 2142 696 2164 autem
711 2145 848 2165 carcerem
864 2139 1034 2172 ingrediebai

250 2187 294 2210 tur
311 2188 401 2210 custos
415 2183 534 2210 carceris
553 2183 729 2218 interrogavit
742 2191 816 2215 eum,
832 2184 902 2218 quod
917 2184 940 2211 ei
956 2189 1031 2212 esset

248 2236 345 2256 nomen
356 2234 396 2256 :et
412 2234 486 2256 certe
500 2229 597 2256 litteris
608 2228 663 2263 (65)
674 2228 730 2263 jam
748 2229 791 2256 his
805 2229 851 2262 qui
867 2229 945 2256 valde
960 2237 1033 2257 coin-

247 2274 327 2310 positi
343 2279 416 2302 reete
430 2274 586 2308 loquuntur,
601 2274 710 2308 impedit
722 2275 754 2300 ad
766 2274 939 2307 loquendum.
956 2274 1032 2302 Nunc

247 2324 337 2346 autent
353 2318 489 2347 Romanus
503 2323 530 2346 et
543 2319 628 2346 incisa
652 2319 757 2354 lingua;
776 2327 856 2354 quam
873 2327 934 2346 cum
953 2320 1033 2347 habe-

249 2370 290 2392 rct
304 2365 371 2400 (64),
387 2371 413 2391 et
426 2369 498 2392 recte
512 2364 583 2399 loqui
599 2372 651 2391 non
666 2369 789 2399 poterat;
805 2365 923 2399 Spiritus
936 2364 1031 2399 lingua:

248 2410 376 2444 loquitur,
402 2414 430 2436 et
451 2409 528 2437 valde
550 2411 710 2442 rectissime.
738 2414 765 2437 et
788 2410 863 2441 dicit,
892 2409 1029 2438 Romanus

247 2456 333 2483 dicor.
348 2455 445 2482 lterum
462 2455 601 2482 nuntiatur
617 2456 669 2483 hoc
681 2455 764 2490 jttdici
782 2460 809 2483 et
824 2459 939 2490 tyranno
956 2463 1027 2491 prae-

290 2503 314 2518 ⁸⁷
329 2502 338 2529 l
353 2503 416 2529 Cor.
434 2510 489 2533 xw,
504 2503 548 2529 22.
585 2502 607 2518 ⁵⁸
617 2503 700 2530 Marc.
715 2510 773 2536 vni,
789 2503 833 2530 '53.

284 2549 339 2585 (6i)
362 2548 393 2574 Ut
408 2557 574 2575 certauerunt.
591 2549 627 2576 Ul
641 2550 723 2576 solent
743 2549 902 2583 infirmiores
920 2549 989 2576 clam
1006 2555 1033 2578 et

247 2584 320 2611 domi
339 2584 490 2611 reconditas
503 2589 649 2619 martyrum
664 2586 792 2619 reliquias
805 2585 956 2617 honorare;
971 2593 1031 2612 cum

248 2619 376 2646 fortiores
391 2619 477 2652 palam
496 2618 521 2644 ὶιΙ
536 2618 675 2646 facerent:
699 2618 759 2646 erat
773 2624 865 2647 autem
886 2619 931 2646 ille
947 2620 1031 2646 medi-

247 2662 294 2679 cus
317 2654 404 2680 carnis
439 2653 592 2687 infirmitate
624 2653 723 2688 lapsus,
754 2654 824 2682 sicut
861 2655 939 2689 paulo
971 2659 1033 2683 ante

249 2689 359 2715 dictum.

285 2723 340 2756 (0‘2)
363 2723 467 2750 Vultus.
481 2725 640 2758 Πρόσωπα,
657 2729 787 2758 aspectus.

286 2759 341 2792 (ϋὸ)
361 2758 567 2786 LitterazJ‘ortc
583 2760 682 2790 littera,
704 2765 732 2786 ut
753 2766 848 2786 sensus
867 2759 923 2786 sit:
941 2758 1029 2786 littera

251 2791 272 2817 ιι
285 2791 344 2826 quae
355 2801 425 2827 aegre
439 2795 626 2827 pronuntiatur
642 2795 724 2821 etiaut
740 2794 773 2821 ab
792 2794 825 2821 iis
846 2795 892 2828 qui
908 2802 941 2820 os
957 2800 1029 2823 recte

251 2828 427 2856 comoositutn
447 2829 547 2857 habent
562 2830 595 2857 ad
612 2829 785 2859 loquendum.
801 2836 882 2859 nunc.
900 2835 953 2857 etc.

1084 224 1109 251 in
1134 225 1237 252 timore.
1261 225 1357 258 Etiam,
1380 226 1481 260 inquit,
1506 227 1556 254 iste
1583 227 1671 254 adhuc
1694 227 1865 255 Christianus

1083 276 1142 298 est:
1160 275 1187 298 ut
1203 271 1279 298 fratri
1294 279 1409 306 parcens
1421 273 1583 307 contempsit
1595 278 1771 307 praeceptum.
1786 273 1866 301 Forte

1083 321 1172 343 autem
1187 317 1240 350 ille,
1255 318 1366 352 cupiens
1382 323 1440 352 post
1457 318 1616 346 incisionem
1633 319 1732 354 linguas
1752 327 1805 347 non
1819 327 1866 348 su-

1083 367 1193 395 peresse
1213 366 1370 397 martyrem,
1396 367 1423 389 et
1445 363 1539 398 majori
1573 370 1700 391 mensura
1722 364 1815 392 incidit
1833 366 1866 392 ad

1084 406 1297 434 interfectionem
1313 407 1401 440 potius
1412 414 1491 441 quam
1506 407 1539 434 ad
1552 408 1750 443 praecisionem.
1764 409 1866 437 Tamen

1083 452 1297 486 comprehensus
1317 451 1437 480 medicus
1460 452 1610 480 ducebatur
1631 454 1664 480 ad
1681 453 1814 487 iudicem,
1838 458 1866 482 et

1085 497 1220 531 negotium
1248 498 1373 529 habebat,
1401 505 1450 524 cur
1479 498 1681 533 |oqueretur.is
1707 500 1750 526 cui
1781 499 1866 528 incisa

1084 542 1171 570 fuerat
1194 542 1296 578 lingua.
1314 542 1371 570 Non
1388 543 1460 570 enim
1479 544 1563 571 semel
1579 544 1684 572 locutus
1701 546 1797 578 tacuit,
1820 546 1865 573 sed

1084 587 1240 615 conferebat
1254 596 1315 616 cum
1329 588 1389 616 aliis
1404 589 1437 616 de
1450 596 1533 617 cruce
1546 594 1573 616 et
1588 589 1701 617 victoria
1715 591 1826 623 Christi,
1840 597 1866 620 et

1084 634 1135 661 hoc
1149 633 1239 661 multis
1251 633 1388 661 mensibus
1409 634 1435 661 in
1455 641 1566 662 carcere
1582 636 1758 664 constitutus.
1778 636 1864 664 Habe-

1084 687 1144 706 mus
1158 687 1222 714 ergo
1239 684 1265 707 et
1283 680 1390 706 tertiam
1408 680 1628 713 admirationem,
1643 685 1672 708 et
1688 689 1756 709 unus
1770 682 1865 710 Eccle-

1083 725 1130 753 sia:
1145 726 1315 764 martyr‘jam
1329 730 1452 760 sequatur
1471 726 1557 754 tribus
1575 733 1606 753 ex
1627 725 1779 762 Synagoga.
1800 727 1865 755 Cum

1084 775 1175 798 autem
1197 771 1332 806 negotium
1350 775 1488 806 pateretur
1503 771 1634 804 medicus,
1653 777 1683 799 ut
1699 773 1863 802 condiscatis

1083 821 1213 851 quantum
1229 816 1290 844 boni
1309 816 1355 848 sit,
1371 820 1398 843 el.
1412 816 1503 844 brevis
1516 817 1624 851 quidam
1640 818 1710 845 ictus
1736 819 1865 853 religiosi-

1085 863 1160 889 tatis.
1180 861 1248 895 Quia
1270 862 1340 890 enim
1361 862 1451 891 tutelae
1471 871 1553 891 causa
1571 868 1715 899 acceperat
1734 865 1864 900 linguam,

1085 908 1148 943 quia
1168 908 1195 936 in
1211 908 1316 936 ratione
1337 909 1432 936 salutis
1447 909 1602 937 thesaurum
1623 911 1782 938 reconderat
1799 911 1865 944 sibi,

1083 954 1184 981 exhinc
1208 953 1264 989 jam
1285 955 1390 989 accepit
1412 954 1528 982 fructum
1545 954 1617 982 ﬁdei.
1632 955 1719 984 Judici
1737 956 1809 983 enim
1826 957 1866 984 in-

1083 999 1203 1034 dignanti
1213 1005 1240 1026 et
1254 1000 1440 1033 comminanti,
1454 1005 1482 1028 et
1493 1000 1549 1034 jam
1571 1008 1632 1029 eum
1649 1001 1804 1030 interﬁcere
1820 1009 1866 1029 vo-

1085 1045 1148 1073 lenti
1158 1045 1295 1080 respondit
1305 1047 1423 1074 medicus
1434 1055 1441 1074 :
1452 1046 1542 1074 Habeo
1553 1047 1668 1082 linguam
1679 1055 1758 1082 quam
1772 1047 1864 1075 incidi.

1084 1091 1250 1118 Producatur
1273 1091 1352 1124 alius,
1369 1093 1412 1119 cui
1434 1100 1485 1119 non
1509 1093 1614 1120 assistit
1628 1093 1708 1126 Deus,
1723 1098 1750 1120 et
1770 1101 1865 1121 secun-

1084 1137 1145 1163 dum
1161 1144 1316 1164 mensuram
1331 1138 1422 1165 incisae
1438 1137 1544 1173 linguae,
1569 1139 1702 1166 incidatur
1715 1139 1823 1173 lingua;
1838 1143 1865 1166 et

1083 1181 1105 1208 si
1121 1181 1237 1212 vixerit,
1260 1189 1349 1209 meum
1363 1188 1544 1210 commentum
1561 1189 1614 1216 est,
1638 1189 1664 1211 et
1681 1191 1732 1211 non
1756 1184 1804 1211 Dei
1817 1184 1864 1212 de-

1083 1226 1179 1254 fensio.
1198 1227 1361 1255 Producitur
1375 1228 1483 1263 quidam
1497 1229 1694 1262 damnatorum,
1710 1234 1739 1257 et
1749 1229 1865 1265 diligen-

1085 1270 1188 1299 tissime
1204 1279 1329 1299 mensura
1350 1278 1459 1307 accepta
1473 1293 1481 1306 ,
1495 1273 1580 1300 incisa
1604 1274 1685 1301 etiam
1705 1274 1795 1309 lingua
1814 1279 1864 1307 est.

1083 1324 1143 1352 quae
1157 1317 1274 1344 habebat
1291 1317 1372 1345 incidi
1399 1317 1513 1346 Tantum
1529 1324 1558 1346 ut
1575 1319 1684 1354 impleta
1701 1320 1797 1347 incisio
1811 1325 1865 1354 est,

1083 1367 1112 1390 et
1129 1362 1191 1390 ﬁnis
1204 1362 1262 1396 ejus
1284 1363 1433 1398 completus
1447 1369 1489 1391 est
1505 1365 1575 1392 vitae.
1594 1365 1627 1392 Et
1642 1365 1685 1392 ille
1701 1366 1810 1400 quidem
1825 1371 1866 1394 est

1084 1413 1219 1436 mortuus.
1244 1409 1291 1437 Dei
1312 1414 1402 1437 autem
1418 1418 1452 1438 ex
1469 1411 1673 1446 comparatione
1695 1413 1865 1439 tenebrarum

1084 1455 1233 1489 apparebat
1248 1455 1430 1483 clarissimum
1446 1456 1549 1484 lumen.
1565 1457 1593 1484 Si
1609 1458 1670 1492 quis
1683 1461 1774 1485 autem
1790 1457 1865 1485 inﬁr-

1086 1508 1145 1528 mus
1164 1501 1356 1530 etincredultts
1375 1506 1427 1535 est,
1453 1503 1529 1538 signa
1545 1508 1634 1531 autem
1658 1503 1820 1536 inﬁdelibus,
1837 1509 1865 1531 ut

1085 1547 1152 1574 dicit
1173 1547 1313 1581 Scriptura
1324 1548 1357 1579 ".
1376 1548 1506 1576 habemus
1522 1549 1579 1576 haec
1601 1548 1723 1583 proferre
1735 1557 1795 1584 quae
1816 1557 1864 1577 au-

1085 1590 1211 1618 divimus.
1227 1591 1261 1618 Et
1276 1596 1350 1619 certe
1372 1599 1424 1619 non
1441 1597 1541 1619 tantum
1561 1600 1645 1628 egena
1668 1599 1711 1620 est
1727 1594 1863 1625 Ecclesia;

1085 1637 1132 1664 sed
1153 1641 1181 1664 et
1195 1637 1228 1665 de
1242 1637 1295 1665 alio
1313 1637 1403 1665 audivi
1416 1645 1482 1673 ego,
1496 1638 1559 1673 quia
1580 1639 1620 1665 vir
1638 1639 1746 1673 quidam
1764 1640 1798 1666 ad
1819 1639 1864 1666 bc-

1085 1682 1151 1709 stias
1168 1682 1266 1709 missus
1285 1686 1343 1715 est,
1356 1690 1372 1710 a
1390 1683 1483 1711 bestiis
1503 1689 1592 1712 autem
1608 1691 1660 1711 non
1676 1690 1864 1720 consumptus,

1086 1733 1115 1754 ut
1139 1728 1241 1759 Daniel,
1264 1727 1393 1756 Ecclesia:
1416 1729 1551 1757 referebat
1574 1729 1705 1757 mirabilia
1731 1730 1789 1758 Dei.
1812 1731 1863 1758 Sed

1085 1781 1138 1800 non
1151 1775 1187 1801 sit
1202 1774 1268 1801 mihi
1280 1775 1406 1810 colligere
1420 1775 1494 1802 talia.
1511 1775 1563 1803 Ista
1577 1776 1648 1802 enini
1665 1777 1864 1811 supportatoria

1085 1819 1277 1847 inﬁrmantium
1295 1820 1436 1854 habentur,
1449 1821 1508 1848 istae
1521 1821 1720 1850 satisfactiones
1735 1827 1799 1850 sunt
1814 1831 1864 1851 non

1084 1865 1262 1892 credentium.
1289 1866 1343 1893 Sed
1368 1873 1455 1901 neque
1481 1868 1533 1894 ista
1559 1875 1666 1902 sperno,
1691 1875 1744 1896 nec
1766 1869 1864 1897 abnuo.

1084 1910 1255 1938 Glorilicetur
1287 1916 1377 1939 autem
1407 1917 1434 1940 et
1457 1912 1483 1940 in
1514 1913 1573 1941 istis
1603 1913 1763 1941 miriﬁcator
1786 1914 1865 1942 Deus.

1085 1956 1171 1991 Diligo
1187 1961 1278 1984 autem
1291 1964 1353 1984 cum
1370 1957 1450 1985 video
1463 1957 1544 1985 incidi
1560 1958 1649 1994 capita
1665 1964 1827 1994 martyrum,
1839 1964 1865 1986 et

1085 2007 1169 2030 totum
1191 2010 1288 2037 corpus
1304 2003 1410 2034 ardere.
1431 2009 1459 2031 et
1476 2003 1596 2038 virgines
1608 2004 1694 2032 nudas
1709 2012 1762 2031 non
1779 2005 1865 2032 irreli-

1083 2049 1166 2084 giosis
1181 2049 1276 2082 oculis,
1293 2049 1388 2077 amicis
1399 2054 1487 2076 autem
1503 2055 1530 2077 et
1548 2050 1685 2078 fraternis.
1703 2050 1774 2078 Nihil
1795 2052 1865 2079 enim

1086 2095 1181 2122 horum
1197 2095 1320 2122 terribile
1332 2095 1425 2122 vident
1439 2095 1549 2127 fratres,
1567 2096 1628 2130 quia
1645 2104 1694 2123 nec
1713 2097 1863 2131 patiuntur.

1085 2140 1144 2168 Istae
1164 2144 1226 2168 sunt
1242 2140 1344 2174 gloriae,
1363 2140 1421 2167 ista!
1438 2146 1536 2168 nostra:
1555 2141 1722 2169 dilectiones.
1747 2142 1780 2168 Et
1805 2141 1864 2176 qui-

1049 2200 1071 2227 ο
1085 2187 1143 2212 dent
1157 2186 1202 2220 qui
1220 2186 1346 2213 inciditur
1365 2186 1463 2221 capite,
1483 2186 1592 2213 habebit
1606 2191 1687 2220 caput
1705 2187 1730 2213 in
1744 2186 1864 2222 judicio;

1084 2231 1147 2265 quia
1162 2232 1207 2265 qui
1230 2232 1306 2258 ardet
1327 2236 1408 2262 totus,
1426 2231 1609 2258 holocaustum
1633 2232 1688 2259 Deo
1703 2232 1805 2260 viventi
1821 2232 1863 2260 of-

1084 2273 1178 2303 fertur.
1195 2277 1227 2304 Et
1247 2277 1320 2311 virgo
1338 2277 1446 2309 nudata,
1462 2284 1514 2304 non
1531 2277 1619 2309 nuda;
1639 2277 1720 2305 habet
1732 2279 1805 2305 enim
1825 2279 1863 2305 in-

1084 2322 1238 2350 dumentum
1255 2322 1445 2357 incorruptela:
1461 2329 1525 2349 suae.
1548 2322 1633 2350 Nemo
1653 2323 1725 2350 dicat
1740 2323 1866 2359 martyri-

1085 2367 1153 2394 bus:
1170 2367 1353 2395 Misericordia
1373 2376 1388 2394 a
1408 2368 1484 2396 vobis
1497 2367 1554 2403 (65)
1569 2369 1603 2395 ab
1627 2369 1678 2401 his,
1700 2369 1814 2403 fratres;
1834 2377 1866 2397 ne

1084 2413 1153 2441 forte
1167 2414 1316 2441 imitatores
1328 2414 1430 2441 Christi
1450 2422 1542 2442 vocem
1555 2415 1637 2442 etiam
1651 2416 1711 2450 ejus
1727 2416 1865 2444 mittentes

1082 2458 1262 2493 respondeant
1274 2459 1444 2486 dicentibus:
1469 2458 1539 2486 Vade
1557 2466 1623 2486 retro
1650 2469 1701 2493 me,
1718 2461 1821 2489 Salana
1833 2462 1863 2489 ⁸³.

1120 2549 1178 2585 (64)
1207 2549 1292 2581 Quam
1316 2557 1375 2576 cunt
1398 2549 1521 2585 habent.
1538 2548 1624 2582 Quam
1647 2549 1766 2585 litteram
1789 2550 1865 2578 facile

1085 2584 1259 2620 pronuntiare
1281 2591 1333 2611 non
1354 2587 1471 2618 poterat.
1489 2584 1569 2611 etiam
1591 2591 1652 2611 cum
1673 2584 1794 2620 linguam
1816 2586 1864 2613 ha-

1085 2623 1170 2648 heret.

1120 2656 1176 2689 (65)
1199 2653 1381 2682 Misericordia
1391 2661 1406 2680 a
1417 2653 1496 2689 vobis.
1509 2653 1590 2681 Forte
1601 2653 1786 2681 Misericordia
1797 2653 1864 2681 vobis

1085 2687 1185 2722 ab'his,
1200 2694 1229 2716 ut
1245 2697 1339 2717 sensus
1357 2689 1391 2716 sit
1407 2697 1414 2715 :
1433 2687 1517 2715 Nemo
1531 2689 1694 2723 martyribus
1709 2689 1800 2716 dicat:
1813 2689 1863 2716 fra.

1086 2731 1151 2758 tres,
1168 2724 1249 2751 vestri
1270 2725 1448 2751 misereantur
1464 2723 1489 2750 hi
1509 2725 1627 2758 tyranni,
1647 2730 1759 2757 parcant
1778 2724 1803 2751 in
1821 2730 1862 2750 vos

1082 2761 1178 2787 szevire
1192 2769 1199 2792 ;
1217 2767 1249 2787 ne
1265 2765 1395 2794 martyres
1414 2759 1536 2793 cacinplo
1549 2758 1649 2787 Christi
1664 2759 1860 2794 respondeant:

1081 2796 1146 2822 vade
1163 2799 1242 2828 retro,
1261 2799 1313 2822 etc.
