  <div class='ocr_page' id='page_1' title='image "/cluster/home/n/w/nwhite01/storage/ocr_20150623/24/njp.32101077772513/560.png"; bbox 0 0 2024 3208; ppageno 0'>
   <div class='ocr_carea' id='block_1_1' title="bbox 168 134 233 162">
    <p class='ocr_par' dir='ltr' id='par_1_1' title="bbox 168 134 233 162">
     <span class='ocr_line' id='line_1_1' title="bbox 168 134 233 162; baseline -0.015 0"><span class='ocrx_word' id='word_1_1' title='bbox 168 134 233 162; x_wconf 79' lang='grc'><strong>1101</strong></span> 
     </span>
    </p>
   </div>
   <div class='ocr_carea' id='block_1_2' title="bbox 689 125 1249 159">
    <p class='ocr_par' dir='ltr' id='par_1_2' title="bbox 689 125 1249 159">
     <span class='ocr_line' id='line_1_2' title="bbox 689 125 1249 159; baseline -0.004 0"><span class='ocrx_word' id='word_1_2' title='bbox 689 130 734 159; x_wconf 83' lang='lat' dir='ltr'><strong>DE</strong></span> <span class='ocrx_word' id='word_1_3' title='bbox 753 128 1055 159; x_wconf 68' lang='lat' dir='ltr'><strong>ltESURKbC&#39;I‘IONE.</strong></span> <span class='ocrx_word' id='word_1_4' title='bbox 1074 145 1110 152; x_wconf 94' lang='lat'><strong>—</strong></span> <span class='ocrx_word' id='word_1_5' title='bbox 1129 126 1195 159; x_wconf 76' lang='lat' dir='ltr'><strong>LIB.</strong></span> <span class='ocrx_word' id='word_1_6' title='bbox 1216 125 1249 158; x_wconf 83' lang='grc'><strong>11.</strong></span> 
     </span>
    </p>
   </div>
   <div class='ocr_carea' id='block_1_3' title="bbox 1723 128 1795 159">
    <p class='ocr_par' dir='ltr' id='par_1_3' title="bbox 1723 128 1795 159">
     <span class='ocr_line' id='line_1_3' title="bbox 1723 128 1795 159; baseline 0.014 -1"><span class='ocrx_word' id='word_1_7' title='bbox 1723 128 1795 159; x_wconf 61' lang='lat' dir='ltr'><strong>llo!</strong></span> 
     </span>
    </p>
   </div>
   <div class='ocr_carea' id='block_1_4' title="bbox 170 182 1796 228">
    <p class='ocr_par' dir='ltr' id='par_1_4' title="bbox 170 182 1796 228">
     <span class='ocr_line' id='line_1_4' title="bbox 170 182 1796 228; baseline -0.001 -7"><span class='ocrx_word' id='word_1_8' title='bbox 170 182 336 221; x_wconf 80' lang='lat' dir='ltr'><strong>Incedantur</strong></span> <span class='ocrx_word' id='word_1_9' title='bbox 355 197 381 221; x_wconf 90' lang='lat' dir='ltr'><strong>et</strong></span> <span class='ocrx_word' id='word_1_10' title='bbox 401 192 514 221; x_wconf 78' lang='lat' dir='ltr'><strong>ardeam</strong></span> <span class='ocrx_word' id='word_1_11' title='bbox 528 196 559 219; x_wconf 89' lang='lat' dir='ltr'><strong>ut</strong></span> <span class='ocrx_word' id='word_1_12' title='bbox 572 190 710 219; x_wconf 85' lang='lat' dir='ltr'><strong>nudentur</strong></span> <span class='ocrx_word' id='word_1_13' title='bbox 727 191 783 228; x_wconf 84' lang='lat'><strong>(66)</strong></span> <span class='ocrx_word' id='word_1_14' title='bbox 795 192 913 226; x_wconf 76' lang='lat' dir='ltr'><strong>virgines</strong></span> <span class='ocrx_word' id='word_1_15' title='bbox 931 191 957 219; x_wconf 89' lang='lat' dir='ltr'><strong>in</strong></span> <span class='ocrx_word' id='word_1_16' title='bbox 973 194 995 222; x_wconf 80' lang='grc' dir='ltr'><strong>Α</strong></span> <span class='ocrx_word' id='word_1_17' title='bbox 1010 191 1111 226; x_wconf 84' lang='lat' dir='ltr'><strong>plagas,</strong></span> <span class='ocrx_word' id='word_1_18' title='bbox 1134 198 1183 226; x_wconf 88' lang='lat' dir='ltr'><strong>per</strong></span> <span class='ocrx_word' id='word_1_19' title='bbox 1203 196 1314 224; x_wconf 85' lang='lat' dir='ltr'><strong>terram,</strong></span> <span class='ocrx_word' id='word_1_20' title='bbox 1338 198 1387 227; x_wconf 90' lang='lat' dir='ltr'><strong>per</strong></span> <span class='ocrx_word' id='word_1_21' title='bbox 1412 191 1512 227; x_wconf 77' lang='lat' dir='ltr'><strong>ignem,</strong></span> <span class='ocrx_word' id='word_1_22' title='bbox 1536 199 1584 228; x_wconf 83' lang='lat' dir='ltr'><strong>per</strong></span> <span class='ocrx_word' id='word_1_23' title='bbox 1603 192 1731 227; x_wconf 79' lang='lat' dir='ltr'><strong>giadium,</strong></span> <span class='ocrx_word' id='word_1_24' title='bbox 1747 200 1796 228; x_wconf 84' lang='lat' dir='ltr'><strong>per</strong></span> 
     </span>
    </p>
   </div>
   <div class='ocr_carea' id='block_1_5' title="bbox 168 236 955 274">
    <p class='ocr_par' dir='ltr' id='par_1_5' title="bbox 168 236 955 274">
     <span class='ocr_line' id='line_1_5' title="bbox 168 236 955 274; baseline -0.003 -8"><span class='ocrx_word' id='word_1_25' title='bbox 168 238 306 274; x_wconf 78' lang='lat' dir='ltr'><strong>passione,</strong></span> <span class='ocrx_word' id='word_1_26' title='bbox 323 242 352 266; x_wconf 91' lang='lat' dir='ltr'><strong>et</strong></span> <span class='ocrx_word' id='word_1_27' title='bbox 366 238 455 265; x_wconf 81' lang='lat' dir='ltr'><strong>vincat</strong></span> <span class='ocrx_word' id='word_1_28' title='bbox 471 244 521 272; x_wconf 88' lang='lat' dir='ltr'><strong>per</strong></span> <span class='ocrx_word' id='word_1_29' title='bbox 535 237 626 264; x_wconf 80' lang='lat' dir='ltr'><strong>omnia</strong></span> <span class='ocrx_word' id='word_1_30' title='bbox 641 237 776 265; x_wconf 77' lang='lat' dir='ltr'><strong>Christus.</strong></span> <span class='ocrx_word' id='word_1_31' title='bbox 794 236 863 270; x_wconf 85' lang='lat' dir='ltr'><strong>Quid</strong></span> <span class='ocrx_word' id='word_1_32' title='bbox 883 236 955 264; x_wconf 89' lang='lat' dir='ltr'><strong>enim</strong></span> 
     </span>
    </p>
   </div>
   <div class='ocr_carea' id='block_1_6' title="bbox 169 282 956 319">
    <p class='ocr_par' dir='ltr' id='par_1_6' title="bbox 169 282 956 319">
     <span class='ocr_line' id='line_1_6' title="bbox 169 282 956 319; baseline -0.001 -9"><span class='ocrx_word' id='word_1_33' title='bbox 169 288 196 311; x_wconf 93' lang='lat' dir='ltr'><strong>et</strong></span> <span class='ocrx_word' id='word_1_34' title='bbox 219 288 350 319; x_wconf 93' lang='lat' dir='ltr'><strong>promunt</strong></span> <span class='ocrx_word' id='word_1_35' title='bbox 370 283 454 311; x_wconf 66' lang='lat' dir='ltr'><strong>Juda&#39;i</strong></span> <span class='ocrx_word' id='word_1_36' title='bbox 478 288 506 311; x_wconf 91' lang='lat' dir='ltr'><strong>ut</strong></span> <span class='ocrx_word' id='word_1_37' title='bbox 527 283 640 318; x_wconf 80' lang='lat' dir='ltr'><strong>gloriam</strong></span> <span class='ocrx_word' id='word_1_38' title='bbox 667 288 712 310; x_wconf 85' lang='lat' dir='ltr'><strong>aut</strong></span> <span class='ocrx_word' id='word_1_39' title='bbox 733 282 956 310; x_wconf 77' lang='lat' dir='ltr'><strong>accusationem?</strong></span> 
     </span>
    </p>
   </div>
   <div class='ocr_carea' id='block_1_7' title="bbox 170 328 956 363">
    <p class='ocr_par' dir='ltr' id='par_1_7' title="bbox 170 328 956 363">
     <span class='ocr_line' id='line_1_7' title="bbox 170 328 956 363; baseline -0.003 -6"><span class='ocrx_word' id='word_1_40' title='bbox 170 329 198 357; x_wconf 89' lang='lat' dir='ltr'><strong>Si</strong></span> <span class='ocrx_word' id='word_1_41' title='bbox 214 330 286 357; x_wconf 90' lang='lat' dir='ltr'><strong>enim</strong></span> <span class='ocrx_word' id='word_1_42' title='bbox 303 337 352 356; x_wconf 88' lang='lat' dir='ltr'><strong>nos</strong></span> <span class='ocrx_word' id='word_1_43' title='bbox 367 329 480 356; x_wconf 77' lang='lat' dir='ltr'><strong>fratrum</strong></span> <span class='ocrx_word' id='word_1_44' title='bbox 495 333 648 356; x_wconf 86' lang='lat' dir='ltr'><strong>nostrorum</strong></span> <span class='ocrx_word' id='word_1_45' title='bbox 669 328 886 356; x_wconf 85' lang='lat' dir='ltr'><strong>interficientium</strong></span> <span class='ocrx_word' id='word_1_46' title='bbox 899 328 956 363; x_wconf 89' lang='lat'><strong>(67)</strong></span> 
     </span>
    </p>
   </div>
   <div class='ocr_carea' id='block_1_8' title="bbox 170 367 956 411">
    <p class='ocr_par' dir='ltr' id='par_1_8' title="bbox 170 367 956 411">
     <span class='ocr_line' id='line_1_8' title="bbox 170 367 956 411; baseline -0.003 -7"><span class='ocrx_word' id='word_1_47' title='bbox 170 377 210 404; x_wconf 91' lang='lat' dir='ltr'><strong>usi</strong></span> <span class='ocrx_word' id='word_1_48' title='bbox 226 384 318 404; x_wconf 90' lang='lat' dir='ltr'><strong>sumus</strong></span> <span class='ocrx_word' id='word_1_49' title='bbox 332 375 460 411; x_wconf 70' lang='lat' dir='ltr'><strong>praedicta</strong></span> <span class='ocrx_word' id='word_1_50' title='bbox 474 375 570 411; x_wconf 80' lang='lat' dir='ltr'><strong>gioria,</strong></span> <span class='ocrx_word' id='word_1_51' title='bbox 585 367 735 403; x_wconf 81' lang='lat' dir='ltr'><strong>interfectis</strong></span> <span class='ocrx_word' id='word_1_52' title='bbox 748 376 883 410; x_wconf 81' lang='lat' dir='ltr'><strong>prioribus</strong></span> <span class='ocrx_word' id='word_1_53' title='bbox 905 384 956 402; x_wconf 87' lang='lat' dir='ltr'><strong>non</strong></span> 
     </span>
    </p>
   </div>
   <div class='ocr_carea' id='block_1_9' title="bbox 169 421 958 463">
    <p class='ocr_par' dir='ltr' id='par_1_9' title="bbox 169 421 958 463">
     <span class='ocr_line' id='line_1_9' title="bbox 169 421 958 463; baseline -0.003 -14"><span class='ocrx_word' id='word_1_54' title='bbox 169 430 307 463; x_wconf 66' lang='lat' dir='ltr'><strong>cessamus</strong></span> <span class='ocrx_word' id='word_1_55' title='bbox 320 422 434 449; x_wconf 73' lang='lat' dir='ltr'><strong>interfici</strong></span> <span class='ocrx_word' id='word_1_56' title='bbox 452 433 457 449; x_wconf 83' lang='lat'><strong>;</strong></span> <span class='ocrx_word' id='word_1_57' title='bbox 474 429 546 449; x_wconf 89' lang='lat' dir='ltr'><strong>nunc</strong></span> <span class='ocrx_word' id='word_1_58' title='bbox 559 421 702 449; x_wconf 87' lang='lat' dir='ltr'><strong>adoremus</strong></span> <span class='ocrx_word' id='word_1_59' title='bbox 716 421 785 448; x_wconf 90' lang='lat' dir='ltr'><strong>idola</strong></span> <span class='ocrx_word' id='word_1_60' title='bbox 799 428 860 455; x_wconf 60' lang='lat' dir='ltr'><strong>qua</strong></span> <span class='ocrx_word' id='word_1_61' title='bbox 874 428 958 448; x_wconf 81' lang='lat' dir='ltr'><strong>excu-</strong></span> 
     </span>
    </p>
   </div>
   <div class='ocr_carea' id='block_1_10' title="bbox 169 468 958 504">
    <p class='ocr_par' dir='ltr' id='par_1_10' title="bbox 169 468 958 504">
     <span class='ocr_line' id='line_1_10' title="bbox 169 468 958 504; baseline -0.001 -9"><span class='ocrx_word' id='word_1_62' title='bbox 169 469 339 504; x_wconf 79' lang='lat' dir='ltr'><strong>samus(68).</strong></span> <span class='ocrx_word' id='word_1_63' title='bbox 358 468 439 496; x_wconf 87' lang='lat' dir='ltr'><strong>Israel</strong></span> <span class='ocrx_word' id='word_1_64' title='bbox 452 474 542 496; x_wconf 87' lang='lat' dir='ltr'><strong>autem</strong></span> <span class='ocrx_word' id='word_1_65' title='bbox 565 473 591 496; x_wconf 92' lang='lat' dir='ltr'><strong>et</strong></span> <span class='ocrx_word' id='word_1_66' title='bbox 613 469 675 495; x_wconf 91' lang='lat' dir='ltr'><strong>dum</strong></span> <span class='ocrx_word' id='word_1_67' title='bbox 703 468 902 495; x_wconf 86' lang='lat' dir='ltr'><strong>interficeretur</strong></span> <span class='ocrx_word' id='word_1_68' title='bbox 926 475 958 495; x_wconf 90' lang='lat' dir='ltr'><strong>ne</strong></span> 
     </span>
    </p>
   </div>
   <div class='ocr_carea' id='block_1_11' title="bbox 169 514 956 549">
    <p class='ocr_par' dir='ltr' id='par_1_11' title="bbox 169 514 956 549">
     <span class='ocr_line' id='line_1_11' title="bbox 169 514 956 549; baseline -0.004 -6"><span class='ocrx_word' id='word_1_69' title='bbox 169 516 304 548; x_wconf 88' lang='lat' dir='ltr'><strong>adoraret,</strong></span> <span class='ocrx_word' id='word_1_70' title='bbox 322 523 375 542; x_wconf 92' lang='lat' dir='ltr'><strong>non</strong></span> <span class='ocrx_word' id='word_1_71' title='bbox 392 516 510 542; x_wconf 87' lang='lat' dir='ltr'><strong>cessavit</strong></span> <span class='ocrx_word' id='word_1_72' title='bbox 525 515 674 542; x_wconf 86' lang='lat' dir='ltr'><strong>adorando.</strong></span> <span class='ocrx_word' id='word_1_73' title='bbox 690 514 724 541; x_wconf 84' lang='lat' dir='ltr'><strong>Et</strong></span> <span class='ocrx_word' id='word_1_74' title='bbox 737 515 794 542; x_wconf 86' lang='lat' dir='ltr'><strong>ausi</strong></span> <span class='ocrx_word' id='word_1_75' title='bbox 808 519 870 542; x_wconf 91' lang='lat' dir='ltr'><strong>sunt</strong></span> <span class='ocrx_word' id='word_1_76' title='bbox 885 514 956 549; x_wconf 87' lang='lat' dir='ltr'><strong>loqui</strong></span> 
     </span>
    </p>
   </div>
   <div class='ocr_carea' id='block_1_12' title="bbox 170 560 957 595">
    <p class='ocr_par' dir='ltr' id='par_1_12' title="bbox 170 560 957 595">
     <span class='ocr_line' id='line_1_12' title="bbox 170 560 957 595; baseline -0.001 -6"><span class='ocrx_word' id='word_1_77' title='bbox 170 562 203 589; x_wconf 82' lang='lat' dir='ltr'><strong>ad</strong></span> <span class='ocrx_word' id='word_1_78' title='bbox 216 569 334 589; x_wconf 89' lang='lat' dir='ltr'><strong>crucem.</strong></span> <span class='ocrx_word' id='word_1_79' title='bbox 349 562 414 589; x_wconf 82' lang='lat' dir='ltr'><strong>Curti</strong></span> <span class='ocrx_word' id='word_1_80' title='bbox 428 562 500 589; x_wconf 91' lang='lat' dir='ltr'><strong>enim</strong></span> <span class='ocrx_word' id='word_1_81' title='bbox 514 560 590 588; x_wconf 86' lang='lat' dir='ltr'><strong>vituli</strong></span> <span class='ocrx_word' id='word_1_82' title='bbox 603 565 686 595; x_wconf 87' lang='lat' dir='ltr'><strong>caput</strong></span> <span class='ocrx_word' id='word_1_83' title='bbox 701 561 753 588; x_wconf 83' lang='lat' dir='ltr'><strong>sibi</strong></span> <span class='ocrx_word' id='word_1_84' title='bbox 768 565 797 588; x_wconf 90' lang='lat' dir='ltr'><strong>ut</strong></span> <span class='ocrx_word' id='word_1_85' title='bbox 810 561 957 588; x_wconf 84' lang='lat' dir='ltr'><strong>adorarent</strong></span> 
     </span>
    </p>
   </div>
   <div class='ocr_carea' id='block_1_13' title="bbox 170 606 957 642">
    <p class='ocr_par' dir='ltr' id='par_1_13' title="bbox 170 606 957 642">
     <span class='ocr_line' id='line_1_13' title="bbox 170 606 957 642; baseline -0.003 -7"><span class='ocrx_word' id='word_1_86' title='bbox 170 607 305 639; x_wconf 88' lang='lat' dir='ltr'><strong>fecerunt,</strong></span> <span class='ocrx_word' id='word_1_87' title='bbox 321 607 425 642; x_wconf 83' lang='lat' dir='ltr'><strong>Moyses</strong></span> <span class='ocrx_word' id='word_1_88' title='bbox 444 606 580 634; x_wconf 90' lang='lat' dir='ltr'><strong>interfecit</strong></span> <span class='ocrx_word' id='word_1_89' title='bbox 594 607 735 641; x_wconf 89' lang='lat' dir='ltr'><strong>plurimos,</strong></span> <span class='ocrx_word' id='word_1_90' title='bbox 756 614 789 634; x_wconf 89' lang='lat' dir='ltr'><strong>nc</strong></span> <span class='ocrx_word' id='word_1_91' title='bbox 807 606 897 634; x_wconf 67' lang='lat' dir='ltr'><strong>caeteri</strong></span> <span class='ocrx_word' id='word_1_92' title='bbox 915 606 957 633; x_wconf 89' lang='lat' dir='ltr'><strong>fa-</strong></span> 
     </span>
    </p>
   </div>
   <div class='ocr_carea' id='block_1_14' title="bbox 169 652 957 689">
    <p class='ocr_par' dir='ltr' id='par_1_14' title="bbox 169 652 957 689">
     <span class='ocr_line' id='line_1_14' title="bbox 169 652 957 689; baseline -0.003 -7"><span class='ocrx_word' id='word_1_93' title='bbox 169 659 261 682; x_wconf 90' lang='lat' dir='ltr'><strong>cerent</strong></span> <span class='ocrx_word' id='word_1_94' title='bbox 283 654 356 686; x_wconf 89' lang='lat' dir='ltr'><strong>talia,</strong></span> <span class='ocrx_word' id='word_1_95' title='bbox 373 658 400 680; x_wconf 85' lang='lat' dir='ltr'><strong>et</strong></span> <span class='ocrx_word' id='word_1_96' title='bbox 417 654 462 689; x_wconf 91' lang='lat' dir='ltr'><strong>qui</strong></span> <span class='ocrx_word' id='word_1_97' title='bbox 477 653 598 681; x_wconf 89' lang='lat' dir='ltr'><strong>derelicti</strong></span> <span class='ocrx_word' id='word_1_98' title='bbox 621 658 682 680; x_wconf 91' lang='lat' dir='ltr'><strong>sunt</strong></span> <span class='ocrx_word' id='word_1_99' title='bbox 705 654 860 680; x_wconf 89' lang='lat' dir='ltr'><strong>adorarent.</strong></span> <span class='ocrx_word' id='word_1_100' title='bbox 880 652 957 680; x_wconf 88' lang='lat' dir='ltr'><strong>Unde</strong></span> 
     </span>
    </p>
   </div>
   <div class='ocr_carea' id='block_1_15' title="bbox 169 699 956 736">
    <p class='ocr_par' dir='ltr' id='par_1_15' title="bbox 169 699 956 736">
     <span class='ocr_line' id='line_1_15' title="bbox 169 699 956 736; baseline -0.004 -8"><span class='ocrx_word' id='word_1_101' title='bbox 169 708 233 736; x_wconf 80' lang='lat' dir='ltr'><strong>ergo</strong></span> <span class='ocrx_word' id='word_1_102' title='bbox 254 700 341 728; x_wconf 83' lang='lat' dir='ltr'><strong>simile</strong></span> <span class='ocrx_word' id='word_1_103' title='bbox 362 700 413 728; x_wconf 92' lang='lat' dir='ltr'><strong>erit</strong></span> <span class='ocrx_word' id='word_1_104' title='bbox 431 700 531 727; x_wconf 59' lang='lat' dir='ltr'><strong>ludatis</strong></span> <span class='ocrx_word' id='word_1_105' title='bbox 554 705 583 727; x_wconf 91' lang='lat' dir='ltr'><strong>ut</strong></span> <span class='ocrx_word' id='word_1_106' title='bbox 603 704 631 727; x_wconf 89' lang='lat' dir='ltr'><strong>et</strong></span> <span class='ocrx_word' id='word_1_107' title='bbox 654 700 717 727; x_wconf 94' lang='lat' dir='ltr'><strong>dum</strong></span> <span class='ocrx_word' id='word_1_108' title='bbox 747 699 956 731; x_wconf 78' lang='lat' dir='ltr'><strong>interficiuntur,</strong></span> 
     </span>
    </p>
   </div>
   <div class='ocr_carea' id='block_1_16' title="bbox 170 745 956 781">
    <p class='ocr_par' dir='ltr' id='par_1_16' title="bbox 170 745 956 781">
     <span class='ocr_line' id='line_1_16' title="bbox 170 745 956 781; baseline -0.003 -7"><span class='ocrx_word' id='word_1_109' title='bbox 170 747 213 774; x_wconf 89' lang='lat' dir='ltr'><strong>alii</strong></span> <span class='ocrx_word' id='word_1_110' title='bbox 230 747 343 774; x_wconf 81' lang='lat' dir='ltr'><strong>adorent</strong></span> <span class='ocrx_word' id='word_1_111' title='bbox 360 746 522 778; x_wconf 86' lang='lat' dir='ltr'><strong>simulacra;</strong></span> <span class='ocrx_word' id='word_1_112' title='bbox 540 751 568 773; x_wconf 91' lang='lat' dir='ltr'><strong>et</strong></span> <span class='ocrx_word' id='word_1_113' title='bbox 588 745 707 773; x_wconf 83' lang='lat' dir='ltr'><strong>Ecclesia</strong></span> <span class='ocrx_word' id='word_1_114' title='bbox 721 745 777 781; x_wconf 82' lang='lat'><strong>(69)</strong></span> <span class='ocrx_word' id='word_1_115' title='bbox 798 753 857 780; x_wconf 69' lang='lat' dir='ltr'><strong>quae</strong></span> <span class='ocrx_word' id='word_1_116' title='bbox 872 746 956 772; x_wconf 87' lang='lat' dir='ltr'><strong>inter-</strong></span> 
     </span>
    </p>
   </div>
   <div class='ocr_carea' id='block_1_17' title="bbox 169 792 958 827">
    <p class='ocr_par' dir='ltr' id='par_1_17' title="bbox 169 792 958 827">
     <span class='ocr_line' id='line_1_17' title="bbox 169 792 958 827; baseline -0.003 -7"><span class='ocrx_word' id='word_1_117' title='bbox 169 793 257 821; x_wconf 84' lang='lat' dir='ltr'><strong>ﬁcitur</strong></span> <span class='ocrx_word' id='word_1_118' title='bbox 268 798 297 819; x_wconf 91' lang='lat' dir='ltr'><strong>ut</strong></span> <span class='ocrx_word' id='word_1_119' title='bbox 310 793 414 825; x_wconf 85' lang='lat' dir='ltr'><strong>adoret,</strong></span> <span class='ocrx_word' id='word_1_120' title='bbox 429 797 454 819; x_wconf 91' lang='lat' dir='ltr'><strong>ct</strong></span> <span class='ocrx_word' id='word_1_121' title='bbox 470 800 522 819; x_wconf 90' lang='lat' dir='ltr'><strong>nou</strong></span> <span class='ocrx_word' id='word_1_122' title='bbox 537 792 649 819; x_wconf 83' lang='lat' dir='ltr'><strong>adorat?</strong></span> <span class='ocrx_word' id='word_1_123' title='bbox 661 792 713 819; x_wconf 90' lang='lat' dir='ltr'><strong>Sed</strong></span> <span class='ocrx_word' id='word_1_124' title='bbox 730 800 789 827; x_wconf 77' lang='lat' dir='ltr'><strong>qua:</strong></span> <span class='ocrx_word' id='word_1_125' title='bbox 802 792 958 819; x_wconf 89' lang='lat' dir='ltr'><strong>communio</strong></span> 
     </span>
    </p>
   </div>
   <div class='ocr_carea' id='block_1_18' title="bbox 168 837 957 872">
    <p class='ocr_par' dir='ltr' id='par_1_18' title="bbox 168 837 957 872">
     <span class='ocr_line' id='line_1_18' title="bbox 168 837 957 872; baseline -0.004 -5"><span class='ocrx_word' id='word_1_126' title='bbox 168 844 211 867; x_wconf 82' lang='lat' dir='ltr'><strong>est</strong></span> <span class='ocrx_word' id='word_1_127' title='bbox 226 839 319 866; x_wconf 89' lang='lat' dir='ltr'><strong>lumini</strong></span> <span class='ocrx_word' id='word_1_128' title='bbox 336 840 368 866; x_wconf 90' lang='lat' dir='ltr'><strong>ad</strong></span> <span class='ocrx_word' id='word_1_129' title='bbox 384 838 532 866; x_wconf 79' lang='lat' dir='ltr'><strong>tenebras?</strong></span> <span class='ocrx_word' id='word_1_130' title='bbox 550 838 615 870; x_wconf 64' lang='lat' dir='ltr'><strong>Qua:</strong></span> <span class='ocrx_word' id='word_1_131' title='bbox 637 839 705 865; x_wconf 86' lang='lat' dir='ltr'><strong>enim</strong></span> <span class='ocrx_word' id='word_1_132' title='bbox 725 838 801 866; x_wconf 86' lang='lat' dir='ltr'><strong>debui</strong></span> <span class='ocrx_word' id='word_1_133' title='bbox 816 837 902 872; x_wconf 80' lang='lat' dir='ltr'><strong>facere</strong></span> <span class='ocrx_word' id='word_1_134' title='bbox 920 838 957 864; x_wconf 82' lang='grc' dir='ltr'><strong>υἰ-</strong></span> 
     </span>
    </p>
   </div>
   <div class='ocr_carea' id='block_1_19' title="bbox 169 870 995 917">
    <p class='ocr_par' dir='ltr' id='par_1_19' title="bbox 169 870 995 917">
     <span class='ocr_line' id='line_1_19' title="bbox 169 870 995 917; baseline -0.006 -5"><span class='ocrx_word' id='word_1_135' title='bbox 169 893 224 912; x_wconf 77' lang='lat' dir='ltr'><strong>new</strong></span> <span class='ocrx_word' id='word_1_136' title='bbox 242 891 315 916; x_wconf 76' lang='lat' dir='ltr'><strong>mete,</strong></span> <span class='ocrx_word' id='word_1_137' title='bbox 332 890 420 911; x_wconf 77' lang='lat' dir='ltr'><strong>etnon</strong></span> <span class='ocrx_word' id='word_1_138' title='bbox 437 884 487 917; x_wconf 73' lang='lat' dir='ltr'><strong>feci</strong></span> <span class='ocrx_word' id='word_1_139' title='bbox 502 884 542 910; x_wconf 65' lang='lat'><strong>&quot;1&#39;</strong></span> <span class='ocrx_word' id='word_1_140' title='bbox 557 883 621 910; x_wconf 87' lang='lat' dir='ltr'><strong>dicit</strong></span> <span class='ocrx_word' id='word_1_141' title='bbox 637 882 717 910; x_wconf 90' lang='lat' dir='ltr'><strong>Deus.</strong></span> <span class='ocrx_word' id='word_1_142' title='bbox 735 882 839 909; x_wconf 89' lang='lat' dir='ltr'><strong>Donare</strong></span> <span class='ocrx_word' id='word_1_143' title='bbox 853 881 955 913; x_wconf 81' lang='lat' dir='ltr'><strong>debuit,</strong></span> <span class='ocrx_word' id='word_1_144' title='bbox 975 870 995 899; x_wconf 71' lang='grc' dir='ltr'><strong><em>Β</em></strong></span> 
     </span>
    </p>
   </div>
   <div class='ocr_carea' id='block_1_20' title="bbox 168 928 957 962">
    <p class='ocr_par' dir='ltr' id='par_1_20' title="bbox 168 928 957 962">
     <span class='ocr_line' id='line_1_20' title="bbox 168 928 957 962; baseline -0.004 -4"><span class='ocrx_word' id='word_1_145' title='bbox 168 938 194 958; x_wconf 90' lang='lat' dir='ltr'><strong>ct</strong></span> <span class='ocrx_word' id='word_1_146' title='bbox 211 931 344 962; x_wconf 89' lang='lat' dir='ltr'><strong>blandire,</strong></span> <span class='ocrx_word' id='word_1_147' title='bbox 362 935 388 958; x_wconf 92' lang='lat' dir='ltr'><strong>et</strong></span> <span class='ocrx_word' id='word_1_148' title='bbox 406 930 536 957; x_wconf 85' lang='lat' dir='ltr'><strong>beneﬁcia</strong></span> <span class='ocrx_word' id='word_1_149' title='bbox 552 930 672 957; x_wconf 87' lang='lat' dir='ltr'><strong>tribuere</strong></span> <span class='ocrx_word' id='word_1_150' title='bbox 686 938 692 956; x_wconf 88' lang='lat'>:</span> <span class='ocrx_word' id='word_1_151' title='bbox 709 928 771 956; x_wconf 89' lang='lat' dir='ltr'><strong>fecit</strong></span> <span class='ocrx_word' id='word_1_152' title='bbox 787 929 889 956; x_wconf 86' lang='lat' dir='ltr'><strong>omnia.</strong></span> <span class='ocrx_word' id='word_1_153' title='bbox 904 928 957 955; x_wconf 91' lang='lat' dir='ltr'><strong>Do-</strong></span> 
     </span>
    </p>
   </div>
   <div class='ocr_carea' id='block_1_21' title="bbox 168 974 955 1006">
    <p class='ocr_par' dir='ltr' id='par_1_21' title="bbox 168 974 955 1006">
     <span class='ocr_line' id='line_1_21' title="bbox 168 974 955 1006; baseline -0.004 -3"><span class='ocrx_word' id='word_1_154' title='bbox 168 976 242 1004; x_wconf 80' lang='lat' dir='ltr'><strong>navit</strong></span> <span class='ocrx_word' id='word_1_155' title='bbox 256 976 326 1003; x_wconf 87' lang='lat' dir='ltr'><strong>enim</strong></span> <span class='ocrx_word' id='word_1_156' title='bbox 344 983 441 1002; x_wconf 83' lang='lat' dir='ltr'><strong>manna</strong></span> <span class='ocrx_word' id='word_1_157' title='bbox 457 983 465 1001; x_wconf 88' lang='lat'><strong>:</strong></span> <span class='ocrx_word' id='word_1_158' title='bbox 480 974 562 1002; x_wconf 89' lang='lat' dir='ltr'><strong>Israel</strong></span> <span class='ocrx_word' id='word_1_159' title='bbox 576 980 666 1002; x_wconf 87' lang='lat' dir='ltr'><strong>autem</strong></span> <span class='ocrx_word' id='word_1_160' title='bbox 684 975 764 1001; x_wconf 84' lang='lat' dir='ltr'><strong>modo</strong></span> <span class='ocrx_word' id='word_1_161' title='bbox 779 974 955 1006; x_wconf 85' lang='lat' dir='ltr'><strong>manducans,</strong></span> 
     </span>
    </p>
   </div>
   <div class='ocr_carea' id='block_1_22' title="bbox 168 1020 955 1057">
    <p class='ocr_par' dir='ltr' id='par_1_22' title="bbox 168 1020 955 1057">
     <span class='ocr_line' id='line_1_22' title="bbox 168 1020 955 1057; baseline -0.003 -8"><span class='ocrx_word' id='word_1_162' title='bbox 168 1021 282 1049; x_wconf 90' lang='lat' dir='ltr'><strong>vitulum</strong></span> <span class='ocrx_word' id='word_1_163' title='bbox 306 1022 351 1057; x_wconf 88' lang='lat' dir='ltr'><strong>qui</strong></span> <span class='ocrx_word' id='word_1_164' title='bbox 377 1029 426 1048; x_wconf 88' lang='lat' dir='ltr'><strong>nec</strong></span> <span class='ocrx_word' id='word_1_165' title='bbox 452 1022 564 1049; x_wconf 89' lang='lat' dir='ltr'><strong>herbam</strong></span> <span class='ocrx_word' id='word_1_166' title='bbox 592 1020 774 1048; x_wconf 89' lang='lat' dir='ltr'><strong>manducabat</strong></span> <span class='ocrx_word' id='word_1_167' title='bbox 799 1028 848 1047; x_wconf 88' lang='lat' dir='ltr'><strong>nec</strong></span> <span class='ocrx_word' id='word_1_168' title='bbox 873 1021 955 1047; x_wconf 91' lang='lat' dir='ltr'><strong>vitam</strong></span> 
     </span>
    </p>
   </div>
   <div class='ocr_carea' id='block_1_23' title="bbox 169 1067 957 1101">
    <p class='ocr_par' dir='ltr' id='par_1_23' title="bbox 169 1067 957 1101">
     <span class='ocr_line' id='line_1_23' title="bbox 169 1067 957 1101; baseline -0.003 -5"><span class='ocrx_word' id='word_1_169' title='bbox 169 1068 296 1100; x_wconf 84' lang='lat' dir='ltr'><strong>habebat,</strong></span> <span class='ocrx_word' id='word_1_170' title='bbox 314 1068 473 1095; x_wconf 87' lang='lat' dir='ltr'><strong>adorabant.</strong></span> <span class='ocrx_word' id='word_1_171' title='bbox 490 1067 510 1094; x_wconf 88' lang='lat' dir='ltr'><strong>E</strong></span> <span class='ocrx_word' id='word_1_172' title='bbox 524 1073 600 1101; x_wconf 83' lang='lat' dir='ltr'><strong>petra</strong></span> <span class='ocrx_word' id='word_1_173' title='bbox 617 1067 744 1095; x_wconf 80' lang='lat' dir='ltr'><strong>bibebant</strong></span> <span class='ocrx_word' id='word_1_174' title='bbox 759 1074 865 1101; x_wconf 88' lang='lat' dir='ltr'><strong>aquam,</strong></span> <span class='ocrx_word' id='word_1_175' title='bbox 882 1071 909 1094; x_wconf 91' lang='lat' dir='ltr'><strong>ct</strong></span> <span class='ocrx_word' id='word_1_176' title='bbox 924 1075 957 1094; x_wconf 82' lang='lat' dir='ltr'><strong>ex</strong></span> 
     </span>
    </p>
   </div>
   <div class='ocr_carea' id='block_1_24' title="bbox 169 1112 957 1150">
    <p class='ocr_par' dir='ltr' id='par_1_24' title="bbox 169 1112 957 1150">
     <span class='ocr_line' id='line_1_24' title="bbox 169 1112 957 1150; baseline -0.001 -9"><span class='ocrx_word' id='word_1_177' title='bbox 169 1119 244 1150; x_wconf 77' lang='lat' dir='ltr'><strong>petra</strong></span> <span class='ocrx_word' id='word_1_178' title='bbox 258 1114 395 1141; x_wconf 76' lang='lat' dir='ltr'><strong>faciebant</strong></span> <span class='ocrx_word' id='word_1_179' title='bbox 407 1113 477 1140; x_wconf 91' lang='lat' dir='ltr'><strong>idola</strong></span> <span class='ocrx_word' id='word_1_180' title='bbox 489 1113 552 1141; x_wconf 82' lang='lat' dir='ltr'><strong>sibi.</strong></span> <span class='ocrx_word' id='word_1_181' title='bbox 565 1113 615 1140; x_wconf 90' lang='lat' dir='ltr'><strong>Per</strong></span> <span class='ocrx_word' id='word_1_182' title='bbox 628 1112 727 1146; x_wconf 87' lang='lat' dir='ltr'><strong>lignttm</strong></span> <span class='ocrx_word' id='word_1_183' title='bbox 742 1113 848 1147; x_wconf 78' lang='lat' dir='ltr'><strong>figurati</strong></span> <span class='ocrx_word' id='word_1_184' title='bbox 865 1121 957 1140; x_wconf 84' lang='lat' dir='ltr'><strong>amara</strong></span> 
     </span>
    </p>
   </div>
   <div class='ocr_carea' id='block_1_25' title="bbox 168 1158 958 1195">
    <p class='ocr_par' dir='ltr' id='par_1_25' title="bbox 168 1158 958 1195">
     <span class='ocr_line' id='line_1_25' title="bbox 168 1158 958 1195; baseline -0.001 -8"><span class='ocrx_word' id='word_1_185' title='bbox 168 1167 239 1195; x_wconf 80' lang='lat' dir='ltr'><strong>aqua</strong></span> <span class='ocrx_word' id='word_1_186' title='bbox 255 1163 386 1187; x_wconf 87' lang='lat' dir='ltr'><strong>translata</strong></span> <span class='ocrx_word' id='word_1_187' title='bbox 400 1159 433 1186; x_wconf 88' lang='lat' dir='ltr'><strong>ad</strong></span> <span class='ocrx_word' id='word_1_188' title='bbox 448 1159 617 1186; x_wconf 85' lang='lat' dir='ltr'><strong>dulcedinem</strong></span> <span class='ocrx_word' id='word_1_189' title='bbox 632 1164 673 1186; x_wconf 82' lang='lat' dir='ltr'><strong>est</strong></span> <span class='ocrx_word' id='word_1_190' title='bbox 686 1168 692 1186; x_wconf 75' lang='grc' dir='ltr'><strong>ι</strong></span> <span class='ocrx_word' id='word_1_191' title='bbox 705 1158 741 1185; x_wconf 86' lang='lat' dir='ltr'><strong>illi</strong></span> <span class='ocrx_word' id='word_1_192' title='bbox 758 1164 846 1185; x_wconf 91' lang='lat' dir='ltr'><strong>autem</strong></span> <span class='ocrx_word' id='word_1_193' title='bbox 860 1167 875 1186; x_wconf 91' lang='lat' dir='ltr'><strong>e</strong></span> <span class='ocrx_word' id='word_1_194' title='bbox 887 1159 958 1193; x_wconf 70' lang='lat' dir='ltr'><strong>ligno</strong></span> 
     </span>
    </p>
   </div>
   <div class='ocr_carea' id='block_1_26' title="bbox 168 1205 956 1241">
    <p class='ocr_par' dir='ltr' id='par_1_26' title="bbox 168 1205 956 1241">
     <span class='ocr_line' id='line_1_26' title="bbox 168 1205 956 1241; baseline -0.001 -8"><span class='ocrx_word' id='word_1_195' title='bbox 168 1206 357 1241; x_wconf 66' lang='lat' dir='ltr'><strong>etsculpentes</strong></span> <span class='ocrx_word' id='word_1_196' title='bbox 383 1206 434 1233; x_wconf 85' lang='lat' dir='ltr'><strong>sibi</strong></span> <span class='ocrx_word' id='word_1_197' title='bbox 460 1205 623 1237; x_wconf 84' lang='lat' dir='ltr'><strong>simulacra,</strong></span> <span class='ocrx_word' id='word_1_198' title='bbox 654 1205 796 1232; x_wconf 89' lang='lat' dir='ltr'><strong>adversttm</strong></span> <span class='ocrx_word' id='word_1_199' title='bbox 824 1213 884 1232; x_wconf 88' lang='lat' dir='ltr'><strong>cum</strong></span> <span class='ocrx_word' id='word_1_200' title='bbox 912 1206 956 1240; x_wconf 87' lang='lat' dir='ltr'><strong>qui</strong></span> 
     </span>
    </p>
   </div>
   <div class='ocr_carea' id='block_1_27' title="bbox 169 1248 958 1278">
    <p class='ocr_par' dir='ltr' id='par_1_27' title="bbox 169 1248 958 1278">
     <span class='ocr_line' id='line_1_27' title="bbox 169 1248 958 1278; baseline 0 0"><span class='ocrx_word' id='word_1_201' title='bbox 169 1248 272 1278; x_wconf 75' lang='lat' dir='ltr'><strong>fecerat</strong></span> <span class='ocrx_word' id='word_1_202' title='bbox 292 1251 369 1278; x_wconf 90' lang='lat' dir='ltr'><strong>dulce</strong></span> <span class='ocrx_word' id='word_1_203' title='bbox 385 1251 545 1278; x_wconf 78' lang='lat' dir='ltr'><strong>adorabunt.</strong></span> <span class='ocrx_word' id='word_1_204' title='bbox 562 1250 772 1278; x_wconf 84' lang='lat' dir='ltr'><strong>Veterascentes</strong></span> <span class='ocrx_word' id='word_1_205' title='bbox 787 1256 876 1278; x_wconf 88' lang='lat' dir='ltr'><strong>autem</strong></span> <span class='ocrx_word' id='word_1_206' title='bbox 894 1259 958 1278; x_wconf 90' lang='lat' dir='ltr'><strong>con-</strong></span> 
     </span>
    </p>
   </div>
   <div class='ocr_carea' id='block_1_28' title="bbox 169 1296 959 1332">
    <p class='ocr_par' dir='ltr' id='par_1_28' title="bbox 169 1296 959 1332">
     <span class='ocr_line' id='line_1_28' title="bbox 169 1296 959 1332; baseline 0 -8"><span class='ocrx_word' id='word_1_207' title='bbox 169 1297 328 1324; x_wconf 82' lang='lat' dir='ltr'><strong>crescebaut</strong></span> <span class='ocrx_word' id='word_1_208' title='bbox 351 1296 391 1323; x_wconf 87' lang='lat' dir='ltr'><strong>eis</strong></span> <span class='ocrx_word' id='word_1_209' title='bbox 407 1296 505 1323; x_wconf 68' lang='lat' dir='ltr'><strong>tunicae</strong></span> <span class='ocrx_word' id='word_1_210' title='bbox 524 1306 530 1323; x_wconf 84' lang='lat'><strong>:</strong></span> <span class='ocrx_word' id='word_1_211' title='bbox 549 1296 586 1323; x_wconf 91' lang='lat' dir='ltr'><strong>illi</strong></span> <span class='ocrx_word' id='word_1_212' title='bbox 607 1301 696 1323; x_wconf 89' lang='lat' dir='ltr'><strong>autem</strong></span> <span class='ocrx_word' id='word_1_213' title='bbox 718 1296 883 1331; x_wconf 89' lang='lat' dir='ltr'><strong>accipientes</strong></span> <span class='ocrx_word' id='word_1_214' title='bbox 899 1305 959 1332; x_wconf 70' lang='lat' dir='ltr'><strong>quae</strong></span> 
     </span>
    </p>
   </div>
   <div class='ocr_carea' id='block_1_29' title="bbox 169 1341 957 1373">
    <p class='ocr_par' dir='ltr' id='par_1_29' title="bbox 169 1341 957 1373">
     <span class='ocr_line' id='line_1_29' title="bbox 169 1341 957 1373; baseline -0.003 -4"><span class='ocrx_word' id='word_1_215' title='bbox 169 1341 288 1370; x_wconf 88' lang='lat' dir='ltr'><strong>donabat</strong></span> <span class='ocrx_word' id='word_1_216' title='bbox 307 1341 388 1373; x_wconf 85' lang='lat' dir='ltr'><strong>Deus,</strong></span> <span class='ocrx_word' id='word_1_217' title='bbox 407 1342 606 1369; x_wconf 86' lang='lat' dir='ltr'><strong>consecrabant</strong></span> <span class='ocrx_word' id='word_1_218' title='bbox 631 1341 718 1368; x_wconf 79' lang='lat' dir='ltr'><strong>idolis.</strong></span> <span class='ocrx_word' id='word_1_219' title='bbox 745 1341 860 1369; x_wconf 88' lang='lat' dir='ltr'><strong>Tantum</strong></span> <span class='ocrx_word' id='word_1_220' title='bbox 886 1342 957 1368; x_wconf 87' lang='lat' dir='ltr'><strong>enim</strong></span> 
     </span>
    </p>
   </div>
   <div class='ocr_carea' id='block_1_30' title="bbox 169 1387 959 1422">
    <p class='ocr_par' dir='ltr' id='par_1_30' title="bbox 169 1387 959 1422">
     <span class='ocr_line' id='line_1_30' title="bbox 169 1387 959 1422; baseline -0.003 -6"><span class='ocrx_word' id='word_1_221' title='bbox 169 1393 247 1416; x_wconf 88' lang='lat' dir='ltr'><strong>erant</strong></span> <span class='ocrx_word' id='word_1_222' title='bbox 269 1388 302 1415; x_wconf 88' lang='lat' dir='ltr'><strong>ad</strong></span> <span class='ocrx_word' id='word_1_223' title='bbox 323 1387 452 1415; x_wconf 86' lang='lat' dir='ltr'><strong>beneficia</strong></span> <span class='ocrx_word' id='word_1_224' title='bbox 476 1393 651 1415; x_wconf 87' lang='lat' dir='ltr'><strong>contumaces</strong></span> <span class='ocrx_word' id='word_1_225' title='bbox 678 1395 684 1414; x_wconf 92' lang='lat'><strong>:</strong></span> <span class='ocrx_word' id='word_1_226' title='bbox 710 1387 826 1422; x_wconf 84' lang='lat' dir='ltr'><strong>ideoque</strong></span> <span class='ocrx_word' id='word_1_227' title='bbox 848 1388 959 1415; x_wconf 78' lang='lat' dir='ltr'><strong>adduxit</strong></span> 
     </span>
    </p>
   </div>
   <div class='ocr_carea' id='block_1_31' title="bbox 169 1433 959 1469">
    <p class='ocr_par' dir='ltr' id='par_1_31' title="bbox 169 1433 959 1469">
     <span class='ocr_line' id='line_1_31' title="bbox 169 1433 959 1469; baseline -0.001 -8"><span class='ocrx_word' id='word_1_228' title='bbox 169 1434 310 1461; x_wconf 84' lang='lat' dir='ltr'><strong>adversum</strong></span> <span class='ocrx_word' id='word_1_229' title='bbox 327 1441 374 1461; x_wconf 87' lang='lat' dir='ltr'><strong>eos</strong></span> <span class='ocrx_word' id='word_1_230' title='bbox 388 1434 480 1469; x_wconf 80' lang='lat' dir='ltr'><strong>plagas</strong></span> <span class='ocrx_word' id='word_1_231' title='bbox 491 1454 498 1466; x_wconf 91' lang='lat'><strong>,</strong></span> <span class='ocrx_word' id='word_1_232' title='bbox 513 1433 576 1467; x_wconf 84' lang='lat' dir='ltr'><strong>quia</strong></span> <span class='ocrx_word' id='word_1_233' title='bbox 590 1433 652 1459; x_wconf 90' lang='lat' dir='ltr'><strong>dum</strong></span> <span class='ocrx_word' id='word_1_234' title='bbox 667 1433 745 1460; x_wconf 85' lang='lat' dir='ltr'><strong>daret</strong></span> <span class='ocrx_word' id='word_1_235' title='bbox 758 1433 898 1466; x_wconf 82' lang='lat' dir='ltr'><strong>beneficia,</strong></span> <span class='ocrx_word' id='word_1_236' title='bbox 912 1441 959 1461; x_wconf 65' lang='lat' dir='ltr'><strong>eos</strong></span> 
     </span>
    </p>
   </div>
   <div class='ocr_carea' id='block_1_32' title="bbox 170 1479 960 1514">
    <p class='ocr_par' dir='ltr' id='par_1_32' title="bbox 170 1479 960 1514">
     <span class='ocr_line' id='line_1_32' title="bbox 170 1479 960 1514; baseline -0.001 -7"><span class='ocrx_word' id='word_1_237' title='bbox 170 1480 285 1507; x_wconf 79' lang='lat' dir='ltr'><strong>suadere</strong></span> <span class='ocrx_word' id='word_1_238' title='bbox 309 1486 361 1506; x_wconf 90' lang='lat' dir='ltr'><strong>non</strong></span> <span class='ocrx_word' id='word_1_239' title='bbox 382 1480 468 1514; x_wconf 88' lang='lat' dir='ltr'><strong>potuit</strong></span> <span class='ocrx_word' id='word_1_240' title='bbox 488 1487 494 1506; x_wconf 74' lang='grc' dir='ltr'><strong>ε</strong></span> <span class='ocrx_word' id='word_1_241' title='bbox 513 1479 601 1506; x_wconf 92' lang='lat' dir='ltr'><strong>voluit</strong></span> <span class='ocrx_word' id='word_1_242' title='bbox 620 1486 684 1513; x_wconf 80' lang='lat' dir='ltr'><strong>ergo</strong></span> <span class='ocrx_word' id='word_1_243' title='bbox 705 1486 751 1506; x_wconf 88' lang='lat' dir='ltr'><strong>eos</strong></span> <span class='ocrx_word' id='word_1_244' title='bbox 765 1480 879 1514; x_wconf 83' lang='lat' dir='ltr'><strong>puniens</strong></span> <span class='ocrx_word' id='word_1_245' title='bbox 900 1488 960 1514; x_wconf 86' lang='lat' dir='ltr'><strong>pcr-</strong></span> 
     </span>
    </p>
   </div>
   <div class='ocr_carea' id='block_1_33' title="bbox 168 1524 957 1560">
    <p class='ocr_par' dir='ltr' id='par_1_33' title="bbox 168 1524 957 1560">
     <span class='ocr_line' id='line_1_33' title="bbox 168 1524 957 1560; baseline 0 -9"><span class='ocrx_word' id='word_1_246' title='bbox 168 1532 279 1560; x_wconf 81' lang='lat' dir='ltr'><strong>urgere.</strong></span> <span class='ocrx_word' id='word_1_247' title='bbox 302 1524 388 1558; x_wconf 88' lang='lat' dir='ltr'><strong>Quam</strong></span> <span class='ocrx_word' id='word_1_248' title='bbox 410 1526 482 1551; x_wconf 91' lang='lat' dir='ltr'><strong>enim</strong></span> <span class='ocrx_word' id='word_1_249' title='bbox 505 1525 610 1559; x_wconf 79' lang='lat' dir='ltr'><strong>plagam</strong></span> <span class='ocrx_word' id='word_1_250' title='bbox 628 1525 668 1551; x_wconf 89' lang='lat' dir='ltr'><strong>cis</strong></span> <span class='ocrx_word' id='word_1_251' title='bbox 692 1532 745 1550; x_wconf 89' lang='lat' dir='ltr'><strong>non</strong></span> <span class='ocrx_word' id='word_1_252' title='bbox 772 1525 868 1551; x_wconf 85' lang='lat' dir='ltr'><strong>misit?</strong></span> <span class='ocrx_word' id='word_1_253' title='bbox 890 1525 957 1558; x_wconf 83' lang='lat' dir='ltr'><strong>Quid</strong></span> 
     </span>
    </p>
   </div>
   <div class='ocr_carea' id='block_1_34' title="bbox 169 1571 959 1605">
    <p class='ocr_par' dir='ltr' id='par_1_34' title="bbox 169 1571 959 1605">
     <span class='ocr_line' id='line_1_34' title="bbox 169 1571 959 1605; baseline -0.001 -7"><span class='ocrx_word' id='word_1_254' title='bbox 169 1572 243 1598; x_wconf 92' lang='lat' dir='ltr'><strong>enim</strong></span> <span class='ocrx_word' id='word_1_255' title='bbox 258 1571 297 1598; x_wconf 89' lang='lat' dir='ltr'><strong>ait</strong></span> <span class='ocrx_word' id='word_1_256' title='bbox 312 1571 369 1605; x_wconf 88' lang='lat' dir='ltr'><strong>ipse</strong></span> <span class='ocrx_word' id='word_1_257' title='bbox 394 1571 427 1598; x_wconf 87' lang='lat' dir='ltr'><strong>atl</strong></span> <span class='ocrx_word' id='word_1_258' title='bbox 447 1571 514 1598; x_wconf 82' lang='lat' dir='ltr'><strong>eos?</strong></span> <span class='ocrx_word' id='word_1_259' title='bbox 530 1571 594 1598; x_wconf 85' lang='lat' dir='ltr'><strong>Sine</strong></span> <span class='ocrx_word' id='word_1_260' title='bbox 607 1579 687 1598; x_wconf 75' lang='lat' dir='ltr'><strong>causa</strong></span> <span class='ocrx_word' id='word_1_261' title='bbox 705 1571 821 1604; x_wconf 76' lang='lat' dir='ltr'><strong>percussi</strong></span> <span class='ocrx_word' id='word_1_262' title='bbox 832 1571 903 1605; x_wconf 79' lang='lat' dir='ltr'><strong>[itios</strong></span> <span class='ocrx_word' id='word_1_263' title='bbox 919 1580 959 1597; x_wconf 79' lang='lat' dir='ltr'><strong>vc-</strong></span> 
     </span>
    </p>
   </div>
   <div class='ocr_carea' id='block_1_35' title="bbox 168 1617 959 1651">
    <p class='ocr_par' dir='ltr' id='par_1_35' title="bbox 168 1617 959 1651">
     <span class='ocr_line' id='line_1_35' title="bbox 168 1617 959 1651; baseline -0.001 -6"><span class='ocrx_word' id='word_1_264' title='bbox 168 1621 239 1645; x_wconf 74' lang='lat' dir='ltr'><strong>stras</strong></span> <span class='ocrx_word' id='word_1_265' title='bbox 261 1623 271 1643; x_wconf 90' lang='lat'><em>:</em></span> <span class='ocrx_word' id='word_1_266' title='bbox 311 1617 480 1651; x_wconf 69' lang='lat' dir='ltr'><strong>disciplina»:</strong></span> <span class='ocrx_word' id='word_1_267' title='bbox 503 1625 554 1643; x_wconf 86' lang='lat' dir='ltr'><strong>non</strong></span> <span class='ocrx_word' id='word_1_268' title='bbox 581 1617 768 1651; x_wconf 69' lang='lat' dir='ltr'><strong>accepistis&quot;.</strong></span> <span class='ocrx_word' id='word_1_269' title='bbox 794 1617 861 1644; x_wconf 91' lang='lat' dir='ltr'><strong>Cum</strong></span> <span class='ocrx_word' id='word_1_270' title='bbox 888 1618 959 1645; x_wconf 90' lang='lat' dir='ltr'><strong>enim</strong></span> 
     </span>
    </p>
   </div>
   <div class='ocr_carea' id='block_1_36' title="bbox 170 1663 960 1698">
    <p class='ocr_par' dir='ltr' id='par_1_36' title="bbox 170 1663 960 1698">
     <span class='ocr_line' id='line_1_36' title="bbox 170 1663 960 1698; baseline -0.001 -7"><span class='ocrx_word' id='word_1_271' title='bbox 170 1663 300 1691; x_wconf 89' lang='lat' dir='ltr'><strong>beneﬁcia</strong></span> <span class='ocrx_word' id='word_1_272' title='bbox 317 1671 364 1690; x_wconf 90' lang='lat' dir='ltr'><strong>sua</strong></span> <span class='ocrx_word' id='word_1_273' title='bbox 383 1663 422 1690; x_wconf 91' lang='lat' dir='ltr'><strong>eis</strong></span> <span class='ocrx_word' id='word_1_274' title='bbox 446 1664 618 1698; x_wconf 79' lang='lat' dir='ltr'><strong>exprobaret,</strong></span> <span class='ocrx_word' id='word_1_275' title='bbox 637 1664 762 1690; x_wconf 88' lang='lat' dir='ltr'><strong>dicebat:</strong></span> <span class='ocrx_word' id='word_1_276' title='bbox 783 1664 854 1696; x_wconf 84' lang='lat' dir='ltr'><strong>Quid</strong></span> <span class='ocrx_word' id='word_1_277' title='bbox 875 1664 960 1690; x_wconf 77' lang='lat' dir='ltr'><strong>adhuc</strong></span> 
     </span>
    </p>
   </div>
   <div class='ocr_carea' id='block_1_37' title="bbox 169 1709 962 1744">
    <p class='ocr_par' dir='ltr' id='par_1_37' title="bbox 169 1709 962 1744">
     <span class='ocr_line' id='line_1_37' title="bbox 169 1709 962 1744; baseline 0.003 -9"><span class='ocrx_word' id='word_1_278' title='bbox 169 1709 246 1736; x_wconf 85' lang='lat' dir='ltr'><strong>debui</strong></span> <span class='ocrx_word' id='word_1_279' title='bbox 258 1709 345 1743; x_wconf 77' lang='lat' dir='ltr'><strong>facere</strong></span> <span class='ocrx_word' id='word_1_280' title='bbox 358 1709 438 1736; x_wconf 82' lang='lat' dir='ltr'><strong>uinea:</strong></span> <span class='ocrx_word' id='word_1_281' title='bbox 447 1717 520 1740; x_wconf 61' lang='lat' dir='ltr'><strong>mete.</strong></span> <span class='ocrx_word' id='word_1_282' title='bbox 533 1714 557 1736; x_wconf 86' lang='lat' dir='ltr'><strong>et</strong></span> <span class='ocrx_word' id='word_1_283' title='bbox 569 1718 620 1736; x_wconf 85' lang='lat' dir='ltr'><strong>non</strong></span> <span class='ocrx_word' id='word_1_284' title='bbox 633 1709 712 1744; x_wconf 82' lang='lat' dir='ltr'><strong>feci“</strong></span> <span class='ocrx_word' id='word_1_285' title='bbox 722 1710 733 1736; x_wconf 81' lang='lat'><strong>?</strong></span> <span class='ocrx_word' id='word_1_286' title='bbox 743 1710 810 1737; x_wconf 88' lang='lat' dir='ltr'><strong>Cum</strong></span> <span class='ocrx_word' id='word_1_287' title='bbox 822 1715 911 1737; x_wconf 89' lang='lat' dir='ltr'><strong>autem</strong></span> <span class='ocrx_word' id='word_1_288' title='bbox 924 1711 962 1737; x_wconf 92' lang='lat' dir='ltr'><strong>in-</strong></span> 
     </span>
    </p>
   </div>
   <div class='ocr_carea' id='block_1_38' title="bbox 170 1755 961 1791">
    <p class='ocr_par' dir='ltr' id='par_1_38' title="bbox 170 1755 961 1791">
     <span class='ocr_line' id='line_1_38' title="bbox 170 1755 961 1791; baseline 0.003 -10"><span class='ocrx_word' id='word_1_289' title='bbox 170 1755 356 1782; x_wconf 84' lang='lat' dir='ltr'><strong>credulitatem</strong></span> <span class='ocrx_word' id='word_1_290' title='bbox 370 1755 401 1781; x_wconf 90' lang='lat' dir='ltr'><strong>ad</strong></span> <span class='ocrx_word' id='word_1_291' title='bbox 416 1755 508 1790; x_wconf 82' lang='lat' dir='ltr'><strong>plagas</strong></span> <span class='ocrx_word' id='word_1_292' title='bbox 524 1755 660 1782; x_wconf 82' lang='lat' dir='ltr'><strong>addebat:</strong></span> <span class='ocrx_word' id='word_1_293' title='bbox 675 1756 739 1783; x_wconf 80' lang='lat' dir='ltr'><strong>Sine</strong></span> <span class='ocrx_word' id='word_1_294' title='bbox 751 1764 830 1782; x_wconf 79' lang='lat' dir='ltr'><strong>causa</strong></span> <span class='ocrx_word' id='word_1_295' title='bbox 845 1757 961 1791; x_wconf 72' lang='lat' dir='ltr'><strong>perculsi</strong></span> 
     </span>
    </p>
   </div>
   <div class='ocr_carea' id='block_1_39' title="bbox 170 1801 957 1836">
    <p class='ocr_par' dir='ltr' id='par_1_39' title="bbox 170 1801 957 1836">
     <span class='ocr_line' id='line_1_39' title="bbox 170 1801 957 1836; baseline 0.001 -8"><span class='ocrx_word' id='word_1_296' title='bbox 170 1801 241 1836; x_wconf 72' lang='lat' dir='ltr'><strong>ﬁlio:</strong></span> <span class='ocrx_word' id='word_1_297' title='bbox 257 1806 376 1828; x_wconf 75' lang='lat' dir='ltr'><strong>vestros:</strong></span> <span class='ocrx_word' id='word_1_298' title='bbox 391 1802 558 1833; x_wconf 75' lang='lat' dir='ltr'><strong>disciplinam</strong></span> <span class='ocrx_word' id='word_1_299' title='bbox 573 1810 623 1829; x_wconf 87' lang='lat' dir='ltr'><strong>non</strong></span> <span class='ocrx_word' id='word_1_300' title='bbox 638 1803 785 1836; x_wconf 75' lang='lat' dir='ltr'><strong>accepistis.</strong></span> <span class='ocrx_word' id='word_1_301' title='bbox 796 1803 828 1829; x_wconf 86' lang='lat' dir='ltr'><strong>Et</strong></span> <span class='ocrx_word' id='word_1_302' title='bbox 842 1803 937 1829; x_wconf 85' lang='lat' dir='ltr'><strong>iterum</strong></span> <span class='ocrx_word' id='word_1_303' title='bbox 952 1812 957 1829; x_wconf 90' lang='lat'><strong>:</strong></span> 
     </span>
    </p>
   </div>
   <div class='ocr_carea' id='block_1_40' title="bbox 172 1845 962 1881">
    <p class='ocr_par' dir='ltr' id='par_1_40' title="bbox 172 1845 962 1881">
     <span class='ocr_line' id='line_1_40' title="bbox 172 1845 962 1881; baseline 0 -8"><span class='ocrx_word' id='word_1_304' title='bbox 172 1845 243 1879; x_wconf 82' lang='lat' dir='ltr'><strong>Quid</strong></span> <span class='ocrx_word' id='word_1_305' title='bbox 261 1846 347 1873; x_wconf 89' lang='lat' dir='ltr'><strong>adhuc</strong></span> <span class='ocrx_word' id='word_1_306' title='bbox 368 1846 552 1881; x_wconf 83' lang='lat' dir='ltr'><strong>perculiamini</strong></span> <span class='ocrx_word' id='word_1_307' title='bbox 572 1846 696 1873; x_wconf 76' lang='lat' dir='ltr'><strong>addentes</strong></span> <span class='ocrx_word' id='word_1_308' title='bbox 718 1851 825 1880; x_wconf 83' lang='lat' dir='ltr'><strong>peccata</strong></span> <span class='ocrx_word' id='word_1_309' title='bbox 840 1847 883 1872; x_wconf 86' lang='lat'><strong>&quot;?</strong></span> <span class='ocrx_word' id='word_1_310' title='bbox 905 1846 962 1873; x_wconf 88' lang='lat' dir='ltr'><strong>Huc</strong></span> 
     </span>
    </p>
   </div>
   <div class='ocr_carea' id='block_1_41' title="bbox 172 1883 961 1927">
    <p class='ocr_par' dir='ltr' id='par_1_41' title="bbox 172 1883 961 1927">
     <span class='ocr_line' id='line_1_41' title="bbox 172 1883 961 1927; baseline -0.001 -8"><span class='ocrx_word' id='word_1_311' title='bbox 172 1896 223 1924; x_wconf 88' lang='lat' dir='ltr'><strong>est,</strong></span> <span class='ocrx_word' id='word_1_312' title='bbox 246 1899 296 1927; x_wconf 88' lang='lat' dir='ltr'><strong>ego</strong></span> <span class='ocrx_word' id='word_1_313' title='bbox 317 1892 447 1919; x_wconf 86' lang='lat' dir='ltr'><strong>evacuavi</strong></span> <span class='ocrx_word' id='word_1_314' title='bbox 471 1883 562 1926; x_wconf 77' lang='lat' dir='ltr'><strong>plagas</strong></span> <span class='ocrx_word' id='word_1_315' title='bbox 579 1900 585 1918; x_wconf 91' lang='lat'><strong>:</strong></span> <span class='ocrx_word' id='word_1_316' title='bbox 601 1899 649 1918; x_wconf 87' lang='lat' dir='ltr'><strong>vos</strong></span> <span class='ocrx_word' id='word_1_317' title='bbox 667 1897 757 1918; x_wconf 87' lang='lat' dir='ltr'><strong>autem</strong></span> <span class='ocrx_word' id='word_1_318' title='bbox 778 1899 831 1918; x_wconf 93' lang='lat' dir='ltr'><strong>non</strong></span> <span class='ocrx_word' id='word_1_319' title='bbox 848 1892 961 1919; x_wconf 87' lang='lat' dir='ltr'><strong>cessatis</strong></span> 
     </span>
    </p>
   </div>
   <div class='ocr_carea' id='block_1_42' title="bbox 173 1937 964 1972">
    <p class='ocr_par' dir='ltr' id='par_1_42' title="bbox 173 1937 964 1972">
     <span class='ocr_line' id='line_1_42' title="bbox 173 1937 964 1972; baseline -0.001 -7"><span class='ocrx_word' id='word_1_320' title='bbox 173 1943 328 1972; x_wconf 82' lang='lat' dir='ltr'><strong>peccantes.</strong></span> <span class='ocrx_word' id='word_1_321' title='bbox 353 1937 407 1965; x_wconf 89' lang='lat' dir='ltr'><strong>Sed</strong></span> <span class='ocrx_word' id='word_1_322' title='bbox 430 1937 499 1964; x_wconf 90' lang='lat' dir='ltr'><strong>forte</strong></span> <span class='ocrx_word' id='word_1_323' title='bbox 523 1937 661 1971; x_wconf 82' lang='lat' dir='ltr'><strong>simplices</strong></span> <span class='ocrx_word' id='word_1_324' title='bbox 679 1937 771 1972; x_wconf 83' lang='lat' dir='ltr'><strong>plagas</strong></span> <span class='ocrx_word' id='word_1_325' title='bbox 791 1937 892 1971; x_wconf 86' lang='lat' dir='ltr'><strong>putatis</strong></span> <span class='ocrx_word' id='word_1_326' title='bbox 914 1942 964 1964; x_wconf 86' lang='lat' dir='ltr'><strong>:et</strong></span> 
     </span>
    </p>
   </div>
   <div class='ocr_carea' id='block_1_43' title="bbox 172 1983 961 2019">
    <p class='ocr_par' dir='ltr' id='par_1_43' title="bbox 172 1983 961 2019">
     <span class='ocr_line' id='line_1_43' title="bbox 172 1983 961 2019; baseline 0 -8"><span class='ocrx_word' id='word_1_327' title='bbox 172 1984 261 2019; x_wconf 90' lang='lat' dir='ltr'><strong>gladio</strong></span> <span class='ocrx_word' id='word_1_328' title='bbox 274 1983 410 2011; x_wconf 76' lang='lat' dir='ltr'><strong>interfecti</strong></span> <span class='ocrx_word' id='word_1_329' title='bbox 424 1988 497 2015; x_wconf 88' lang='lat' dir='ltr'><strong>sunt,</strong></span> <span class='ocrx_word' id='word_1_330' title='bbox 514 1984 558 2018; x_wconf 91' lang='lat' dir='ltr'><strong>qui</strong></span> <span class='ocrx_word' id='word_1_331' title='bbox 574 1988 655 2018; x_wconf 89' lang='lat' dir='ltr'><strong>caput</strong></span> <span class='ocrx_word' id='word_1_332' title='bbox 670 1985 722 2011; x_wconf 90' lang='lat' dir='ltr'><strong>sibi</strong></span> <span class='ocrx_word' id='word_1_333' title='bbox 737 1983 813 2010; x_wconf 90' lang='lat' dir='ltr'><strong>vituli</strong></span> <span class='ocrx_word' id='word_1_334' title='bbox 829 1983 961 2016; x_wconf 89' lang='lat' dir='ltr'><strong>fecerunt,</strong></span> 
     </span>
    </p>
   </div>
   <div class='ocr_carea' id='block_1_44' title="bbox 173 2030 963 2064">
    <p class='ocr_par' dir='ltr' id='par_1_44' title="bbox 173 2030 963 2064">
     <span class='ocr_line' id='line_1_44' title="bbox 173 2030 963 2064; baseline -0.003 -7"><span class='ocrx_word' id='word_1_335' title='bbox 173 2035 202 2057; x_wconf 92' lang='lat' dir='ltr'><strong>ut</strong></span> <span class='ocrx_word' id='word_1_336' title='bbox 213 2031 378 2057; x_wconf 83' lang='lat' dir='ltr'><strong>adorarent:</strong></span> <span class='ocrx_word' id='word_1_337' title='bbox 394 2035 422 2057; x_wconf 89' lang='lat' dir='ltr'><strong>et</strong></span> <span class='ocrx_word' id='word_1_338' title='bbox 434 2030 611 2057; x_wconf 87' lang='lat' dir='ltr'><strong>nihilominus</strong></span> <span class='ocrx_word' id='word_1_339' title='bbox 627 2030 846 2064; x_wconf 88' lang='lat' dir='ltr'><strong>indisciplinatus</strong></span> <span class='ocrx_word' id='word_1_340' title='bbox 863 2030 963 2057; x_wconf 89' lang='lat' dir='ltr'><strong>mansit</strong></span> 
     </span>
    </p>
   </div>
   <div class='ocr_carea' id='block_1_45' title="bbox 173 2075 961 2110">
    <p class='ocr_par' dir='ltr' id='par_1_45' title="bbox 173 2075 961 2110">
     <span class='ocr_line' id='line_1_45' title="bbox 173 2075 961 2110; baseline -0.001 -7"><span class='ocrx_word' id='word_1_341' title='bbox 173 2075 255 2104; x_wconf 83' lang='lat' dir='ltr'><strong>Israel</strong></span> <span class='ocrx_word' id='word_1_342' title='bbox 270 2085 277 2102; x_wconf 89' lang='lat'><strong>:</strong></span> <span class='ocrx_word' id='word_1_343' title='bbox 290 2081 317 2103; x_wconf 88' lang='lat' dir='ltr'><strong>et</strong></span> <span class='ocrx_word' id='word_1_344' title='bbox 329 2082 400 2103; x_wconf 89' lang='lat' dir='ltr'><strong>terra</strong></span> <span class='ocrx_word' id='word_1_345' title='bbox 417 2076 530 2103; x_wconf 86' lang='lat' dir='ltr'><strong>miriﬁce</strong></span> <span class='ocrx_word' id='word_1_346' title='bbox 540 2077 666 2103; x_wconf 86' lang='lat' dir='ltr'><strong>ostendat</strong></span> <span class='ocrx_word' id='word_1_347' title='bbox 678 2076 804 2110; x_wconf 87' lang='lat' dir='ltr'><strong>aperiens</strong></span> <span class='ocrx_word' id='word_1_348' title='bbox 816 2084 846 2102; x_wconf 87' lang='lat' dir='ltr'><strong>os</strong></span> <span class='ocrx_word' id='word_1_349' title='bbox 860 2083 938 2102; x_wconf 91' lang='lat' dir='ltr'><strong>suum</strong></span> <span class='ocrx_word' id='word_1_350' title='bbox 952 2082 961 2101; x_wconf 84' lang='lat'><strong>:</strong></span> 
     </span>
    </p>
   </div>
   <div class='ocr_carea' id='block_1_46' title="bbox 174 2120 963 2157">
    <p class='ocr_par' dir='ltr' id='par_1_46' title="bbox 174 2120 963 2157">
     <span class='ocr_line' id='line_1_46' title="bbox 174 2120 963 2157; baseline -0.004 -7"><span class='ocrx_word' id='word_1_351' title='bbox 174 2122 250 2150; x_wconf 85' lang='lat' dir='ltr'><strong>vivos</strong></span> <span class='ocrx_word' id='word_1_352' title='bbox 264 2123 396 2157; x_wconf 83' lang='lat' dir='ltr'><strong>quosdam</strong></span> <span class='ocrx_word' id='word_1_353' title='bbox 414 2121 555 2149; x_wconf 85' lang='lat' dir='ltr'><strong>absorbuit</strong></span> <span class='ocrx_word' id='word_1_354' title='bbox 569 2129 576 2148; x_wconf 89' lang='lat'><strong>:</strong></span> <span class='ocrx_word' id='word_1_355' title='bbox 596 2126 624 2148; x_wconf 91' lang='lat' dir='ltr'><strong>et</strong></span> <span class='ocrx_word' id='word_1_356' title='bbox 639 2121 685 2156; x_wconf 92' lang='lat' dir='ltr'><strong>qui</strong></span> <span class='ocrx_word' id='word_1_357' title='bbox 702 2120 788 2149; x_wconf 86' lang='lat' dir='ltr'><strong>relicti</strong></span> <span class='ocrx_word' id='word_1_358' title='bbox 803 2125 878 2153; x_wconf 84' lang='lat' dir='ltr'><strong>sunt,</strong></span> <span class='ocrx_word' id='word_1_359' title='bbox 896 2121 963 2148; x_wconf 80' lang='lat' dir='ltr'><strong>ado-</strong></span> 
     </span>
    </p>
   </div>
   <div class='ocr_carea' id='block_1_47' title="bbox 174 2178 962 2213">
    <p class='ocr_par' dir='ltr' id='par_1_47' title="bbox 174 2178 962 2213">
     <span class='ocr_line' id='line_1_47' title="bbox 174 2178 962 2213; baseline -0.003 -7"><span class='ocrx_word' id='word_1_360' title='bbox 174 2179 270 2206; x_wconf 88' lang='lat' dir='ltr'><strong>rabant</strong></span> <span class='ocrx_word' id='word_1_361' title='bbox 294 2186 346 2205; x_wconf 90' lang='lat' dir='ltr'><strong>non</strong></span> <span class='ocrx_word' id='word_1_362' title='bbox 371 2178 503 2206; x_wconf 87' lang='lat' dir='ltr'><strong>viventes.</strong></span> <span class='ocrx_word' id='word_1_363' title='bbox 528 2178 647 2205; x_wconf 85' lang='lat' dir='ltr'><strong>Flamma</strong></span> <span class='ocrx_word' id='word_1_364' title='bbox 669 2185 715 2206; x_wconf 89' lang='lat' dir='ltr'><strong>eos</strong></span> <span class='ocrx_word' id='word_1_365' title='bbox 737 2178 906 2213; x_wconf 87' lang='lat' dir='ltr'><strong>consumpsit</strong></span> <span class='ocrx_word' id='word_1_366' title='bbox 928 2185 962 2204; x_wconf 89' lang='lat' dir='ltr'><strong>ne</strong></span> 
     </span>
    </p>
   </div>
   <div class='ocr_carea' id='block_1_48' title="bbox 1010 237 1795 275">
    <p class='ocr_par' dir='ltr' id='par_1_48' title="bbox 1010 237 1795 275">
     <span class='ocr_line' id='line_1_48' title="bbox 1010 237 1795 275; baseline 0.003 -12"><span class='ocrx_word' id='word_1_367' title='bbox 1010 242 1150 272; x_wconf 85' lang='lat' dir='ltr'><strong>serpentes</strong></span> <span class='ocrx_word' id='word_1_368' title='bbox 1159 257 1166 269; x_wconf 94' lang='lat'><strong>,</strong></span> <span class='ocrx_word' id='word_1_369' title='bbox 1181 245 1229 272; x_wconf 90' lang='lat' dir='ltr'><strong>per</strong></span> <span class='ocrx_word' id='word_1_370' title='bbox 1241 237 1321 271; x_wconf 85' lang='lat' dir='ltr'><strong>feras,</strong></span> <span class='ocrx_word' id='word_1_371' title='bbox 1334 246 1384 273; x_wconf 89' lang='lat' dir='ltr'><strong>per</strong></span> <span class='ocrx_word' id='word_1_372' title='bbox 1395 238 1530 271; x_wconf 86' lang='lat' dir='ltr'><strong>inimicos,</strong></span> <span class='ocrx_word' id='word_1_373' title='bbox 1543 246 1590 274; x_wconf 87' lang='lat' dir='ltr'><strong>per</strong></span> <span class='ocrx_word' id='word_1_374' title='bbox 1600 239 1685 274; x_wconf 80' lang='lat' dir='ltr'><strong>legem</strong></span> <span class='ocrx_word' id='word_1_375' title='bbox 1698 241 1795 275; x_wconf 82' lang='lat' dir='ltr'><strong>puniti,</strong></span> 
     </span>
    </p>
   </div>
   <div class='ocr_carea' id='block_1_49' title="bbox 1011 284 1795 320">
    <p class='ocr_par' dir='ltr' id='par_1_49' title="bbox 1011 284 1795 320">
     <span class='ocr_line' id='line_1_49' title="bbox 1011 284 1795 320; baseline 0.004 -10"><span class='ocrx_word' id='word_1_376' title='bbox 1011 284 1158 316; x_wconf 90' lang='lat' dir='ltr'><strong>interfecti,</strong></span> <span class='ocrx_word' id='word_1_377' title='bbox 1173 285 1286 318; x_wconf 86' lang='lat' dir='ltr'><strong>concisi,</strong></span> <span class='ocrx_word' id='word_1_378' title='bbox 1300 286 1452 320; x_wconf 92' lang='lat' dir='ltr'><strong>consumpti</strong></span> <span class='ocrx_word' id='word_1_379' title='bbox 1468 291 1541 318; x_wconf 89' lang='lat' dir='ltr'><strong>sunt,</strong></span> <span class='ocrx_word' id='word_1_380' title='bbox 1558 291 1583 312; x_wconf 88' lang='lat' dir='ltr'><strong>et</strong></span> <span class='ocrx_word' id='word_1_381' title='bbox 1599 294 1680 313; x_wconf 86' lang='lat' dir='ltr'><strong>manu</strong></span> <span class='ocrx_word' id='word_1_382' title='bbox 1702 293 1795 313; x_wconf 76' lang='lat' dir='ltr'><strong>sacer-</strong></span> 
     </span>
    </p>
   </div>
   <div class='ocr_carea' id='block_1_50' title="bbox 1008 330 1795 361">
    <p class='ocr_par' dir='ltr' id='par_1_50' title="bbox 1008 330 1795 361">
     <span class='ocr_line' id='line_1_50' title="bbox 1008 330 1795 361; baseline 0.003 -4"><span class='ocrx_word' id='word_1_383' title='bbox 1008 330 1100 358; x_wconf 89' lang='lat' dir='ltr'><strong>dotum</strong></span> <span class='ocrx_word' id='word_1_384' title='bbox 1116 332 1199 359; x_wconf 87' lang='lat' dir='ltr'><strong>occisi</strong></span> <span class='ocrx_word' id='word_1_385' title='bbox 1213 339 1219 358; x_wconf 93' lang='lat'>:</span> <span class='ocrx_word' id='word_1_386' title='bbox 1240 336 1268 359; x_wconf 86' lang='lat' dir='ltr'><strong>et</strong></span> <span class='ocrx_word' id='word_1_387' title='bbox 1285 339 1337 359; x_wconf 88' lang='lat' dir='ltr'><strong>non</strong></span> <span class='ocrx_word' id='word_1_388' title='bbox 1352 337 1524 360; x_wconf 84' lang='lat' dir='ltr'><strong>recesserunt</strong></span> <span class='ocrx_word' id='word_1_389' title='bbox 1539 333 1573 361; x_wconf 91' lang='lat' dir='ltr'><strong>ab</strong></span> <span class='ocrx_word' id='word_1_390' title='bbox 1592 333 1682 360; x_wconf 89' lang='lat' dir='ltr'><strong>idolis.</strong></span> <span class='ocrx_word' id='word_1_391' title='bbox 1703 333 1737 360; x_wconf 85' lang='lat' dir='ltr'><strong>Et</strong></span> <span class='ocrx_word' id='word_1_392' title='bbox 1754 338 1795 361; x_wconf 80' lang='lat' dir='ltr'><strong>ta-</strong></span> 
     </span>
    </p>
   </div>
   <div class='ocr_carea' id='block_1_51' title="bbox 1010 378 1792 414">
    <p class='ocr_par' dir='ltr' id='par_1_51' title="bbox 1010 378 1792 414">
     <span class='ocr_line' id='line_1_51' title="bbox 1010 378 1792 414; baseline 0.001 -10"><span class='ocrx_word' id='word_1_393' title='bbox 1010 385 1070 404; x_wconf 92' lang='lat' dir='ltr'><strong>men</strong></span> <span class='ocrx_word' id='word_1_394' title='bbox 1098 378 1154 405; x_wconf 74' lang='lat' dir='ltr'><strong>hrec</strong></span> <span class='ocrx_word' id='word_1_395' title='bbox 1177 378 1267 405; x_wconf 92' lang='lat' dir='ltr'><strong>omnia</strong></span> <span class='ocrx_word' id='word_1_396' title='bbox 1292 379 1392 405; x_wconf 90' lang='lat' dir='ltr'><strong>fiebant</strong></span> <span class='ocrx_word' id='word_1_397' title='bbox 1415 383 1488 411; x_wconf 76' lang='lat' dir='ltr'><strong>tunc,</strong></span> <span class='ocrx_word' id='word_1_398' title='bbox 1509 384 1536 407; x_wconf 90' lang='lat' dir='ltr'><strong>et</strong></span> <span class='ocrx_word' id='word_1_399' title='bbox 1554 379 1667 414; x_wconf 84' lang='lat' dir='ltr'><strong>spiritus</strong></span> <span class='ocrx_word' id='word_1_400' title='bbox 1690 383 1750 406; x_wconf 89' lang='lat' dir='ltr'><strong>erat</strong></span> <span class='ocrx_word' id='word_1_401' title='bbox 1767 380 1792 406; x_wconf 88' lang='lat' dir='ltr'><strong>in</strong></span> 
     </span>
    </p>
   </div>
   <div class='ocr_carea' id='block_1_52' title="bbox 1010 424 1795 460">
    <p class='ocr_par' dir='ltr' id='par_1_52' title="bbox 1010 424 1795 460">
     <span class='ocr_line' id='line_1_52' title="bbox 1010 424 1795 460; baseline 0.004 -9"><span class='ocrx_word' id='word_1_402' title='bbox 1010 424 1085 459; x_wconf 69' lang='lat' dir='ltr'><strong>ipsis,</strong></span> <span class='ocrx_word' id='word_1_403' title='bbox 1109 429 1135 452; x_wconf 89' lang='lat' dir='ltr'><strong>et</strong></span> <span class='ocrx_word' id='word_1_404' title='bbox 1157 424 1261 460; x_wconf 83' lang='lat' dir='ltr'><strong>Moyses</strong></span> <span class='ocrx_word' id='word_1_405' title='bbox 1285 426 1424 460; x_wconf 88' lang='lat' dir='ltr'><strong>propheta,</strong></span> <span class='ocrx_word' id='word_1_406' title='bbox 1444 430 1471 453; x_wconf 90' lang='lat' dir='ltr'><strong>et</strong></span> <span class='ocrx_word' id='word_1_407' title='bbox 1493 425 1583 453; x_wconf 89' lang='lat' dir='ltr'><strong>Aaron</strong></span> <span class='ocrx_word' id='word_1_408' title='bbox 1607 426 1745 459; x_wconf 86' lang='lat' dir='ltr'><strong>sacerdos,</strong></span> <span class='ocrx_word' id='word_1_409' title='bbox 1768 432 1795 454; x_wconf 84' lang='lat' dir='ltr'><strong>et</strong></span> 
     </span>
    </p>
   </div>
   <div class='ocr_carea' id='block_1_53' title="bbox 1008 469 1793 506">
    <p class='ocr_par' dir='ltr' id='par_1_53' title="bbox 1008 469 1793 506">
     <span class='ocr_line' id='line_1_53' title="bbox 1008 469 1793 506; baseline 0.001 -8"><span class='ocrx_word' id='word_1_410' title='bbox 1008 469 1087 498; x_wconf 80' lang='lat' dir='ltr'><strong>Jesus</strong></span> <span class='ocrx_word' id='word_1_411' title='bbox 1102 470 1173 497; x_wconf 85' lang='lat' dir='ltr'><strong>Nave</strong></span> <span class='ocrx_word' id='word_1_412' title='bbox 1188 471 1335 498; x_wconf 78' lang='lat' dir='ltr'><strong>exercitum</strong></span> <span class='ocrx_word' id='word_1_413' title='bbox 1353 472 1462 504; x_wconf 89' lang='lat' dir='ltr'><strong>ducens,</strong></span> <span class='ocrx_word' id='word_1_414' title='bbox 1479 475 1506 498; x_wconf 92' lang='lat' dir='ltr'><strong>et</strong></span> <span class='ocrx_word' id='word_1_415' title='bbox 1521 479 1679 506; x_wconf 65' lang='lat' dir='ltr'><strong>expugnans</strong></span> <span class='ocrx_word' id='word_1_416' title='bbox 1702 472 1793 500; x_wconf 85' lang='lat' dir='ltr'><strong>inimi-</strong></span> 
     </span>
    </p>
   </div>
   <div class='ocr_carea' id='block_1_54' title="bbox 1009 518 1797 553">
    <p class='ocr_par' dir='ltr' id='par_1_54' title="bbox 1009 518 1797 553">
     <span class='ocr_line' id='line_1_54' title="bbox 1009 518 1797 553; baseline 0.003 -9"><span class='ocrx_word' id='word_1_417' title='bbox 1009 524 1066 550; x_wconf 87' lang='lat' dir='ltr'><strong>cos,</strong></span> <span class='ocrx_word' id='word_1_418' title='bbox 1082 521 1109 545; x_wconf 91' lang='lat' dir='ltr'><strong>et</strong></span> <span class='ocrx_word' id='word_1_419' title='bbox 1123 518 1232 553; x_wconf 86' lang='lat' dir='ltr'><strong>Moyses</strong></span> <span class='ocrx_word' id='word_1_420' title='bbox 1247 518 1418 545; x_wconf 85' lang='lat' dir='ltr'><strong>orationibus</strong></span> <span class='ocrx_word' id='word_1_421' title='bbox 1434 518 1555 550; x_wconf 85' lang='lat' dir='ltr'><strong>vincens.</strong></span> <span class='ocrx_word' id='word_1_422' title='bbox 1579 523 1606 546; x_wconf 90' lang='lat' dir='ltr'><strong>et</strong></span> <span class='ocrx_word' id='word_1_423' title='bbox 1627 525 1726 547; x_wconf 86' lang='lat' dir='ltr'><strong>manna</strong></span> <span class='ocrx_word' id='word_1_424' title='bbox 1751 519 1797 546; x_wconf 85' lang='lat' dir='ltr'><strong>de-</strong></span> 
     </span>
    </p>
   </div>
   <div class='ocr_carea' id='block_1_55' title="bbox 1009 564 1796 599">
    <p class='ocr_par' dir='ltr' id='par_1_55' title="bbox 1009 564 1796 599">
     <span class='ocr_line' id='line_1_55' title="bbox 1009 564 1796 599; baseline 0.003 -10"><span class='ocrx_word' id='word_1_425' title='bbox 1009 569 1128 595; x_wconf 91' lang='lat' dir='ltr'><strong>sursum,</strong></span> <span class='ocrx_word' id='word_1_426' title='bbox 1157 569 1184 590; x_wconf 91' lang='lat' dir='ltr'><strong>et</strong></span> <span class='ocrx_word' id='word_1_427' title='bbox 1207 569 1284 599; x_wconf 84' lang='lat' dir='ltr'><strong>petra</strong></span> <span class='ocrx_word' id='word_1_428' title='bbox 1309 564 1391 591; x_wconf 86' lang='lat' dir='ltr'><strong>dabat</strong></span> <span class='ocrx_word' id='word_1_429' title='bbox 1412 571 1522 599; x_wconf 68' lang='lat' dir='ltr'><strong>aquam,</strong></span> <span class='ocrx_word' id='word_1_430' title='bbox 1543 569 1570 592; x_wconf 92' lang='lat' dir='ltr'><strong>et</strong></span> <span class='ocrx_word' id='word_1_431' title='bbox 1591 566 1796 593; x_wconf 84' lang='lat' dir='ltr'><strong>tabernaculum</strong></span> 
     </span>
    </p>
   </div>
   <div class='ocr_carea' id='block_1_56' title="bbox 997 609 1797 645">
    <p class='ocr_par' dir='ltr' id='par_1_56' title="bbox 997 609 1797 645">
     <span class='ocr_line' id='line_1_56' title="bbox 997 609 1797 645; baseline 0.005 -9"><span class='ocrx_word' id='word_1_432' title='bbox 997 609 1112 645; x_wconf 56' lang='lat' dir='ltr'><strong>.aderat,</strong></span> <span class='ocrx_word' id='word_1_433' title='bbox 1137 614 1165 636; x_wconf 90' lang='lat' dir='ltr'><strong>et</strong></span> <span class='ocrx_word' id='word_1_434' title='bbox 1178 610 1253 645; x_wconf 86' lang='lat' dir='ltr'><strong>virga</strong></span> <span class='ocrx_word' id='word_1_435' title='bbox 1271 610 1395 643; x_wconf 83' lang='lat' dir='ltr'><strong>ﬂorebat,</strong></span> <span class='ocrx_word' id='word_1_436' title='bbox 1419 615 1446 638; x_wconf 85' lang='lat' dir='ltr'><strong>et</strong></span> <span class='ocrx_word' id='word_1_437' title='bbox 1468 612 1602 638; x_wconf 89' lang='lat' dir='ltr'><strong>mirabilia</strong></span> <span class='ocrx_word' id='word_1_438' title='bbox 1628 611 1736 639; x_wconf 85' lang='lat' dir='ltr'><strong>ﬁebant.</strong></span> <span class='ocrx_word' id='word_1_439' title='bbox 1765 612 1797 640; x_wconf 83' lang='lat' dir='ltr'><strong>Et</strong></span> 
     </span>
    </p>
   </div>
   <div class='ocr_carea' id='block_1_57' title="bbox 1014 656 1797 692">
    <p class='ocr_par' dir='ltr' id='par_1_57' title="bbox 1014 656 1797 692">
     <span class='ocr_line' id='line_1_57' title="bbox 1014 656 1797 692; baseline 0.005 -9"><span class='ocrx_word' id='word_1_440' title='bbox 1014 656 1135 684; x_wconf 87' lang='lat' dir='ltr'><strong>colentes</strong></span> <span class='ocrx_word' id='word_1_441' title='bbox 1155 656 1225 684; x_wconf 92' lang='lat' dir='ltr'><strong>idola</strong></span> <span class='ocrx_word' id='word_1_442' title='bbox 1246 664 1298 683; x_wconf 91' lang='lat' dir='ltr'><strong>non</strong></span> <span class='ocrx_word' id='word_1_443' title='bbox 1324 658 1473 692; x_wconf 80' lang='lat' dir='ltr'><strong>abegcrunt</strong></span> <span class='ocrx_word' id='word_1_444' title='bbox 1495 656 1591 690; x_wconf 84' lang='lat' dir='ltr'><strong>Deum,</strong></span> <span class='ocrx_word' id='word_1_445' title='bbox 1609 663 1638 686; x_wconf 90' lang='lat' dir='ltr'><strong>ut</strong></span> <span class='ocrx_word' id='word_1_446' title='bbox 1657 659 1797 687; x_wconf 72' lang='lat' dir='ltr'><strong>recederet</strong></span> 
     </span>
    </p>
   </div>
   <div class='ocr_carea' id='block_1_58' title="bbox 1011 701 1796 737">
    <p class='ocr_par' dir='ltr' id='par_1_58' title="bbox 1011 701 1796 737">
     <span class='ocr_line' id='line_1_58' title="bbox 1011 701 1796 737; baseline 0.006 -10"><span class='ocrx_word' id='word_1_447' title='bbox 1011 708 1025 726; x_wconf 89' lang='lat' dir='ltr'><strong>a</strong></span> <span class='ocrx_word' id='word_1_448' title='bbox 1053 701 1277 735; x_wconf 85' lang='lat' dir='ltr'><strong>promissionibus</strong></span> <span class='ocrx_word' id='word_1_449' title='bbox 1302 703 1357 729; x_wconf 91' lang='lat' dir='ltr'><strong>suis</strong></span> <span class='ocrx_word' id='word_1_450' title='bbox 1381 710 1448 737; x_wconf 85' lang='lat' dir='ltr'><strong>quas</strong></span> <span class='ocrx_word' id='word_1_451' title='bbox 1466 703 1566 731; x_wconf 89' lang='lat' dir='ltr'><strong>fecerat</strong></span> <span class='ocrx_word' id='word_1_452' title='bbox 1588 704 1622 731; x_wconf 89' lang='lat' dir='ltr'><strong>ad</strong></span> <span class='ocrx_word' id='word_1_453' title='bbox 1648 705 1796 733; x_wconf 79' lang='lat' dir='ltr'><strong>Abraham.</strong></span> 
     </span>
    </p>
   </div>
   <div class='ocr_carea' id='block_1_59' title="bbox 1010 745 1797 785">
    <p class='ocr_par' dir='ltr' id='par_1_59' title="bbox 1010 745 1797 785">
     <span class='ocr_line' id='line_1_59' title="bbox 1010 745 1797 785; baseline 0.006 -12"><span class='ocrx_word' id='word_1_454' title='bbox 1010 745 1065 774; x_wconf 83' lang='lat' dir='ltr'><strong>Cur</strong></span> <span class='ocrx_word' id='word_1_455' title='bbox 1084 754 1158 782; x_wconf 84' lang='lat' dir='ltr'><strong>ergo,</strong></span> <span class='ocrx_word' id='word_1_456' title='bbox 1175 755 1222 774; x_wconf 85' lang='lat' dir='ltr'><strong>vos</strong></span> <span class='ocrx_word' id='word_1_457' title='bbox 1238 748 1422 782; x_wconf 89' lang='lat' dir='ltr'><strong>interrogabo,</strong></span> <span class='ocrx_word' id='word_1_458' title='bbox 1446 756 1495 776; x_wconf 92' lang='lat' dir='ltr'><strong>cur</strong></span> <span class='ocrx_word' id='word_1_459' title='bbox 1510 756 1570 776; x_wconf 92' lang='lat' dir='ltr'><strong>cum</strong></span> <span class='ocrx_word' id='word_1_460' title='bbox 1584 754 1612 777; x_wconf 91' lang='lat' dir='ltr'><strong>et</strong></span> <span class='ocrx_word' id='word_1_461' title='bbox 1626 751 1696 784; x_wconf 89' lang='lat' dir='ltr'><strong>apud</strong></span> <span class='ocrx_word' id='word_1_462' title='bbox 1711 749 1797 785; x_wconf 54' lang='lat' dir='ltr'><strong>Egy-</strong></span> 
     </span>
    </p>
   </div>
   <div class='ocr_carea' id='block_1_60' title="bbox 1010 794 1797 832">
    <p class='ocr_par' dir='ltr' id='par_1_60' title="bbox 1010 794 1797 832">
     <span class='ocr_line' id='line_1_60' title="bbox 1010 794 1797 832; baseline 0.005 -12"><span class='ocrx_word' id='word_1_463' title='bbox 1010 798 1085 828; x_wconf 90' lang='lat' dir='ltr'><strong>ptum</strong></span> <span class='ocrx_word' id='word_1_464' title='bbox 1110 794 1179 822; x_wconf 89' lang='lat' dir='ltr'><strong>idola</strong></span> <span class='ocrx_word' id='word_1_465' title='bbox 1207 794 1349 826; x_wconf 87' lang='lat' dir='ltr'><strong>colebatis,</strong></span> <span class='ocrx_word' id='word_1_466' title='bbox 1369 803 1430 823; x_wconf 92' lang='lat' dir='ltr'><strong>cum</strong></span> <span class='ocrx_word' id='word_1_467' title='bbox 1452 800 1479 823; x_wconf 89' lang='lat' dir='ltr'><strong>et</strong></span> <span class='ocrx_word' id='word_1_468' title='bbox 1502 796 1528 823; x_wconf 92' lang='lat' dir='ltr'><strong>in</strong></span> <span class='ocrx_word' id='word_1_469' title='bbox 1550 796 1608 831; x_wconf 89' lang='lat' dir='ltr'><strong>ipso</strong></span> <span class='ocrx_word' id='word_1_470' title='bbox 1630 797 1698 824; x_wconf 85' lang='lat' dir='ltr'><strong>mari</strong></span> <span class='ocrx_word' id='word_1_471' title='bbox 1719 796 1797 832; x_wconf 72' lang='lat' dir='ltr'><strong>posiﬁ</strong></span> 
     </span>
    </p>
   </div>
   <div class='ocr_carea' id='block_1_61' title="bbox 1013 840 1797 878">
    <p class='ocr_par' dir='ltr' id='par_1_61' title="bbox 1013 840 1797 878">
     <span class='ocr_line' id='line_1_61' title="bbox 1013 840 1797 878; baseline 0.008 -12"><span class='ocrx_word' id='word_1_472' title='bbox 1013 847 1066 866; x_wconf 93' lang='lat' dir='ltr'><strong>non</strong></span> <span class='ocrx_word' id='word_1_473' title='bbox 1079 840 1243 874; x_wconf 84' lang='lat' dir='ltr'><strong>credebatis,</strong></span> <span class='ocrx_word' id='word_1_474' title='bbox 1258 849 1319 868; x_wconf 90' lang='lat' dir='ltr'><strong>cum</strong></span> <span class='ocrx_word' id='word_1_475' title='bbox 1335 846 1362 869; x_wconf 88' lang='lat' dir='ltr'><strong>et</strong></span> <span class='ocrx_word' id='word_1_476' title='bbox 1382 850 1480 869; x_wconf 88' lang='lat' dir='ltr'><strong>manna</strong></span> <span class='ocrx_word' id='word_1_477' title='bbox 1495 843 1662 878; x_wconf 83' lang='lat' dir='ltr'><strong>accipientes</strong></span> <span class='ocrx_word' id='word_1_478' title='bbox 1677 851 1797 872; x_wconf 86' lang='lat' dir='ltr'><strong>murmu-</strong></span> 
     </span>
    </p>
   </div>
   <div class='ocr_carea' id='block_1_62' title="bbox 1011 886 1797 925">
    <p class='ocr_par' dir='ltr' id='par_1_62' title="bbox 1011 886 1797 925">
     <span class='ocr_line' id='line_1_62' title="bbox 1011 886 1797 925; baseline 0.006 -13"><span class='ocrx_word' id='word_1_479' title='bbox 1011 886 1123 917; x_wconf 86' lang='lat' dir='ltr'><strong>rabatis,</strong></span> <span class='ocrx_word' id='word_1_480' title='bbox 1137 893 1198 913; x_wconf 90' lang='lat' dir='ltr'><strong>cum</strong></span> <span class='ocrx_word' id='word_1_481' title='bbox 1224 891 1250 913; x_wconf 94' lang='lat' dir='ltr'><strong>et</strong></span> <span class='ocrx_word' id='word_1_482' title='bbox 1269 891 1332 915; x_wconf 86' lang='lat' dir='ltr'><strong>ante</strong></span> <span class='ocrx_word' id='word_1_483' title='bbox 1354 888 1440 921; x_wconf 71' lang='lat' dir='ltr'><strong>legem</strong></span> <span class='ocrx_word' id='word_1_484' title='bbox 1461 893 1489 916; x_wconf 91' lang='lat' dir='ltr'><strong>et</strong></span> <span class='ocrx_word' id='word_1_485' title='bbox 1509 892 1604 916; x_wconf 90' lang='lat' dir='ltr'><strong>contra</strong></span> <span class='ocrx_word' id='word_1_486' title='bbox 1621 889 1707 925; x_wconf 77' lang='lat' dir='ltr'><strong>legem</strong></span> <span class='ocrx_word' id='word_1_487' title='bbox 1722 891 1797 918; x_wconf 81' lang='lat' dir='ltr'><strong>vituli</strong></span> 
     </span>
    </p>
   </div>
   <div class='ocr_carea' id='block_1_63' title="bbox 1009 932 1798 972">
    <p class='ocr_par' dir='ltr' id='par_1_63' title="bbox 1009 932 1798 972">
     <span class='ocr_line' id='line_1_63' title="bbox 1009 932 1798 972; baseline 0.009 -15"><span class='ocrx_word' id='word_1_488' title='bbox 1009 937 1089 966; x_wconf 86' lang='lat' dir='ltr'><strong>caput</strong></span> <span class='ocrx_word' id='word_1_489' title='bbox 1110 932 1185 959; x_wconf 89' lang='lat' dir='ltr'><strong>vobis</strong></span> <span class='ocrx_word' id='word_1_490' title='bbox 1209 932 1323 965; x_wconf 86' lang='lat' dir='ltr'><strong>fecistis,</strong></span> <span class='ocrx_word' id='word_1_491' title='bbox 1347 941 1408 961; x_wconf 82' lang='lat' dir='ltr'><strong>curn</strong></span> <span class='ocrx_word' id='word_1_492' title='bbox 1432 933 1601 969; x_wconf 84' lang='lat' dir='ltr'><strong>Beelphegor</strong></span> <span class='ocrx_word' id='word_1_493' title='bbox 1619 937 1798 972; x_wconf 84' lang='lat' dir='ltr'><strong>vosmetipsos</strong></span> 
     </span>
    </p>
   </div>
   <div class='ocr_carea' id='block_1_64' title="bbox 1008 978 1796 1015">
    <p class='ocr_par' dir='ltr' id='par_1_64' title="bbox 1008 978 1796 1015">
     <span class='ocr_line' id='line_1_64' title="bbox 1008 978 1796 1015; baseline 0.008 -11"><span class='ocrx_word' id='word_1_494' title='bbox 1008 978 1198 1011; x_wconf 80' lang='lat' dir='ltr'><strong>cortsecrastis,</strong></span> <span class='ocrx_word' id='word_1_495' title='bbox 1214 986 1273 1006; x_wconf 88' lang='lat' dir='ltr'><strong>cum</strong></span> <span class='ocrx_word' id='word_1_496' title='bbox 1286 980 1420 1006; x_wconf 86' lang='lat' dir='ltr'><strong>flammam</strong></span> <span class='ocrx_word' id='word_1_497' title='bbox 1433 980 1502 1014; x_wconf 87' lang='lat' dir='ltr'><strong>ignis</strong></span> <span class='ocrx_word' id='word_1_498' title='bbox 1514 982 1725 1015; x_wconf 88' lang='lat' dir='ltr'><strong>contempsistis,</strong></span> <span class='ocrx_word' id='word_1_499' title='bbox 1736 989 1796 1010; x_wconf 88' lang='lat' dir='ltr'><strong>cntu</strong></span> 
     </span>
    </p>
   </div>
   <div class='ocr_carea' id='block_1_65' title="bbox 1008 1024 1798 1058">
    <p class='ocr_par' dir='ltr' id='par_1_65' title="bbox 1008 1024 1798 1058">
     <span class='ocr_line' id='line_1_65' title="bbox 1008 1024 1798 1058; baseline 0.009 -8"><span class='ocrx_word' id='word_1_500' title='bbox 1008 1024 1180 1058; x_wconf 83' lang='lat' dir='ltr'><strong>serpentibus</strong></span> <span class='ocrx_word' id='word_1_501' title='bbox 1198 1024 1444 1058; x_wconf 85' lang='lat' dir='ltr'><strong>interﬁciebamini,</strong></span> <span class='ocrx_word' id='word_1_502' title='bbox 1462 1035 1514 1054; x_wconf 92' lang='lat' dir='ltr'><strong>non</strong></span> <span class='ocrx_word' id='word_1_503' title='bbox 1536 1027 1602 1055; x_wconf 87' lang='lat' dir='ltr'><strong>estis</strong></span> <span class='ocrx_word' id='word_1_504' title='bbox 1619 1029 1691 1056; x_wconf 87' lang='lat' dir='ltr'><strong>suasi</strong></span> <span class='ocrx_word' id='word_1_505' title='bbox 1706 1038 1712 1056; x_wconf 93' lang='lat'>:</span> <span class='ocrx_word' id='word_1_506' title='bbox 1737 1036 1798 1057; x_wconf 92' lang='lat' dir='ltr'><strong>cum</strong></span> 
     </span>
    </p>
   </div>
   <div class='ocr_carea' id='block_1_66' title="bbox 1010 1069 1798 1106">
    <p class='ocr_par' dir='ltr' id='par_1_66' title="bbox 1010 1069 1798 1106">
     <span class='ocr_line' id='line_1_66' title="bbox 1010 1069 1798 1106; baseline 0.006 -10"><span class='ocrx_word' id='word_1_507' title='bbox 1010 1073 1080 1096; x_wconf 88' lang='lat' dir='ltr'><strong>terra</strong></span> <span class='ocrx_word' id='word_1_508' title='bbox 1105 1069 1300 1097; x_wconf 87' lang='lat' dir='ltr'><strong>admirabiliter</strong></span> <span class='ocrx_word' id='word_1_509' title='bbox 1312 1079 1343 1098; x_wconf 87' lang='lat' dir='ltr'><strong>os</strong></span> <span class='ocrx_word' id='word_1_510' title='bbox 1360 1079 1437 1098; x_wconf 90' lang='lat' dir='ltr'><strong>suum</strong></span> <span class='ocrx_word' id='word_1_511' title='bbox 1459 1073 1583 1106; x_wconf 87' lang='lat' dir='ltr'><strong>aperiens</strong></span> <span class='ocrx_word' id='word_1_512' title='bbox 1599 1073 1740 1101; x_wconf 86' lang='lat' dir='ltr'><strong>absorbuit</strong></span> <span class='ocrx_word' id='word_1_513' title='bbox 1751 1081 1798 1102; x_wconf 88' lang='lat' dir='ltr'><strong>vos</strong></span> 
     </span>
    </p>
   </div>
   <div class='ocr_carea' id='block_1_67' title="bbox 1008 1116 1796 1157">
    <p class='ocr_par' dir='ltr' id='par_1_67' title="bbox 1008 1116 1796 1157">
     <span class='ocr_line' id='line_1_67' title="bbox 1008 1116 1796 1157; baseline 0.008 -14"><span class='ocrx_word' id='word_1_514' title='bbox 1008 1116 1140 1150; x_wconf 90' lang='lat' dir='ltr'><strong>viventes,</strong></span> <span class='ocrx_word' id='word_1_515' title='bbox 1159 1124 1245 1152; x_wconf 87' lang='lat' dir='ltr'><strong>neque</strong></span> <span class='ocrx_word' id='word_1_516' title='bbox 1267 1125 1315 1145; x_wconf 90' lang='lat' dir='ltr'><strong>vos</strong></span> <span class='ocrx_word' id='word_1_517' title='bbox 1330 1120 1457 1146; x_wconf 87' lang='lat' dir='ltr'><strong>cessastis</strong></span> <span class='ocrx_word' id='word_1_518' title='bbox 1472 1120 1506 1146; x_wconf 92' lang='lat' dir='ltr'><strong>ab</strong></span> <span class='ocrx_word' id='word_1_519' title='bbox 1520 1120 1608 1153; x_wconf 85' lang='lat' dir='ltr'><strong>idolis,</strong></span> <span class='ocrx_word' id='word_1_520' title='bbox 1623 1128 1709 1157; x_wconf 87' lang='lat' dir='ltr'><strong>neque</strong></span> <span class='ocrx_word' id='word_1_521' title='bbox 1726 1122 1796 1150; x_wconf 82' lang='lat' dir='ltr'><strong>Deus</strong></span> 
     </span>
    </p>
   </div>
   <div class='ocr_carea' id='block_1_68' title="bbox 1010 1163 1798 1201">
    <p class='ocr_par' dir='ltr' id='par_1_68' title="bbox 1010 1163 1798 1201">
     <span class='ocr_line' id='line_1_68' title="bbox 1010 1163 1798 1201; baseline 0.009 -12"><span class='ocrx_word' id='word_1_522' title='bbox 1010 1163 1134 1195; x_wconf 81' lang='lat' dir='ltr'><strong>recessit,</strong></span> <span class='ocrx_word' id='word_1_523' title='bbox 1152 1168 1180 1190; x_wconf 90' lang='lat' dir='ltr'><strong>ut</strong></span> <span class='ocrx_word' id='word_1_524' title='bbox 1209 1171 1262 1191; x_wconf 91' lang='lat' dir='ltr'><strong>non</strong></span> <span class='ocrx_word' id='word_1_525' title='bbox 1279 1165 1355 1192; x_wconf 86' lang='lat' dir='ltr'><strong>vobis</strong></span> <span class='ocrx_word' id='word_1_526' title='bbox 1379 1165 1480 1193; x_wconf 66' lang='lat' dir='ltr'><strong>faceret</strong></span> <span class='ocrx_word' id='word_1_527' title='bbox 1506 1166 1596 1201; x_wconf 86' lang='lat' dir='ltr'><strong>bene;</strong></span> <span class='ocrx_word' id='word_1_528' title='bbox 1619 1172 1645 1194; x_wconf 94' lang='lat' dir='ltr'><strong>et</strong></span> <span class='ocrx_word' id='word_1_529' title='bbox 1660 1166 1798 1197; x_wconf 79' lang='lat' dir='ltr'><strong>habebatis</strong></span> 
     </span>
    </p>
   </div>
   <div class='ocr_carea' id='block_1_69' title="bbox 1009 1208 1798 1248">
    <p class='ocr_par' dir='ltr' id='par_1_69' title="bbox 1009 1208 1798 1248">
     <span class='ocr_line' id='line_1_69' title="bbox 1009 1208 1798 1248; baseline 0.009 -14"><span class='ocrx_word' id='word_1_530' title='bbox 1009 1208 1155 1242; x_wconf 87' lang='lat' dir='ltr'><strong>prophetas</strong></span> <span class='ocrx_word' id='word_1_531' title='bbox 1174 1209 1324 1236; x_wconf 90' lang='lat' dir='ltr'><strong>vobiscum.</strong></span> <span class='ocrx_word' id='word_1_532' title='bbox 1348 1210 1571 1246; x_wconf 88' lang='lat' dir='ltr'><strong>Comparavimus</strong></span> <span class='ocrx_word' id='word_1_533' title='bbox 1592 1214 1674 1248; x_wconf 77' lang='lat' dir='ltr'><strong>igitur</strong></span> <span class='ocrx_word' id='word_1_534' title='bbox 1689 1214 1733 1240; x_wconf 87' lang='lat' dir='ltr'><strong>illa</strong></span> <span class='ocrx_word' id='word_1_535' title='bbox 1757 1213 1798 1242; x_wconf 77' lang='lat' dir='ltr'><strong>his</strong></span> 
     </span>
    </p>
   </div>
   <div class='ocr_carea' id='block_1_70' title="bbox 1009 1255 1798 1293">
    <p class='ocr_par' dir='ltr' id='par_1_70' title="bbox 1009 1255 1798 1293">
     <span class='ocr_line' id='line_1_70' title="bbox 1009 1255 1798 1293; baseline 0.011 -13"><span class='ocrx_word' id='word_1_536' title='bbox 1009 1261 1068 1288; x_wconf 66' lang='lat' dir='ltr'><strong>quae</strong></span> <span class='ocrx_word' id='word_1_537' title='bbox 1085 1263 1137 1282; x_wconf 91' lang='lat' dir='ltr'><strong>non</strong></span> <span class='ocrx_word' id='word_1_538' title='bbox 1154 1259 1217 1282; x_wconf 73' lang='lat' dir='ltr'><strong>sunt</strong></span> <span class='ocrx_word' id='word_1_539' title='bbox 1232 1255 1301 1290; x_wconf 86' lang='grc'><strong>(71),</strong></span> <span class='ocrx_word' id='word_1_540' title='bbox 1317 1261 1344 1283; x_wconf 89' lang='lat' dir='ltr'><strong>et</strong></span> <span class='ocrx_word' id='word_1_541' title='bbox 1369 1257 1594 1293; x_wconf 85' lang='lat' dir='ltr'><strong>interrogavimus</strong></span> <span class='ocrx_word' id='word_1_542' title='bbox 1610 1268 1656 1288; x_wconf 84' lang='lat' dir='ltr'><strong>eos</strong></span> <span class='ocrx_word' id='word_1_543' title='bbox 1668 1269 1716 1288; x_wconf 92' lang='lat' dir='ltr'><strong>cur</strong></span> <span class='ocrx_word' id='word_1_544' title='bbox 1737 1267 1798 1290; x_wconf 89' lang='lat' dir='ltr'><strong>tunc</strong></span> 
     </span>
    </p>
   </div>
   <div class='ocr_carea' id='block_1_71' title="bbox 1009 1300 1798 1343">
    <p class='ocr_par' dir='ltr' id='par_1_71' title="bbox 1009 1300 1798 1343">
     <span class='ocr_line' id='line_1_71' title="bbox 1009 1300 1798 1343; baseline 0.014 -18"><span class='ocrx_word' id='word_1_545' title='bbox 1009 1307 1069 1326; x_wconf 88' lang='lat' dir='ltr'><strong>cum</strong></span> <span class='ocrx_word' id='word_1_546' title='bbox 1083 1305 1155 1327; x_wconf 90' lang='lat' dir='ltr'><strong>tanta</strong></span> <span class='ocrx_word' id='word_1_547' title='bbox 1169 1300 1264 1329; x_wconf 89' lang='lat' dir='ltr'><strong>ﬁerent</strong></span> <span class='ocrx_word' id='word_1_548' title='bbox 1275 1309 1289 1328; x_wconf 91' lang='lat' dir='ltr'><strong>a</strong></span> <span class='ocrx_word' id='word_1_549' title='bbox 1302 1302 1389 1334; x_wconf 83' lang='lat' dir='ltr'><strong>vobis,</strong></span> <span class='ocrx_word' id='word_1_550' title='bbox 1400 1311 1496 1338; x_wconf 84' lang='lat' dir='ltr'><strong>passus</strong></span> <span class='ocrx_word' id='word_1_551' title='bbox 1508 1304 1564 1340; x_wconf 73' lang='grc'><strong>(72)</strong></span> <span class='ocrx_word' id='word_1_552' title='bbox 1589 1311 1629 1333; x_wconf 83' lang='lat' dir='ltr'><strong>est</strong></span> <span class='ocrx_word' id='word_1_553' title='bbox 1641 1307 1717 1335; x_wconf 85' lang='lat' dir='ltr'><strong>vobis</strong></span> <span class='ocrx_word' id='word_1_554' title='bbox 1741 1305 1798 1343; x_wconf 77' lang='lat'><strong>(73)</strong></span> 
     </span>
    </p>
   </div>
   <div class='ocr_carea' id='block_1_72' title="bbox 1012 1345 1798 1388">
    <p class='ocr_par' dir='ltr' id='par_1_72' title="bbox 1012 1345 1798 1388">
     <span class='ocr_line' id='line_1_72' title="bbox 1012 1345 1798 1388; baseline 0.013 -17"><span class='ocrx_word' id='word_1_555' title='bbox 1012 1345 1090 1378; x_wconf 90' lang='lat' dir='ltr'><strong>Deus,</strong></span> <span class='ocrx_word' id='word_1_556' title='bbox 1100 1350 1127 1372; x_wconf 89' lang='lat' dir='ltr'><strong>et</strong></span> <span class='ocrx_word' id='word_1_557' title='bbox 1138 1354 1207 1373; x_wconf 86' lang='lat' dir='ltr'><strong>nunc</strong></span> <span class='ocrx_word' id='word_1_558' title='bbox 1216 1354 1275 1374; x_wconf 93' lang='lat' dir='ltr'><strong>cum</strong></span> <span class='ocrx_word' id='word_1_559' title='bbox 1285 1346 1431 1375; x_wconf 91' lang='lat' dir='ltr'><strong>Sabbatttm</strong></span> <span class='ocrx_word' id='word_1_560' title='bbox 1440 1350 1581 1378; x_wconf 86' lang='lat' dir='ltr'><strong>custoditis</strong></span> <span class='ocrx_word' id='word_1_561' title='bbox 1590 1357 1618 1379; x_wconf 90' lang='lat' dir='ltr'><strong>ut</strong></span> <span class='ocrx_word' id='word_1_562' title='bbox 1626 1353 1798 1388; x_wconf 82' lang='lat' dir='ltr'><strong>pollicemini,</strong></span> 
     </span>
    </p>
   </div>
   <div class='ocr_carea' id='block_1_73' title="bbox 1010 1388 1798 1435">
    <p class='ocr_par' dir='ltr' id='par_1_73' title="bbox 1010 1388 1798 1435">
     <span class='ocr_line' id='line_1_73' title="bbox 1010 1388 1798 1435; baseline 0.013 -18"><span class='ocrx_word' id='word_1_563' title='bbox 1010 1395 1036 1418; x_wconf 87' lang='lat' dir='ltr'><strong>et</strong></span> <span class='ocrx_word' id='word_1_564' title='bbox 1050 1391 1134 1426; x_wconf 80' lang='lat' dir='ltr'><strong>legem</strong></span> <span class='ocrx_word' id='word_1_565' title='bbox 1152 1392 1250 1427; x_wconf 86' lang='lat' dir='ltr'><strong>legitis,</strong></span> <span class='ocrx_word' id='word_1_566' title='bbox 1265 1398 1293 1421; x_wconf 90' lang='lat' dir='ltr'><strong>et</strong></span> <span class='ocrx_word' id='word_1_567' title='bbox 1313 1394 1396 1422; x_wconf 89' lang='lat' dir='ltr'><strong>libros</strong></span> <span class='ocrx_word' id='word_1_568' title='bbox 1418 1397 1621 1431; x_wconf 87' lang='lat' dir='ltr'><strong>prophetarum,</strong></span> <span class='ocrx_word' id='word_1_569' title='bbox 1647 1388 1798 1435; x_wconf 63' lang='lat' dir='ltr'><strong>quosprm-</strong></span> 
     </span>
    </p>
   </div>
   <div class='ocr_carea' id='block_1_74' title="bbox 1011 1438 1797 1474">
    <p class='ocr_par' dir='ltr' id='par_1_74' title="bbox 1011 1438 1797 1474">
     <span class='ocr_line' id='line_1_74' title="bbox 1011 1438 1797 1474; baseline 0.014 -12"><span class='ocrx_word' id='word_1_570' title='bbox 1011 1441 1102 1464; x_wconf 86' lang='lat' dir='ltr'><strong>sentes</strong></span> <span class='ocrx_word' id='word_1_571' title='bbox 1129 1438 1239 1472; x_wconf 89' lang='lat' dir='ltr'><strong>quidem</strong></span> <span class='ocrx_word' id='word_1_572' title='bbox 1266 1439 1454 1474; x_wconf 85' lang='lat' dir='ltr'><strong>interfecistis,</strong></span> <span class='ocrx_word' id='word_1_573' title='bbox 1481 1442 1565 1470; x_wconf 88' lang='lat' dir='ltr'><strong>libros</strong></span> <span class='ocrx_word' id='word_1_574' title='bbox 1588 1449 1678 1472; x_wconf 87' lang='lat' dir='ltr'><strong>autem</strong></span> <span class='ocrx_word' id='word_1_575' title='bbox 1703 1453 1797 1474; x_wconf 86' lang='lat' dir='ltr'><strong>eorum</strong></span> 
     </span>
    </p>
   </div>
   <div class='ocr_carea' id='block_1_75' title="bbox 1011 1483 1799 1522">
    <p class='ocr_par' dir='ltr' id='par_1_75' title="bbox 1011 1483 1799 1522">
     <span class='ocr_line' id='line_1_75' title="bbox 1011 1483 1799 1522; baseline 0.016 -15"><span class='ocrx_word' id='word_1_576' title='bbox 1011 1483 1152 1516; x_wconf 86' lang='lat' dir='ltr'><strong>purpureis</strong></span> <span class='ocrx_word' id='word_1_577' title='bbox 1170 1484 1259 1517; x_wconf 84' lang='lat' dir='ltr'><strong>palliis</strong></span> <span class='ocrx_word' id='word_1_578' title='bbox 1283 1485 1445 1514; x_wconf 82' lang='lat' dir='ltr'><strong>honoratis:</strong></span> <span class='ocrx_word' id='word_1_579' title='bbox 1463 1494 1522 1522; x_wconf 65' lang='lat' dir='ltr'><strong>quae</strong></span> <span class='ocrx_word' id='word_1_580' title='bbox 1539 1497 1620 1517; x_wconf 87' lang='lat' dir='ltr'><strong>causa</strong></span> <span class='ocrx_word' id='word_1_581' title='bbox 1638 1495 1679 1518; x_wconf 89' lang='lat' dir='ltr'><strong>est</strong></span> <span class='ocrx_word' id='word_1_582' title='bbox 1694 1496 1721 1518; x_wconf 88' lang='lat' dir='ltr'><strong>ttt</strong></span> <span class='ocrx_word' id='word_1_583' title='bbox 1738 1497 1799 1521; x_wconf 86' lang='lat' dir='ltr'><strong>tunc</strong></span> 
     </span>
    </p>
   </div>
   <div class='ocr_carea' id='block_1_76' title="bbox 1012 1528 1799 1569">
    <p class='ocr_par' dir='ltr' id='par_1_76' title="bbox 1012 1528 1799 1569">
     <span class='ocr_line' id='line_1_76' title="bbox 1012 1528 1799 1569; baseline 0.017 -16"><span class='ocrx_word' id='word_1_584' title='bbox 1012 1528 1119 1561; x_wconf 85' lang='lat' dir='ltr'><strong>quidem</strong></span> <span class='ocrx_word' id='word_1_585' title='bbox 1136 1533 1209 1555; x_wconf 86' lang='lat' dir='ltr'><strong>tanta</strong></span> <span class='ocrx_word' id='word_1_586' title='bbox 1227 1531 1303 1558; x_wconf 90' lang='lat' dir='ltr'><strong>vobis</strong></span> <span class='ocrx_word' id='word_1_587' title='bbox 1322 1531 1484 1561; x_wconf 82' lang='lat' dir='ltr'><strong>facientibus</strong></span> <span class='ocrx_word' id='word_1_588' title='bbox 1508 1535 1587 1569; x_wconf 85' lang='lat' dir='ltr'><strong>mala,</strong></span> <span class='ocrx_word' id='word_1_589' title='bbox 1608 1541 1680 1563; x_wconf 87' lang='lat' dir='ltr'><strong>tanta</strong></span> <span class='ocrx_word' id='word_1_590' title='bbox 1698 1537 1799 1566; x_wconf 86' lang='lat' dir='ltr'><strong>flebant</strong></span> 
     </span>
    </p>
   </div>
   <div class='ocr_carea' id='block_1_77' title="bbox 1013 1573 1798 1617">
    <p class='ocr_par' dir='ltr' id='par_1_77' title="bbox 1013 1573 1798 1617">
     <span class='ocr_line' id='line_1_77' title="bbox 1013 1573 1798 1617; baseline 0.015 -19"><span class='ocrx_word' id='word_1_591' title='bbox 1013 1573 1038 1598; x_wconf 93' lang='lat' dir='ltr'><strong>in</strong></span> <span class='ocrx_word' id='word_1_592' title='bbox 1056 1573 1133 1600; x_wconf 82' lang='lat' dir='ltr'><strong>vobis</strong></span> <span class='ocrx_word' id='word_1_593' title='bbox 1152 1573 1197 1601; x_wconf 88' lang='lat' dir='ltr'><strong>Dei</strong></span> <span class='ocrx_word' id='word_1_594' title='bbox 1216 1575 1294 1607; x_wconf 85' lang='lat' dir='ltr'><strong>bona,</strong></span> <span class='ocrx_word' id='word_1_595' title='bbox 1310 1580 1338 1603; x_wconf 91' lang='lat' dir='ltr'><strong>et</strong></span> <span class='ocrx_word' id='word_1_596' title='bbox 1359 1578 1468 1611; x_wconf 81' lang='lat' dir='ltr'><strong>spiritus</strong></span> <span class='ocrx_word' id='word_1_597' title='bbox 1481 1578 1558 1606; x_wconf 82' lang='lat' dir='ltr'><strong>vobis</strong></span> <span class='ocrx_word' id='word_1_598' title='bbox 1575 1581 1680 1615; x_wconf 82' lang='lat' dir='ltr'><strong>aderat,</strong></span> <span class='ocrx_word' id='word_1_599' title='bbox 1695 1588 1722 1609; x_wconf 89' lang='lat' dir='ltr'><strong>et</strong></span> <span class='ocrx_word' id='word_1_600' title='bbox 1740 1590 1798 1617; x_wconf 75' lang='grc' dir='ltr'><strong>ιη·οι</strong></span> 
     </span>
    </p>
   </div>
   <div class='ocr_carea' id='block_1_78' title="bbox 1012 1618 1799 1661">
    <p class='ocr_par' dir='ltr' id='par_1_78' title="bbox 1012 1618 1799 1661">
     <span class='ocr_line' id='line_1_78' title="bbox 1012 1618 1799 1661; baseline 0.015 -18"><span class='ocrx_word' id='word_1_601' title='bbox 1012 1618 1100 1651; x_wconf 61' lang='lat' dir='ltr'><strong>pheta;</strong></span> <span class='ocrx_word' id='word_1_602' title='bbox 1115 1619 1253 1646; x_wconf 80' lang='lat' dir='ltr'><strong>vobiscum</strong></span> <span class='ocrx_word' id='word_1_603' title='bbox 1269 1622 1366 1648; x_wconf 88' lang='lat' dir='ltr'><strong>erant?</strong></span> <span class='ocrx_word' id='word_1_604' title='bbox 1379 1621 1455 1650; x_wconf 86' lang='lat' dir='ltr'><strong>Nunc</strong></span> <span class='ocrx_word' id='word_1_605' title='bbox 1472 1629 1573 1657; x_wconf 89' lang='lat' dir='ltr'><strong>autem,</strong></span> <span class='ocrx_word' id='word_1_606' title='bbox 1589 1632 1650 1653; x_wconf 91' lang='lat' dir='ltr'><strong>cum</strong></span> <span class='ocrx_word' id='word_1_607' title='bbox 1671 1632 1697 1653; x_wconf 90' lang='lat' dir='ltr'><strong>et</strong></span> <span class='ocrx_word' id='word_1_608' title='bbox 1712 1626 1799 1661; x_wconf 75' lang='lat' dir='ltr'><strong>legem</strong></span> 
     </span>
    </p>
   </div>
   <div class='ocr_carea' id='block_1_79' title="bbox 1012 1663 1800 1705">
    <p class='ocr_par' dir='ltr' id='par_1_79' title="bbox 1012 1663 1800 1705">
     <span class='ocr_line' id='line_1_79' title="bbox 1012 1663 1800 1705; baseline 0.015 -15"><span class='ocrx_word' id='word_1_609' title='bbox 1012 1663 1112 1699; x_wconf 72' lang='lat' dir='ltr'><strong>legitis,</strong></span> <span class='ocrx_word' id='word_1_610' title='bbox 1125 1669 1151 1692; x_wconf 88' lang='lat' dir='ltr'><strong>et</strong></span> <span class='ocrx_word' id='word_1_611' title='bbox 1166 1665 1267 1698; x_wconf 88' lang='lat' dir='ltr'><strong>dicitis,</strong></span> <span class='ocrx_word' id='word_1_612' title='bbox 1282 1671 1308 1694; x_wconf 88' lang='lat' dir='ltr'><strong>et</strong></span> <span class='ocrx_word' id='word_1_613' title='bbox 1320 1669 1471 1702; x_wconf 87' lang='lat' dir='ltr'><strong>custoditis,</strong></span> <span class='ocrx_word' id='word_1_614' title='bbox 1486 1675 1512 1697; x_wconf 93' lang='lat' dir='ltr'><strong>et</strong></span> <span class='ocrx_word' id='word_1_615' title='bbox 1528 1670 1675 1705; x_wconf 86' lang='lat' dir='ltr'><strong>feriamini,</strong></span> <span class='ocrx_word' id='word_1_616' title='bbox 1690 1678 1718 1701; x_wconf 92' lang='lat' dir='ltr'><strong>et</strong></span> <span class='ocrx_word' id='word_1_617' title='bbox 1733 1675 1800 1702; x_wconf 85' lang='lat' dir='ltr'><strong>Sab-</strong></span> 
     </span>
    </p>
   </div>
   <div class='ocr_carea' id='block_1_80' title="bbox 1011 1711 1799 1753">
    <p class='ocr_par' dir='ltr' id='par_1_80' title="bbox 1011 1711 1799 1753">
     <span class='ocr_line' id='line_1_80' title="bbox 1011 1711 1799 1753; baseline 0.014 -16"><span class='ocrx_word' id='word_1_618' title='bbox 1011 1711 1104 1738; x_wconf 89' lang='lat' dir='ltr'><strong>batum</strong></span> <span class='ocrx_word' id='word_1_619' title='bbox 1124 1712 1284 1746; x_wconf 88' lang='lat' dir='ltr'><strong>observatis,</strong></span> <span class='ocrx_word' id='word_1_620' title='bbox 1303 1718 1330 1741; x_wconf 86' lang='lat' dir='ltr'><strong>et</strong></span> <span class='ocrx_word' id='word_1_621' title='bbox 1358 1715 1392 1742; x_wconf 90' lang='lat' dir='ltr'><strong>ab</strong></span> <span class='ocrx_word' id='word_1_622' title='bbox 1408 1716 1477 1743; x_wconf 88' lang='lat' dir='ltr'><strong>escis</strong></span> <span class='ocrx_word' id='word_1_623' title='bbox 1493 1724 1540 1745; x_wconf 84' lang='lat' dir='ltr'><strong>vos</strong></span> <span class='ocrx_word' id='word_1_624' title='bbox 1562 1719 1721 1753; x_wconf 85' lang='lat' dir='ltr'><strong>abstinetis;</strong></span> <span class='ocrx_word' id='word_1_625' title='bbox 1742 1721 1799 1748; x_wconf 84' lang='lat' dir='ltr'><strong>sluc</strong></span> 
     </span>
    </p>
   </div>
   <div class='ocr_carea' id='block_1_81' title="bbox 1012 1760 1799 1802">
    <p class='ocr_par' dir='ltr' id='par_1_81' title="bbox 1012 1760 1799 1802">
     <span class='ocr_line' id='line_1_81' title="bbox 1012 1760 1799 1802; baseline 0.013 -16"><span class='ocrx_word' id='word_1_626' title='bbox 1012 1767 1093 1787; x_wconf 87' lang='lat' dir='ltr'><strong>causa</strong></span> <span class='ocrx_word' id='word_1_627' title='bbox 1107 1760 1248 1793; x_wconf 83' lang='lat' dir='ltr'><strong>laboratis,</strong></span> <span class='ocrx_word' id='word_1_628' title='bbox 1264 1765 1292 1789; x_wconf 88' lang='lat' dir='ltr'><strong>et</strong></span> <span class='ocrx_word' id='word_1_629' title='bbox 1304 1762 1430 1798; x_wconf 81' lang='lat' dir='ltr'><strong>vigilatis,</strong></span> <span class='ocrx_word' id='word_1_630' title='bbox 1443 1772 1491 1799; x_wconf 91' lang='lat' dir='ltr'><strong>per</strong></span> <span class='ocrx_word' id='word_1_631' title='bbox 1506 1771 1613 1793; x_wconf 86' lang='lat' dir='ltr'><strong>noctem</strong></span> <span class='ocrx_word' id='word_1_632' title='bbox 1628 1768 1745 1802; x_wconf 78' lang='lat' dir='ltr'><strong>psalmos</strong></span> <span class='ocrx_word' id='word_1_633' title='bbox 1760 1767 1799 1796; x_wconf 85' lang='lat' dir='ltr'><strong>di-</strong></span> 
     </span>
    </p>
   </div>
   <div class='ocr_carea' id='block_1_82' title="bbox 1013 1807 1797 1848">
    <p class='ocr_par' dir='ltr' id='par_1_82' title="bbox 1013 1807 1797 1848">
     <span class='ocr_line' id='line_1_82' title="bbox 1013 1807 1797 1848; baseline 0.013 -17"><span class='ocrx_word' id='word_1_634' title='bbox 1013 1810 1115 1838; x_wconf 87' lang='lat' dir='ltr'><strong>centes,</strong></span> <span class='ocrx_word' id='word_1_635' title='bbox 1129 1811 1155 1833; x_wconf 94' lang='lat' dir='ltr'><strong>et</strong></span> <span class='ocrx_word' id='word_1_636' title='bbox 1171 1813 1218 1841; x_wconf 89' lang='lat' dir='ltr'><strong>per</strong></span> <span class='ocrx_word' id='word_1_637' title='bbox 1227 1807 1350 1835; x_wconf 88' lang='lat' dir='ltr'><strong>civitates</strong></span> <span class='ocrx_word' id='word_1_638' title='bbox 1360 1813 1388 1835; x_wconf 91' lang='lat' dir='ltr'><strong>et</strong></span> <span class='ocrx_word' id='word_1_639' title='bbox 1401 1811 1525 1838; x_wconf 87' lang='lat' dir='ltr'><strong>nationes</strong></span> <span class='ocrx_word' id='word_1_640' title='bbox 1537 1817 1686 1848; x_wconf 79' lang='lat' dir='ltr'><strong>synagogas</strong></span> <span class='ocrx_word' id='word_1_641' title='bbox 1700 1816 1797 1841; x_wconf 44' lang='lat' dir='ltr'><strong>consli‘</strong></span> 
     </span>
    </p>
   </div>
   <div class='ocr_carea' id='block_1_83' title="bbox 1012 1852 1799 1892">
    <p class='ocr_par' dir='ltr' id='par_1_83' title="bbox 1012 1852 1799 1892">
     <span class='ocr_line' id='line_1_83' title="bbox 1012 1852 1799 1892; baseline 0.014 -15"><span class='ocrx_word' id='word_1_642' title='bbox 1012 1852 1113 1884; x_wconf 86' lang='lat' dir='ltr'><strong>tuistis,</strong></span> <span class='ocrx_word' id='word_1_643' title='bbox 1128 1858 1156 1880; x_wconf 88' lang='lat' dir='ltr'><strong>et</strong></span> <span class='ocrx_word' id='word_1_644' title='bbox 1167 1861 1258 1880; x_wconf 88' lang='lat' dir='ltr'><strong>arcam</strong></span> <span class='ocrx_word' id='word_1_645' title='bbox 1275 1859 1302 1882; x_wconf 85' lang='lat' dir='ltr'><strong>et</strong></span> <span class='ocrx_word' id='word_1_646' title='bbox 1316 1856 1474 1883; x_wconf 86' lang='lat' dir='ltr'><strong>candelabra</strong></span> <span class='ocrx_word' id='word_1_647' title='bbox 1490 1862 1516 1885; x_wconf 89' lang='lat' dir='ltr'><strong>et</strong></span> <span class='ocrx_word' id='word_1_648' title='bbox 1532 1866 1652 1892; x_wconf 76' lang='lat' dir='ltr'><strong>mensas,</strong></span> <span class='ocrx_word' id='word_1_649' title='bbox 1666 1867 1692 1887; x_wconf 88' lang='lat' dir='ltr'><strong>et</strong></span> <span class='ocrx_word' id='word_1_650' title='bbox 1709 1863 1799 1888; x_wconf 87' lang='lat' dir='ltr'><strong>omnia</strong></span> 
     </span>
    </p>
   </div>
   <div class='ocr_carea' id='block_1_84' title="bbox 1012 1897 1798 1936">
    <p class='ocr_par' dir='ltr' id='par_1_84' title="bbox 1012 1897 1798 1936">
     <span class='ocr_line' id='line_1_84' title="bbox 1012 1897 1798 1936; baseline 0.015 -14"><span class='ocrx_word' id='word_1_651' title='bbox 1012 1897 1093 1924; x_wconf 88' lang='lat' dir='ltr'><strong>vultis</strong></span> <span class='ocrx_word' id='word_1_652' title='bbox 1112 1897 1200 1925; x_wconf 81' lang='lat' dir='ltr'><strong>facere</strong></span> <span class='ocrx_word' id='word_1_653' title='bbox 1216 1907 1287 1926; x_wconf 88' lang='lat' dir='ltr'><strong>nunc</strong></span> <span class='ocrx_word' id='word_1_654' title='bbox 1299 1901 1385 1935; x_wconf 85' lang='lat' dir='ltr'><strong>magis</strong></span> <span class='ocrx_word' id='word_1_655' title='bbox 1399 1908 1478 1936; x_wconf 88' lang='lat' dir='ltr'><strong>quam</strong></span> <span class='ocrx_word' id='word_1_656' title='bbox 1498 1903 1607 1930; x_wconf 88' lang='lat' dir='ltr'><strong>interra</strong></span> <span class='ocrx_word' id='word_1_657' title='bbox 1623 1905 1732 1933; x_wconf 87' lang='lat' dir='ltr'><strong>vestra?</strong></span> <span class='ocrx_word' id='word_1_658' title='bbox 1746 1906 1798 1934; x_wconf 89' lang='lat' dir='ltr'><strong>Cnt</strong></span> 
     </span>
    </p>
   </div>
   <div class='ocr_carea' id='block_1_85' title="bbox 1014 1946 1792 1988">
    <p class='ocr_par' dir='ltr' id='par_1_85' title="bbox 1014 1946 1792 1988">
     <span class='ocr_line' id='line_1_85' title="bbox 1014 1946 1792 1988; baseline 0.014 -19"><span class='ocrx_word' id='word_1_659' title='bbox 1014 1947 1076 1970; x_wconf 91' lang='lat' dir='ltr'><strong>tunc</strong></span> <span class='ocrx_word' id='word_1_660' title='bbox 1091 1951 1151 1971; x_wconf 92' lang='lat' dir='ltr'><strong>cum</strong></span> <span class='ocrx_word' id='word_1_661' title='bbox 1165 1949 1237 1972; x_wconf 88' lang='lat' dir='ltr'><strong>tanta</strong></span> <span class='ocrx_word' id='word_1_662' title='bbox 1256 1946 1324 1972; x_wconf 88' lang='lat' dir='ltr'><strong>mala</strong></span> <span class='ocrx_word' id='word_1_663' title='bbox 1340 1946 1479 1975; x_wconf 87' lang='lat' dir='ltr'><strong>faciebatis</strong></span> <span class='ocrx_word' id='word_1_664' title='bbox 1492 1952 1581 1977; x_wconf 89' lang='lat' dir='ltr'><strong>tantos</strong></span> <span class='ocrx_word' id='word_1_665' title='bbox 1593 1951 1732 1980; x_wconf 80' lang='lat' dir='ltr'><strong>habebatis</strong></span> <span class='ocrx_word' id='word_1_666' title='bbox 1743 1961 1792 1988; x_wconf 86' lang='lat' dir='ltr'><strong>pro</strong></span> 
     </span>
    </p>
   </div>
   <div class='ocr_carea' id='block_1_86' title="bbox 1013 1988 1799 2028">
    <p class='ocr_par' dir='ltr' id='par_1_86' title="bbox 1013 1988 1799 2028">
     <span class='ocr_line' id='line_1_86' title="bbox 1013 1988 1799 2028; baseline 0.014 -13"><span class='ocrx_word' id='word_1_667' title='bbox 1013 1989 1118 2023; x_wconf 91' lang='lat' dir='ltr'><strong>phetas,</strong></span> <span class='ocrx_word' id='word_1_668' title='bbox 1134 1994 1161 2017; x_wconf 88' lang='lat' dir='ltr'><strong>et</strong></span> <span class='ocrx_word' id='word_1_669' title='bbox 1176 1988 1284 2026; x_wconf 80' lang='lat' dir='ltr'><strong>Moysen</strong></span> <span class='ocrx_word' id='word_1_670' title='bbox 1297 1999 1375 2026; x_wconf 89' lang='lat' dir='ltr'><strong>quem</strong></span> <span class='ocrx_word' id='word_1_671' title='bbox 1387 1993 1511 2020; x_wconf 73' lang='lat' dir='ltr'><strong>voluistis</strong></span> <span class='ocrx_word' id='word_1_672' title='bbox 1523 1993 1652 2028; x_wconf 70' lang='lat' dir='ltr'><strong>lapidare,</strong></span> <span class='ocrx_word' id='word_1_673' title='bbox 1664 2002 1692 2024; x_wconf 87' lang='lat' dir='ltr'><strong>ct</strong></span> <span class='ocrx_word' id='word_1_674' title='bbox 1707 1998 1799 2026; x_wconf 84' lang='lat' dir='ltr'><strong>Aaron</strong></span> 
     </span>
    </p>
   </div>
   <div class='ocr_carea' id='block_1_87' title="bbox 1014 2035 1801 2072">
    <p class='ocr_par' dir='ltr' id='par_1_87' title="bbox 1014 2035 1801 2072">
     <span class='ocr_line' id='line_1_87' title="bbox 1014 2035 1801 2072; baseline 0.011 -11"><span class='ocrx_word' id='word_1_675' title='bbox 1014 2035 1056 2062; x_wconf 92' lang='lat' dir='ltr'><strong>cui</strong></span> <span class='ocrx_word' id='word_1_676' title='bbox 1073 2036 1126 2062; x_wconf 91' lang='lat' dir='ltr'><strong>vim</strong></span> <span class='ocrx_word' id='word_1_677' title='bbox 1143 2036 1283 2071; x_wconf 79' lang='lat' dir='ltr'><strong>irrogastis</strong></span> <span class='ocrx_word' id='word_1_678' title='bbox 1294 2046 1301 2065; x_wconf 88' lang='lat'><strong>:</strong></span> <span class='ocrx_word' id='word_1_679' title='bbox 1314 2046 1383 2066; x_wconf 92' lang='lat' dir='ltr'><strong>nunc</strong></span> <span class='ocrx_word' id='word_1_680' title='bbox 1395 2044 1484 2067; x_wconf 87' lang='lat' dir='ltr'><strong>autem</strong></span> <span class='ocrx_word' id='word_1_681' title='bbox 1495 2048 1556 2068; x_wconf 87' lang='lat' dir='ltr'><strong>cum</strong></span> <span class='ocrx_word' id='word_1_682' title='bbox 1576 2042 1701 2071; x_wconf 74' lang='lat' dir='ltr'><strong>videmini</strong></span> <span class='ocrx_word' id='word_1_683' title='bbox 1714 2050 1801 2072; x_wconf 66' lang='lat' dir='ltr'><strong>cnstm</strong></span> 
     </span>
    </p>
   </div>
   <div class='ocr_carea' id='block_1_88' title="bbox 1014 2080 1801 2122">
    <p class='ocr_par' dir='ltr' id='par_1_88' title="bbox 1014 2080 1801 2122">
     <span class='ocr_line' id='line_1_88' title="bbox 1014 2080 1801 2122; baseline 0.015 -16"><span class='ocrx_word' id='word_1_684' title='bbox 1014 2080 1072 2107; x_wconf 84' lang='lat' dir='ltr'><strong>dire</strong></span> <span class='ocrx_word' id='word_1_685' title='bbox 1086 2081 1180 2116; x_wconf 84' lang='lat' dir='ltr'><strong>legem,</strong></span> <span class='ocrx_word' id='word_1_686' title='bbox 1193 2084 1316 2110; x_wconf 89' lang='lat' dir='ltr'><strong>etomnia</strong></span> <span class='ocrx_word' id='word_1_687' title='bbox 1331 2084 1420 2112; x_wconf 83' lang='lat' dir='ltr'><strong>facere</strong></span> <span class='ocrx_word' id='word_1_688' title='bbox 1436 2091 1463 2113; x_wconf 91' lang='lat' dir='ltr'><strong>ut</strong></span> <span class='ocrx_word' id='word_1_689' title='bbox 1476 2088 1633 2119; x_wconf 69' lang='lat' dir='ltr'><strong>praedictum</strong></span> <span class='ocrx_word' id='word_1_690' title='bbox 1646 2095 1696 2122; x_wconf 87' lang='lat' dir='ltr'><strong>est,</strong></span> <span class='ocrx_word' id='word_1_691' title='bbox 1712 2092 1801 2119; x_wconf 79' lang='lat' dir='ltr'><strong>nullus</strong></span> 
     </span>
    </p>
   </div>
   <div class='ocr_carea' id='block_1_89' title="bbox 1014 2127 1801 2170">
    <p class='ocr_par' dir='ltr' id='par_1_89' title="bbox 1014 2127 1801 2170">
     <span class='ocr_line' id='line_1_89' title="bbox 1014 2127 1801 2170; baseline 0.014 -18"><span class='ocrx_word' id='word_1_692' title='bbox 1014 2127 1152 2154; x_wconf 86' lang='lat' dir='ltr'><strong>vobiscum</strong></span> <span class='ocrx_word' id='word_1_693' title='bbox 1164 2129 1296 2162; x_wconf 88' lang='lat' dir='ltr'><strong>propheta</strong></span> <span class='ocrx_word' id='word_1_694' title='bbox 1306 2129 1367 2157; x_wconf 79' lang='lat' dir='ltr'><strong>est?</strong></span> <span class='ocrx_word' id='word_1_695' title='bbox 1382 2129 1465 2159; x_wconf 86' lang='lat' dir='ltr'><strong>Putas</strong></span> <span class='ocrx_word' id='word_1_696' title='bbox 1475 2132 1536 2166; x_wconf 89' lang='lat' dir='ltr'><strong>quia</strong></span> <span class='ocrx_word' id='word_1_697' title='bbox 1550 2132 1677 2167; x_wconf 84' lang='lat' dir='ltr'><strong>Romani,</strong></span> <span class='ocrx_word' id='word_1_698' title='bbox 1688 2137 1801 2170; x_wconf 86' lang='lat' dir='ltr'><strong>compel-</strong></span> 
     </span>
    </p>
   </div>
   <div class='ocr_carea' id='block_1_90' title="bbox 1015 2171 1801 2210">
    <p class='ocr_par' dir='ltr' id='par_1_90' title="bbox 1015 2171 1801 2210">
     <span class='ocr_line' id='line_1_90' title="bbox 1015 2171 1801 2210; baseline 0.014 -12"><span class='ocrx_word' id='word_1_699' title='bbox 1015 2171 1099 2199; x_wconf 92' lang='lat' dir='ltr'><strong>limini</strong></span> <span class='ocrx_word' id='word_1_700' title='bbox 1114 2174 1186 2200; x_wconf 88' lang='lat' dir='ltr'><strong>enim</strong></span> <span class='ocrx_word' id='word_1_701' title='bbox 1208 2175 1309 2207; x_wconf 89' lang='lat' dir='ltr'><strong>dicere,</strong></span> <span class='ocrx_word' id='word_1_702' title='bbox 1332 2176 1393 2210; x_wconf 91' lang='lat' dir='ltr'><strong>quia</strong></span> <span class='ocrx_word' id='word_1_703' title='bbox 1407 2178 1476 2204; x_wconf 88' lang='lat' dir='ltr'><strong>citra</strong></span> <span class='ocrx_word' id='word_1_704' title='bbox 1495 2178 1660 2207; x_wconf 84' lang='lat' dir='ltr'><strong>voluntatem</strong></span> <span class='ocrx_word' id='word_1_705' title='bbox 1688 2182 1733 2208; x_wconf 82' lang='lat' dir='ltr'><strong>Dei</strong></span> <span class='ocrx_word' id='word_1_706' title='bbox 1757 2183 1801 2209; x_wconf 83' lang='lat' dir='ltr'><strong>de-</strong></span> 
     </span>
    </p>
   </div>
   <div class='ocr_carea' id='block_1_91' title="bbox 175 2223 1800 2259">
    <p class='ocr_par' dir='ltr' id='par_1_91' title="bbox 175 2223 1800 2259">
     <span class='ocr_line' id='line_1_91' title="bbox 175 2223 1800 2259; baseline 0.001 -8"><span class='ocrx_word' id='word_1_707' title='bbox 175 2224 322 2251; x_wconf 84' lang='lat' dir='ltr'><strong>adorarent</strong></span> <span class='ocrx_word' id='word_1_708' title='bbox 335 2224 415 2257; x_wconf 86' lang='lat' dir='ltr'><strong>idola,</strong></span> <span class='ocrx_word' id='word_1_709' title='bbox 434 2229 461 2251; x_wconf 90' lang='lat' dir='ltr'><strong>et</strong></span> <span class='ocrx_word' id='word_1_710' title='bbox 475 2224 592 2251; x_wconf 86' lang='lat' dir='ltr'><strong>comedit</strong></span> <span class='ocrx_word' id='word_1_711' title='bbox 609 2223 709 2251; x_wconf 90' lang='lat' dir='ltr'><strong>multos</strong></span> <span class='ocrx_word' id='word_1_712' title='bbox 730 2232 737 2250; x_wconf 85' lang='lat'><strong>:</strong></span> <span class='ocrx_word' id='word_1_713' title='bbox 755 2228 783 2251; x_wconf 93' lang='lat' dir='ltr'><strong>et</strong></span> <span class='ocrx_word' id='word_1_714' title='bbox 804 2224 850 2257; x_wconf 88' lang='lat' dir='ltr'><strong>qui</strong></span> <span class='ocrx_word' id='word_1_715' title='bbox 874 2223 960 2250; x_wconf 81' lang='lat' dir='ltr'><strong>relicti</strong></span> <span class='ocrx_word' id='word_1_716' title='bbox 979 2230 1000 2256; x_wconf 80' lang='grc' dir='ltr'><strong>ι)</strong></span> <span class='ocrx_word' id='word_1_717' title='bbox 1015 2225 1173 2247; x_wconf 88' lang='lat' dir='ltr'><strong>struxerunt</strong></span> <span class='ocrx_word' id='word_1_718' title='bbox 1197 2226 1314 2248; x_wconf 79' lang='lat' dir='ltr'><strong>vestram</strong></span> <span class='ocrx_word' id='word_1_719' title='bbox 1335 2223 1495 2251; x_wconf 82' lang='lat' dir='ltr'><strong>civitatem?</strong></span> <span class='ocrx_word' id='word_1_720' title='bbox 1520 2225 1648 2259; x_wconf 87' lang='lat' dir='ltr'><strong>Spiritum</strong></span> <span class='ocrx_word' id='word_1_721' title='bbox 1675 2232 1800 2254; x_wconf 83' lang='lat' dir='ltr'><strong>sanctum</strong></span> 
     </span>
    </p>
   </div>
   <div class='ocr_carea' id='block_1_92' title="bbox 175 2269 964 2304">
    <p class='ocr_par' dir='ltr' id='par_1_92' title="bbox 175 2269 964 2304">
     <span class='ocr_line' id='line_1_92' title="bbox 175 2269 964 2304; baseline -0.001 -8"><span class='ocrx_word' id='word_1_722' title='bbox 175 2274 248 2302; x_wconf 86' lang='lat' dir='ltr'><strong>sunt,</strong></span> <span class='ocrx_word' id='word_1_723' title='bbox 263 2271 408 2297; x_wconf 90' lang='lat' dir='ltr'><strong>adorarunt</strong></span> <span class='ocrx_word' id='word_1_724' title='bbox 422 2270 568 2297; x_wconf 87' lang='lat' dir='ltr'><strong>simulacra</strong></span> <span class='ocrx_word' id='word_1_725' title='bbox 583 2269 789 2297; x_wconf 66' lang='lat' dir='ltr'><strong>daemoniorum.</strong></span> <span class='ocrx_word' id='word_1_726' title='bbox 807 2271 839 2296; x_wconf 69' lang='lat' dir='ltr'><strong>l‘lt</strong></span> <span class='ocrx_word' id='word_1_727' title='bbox 856 2269 892 2296; x_wconf 90' lang='lat' dir='ltr'><strong>illi</strong></span> <span class='ocrx_word' id='word_1_728' title='bbox 907 2270 964 2304; x_wconf 90' lang='lat' dir='ltr'><strong>qui-</strong></span> 
     </span>
    </p>
   </div>
   <div class='ocr_carea' id='block_1_93' title="bbox 176 2316 964 2349">
    <p class='ocr_par' dir='ltr' id='par_1_93' title="bbox 176 2316 964 2349">
     <span class='ocr_line' id='line_1_93' title="bbox 176 2316 964 2349; baseline -0.003 -5"><span class='ocrx_word' id='word_1_729' title='bbox 176 2317 236 2344; x_wconf 91' lang='lat' dir='ltr'><strong>dem</strong></span> <span class='ocrx_word' id='word_1_730' title='bbox 255 2317 495 2349; x_wconf 87' lang='lat' dir='ltr'><strong>consumebantur,</strong></span> <span class='ocrx_word' id='word_1_731' title='bbox 519 2323 548 2344; x_wconf 92' lang='lat' dir='ltr'><strong>ut</strong></span> <span class='ocrx_word' id='word_1_732' title='bbox 571 2325 623 2344; x_wconf 91' lang='lat' dir='ltr'><strong>non</strong></span> <span class='ocrx_word' id='word_1_733' title='bbox 648 2317 801 2348; x_wconf 86' lang='lat' dir='ltr'><strong>adorarent,</strong></span> <span class='ocrx_word' id='word_1_734' title='bbox 820 2320 846 2343; x_wconf 87' lang='lat' dir='ltr'><strong>at</strong></span> <span class='ocrx_word' id='word_1_735' title='bbox 865 2316 964 2342; x_wconf 87' lang='lat' dir='ltr'><strong>nihilo-</strong></span> 
     </span>
    </p>
   </div>
   <div class='ocr_carea' id='block_1_94' title="bbox 177 2362 964 2399">
    <p class='ocr_par' dir='ltr' id='par_1_94' title="bbox 177 2362 964 2399">
     <span class='ocr_line' id='line_1_94' title="bbox 177 2362 964 2399; baseline -0.003 -9"><span class='ocrx_word' id='word_1_736' title='bbox 177 2363 266 2390; x_wconf 88' lang='lat' dir='ltr'><strong>minus</strong></span> <span class='ocrx_word' id='word_1_737' title='bbox 285 2363 434 2390; x_wconf 86' lang='lat' dir='ltr'><strong>adorabant</strong></span> <span class='ocrx_word' id='word_1_738' title='bbox 456 2362 522 2399; x_wconf 89' lang='lat'><strong>(70).</strong></span> <span class='ocrx_word' id='word_1_739' title='bbox 545 2363 598 2391; x_wconf 86' lang='lat' dir='ltr'><strong>Nos</strong></span> <span class='ocrx_word' id='word_1_740' title='bbox 622 2368 712 2390; x_wconf 89' lang='lat' dir='ltr'><strong>atttem</strong></span> <span class='ocrx_word' id='word_1_741' title='bbox 731 2362 918 2390; x_wconf 89' lang='lat' dir='ltr'><strong>consumimur</strong></span> <span class='ocrx_word' id='word_1_742' title='bbox 935 2366 964 2389; x_wconf 91' lang='lat' dir='ltr'><strong>ut</strong></span> 
     </span>
    </p>
   </div>
   <div class='ocr_carea' id='block_1_95' title="bbox 176 2405 964 2441">
    <p class='ocr_par' dir='ltr' id='par_1_95' title="bbox 176 2405 964 2441">
     <span class='ocr_line' id='line_1_95' title="bbox 176 2405 964 2441; baseline 0.001 -9"><span class='ocrx_word' id='word_1_743' title='bbox 176 2405 330 2439; x_wconf 89' lang='lat' dir='ltr'><strong>adoremus,</strong></span> <span class='ocrx_word' id='word_1_744' title='bbox 346 2411 373 2433; x_wconf 88' lang='lat' dir='ltr'><strong>et</strong></span> <span class='ocrx_word' id='word_1_745' title='bbox 397 2415 449 2434; x_wconf 88' lang='lat' dir='ltr'><strong>non</strong></span> <span class='ocrx_word' id='word_1_746' title='bbox 476 2408 633 2435; x_wconf 74' lang='lat' dir='ltr'><strong>adoramus.</strong></span> <span class='ocrx_word' id='word_1_747' title='bbox 662 2406 719 2434; x_wconf 85' lang='lat' dir='ltr'><strong>Non</strong></span> <span class='ocrx_word' id='word_1_748' title='bbox 747 2407 848 2441; x_wconf 88' lang='lat' dir='ltr'><strong>quippe</strong></span> <span class='ocrx_word' id='word_1_749' title='bbox 872 2412 964 2433; x_wconf 73' lang='lat' dir='ltr'><strong>noStra</strong></span> 
     </span>
    </p>
   </div>
   <div class='ocr_carea' id='block_1_96' title="bbox 176 2451 966 2487">
    <p class='ocr_par' dir='ltr' id='par_1_96' title="bbox 176 2451 966 2487">
     <span class='ocr_line' id='line_1_96' title="bbox 176 2451 966 2487; baseline 0 -9"><span class='ocrx_word' id='word_1_750' title='bbox 176 2451 288 2483; x_wconf 86' lang='lat' dir='ltr'><strong>virtute,</strong></span> <span class='ocrx_word' id='word_1_751' title='bbox 304 2452 351 2478; x_wconf 90' lang='lat' dir='ltr'><strong>sed</strong></span> <span class='ocrx_word' id='word_1_752' title='bbox 368 2453 457 2480; x_wconf 89' lang='lat' dir='ltr'><strong>crucis</strong></span> <span class='ocrx_word' id='word_1_753' title='bbox 475 2452 604 2486; x_wconf 87' lang='lat' dir='ltr'><strong>potentia.</strong></span> <span class='ocrx_word' id='word_1_754' title='bbox 623 2452 771 2487; x_wconf 85' lang='lat' dir='ltr'><strong>Serpentes</strong></span> <span class='ocrx_word' id='word_1_755' title='bbox 790 2460 835 2480; x_wconf 89' lang='lat' dir='ltr'><strong>eos</strong></span> <span class='ocrx_word' id='word_1_756' title='bbox 856 2453 966 2479; x_wconf 88' lang='lat' dir='ltr'><strong>murde-</strong></span> 
     </span>
    </p>
   </div>
   <div class='ocr_carea' id='block_1_97' title="bbox 176 2497 966 2530">
    <p class='ocr_par' dir='ltr' id='par_1_97' title="bbox 176 2497 966 2530">
     <span class='ocr_line' id='line_1_97' title="bbox 176 2497 966 2530; baseline 0.001 -6"><span class='ocrx_word' id='word_1_757' title='bbox 176 2497 255 2530; x_wconf 86' lang='lat' dir='ltr'><strong>bant,</strong></span> <span class='ocrx_word' id='word_1_758' title='bbox 271 2502 300 2525; x_wconf 89' lang='lat' dir='ltr'><strong>ct</strong></span> <span class='ocrx_word' id='word_1_759' title='bbox 313 2499 435 2526; x_wconf 84' lang='lat' dir='ltr'><strong>immisso</strong></span> <span class='ocrx_word' id='word_1_760' title='bbox 455 2506 558 2526; x_wconf 90' lang='lat' dir='ltr'><strong>veneno</strong></span> <span class='ocrx_word' id='word_1_761' title='bbox 579 2499 749 2525; x_wconf 85' lang='lat' dir='ltr'><strong>occidebant.</strong></span> <span class='ocrx_word' id='word_1_762' title='bbox 766 2504 793 2526; x_wconf 86' lang='lat' dir='ltr'><strong>et</strong></span> <span class='ocrx_word' id='word_1_763' title='bbox 810 2506 857 2530; x_wconf 88' lang='lat' dir='ltr'><strong>per</strong></span> <span class='ocrx_word' id='word_1_764' title='bbox 871 2506 966 2526; x_wconf 91' lang='lat' dir='ltr'><strong>omnes</strong></span> 
     </span>
    </p>
   </div>
   <div class='ocr_carea' id='block_1_98' title="bbox 213 2566 855 2599">
    <p class='ocr_par' dir='ltr' id='par_1_98' title="bbox 213 2566 855 2599">
     <span class='ocr_line' id='line_1_98' title="bbox 213 2566 855 2599; baseline 0 -6"><span class='ocrx_word' id='word_1_765' title='bbox 213 2566 237 2582; x_wconf 85' lang='grc'>⁶⁹</span> <span class='ocrx_word' id='word_1_766' title='bbox 255 2566 306 2594; x_wconf 86' lang='lat' dir='ltr'><strong>lsa.</strong></span> <span class='ocrx_word' id='word_1_767' title='bbox 321 2574 349 2599; x_wconf 92' lang='lat' dir='ltr'><strong>v,</strong></span> <span class='ocrx_word' id='word_1_768' title='bbox 361 2566 388 2593; x_wconf 76' lang='grc'><strong>4.</strong></span> <span class='ocrx_word' id='word_1_769' title='bbox 425 2566 448 2583; x_wconf 84' lang='grc'><strong>¹⁰</strong></span> <span class='ocrx_word' id='word_1_770' title='bbox 466 2566 565 2594; x_wconf 84' lang='lat' dir='ltr'><strong>Jerem.</strong></span> <span class='ocrx_word' id='word_1_771' title='bbox 577 2575 608 2598; x_wconf 91' lang='lat' dir='ltr'><strong>n,</strong></span> <span class='ocrx_word' id='word_1_772' title='bbox 619 2566 664 2595; x_wconf 87' lang='grc'><strong>50.</strong></span> <span class='ocrx_word' id='word_1_773' title='bbox 683 2567 705 2582; x_wconf 86' lang='grc'><strong>⁷¹</strong></span> <span class='ocrx_word' id='word_1_774' title='bbox 727 2566 777 2593; x_wconf 91' lang='lat' dir='ltr'><strong>lsa.</strong></span> <span class='ocrx_word' id='word_1_775' title='bbox 791 2575 817 2598; x_wconf 91' lang='lat' dir='ltr'><strong>v,</strong></span> <span class='ocrx_word' id='word_1_776' title='bbox 829 2567 855 2593; x_wconf 77' lang='grc'><strong>4.</strong></span> 
     </span>
    </p>
   </div>
   <div class='ocr_carea' id='block_1_99' title="bbox 214 2625 962 2661">
    <p class='ocr_par' dir='ltr' id='par_1_99' title="bbox 214 2625 962 2661">
     <span class='ocr_line' id='line_1_99' title="bbox 214 2625 962 2661; baseline -0.001 -7"><span class='ocrx_word' id='word_1_777' title='bbox 214 2626 271 2661; x_wconf 84' lang='grc'><strong>(66)</strong></span> <span class='ocrx_word' id='word_1_778' title='bbox 288 2626 460 2654; x_wconf 84' lang='lat' dir='ltr'><strong>lncedantur.</strong></span> <span class='ocrx_word' id='word_1_779' title='bbox 474 2626 556 2654; x_wconf 82' lang='lat' dir='ltr'><strong>Forte</strong></span> <span class='ocrx_word' id='word_1_780' title='bbox 570 2626 724 2658; x_wconf 66' lang='lat' dir='ltr'><strong>incidantur</strong></span> <span class='ocrx_word' id='word_1_781' title='bbox 748 2625 806 2658; x_wconf 86' lang='lat' dir='ltr'><strong>(aut</strong></span> <span class='ocrx_word' id='word_1_782' title='bbox 818 2626 962 2653; x_wconf 79' lang='lat' dir='ltr'><strong>incendan-</strong></span> 
     </span>
    </p>
   </div>
   <div class='ocr_carea' id='block_1_100' title="bbox 179 2662 669 2694">
    <p class='ocr_par' dir='ltr' id='par_1_100' title="bbox 179 2662 669 2694">
     <span class='ocr_line' id='line_1_100' title="bbox 179 2662 669 2694; baseline -0.002 -6"><span class='ocrx_word' id='word_1_783' title='bbox 179 2665 233 2694; x_wconf 74' lang='lat' dir='ltr'><strong>tur,</strong></span> <span class='ocrx_word' id='word_1_784' title='bbox 253 2667 276 2688; x_wconf 81' lang='lat' dir='ltr'><strong>et</strong></span> <span class='ocrx_word' id='word_1_785' title='bbox 291 2664 409 2694; x_wconf 81' lang='lat' dir='ltr'><strong>ardeant,</strong></span> <span class='ocrx_word' id='word_1_786' title='bbox 424 2667 448 2688; x_wconf 85' lang='lat' dir='ltr'><strong>et</strong></span> <span class='ocrx_word' id='word_1_787' title='bbox 462 2662 603 2694; x_wconf 83' lang='lat' dir='ltr'><strong>nudentur,</strong></span> <span class='ocrx_word' id='word_1_788' title='bbox 617 2666 669 2688; x_wconf 93' lang='lat' dir='ltr'><strong>elc.</strong></span> 
     </span>
    </p>
   </div>
   <div class='ocr_carea' id='block_1_101' title="bbox 215 2695 810 2733">
    <p class='ocr_par' dir='ltr' id='par_1_101' title="bbox 215 2695 810 2733">
     <span class='ocr_line' id='line_1_101' title="bbox 215 2695 810 2733; baseline 0 -10"><span class='ocrx_word' id='word_1_789' title='bbox 215 2696 273 2733; x_wconf 75' lang='lat'><strong>(67)</strong></span> <span class='ocrx_word' id='word_1_790' title='bbox 295 2696 522 2733; x_wconf 60' lang='lat' dir='ltr'><strong>interﬁciendum.</strong></span> <span class='ocrx_word' id='word_1_791' title='bbox 537 2696 589 2733; x_wconf 79' lang='lat' dir='ltr'><strong>Pro</strong></span> <span class='ocrx_word' id='word_1_792' title='bbox 604 2695 810 2733; x_wconf 78' lang='lat' dir='ltr'><strong>interfectorum.</strong></span> 
     </span>
    </p>
   </div>
   <div class='ocr_carea' id='block_1_102' title="bbox 215 2730 963 2767">
    <p class='ocr_par' dir='ltr' id='par_1_102' title="bbox 215 2730 963 2767">
     <span class='ocr_line' id='line_1_102' title="bbox 215 2730 963 2767; baseline -0.003 -8"><span class='ocrx_word' id='word_1_793' title='bbox 215 2730 272 2767; x_wconf 82' lang='lat'><strong>(68)</strong></span> <span class='ocrx_word' id='word_1_794' title='bbox 293 2730 467 2759; x_wconf 62' lang='lat' dir='ltr'><strong>Excusamua.</strong></span> <span class='ocrx_word' id='word_1_795' title='bbox 487 2731 542 2758; x_wconf 80' lang='lat' dir='ltr'><strong>Vox</strong></span> <span class='ocrx_word' id='word_1_796' title='bbox 555 2731 694 2767; x_wconf 84' lang='lat' dir='ltr'><strong>interpreti</strong></span> <span class='ocrx_word' id='word_1_797' title='bbox 708 2736 799 2767; x_wconf 74' lang='lat' dir='ltr'><strong>nostro</strong></span> <span class='ocrx_word' id='word_1_798' title='bbox 811 2730 963 2767; x_wconf 80' lang='lat' dir='ltr'><strong>familiaris,</strong></span> 
     </span>
    </p>
   </div>
   <div class='ocr_carea' id='block_1_103' title="bbox 199 2765 963 2801">
    <p class='ocr_par' dir='ltr' id='par_1_103' title="bbox 199 2765 963 2801">
     <span class='ocr_line' id='line_1_103' title="bbox 199 2765 963 2801; baseline -0.004 -6"><span class='ocrx_word' id='word_1_799' title='bbox 199 2765 230 2795; x_wconf 84' lang='lat' dir='ltr'><strong>ro</strong></span> <span class='ocrx_word' id='word_1_800' title='bbox 242 2765 275 2794; x_wconf 88' lang='lat' dir='ltr'><strong>eo</strong></span> <span class='ocrx_word' id='word_1_801' title='bbox 284 2767 354 2801; x_wconf 90' lang='lat' dir='ltr'><strong>quod</strong></span> <span class='ocrx_word' id='word_1_802' title='bbox 366 2772 408 2794; x_wconf 85' lang='lat' dir='ltr'><strong>est</strong></span> <span class='ocrx_word' id='word_1_803' title='bbox 420 2767 568 2801; x_wconf 71' lang='lat' dir='ltr'><strong>repudiare,</strong></span> <span class='ocrx_word' id='word_1_804' title='bbox 583 2766 698 2801; x_wconf 67' lang='lat' dir='ltr'><strong>reﬁcere.</strong></span> <span class='ocrx_word' id='word_1_805' title='bbox 712 2765 757 2793; x_wconf 89' lang='lat' dir='ltr'><strong>Sic</strong></span> <span class='ocrx_word' id='word_1_806' title='bbox 768 2773 859 2800; x_wconf 84' lang='lat' dir='ltr'><strong>supra,</strong></span> <span class='ocrx_word' id='word_1_807' title='bbox 872 2766 917 2793; x_wconf 89' lang='lat' dir='ltr'><strong>lib.</strong></span> <span class='ocrx_word' id='word_1_808' title='bbox 931 2774 963 2794; x_wconf 86' lang='lat' dir='ltr'><strong>It.</strong></span> 
     </span>
    </p>
   </div>
   <div class='ocr_carea' id='block_1_104' title="bbox 178 2775 963 2833">
    <p class='ocr_par' dir='ltr' id='par_1_104' title="bbox 178 2775 963 2833">
     <span class='ocr_line' id='line_1_104' title="bbox 178 2775 963 2831; baseline -0.003 -37"><span class='ocrx_word' id='word_1_809' title='bbox 178 2775 230 2831; x_wconf 52' lang='lat' dir='ltr'><strong>B20</strong></span> <span class='ocrx_word' id='word_1_810' title='bbox 242 2775 275 2794; x_wconf 90' lang='lat' dir='ltr'><strong>eo</strong></span> <span class='ocrx_word' id='word_1_811' title='bbox 284 2775 354 2801; x_wconf 77' lang='lat' dir='ltr'><strong>qllOU</strong></span> <span class='ocrx_word' id='word_1_812' title='bbox 366 2775 408 2794; x_wconf 70' lang='grc' dir='ltr'><strong>εει</strong></span> <span class='ocrx_word' id='word_1_813' title='bbox 420 2775 568 2801; x_wconf 70' lang='lat' dir='ltr'><strong>repudiare,</strong></span> <span class='ocrx_word' id='word_1_814' title='bbox 583 2775 698 2808; x_wconf 63' lang='grc' dir='ltr'><strong>τεμςενσ.</strong></span> <span class='ocrx_word' id='word_1_815' title='bbox 712 2775 757 2807; x_wconf 63' lang='lat' dir='ltr'><strong>Dic</strong></span> <span class='ocrx_word' id='word_1_816' title='bbox 767 2775 859 2807; x_wconf 76' lang='lat' dir='ltr'><strong>supra,</strong></span> <span class='ocrx_word' id='word_1_817' title='bbox 872 2775 917 2807; x_wconf 74' lang='grc' dir='ltr'><strong>ιφ.</strong></span> <span class='ocrx_word' id='word_1_818' title='bbox 931 2775 963 2794; x_wconf 81' lang='grc'><strong>11-</strong></span> 
     </span>
     <span class='ocr_line' id='line_1_105' title="bbox 234 2800 963 2833; baseline -0.001 -4"><span class='ocrx_word' id='word_1_819' title='bbox 234 2802 285 2829; x_wconf 84' lang='lat' dir='ltr'><strong>fide</strong></span> <span class='ocrx_word' id='word_1_820' title='bbox 299 2803 360 2829; x_wconf 89' lang='lat' dir='ltr'><strong>adv.</strong></span> <span class='ocrx_word' id='word_1_821' title='bbox 371 2802 472 2829; x_wconf 84' lang='lat' dir='ltr'><strong>Sabeil.</strong></span> <span class='ocrx_word' id='word_1_822' title='bbox 488 2802 538 2828; x_wconf 89' lang='lat' dir='ltr'><strong>sub</strong></span> <span class='ocrx_word' id='word_1_823' title='bbox 547 2801 592 2829; x_wconf 86' lang='lat' dir='ltr'><strong>ﬁn.</strong></span> <span class='ocrx_word' id='word_1_824' title='bbox 602 2809 609 2826; x_wconf 92' lang='lat'>:</span> <span class='ocrx_word' id='word_1_825' title='bbox 619 2800 740 2828; x_wconf 65' lang='lat' dir='ltr'><strong>contenti</strong></span> <span class='ocrx_word' id='word_1_826' title='bbox 750 2809 832 2828; x_wconf 71' lang='lat' dir='ltr'><strong>timus</strong></span> <span class='ocrx_word' id='word_1_827' title='bbox 846 2806 963 2833; x_wconf 78' lang='lat' dir='ltr'><strong>veritate,</strong></span> 
     </span>
    </p>
   </div>
   <div class='ocr_carea' id='block_1_105' title="bbox 180 2836 966 2868">
    <p class='ocr_par' dir='ltr' id='par_1_105' title="bbox 180 2836 966 2868">
     <span class='ocr_line' id='line_1_106' title="bbox 180 2836 966 2868; baseline -0.004 -2"><span class='ocrx_word' id='word_1_828' title='bbox 180 2845 332 2866; x_wconf 64' lang='lat' dir='ltr'><strong>excusemus</strong></span> <span class='ocrx_word' id='word_1_829' title='bbox 348 2837 421 2868; x_wconf 71' lang='lat' dir='ltr'><strong>lites;</strong></span> <span class='ocrx_word' id='word_1_830' title='bbox 436 2842 464 2865; x_wconf 91' lang='lat' dir='ltr'><strong>et</strong></span> <span class='ocrx_word' id='word_1_831' title='bbox 474 2836 520 2864; x_wconf 92' lang='lat' dir='ltr'><strong>lib.</strong></span> <span class='ocrx_word' id='word_1_832' title='bbox 536 2844 555 2864; x_wconf 89' lang='grc' dir='ltr'><strong>ι.</strong></span> <span class='ocrx_word' id='word_1_833' title='bbox 570 2836 606 2864; x_wconf 92' lang='lat' dir='ltr'><strong>De</strong></span> <span class='ocrx_word' id='word_1_834' title='bbox 626 2844 725 2867; x_wconf 79' lang='lat' dir='ltr'><strong>resurr.</strong></span> <span class='ocrx_word' id='word_1_835' title='bbox 747 2837 818 2864; x_wconf 89' lang='lat' dir='ltr'><strong>circa</strong></span> <span class='ocrx_word' id='word_1_836' title='bbox 835 2837 923 2864; x_wconf 78' lang='lat' dir='ltr'><strong>med.:</strong></span> <span class='ocrx_word' id='word_1_837' title='bbox 936 2836 966 2864; x_wconf 82' lang='lat' dir='ltr'><strong>Si</strong></span> 
     </span>
    </p>
   </div>
   <div class='ocr_carea' id='block_1_106' title="bbox 181 2872 966 2907">
    <p class='ocr_par' dir='ltr' id='par_1_106' title="bbox 181 2872 966 2907">
     <span class='ocr_line' id='line_1_107' title="bbox 181 2872 966 2907; baseline -0.001 -6"><span class='ocrx_word' id='word_1_838' title='bbox 181 2874 243 2901; x_wconf 70' lang='lat' dir='ltr'><strong>talis</strong></span> <span class='ocrx_word' id='word_1_839' title='bbox 255 2877 321 2901; x_wconf 69' lang='lat' dir='ltr'><strong>esset</strong></span> <span class='ocrx_word' id='word_1_840' title='bbox 334 2872 501 2905; x_wconf 70' lang='lat' dir='ltr'><strong>resurrectio,</strong></span> <span class='ocrx_word' id='word_1_841' title='bbox 514 2878 698 2900; x_wconf 70' lang='lat' dir='ltr'><strong>excusat-emus</strong></span> <span class='ocrx_word' id='word_1_842' title='bbox 710 2872 800 2907; x_wconf 80' lang='lat' dir='ltr'><strong>utique</strong></span> <span class='ocrx_word' id='word_1_843' title='bbox 812 2880 966 2906; x_wconf 72' lang='lat' dir='ltr'><strong>resurgere;</strong></span> 
     </span>
    </p>
   </div>
   <div class='ocr_carea' id='block_1_107' title="bbox 895 2566 1403 2599">
    <p class='ocr_par' dir='ltr' id='par_1_107' title="bbox 895 2566 1403 2599">
     <span class='ocr_line' id='line_1_108' title="bbox 895 2566 1403 2599; baseline -0.002 -6"><span class='ocrx_word' id='word_1_844' title='bbox 895 2567 917 2582; x_wconf 86' lang='grc'><strong>⁷¹</strong></span> <span class='ocrx_word' id='word_1_845' title='bbox 937 2566 1019 2599; x_wconf 84' lang='lat' dir='ltr'><strong>lsa.t,</strong></span> <span class='ocrx_word' id='word_1_846' title='bbox 1033 2567 1058 2594; x_wconf 86' lang='grc'><strong>5.</strong></span> <span class='ocrx_word' id='word_1_847' title='bbox 1098 2567 1121 2582; x_wconf 89' lang='grc'>⁷³</span> <span class='ocrx_word' id='word_1_848' title='bbox 1131 2566 1230 2593; x_wconf 74' lang='lat' dir='ltr'><strong>Ezech.</strong></span> <span class='ocrx_word' id='word_1_849' title='bbox 1244 2573 1336 2597; x_wconf 77' lang='lat' dir='ltr'><strong>xxxvr,</strong></span> <span class='ocrx_word' id='word_1_850' title='bbox 1361 2567 1403 2593; x_wconf 75' lang='lat'><strong>19.</strong></span> 
     </span>
    </p>
   </div>
   <div class='ocr_carea' id='block_1_108' title="bbox 1016 2265 1801 2307">
    <p class='ocr_par' dir='ltr' id='par_1_108' title="bbox 1016 2265 1801 2307">
     <span class='ocr_line' id='line_1_109' title="bbox 1016 2265 1801 2307; baseline 0.01 -16"><span class='ocrx_word' id='word_1_851' title='bbox 1016 2265 1076 2300; x_wconf 91' lang='lat' dir='ltr'><strong>quis</strong></span> <span class='ocrx_word' id='word_1_852' title='bbox 1096 2266 1207 2293; x_wconf 88' lang='lat' dir='ltr'><strong>abstulit</strong></span> <span class='ocrx_word' id='word_1_853' title='bbox 1228 2275 1241 2293; x_wconf 92' lang='lat' dir='ltr'><strong>a</strong></span> <span class='ocrx_word' id='word_1_854' title='bbox 1260 2267 1353 2295; x_wconf 85' lang='lat' dir='ltr'><strong>vobis?</strong></span> <span class='ocrx_word' id='word_1_855' title='bbox 1368 2268 1418 2296; x_wconf 91' lang='lat' dir='ltr'><strong>Ubi</strong></span> <span class='ocrx_word' id='word_1_856' title='bbox 1435 2278 1504 2296; x_wconf 89' lang='lat' dir='ltr'><strong>nunc</strong></span> <span class='ocrx_word' id='word_1_857' title='bbox 1520 2269 1589 2304; x_wconf 82' lang='lat' dir='ltr'><strong>apud</strong></span> <span class='ocrx_word' id='word_1_858' title='bbox 1607 2279 1654 2298; x_wconf 85' lang='lat' dir='ltr'><strong>vos</strong></span> <span class='ocrx_word' id='word_1_859' title='bbox 1671 2273 1801 2307; x_wconf 78' lang='lat' dir='ltr'><strong>propheta</strong></span> 
     </span>
    </p>
   </div>
   <div class='ocr_carea' id='block_1_109' title="bbox 1018 2312 1800 2353">
    <p class='ocr_par' dir='ltr' id='par_1_109' title="bbox 1018 2312 1800 2353">
     <span class='ocr_line' id='line_1_110' title="bbox 1018 2312 1800 2353; baseline 0.012 -15"><span class='ocrx_word' id='word_1_860' title='bbox 1018 2313 1076 2339; x_wconf 76' lang='lat' dir='ltr'><strong>est?</strong></span> <span class='ocrx_word' id='word_1_861' title='bbox 1090 2312 1159 2340; x_wconf 91' lang='lat' dir='ltr'><strong>Dicit</strong></span> <span class='ocrx_word' id='word_1_862' title='bbox 1181 2314 1250 2341; x_wconf 88' lang='lat' dir='ltr'><strong>Deus</strong></span> <span class='ocrx_word' id='word_1_863' title='bbox 1263 2314 1289 2341; x_wconf 95' lang='lat' dir='ltr'><strong>in</strong></span> <span class='ocrx_word' id='word_1_864' title='bbox 1308 2314 1431 2343; x_wconf 81' lang='lat' dir='ltr'><strong>Ezechiel</strong></span> <span class='ocrx_word' id='word_1_865' title='bbox 1447 2318 1575 2351; x_wconf 82' lang='lat' dir='ltr'><strong>propheta</strong></span> <span class='ocrx_word' id='word_1_866' title='bbox 1591 2326 1598 2344; x_wconf 88' lang='lat'><strong><em>:</em></strong></span> <span class='ocrx_word' id='word_1_867' title='bbox 1620 2316 1738 2353; x_wconf 76' lang='lat' dir='ltr'><strong>Populus</strong></span> <span class='ocrx_word' id='word_1_868' title='bbox 1754 2321 1800 2347; x_wconf 75' lang='grc' dir='ltr'><strong>ἱει(</strong></span> 
     </span>
    </p>
   </div>
   <div class='ocr_carea' id='block_1_110' title="bbox 1017 2360 1801 2396">
    <p class='ocr_par' dir='ltr' id='par_1_110' title="bbox 1017 2360 1801 2396">
     <span class='ocr_line' id='line_1_111' title="bbox 1017 2360 1801 2396; baseline 0.009 -11"><span class='ocrx_word' id='word_1_869' title='bbox 1017 2360 1133 2393; x_wconf 81' lang='lat' dir='ltr'><strong>peccavit</strong></span> <span class='ocrx_word' id='word_1_870' title='bbox 1151 2360 1179 2386; x_wconf 82' lang='lat' dir='ltr'><strong>in</strong></span> <span class='ocrx_word' id='word_1_871' title='bbox 1203 2368 1252 2393; x_wconf 81' lang='lat' dir='ltr'><strong>me,</strong></span> <span class='ocrx_word' id='word_1_872' title='bbox 1274 2366 1297 2387; x_wconf 81' lang='lat' dir='ltr'><strong>et</strong></span> <span class='ocrx_word' id='word_1_873' title='bbox 1316 2361 1376 2388; x_wconf 75' lang='lat' dir='ltr'><strong>misi</strong></span> <span class='ocrx_word' id='word_1_874' title='bbox 1389 2369 1431 2388; x_wconf 72' lang='lat' dir='ltr'><strong>eos</strong></span> <span class='ocrx_word' id='word_1_875' title='bbox 1451 2361 1484 2388; x_wconf 82' lang='lat' dir='ltr'><strong>ad</strong></span> <span class='ocrx_word' id='word_1_876' title='bbox 1505 2363 1681 2396; x_wconf 79' lang='lat' dir='ltr'><strong>captivitatem</strong></span> <span class='ocrx_word' id='word_1_877' title='bbox 1698 2362 1731 2392; x_wconf 85' lang='grc'><strong>⁷³.</strong></span> <span class='ocrx_word' id='word_1_878' title='bbox 1751 2364 1801 2392; x_wconf 80' lang='lat' dir='ltr'><strong>Sed</strong></span> 
     </span>
    </p>
   </div>
   <div class='ocr_carea' id='block_1_111' title="bbox 1019 2406 1801 2441">
    <p class='ocr_par' dir='ltr' id='par_1_111' title="bbox 1019 2406 1801 2441">
     <span class='ocr_line' id='line_1_112' title="bbox 1019 2406 1801 2441; baseline 0.006 -9"><span class='ocrx_word' id='word_1_879' title='bbox 1019 2414 1070 2433; x_wconf 92' lang='lat' dir='ltr'><strong>non</strong></span> <span class='ocrx_word' id='word_1_880' title='bbox 1083 2406 1133 2432; x_wconf 80' lang='lat' dir='ltr'><strong>ista</strong></span> <span class='ocrx_word' id='word_1_881' title='bbox 1144 2411 1304 2438; x_wconf 86' lang='lat' dir='ltr'><strong>metuentes,</strong></span> <span class='ocrx_word' id='word_1_882' title='bbox 1315 2406 1408 2441; x_wconf 87' lang='lat' dir='ltr'><strong>iuqttil,</strong></span> <span class='ocrx_word' id='word_1_883' title='bbox 1418 2408 1451 2434; x_wconf 91' lang='lat' dir='ltr'><strong>ad</strong></span> <span class='ocrx_word' id='word_1_884' title='bbox 1464 2412 1558 2441; x_wconf 84' lang='lat' dir='ltr'><strong>gentes</strong></span> <span class='ocrx_word' id='word_1_885' title='bbox 1571 2409 1731 2437; x_wconf 88' lang='lat' dir='ltr'><strong>audiebant:</strong></span> <span class='ocrx_word' id='word_1_886' title='bbox 1748 2411 1801 2437; x_wconf 80' lang='lat' dir='ltr'><strong>Isle</strong></span> 
     </span>
    </p>
   </div>
   <div class='ocr_carea' id='block_1_112' title="bbox 1019 2452 1800 2491">
    <p class='ocr_par' dir='ltr' id='par_1_112' title="bbox 1019 2452 1800 2491">
     <span class='ocr_line' id='line_1_113' title="bbox 1019 2452 1800 2491; baseline 0.008 -13"><span class='ocrx_word' id='word_1_887' title='bbox 1019 2457 1058 2479; x_wconf 79' lang='lat' dir='ltr'><strong>est</strong></span> <span class='ocrx_word' id='word_1_888' title='bbox 1071 2452 1183 2487; x_wconf 69' lang='lat' dir='ltr'><strong>populus</strong></span> <span class='ocrx_word' id='word_1_889' title='bbox 1203 2452 1250 2479; x_wconf 86' lang='lat' dir='ltr'><strong>Dei</strong></span> <span class='ocrx_word' id='word_1_890' title='bbox 1269 2458 1291 2479; x_wconf 86' lang='lat' dir='ltr'><strong>et</strong></span> <span class='ocrx_word' id='word_1_891' title='bbox 1308 2458 1377 2479; x_wconf 84' lang='lat' dir='ltr'><strong>terra</strong></span> <span class='ocrx_word' id='word_1_892' title='bbox 1394 2452 1441 2480; x_wconf 78' lang='lat' dir='ltr'><strong>Dei</strong></span> <span class='ocrx_word' id='word_1_893' title='bbox 1453 2453 1486 2480; x_wconf 72' lang='lat'><strong>&quot;.</strong></span> <span class='ocrx_word' id='word_1_894' title='bbox 1507 2454 1539 2481; x_wconf 83' lang='lat' dir='ltr'><strong>Et</strong></span> <span class='ocrx_word' id='word_1_895' title='bbox 1557 2455 1682 2489; x_wconf 85' lang='lat' dir='ltr'><strong>educam,</strong></span> <span class='ocrx_word' id='word_1_896' title='bbox 1702 2456 1800 2491; x_wconf 85' lang='lat' dir='ltr'><strong>inquit,</strong></span> 
     </span>
    </p>
   </div>
   <div class='ocr_carea' id='block_1_113' title="bbox 1020 2500 1801 2533">
    <p class='ocr_par' dir='ltr' id='par_1_113' title="bbox 1020 2500 1801 2533">
     <span class='ocr_line' id='line_1_114' title="bbox 1020 2500 1801 2533; baseline 0.008 -8"><span class='ocrx_word' id='word_1_897' title='bbox 1020 2505 1130 2533; x_wconf 84' lang='lat' dir='ltr'><strong>propter</strong></span> <span class='ocrx_word' id='word_1_898' title='bbox 1141 2506 1238 2525; x_wconf 87' lang='lat' dir='ltr'><strong>nomen</strong></span> <span class='ocrx_word' id='word_1_899' title='bbox 1251 2506 1350 2530; x_wconf 88' lang='lat' dir='ltr'><strong>meum,</strong></span> <span class='ocrx_word' id='word_1_900' title='bbox 1364 2503 1391 2526; x_wconf 91' lang='lat' dir='ltr'><strong>et</strong></span> <span class='ocrx_word' id='word_1_901' title='bbox 1403 2500 1529 2527; x_wconf 83' lang='lat' dir='ltr'><strong>reducam</strong></span> <span class='ocrx_word' id='word_1_902' title='bbox 1544 2508 1601 2533; x_wconf 89' lang='lat' dir='ltr'><strong>eos,</strong></span> <span class='ocrx_word' id='word_1_903' title='bbox 1613 2506 1641 2529; x_wconf 89' lang='lat' dir='ltr'><strong>et</strong></span> <span class='ocrx_word' id='word_1_904' title='bbox 1653 2502 1733 2530; x_wconf 87' lang='lat' dir='ltr'><strong>dicito</strong></span> <span class='ocrx_word' id='word_1_905' title='bbox 1745 2504 1783 2531; x_wconf 86' lang='lat' dir='ltr'><strong>eis</strong></span> <span class='ocrx_word' id='word_1_906' title='bbox 1795 2513 1801 2531; x_wconf 86' lang='lat'><strong>:</strong></span> 
     </span>
    </p>
   </div>
   <div class='ocr_carea' id='block_1_114' title="bbox 1443 2567 1611 2595">
    <p class='ocr_par' dir='ltr' id='par_1_114' title="bbox 1443 2567 1611 2595">
     <span class='ocr_line' id='line_1_115' title="bbox 1443 2567 1611 2595; baseline 0.012 -2"><span class='ocrx_word' id='word_1_907' title='bbox 1443 2567 1466 2582; x_wconf 75' lang='grc'><strong>⁷⁸</strong></span> <span class='ocrx_word' id='word_1_908' title='bbox 1486 2567 1550 2595; x_wconf 89' lang='lat' dir='ltr'><strong>ibid.</strong></span> <span class='ocrx_word' id='word_1_909' title='bbox 1566 2568 1611 2595; x_wconf 71' lang='grc'><strong>20.</strong></span> 
     </span>
    </p>
   </div>
   <div class='ocr_carea' id='block_1_115' title="bbox 1017 2623 1805 2666">
    <p class='ocr_par' dir='ltr' id='par_1_115' title="bbox 1017 2623 1805 2666">
     <span class='ocr_line' id='line_1_116' title="bbox 1017 2623 1805 2666; baseline 0.003 -14"><span class='ocrx_word' id='word_1_910' title='bbox 1017 2629 1048 2666; x_wconf 52' lang='grc' dir='ltr'><strong>ξς</strong></span> <span class='ocrx_word' id='word_1_911' title='bbox 1065 2625 1134 2666; x_wconf 82' lang='lat' dir='ltr'><strong>infra</strong></span> <span class='ocrx_word' id='word_1_912' title='bbox 1148 2634 1157 2652; x_wconf 91' lang='lat'><em>:</em></span> <span class='ocrx_word' id='word_1_913' title='bbox 1171 2623 1271 2653; x_wconf 70' lang='lat' dir='ltr'><strong>Factus</strong></span> <span class='ocrx_word' id='word_1_914' title='bbox 1286 2633 1312 2652; x_wconf 73' lang='lat' dir='ltr'><strong>es</strong></span> <span class='ocrx_word' id='word_1_915' title='bbox 1334 2625 1476 2660; x_wconf 69' lang='lat' dir='ltr'><strong>perfectus,</strong></span> <span class='ocrx_word' id='word_1_916' title='bbox 1501 2626 1630 2659; x_wconf 67' lang='lat' dir='ltr'><strong>[armatus</strong></span> <span class='ocrx_word' id='word_1_917' title='bbox 1649 2634 1687 2660; x_wconf 72' lang='lat' dir='ltr'><strong>et,</strong></span> <span class='ocrx_word' id='word_1_918' title='bbox 1710 2634 1805 2654; x_wconf 70' lang='lat' dir='ltr'><strong>excusa</strong></span> 
     </span>
    </p>
   </div>
   <div class='ocr_carea' id='block_1_116' title="bbox 1016 2660 1506 2724">
    <p class='ocr_par' dir='ltr' id='par_1_116' title="bbox 1016 2660 1506 2724">
     <span class='ocr_line' id='line_1_117' title="bbox 1016 2660 1159 2691; baseline 0.014 -5"><span class='ocrx_word' id='word_1_919' title='bbox 1016 2660 1094 2691; x_wconf 81' lang='lat' dir='ltr'><strong>illud,</strong></span> <span class='ocrx_word' id='word_1_920' title='bbox 1107 2667 1159 2688; x_wconf 89' lang='lat' dir='ltr'><strong>etc.</strong></span> 
     </span>
     <span class='ocr_line' id='line_1_118' title="bbox 1052 2694 1506 2724; baseline 0 -1"><span class='ocrx_word' id='word_1_921' title='bbox 1052 2696 1109 2724; x_wconf 65' lang='lat'><strong>(63)</strong></span> <span class='ocrx_word' id='word_1_922' title='bbox 1126 2694 1254 2723; x_wconf 73' lang='lat' dir='ltr'><strong>Ecclesia.</strong></span> <span class='ocrx_word' id='word_1_923' title='bbox 1269 2695 1352 2724; x_wconf 84' lang='lat' dir='ltr'><strong>Forte</strong></span> <span class='ocrx_word' id='word_1_924' title='bbox 1373 2695 1506 2724; x_wconf 70' lang='lat' dir='ltr'><strong>Ecclesicz.</strong></span> 
     </span>
    </p>
   </div>
   <div class='ocr_carea' id='block_1_117' title="bbox 1066 2730 1644 2759">
    <p class='ocr_par' dir='ltr' id='par_1_117' title="bbox 1066 2730 1644 2759">
     <span class='ocr_line' id='line_1_119' title="bbox 1066 2730 1644 2759; baseline 0.003 -2"><span class='ocrx_word' id='word_1_925' title='bbox 1066 2730 1109 2759; x_wconf 79' lang='lat'><strong>70)</strong></span> <span class='ocrx_word' id='word_1_926' title='bbox 1129 2730 1179 2758; x_wconf 83' lang='lat' dir='ltr'><strong>Ms.</strong></span> <span class='ocrx_word' id='word_1_927' title='bbox 1203 2730 1237 2757; x_wconf 81' lang='lat' dir='ltr'><strong>Et</strong></span> <span class='ocrx_word' id='word_1_928' title='bbox 1250 2731 1419 2759; x_wconf 70' lang='lat' dir='ltr'><strong>niltilaminut</strong></span> <span class='ocrx_word' id='word_1_929' title='bbox 1435 2732 1592 2759; x_wconf 79' lang='lat' dir='ltr'><strong>adorabunt.</strong></span> <span class='ocrx_word' id='word_1_930' title='bbox 1640 2744 1644 2754; x_wconf 62' lang='grc' dir='ltr'>κ</span> 
     </span>
    </p>
   </div>
   <div class='ocr_carea' id='block_1_118' title="bbox 1053 2765 1395 2837">
    <p class='ocr_par' dir='ltr' id='par_1_118' title="bbox 1053 2765 1395 2837">
     <span class='ocr_line' id='line_1_120' title="bbox 1059 2765 1395 2794; baseline 0.006 -2"><span class='ocrx_word' id='word_1_931' title='bbox 1059 2765 1096 2792; x_wconf 75' lang='grc'><strong>’71</strong></span> <span class='ocrx_word' id='word_1_932' title='bbox 1129 2765 1201 2792; x_wconf 81' lang='lat' dir='ltr'><strong>Non.</strong></span> <span class='ocrx_word' id='word_1_933' title='bbox 1219 2765 1300 2793; x_wconf 81' lang='lat' dir='ltr'><strong>Forte</strong></span> <span class='ocrx_word' id='word_1_934' title='bbox 1315 2775 1395 2794; x_wconf 80' lang='lat' dir='ltr'><strong>nunc.</strong></span> 
     </span>
     <span class='ocr_line' id='line_1_121' title="bbox 1053 2768 1388 2837; baseline 0.003 -9"><span class='ocrx_word' id='word_1_935' title='bbox 1053 2768 1111 2837; x_wconf 49' lang='grc' dir='ltr'><strong>ξτες</strong></span> <span class='ocrx_word' id='word_1_936' title='bbox 1132 2799 1181 2828; x_wconf 85' lang='lat' dir='ltr'><strong>Ms.</strong></span> <span class='ocrx_word' id='word_1_937' title='bbox 1198 2800 1302 2837; x_wconf 69' lang='lat' dir='ltr'><strong>Panas</strong></span> <span class='ocrx_word' id='word_1_938' title='bbox 1314 2807 1352 2829; x_wconf 71' lang='lat' dir='ltr'><strong>est</strong></span> <span class='ocrx_word' id='word_1_939' title='bbox 1372 2810 1388 2829; x_wconf 88' lang='lat' dir='ltr'><strong>a</strong></span> 
     </span>
    </p>
   </div>
   <div class='ocr_carea' id='block_1_119' title="bbox 1066 2799 1797 2840">
    <p class='ocr_par' dir='ltr' id='par_1_119' title="bbox 1066 2799 1797 2840">
     <span class='ocr_line' id='line_1_122' title="bbox 1066 2799 1797 2840; baseline 0.007 -12"><span class='ocrx_word' id='word_1_940' title='bbox 1066 2799 1110 2837; x_wconf 67' lang='grc' dir='ltr'><strong>τὲ)</strong></span> <span class='ocrx_word' id='word_1_941' title='bbox 1132 2799 1181 2828; x_wconf 85' lang='lat' dir='ltr'><strong>Ms.</strong></span> <span class='ocrx_word' id='word_1_942' title='bbox 1197 2800 1302 2840; x_wconf 56' lang='lat' dir='ltr'><strong>fanus</strong></span> <span class='ocrx_word' id='word_1_943' title='bbox 1314 2807 1352 2829; x_wconf 79' lang='lat' dir='ltr'><strong>ut</strong></span> <span class='ocrx_word' id='word_1_944' title='bbox 1372 2810 1388 2829; x_wconf 87' lang='lat' dir='ltr'><strong>a</strong></span> <span class='ocrx_word' id='word_1_945' title='bbox 1411 2802 1484 2830; x_wconf 67' lang='lat' dir='ltr'><strong>nobis</strong></span> <span class='ocrx_word' id='word_1_946' title='bbox 1503 2801 1583 2831; x_wconf 68' lang='lat' dir='ltr'><strong>Dona.</strong></span> <span class='ocrx_word' id='word_1_947' title='bbox 1599 2800 1726 2832; x_wconf 73' lang='lat' dir='ltr'><strong>Fortasse</strong></span> <span class='ocrx_word' id='word_1_948' title='bbox 1743 2811 1797 2840; x_wconf 66' lang='lat' dir='ltr'><strong>pas-</strong></span> 
     </span>
    </p>
   </div>
   <div class='ocr_carea' id='block_1_120' title="bbox 1020 2836 1241 2864">
    <p class='ocr_par' dir='ltr' id='par_1_120' title="bbox 1020 2836 1241 2864">
     <span class='ocr_line' id='line_1_123' title="bbox 1020 2836 1241 2864; baseline 0 0"><span class='ocrx_word' id='word_1_949' title='bbox 1020 2844 1064 2864; x_wconf 82' lang='lat' dir='ltr'><strong>ltu</strong></span> <span class='ocrx_word' id='word_1_950' title='bbox 1077 2842 1113 2863; x_wconf 80' lang='lat' dir='ltr'><strong>eu</strong></span> <span class='ocrx_word' id='word_1_951' title='bbox 1132 2845 1148 2862; x_wconf 73' lang='grc' dir='ltr'><em>α</em></span> <span class='ocrx_word' id='word_1_952' title='bbox 1161 2836 1241 2864; x_wconf 74' lang='lat' dir='ltr'><strong>vobis.</strong></span> 
     </span>
    </p>
   </div>
   <div class='ocr_carea' id='block_1_121' title="bbox 1059 2868 1391 2906">
    <p class='ocr_par' dir='ltr' id='par_1_121' title="bbox 1059 2868 1391 2906">
     <span class='ocr_line' id='line_1_124' title="bbox 1059 2868 1391 2906; baseline 0.015 -8"><span class='ocrx_word' id='word_1_953' title='bbox 1059 2868 1115 2906; x_wconf 78' lang='lat'><strong>(75)</strong></span> <span class='ocrx_word' id='word_1_954' title='bbox 1143 2868 1230 2900; x_wconf 70' lang='lat' dir='ltr'><strong>Vobis.</strong></span> <span class='ocrx_word' id='word_1_955' title='bbox 1244 2869 1325 2901; x_wconf 80' lang='lat' dir='ltr'><strong>Forte</strong></span> <span class='ocrx_word' id='word_1_956' title='bbox 1338 2882 1391 2902; x_wconf 75' lang='lat' dir='ltr'><strong>ras-</strong></span> 
     </span>
    </p>
   </div>
  </div>
