2024 3208
262 135 330 164 1103

262 194 324 222 Non
337 195 442 229 propter
452 201 496 220 eo:
511 194 593 228 facio,
604 198 696 220 damur
709 193 803 225 ltrael,
813 194 860 220 sed
873 197 979 228 propter
993 201 1041 220 no-
1056 195 1076 222 Α

261 248 317 268 tuen
331 247 416 267 meum
430 239 464 266 ".
481 238 527 266 Ille
543 239 610 266 Deus
625 239 671 273 qui
684 239 751 266 dixit
772 243 845 271 tunc,
859 236 917 265 Non
931 243 1040 273 propter

261 293 308 313 vos
325 284 405 316 facio.
422 285 469 312 sed
486 289 594 320 propter
613 291 710 311 nomen
726 291 825 315 meum,
844 291 914 311 nunc
927 284 1040 312 audiens

261 339 308 358 vos
332 330 461 363 dicentes,
486 331 548 365 quia
572 329 697 364 religiose
718 329 831 356 fecimus
858 329 1040 364 crucifigeudo

260 376 446 409 Christum,et
460 375 515 402 sint
529 375 565 402 illi
580 375 651 410 digni
664 379 772 410 propter
781 376 855 410 prius
865 375 1038 409 opprobrium

260 423 379 458 gentium
393 422 465 450 dicat
477 426 506 449 ut
520 421 586 449 dixit
600 429 606 446 :
622 426 649 448 et
660 429 740 454 nunc,
754 421 775 448 si
797 427 886 448 tamen
907 422 1039 456 permittit

260 474 378 497 vestrum
399 473 549 502 peccatum,
572 468 597 494 in
621 475 702 494 unum
724 475 776 494 non
798 472 906 502 propter
929 467 1038 495 domum

260 514 341 542 Israel
364 513 443 546 facio,
468 513 514 540 sed
539 518 647 546 propter
665 519 762 539 nomen
781 519 869 539 meum
887 521 894 539 :
916 517 943 539 et
965 516 1038 539 certe

261 563 369 594 propter
383 565 478 585 nomen
499 565 577 584 suum
601 564 672 584 mmc
691 564 738 584 vos
758 564 809 584 nou
833 557 945 584 reducit.
963 557 1038 584 Sicut

259 604 331 632 enim
345 608 407 630 tunc
421 608 529 638 propter
544 611 639 630 nomen
653 611 730 630 suum
747 603 882 630 revocavit
894 610 902 630 :
919 602 954 629 ita
968 609 1039 630 nunc

259 654 368 684 propter
381 657 477 676 nomen
494 656 572 676 suum
586 656 632 676 vos
646 656 698 675 nou
713 653 830 676 revocat.
847 648 875 675 Si
889 648 960 675 enim
974 656 1037 683 pro-

258 700 319 730 pter
334 701 429 722 nomen
442 702 517 720 suum
534 694 599 721 facit
609 694 679 728 quod
698 701 750 720 non
766 693 839 726 facit,
853 693 931 720 debet
945 699 972 721 et
985 701 1037 720 non

259 741 414 776 permittere
439 740 495 767 ﬁeri
522 747 552 766 ea
579 747 637 774 qua:
662 739 786 774 praedixit
810 739 946 771 Salvator,
976 747 1036 766 cum

257 786 432 815 ostenderent
445 786 469 813 ei
490 786 591 820 lapides
607 786 708 820 templi,
728 785 790 820 quia
809 794 859 812 non
876 785 1037 820 relinquetur

257 831 324 866 lapis
339 840 417 866 super
432 831 554 865 lapidem,
574 831 618 866 qui
638 839 689 857 non
705 831 853 857 destruatur
865 834 889 851 ⁷⁸
905 840 913 858 :
929 836 956 858 et
975 838 1036 857 cum

258 864 559 909 defieret-Hierusalem,
577 864 604 903 et
623 876 779 911 praediceret
803 876 864 910 quia
887 876 1038 902 circumda-
1054 864 1074 891 Β

258 923 323 950 bunt
336 931 395 950 eam
412 923 524 954 inimici,
541 927 567 950 et
583 922 721 949 destruent
741 929 800 949 eam
816 931 822 954 ;
843 927 871 949 et
890 930 950 948 cum
967 921 1039 948 dice-

258 975 300 998 ret
314 970 417 997 ﬁliabus
431 969 513 996 Israel
527 977 534 995 :
558 968 634 995 Filia:
653 967 749 1000 Israel,
764 968 843 995 nolite
863 967 966 1002 plorare
987 975 1037 1000 me,

259 1017 302 1043 sed
309 1016 424 1051 plangite
436 1024 477 1042 vos
487 1020 511 1042 et
527 1015 596 1048 ﬁlios
614 1021 708 1042 vestras
721 1020 729 1040 :
744 1015 841 1041 venient
853 1015 931 1046 enim,
942 1014 1036 1048 inquit,

259 1063 311 1089 dies
324 1071 382 1089 cum
398 1061 534 1095 patiemini
546 1069 577 1088 ea
596 1069 654 1095 qua:
669 1067 753 1094 passa:
769 1066 827 1086 sunt
840 1060 874 1088 ⁷⁷.
894 1059 941 1087 His
955 1059 1038 1087 semel

258 1113 284 1136 et
297 1108 337 1135 bis
351 1112 378 1135 et
391 1108 470 1135 tertio
483 1115 497 1134 2
510 1106 650 1135 Salvatore
660 1106 806 1142 prmdietis,
818 1105 840 1132 si
857 1105 971 1132 mendax
986 1110 1037 1138 est,

258 1154 314 1181 etsi
325 1159 418 1181 contra
431 1153 515 1188 legem
533 1153 646 1184 faciens.
664 1153 686 1180 si
701 1152 876 1179 defendentes
894 1151 979 1186 legem
993 1158 1038 1178 oc-

258 1199 466 1234 cideruntqucm
477 1199 649 1232 occiderunt;
663 1199 772 1226 deberet
785 1199 853 1225 Deus
869 1202 896 1225 ut
913 1201 1038 1232 argueret

257 1247 462 1281 praedicationes
475 1246 628 1277 mendaces,
645 1245 699 1280 pati
714 1245 772 1272 illos
787 1245 868 1272 etiam
886 1252 957 1272 nunc
973 1251 1037 1279 pec-

257 1297 362 1324 cantes,
378 1298 406 1319 ut
423 1297 448 1319 et
468 1296 545 1318 antea
561 1298 656 1326 passus
674 1295 725 1318 est.
747 1290 774 1318 Si
800 1296 888 1318 autem
912 1290 1038 1318 Salvator

257 1338 364 1373 quidem
378 1336 514 1371 praedixit,
530 1336 612 1363 Pater
625 1340 714 1363 autem
729 1335 841 1363 audiens
854 1335 1036 1369 confirmavit,

257 1387 283 1409 et
299 1389 381 1418 opera
395 1386 541 1414 testantur,
564 1381 758 1416 praedicatione
782 1381 927 1415 dupliciter
948 1381 1038 1408 convi-

257 1432 317 1454 ctus
331 1431 372 1454 est
389 1426 480 1454 Israel.
495 1425 562 1459 Quia
580 1426 661 1461 igitur
683 1430 795 1460 apparet
818 1426 954 1460 correptio
977 1433 1037 1460 qua:

257 1481 304 1508 per
327 1480 436 1500 crucem
464 1471 534 1499 iacta
558 1471 584 1498 in
603 1472 702 1498 mundo
722 1470 833 1504 effulsit,
860 1471 1036 1505 interrogavi-

257 1527 316 1547 utus
329 1526 386 1551 eos,
400 1525 478 1553 quem
493 1518 575 1544 vultis
595 1525 655 1545 esse
674 1517 765 1545 .lesum
783 1517 795 1544 ‘i
818 1517 955 1545 hominem
970 1524 1035 1551 pec-
1049 1533 1071 1562 C

257 1570 375 1592 calorem
389 1569 416 1591 et
427 1567 521 1590 contra
537 1564 620 1598 legem
633 1562 798 1591 iacientem?
814 1562 883 1598 Ergo
895 1562 1036 1596 producite

258 1615 360 1637 vestrOs
371 1609 469 1644 justos,
483 1615 510 1636 et
525 1609 571 1635 fiat
585 1607 761 1643 comparatio.
776 1608 853 1634 Absit
872 1613 900 1634 ut
923 1615 937 1634 a
959 1607 1038 1635 nobis

257 1654 354 1687 servis,
369 1656 402 1681 ad
416 1654 555 1681 Dominum
572 1654 578 1680 !
593 1653 661 1686 Quia
680 1657 770 1680 autem
782 1653 815 1680 ad
831 1652 938 1680 Judams
953 1653 1037 1687 loqui-

257 1710 327 1734 mur,
342 1706 448 1736 oportet
474 1708 521 1728 nos
544 1700 693 1729 infautiati.
715 1699 910 1734 Ceuiparemus
932 1699 959 1727 iu
979 1699 1035 1735 (76)

257 1747 343 1782 signa,
360 1752 387 1773 et
401 1753 570 1780 opponamus
596 1745 718 1773 lucernas
742 1744 833 1780 plures
852 1745 900 1772 soli
927 1753 989 1774 uno.
1010 1750 1037 1772 et

257 1795 377 1821 dicamus
389 1792 488 1820 Judaais
501 1801 507 1818 ε
518 1791 602 1824 Quem
616 1791 697 1819 vultis
708 1791 798 1818 .lcsum
813 1791 891 1818 esse?
905 1795 933 1818 ut
947 1791 1034 1819 Abra-

257 1840 318 1867 ham
332 1839 343 1866 7
359 1839 497 1867 Ostendite
521 1845 588 1872 ergo
614 1845 693 1872 quem
713 1838 798 1865 suasit
820 1837 969 1868 Abraham,
993 1837 1035 1864 vel

257 1894 338 1913 unum
360 1885 431 1918 licet,
461 1885 495 1912 ab
516 1883 664 1912 idololatria
683 1884 717 1910 ad
741 1883 966 1919 religiositatetn:
988 1888 1035 1910 aut

257 1940 308 1959 non
325 1932 376 1959 hoc
389 1933 504 1966 primum
525 1935 552 1958 et
571 1931 597 1958 iu
614 1935 702 1957 vestra
722 1929 781 1964 lege
806 1929 960 1956 mandatum
983 1935 1033 1956 est.

256 1978 309 2005 Sed
328 1977 404 2004 lsaac
418 1976 619 2012 comparabitur
638 1976 675 2003 rei
694 1976 749 2011 (75)
766 1975 832 2010 ipse,
854 1979 881 2002 et
902 1974 936 2002 de
959 1973 1035 2002 Isaac

256 2024 309 2051 erit
322 2031 420 2051 sermo.
449 2024 534 2056 Quem
557 2023 642 2050 suasit
661 2023 755 2050 Isaac?
774 2022 826 2050 Sed
847 2022 940 2055 Jacob,
959 2023 1035 2057 cujus

256 2075 283 2095 et
300 2076 378 2095 socer
396 2068 423 2095 in
437 2068 587 2095 idololatria
613 2067 784 2103 permansit?
801 2067 854 2095 Sed
873 2067 967 2103 Moysi,
989 2069 1033 2102 qui

256 2122 308 2140 non
320 2114 406 2148 potuit
418 2120 466 2148 per
480 2112 561 2139 multa
575 2112 651 2147 signa
663 2117 690 2140 et
704 2113 824 2148 prodigia
840 2113 909 2140 tilios
919 2113 1034 2140 Abraha:

255 2160 288 2187 ad
311 2159 442 2186 culturam
467 2158 583 2185 Abrahae
606 2157 775 2185 transferre?
799 2158 845 2192 qui
872 2165 924 2185 non
948 2159 1035 2193 potuit

609 133 742 162 EUSEBll
756 132 994 161 CACSARIENSIS
1013 133 1089 161 OPP.
1111 132 1199 161 PARS
1225 132 1270 160 IV.
1287 146 1321 153 —-
1335 132 1542 161 DOGMATICA.

1801 136 1868 164 μοι

1091 192 1182 228 pulum
1198 199 1246 228 per
1260 192 1335 228 signa
1352 200 1404 220 non
1431 192 1526 226 suasit,
1548 192 1627 220 Iesus
1642 198 1732 221 autem
1744 201 1793 228 per
1808 202 1870 222 eru-

1091 247 1158 272 cem,
1174 247 1222 274 per
1236 239 1403 272 scandalum,
1416 244 1443 266 et
1454 247 1505 267 non
1522 246 1570 274 per
1582 240 1656 275 signa
1674 244 1721 268 aut
1738 241 1868 276 prodigia,

1091 287 1219 314 mundum
1238 286 1374 314 transtulit
1389 286 1422 312 ad
1445 285 1490 313 Dei
1510 285 1642 313 culturam
1665 295 1672 314 :
1699 286 1806 322 Moyses
1829 287 1869 314 lu-

1090 338 1169 359 cerna
1191 339 1225 359 ne
1243 331 1352 366 quidem
1377 331 1423 358 uni
1438 331 1528 358 domui
1550 330 1667 365 suﬂicit,
1685 330 1765 359 Iesus
1782 337 1870 360 autern

1090 377 1129 404 sol
1147 378 1269 412 iustitiae,
1292 377 1315 405 si
1333 385 1385 404 non
1404 377 1486 412 fulget
1507 378 1621 406 mundus
1646 383 1673 406 et
1696 379 1871 412 illuminatur,

1090 430 1142 450 non
1158 423 1193 450 sit
1210 423 1262 452 sol.
1278 423 1315 450 Ex
1335 423 1448 458 negotiis
1465 423 1536 450 enim
1548 428 1573 451 et
1589 425 1802 459 nuncnpaliones
1811 431 1872 453 sunt

1089 469 1259 504 accipiendae.
1271 469 1298 496 Si
1315 469 1479 497 illmninatur
1500 471 1626 502 mundus.
1639 470 1799 505 soljustitiae
1810 475 1852 499 est
1865 483 1870 499 :

1090 514 1133 541 ubi
1147 514 1219 541 enim
1231 515 1369 549 praecurrit
1382 521 1460 549 opus,
1481 514 1606 550 adjuncta
1630 516 1665 542 sit
1685 519 1713 543 et
1735 523 1871 550 nuncupa-

1089 561 1135 588 tio.
1156 560 1259 595 Moyses
1288 560 1397 588 lucerna
1425 568 1508 595 quare
1531 561 1619 588 dictus
1639 565 1691 594 est,
1714 562 1758 596 qui
1789 569 1871 595 neque

1089 605 1217 632 fratribus
1232 605 1288 633 suis
1302 610 1330 633 et
1341 605 1465 640 cognatis
1482 605 1572 633 lucere
1596 605 1682 633 valuit
1700 606 1712 633 ἲ
1735 605 1870 640 Siquidem

1088 651 1121 678 ad
1139 652 1206 679 flues
1221 651 1277 687 (77)
1292 651 1350 686 ejus
1364 651 1417 686 igni
1432 651 1584 685 consumpti
1598 657 1661 678 sunt
1675 652 1725 679 sub
1743 652 1788 680 illo
1808 659 1870 687 pec-

1087 701 1181 723 cantes
1195 716 1203 729 ,
1233 701 1260 723 et
1284 697 1374 723 Aaron
1389 703 1435 730 per
1458 703 1489 723 os
1505 687 1587 730 ipsius
1612 695 1695 732 Moysi
1717 696 1872 732 obiurgatus

1088 746 1128 769 est
1140 762 1147 773 .
1162 747 1189 769 et
1201 746 1310 777 propter
1327 741 1414 777 ipsum
1437 741 1548 777 Moysen
1561 742 1718 777 obiurgatus
1731 749 1747 769 a
1762 742 1817 770 Deo
1830 747 1871 770 est

1088 789 1188 814 Aaron.
1205 787 1255 820 Qui
1273 791 1375 814 norunt
1401 786 1556 820 Scripturas
1578 787 1669 813 sciunt
1694 794 1755 822 qua:
1779 787 1872 814 dicun-

1091 837 1144 860 tur.
1162 832 1272 868 Moyseu
1287 832 1438 866 producunt
1449 831 1519 866 quod
1532 831 1657 866 jurgatus
1678 839 1693 858 a
1712 831 1765 859 Deo
1780 835 1832 864 est,
1847 837 1873 859 et

1091 877 1170 905 linem
1180 877 1284 912 justum
1299 877 1392 904 habuit
1409 876 1480 904 vitae.
1499 876 1551 904 Sed
1566 884 1613 904 nos
1629 877 1815 911 compellimur
1833 878 1873 904 di-

1089 930 1150 951 cere
1166 923 1309 950 adversum
1324 927 1434 949 sanctos
1448 929 1516 956 quos
1528 922 1652 957 cupimus
1664 922 1807 950 honorare.
1821 922 1871 950 Sed

1089 976 1142 996 non
1166 968 1282 995 dicimus
1317 968 1448 994 adversus
1475 967 1595 1002 Moysen,
1618 968 1666 996 sed
1688 975 1719 995 ca
1740 967 1872 1002 loquimur

1088 1022 1148 1049 quo:
1170 1014 1244 1041 vult:
1259 1014 1315 1049 ipse
1328 1013 1393 1040 dicit
1407 1013 1522 1049 Moyses.
1536 1013 1601 1040 Nam
1615 1018 1643 1041 et
1655 1013 1677 1041 si
1689 1014 1872 1048 compellimur

1088 1061 1189 1094 dicere,
1209 1060 1323 1089 dicimus
1343 1060 1402 1087 ideo
1421 1065 1449 1086 ut
1465 1060 1685 1088 commendemus
1701 1068 1732 1088 ea
1744 1068 1803 1096 quae
1817 1060 1871 1095 ipse

1089 1107 1192 1142 Moyses
1216 1106 1249 1134 de
1270 1105 1380 1133 Christo
1409 1104 1514 1132 locutus
1539 1109 1594 1132 est.
1618 1105 1687 1140 Ergo
1708 1105 1776 1132 falso
1788 1104 1870 1133 ιιι(ιωὶ

1088 1152 1197 1188 Moysen
1211 1152 1341 1179 adversus
1355 1150 1463 1187 Moysen
1482 1151 1582 1186 legunt.
1597 1151 1727 1186 Legentes
1741 1152 1815 1178 enim
1831 1151 1870 1178 di-

1088 1203 1162 1230 cunt,
1180 1198 1243 1233 quia
1260 1197 1328 1224 nihil
1347 1198 1402 1224 veri
1432 1196 1559 1231 loquitur.
1585 1196 1639 1224 Nos
1654 1202 1741 1224 autem
1762 1196 1870 1232 Moysen

1088 1250 1137 1279 pro
1151 1242 1242 1277 Moyse
1255 1243 1377 1276 legimus.
1396 1242 1429 1268 Et
1444 1241 1506 1276 quid
1519 1242 1704 1269 contendimus
1717 1242 1750 1269 ad
1764 1241 1884 1277 Judtros,

1088 1295 1151 1315 vere
1170 1288 1277 1314 adicere
1290 1287 1345 1322 (78)
1358 1294 1416 1322 quae
1433 1287 1501 1321 apud
1516 1286 1625 1314 Judmos
1641 1288 1787 1320 habentur,
1801 1296 1871 1323 qua:-

1088 1341 1141 1369 que
1160 1334 1237 1361 nobis
1260 1333 1439 1360 concedunt?
1465 1333 1501 1360 At
1525 1333 1594 1360 idem
1619 1332 1704 1361 Judaei
1725 1335 1871 1362 concedant

1089 1379 1166 1406 nobis
1181 1379 1244 1414 quia
1257 1378 1363 1414 Moyses
1372 1386 1435 1406 vera
1453 1379 1557 1406 locutus
1571 1384 1622 1412 est,
1637 1384 1664 1407 et
1680 1380 1769 1407 nttllus
1781 1388 1797 1408 e
1811 1389 1870 1415 pro-

1087 1425 1176 1460 phetis
1192 1425 1322 1452 mentitus
1340 1429 1394 1457 est,
1418 1433 1505 1460 neque
1529 1425 1599 1453 Deus
1623 1425 1730 1453 horum.
1756 1426 1870 1454 Dicimus

1086 1470 1158 1497 enim
1175 1470 1235 1506 quia
1252 1477 1346 1498 omnes
1360 1470 1552 1505 promissiones
1571 1470 1629 1504 Dei,
1649 1479 1709 1505 quae
1727 1478 1777 1506 per
1788 1471 1869 1507 legem

1087 1516 1164 1544 facta!
1178 1520 1243 1543 sunt
1258 1521 1284 1543 ct
1305 1523 1353 1551 per
1377 1517 1530 1552 prophetas,
1550 1517 1666 1551 impleta:
1687 1523 1750 1544 sunt
1773 1518 1800 1545 in
1826 1518 1870 1545 ad—

1090 1567 1169 1589 ventu
1186 1561 1291 1590 Domini
1305 1563 1417 1595 Christi,
1447 1568 1473 1590 et
1492 1563 1580 1590 adhuc
1605 1570 1689 1597 usque
1716 1563 1868 1597 implentur.

1089 1607 1145 1635 Hoc
1162 1612 1204 1635 est.
1219 1608 1354 1636 honorare
1375 1608 1460 1636 libros
1477 1609 1682 1644 prophetarum,
1701 1616 1755 1636 non
1771 1617 1870 1644 purpu-

1088 1655 1143 1683 reis
1157 1655 1239 1690 pallis
1258 1663 1272 1682 a
1293 1655 1369 1688 foris,
1384 1656 1430 1684 sed
1453 1656 1527 1683 illum
1543 1656 1588 1691 qui
1618 1656 1690 1683 iutus
1711 1657 1871 1691 pradicatur

1087 1708 1243 1736 agnoscere.
1267 1701 1326 1729 Non
1351 1707 1392 1729 est
1414 1702 1544 1730 mentitus
1570 1702 1675 1738 Moyses
1701 1711 1750 1738 pro
1771 1702 1869 1736 nobis;

1085 1754 1154 1782 opus
1166 1747 1238 1774 enim
1259 1747 1345 1781 ipsum
1363 1747 1387 1774 ei
1410 1748 1592 1775 testimonium
1610 1754 1730 1782 praestat.
1754 1748 1813 1776 Non
1830 1756 1869 1776 est

1097 1794 1224 1821 mentitus
1243 1792 1348 1828 Moyses
1361 1793 1491 1821 adversus
1504 1793 1585 1821 Israel
1601 1802 1609 1826 ;
1636 1795 1777 1829 captivitas
1800 1796 1869 1822 enim

1092 1845 1185 1866 eorum
1199 1844 1225 1865 et
1240 1838 1389 1865 lunniliatio
1406 1843 1531 1868 testatur.
1545 1839 1600 1866 Non
1616 1845 1678 1866 sunt
1693 1841 1799 1867 mentiti
1813 1849 1870 1876 pro-

1087 1885 1178 1919 phetae
1202 1885 1370 1912 vocationem
1399 1885 1517 1919 gentium
1548 1885 1747 1919 prmdicentes;
1786 1886 1868 1912 vocati

1085 1932 1158 1958 enim
1180 1936 1244 1958 sunt
1266 1935 1294 1957 ut
1310 1931 1415 1958 videtis.
1432 1929 1489 1957 Non
1512 1936 1574 1957 sunt
1594 1931 1699 1958 mentiti
1723 1931 1869 1965 prophetae.

1085 1977 1187 2004 exitum
1201 1980 1228 2003 et
1244 1976 1422 2010 abjectioncm
1437 1975 1519 2002 Israel
1539 1976 1743 2010 prophetantes.
1775 1975 1803 2002 Si
1824 1983 1868 2002 au-

1086 2026 1138 2048 tem
1155 2028 1294 2048 sermones
1312 2020 1433 2055 praedicti
1455 2026 1529 2051 sunt,
1545 2025 1573 2047 et
1596 2020 1702 2055 negotia
1727 2025 1869 2053 testantur,

1084 2067 1147 2100 quid
1160 2067 1247 2094 adhuc
1266 2067 1407 2100 impudens
1419 2065 1681 2100 lsracl?aliquando
1700 2066 1810 2101 quidem
1837 2065 1868 2092 ad

1084 2113 1167 2145 dicta,
1192 2119 1264 2139 nunc
1284 2117 1373 2138 autem
1400 2117 1427 2138 et
1447 2112 1480 2138 ad
1509 2112 1565 2146 ipsa
1590 2112 1707 2145 negotia.
1733 2112 1867 2146 Scriptum

1084 2163 1137 2190 est,
1158 2163 1186 2185 et
1199 2158 1360 2193 promissum
1380 2158 1406 2185 iu
1429 2158 1486 2192 lege
1506 2162 1565 2189 cst,
1587 2158 1649 2192 quia
1667 2158 1689 2185 si
1714 2157 1866 2192 fuerintqni

255 2205 370 2233 suadere
395 2211 488 2232 socero
517 2204 588 2231 suo?
607 2203 700 2230 Nonne
714 2211 788 2230 mare
801 2203 984 2235 scindebatur,
1007 2209 1035 2231 et
1052 2203 1072 2230 D
1087 2205 1201 2239 dispersi
1224 2208 1286 2231 sunt
1301 2212 1316 2231 e
1336 2204 1434 2239 populo
1460 2205 1493 2230 ad
1519 2204 1586 2231 fines
1613 2211 1698 2239 usque
1722 2204 1827 2234 mundi,
1842 2208 1867 2230 et

255 2251 352 2277 iterum
366 2249 551 2284 copulabatur,
565 2254 593 2276 et
609 2256 706 2275 manna
723 2249 755 2275 ad
774 2249 859 2275 vicem
879 2249 972 2276 imbris
989 2249 1036 2276 dc-

256 2296 413 2329 ducebatur,
426 2300 453 2323 et
472 2300 554 2331 petra:
573 2302 606 2322 ex
627 2294 688 2322 imis
712 2294 872 2321 emittebant
898 2302 992 2329 aquas.
1008 2300 1036 2322 et

255 2343 343 2370 oruuis
366 2347 462 2369 natura
489 2340 702 2369 transferebatur
720 2348 769 2376 per
782 2339 868 2375 signa,
882 2346 910 2368 et
923 2341 1036 2376 populus

256 2388 381 2415 manebat
398 2388 423 2414 iu
438 2387 588 2415 idololatria
604 2387 616 2414 ‘3
640 2386 710 2420 Quid
730 2387 814 2414 valuit
833 2387 940 2414 lucerna
961 2387 1035 2424 Moy-

256 2435 321 2461 ses?
332 2433 394 2461 Ideo
409 2433 477 2461 bene
489 2434 553 2461 dicit
576 2433 704 2460 Dominus
719 2441 726 2459 :
749 2431 840 2459 Nolite
860 2432 984 2467 judicare
999 2433 1034 2460 ad

255 2479 358 2512 faciem,
375 2479 420 2506 sed
432 2478 533 2513 justum
555 2478 682 2512 iudicium
695 2477 811 2511 iudicate
822 2477 864 2504 ἠε
880 2485 932 2504 non
946 2478 1035 2505 nomi-

254 2525 345 2557 nibus,
357 2525 404 2552 sed
419 2523 534 2558 negotiis
548 2533 555 2551 :
575 2523 637 2557 quid
657 2523 778 2550 correxit
797 2522 914 2558 Moyses,
924 2528 951 2550 et
968 2531 1033 2558 pric-

254 2571 402 2598 houoretur
415 2569 470 2604 (76)
484 2578 499 2596 ει
515 2569 590 2596 vobis
601 2568 698 2596 Jesus?
721 2568 749 2596 Si
769 2573 858 2596 autem
886 2577 967 2596 unum
983 2576 1032 2603 po-

1086 2251 1248 2285 ptuniteutes
1262 2249 1439 2276 custodi-:riut
1464 2249 1571 2285 legem:
1593 2249 1655 2277 inde
1675 2257 1719 2276 eos
1735 2250 1867 2281 reducant,

1085 2296 1151 2323 dicit
1170 2295 1296 2322 Dominus
1310 2296 1343 2322 "'.
1366 2295 1416 2322 Ista
1432 2295 1477 2322 Dei
1501 2296 1644 2330 promissio
1656 2300 1706 2323 est.
1722 2295 1867 2332 Interroga-

1085 2343 1174 2369 vimus
1188 2349 1252 2376 ergo
1265 2341 1382 2373 Judaaos,
1399 2348 1488 2368 utrum
1507 2342 1622 2369 servatis
1641 2341 1727 2377 legem
1739 2346 1787 2369 aut
1799 2340 1868 2369 non!

1086 2387 1115 2414 Si
1131 2395 1184 2414 ttott
1197 2387 1322 2419 servatis,
1339 2387 1403 2421 quid
1417 2393 1444 2414 et
1463 2386 1628 2422 loquimini?
1653 2387 1680 2415 Si
1703 2393 1794 2416 autem
1813 2395 1867 2416 ser-

1085 2432 1166 2464 vatis,
1180 2432 1243 2466 quid
1259 2433 1320 2466 quia
1339 2439 1392 2458 uon
1410 2432 1573 2459 revocamini
1589 2430 1668 2458 ?Non
1685 2431 1758 2459 enim
1777 2431 1867 2458 tuenti-

1087 2481 1130 2504 tur
1143 2477 1223 2504 Deus.
1241 2477 1269 2504 Si
1290 2482 1379 2504 autem
1398 2478 1606 2511 praavaricautes
1621 2477 1708 2512 legem
1730 2476 1866 2504 habebatis

1085 2522 1223 2549 civitatem
1236 2530 1243 2555 ;
1265 2530 1336 2549 nunc
1355 2527 1384 2550 ut
1398 2523 1487 2549 dicitis
1500 2527 1640 2548 servantes
1654 2522 1738 2556 legem
1753 2520 1864 2556 dispersi

1084 2568 1151 2596 estis
1178 2567 1206 2595 in
1233 2568 1388 2595 civitatibus
1415 2576 1422 2595 :
1455 2566 1600 2594 manifesta
1623 2574 1688 2601 ergo
1714 2571 1758 2594 est
1780 2572 1865 2593 vestra

287 2650 308 2666 ⁷⁸
330 2650 428 2677 Ezech.
451 2657 542 2682 xxxvt,
555 2647 600 2681 22,
636 2648 660 2664 ¹¹⁶
672 2647 754 2676 Marc.
771 2655 831 2680 xut,
845 2648 873 2675 2.
910 2648 932 2663 ⁷⁷
946 2647 1009 2675 Luc.
1030 2656 1038 2675 ι

1088 2655 1107 2679 l,
1120 2647 1172 2680 28;
1186 2654 1244 2679 ιιι,
1257 2646 1303 2674 μ.
1341 2647 1364 2662 ’³
1378 2645 1457 2674 Joan.
1473 2653 1522 2681 vit,
1539 2645 1584 2673 24.
1622 2646 1645 2662 ‘"
1658 2645 1734 2673 Deut.
1751 2653 1817 2679 xxx,
1834 2645 1859 2674 5.

288 2710 345 2744 (74)
358 2710 400 2736 In.
420 2709 502 2736 Forte
514 2712 582 2744 jam.

288 2742 342 2779 (75)
357 2742 559 2779 Comparabitur
576 2744 623 2770 rei.
640 2742 765 2772 Fortasse
783 2743 980 2777 comparabitur
993 2743 1027 2779 ei,

253 2780 278 2805 id
294 2778 337 2806 est
348 2779 410 2806 Jesu
422 2778 532 2806 Christo
546 2787 553 2805 :
569 2786 665 2811 noutpe
687 2780 774 2807 littera
797 2787 821 2811 r,
842 2778 939 2813 prioris
955 2778 1030 2804 vocis

251 2820 397 2846 postrema,
412 2821 551 2848 perperam
570 2814 682 2847 repetita
694 2814 784 2841 fuerit.

290 2849 343 2880 (76)
359 2848 391 2876 Et
407 2850 612 2882 m'wltonoretur,
624 2853 675 2877 etc.
687 2849 778 2882 Forte.
795 2853 820 2874 ut
835 2848 1029 2882 prwltonorctur

1081 2715 1097 2733 a
1111 2707 1179 2740 vobis
1191 2706 1281 2734 Iesus.

1101 2742 1173 2782 _(77)
1188 2741 1228 2768 Ad
1250 2742 1325 2776 lines.
1344 2741 1470 2770 Fortasse
1484 2742 1562 2769 unica
1586 2748 1653 2769 voce
1672 2740 1786 2775 adﬁnes,
1801 2747 1860 2775 pro-

1082 2784 1256 2846 μῖῗὲῗηω
1272 2811 1382 2838 adicere.
1400 2811 1526 2840 Fortasse
1549 2819 1607 2838 vere
1630 2819 1659 2837 ea
1670 2831 1677 2840 .
1692 2809 1733 2836 vel
1749 2817 1807 2837 cere
1819 2809 1859 2836 di-

1082 2855 1138 2874 cere
1153 2854 1161 2873 :
1179 2849 1219 2874 vel
1230 2847 1333 2874 adicere
1347 2848 1449 2876 dictum
1465 2852 1502 2875 est
1519 2854 1566 2881 pro
1583 2847 1705 2881 adjicere.
