2024 3208
205 254 275 283 1105

205 309 400 339 inexcusabilis
413 309 526 337 audacia
541 307 679 344 sanguinis
696 306 771 341 iusti.
787 305 820 332 Et
835 307 907 331 certe
920 299 987 327 mul-

206 362 293 384 torum
310 356 504 392 propltetarum
529 354 664 382 eﬂ‘udistis
682 352 850 388 sanguinem,
865 355 893 378 el
904 349 986 377 habe-

206 403 274 430 batis
290 407 407 430 vestram
423 402 559 428 civitatem
573 409 580 427 :
594 405 621 427 et
638 399 774 434 prioribus
788 398 930 433 prophetis
947 397 987 423 in-

207 447 339 480 terfectis,
353 447 462 474 secttndi
487 446 640 477 veniebant,
669 450 696 473 et
716 444 913 472 t-onvincebattt
928 450 984 470 vos.

206 492 346 525 Quomodo
361 499 424 527 ergo
441 491 584 518 multoruut
603 489 795 524 prophetarum
811 488 920 523 sanguis
934 495 985 515 nott

208 538 346 566 intercidit
362 537 548 572 prophetiam;
564 535 643 562 unius
656 540 755 566 autem,
773 538 802 561 ιιι
812 534 913 565 dicitis,
926 540 988 561 con-

210 591 249 613 tra
264 586 348 620 legent
364 584 486 612 facientis
496 584 616 618 sanguis,
629 583 723 610 statuit
735 582 791 617 (79)
804 589 909 609 omnem
924 589 987 616 pro-

209 629 348 666 phetiam?
361 631 393 658 Et
412 630 544 664 quomodo
559 636 652 656 ontnes
665 628 799 663 prophetat
811 635 870 655 cum
883 627 986 661 legisla-

207 681 266 703 tore
287 680 313 702 et
329 675 437 710 regibus
450 675 539 709 justis,
553 678 581 701 et
603 673 727 701 omnibus
747 673 914 700 mirabilibus
928 679 988 707 quae

206 718 277 747 hcta
292 721 361 754 apud
380 719 525 755 (Egyptutn
540 719 674 751 videnlur,
690 723 718 747 et
742 718 767 745 in
786 718 901 751 deserto,
914 722 941 744 et
960 717 987 745 in

209 766 269 800 ipsa
292 770 361 792 terra
377 765 569 799 promissionis,
584 769 611 791 et
625 772 684 791 cum
703 763 828 791 otttnibus
851 763 988 790 beneﬁciis

206 815 232 836 et
247 811 334 844 pretiis
354 818 405 837 non
419 810 756 837 statueruntidololatriam
780 817 812 836 ne
822 809 929 844 quidem
953 809 987 836 ab

208 857 266 892 ipso
285 856 384 884 Israel?
397 857 491 884 Ct-ucis
512 862 601 883 autem
620 863 709 884 sermo
721 861 748 883 et
764 856 858 883 orbent
878 856 986 883 univer-

206 911 265 930 sum
295 903 439 935 convertit,
461 908 489 930 et
512 903 593 930 Israel
611 903 633 930 si
660 902 726 929 nihil
744 902 826 935 aliud,
850 907 937 929 tamen
954 902 988 930 ab

207 948 359 975 idololatria
379 948 537 983 prohibuit?
549 948 618 981 Quid
632 949 683 975 ltoc
697 947 858 975 ellicientius
875 948 937 974 tttilti
952 948 988 974 vi-

206 993 294 1024 detur,
318 993 381 1028 quia
412 993 576 1020 resurrectio
603 993 717 1020 viventis
745 1001 805 1027 qua:
830 993 881 1020 hoc
910 992 984 1024 fecit,

206 1046 278 1065 mors
293 1045 373 1072 qttam
393 1037 529 1064 sustinuit.
543 1038 572 1065 Si
587 1038 660 1065 enim
683 1037 777 1065 aliixus
801 1041 842 1065 est
857 1038 891 1065 ob
915 1037 988 1065 inlir-

206 1083 340 1112 mitatem,
368 1087 397 1109 ιιι
411 1083 475 1110 dicit
486 1082 584 1111 Paulus
600 1083 635 1116 ⁸⁸,
660 1084 705 1111 sed
731 1084 795 1110 vit‘it
812 1088 841 1110 ttt
855 1083 985 1110 videmus.

205 1126 237 1152 Et
252 1135 300 1155 nos
312 1128 418 1162 quidem
433 1128 506 1155 illum
519 1136 599 1163 quent
619 1136 671 1156 non
691 1129 811 1156 videmus
832 1136 885 1156 non
906 1137 983 1164 nega-

205 1181 285 1201 mus:
307 1174 439 1202 viventem
460 1179 550 1202 autent
567 1182 600 1202 ex
613 1175 657 1202 his
670 1184 729 1210 qlta‘
749 1175 830 1203 elIicit
852 1176 983 1203 videmus.

206 1219 272 1252 Quia
288 1225 375 1246 autem
394 1220 452 1246 ausi
467 1225 541 1252 sunt,
558 1220 583 1246 in
600 1228 651 1255 qua
668 1226 733 1248 sunt
751 1228 831 1256 paena
859 1220 910 1256 ipsi
931 1221 987 1248 edi-

1001 987 1022 1014 Β

160 1269 165 1273 “
206 1269 279 1292 cant.
296 1265 367 1300 Ergo
380 1265 474 1293 vivens
488 1271 515 1293 et
528 1267 599 1300 apud
613 1274 660 1294 eos
677 1267 815 1294 invenitur
829 1268 875 1302 qui
892 1275 987 1302 passus

206 1315 257 1338 est.
274 1311 325 1344 Qui
341 1312 413 1338 enim
429 1312 609 1340 adversantur
621 1313 647 1340 in
664 1312 841 1340 dissolutione
856 1318 919 1340 sunt
934 1323 940 1340 :
960 1318 987 1340 et

205 1356 320 1390 gentiles
343 1357 398 1392 jam
420 1365 472 1385 non
496 1358 630 1392 gentiles:
657 1363 684 1386 et
706 1357 790 1386 Judaei
815 1363 986 1393 superantur.

207 1403 276 1435 Quid
292 1403 419 1437 deestqui
436 1404 540 1431 vincit?
558 1404 676 1432 Ecclesia
693 1404 792 1439 quippe
805 1405 874 1432 unde
885 1405 987 1432 habens

207 1448 295 1477 ’t‘liosi
321 1449 358 1476 lta
376 1451 448 1478 enim
464 1456 506 1478 est
522 1451 679 1482 admiratio,
692 1451 755 1485 quia
768 1460 782 1477 a
794 1450 894 1479 ludatis
917 1453 988 1479 acci-

206 1493 283 1528 piens
306 1500 395 1528 patres
416 1495 562 1529 apostolos,
588 1503 602 1520 a
632 1495 756 1529 gentibus
770 1501 860 1524 autem
884 1496 953 1524 ﬁlios
971 1505 987 1523 a

207 1546 261 1566 non
274 1540 463 1573 credentibus;
481 1541 563 1567 ltabet
579 1541 634 1568 illic
652 1541 766 1568 salutem
783 1541 909 1575 ﬁliorum,
927 1543 988 1571 istic

206 1592 259 1612 non
274 1585 462 1613 creditJudteis
475 1586 542 1622 (80).
559 1585 610 1613 Sed
626 1587 660 1613 ab
679 1587 875 1621 abnegautibus
888 1587 987 1616 Jmlazis

205 1629 285 1656 habet
301 1635 382 1657 testes
397 1631 543 1666 apostolos,
563 1637 591 1658 ut
608 1631 714 1658 illoruttt
741 1633 900 1666 conspersio
917 1635 986 1667 apud

205 1683 255 1702 nos
273 1684 325 1703 non
344 1677 379 1704 sit
393 1677 511 1706 illorum.
535 1677 600 1704 Cum
628 1678 699 1705 enint
725 1678 827 1705 ferrum
845 1686 985 1713 acceptum
1000 1686 1021 1714 ο

204 1720 285 1749 fuerit
299 1731 314 1749 a
333 1724 510 1758 congeriebus
523 1724 649 1758 lapidum,
663 1729 707 1752 aut
726 1733 740 1752 a
757 1731 828 1753 terra
843 1734 875 1754 ex
888 1735 940 1762 qua
959 1732 987 1755 et

204 1767 347 1795 catillatum
359 1774 410 1802 est,
420 1769 475 1803 jam
492 1777 545 1798 non
561 1775 602 1797 est
613 1771 683 1805 quod
703 1777 762 1798 erat
777 1772 802 1798 in
819 1777 909 1800 monte
931 1781 938 1799 :
960 1777 988 1801 et

204 1813 318 1847 apostoli
335 1821 350 1841 a
364 1813 464 1842 Judaeis
477 1815 592 1850 accepti,
603 1815 658 1849 jam
669 1825 721 1843 ttott
734 1822 796 1844 suttt
810 1825 842 1845 ex
860 1818 922 1845 illis.
936 1817 987 1846 Per

206 1859 294 1893 ignem
320 1860 392 1886 ettim
420 1861 567 1894 etnundati,
595 1861 668 1888 aliud
691 1871 769 1895 quant
794 1863 896 1898 lapides
922 1863 986 1892 facti

205 1908 279 1930 sunt.
306 1904 346 1931 ΙΙΙί
367 1905 437 1931 enim
460 1905 692 1933 interliciebautur
717 1912 746 1934 ut
767 1915 820 1935 nou
844 1909 988 1936 adorarent

205 1949 276 1976 idola
291 1955 338 1982 ;et
355 1950 509 1984 lapidabant
525 1951 634 1986 Moysen
659 1953 721 1986 quia
743 1962 795 1981 nou
823 1955 988 1983 concedebat

203 1995 245 2022 eis
258 1996 391 2023 adorare:
408 1995 561 2030 Stephanus
575 2003 663 2025 autem
680 1999 772 2026 statim
789 2008 821 2027 ex
839 2001 905 2034 ipsis
919 2001 987 2035 lapi-

203 2039 329 2074 dabatur,
344 2051 377 2070 eo
397 2043 469 2078 quod
489 2053 542 2072 ttou
561 2046 669 2080 negavit
684 2054 766 2074 causa
786 2048 877 2074 crucis
896 2047 987 2074 Domi-

204 2094 267 2113 nunt
281 2086 383 2114 Jesutn.
403 2089 483 2116 Putas
500 2089 543 2117 isti
562 2098 595 2117 ex
610 2090 711 2118 ludatis
725 2091 811 2118 sunt?
826 2091 923 2119 Petrus
940 2091 985 2126 qui

205 2132 314 2160 inverso
330 2134 419 2169 capite
434 2134 529 2163 allixus
548 2141 590 2163 est
605 2136 690 2170 cruci,
713 2136 812 2164 Paulus
830 2137 875 2171 qtti
894 2144 987 2172 perse-

203 2180 338 2207 cutionent
357 2185 398 2207 est
412 2188 520 2216 passus,
543 2185 570 2208 et
589 2182 722 2216 gloriatus
740 2187 782 2210 est
803 2183 828 2209 in
848 2183 986 2218 periculis.

204 2225 257 2253 Sed
271 2228 443 2255 meminimus
465 2228 540 2256 Petri
559 2234 584 2255 et
606 2228 681 2256 Pauli
694 2235 720 2256 et
735 2229 874 2264 Stephani.
891 2229 987 2257 Petrus

203 2276 268 2299 ante
284 2279 392 2299 crucent
405 2273 528 2301 inlirtnus
549 2277 577 2300 et
595 2273 724 2306 incertus,
740 2274 772 2307 fet
791 2278 832 2301 ter
850 2275 986 2309 abnegaus

203 2316 487 2352 Doutiuttm;quando
508 2318 594 2353 magis
617 2320 760 2352 oportebat
777 2326 838 2347 euut
863 2321 986 2355 negare?

203 2370 265 2389 cum
281 2363 368 2390 adhuc
386 2364 490 2391 viveret
502 2365 632 2399 magister
649 2365 661 2392 ?
677 2369 724 2392 aut
749 2370 811 2393 tuttc
831 2373 892 2393 cum
918 2367 985 2394 satis

203 2407 252 2434 sibi
268 2407 330 2434 l'ecit
344 2408 389 2443 qui
403 2413 445 2436 est
475 2414 597 2436 mortuus
612 2410 623 2436 ‘i
650 2409 678 2437 Si
701 2416 791 2438 atttetn
816 2418 904 2446 neque
922 2417 986 2439 ante

205 2458 320 2480 mortem
336 2459 459 2488 negaret,
483 2459 555 2481 esset
576 2455 771 2483 contentiosum
794 2457 884 2483 omnia
899 2457 985 2484 domi-

205 2499 296 2527 nautis
312 2499 440 2534 Magistro
453 2499 521 2536 (8|).
537 2499 564 2528 Si
581 2506 668 2528 autem
684 2506 747 2528 attte
765 2509 873 2530 crucem
892 2507 983 2538 negat,

202 2549 230 2573 et
244 2550 285 2573 ter
301 2553 352 2572 non
366 2546 535 2580 simpliciter,
555 2547 601 2573 sed
619 2553 666 2578 per
679 2553 771 2573 vocent
787 2547 881 2580 puella:
895 2548 984 2579 uttius,

203 2595 231 2617 et
247 2590 299 2618 hoc
311 2589 425 2618 Domino
441 2591 605 2626 praedicente
622 2591 658 2623 ei,
674 2595 701 2618 et
719 2594 793 2617 certe
813 2591 834 2618 si
853 2598 906 2617 non
925 2599 985 2625 pro-

203 2641 263 2671 pter
291 2637 376 2670 aliud,
406 2642 515 2672 propter
548 2637 775 2671 contemptionem
804 2632 986 2670 prmdictionis

204 2680 315 2709 deberet
327 2681 424 2709 Petrus
439 2689 493 2709 non
509 2688 618 2716 negare.
644 2681 676 2708 Et
689 2685 764 2708 certe
780 2688 840 2707 cutn
856 2680 986 2709 Dominus

238 2771 263 2788 "
278 2772 297 2800 ll
311 2773 375 2800 Cor.
393 2780 452 2807 xm,
469 2772 496 2800 4.
535 2773 556 2788 ⁸⁸
572 2771 666 2799 Matth.
685 2779 758 2804 χχιιι,
771 2771 865 2799 33-55.
903 2772 925 2787 "
939 2771 1032 2799 Matth.
1050 2779 1105 2803 xvt,
1117 2771 1163 2800 2'2.

239 2831 296 2866 (79)
308 2831 416 2860 Statuit.
431 2832 459 2858 ltt
473 2837 526 2864 est,
541 2832 618 2858 stitit.

240 2868 295 2898 (80)
311 2867 424 2894 Judwt’s.
440 2867 521 2895 Forte
539 2867 663 2894 Judazuz.

241 2901 297 2937 (81)
319 2901 416 2928 Omnia
442 2903 614 2929 dominantis.
640 2901 720 2928 Forte
746 2902 835 2928 omnia
863 2902 986 2937 donantis

208 2935 346 2971 Magistro.
374 2937 420 2964 Sic
439 2937 517 2971 paulo
541 2942 600 2971 post
619 2946 625 2964 :
649 2937 698 2962 Sed
721 2941 782 2969 puta
805 2938 866 2970 quin
890 2935 984 2964 Petrus

208 2974 384 2999 contentiotut
401 2977 451 3005 col,
466 2976 490 2999 el
506 2973 591 3000 omnia
613 2973 712 2999 donant
730 2971 867 3005 Magistro.

740 246 783 274 DE
803 236 1104 272 RESURRECTIONE.
1125 251 1158 257 —
1176 233 1240 261 LIB.
1259 231 1291 259 ll.

1003 302 1024 329 Α
1040 295 1119 327 dixit,
1142 296 1287 328 negaturos
1311 294 1371 316 esse
1392 291 1496 318 omnes,
1515 283 1613 312 Petrus
1630 280 1736 329 dicebat
1753 288 1760 307 :
1786 278 1824 306 Si.

1746 221 1824 248 H06-

1037 347 1124 368 omnes
1139 343 1162 366 te
1179 326 1319 372 negabunt,
1336 341 1383 368 ego
1399 339 1450 358 non
1464 335 1487 358 te
1507 328 1624 364 negabo;
1642 326 1687 354 sed
1709 329 1816 372 paratur

1036 393 1093 412 sum
1107 391 1154 418 pro
1168 387 1191 409 te
1209 371 1275 408 mori
1289 379 1323 411 ",
1337 383 1364 405 et
1379 382 1441 405 ante
1450 381 1478 403 te
1489 375 1567 404 mori.
1584 374 1616 401 Et
1631 380 1690 400 cum
1705 371 1817 422 dixisset

1037 430 1099 465 quia
1119 434 1146 456 et
1164 429 1221 463 ipse
1246 431 1286 453 ter
1311 424 1491 458 abnegaturns
1510 424 1602 452 esset,
1623 425 1674 465 non
1694 420 1816 465 recessit,

1038 462 1202 502 contendens
1222 475 1250 499 et
1272 470 1375 501 dicens,
1396 467 1457 494 Non
1481 471 1505 493 te
1530 464 1636 499 negabo.
1654 462 1706 496 Qui
1728 466 1822 488 autem

1037 519 1106 548 dixit
1131 524 1211 552 saepe,
1236 515 1298 550 quia
1325 520 1377 540 non
1398 510 1510 545 negabo,
1532 513 1559 536 et
1586 507 1679 534 horum
1701 503 1823 531 habebat:

1038 551 1212 595 memoriam;
1230 560 1291 596 quia
1308 557 1397 593 puella
1412 556 1532 591 quaedam
1553 552 1684 581 accedens
1698 551 1819 577 interro-

1038 610 1117 646 gabat
1132 615 1206 640 eum,
1220 613 1290 634 nttnc
1301 603 1427 632 Galilteus
1438 606 1487 633 est,
1504 608 1574 628 nunc
1588 606 1648 626 cum
1662 596 1726 646 Iesu
1739 600 1815 646 erat;

1038 641 1120 689 coepit
1134 658 1160 680 et
1172 652 1277 688 iurare,
1294 649 1366 686 quod
1384 656 1437 676 non
1456 650 1615 682 poposcerat
1628 643 1727 678 puella,
1742 647 1770 670 et
1781 641 1818 668 di-

1037 708 1109 732 cere,
1130 699 1193 734 quia
1215 697 1307 725 nescio
1328 694 1477 726 hominem,
1497 700 1546 720 nec
1576 695 1605 717 ut
1627 689 1775 719 hominem,
1799 694 1816 714 o

1038 756 1116 782 Petre
1130 756 1136 782 ε
1153 758 1180 782 et
1197 755 1249 781 hoc
1266 751 1361 785 semel,
1377 755 1404 778 et
1418 750 1459 778 bis
1475 754 1501 777 et
1517 753 1565 776 ter.
1582 747 1615 774 Et
1625 750 1698 773 certe
1712 742 1818 771 vivebat

1037 801 1173 836 Magister,
1191 803 1217 826 et
1233 799 1367 826 incertutn
1383 801 1442 824 erat
1462 796 1484 823 si
1497 797 1648 822 moreretur
1673 791 1760 836 Petro.
1772 788 1818 836 ξρ-

1038 833 1094 874 sius
1108 849 1150 872 est
1161 843 1233 871 enim
1250 849 1299 870 vox
1312 849 1372 876 qua:
1387 841 1472 868 dixit:
1487 836 1670 866 Misericordia
1691 834 1748 866 tibi,
1768 833 1819 860 Do-

1038 891 1115 924 mine,
1129 891 1160 916 ab
1174 890 1214 916 Itis
1229 889 1262 914 ".
1284 885 1514 922 Quemadmodum
1536 885 1586 912 iste
1608 889 1708 917 negans
1731 887 1769 908 ter
1792 885 1818 907 et

1036 935 1143 971 jurans,
1169 940 1196 962 et
1224 934 1275 961 hoc
1298 936 1408 968 propter
1426 937 1519 958 vocem
1543 929 1636 964 puella:
1657 927 1736 954 unius
1755 929 1818 952 ante

1037 985 1169 1008 mortem:
1191 985 1253 1014 post
1268 985 1386 1010 crucem,
1399 981 1459 1012 post
1471 982 1571 1011 paucos
1588 974 1649 1001 illos
1669 974 1726 1000 dies
1746 971 1815 999 inci—

1037 1025 1076 1059 pit
1090 1024 1207 1052 clatnare
1220 1029 1247 1052 et
1263 1023 1296 1050 ad
1312 1021 1437 1058 populum
1457 1020 1547 1048 dicere
1566 1028 1573 1046 :
1600 1018 1657 1045 Viri
1678 1017 1774 1052 fratres
1791 1020 1815 1042 et

1036 1075 1134 1104 patres,
1149 1069 1237 1096 audite
1248 1068 1280 1095 ⁸³.
1293 1067 1410 1095 Puellam
1423 1074 1475 1093 tton
1488 1065 1574 1097 audis,
1590 1069 1614 1092 et
1629 1063 1702 1090 viros
1719 1061 1815 1089 fratres

1037 1121 1062 1143 et
1079 1121 1168 1150 patres
1182 1122 1261 1142 vocas
1276 1119 1305 1141 ut
1320 1113 1483 1140 suadeantur
1500 1111 1512 1138 ἲ
1535 1111 1564 1138 lu
1587 1113 1664 1137 nocte
1682 1114 1763 1142 negas
1785 1106 1812 1133 itt

1036 1179 1088 1206 qua
1107 1179 1201 1206 posses
1215 1175 1243 1198 et
1255 1170 1349 1202 latere,
1366 1173 1391 1196 et
1406 1168 1484 1196 tertia
1501 1168 1565 1195 hora
1579 1170 1739 1194 constanter
1755 1171 1814 1199 pro-

1037 1216 1157 1244 clamans
1172 1216 1293 1251 loqueris
1302 1215 1335 1242 ad
1348 1216 1475 1250 populum
1493 1212 1671 1240 universum?
1687 1211 1739 1239 Sed
1750 1215 1813 1245 puta

1037 1262 1098 1296 quia
1112 1261 1211 1289 Petrus
1222 1261 1407 1288 contentiosus
1422 1265 1474 1292 est,
1486 1264 1512 1286 et
1526 1258 1616 1286 omnia
1633 1258 1736 1286 donans
1755 1255 1815 1283 Ma-

1036 1307 1131 1342 gistro,
1156 1314 1238 1334 ausus
1260 1307 1309 1334 l‘uit
1331 1305 1432 1334 Iudaeis
1456 1310 1484 1333 et
1507 1304 1589 1340 loqui,
1604 1311 1619 1330 a
1635 1303 1732 1338 quibus
1756 1303 1813 1336 ipsa

1036 1353 1147 1380 audacia
1161 1352 1273 1379 exstitit.
1296 1351 1526 1386 Quemadmodum
1546 1349 1633 1378 .ludtei
1653 1357 1703 1376 tton
1724 1348 1815 1376 statim

1036 1396 1152 1425 fustibus
1169 1403 1195 1424 et
1219 1398 1358 1432 lapidibus,
1376 1401 1422 1424 aut
1434 1396 1555 1432 qttolibet
1574 1395 1627 1422 alio
1649 1401 1748 1430 genere
1766 1394 1815 1421 ob—

1038 1451 1117 1471 ruere
1141 1449 1299 1478 arguentem
1317 1443 1328 1470 ?
1345 1443 1373 1469 Si
1387 1443 1458 1469 euiut
1474 1442 1566 1474 Deum,
1585 1442 1629 1477 qui
1645 1442 1720 1476 signa
1740 1441 1816 1475 fecit,

1036 1490 1094 1517 ausi
1117 1495 1180 1516 sunt
1205 1488 1312 1524 alligare
1334 1489 1420 1521 cruci,
1443 1489 1670 1522 quemadmodum
1706 1487 1816 1515 Petrum

1037 1536 1242 1563 convincenteut
1259 1542 1305 1562 eos
1330 1540 1390 1569 post
1411 1535 1491 1562 istattt
1506 1535 1645 1562 audaciam
1659 1542 1712 1562 non
1726 1534 1817 1562 statim

1037 1580 1152 1608 fustibus
1166 1586 1210 1607 aut
1225 1581 1360 1615 lapidibus
1383 1580 1552 1608 obruerunt?
1570 1579 1647 1607 Nunc
1669 1587 1736 1615 ergo
1755 1585 1820 1608 sunt

1038 1626 1064 1653 itt
1078 1626 1232 1661 captivitate
1247 1630 1273 1653 et
1285 1626 1480 1658 lutmiliatione,
1505 1633 1565 1653 cum
1586 1626 1662 1653 lloret
1681 1626 1817 1658 Ecclesia;

1038 1679 1065 1700 et
1085 1674 1199 1700 adorant
1221 1672 1361 1700 nobiscum
1382 1678 1410 1700 et
1434 1680 1511 1707 reges
1533 1677 1561 1700 et
1581 1673 1694 1706 iudices.
1713 1672 1819 1701 Audeat

1037 1721 1097 1754 quis
1117 1720 1219 1754 ingredi
1232 1727 1405 1755 synagogaut,
1425 1720 1498 1747 visus
1509 1720 1571 1747 licet
1582 1719 1639 1755 (82)
1651 1719 1773 1754 alicujus,
1789 1724 1817 1746 et

1038 1767 1138 1797 dicere,
1162 1765 1240 1794 Jesus
1256 1766 1401 1793 crueilixus
1423 1764 1508 1792 Filius
1530 1769 1573 1792 est
1594 1763 1651 1791 Dei.
1676 1763 1704 1790 Si
1721 1764 1819 1791 exierit

1038 1812 1156 1839 exinde?
1169 1817 1195 1839 et
1212 1813 1262 1839 hoc
1277 1819 1338 1839 cum
1355 1819 1406 1838 non
1424 1811 1459 1839 sit
1472 1819 1506 1838 ex
1526 1810 1637 1842 Judmis,
1657 1811 1704 1837 sed
1721 1818 1753 1837 ex
1770 1816 1818 1836 uo-

1039 1857 1079 1883 bis
1094 1865 1100 1883 :
1117 1864 1177 1883 cttm
1193 1861 1220 1883 et
1245 1856 1317 1891 leges
1342 1857 1489 1888 vindicant,
1505 1860 1533 1883 et
1546 1863 1623 1891 reges
1641 1858 1765 1888 adorant,
1790 1860 1818 1882 et

1038 1910 1100 1929 cum
1126 1902 1245 1930 Ecclesia
1264 1907 1335 1930 tenet
1353 1901 1420 1938 (85).
1451 1901 1479 1929 Si
1497 1907 1587 1930 autem
1610 1909 1681 1929 ttunc
1703 1908 1755 1928 nou
1778 1905 1819 1928 est

1038 1949 1095 1976 sine
1110 1948 1228 1983 periculo
1243 1948 1357 1984 aliquem
1371 1957 1423 1976 non
1447 1948 1567 1977 Judaeum
1586 1947 1688 1983 ingredi
1706 1947 1733 1975 in
1752 1954 1818 1982 syn-

1038 2002 1148 2029 agogam
1175 2001 1268 2021 eorum
1293 1995 1338 2028 qui
1355 1995 1380 2022 in
1393 1994 1551 2028 captivitate
1562 1994 1706 2025 habentur,
1721 1999 1749 2021 et
1766 1994 1818 2021 hoc

1039 2040 1065 2066 itt
1085 2041 1143 2067 vico
1156 2040 1201 2066 ttbi
1219 2045 1273 2067 tres
1290 2044 1336 2067 aut
1356 2045 1471 2075 quatuor
1495 2040 1656 2075 colliguntur
1678 2039 1773 2073 Judaei,
1791 2045 1819 2068 et

1038 2087 1128 2114 dicere
1145 2088 1305 2119 veritatem;
1324 2087 1548 2121 quemadmodum
1564 2087 1659 2115 Petrus
1671 2095 1702 2114 ex
1718 2086 1817 2115 ludatis

1037 2131 1163 2160 Galilteus
1173 2133 1246 2160 ?Nec
1258 2132 1328 2159 enim
1341 2133 1392 2160 hoc
1400 2138 1442 2160 est
1451 2134 1540 2161 dicere
1552 2134 1614 2168 quia
1626 2134 1818 2168 ingenuitatem

1037 2177 1096 2212 ejus
1114 2178 1292 2210 honorarunt,
1306 2182 1334 2205 et
1350 2185 1401 2205 nou
1420 2182 1482 2205 sunt
1493 2179 1550 2205 ausi
1564 2187 1571 2205 :
1587 2186 1636 2206 nec
1650 2179 1713 2212 quia
1727 2179 1819 2206 erudi-

1038 2224 1149 2256 tionem,
1168 2231 1216 2251 uec
1235 2225 1298 2258 quia
1313 2224 1432 2251 divitias.
1448 2224 1506 2251 Jatn
1520 2229 1608 2251 autem
1634 2232 1683 2251 nec
1701 2225 1819 2258 piscator

1037 2273 1107 2302 erat,
1123 2270 1169 2297 sed
1185 2278 1270 2305 egeno
1282 2271 1415 2306 egentior.
1439 2271 1466 2298 lu
1488 2275 1591 2298 tantum
1618 2273 1706 2296 autem
1727 2269 1818 2296 aderat

1037 2315 1061 2341 ei
1076 2320 1105 2342 ut
1121 2323 1173 2343 tton
1186 2316 1351 2351 loqueretur,
1361 2317 1406 2351 qui
1420 2316 1481 2343 dum
1496 2316 1697 2351 periclitaretur
1709 2315 1818 2348 animat,

1004 2359 1025 2385 D
1038 2366 1065 2388 et
1081 2361 1294 2396 interrogaretur
1309 2361 1332 2389 si
1346 2362 1472 2389 Galil-acus
1497 2366 1580 2392 esset,
1606 2368 1708 2396 negans
1728 2366 1755 2388 et
1780 2361 1818 2387 di-

1039 2414 1115 2439 cens,
1132 2415 1197 2440 non,
1212 2408 1241 2434 in
1253 2407 1309 2442 ipsa
1326 2407 1502 2442 abnegatione
1515 2407 1654 2434 convictus
1671 2411 1724 2434 est.
1750 2406 1818 2440 Quia

1038 2454 1109 2480 euitn
1124 2454 1252 2480 naturalis
1265 2458 1307 2480 est
1325 2453 1420 2488 lingua.-
1431 2452 1497 2488 (84),
1509 2452 1594 2487 partis
1612 2452 1818 2487 uniuscujusque

1039 2504 1119 2527 terra;
1139 2501 1312 2527 meditantem
1329 2499 1467 2527 assuelieri
1481 2500 1513 2527 ad
1523 2499 1713 2534 eloquendum,
1729 2499 1819 2527 oriens

1039 2546 1072 2572 ad
1094 2546 1173 2573 aliam
1200 2552 1303 2581 partem
1329 2547 1422 2578 tttitur,
1444 2546 1576 2582 Syrorum
1599 2547 1689 2581 lingua
1718 2546 1745 2573 in
1767 2546 1818 2573 alio

1038 2592 1146 2625 clamet,
1164 2593 1298 2621 nationem
1313 2594 1420 2627 quidem
1436 2593 1522 2628 ipsam
1536 2600 1607 2624 esse,
1623 2597 1752 2619 tnutataut
1772 2600 1818 2618 att-

1040 2643 1093 2666 tetn
1108 2639 1133 2666 itt
1150 2647 1216 2667 sono
1237 2641 1341 2667 haberi.
1359 2640 1401 2668 Fit
1418 2641 1490 2668 enim
1505 2645 1532 2667 et
1547 2641 1597 2668 hoc
1615 2641 1684 2676 apud
1695 2639 1820 2669 Iudaeos;

1039 2689 1067 2711 et
1077 2690 1185 2714 caetera.
1213 2685 1315 2713 Galilaei
1342 2685 1474 2715 llebraica
1500 2686 1608 2721 quidem
1632 2686 1821 2721 loquebantur,

1202 2771 1225 2787 ³³
1235 2771 1296 2798 Act.
1313 2779 1359 2802 vlt.
1372 2771 1400 2798 2.

1079 2831 1136 2865 (8‘2)
1155 2831 1231 2859 Vim
1242 2832 1313 2870 licet.
1331 2832 1459 2870 Quamvis
1472 2832 1590 2868 aliquam
1607 2833 1725 2870 speciem
1734 2832 1806 2868 digni

1042 2869 1106 2894 tatis
1123 2875 1171 2895 ore
1188 2876 1224 2894 ac-
1235 2869 1308 2893 vultu
1325 2868 1483 2901 praeferens.

1074 2912 1131 2947 (83)
1151 2912 1240 2939 Tenet.
1259 2913 1281 2939 K
1287 2913 1370 2948 ρατεῖ.

1075 2959 1100 2990 (8
1108 2958 1131 2991 't)
1146 2957 1196 2986 Ms.
1210 2957 1341 2986 Naturale
1356 2964 1393 2986 ut
1408 2959 1515 2994 linguae.
