2024 3208
215 241 284 268 1107

549 237 682 265 EUSEBll
703 235 942 262 GzESARlENSlS
961 235 1036 262 Ol’P.
1059 235 1149 263 PARS
1169 234 1213 262 IV.
1234 249 1268 255 -α
1289 233 1499 262 DOGMATICA.

1774 233 1839 261 “08

214 300 303 334 lingua
329 302 418 326 autem
447 296 567 332 impediti
595 301 641 323 aut
663 297 837 323 immutantes
863 295 1006 323 convince-
1022 297 1041 323 Α
1057 303 1109 330 qua
1126 302 1173 329 spe
1189 294 1263 327 elati,
1279 294 1344 328 quid
1361 299 1424 320 ante
1438 293 1532 320 oculos
1553 291 1685 320 habentes
1697 291 1756 318 ausi
1779 297 1840 318 sunt

214 345 314 373 bantur
328 344 390 379 quia
409 351 460 371 non
473 348 550 370 erant
567 350 582 369 e
597 342 717 369 civitate.
735 341 811 369 Sicut
825 346 852 368 et
863 341 933 376 apud
953 348 1002 368 nos

214 398 286 418 nunc
303 390 428 419 ellicitur.
447 390 490 423 qui
510 396 593 422 agros
617 387 750 421 habitant,
775 388 952 414 immntantttr
968 390 1002 414 ab

212 438 252 464 eis
269 437 313 471 qui
339 437 366 464 in
394 437 551 463 Ch’ilﬂltblls
572 435 728 462 habitantes
750 434 867 469 linguam
888 434 1000 461 habent.

216 482 297 510 Forte
315 487 405 508 autern
420 486 446 508 et
462 480 671 514 uniuscujusque
689 480 791 508 civitati
808 480 903 507 vicina:
915 479 1002 507 diver-

213 535 271 555 sam
287 528 387 555 habent
400 527 518 561 linguam
537 531 647 560 propter
661 525 883 553 consuetudinem
898 533 996 552 assue-

214 578 281 600 tam.
299 572 360 600 llzec
376 580 436 598 cum
465 572 499 598 ita
524 575 679 606 agerentur,
703 578 735 597 ex
755 571 950 598 consuetudine
964 571 1000 598 ita

212 622 351 653 apparent.
374 617 402 645 lu
429 617 499 644 libro
525 616 648 644 Judicum
665 617 793 651 scriptunt
813 620 854 644 est
881 616 913 649 ⁵⁸,
938 616 1000 651 quia

212 664 335 698 provenit
354 663 452 690 bellum
464 664 534 691 inter
544 671 572 690 se
585 670 663 697 agere
677 667 785 697 propter
800 662 998 690 accusationem

212 708 301 735 nescio
321 716 400 742 quain
415 716 447 737 ex
463 709 539 735 istius
552 708 636 742 partis
651 707 711 743 (sic)
728 707 859 735 homines.
873 707 1000 735 Commu-

210 755 251 782 nis
263 755 335 782 enim
351 759 410 782 erat
424 754 604 781 circumcisio.
626 754 654 781 Si
675 755 707 781 ad
731 754 842 781 alteram
860 754 998 780 venissent

210 804 326 833 partem,
347 806 393 833 per
410 799 528 834 linguam
545 805 604 826 erat
617 806 710 826 eorum
722 799 860 826 discretio.
876 799 995 826 Interro-

210 845 308 879 gabant
327 845 399 872 enint
420 845 535 872 victores
565 851 612 871 eos
633 853 700 878 quos
729 845 851 872 vicerant
872 845 943 872 unde
955 852 999 872 es-

210 894 271 917 sent
285 898 292 916 :
312 897 359 924 pro
374 889 461 916 salute
473 897 506 920 ex
525 894 600 925 parte
613 890 726 917 adversa
743 890 846 922 haberi,
865 897 999 924 propone-

210 936 274 962 bant
291 943 443 963 sermonem
459 936 614 969 quemdam,
639 943 690 962 non
714 940 840 970 poterant
862 942 935 962 recte
960 936 996 962 ita

1057 341 1230 376 hoc?‘,Unde
1255 345 1344 369 autem
1369 340 1410 367 eis
1436 340 1493 367 haec
1518 338 1682 373 prudentia?
1706 338 1839 373 quomodo

1055 395 1133 423 putas
1147 388 1256 415 adunati
1278 388 1336 414 haec
1352 386 1525 421 impudenter
1539 385 1572 412 ad
1590 385 1750 412 alterutrum
1769 383 1838 410 dice-

1057 435 1131 466 bant,
1155 434 1281 470 Magister
1292 433 1387 460 fefellit
1403 432 1474 460 nos?
1489 432 1556 465 Quia
1579 438 1644 466 ergo
1667 430 1761 458 fefellit
1779 438 1837 464 nos,

1054 486 1081 507 et
1095 487 1144 506 nos
1161 479 1284 506 fallamus
1302 479 1444 506 mundum.
1466 477 1595 505 Dicebant
1609 478 1673 512 quia
1699 477 1840 505 suscitavit

1055 533 1103 553 nos
1121 526 1188 562 (87),
1202 529 1229 552 et
1245 525 1302 559 ipse
1319 529 1442 552 tnortuus
1467 532 1519 551 non
1547 524 1708 551 resurrexit.
1737 525 1764 552 Si
1782 525 1838 552 haec

1053 572 1221 600 conscientia
1237 579 1331 600 eorum
1349 572 1384 599 ita
1402 571 1485 599 sciret
1507 579 1567 599 esse
1588 571 1736 603 contraria,
1758 572 1838 599 debe-

1054 623 1114 646 rent
1139 619 1240 652 dicere,
1267 623 1295 646 et
1323 625 1434 653 negare,
1457 623 1485 646 et
1510 617 1651 653 pmniteri,
1671 621 1698 645 et
1714 617 1838 645 confiteri

1053 672 1186 697 errorem,
1209 670 1237 693 et
1260 669 1324 692 ante
1339 665 1447 693 Judaeos
1463 664 1554 692 dicere
1571 671 1631 699 quae
1652 663 1781 692 dicebant
1795 662 1839 690 Ju-

1053 711 1101 737 dazi
1134 709 1217 745 (88):
1242 709 1370 737 seductor
1398 713 1467 741 erat,
1490 709 1598 736 seduxit
1626 716 1697 742 n0s;
1724 708 1838 743 putaba-

1053 763 1132 788 mus,
1173 755 1348 790 promittebat
1375 754 1620 786 resurrectionem;
1652 754 1741 789 arguit
1777 761 1838 781 eum

1051 801 1248 836 operimentum
1259 800 1327 836 (89).
1344 801 1487 828 Debuisset
1500 800 1685 834 unusquisque
1699 805 1840 828 recurrere

1051 846 1084 873 ad
1101 846 1168 873 retia
1181 851 1303 880 paterna,
1319 846 1464 881 providere
1481 845 1532 872 sibi
1553 845 1666 876 victum,
1693 844 1834 877 abscondi,

1051 892 1212 919 erubescere
1232 891 1378 918 falsitatem
1403 890 1534 925 Magistri,
1550 891 1687 925 propriam
1701 890 1840 920 seductio-

1052 944 1113 964 netn
1135 936 1286 968 occultare,
1303 936 1387 963 multo
1411 936 1620 971 magisjurgare
1637 935 1693 971 (90)
1711 936 1774 970 quia
1791 943 1839 964 nec

211 982 283 1016 loqui
300 982 370 1018 (85).
385 987 414 1008 ut
439 982 476 1009 illi
502 983 548 1017 qui
576 983 798 1017 interrogabant:
813 987 838 1010 et
851 982 896 1017 qui
913 989 996 1017 nega—
1015 979 1035 1008 Β
1050 984 1166 1010 vidimus
1185 990 1259 1010 eutn.
1287 982 1350 1010 lich
1369 981 1498 1009 deberent
1514 982 1615 1015 facere,
1633 982 1656 1009 si
1673 989 1735 1009 vera
1749 986 1840 1009 essent

210 1029 285 1061 hant,
302 1036 333 1056 ex
348 1028 437 1063 lingua
458 1035 647 1064 arguerentur.
668 1027 723 1056 Hoc
735 1029 806 1056 enim
834 1028 859 1055 in
881 1035 998 1062 evange-

214 1074 257 1101 liis
273 1079 419 1102 renovatur
442 1076 512 1109 quod
528 1074 597 1109 apud
610 1073 719 1102 Iudices
736 1073 865 1109 scriptum
881 1078 932 1101 est.
948 1073 998 1101 Pe-

210 1125 267 1147 trus
283 1120 355 1147 enim
376 1120 493 1155 negabat
510 1127 538 1147 se
551 1121 623 1148 scire
651 1120 787 1148 hominem
806 1127 814 1147 :
840 1120 931 1155 lingua
954 1130 998 1149 au-

212 1171 265 1193 tem
284 1173 333 1200 per
350 1166 433 1200 ipsam
449 1167 653 1202 abnegatimtem
668 1168 844 1196 convincebat
856 1176 916 1195 eum
934 1169 996 1203 quia

208 1211 333 1239 Galikeus
350 1217 418 1238 erat.
437 1211 489 1238 Iste
508 1211 604 1239 Petrus
615 1213 660 1247 qui
674 1213 891 1247 periclitabatur,
907 1218 933 1240 et
948 1222 995 1240 cu-

208 1257 298 1292 piebat
312 1265 388 1284 suam
403 1257 547 1284 immutare
563 1258 680 1293 linguam
698 1265 713 1284 a
729 1258 837 1285 Galilzea
857 1259 890 1285 ad
900 1257 995 1285 Judai‘

207 1312 277 1337 cam,
295 1309 321 1331 et
340 1311 434 1338 parum
457 1304 520 1338 quid
540 1305 689 1339 corrigere,
706 1305 763 1331 haec
789 1305 901 1339 cupiens
916 1310 943 1332 et
956 1305 996 1332 fe-

207 1350 312 1377 stinans
333 1354 361 1376 et
385 1355 498 1376 mortem
527 1350 636 1382 timens,
660 1350 734 1377 dicat
761 1351 824 1384 quid
849 1351 994 1384 putaverit.

209 1397 350 1431 Quomodo
367 1397 440 1424 atnni
455 1397 554 1423 ntundo
565 1396 684 1431 loquitur
696 1396 747 1423 iste
762 1395 880 1430 Iudaeus,
896 1397 950 1424 imo
962 1405 996 1424 ex

209 1443 311 1470 Judteis
326 1442 395 1478 (86),
410 1443 493 1473 dicat.
510 1447 536 1469 et
548 1443 663 1477 gentiles
676 1443 829 1469 convincat.
854 1442 931 1470 Unde
945 1444 996 1470 iste

207 1488 251 1514 cui
267 1488 326 1515 sine
338 1495 406 1515 voce
420 1492 480 1514 erat
505 1487 608 1522 lingua,
639 1487 709 1513 unde
736 1485 831 1513 Petrus
855 1486 996 1520 loquitur?

208 1535 261 1562 Sed
283 1541 336 1561 non
363 1539 404 1561 est
428 1534 545 1565 locutus,
569 1532 616 1560 sed
645 1537 738 1560 tacens
753 1532 838 1560 suasit
854 1532 994 1559 mundum.

207 1581 334 1615 Maiorem
353 1580 430 1607 nobis
446 1579 494 1606 das
517 1579 744 1606 admirationem:
769 1579 791 1606 is
812 1579 857 1614 qui
881 1579 995 1613 negabat

207 1628 254 1654 sed
277 1627 382 1654 locutus
401 1630 454 1658 est,
482 1633 534 1660 qua
554 1625 663 1660 lingua?
681 1625 746 1660 ipsis
761 1625 834 1652 enim
855 1625 902 1659 qui
924 1625 994 1659 apud

209 1673 422 1708 llierosolytnam
440 1676 529 1704 erant,
552 1671 688 1705 quomodo
706 1675 812 1705 poterat
834 1670 928 1705 loqui?
951 1676 992 1697 Ia-

209 1727 269 1746 men
296 1719 428 1753 loquitur,
453 1722 481 1745 ct
501 1721 559 1752 post
589 1722 705 1752 quantos
729 1717 788 1745 dies
814 1717 995 1745 convictionis

208 1773 270 1793 cum
286 1772 333 1798 per
345 1764 461 1798 linguam
476 1768 518 1791 est
533 1763 695 1791 convictus?
711 1763 761 1790 iste
775 1768 833 1790 erat
847 1763 905 1790 dies
916 1763 996 1798 quin-

208 1811 374 1847 quagesimae
400 1809 559 1844 eompletio,
603 1809 792 1843 abnegationis
810 1814 900 1837 autem
922 1809 994 1836 Petri

208 1862 272 1884 ante
286 1856 483 1891 quinquaginta
497 1856 555 1882 dies
568 1855 658 1889 passio
673 1855 760 1882 fuerat
777 1855 894 1882 Domini.
912 1854 996 1883 Putas

208 1903 234 1930 in
251 1902 446 1938 quinquaginta
460 1901 556 1929 diebus
573 1902 692 1937 piscator
706 1902 861 1929 rusticanus
882 1908 917 1929 ex
934 1901 995 1928 vico

207 1949 310 1976 studuit
325 1955 432 1975 omnem
449 1947 569 1982 linguam
581 1948 593 1974 i
606 1948 633 1974 In
646 1947 758 1974 Actibus
772 1947 844 1974 enim
865 1948 994 1982 scriptum

207 1998 250 2021 est
264 1993 450 2028 apostolorum
464 2000 471 2019 :
483 1997 510 2020 et
527 2000 582 2020 non
597 1993 738 2024 credatur,
757 1992 779 2019 si
799 2000 841 2019 res
857 1991 922 2026 ipsa:
942 2001 994 2019 non

209 2038 390 2064 consentiunt.
408 2037 543 2072 Scriptum
559 2043 601 2065 est
612 2038 684 2065 enim
698 2037 761 2072 quia
783 2039 846 2064 dum
866 2037 994 2072 implere-

209 2089 252 2110 tur
276 2084 334 2110 dics
359 2084 595 2118 quinquagesima.
614 2089 693 2111 erant
721 2085 830 2111 adunati
857 2085 883 2111 in
911 2092 994 2111 unum

208 2130 323 2164 apostoli
338 2129 372 2163 ⁸⁵,
389 2137 456 2164 qtms
474 2135 612 2164 sparserat
626 2130 734 2163 quidem
751 2138 828 2163 crux,
845 2130 994 2165 collegerat

208 2181 298 2202 autent
323 2176 506 2207 resurrectio;
525 2179 553 2202 et
566 2174 692 2202 adunatis
710 2175 802 2203 iisdem
817 2175 912 2203 divisa:
933 2180 996 2203 sunt

207 2223 305 2259 linguae
321 2228 447 2258 tanquam
462 2224 531 2259 ignis
544 2223 695 2251 dividentes
708 2244 716 2256 ,
741 2229 768 2252 et
787 2224 946 2251 insederunt
968 2225 995 2252 in

208 2277 428 2304 unumquemque
450 2270 568 2302 illorum,
590 2274 618 2297 et
640 2275 782 2305 coeperunt
804 2270 904 2306 linguis
923 2271 994 2306 loqui

1049 1037 1110 1064 quze
1135 1027 1221 1056 Judaei
1241 1028 1378 1056 volebant.
1406 1026 1458 1055 Sed
1488 1032 1568 1062 putas
1591 1027 1786 1054 convenientes
1813 1027 1838 1054 in

1049 1083 1130 1102 unum
1147 1074 1320 1108 impudenter
1342 1073 1468 1101 dicebant
1485 1074 1519 1100 ad
1534 1073 1716 1108 semetipsos:
1733 1072 1801 1106 Quid
1816 1072 1838 1099 si

1047 1121 1151 1150 seducti
1167 1121 1279 1149 sumus?
1291 1120 1337 1148 sed
1355 1128 1409 1147 non
1424 1119 1614 1148 concedamus.
1632 1118 1757 1154 Magister
1769 1126 1840 1145 mor-

1049 1173 1110 1195 tuus
1129 1172 1189 1200 est;
1206 1167 1328 1194 dicamus
1351 1165 1415 1201 quia
1433 1166 1605 1193 resurrexit:
1621 1169 1651 1192 ut
1670 1164 1735 1200 quid
1753 1164 1840 1192 lucra.

1049 1213 1160 1240 rentur?
1172 1213 1236 1247 quid
1255 1212 1389 1240 commodi
1407 1211 1580 1246 acciperent?
1597 1211 1710 1237 aurum?
1725 1211 1771 1238 sed
1787 1217 1839 1237 non

1048 1259 1172 1294 permisit
1185 1260 1343 1286 mandatum
1359 1267 1366 1286 :
1381 1257 1546 1292 argentum?
1558 1262 1585 1284 et
1601 1257 1657 1291 ipsa
1675 1257 1742 1284 retia
1761 1257 1839 1284 dere-

1047 1304 1196 1338 liquerunt.
1213 1304 1267 1332 Sed
1285 1309 1314 1331 ut
1333 1304 1610 1338 honorarentuﬂqui
1630 1303 1738 1330 inverso
1752 1303 1838 1338 capite

1047 1350 1234 1385 adigebantur.
1255 1350 1326 1383 Quid
1343 1355 1403 1378 erat
1417 1351 1488 1385 quod
1504 1354 1597 1384 posset
1612 1357 1660 1377 eos
1676 1349 1791 1382 hortari,
1810 1353 1839 1376 ut

1047 1397 1228 1424 mentirentur
1242 1396 1276 1424 de
1291 1404 1323 1423 eo
1333 1397 1380 1431 qui
1399 1404 1451 1423 tton
1467 1395 1674 1423 resurrexerat?
1685 1395 1752 1428 Quis
1768 1403 1838 1430 prte-

1047 1443 1142 1470 huerat
1165 1442 1205 1469 eis
1234 1442 1397 1470 audaciam?
1427 1441 1456 1468 In
1480 1449 1534 1476 quo
1559 1441 1726 1468 conlidentes
1748 1446 1839 1468 easent

1047 1487 1200 1515 inscientia:
1222 1495 1294 1520 suat,
1324 1487 1489 1521 rusticitati,
1520 1487 1699 1522 ingenuitati,
1725 1487 1838 1519 divitiis.

1047 1533 1222 1566 multitudini,
1238 1533 1380 1561 duodecim
1405 1534 1439 1561 ad
1460 1533 1609 1561 mundum?
1632 1532 1684 1561 Sed
1706 1533 1836 1568 praedica-

1047 1581 1147 1608 tionem
1165 1580 1223 1614 ejus
1240 1580 1286 1614 qui
1303 1579 1398 1607 allixus
1415 1584 1457 1607 est
1472 1580 1557 1607 cruci.
1579 1578 1668 1614 Ipsum
1686 1580 1772 1607 solum
1790 1587 1838 1606 au-

1047 1627 1111 1653 dere
1126 1626 1203 1654 exire
1224 1627 1257 1653 ad
1282 1626 1423 1659 mundum,
1438 1627 1540 1659 grande
1554 1631 1606 1654 est.
1627 1625 1694 1652 Puta
1711 1626 1762 1653 ista
1779 1627 1837 1654 ausi

1046 1677 1110 1700 sunt
1136 1681 1143 1699 :
1161 1671 1244 1699 Judaei
1266 1673 1401 1707 quomodo
1420 1672 1492 1707 passi
1519 1678 1583 1699 sunt
1609 1681 1663 1700 non
1683 1680 1730 1700 eos
1746 1674 1836 1700 statim

1045 1717 1222 1746 interimere?
1241 1717 1335 1745 Nonne
1350 1718 1437 1752 parati
1453 1722 1517 1745 sunt
1531 1718 1564 1744 ad
1585 1717 1838 1753 interemptionem’

1046 1764 1205 1799 Magistrum
1231 1763 1384 1796 aﬁixerunt,
1411 1764 1457 1798 qui
1483 1771 1536 1790 non
1551 1764 1638 1797 arguit
1654 1771 1701 1791 eos
1726 1764 1838 1792 homici-

1047 1811 1095 1838 das
1111 1819 1118 1837 :
1135 1810 1202 1838 istos
1215 1810 1260 1844 qui
1277 1809 1454 1837 eonvicerunt
1464 1810 1527 1844 quia
1540 1810 1683 1837 homicidae
1693 1814 1769 1841 sunt,
1783 1817 1835 1837 non

1047 1856 1132 1883 multo
1150 1856 1237 1891 magis
1254 1856 1409 1884 debuissent
1426 1855 1599 1883 interimere?
1615 1855 1669 1883 Cur
1680 1856 1837 1892 sanguinem

1046 1903 1171 1939 Magistri
1185 1903 1273 1930 adhuc
1291 1903 1421 1930 habentes
1444 1902 1471 1930 in
1493 1903 1632 1935 manibus,
1645 1903 1784 1937 patiuntur
1797 1901 1838 1936 pi-

1046 1950 1192 1978 scatores?
1216 1954 1244 1977 et
1266 1954 1340 1977 certe
1365 1958 1428 1977 curn
1458 1950 1642 1978 interficerent
1669 1949 1835 1983 Magistrum,

1047 1996 1098 2023 nisi
1120 2000 1246 2030 negasset
1267 1996 1362 2023 Petrus
1382 1996 1480 2023 fuisset
1500 2001 1632 2022 mortuus.
1646 1994 1696 2028 Qui
1710 2002 1776 2029 ergo
1791 2003 1837 2022 νου

1046 2043 1138 2072 lebant
1149 2049 1210 2069 eum
1223 2046 1369 2077 antequam
1395 2047 1547 2069 moreretur
1559 2041 1687 2076 Magister
1701 2041 1836 2074 occidere,

1047 2087 1275 2122 quemadmodum
1291 2095 1351 2115 euttt
1377 2095 1430 2114 non
1443 2087 1570 2114 occidunt
1590 2092 1651 2122 post
1665 2086 1784 2122 Magistri
1800 2088 1838 2114 in-

1048 2134 1257 2162 terfectionem?
1270 2133 1520 2168 quemadmodum?
1537 2140 1597 2167 quae
1612 2138 1654 2160 est
1668 2133 1770 2161 causa?
1790 2133 1836 2160 sed

1047 2181 1192 2208 noluerttnt
1216 2189 1223 2207 :
1250 2184 1276 2208 et
1290 2180 1352 2214 quis
1377 2184 1419 2206 est
1435 2179 1480 2214 qui
1504 2180 1638 2207 convertit
1653 2187 1746 2207 eorum
1764 2187 1837 2207 men-

1048 2227 1122 2254 tem?
1147 2226 1200 2254 Sed
1226 2226 1370 2253 voluerunt
1394 2235 1401 2253 :
1425 2229 1453 2252 et
1477 2227 1538 2260 quis
1564 2230 1605 2253 est
1629 2225 1674 2259 qui
1699 2226 1837 2260 prohibuit

1047 2281 1141 2302 eorum
1153 2272 1319 2308 propositutn
1328 2273 1341 2299 ?
1354 2273 1401 2300 sed
1413 2272 1558 2299 voluerunt
1569 2277 1596 2299 et
1608 2279 1660 2299 non
1675 2276 1834 2306 potuerunt:

207 2323 275 2350 quas
289 2322 341 2342 non
359 2316 518 2343 didicerant.
535 2314 598 2343 Haec
615 2315 756 2351 Scriptura
773 2316 857 2349 dicit;
877 2317 922 2351 qtti
938 2317 994 2344 vult
1011 2328 1033 2355 Ι)
1048 2325 1074 2346 et
1088 2319 1150 2354 quis
1172 2323 1214 2346 est
1231 2319 1275 2354 qui
1295 2319 1433 2353 superavit
1449 2326 1543 2345 eorum
1569 2318 1723 2345 malitiam?
1744 2325 1837 2353 quem-

208 2361 366 2396 interroget.
392 2361 420 2388 Si
444 2370 497 2388 non
513 2366 556 2389 est
577 2362 838 2396 factum,-qnomodo
852 2362 996 2390 audierunt

206 2407 324 2441 gentes?
339 2407 391 2434 Sed
407 2409 551 2435 audierunt
565 2414 671 2444 gentes.
686 2409 758 2442 Ergo
775 2409 846 2443 quod
862 2409 993 2444 scriptum

206 2458 258 2485 est,
277 2453 378 2480 factum
393 2458 445 2480 est.
458 2454 523 2488 Quis
540 2459 582 2482 est
596 2455 642 2489 qui
662 2455 791 2482 donavit?
805 2455 850 2489 qui
868 2461 990 2482 mortuus

208 2503 270 2532 est;
299 2499 447 2533 etquidem
469 2498 617 2535 antequam
636 2506 785 2536 pateretur,
810 2509 862 2528 non
886 2501 996 2528 donavit

209 2545 338 2579 linguam.
353 2545 428 2579 Quod
445 2548 509 2580 ergo
524 2554 575 2574 non
593 2547 705 2574 donavit
729 2548 874 2583 antequam
890 2553 996 2582 patere-

209 2595 262 2623 tur,
280 2592 508 2626 qucmadmmluut
533 2593 615 2620 donat
638 2600 770 2627 mortuus,
794 2595 844 2621 nisi
863 2595 926 2629 quia
952 2602 995 2621 re-

207 2637 348 2664 surrexit?
371 2638 425 2666 Sed
450 2647 501 2666 non
528 2640 647 2670 donavit,
676 2648 723 2667 nec
752 2649 814 2667 vera
839 2640 901 2668 dicit
920 2640 993 2668 Scri-

209 2691 297 2718 ptura.
310 2686 449 2718 Quomodo
464 2688 521 2714 ausi
531 2693 591 2713 sunt
611 2689 724 2722 apostoli
738 2690 812 2716 exire
829 2690 862 2715 ad
879 2689 994 2724 gentes?

243 2753 267 2768 "
283 2752 371 2781 Judic.
388 2763 437 2785 xu,
453 2755 480 2783 6.
525 2756 549 2771 ⁸³
561 2757 620 2783 Act.
636 2764 665 2788 tt,
685 2758 709 2784 l.

317 2830 366 2868 Ms.
384 2831 513 2859 Nalurale
525 2840 562 2860 est
577 2836 684 2868 lingua’.

206 2900 219 2927 1
246 2866 303 2907 (ὃρ)
321 2865 370 2893 Ms.
388 2868 543 2900 Qutntdum,
563 2865 639 2904 quem
661 2878 711 2896 non
728 2874 848 2904 poterant
872 2876 939 2898 recte
956 2870 994 2897 ita

220 2910 291 2936 oqm.
391 2935 394 2936 ν

325 2937 366 2964 Ea:
380 2935 493 2964 Jltdrt’is.
508 2937 589 2964 Forte
603 2944 627 2968 et
638 2939 751 2966 Jutlaris.

246 2974 302 3006 (87)
318 2971 458 3000 Suscitarit
477 2981 531 3000 nos.
549 2974 676 3002 Fortasse
699 2975 799 3002 diccbat
828 2976 888 3004 auia
911 2976 991 3004 susci-

1049 2366 1195 2393 admodum
1208 2365 1327 2400 superati
1343 2365 1423 2392 sunt?
1434 2364 1456 2392 si
1472 2372 1524 2391 non
1538 2368 1580 2391 est
1597 2363 1668 2391 facta
1683 2365 1835 2396 admiratio,

1049 2411 1186 2446 quomodo
1205 2412 1317 2438 vincunt
1329 2410 1497 2445 piscatores?
1518 2410 1587 2438 Ecce
1611 2410 1662 2437 alia
1681 2410 1834 2442 admiratio,

1047 2459 1068 2485 si
1086 2458 1157 2485 nulla
1169 2457 1348 2484 admiratione
1363 2457 1484 2484 vincunt.
1505 2457 1537 2483 Et
1553 2461 1626 2484 certe
1643 2456 1734 2483 volunt
1751 2455 1835 2482 Judaei

1047 2504 1181 2534 occidere,
1201 2507 1228 2530 et
1240 2503 1366 2530 concedit
1381 2503 1509 2530 Dominus
1518 2502 1558 2530 eis
1574 2507 1603 2530 ut
1614 2502 1748 2530 occidant.
1763 2501 1834 2529 Mar-

1048 2549 1146 2584 tyrium
1164 2549 1254 2584 itaque
1272 2549 1332 2576 tulit
1356 2549 1521 2583 Stephanus.
1537 2548 1677 2582 Quontodo
1692 2556 1756 2584 ergo
1774 2548 1834 2576 Ste-

1049 2596 1156 2629 phanus
1171 2595 1280 2630 quidem
1298 2595 1331 2621 ab
1353 2595 1412 2621 istis
1431 2595 1580 2621 Occiditur?
1601 2593 1671 2621 Utile
1688 2595 1760 2620 enim
1775 2597 1834 2620 erat

1047 2642 1106 2674 ejus
1121 2642 1293 2677 martyrium,
1310 2646 1338 2668 ιιι
1351 2641 1507 2668 tirmaretur
1521 2649 1569 2676 per
1586 2646 1697 2668 mortem
1715 2647 1833 2667 resurre-

1047 2690 1101 2715 ctio
1116 2698 1123 2715 :
1139 2693 1166 2715 et
1186 2690 1278 2715 caeteri
1296 2695 1348 2715 non
1365 2688 1545 2716 occiduntur?
1563 2687 1615 2716 Sed
1639 2687 1723 2715 uoluit
1742 2686 1832 2716 lsrael.

1048 2836 1112 2862 tabi!
1130 2844 1187 2863 non.

1086 2871 1143 2905 (83)
1160 2871 1208 2899 Ms.
1227 2871 1321 2898 Dicere
1333 2880 1363 2898 ea
1379 2879 1439 2905 qua:
1454 2871 1574 2898 dicebant
1590 2870 1688 2898 Iuda’t‘.

1086 2905 1142 2941 (89)
1157 2905 1206 2935 Ms.
1223 2907 1316 2941 Argei!
1330 2915 1388 2932 eum
1405 2907 1619 2939 experimentum.

1083 2941 1140 2977 (90)
1164 2941 1287 2976 Jurgare.
1303 2941 1383 2971 Forte
1400 2941 1499 2982 iurare.
