2024 3208
182 226 252 254 1109

715 229 759 256 DE
786 229 1088 258 RESURRECTIONE.
1107 247 1140 252 —
1159 231 1222 258 ΜΒ.
1242 231 1273 259 ll.

1731 238 1797 264 “Nl

180 282 322 315 Quomodo
338 282 394 309 vult
411 282 597 318 Stephanum?
610 284 646 312 De
666 285 717 313 hoc
735 288 858 314 concedit
879 287 969 314 Domi-
983 290 1006 318 Α
1021 288 1137 314 datorum
1157 288 1277 323 primarii
1295 287 1453 325 Synagogae,
1470 294 1517 318 aut
1530 292 1706 320 transferrent
1720 295 1797 321 corda

181 335 231 354 nus
249 335 256 353 :
272 325 368 354 sufﬁcit
390 328 440 356 hoc
462 329 495 356 ad
510 329 659 357 victoriam.
689 332 828 364 Quomodo
845 332 967 360 concedit

181 372 361 407 Stephanum,
377 377 404 400 et
418 381 471 401 non
487 375 611 402 concedit
632 379 659 402 et
683 376 768 404 alios?
782 377 816 404 Ut
838 384 967 413 agnosce-

181 423 256 446 retur
270 419 334 454 qttia
360 425 464 447 mortua
489 426 531 448 est
552 429 634 455 mors,
653 427 679 450 et
695 424 756 457 quia
781 430 829 458 per
853 428 966 451 mortem

181 464 306 492 ﬁrmatur
321 466 498 498 resurrectio;
516 471 544 494 ut
562 473 755 502 agnosceretur
768 469 829 504 quia
843 469 909 496 vivit
922 469 966 502 qui

181 510 311 538 viviﬁcat.
327 510 426 538 Volunt
440 511 524 539 Judaei
541 517 569 540 et
592 521 642 541 non
661 519 783 548 possmtt.
804 515 912 549 Moysen
926 515 966 542 fa-

183 555 298 583 cientem
314 557 389 592 signa
405 558 489 585 voluit
515 557 596 586 Israel
619 560 751 594 lapidare,
774 564 803 587 et
824 561 968 595 prophetas

183 600 351 633 occiderunt,
370 605 397 628 et
418 601 468 629 hoc
490 603 525 630 ita
544 604 704 638 prohibente
718 604 785 639 lege.
802 604 966 636 Piscatores.

183 650 329 680 arguentes
346 653 393 673 eos
411 651 437 674 et
450 647 625 682 praedicantes
639 647 815 682 Cruciﬁxutn,
831 656 883 676 non
894 649 967 676 occi-

184 692 305 719 derunt:
325 691 467 725 Lazarum,
483 694 546 728 quia
570 695 719 721 resurrexit
743 702 758 722 a
784 696 907 727 mortuis,
918 703 967 723 vo-

184 736 292 764 luerunt
312 737 447 770 occidere,
473 743 502 765 ut
526 738 723 766 mortiﬁcarent
742 739 966 772 admirationem;

185 785 211 808 et
225 789 271 809 eos
286 782 332 816 qui
352 782 498 814 praedicant
516 783 739 811 resurrectionem
755 783 829 810 afﬁxi
845 784 917 811 cruci
935 783 969 810 ab

184 827 260 862 ipsis,
289 834 342 854 non
362 827 530 855 occiderunt.
556 827 608 856 Sed
632 833 694 863 puta
719 829 781 863 quia
803 828 888 856 Judaei
905 829 967 856 victi

184 876 257 900 sunt.
280 872 472 908 Cogitaverunt
498 877 587 900 autent
615 874 761 909 piscatores
783 874 816 902 ad
839 874 967 902 mundum

185 919 270 948 exire.
285 919 307 946 si
326 918 449 946 homines
463 919 496 946 ad
515 919 646 947 terminos
670 919 762 947 mundi
786 919 844 947 sine
859 919 966 953 litteris,

185 965 218 991 ad
231 965 352 991 eruditos
368 964 498 998 imperiti,
512 965 642 998 ignobiles
657 965 690 991 ad
707 965 852 999 ingenuos;
868 965 967 1000 cogita-
983 962 1003 990 Β

185 1015 281 1038 verunt
296 1015 323 1038 et
338 1014 413 1038 tanto
433 1011 602 1038 donaverunt
618 1010 674 1045 (91)
700 1009 828 1045 Magistro
850 1015 967 1042 mortuo,

185 1065 246 1084 cum
264 1064 318 1091 quo
332 1061 360 1083 et
376 1056 452 1084 fuere
471 1067 477 1083 :
506 1061 569 1091 puta
598 1056 661 1090 quia
694 1056 743 1090 ipsi
771 1056 967 1090 cogitaverunt,

186 1107 249 1138 puta
266 1103 328 1137 quia
345 1103 431 1130 victus
444 1108 506 1129 est:
522 1102 657 1137 quomodo
673 1106 767 1135 gentes
780 1106 968 1135 susceperuttt,

186 1153 213 1176 et
238 1153 332 1184 gentes
358 1148 501 1183 discipulos
529 1147 689 1175 audiebant?
720 1146 778 1174 Non
805 1147 969 1174 consuetudo

186 1200 246 1223 erat
263 1199 352 1226 vetus,
380 1203 434 1222 non
459 1194 601 1222 simulacra
628 1194 768 1226 adornata,
796 1201 848 1220 non
873 1192 969 1228 templa

188 1241 307 1273 excelsa,
324 1249 375 1268 tton
400 1241 519 1268 sacraria
545 1248 606 1275 qua:
631 1240 715 1267 multo
741 1244 882 1267 tenuerant
901 1245 971 1266 tem-

187 1295 263 1322 pore,
291 1295 343 1315 non
359 1295 454 1314 versus
470 1287 623 1321 compositi,
649 1293 701 1313 non
717 1286 841 1320 superbia
866 1285 972 1320 sapien-

187 1334 266 1366 tium,
285 1341 336 1361 non
355 1333 500 1360 multitudo
515 1337 664 1368 poetarum,
684 1340 737 1359 non
753 1331 876 1359 remissio
892 1331 971 1358 feria-

188 1388 259 1412 rum,
278 1387 332 1408 non
351 1379 462 1407 traditio
476 1383 631 1414 parentum,
652 1386 706 1405 nott
731 1377 862 1404 mirabilia
884 1376 926 1404 illa
945 1377 970 1404 in

191 1427 348 1459 ambitione,
363 1433 422 1462 qum
437 1433 486 1460 per
505 1430 578 1453 artes
597 1429 623 1453 et
640 1425 780 1452 machinas
794 1428 821 1451 et
840 1423 973 1458 composi-

190 1474 278 1501 tiones
302 1478 392 1500 vatum
419 1473 477 1500 ﬁeri
507 1470 723 1499 consueverant?
748 1470 888 1504 Quomodo
913 1469 971 1497 ausi

192 1523 256 1546 sunt
273 1519 421 1553 piscatores
442 1525 475 1545 ne
491 1518 599 1552 quidem
621 1525 703 1552 panes
718 1521 854 1552 portantes
870 1515 972 1550 ingredi

193 1565 301 1592 domum
316 1563 448 1600 alicujus?
462 1565 495 1592 ad
513 1571 593 1599 quam
616 1561 822 1598 cognationem?
844 1561 877 1588 ad
892 1567 972 1595 quam

191 1611 307 1638 similem
334 1610 472 1645 linguam?
494 1611 527 1637 ad
554 1617 633 1644 quam
651 1609 788 1636 civitatem
812 1612 840 1634 et
865 1607 972 1634 domum

192 1657 405 1693 agnoscentum?
425 1657 477 1684 Sed
498 1656 651 1691 praedicatio
666 1662 725 1682 erat
739 1655 862 1682 honesta.
882 1653 975 1681 Cruci-

192 1704 262 1731 ﬂxus
278 1703 488 1738 pratdicabatur,
504 1707 530 1730 et
546 1702 590 1736 qui
605 1701 789 1736 prtedicabant
806 1700 935 1732 humiles,
948 1703 975 1726 et

192 1749 291 1784 quibus
311 1749 511 1784 praedicabatur
530 1747 658 1783 praeventi
683 1751 771 1775 erant.
789 1747 864 1774 Nunc
880 1753 975 1773 ascen-

192 1797 239 1824 dat
266 1796 326 1830 quis
349 1794 382 1821 ad
403 1794 544 1829 templum,
569 1793 641 1821 dicat
656 1793 727 1828 quod
749 1800 840 1820 verum
856 1796 898 1819 est
914 1791 976 1826 quia

192 1850 245 1869 non
268 1845 331 1868 sunt
353 1841 389 1867 dii
408 1839 510 1873 lapides
527 1848 534 1866 :
554 1839 576 1866 si
592 1839 709 1874 potuerit
735 1838 906 1865 dinumerare
928 1843 976 1864 eos

193 1887 240 1922 qui
257 1887 399 1914 adversum
422 1893 451 1912 se
468 1885 611 1919 iaciuntur.
634 1885 662 1912 Si
687 1890 775 1912 autem
792 1891 881 1918 reges,
898 1889 977 1910 exer-

194 1934 263 1961 citus
277 1938 305 1960 et
323 1932 396 1967 leges
414 1939 462 1966 pro
483 1931 614 1965 religione
630 1935 704 1963 sunt,
719 1934 746 1957 et
758 1929 899 1956 multitudo
913 1929 978 1956 fide-

194 1979 270 2011 lium,
284 1982 364 2005 tantae
380 1977 458 2004 mina:
476 1977 618 2005 adversum
631 1984 678 2004 eos
691 1977 736 2012 qui
752 1977 809 2004 haec
825 1984 876 2003 non
892 1975 978 2003 susci-

195 2026 281 2060 piunt,
302 2024 389 2052 ttullus
404 2031 487 2051 ausus
504 2028 546 2051 est
564 2031 571 2050 :
600 2029 626 2050 et
649 2023 673 2050 si
700 2023 782 2050 fuerit
809 2030 903 2054 attsus,
925 2029 978 2049 non

195 2073 277 2100 vivet.
309 2072 337 2099 Si
365 2072 473 2103 dixerit,
501 2071 544 2098 isti
574 2071 609 2098 dii
643 2078 695 2098 non
717 2075 779 2098 sunt
800 2070 847 2101 dii,
879 2069 927 2096 sed
956 2068 979 2096 si

197 2128 268 2148 nunc
282 2120 338 2155 (92)
353 2119 388 2146 ita
408 2123 588 2153 repetentem,
604 2119 664 2145 vide
679 2126 738 2153 quae
750 2121 808 2145 erat
823 2117 908 2144 virtus
923 2116 981 2143 sine

197 2167 238 2194 ltis
251 2166 307 2202 (95)
324 2165 369 2200 qui
388 2165 539 2192 circuihant
562 2165 689 2191 mundum
715 2173 722 2191 :
749 2168 776 2190 et
799 2163 891 2190 dicunt
917 2163 980 2197 quia

197 2214 249 2241 ista
264 2221 316 2240 non
340 2217 401 2240 sunt
417 2220 476 2247 qum
491 2215 632 2247 apparent,
650 2218 737 2245 neque
764 2210 815 2237 ista
842 2213 979 2243 putatttur,

198 2266 285 2295 neque
311 2259 354 2287 illa
370 2266 430 2295 qua:
452 2258 586 2294 sapientes
602 2258 694 2285 dicuttt
721 2260 767 2284 aut
782 2261 866 2291 poeta:
879 2254 981 2282 conﬁn-

987 1628 1008 1657 (Ξ

1017 340 1064 360 sua
1080 333 1184 368 lapidea
1207 334 1240 361 ad
1266 335 1356 367 ﬁdem,
1373 340 1419 362 aut
1432 340 1553 365 tacentes
1577 338 1669 372 utique
1683 338 1796 366 confun-

1017 380 1154 408 derentur.
1171 381 1330 408 Scribantur
1347 381 1405 408 ista:
1425 382 1566 410 suasioncs
1582 383 1607 409 in
1632 383 1796 418 uniuscujus-

1017 434 1068 461 que
1096 428 1186 461 corde,
1211 436 1263 455 non
1284 432 1457 456 atramento:
1478 437 1530 457 non
1548 431 1620 456 enim
1647 434 1798 458 atramento

1017 478 1079 500 sunt
1094 474 1173 509 digna
1196 482 1203 500 :
1228 474 1249 501 si
1267 474 1330 509 quid
1356 480 1444 501 autem
1467 483 1528 502 cutn
1545 475 1568 502 vi
1594 476 1722 510 loquitur,
1745 476 1798 504 noli

1017 520 1072 554 pati
1093 520 1250 547 mentientes
1261 520 1316 556 (95)
1334 529 1340 548 :
1357 525 1383 548 et
1398 521 1418 548 si
1434 521 1565 549 donamus
1585 522 1684 556 aliquid
1698 529 1799 550 sermo-

1018 564 1056 597 ni,
1083 565 1166 592 nolite
1190 565 1292 593 seduci.
1321 565 1348 593 Si
1373 571 1461 594 autcm
1485 567 1541 594 sole
1561 567 1674 595 clariora
1693 569 1799 603 negotia

1018 616 1090 644 sunt,
1115 611 1198 640 nolite
1225 612 1281 647 fieri
1307 612 1381 639 caeci.
1407 613 1500 641 Videte
1518 613 1658 641 Dominum
1673 613 1763 641 Jesutn
1783 622 1798 641 a

1018 658 1131 685 mortuis
1144 663 1340 693 resurgentem.
1355 659 1451 686 Videte
1465 667 1525 686 eum
1544 660 1576 686 ad
1592 660 1730 687 dexteram
1749 659 1800 686 Pa-

1019 704 1068 730 tris
1086 711 1144 731 cum
1161 704 1246 739 gloria
1267 704 1416 732 sedentem.
1433 705 1533 739 Quibus
1547 706 1632 733 oculis
1643 706 1654 732 ?
1666 706 1801 740 apostolo-

1019 756 1077 775 rum
1098 749 1196 784 quippe
1212 749 1317 776 illorum
1338 750 1446 783 virtute,
1461 751 1567 778 illorum
1586 751 1708 779 scientia.
1726 751 1799 784 Quo-

1019 794 1098 821 modo
1113 795 1229 830 suscepti
1254 796 1333 823 sunt?
1346 797 1478 831 quomodo
1498 797 1628 824 creditum
1651 797 1712 825 est?
1732 805 1801 832 quo—

1020 841 1098 868 modo
1109 841 1245 869 destructa
1262 845 1325 869 sunt
1347 842 1475 870 veterna?
1494 843 1628 877 quomodo
1650 842 1800 870 introducta

1019 893 1079 921 qua:
1098 887 1124 914 in
1143 888 1331 922 praedicatione
1353 893 1432 915 erant
1448 893 1575 923 tanquam
1592 888 1750 916 inhonesta?
1768 888 1802 915 Et

1020 937 1092 960 eerte
1107 935 1190 961 multa
1217 938 1294 961 erant
1309 934 1586 970 impedimenta-apud
1607 943 1670 966 eos:
1688 941 1802 962 consue-

1019 978 1083 1004 tudo
1094 986 1152 1013 qua:
1163 980 1305 1013 putabatur
1316 984 1403 1012 vetus,
1416 980 1556 1016 imperium
1569 981 1797 1013 adversariorum,

1020 1025 1143 1052 remissio
1160 1024 1337 1058 feriarum,et
1353 1034 1383 1054 ea
1402 1035 1462 1062 quae
1474 1027 1655 1063 particulatim
1673 1027 1800 1062 praedicta

1019 1076 1080 1097 sunt
1094 1079 1100 1098 :
1114 1071 1147 1098 ah
1164 1079 1196 1098 eo
1213 1077 1303 1099 autem
1324 1073 1370 1107 qui
1386 1073 1583 1108 praedicabatur
1596 1082 1673 1106 crux,
1687 1078 1714 1101 et
1730 1075 1801 1109 quod

1020 1117 1093 1144 ineo
1108 1122 1166 1144 erat
1193 1117 1351 1146 incredibile
1376 1124 1403 1147 et
1427 1120 1488 1147 sine
1508 1120 1619 1148 honore.
1643 1120 1800 1148 Praeconunt

1020 1168 1109 1190 autem
1119 1162 1247 1197 abjectio.
1264 1165 1430 1198 ignobilitas,
1447 1166 1518 1193 nulla
1535 1166 1669 1198 doctrina,
1683 1171 1801 1201 egestas,

1021 1215 1149 1235 numerus
1164 1216 1272 1243 parvus.
1289 1210 1330 1237 Ab
1344 1210 1402 1245 ipsa
1422 1217 1511 1238 autem
1529 1211 1720 1246 praedicatione
1733 1211 1803 1246 jeju-

1021 1253 1095 1280 nium
1117 1261 1166 1288 pro
1182 1255 1324 1287 ebrietate,
1340 1256 1469 1290 pudicitia
1494 1264 1543 1292 pro
1563 1257 1682 1288 libidine,
1701 1257 1804 1283 donare

1022 1306 1069 1327 sua
1087 1307 1167 1335 quam
1192 1309 1298 1336 rapere.
1322 1302 1350 1329 Si
1369 1303 1451 1338 igitur
1476 1304 1521 1338 qui
1543 1303 1742 1338 pra-dicabatur
1763 1303 1805 1329 itt-

1021 1346 1206 1374 credulitatem
1238 1347 1356 1375 habebat
1390 1353 1500 1383 propter
1530 1349 1714 1383 impotentiam
1745 1355 1805 1383 quze

1022 1392 1166 1426 putabatur
1178 1393 1277 1426 crucis,
1299 1398 1326 1420 et
1346 1393 1391 1427 qui
1408 1394 1592 1428 praedicabant
1606 1395 1696 1421 omnia
1713 1395 1804 1421 incre-

1022 1438 1130 1472 dibilia;
1147 1439 1213 1466 adde
1235 1444 1324 1467 autem
1341 1444 1369 1467 et
1379 1441 1594 1475 persecutionem
1611 1441 1728 1476 ipsorum
1742 1449 1804 1468 cum

1023 1483 1192 1517 vapularent,
1212 1492 1272 1513 cum
1299 1484 1410 1519 injurias
1438 1486 1612 1519 sustinerent,
1632 1493 1692 1513 cum
1720 1486 1807 1514 reclu-

1024 1527 1150 1555 dcretttur
1174 1534 1202 1556 et
1226 1528 1460 1562 interﬁcerentur;
1494 1530 1516 1557 si
1538 1531 1583 1565 qui
1609 1531 1807 1565 prazdicabatur

1024 1573 1182 1601 interfectus
1202 1578 1253 1607 est,
1269 1574 1314 1609 qui
1331 1575 1477 1609 praedicant
1492 1575 1701 1608 interﬁciuntur,
1713 1581 1740 1603 et
1757 1576 1805 1610 qui

1025 1619 1140 1647 credunt
1162 1620 1376 1654 persecutionem
1402 1621 1545 1647 sustinent.
1571 1621 1648 1648 Unde
1665 1621 1806 1649 creditur?

1025 1664 1058 1690 ab
1073 1664 1147 1698 ipso.
1166 1672 1180 1690 a
1196 1664 1252 1691 suis
1267 1665 1507 1705 praedicatoribus?
1522 1665 1556 1692 ab
1566 1666 1608 1692 his
1621 1666 1664 1699 qui
1681 1673 1807 1700 suscepe-

1025 1710 1108 1737 runt?
1121 1709 1174 1738 Sed
1189 1717 1221 1737 ex
1241 1710 1435 1738 consuetudine
1456 1718 1515 1745 quae
1528 1712 1663 1738 contraria
1680 1719 1805 1746 suggere-

1026 1755 1091 1782 bat?
1104 1756 1150 1783 sed
1163 1757 1197 1783 ab
1213 1757 1363 1784 acerbitate
1379 1757 1579 1791 praedicationis
1595 1757 1636 1785 cui
1650 1756 1807 1784 adversaba-

1027 1805 1070 1828 tur
1087 1801 1195 1836 requies
1207 1809 1266 1837 qua?
1279 1802 1304 1828 in
1323 1800 1411 1829 Veteri
1434 1807 1493 1829 erat
1510 1801 1683 1829 Testamento
1696 1803 1807 1837 permis-

1026 1854 1056 1874 sa
1073 1847 1147 1883 (96)?
1160 1848 1206 1875 sed
1222 1856 1237 1874 a
1250 1848 1494 1882 promissionibus?
1509 1849 1629 1875 Mortuus
1640 1853 1692 1880 est,
1709 1848 1806 1882 inquit,

1026 1893 1147 1928 quidam,
1163 1897 1191 1921 et
1214 1894 1360 1922 resurrexit
1370 1894 1530 1929 aliquando;
1547 1899 1574 1921 et
1587 1893 1736 1928 persecutio
1749 1893 1808 1928 qui-

1027 1939 1087 1966 dem
1110 1940 1214 1973 aderat,
1240 1939 1434 1974 promissiones
1456 1945 1545 1967 autem
1561 1940 1727 1967 dicebantur.
1754 1938 1807 1966 Sed

1028 1989 1106 2017 putas
1130 1989 1313 2018 provenerunt
1338 1984 1398 2017 ista,
1420 1988 1447 2011 et
1463 1989 1606 2012 suaserunt
1629 1984 1763 2018 discipuli,
1782 1989 1808 2011 et

1029 2029 1176 2056 translatus
1189 2033 1231 2057 est
1246 2030 1372 2063 ntttndus,
1393 2034 1419 2057 et
1434 2029 1518 2058 Judaei
1534 2029 1694 2057 cessarunt?
1709 2029 1809 2064 lmpos.

1029 2073 1117 2100 sibilia
1140 2074 1210 2101 facta
1227 2079 1290 2100 snttt
1310 2073 1461 2108 possibilia,
1477 2079 1503 2101 et
1526 2075 1622 2101 iterum
1638 2074 1766 2101 silentio:
1784 2079 1809 2101 et

1029 2119 1052 2146 si
1070 2119 1180 2146 fortuitu
1204 2119 1269 2155 (97).
1287 2119 1314 2147 Si
1341 2125 1430 2147 autem
1453 2121 1577 2155 praedixit
1602 2128 1634 2147 ea
1656 2119 1736 2147 Jesus
1749 2125 1812 2147 ante

1029 2172 1148 2197 crucem,
1164 2166 1278 2200 perfecit
1297 2171 1385 2193 autent
1406 2171 1466 2201 post
1483 2174 1602 2197 crucem.
1619 2166 1684 2201 quid
1702 2174 1753 2193 non
1770 2166 1811 2191 vi-

1030 2211 1125 2253 demus
1141 2211 1173 2238 ad
1199 2211 1294 2244 solem,
1319 2211 1362 2239 ttbi
1382 2218 1408 2238 et
1434 2212 1575 2247 praedixit?
1598 2211 1646 2239 Ubi
1663 2213 1733 2238 enim
1759 2219 1811 2239 nott

1031 2255 1173 2290 praedixit?
1188 2256 1215 2283 Si
1238 2257 1299 2290 quis
1322 2261 1410 2283 autem
1427 2262 1563 2284 scrutatus
1581 2257 1661 2284 fuerit
1681 2256 1739 2291 ejus
1753 2264 1813 2284 scr-

198 2311 263 2342 gunt
287 2311 314 2334 et
335 2313 394 2340 quae
410 2306 566 2340 loquuntur.
586 2304 752 2331 Mentiuntur
768 2302 886 2330 sacraria
902 2309 910 2328 :
927 2308 978 2327 non
995 2303 1017 2331 Ι)
1034 2309 1136 2334 mones,
1150 2309 1203 2330 non
1223 2307 1265 2330 est
1289 2304 1346 2336 ejus
1370 2310 1469 2333 sermo.
1485 2304 1511 2330 in
1526 2310 1579 2337 qtto
1597 2310 1648 2330 non
1665 2308 1705 2330 est
1722 2303 1813 2330 statim

198 2361 262 2381 vera
290 2353 416 2380 dicuntur
437 2350 652 2378 vaticinationes.
673 2348 825 2377 Prtemissio
849 2347 905 2382 (94)
921 2346 979 2380 ipsa

199 2406 299 2427 nocens
313 2405 340 2426 et
355 2406 399 2425 ars
421 2398 530 2425 mentita
546 2402 597 2425 est.
611 2395 720 2430 Templa
741 2394 809 2421 male
824 2397 978 2421 constructa

199 2449 272 2477 sunt,
284 2444 402 2471 recedite
414 2451 428 2470 a
450 2443 569 2478 paternis
583 2447 611 2470 et
632 2442 732 2469 credite
752 2440 896 2468 Crucitixo.
913 2438 978 2471 Quis

200 2495 278 2525 putas
293 2490 329 2517 ita
353 2490 488 2525 laptdcum
503 2489 584 2516 habet
598 2488 663 2515 cor?
678 2488 733 2518 Ego
755 2491 818 2522 puto
833 2486 894 2520 quia
915 2489 942 2511 ct
956 2485 979 2511 si

201 2536 339 2572 gentilium
355 2537 474 2571 ipsorum
493 2534 600 2570 quidem
620 2534 743 2561 adessent
757 2533 869 2567 priores,
886 2536 912 2558 et
931 2530 979 2557 ιιι-

235 2606 259 2623 ι*
269 2588 364 2633 naut.
378 2614 416 2638 IV,
428 2606 471 2634 t9.

239 2676 294 2711 (91)
315 2675 400 2703 Tanto
411 2674 586 2711 donaverunt,
594 2672 728 2711 lf‘orte,_f§t
741 2677 812 2698 tanta
823 2671 982 2711 donapernnt

203 2706 349 2746 magistro;
364 2716 393 2737 ut
404 2717 483 2744 supra
498 2709 549 2737 col.
560 2708 628 2736 H06
640 2707 670 2741 Β,
684 2706 777 2734 Petrus
788 2707 875 2734 omnia
883 2707 984 2732 donans

201 2748 337 2774 maaiuro.

238 2755 366 2816 (ἓὲςηὲεά
380 2780 413 2816 air
423 2786 502 2816 nunc,
522 2777 657 2809 Fortasse.
675 2778 720 2816 sed
741 2777 764 2804 si
777 2784 847 2816 nunc
860 2776 899 2802 ita
912 2784 986 2810 repe-

206 2812 266 2843 tat!
280 2812 305 2842 id
316 2815 433 2849 estquid
451 2814 473 2840 si
494 2814 546 2840 ista
558 2820 610 2840 non
628 2812 722 2846 semel,
736 2813 782 2840 sed
799 2812 896 2838 iterum
916 2816 985 2846 apud

204 2858 322 2886 paganos
334 2849 447 2876 dixerit?

242 2881 296 2921 (93)
317 2885 381 2918 Qua:
396 2889 451 2911 erat
464 2883 545 2921 uirtus
558 2882 677 2921 sine__his.
691 2881 771 2910 Fortc
785 2889 842 2917 qua:
855 2885 911 2908 erat
930 2881 984 2908 vir-

206 2917 351 2951 ttts'in'his,
366 2926 462 2951 nempe
478 2918 503 2944 in
520 2917 655 2952 apostolis.

242 2955 296 2987 (94)
318 2953 476 2981 Prwmissio.
495 2953 573 2980 Forte
590 2955 736 2987 promissio.

1032 2353 1058 2376 et
1070 2349 1236 2383 praedicatio.
1250 2349 1401 2377 Piscatores
1416 2349 1487 2377 enim
1503 2349 1655 2376 nominavit
1669 2349 1814 2383 discipulos

1031 2402 1094 2422 suos
1111 2403 1118 2421 :
1139 2395 1165 2422 in
1189 2403 1222 2422 eo
1247 2395 1310 2422 dum
1328 2401 1438 2422 voearet
1456 2395 1612 2428 piscatores.
1637 2395 1812 2429 piscationem

1032 2440 1202 2467 annuntiavit
1232 2440 1319 2474 Ipsum
1335 2439 1406 2466 enim
1431 2446 1539 2472 nomen,
1558 2438 1755 2473 praedicationis
1774 2443 1815 2465 est

1033 2486 1207 2520 nuncupatio.
1232 2485 1344 2513 Vocavit
1369 2492 1416 2512 eos
1444 2485 1591 2520 piscatores
1616 2485 1754 2512 hominum
1780 2485 1814 2511 ad

1032 2531 1145 2559 salutem
1159 2531 1192 2558 ⁸⁸.
1209 2531 1307 2558 Piscati
1321 2536 1385 2558 sunt
1399 2537 1500 2558 autem.
1514 2530 1543 2557 Si
1558 2539 1609 2558 tton
1626 2535 1688 2558 sunt
1706 2530 1813 2565 piscati,

1074 2669 1128 2704 (95)
1150 2668 1198 2704 Ms.
1213 2667 1370 2704 Nolileﬂpali
1384 2667 1544 2704 mentientes.

1073 2702 1127 2739 (96)
1151 2702 1290 2739 germina.
1305 2702 1534 2739 Forte‘promiuu.

1073 2735 1184 2774 (97)'El
1198 2739 1293 2774 iterant
1307 2737 1410 2774 silentio
1428 2741 1478 2774 iet
1500 2737 1522 2762 si
1535 2735 1655 2774 fortuitu.
1673 2735 1814 2774 Sententia

1038 2770 1145 2802 videtur
1159 2780 1218 2800 esse
1236 2782 1242 2799 :
1257 2773 1289 2799 Et
1307 2772 1404 2798 iterum
1418 2772 1502 2802 dices,
1512 2772 1573 2804 quid
1588 2771 1610 2796 si
1623 2770 1679 2797 luce
1693 2770 1812 2802 silentio,

1039 2810 1066 2837 id
1082 2813 1123 2836 est
1137 2808 1205 2835 clam
1221 2812 1247 2834 et
1264 2807 1379 2834 ohscurc
1399 2811 1504 2840 peracta
1525 2805 1603 2832 sunt?
1615 2805 1679 2839 quid
1695 2805 1716 2832 si
1730 2806 1813 2832 etiam

1041 2844 1151 2872 fortuito
1168 2847 1194 2870 et
1213 2847 1311 2869 temere
1333 2840 1520 2875 contigerunt?
1542 2840 1705 2874 Respondet,
1726 2847 1814 2873 tthne

1036 2880 1104 2906 ciant
1120 2885 1180 2905 esse
1195 2882 1314 2911 peracta,
1339 2877 1400 2910 quia
1414 2876 1446 2902 ad
1459 2875 1554 2906 solem,
1572 2875 1596 2902 id
1621 2880 1664 2911 est
1685 2875 1771 2911 palam
1787 2879 1815 2901 et

1037 2918 1126 2948 aperte
1142 2908 1215 2947 gesta
1230 2917 1306 2948 sunt;
1322 2908 1408 2945 néque
1435 2910 1553 2943 fortuito,
1571 2910 1632 2944 quia
1659 2909 1714 2936 haec
1735 2908 1814 2936 .lesus

1036 2947 1118 2976 multo
1132 2952 1194 2975 ante
1207 2947 1377 2978 praedixerat.
1492 2947 1501 2956 ‘
