2024 3208
204 211 266 238 Mil

536 209 671 238 EUSEBll
691 209 930 239 CAESAHIEN'SIS
949 212 1024 239 OPP.
1045 212 1134 240 PARS
1154 212 1197 241 IV.
1217 228 1251 233 —
1271 211 1482 240 DOGMATICA.

1753 210 1816 237 illi

202 267 330 295 mentitus
342 271 384 295 est
395 271 421 294 et
437 271 569 294 mortuus.
586 267 614 294 Si
628 272 718 294 autem
732 271 758 294 et
776 267 901 295 absentes
913 276 983 295 nunc
998 272 1021 300 Α
1036 271 1228 303 ριίτιίὶειιὸἱιιιν
1240 275 1264 296 ει
1285 270 1332 296 hoc
1352 270 1422 301 quod
1437 268 1496 302 fecit
1508 269 1560 294 ista
1577 267 1610 294 ".
1627 266 1659 293 Et
1673 273 1754 301 parv:
1770 265 1811 291 illa

202 321 286 348 usque
299 313 437 347 piscantur
454 313 587 344 homines,
599 320 686 340 nonne
707 318 817 347 apparet
830 314 892 348 quia
909 314 984 341 adest

202 359 247 394 qui
271 359 344 386 misit
361 359 510 393 piscatores
530 358 562 385 ad
586 358 767 393 piscantium?
792 358 825 386 Et
849 367 910 386 cum
932 360 986 388 sint

202 407 337 438 absentes,
355 406 426 433 sales
442 412 489 433 eos
505 405 650 440 appellavit
662 405 696 434 ⁸⁷.
719 406 747 432 Si
766 414 818 433 non
833 410 987 434 statuerunt

202 455 322 480 nostram
346 451 532 486 putredinem,
555 451 578 477 si
611 459 663 478 non
687 451 858 478 delcrscrunt
881 457 987 478 nostras

202 499 306 531 sordes,
322 497 344 524 si
361 504 412 524 non
435 496 649 524 emundavernnt
663 502 770 524 nostras
789 497 946 531 spurcitias,
964 497 986 524 si

203 552 256 570 non
272 544 442 571 immiserunt
463 542 488 569 in
507 543 585 570 nobis
607 550 746 578 saporem,
764 550 817 569 non
841 543 894 569 sint
916 542 987 577 quod

202 590 266 617 dicti
281 594 353 616 sunt.
372 588 400 615 Si
414 593 504 616 autem
518 597 531 615 a
547 589 685 623 spurcitiis
704 596 752 616 nos
769 593 796 615 et
812 588 908 617 foetore
922 589 987 615 Iiltco

202 639 305 667 rarunl,
326 639 480 662 statuerunt
501 640 592 662 atttem
609 639 716 663 nostras
741 635 916 665 dclluxiones.
943 635 988 662 de-

203 686 340 709 terserunt
357 685 467 708 nostras
485 682 590 714 sordes,
605 682 682 708 suavi
707 687 796 709 autem
815 682 899 709 odore
918 682 988 717 pleni

201 733 293 754 sumus
311 734 359 761 per
374 726 445 758 illos,
462 731 489 753 et
502 733 595 754 smnus
610 734 672 754 esca
689 726 778 754 divina
796 736 802 754 :
820 727 988 762 reprehendo

202 771 431 806 pmdicationem,
451 772 473 799 si
495 771 627 799 concedet
649 771 696 798 tibi
713 772 800 799 exitus
825 779 927 799 rerum.
945 772 988 798 Pi-

201 823 324 846 scatores
349 817 420 845 sales
437 824 484 845 eos
502 817 570 845 dixit
589 821 615 844 et
630 817 762 844 exhibuit.
786 817 907 851 Denique
921 817 988 844 etin

203 863 258 891 alia
271 863 463 897 praedicatione
475 863 564 889 lumen
577 870 624 890 eos
639 862 701 890 facit
713 868 740 890 et
752 863 816 890 dicit
834 872 841 889 :
865 861 915 890 Vos
928 864 989 890 entia

202 909 288 936 lumen
303 910 395 936 mundi
403 909 436 936 ⁸⁸,
449 908 604 936 Piscatores
618 909 725 942 privati,
739 908 881 944 ignobiles,
897 909 986 943 egeni,

203 956 292 983 lumen
320 955 410 982 tnundi
435 955 570 982 dicuntur.
597 954 696 991 Domus
719 954 792 981 enim
818 954 840 981 si
865 953 987 987 dixisset.

202 1009 255 1030 non
269 1005 341 1029 esset
356 1008 493 1035 magnum,
508 1001 531 1027 si
546 999 587 1026 via
606 999 718 1034 alicujus
731 1006 783 1026 non
795 1004 879 1027 esset.
895 1000 989 1026 Adhuc

203 1047 300 1082 majus.
317 1047 443 1075 Civitatis
465 1046 537 1073 enim
553 1045 632 1073 unius
650 1046 671 1073 si
686 1045 808 1073 dixisset.
824 1046 877 1073 Sed
897 1045 987 1073 lumen

202 1103 248 1123 eos
265 1102 324 1122 esse
341 1102 392 1121 non
406 1098 449 1121 est
469 1093 627 1120 incredibile
649 1092 767 1119 nationis
782 1092 894 1127 integrat
914 1100 921 1118 :
941 1092 988 1119 sed

202 1141 306 1172 mundi,
333 1140 431 1176 inquit,
455 1139 521 1167 estis
539 1140 639 1166 lumen.
663 1138 690 1166 Si
716 1139 784 1166 dixit
807 1146 944 1172 magnum,
963 1141 990 1164 et

203 1195 257 1215 non
281 1187 345 1214 fecit
359 1185 519 1219 maximum,
537 1192 600 1212 tmm
622 1185 751 1212 mentitus
766 1189 809 1212 est
825 1183 944 1218 aliquid?
960 1183 988 1210 Si

203 1239 292 1259 autem
309 1232 374 1259 dicit
396 1238 504 1266 magna,
525 1235 655 1265 operatur
675 1236 763 1257 autem
786 1229 900 1263 majora,
924 1229 989 1264 quid

203 1278 333 1306 faciemus
349 1277 382 1304 de
395 1276 437 1304 his
451 1283 512 1311 quze
533 1275 678 1302 videntur?
699 1275 771 1301 Dicit
785 1274 865 1301 Petro
882 1283 889 1301 :
905 1273 945 1300 Tu
961 1282 989 1300 ιι

204 1323 309 1355 Petrus.
326 1327 350 1350 et
366 1330 444 1357 super
459 1322 537 1347 istam
559 1325 660 1355 petram
681 1320 817 1354 wdiﬁcabo
839 1319 986 1346 Ecclesium

203 1377 287 1396 meum
303 1368 335 1394 ".
351 1367 431 1395 Certe
445 1366 641 1394 tediticatnrum
660 1373 689 1393 se
704 1365 877 1400 promittebat
894 1365 989 1392 Eccle-

203 1415 271 1442 siam
295 1421 384 1440 suam.
401 1413 431 1440 Si
448 1419 500 1438 non
515 1411 668 1442 atdilicavit,
688 1415 812 1438 mortuus
825 1415 876 1437 est.
896 1410 923 1437 Si
942 1418 989 1436 au-

204 1464 256 1487 tem
272 1457 417 1486 mdilicavit
429 1457 474 1491 qui
494 1463 545 1482 non
565 1456 640 1487 vivit,
655 1455 746 1482 dit-ant
761 1455 895 1489 quomodo
906 1455 990 1481 tedii]-

203 1505 274 1532 ravit
299 1514 305 1532 :
332 1504 379 1532 sed
404 1501 559 1534 aediﬁcavit,
585 1501 651 1529 nihil
677 1507 767 1528 autem
790 1501 912 1528 addidit?
942 1500 989 1528 sed

204 1551 283 1577 dicit:
294 1555 317 1577 et
328 1553 411 1583 porta:
422 1549 501 1583 inferi
513 1556 564 1575 non
571 1547 745 1582 pravalebunt
755 1547 879 1573 adversus
890 1554 946 1573 eam
954 1545 988 1573 ”.

204 1593 232 1623 Si
250 1603 303 1623 non
322 1595 387 1622 moti
400 1594 482 1630 gladii
497 1598 569 1625 sunt,
585 1598 610 1620 et
623 1592 773 1625 exercitus,
787 1598 814 1619 et
829 1593 947 1628 tyranni,
961 1597 990 1619 et

205 1641 285 1677 leges,
311 1646 338 1668 et
354 1648 452 1675 pinnat,
477 1644 505 1667 et
529 1646 613 1670 mors,
641 1644 668 1665 et
688 1639 805 1665 varietas
830 1638 938 1672 horum,
963 1643 991 1666 et

204 1687 284 1722 ignis.
298 1691 325 1714 et
341 1693 425 1718 mare,
447 1690 474 1713 et
495 1684 581 1718 ﬂuvii,
597 1689 623 1712 et
646 1684 736 1711 omnia
760 1684 840 1711 simul
862 1684 990 1711 adversus

204 1734 283 1761 istaut
303 1733 534 1767 praedicationem,
552 1736 578 1758 et
599 1738 647 1765 per
666 1731 756 1757 omnia
776 1729 908 1757 transiens
923 1737 990 1764 pras-

204 1778 304 1805 dicatio
319 1777 434 1805 conﬂata
454 1783 513 1809 est;
526 1781 553 1804 et
565 1777 598 1804 de
612 1780 697 1807 terra,
714 1781 741 1804 et
756 1776 885 1811 castigata
898 1782 990 1803 osten-

205 1824 278 1851 ditur
294 1823 355 1858 quia
367 1823 446 1851 inferi
459 1828 488 1852 et
504 1829 605 1851 mortes
621 1823 741 1858 plurimze
752 1831 804 1849 non
822 1822 992 1850 transferunt

205 1869 310 1898 Dmniui
328 1870 558 1904 praedicationem.
578 1869 606 1897 Si
630 1877 683 1896 non
706 1868 777 1896 facta
799 1868 914 1896 fuissent
928 1868 990 1902 ista,

205 1917 275 1944 forte
300 1916 498 1951 relinqueretur
513 1916 655 1943 dubitatio.
678 1914 705 1942 Si
728 1919 817 1942 autem
836 1921 884 1949 per
900 1915 990 1941 omnia

207 1967 260 1989 tota
279 1962 327 1989 ista
344 1962 500 1997 praedicatio
518 1967 582 1994 stat,
599 1962 664 1989 vivit
685 1962 778 1996 utique
794 1961 872 1996 cujus
894 1960 992 1995 pracdi-

205 2011 276 2036 catio
297 2017 350 2037 non
370 2010 512 2037 evertitur.
533 2010 585 2036 Sed
601 2017 634 2037 ex
651 2009 765 2036 modicis
778 2016 881 2043 magum
896 2008 992 2042 praedi-

206 2058 328 2085 cationes
344 2063 408 2085 sunt
425 2057 513 2084 factas.
533 2057 718 2089 Recumbebat,
737 2056 836 2090 inquit,
854 2055 991 2088 Dominus,

205 2108 229 2130 et
245 2104 313 2130 venit
335 2104 369 2129 ad
387 2111 445 2129 eum
467 2103 588 2137 quaedam
607 2102 701 2128 mulier
714 2101 747 2127 “.
767 2101 800 2128 Et
815 2100 886 2135 quod
900 2104 993 2134 porta-

206 2148 264 2175 vit?
280 2154 447 2184 unguentum
474 2148 568 2175 cﬂ'udit
591 2156 673 2181 super
695 2152 775 2182 caput
797 2147 866 2181 ejus.
888 2145 992 2173 Irasce-

207 2195 304 2221 ltantur
315 2199 403 2221 autem
417 2193 551 2227 discipuli,
568 2193 684 2220 scientes
700 2192 770 2226 quod
788 2195 927 2226 unguento
939 2197 991 2216 non

206 2239 308 2275 indiget
327 2239 466 2274 Magister.
484 2238 653 2266 Irascebatur
670 2242 758 2264 autem
779 2241 806 2264 et
823 2237 906 2263 ludas
928 2243 992 2270 pro-

1035 318 1142 344 occasio
1159 316 1288 351 unguenti
1315 320 1417 342 tantam
1441 314 1653 349 magnitudinem
1672 312 1817 340 introduxit

1035 363 1238 397 praedicationis
1251 371 1259 390 :
1276 367 1302 388 et
1313 362 1414 388 dictum
1430 366 1471 388 est
1486 360 1548 395 quia
1563 365 1618 387 toto
1639 360 1737 386 mundo
1752 366 1806 393 prae

1036 409 1169 436 dicabitur
1189 416 1288 436 nomen
1309 416 1409 440 mcum,
1426 413 1453 434 et
1477 407 1550 434 illius
1572 405 1693 433 mulieris
1706 404 1780 432 lusus
1794 404 1820 430 in

1038 456 1199 484 memoriam
1223 456 1286 483 erit.
1301 454 1365 488 Quae
1383 454 1532 482 auctoritas
1549 453 1626 480 istius
1643 451 1735 479 Vocis?
1753 450 1821 484 Quid

1037 502 1110 528 enim
1132 502 1196 528 dicit
1219 501 1264 536 qui
1283 506 1405 528 mortuus
1423 505 1465 528 est
1489 504 1550 534 post
1568 504 1682 526 mortem
1710 498 1753 526 his
1775 496 1820 532 qui

1037 546 1237 581 przedicarunt?
1255 545 1332 573 Exite
1349 545 1383 572 ad
1406 545 1557 572 universum
1579 545 1716 572 mundum.
1738 543 1821 575 Dixit.

1037 597 1084 620 aut
1095 588 1158 619 'non
1182 591 1268 619 dixit?
1291 591 1320 619 Si
1349 599 1402 619 non
1430 592 1508 625 dixit,
1534 591 1668 626 quomodo
1694 595 1821 618 exeuntes

1039 638 1211 672 perfecerunt
1221 645 1280 672 qune
1293 636 1390 672 jussit!
1401 637 1536 673 quomodo
1545 636 1662 672 suspecti
1671 641 1735 664 sunt
1746 636 1820 671 (99)!

1038 685 1173 720 quomodo
1185 685 1229 719 qui
1244 688 1367 711 mortuus
1382 687 1433 717 est,
1449 689 1572 711 mortuus
1585 683 1643 710 est?
1656 682 1707 713 Ite,
1723 682 1820 714 docete,

1040 731 1138 765 inquit,
1153 738 1242 757 omnes
1258 734 1366 764 gentes:
1383 736 1400 756 ο
1416 729 1488 764 regia
1503 736 1566 760 vox,
1583 735 1600 755 ο
1614 727 1730 756 tenentis
1745 735 1822 754 mnu-

1039 777 1102 804 dum
1128 775 1288 810 promissiol
1308 775 1359 808 Ite,
1382 775 1471 801 docete
1491 782 1579 801 omnes
1595 779 1692 808 gentes.
1710 773 1822 806 Quantis

1040 822 1108 849 dicis
1127 822 1193 852 hazc,
1210 829 1226 848 ο
1246 821 1376 848 Domine?
1393 820 1539 847 Duodecim
1565 819 1717 846 hominibus
1726 819 1765 858 'ad
1781 818 1821 845 in-

1041 867 1235 894 nutnerabilcm
1252 866 1376 901 populum
1390 874 1397 893 :
1416 870 1440 893 et
1457 865 1586 898 baptizata
1604 873 1647 892 eos
1662 865 1695 896 ",
1715 864 1821 899 inquit;

1039 918 1067 940 et
1081 911 1204 939 fecerunt
1225 920 1285 947 qua:
1310 913 1441 939 videmus.
1465 911 1563 938 lterum
1578 918 1645 938 sane
1660 917 1822 944 comparans

1006 950 1025 977 Β
1041 958 1181 994 parabolas
1193 958 1313 993 praedicit
1326 966 1333 985 :
1349 957 1443 986 Simile
1453 962 1490 984 eet
1504 965 1612 992 regnum
1625 956 1760 988 ctelorum,
1772 955 1822 984 hoc

1038 1010 1078 1032 est
1100 1004 1256 1038 prtedicatio
1285 1004 1346 1036 ista,
1373 1006 1500 1036 fermento
1522 1004 1556 1030 ’⁸.
1579 1003 1733 1030 Secundum
1757 1002 1822 1036 quid

1038 1050 1220 1078 fermentum?
1244 1049 1306 1084 quia
1327 1054 1355 1077 et
1381 1050 1514 1077 fermento
1533 1049 1638 1076 modico
1663 1056 1678 1075 a
1711 1048 1822 1075 muliere

1038 1095 1066 1122 in
1083 1094 1165 1122 multa
1183 1094 1372 1129 conspersioue
1401 1094 1575 1126 abscondito,
1603 1094 1690 1128 ipsum
1716 1092 1822 1127 quidem

1039 1148 1090 1168 non
1107 1141 1268 1168 obscuratur
1284 1148 1298 1167 a
1314 1141 1515 1175 conspersionc,
1530 1140 1576 1167 sed
1593 1147 1654 1167 cutn
1675 1140 1711 1166 sit
1728 1145 1823 1174 parum

1039 1191 1123 1213 totum
1148 1185 1303 1217 fcrntentat,
1322 1191 1350 1212 et
1375 1185 1521 1212 fermentat
1547 1184 1606 1211 sine
1628 1183 1754 1218 strepitu.
1773 1183 1823 1216 ita,

1039 1231 1138 1266 inquit,
1162 1238 1221 1258 mea
1238 1231 1394 1266 prxudicatio
1417 1230 1508 1257 brevis
1535 1237 1582 1264 per
1603 1229 1758 1262 duodecim,
1778 1235 1821 1262 per

1038 1279 1109 1306 istud
1136 1278 1315 1310 fermentum,
1342 1282 1411 1309 toto,
1445 1277 1552 1311 inquit,
1583 1276 1738 1310 iusparsum
1770 1282 1823 1301 non

1039 1322 1278 1352 trausmutabitttr,
1295 1321 1342 1348 sed
1357 1328 1463 1348 omnem
1477 1321 1605 1347 mundum
1627 1319 1773 1347 transferet
1791 1319 1823 1346 ad

1040 1369 1256 1403 religiositatem.
1288 1367 1344 1395 Hoc
1376 1368 1478 1394 dictum
1509 1371 1550 1394 est
1580 1373 1627 1400 per
1656 1365 1822 1401 parabolam.

1038 1413 1197 1441 Praedicatio
1212 1418 1300 1440 autem
1317 1412 1387 1440 facta
1401 1416 1453 1444 est,
1476 1416 1523 1438 aut
1541 1404 1616 1438 non?
1638 1411 1666 1438 Si
1684 1410 1756 1438 facta
1770 1415 1823 1445 est,

1039 1459 1104 1494 quid
1117 1459 1242 1487 dubitas?
1258 1459 1279 1486 si
1296 1463 1384 1486 autem
1401 1467 1453 1485 non
1469 1463 1510 1486 est
1526 1457 1608 1490 facta,
1628 1464 1721 1492 argue.
1736 1456 1822 1484 Aliam

1040 1507 1137 1534 iterum
1162 1506 1317 1541 parabolant
1342 1506 1457 1533 similem
1483 1504 1546 1532 huic
1571 1503 1729 1531 introducit.
1755 1503 1823 1536 Quid

1040 1553 1111 1580 enim
1125 1552 1207 1579 dicit?
1221 1551 1315 1578 Simile
1331 1557 1368 1578 est
1388 1559 1495 1586 regnum
1515 1550 1638 1577 caelorum
1654 1557 1736 1585 grano
1752 1549 1825 1575 aina-

1039 1600 1090 1633 pis,
1102 1599 1172 1634 quod
1187 1599 1287 1625 brevius
1303 1597 1406 1633 quidem
1422 1603 1459 1624 eu
1474 1597 1507 1623 ab
1524 1597 1645 1623 omnibus
1658 1595 1801 1623 seminibus
1815 1601 1825 1623 :

1041 1653 1098 1671 cum
1115 1650 1204 1671 an"m
1227 1645 1347 1676 creverit,
1365 1643 1450 1678 majus
1466 1642 1496 1677 ﬁt
1521 1643 1641 1669 omnibus
1661 1642 1776 1668 oleribus
1790 1641 1824 1668 ".

1041 1691 1073 1718 Et
1087 1690 1243 1725 praedicatio
1257 1691 1282 1716 in
1300 1689 1440 1716 duodecim
1454 1693 1513 1716 erat
1524 1687 1663 1722 apostolis,
1678 1692 1705 1714 et
1716 1686 1826 1713 Judais-

1041 1744 1101 1763 mus
1115 1741 1142 1763 et
1154 1736 1290 1770 gentilitas
1306 1740 1374 1762 erat.
1389 1734 1456 1761 Cum
1472 1739 1562 1761 autent
1582 1734 1677 1765 crevit,
1687 1731 1826 1767 superavit

1041 1787 1165 1817 utraque.
1188 1781 1233 1809 Isti
1258 1786 1321 1808 ante
1345 1787 1452 1808 crucetn
1478 1786 1616 1806 sermones
1641 1782 1724 1811 sunt,
1765 1781 1826 1812 post

1041 1835 1150 1856 crucem
1171 1833 1260 1854 autent
1279 1834 1360 1861 Opera
1382 1833 1443 1861 quae
1464 1825 1595 1852 videmus.
1619 1824 1728 1851 Interim
1747 1831 1826 1850 vene-

1041 1879 1105 1901 runt
1117 1873 1225 1908 quidem
1242 1873 1369 1908 gentiles,
1384 1876 1412 1899 et
1425 1871 1520 1898 dicunt
1532 1869 1657 1904 Philippo
1674 1878 1680 1897 ε
1701 1868 1826 1896 Volumus

1041 1920 1131 1948 Jesum
1146 1920 1232 1948 videre
1247 1919 1282 1952 ",
1308 1923 1335 1945 et
1356 1919 1420 1945 dicit
1438 1916 1537 1944 Jesus:
1555 1915 1631 1943 Venit
1644 1916 1721 1948 liora,
1737 1915 1826 1941 crucis

1043 1968 1134 1998 tiutor,
1157 1973 1183 1992 ut
1199 1965 1364 2000 gloriﬁcatur
1381 1963 1469 1990 Filius
1489 1962 1599 1990 hominis
1612 1963 1644 1989 ".
1663 1962 1743 1993 Dicit,
1763 1960 1826 1996 quia

1041 2020 1102 2040 eum
1128 2013 1274 2039 crucifixus
1302 2011 1381 2038 fuero
1406 2009 1585 2044 glorillcabor.
1609 2007 1664 2035 Hoc
1679 2008 1757 2040 dixit,
1773 2015 1825 2034 non

1043 2060 1098 2090 tiat,
1119 2064 1147 2085 et
1163 2062 1286 2084 mortuus
1299 2062 1350 2083 est.
1370 2056 1397 2083 Si
1413 2060 1501 2082 autem
1517 2054 1640 2089 praedixit
1654 2059 1681 2080 et
1692 2061 1740 2088 per
1754 2060 1826 2079 mor-

1042 2109 1096 2132 tem
1120 2103 1244 2138 perfecit,
1269 2111 1286 2130 ο
1310 2102 1427 2137 potentia
1452 2100 1559 2127 virtutis
1584 2107 1632 2134 per
1642 2107 1673 2126 ea
1689 2106 1750 2134 quae
1773 2107 1824 2125 non

1041 2155 1104 2178 sunt
1127 2150 1227 2177 fortia!
1252 2149 1305 2176 Sed
1329 2147 1410 2175 nolite
1426 2146 1540 2180 fatigare
1559 2146 1592 2172 de
1613 2145 1823 2176 resurrectione,

1042 2197 1068 2224 itt
1095 2196 1140 2224 die
1158 2194 1348 2229 assumptionis
1373 2193 1475 2220 audire.
1501 2191 1646 2219 Festivitas
1668 2195 1710 2218 est
1736 2191 1822 2226 primo

1042 2243 1156 2274 animas,
1176 2248 1204 2269 et
1223 2243 1259 2268 ita
1279 2245 1386 2268 ventres
1402 2239 1451 2276 (l).
1469 2239 1561 2267 Primo
1576 2239 1656 2266 debes
1669 2237 1827 2265 condiscere

206 2291 266 2321 pter
284 2286 416 2317 fructum;
434 2289 461 2311 et
481 2285 543 2319 quia
568 2288 594 2311 et
614 2282 778 2318 pauperibus
792 2283 876 2309 donat
898 2282 989 2308 incur-

1042 2289 1084 2317 ctti
1104 2288 1212 2316 feriaris
1228 2297 1235 2321 ;
1254 2288 1342 2323 pritno
1366 2288 1447 2314 debes
1463 2292 1610 2321 agnoscere
1626 2285 1689 2319 quia
1711 2283 1778 2310 vivit
1800 2282 1826 2309 it.

208 2332 305 2359 rentia.
323 2331 451 2358 Dominus
465 2336 554 2358 autem
579 2331 612 2356 ad
629 2330 780 2357 irascentes
804 2336 812 2354 :
835 2327 932 2359 Nolite,
952 2327 992 2353 in-

206 2378 274 2411 quit,
296 2385 417 2411 quzerere
431 2378 493 2412 quid
509 2385 559 2412 ego
575 2377 667 2409 vclim,
690 2376 736 2404 sed
752 2375 813 2410 quis
833 2379 859 2401 et
878 2382 937 2409 qua).
951 2378 994 2400 est

207 2423 336 2451 voluntas
347 2426 406 2458 ejus
422 2424 466 2458 qui
479 2423 590 2451 immisit
607 2423 674 2458 (98).
691 2421 777 2449 Nolite
792 2429 852 2448 esse
866 2419 969 2447 molesti
984 2428 991 2446 :

208 2469 272 2498 fecit
292 2470 376 2498 enim.
402 2470 478 2502 Quod
504 2474 593 2497 autent
621 2469 684 2496 fecit
706 2468 768 2499 ista.
795 2475 847 2494 non
874 2467 991 2501 ignorat.

207 2515 375 2544 Prmnuntiat
397 2516 450 2543 ista
473 2524 560 2544 meam
584 2521 710 2543 mortem.
739 2514 895 2543 immittitur
917 2514 989 2541 enim

207 2561 333 2597 gentibus
348 2562 392 2595 qui
412 2561 565 2589 moriuntur
576 2567 751 2596 unguentum.
768 2561 801 2588 Et
817 2568 869 2587 una
881 2559 989 2594 quidem

207 2608 362 2643 prmdicatio
385 2608 448 2642 quia
471 2607 602 2634 morietttr
620 2615 628 2634 :
650 2607 697 2634 sed
719 2608 772 2634 ista
791 2614 842 2633 non
861 2606 896 2633 sit
911 2605 992 2632 mira-

208 2653 278 2680 bilis.
296 2654 377 2680 Addit
391 2655 464 2681 enim
481 2664 488 2681 :
505 2655 586 2681 Amen
601 2663 677 2681 amen
691 2653 750 2680 dico
767 2653 845 2684 vobis,
860 2652 920 2686 quia
931 2659 990 2678 cum

208 2699 381 2732 prwdicatum
403 2700 484 2734 fuerit
512 2708 605 2727 nomen
628 2707 714 2726 meum
743 2700 771 2726 in
796 2699 866 2726 omni
882 2698 990 2730 mundo,

243 2789 265 2805 ⁸⁷
279 2790 374 2817 Matth.
388 2797 414 2821 ι’,
434 2791 476 2816 i3.
515 2790 538 2806 ⁸⁸
560 2789 625 2816 ibid.
641 2790 685 2816 Η.
720 2788 742 2804 ⁸³
758 2788 850 2815 Matth.
863 2795 918 2818 xvt,
933 2787 976 2814 18.

209 2833 306 2858 xxvut,
320 2824 362 2852 19.
412 2826 436 2841 ⁸·
448 2825 541 2852 Matth.
558 2833 617 2857 xnt,
638 2825 682 2852 55.
722 2823 743 2839 ’⁵
761 2823 824 2850 ibid.
839 2823 883 2852 5|.

246 2905 302 2941 (98)
325 2905 376 2938 Qui
393 2905 510 2931 immisit.
527 2904 607 2941 liorte
622 2904 666 2939 qui
682 2912 720 2941 me
734 2903 813 2930 misit.

244 2938 298 2970 (99)
319 2940 435 2968 Susnecli
450 2945 521 2967 sunt.
536 2938 588 2967 Pio
603 2939 713 2971 “tacenti
726 2944 795 2965 sunt.

920 2823 942 2839 ’°
956 2822 1033 2851 Joau.
1052 2831 1103 2855 xu,
1120 2823 1164 2850 9i.

1043 2342 1096 2369 quo
1121 2334 1236 2360 habetur
1258 2341 1330 2368 spes,
1355 2338 1384 2360 ut
1404 2340 1515 2360 securus
1532 2334 1690 2359 manduces.
1706 2329 1734 2356 Si
1757 2336 1827 2356 mor-

1043 2385 1105 2407 tuus
1129 2385 1167 2406 est
1192 2379 1237 2413 qui
1256 2379 1428 2411 adhortatur,
1452 2378 1535 2412 lugeri
1551 2380 1669 2411 oportet.
1691 2374 1719 2402 Si
1737 2379 1826 2401 autem

1043 2425 1116 2453 euasi
1143 2425 1275 2452 fuerimus
1290 2425 1352 2458 quia
1370 2425 1436 2452 vivit
1457 2429 1483 2451 et
1497 2423 1626 2456 vivificat,
1637 2425 1665 2449 et
1678 2421 1700 2448 si
1717 2420 1827 2447 mandu-

1043 2470 1199 2498 caveritnus
1213 2475 1240 2497 et
1263 2471 1422 2502 biberitnus,
1442 2474 1469 2496 et
1489 2475 1658 2504 quaecunque
1682 2466 1733 2493 alia
1756 2465 1826 2492 fece-

1044 2515 1147 2547 rimus,
1175 2515 1200 2541 in
1225 2514 1337 2550 gloriam
1365 2514 1483 2541 viventis
1509 2512 1649 2540 faciemus.
1679 2510 1828 2538 Suademus

1044 2560 1125 2596 igitur
1141 2565 1169 2587 et
1192 2566 1218 2587 ut
1235 2561 1384 2595 gaudentes
1396 2560 1546 2595 cpulemur.
1570 2559 1652 2586 Putas
1666 2558 1739 2585 enim
1763 2556 1826 2591 quia

1044 2607 1132 2634 adhuc
1148 2607 1315 2635 necessarius
1334 2615 1423 2633 sermo
1442 2611 1493 2634 est.
1520 2606 1614 2633 Adhuc
1635 2605 1707 2632 cuitu
1731 2603 1827 2630 suade.

1045 2660 1113 2678 mur.
1129 2651 1216 2679 Unum
1230 2653 1301 2679 enim
1326 2661 1358 2679 ex
1389 2651 1431 2678 his
1444 2660 1504 2686 qu:e
1518 2652 1590 2679 dicta
1608 2655 1671 2678 sunt
1691 2658 1743 2678 non
1771 2648 1827 2677 suf-

1050 2698 1107 2725 ficit
1122 2702 1150 2725 et
1170 2699 1285 2734 lapidem
1300 2699 1484 2726 comminuere
1500 2707 1507 2726 :
1525 2703 1613 2724 tamen
1631 2705 1713 2724 unum
1728 2704 1763 2724 ex
1787 2695 1828 2723 his

1016 2788 1038 2804 '°
1054 2787 1117 2814 ibid.
1157 2786 1179 2802 ⁹¹
1196 2787 1290 2814 Matth.
1306 2795 1382 2818 xxvi,
1396 2787 1424 2818 6,
1436 2787 1462 2814 7.
1502 2787 1525 2803 "
1542 2786 1606 2813 ibid.
1625 2786 1668 2813 15.
1695 2785 1718 2801 ’³
1732 2783 1825 2812 Matth.

1202 2822 1224 2838 ’⁷
1250 2823 1313 2849 ibid.
1329 2823 1375 2849 ‘25.

1082 2901 1119 2935 (l‘)
1140 2901 1171 2928 Et
1189 2902 1226 2928 ita
1245 2907 1352 2929 ventres.
1369 2903 1499 2933 Subandi,
1525 2910 1627 2930 curare.
1649 2902 1681 2929 Et
1700 2902 1745 2934 ita,
1757 2899 1824 2928 forte

1044 2944 1077 2965 ex
1092 2937 1184 2965 Graeco
1199 2937 1244 2964 xui.
1260 2935 1329 2969 εἶτα,
1347 2938 1372 2966 id
1387 2943 1429 2966 est
1446 2943 1468 2965 et
1481 2938 1582 2965 deinde.
