2024 3208
100 267 166 292 III?)

589 265 634 292 DE
652 264 883 292 INCOBPORALI
902 265 946 293 ΕΤ
966 265 1137 294 INVISIBILI
1158 265 1234 293 DEO.

1644 268 1711 297 HN

99 325 209 351 addam.
229 325 325 352 Omnia
339 326 412 352 enim
433 330 463 352 ut
483 325 583 357 dicam.
607 334 657 353 nec
672 326 799 353 saacttlum
825 327 882 354 sui-
897 335 919 362 Α
937 328 999 361 quia
1014 328 1161 354 moriturus
1175 334 1245 360 sum,
1265 332 1292 355 et
1305 327 1445 356 esaltabor
1460 329 1486 356 in
1498 336 1615 361 crucem,
1628 335 1673 357 aut
1688 330 1712 358 in

99 369 162 396 ﬁcit.
191 369 358 397 Mensurabo
381 378 447 398 sane
470 375 611 398 tractatum
628 377 738 406 propter
752 379 876 405 corpora,

98 415 208 445 propter
231 411 420 443 festivitatem,
449 417 558 446 propter
586 413 770 440 refectionem.
806 413 880 441 Dicit

98 457 196 483 iterum
221 458 349 484 Dominus
368 467 375 485 :
393 457 511 485 Granum
534 459 616 486 tritici
632 459 684 485 nisi
700 460 795 486 cadens
810 468 882 487 mor-

98 507 172 530 tuum
189 503 282 536 fuerit,
307 503 391 538 ipsum
415 503 500 530 solum
526 510 612 532 manet
629 505 662 531 ⁵⁸.
687 505 722 533 Ut
747 505 828 533 habet
851 513 881 533 se

98 553 195 575 natura
214 548 319 576 locutus
339 553 390 576 est.
412 548 440 576 Si
457 549 528 576 enim
545 549 705 577 seminatum
721 558 773 577 non
787 550 878 584 fuerit,

98 595 198 621 nudum
217 602 330 630 granum
346 595 474 622 manebit.
494 595 522 622 Si
549 600 639 622 autem
653 597 763 628 cadens,
782 597 879 632 inquit,

97 639 181 667 fuerit
206 645 355 672 mortuum,
370 645 400 668 ut
419 645 531 668 testatur
545 649 559 668 a
580 647 675 669 natura
688 663 696 675 ,
711 643 808 670 multos
823 644 880 670 I'ru-

96 691 157 712 ctus
181 684 271 713 aﬂ‘ert.
293 685 326 713 Et
340 694 401 721 ego,
420 687 516 721 inquit,
533 689 556 714 si
578 696 629 715 non
654 688 730 717 l'oero
745 694 878 722 mortuus,

98 736 150 756 non
165 729 263 763 colligo
285 739 291 757 :
310 730 331 757 si
359 737 449 758 autem
468 733 568 759 cadens
592 734 617 760 in
643 738 742 760 terrant
759 740 880 762 mortuus

99 775 185 807 fuero,
203 776 301 803 multos
317 776 420 804 fructus
432 777 516 805 affero
537 779 682 806 secundum
699 787 812 814 granum
830 781 879 807 tri-

100 821 154 848 tici.
172 821 205 847 Et
222 829 269 856 per
288 823 423 850 modicuttt
439 824 545 857 quidem
561 831 673 858 granum
696 825 822 860 parabola
839 826 881 853 di-

100 872 140 894 cta
160 873 213 899 est,
235 875 381 904 permagna
399 874 488 897 autem
512 870 689 897 admiratione
710 878 778 905 opus
791 875 880 898 osten-

100 913 181 940 ditur.
201 912 229 940 Si
255 914 338 946 cnim,
366 914 464 948 inquit,
484 921 604 942 mortuus
630 923 683 943 non
714 916 800 949 fuero,
826 925 878 945 non

100 959 206 994 colligo.
232 960 383 994 Antequam
412 960 483 988 enim
509 966 669 993 moreretur,
693 966 721 989 et
747 962 878 990 mirabilia

932 372 1018 399 caelos
1034 372 1111 407 (ttlhil
1129 374 1201 400 enim
1218 373 1343 407 prohibet
1358 378 1471 409 utraque
1487 375 1522 402 ita
1538 375 1673 412 intelligi),
1686 381 1713 404 et

932 417 1039 444 traham
1059 425 1155 444 omnes
1178 418 1210 444 ad
1231 425 1273 446 me
1291 427 1299 445 :
1317 419 1386 446 dixit
1407 420 1558 448 modicum?
1573 421 1714 449 miremur.

931 462 984 488 Sed
1001 469 1128 496 magnum
1145 462 1208 497 quid
1226 463 1303 495 dixit,
1319 467 1347 490 et
1360 463 1491 490 modicum
1514 464 1596 492 fecit?
1607 466 1713 493 minua-

931 515 992 534 mtts
1012 507 1230 534 admirationem.
1259 507 1287 535 Si
1313 513 1402 536 autem
1422 517 1546 544 magnum
1566 510 1644 543 dixit,
1660 519 1713 538 ma-

930 559 1012 586 gnum
1028 558 1055 579 et
1070 551 1144 583 fecit.
1161 557 1186 580 et
1205 553 1255 580 hoc
1269 561 1316 588 per
1331 561 1448 585 crucem,
1466 559 1493 581 et
1508 559 1567 589 post
1580 561 1711 589 mortem;

930 597 1061 632 pellamus
1083 597 1279 625 dubitationem
1305 603 1332 625 et
1355 599 1532 633 suscipiamus
1561 601 1650 629 ﬁdem.
1679 601 1712 629 Et

917 637 1027 669 ‘itcrum
1045 643 1077 669 ad
1095 641 1203 670 Iudaeos
1215 643 1280 670 dicit
1293 643 1388 670 eadem
1405 652 1412 671 :
1427 644 1503 677 Cum,
1523 645 1620 680 inquit,
1639 646 1712 673 esui-

929 688 1044 715 tavcritis
1063 687 1164 714 Filium
1179 689 1304 720 hominis,
1319 692 1380 715 tunc
1391 690 1475 716 scietis
1492 691 1553 726 quia
1568 699 1614 725 ego
1628 700 1685 718 sum
1700 700 1710 719 :

930 739 954 760 ιι
968 742 982 760 a
998 741 1041 761 me
1058 735 1112 767 ipsa
1127 742 1179 761 non
1198 735 1266 767 ueni,
1278 736 1323 762 sed
1335 744 1351 761 a
1367 735 1431 768 Deo,
1447 744 1505 762 cum
1524 745 1601 769 opera
1616 742 1710 765 testata

929 779 1025 814 fuerint
1049 780 1090 806 Im
1104 787 1162 814 quis
1177 780 1235 806 dico
1252 780 1272 806 ‘.
1297 779 1328 806 lli
1345 786 1408 808 sunt
1430 786 1523 816 gustus
1545 782 1711 816 pradicatio—

931 833 992 852 num
1015 825 1119 852 Domini
1142 833 1149 851 :
1167 824 1245 859 plena
1263 830 1353 852 autem
1373 825 1516 860 Evangelia
1541 831 1604 854 sunt
1621 827 1711 856 volen-

931 870 1003 898 tibus
1019 871 1086 898 bene
1108 871 1216 906 degere,
1232 870 1301 905 pleni
1324 871 1408 899 Actus
1432 872 1612 906 apostolorum
1637 878 1711 906 sunt,

929 921 957 943 et
972 916 1098 951 Epistula!
1113 916 1199 949 Pauli,
1220 921 1246 944 et
1266 917 1386 945 civitates
1409 918 1541 945 mirabilia
1559 919 1609 955 (5),
1628 919 1711 954 plena

932 966 995 988 sunt
1010 962 1091 989 urbes
1109 962 1170 989 ﬁde.
1191 962 1263 990 Laus
1286 963 1330 989 ttni
1349 971 1401 990 non
1417 968 1481 991 nato
1496 963 1561 995 Deo.
1577 965 1621 999 qui
1637 965 1712 993 misit

100 1003 209 1038 faceret,
227 1013 278 1033 nec
299 1006 438 1033 duodecim
452 1006 581 1042 collegit;
609 1015 661 1033 non
676 1013 880 1041 permanserunt
897 1008 916 1035 Β
932 1007 1009 1035 nobis
1032 1015 1114 1034 unum
1139 1007 1222 1035 Deunt
1246 1009 1410 1044 unigenitum
1437 1017 1514 1037 suum
1530 1010 1637 1043 Filium,
1665 1019 1711 1046 per

100 1051 170 1078 enim
189 1059 249 1078 cum
272 1059 314 1080 eo.
342 1053 411 1080 Dicit
432 1053 503 1080 enirn
521 1062 527 1079 :
543 1053 609 1086 Quia
625 1053 647 1080 si
669 1061 722 1079 non
743 1061 790 1080 ero
806 1061 876 1080 mor-

100 1101 170 1129 tutts,
187 1104 238 1124 non
255 1097 377 1133 colligam
391 1099 449 1133 (‘2):
465 1098 530 1125 Cum
546 1103 633 1125 autem
649 1098 781 1125 culturus
801 1099 877 1132 [uero

100 1149 114 1167 ¹ι
133 1147 216 1175 terra,
231 1151 319 1170 omnes
344 1143 448 1171 traham
471 1145 506 1171 ad
522 1152 562 1171 me
576 1145 609 1171 "'.
634 1143 690 1171 lloc
712 1144 783 1178 quod
797 1143 875 1175 dixit,

932 1061 1011 1087 quem
1033 1058 1075 1081 est
1096 1054 1119 1081 ei
1138 1055 1233 1089 gloria,
1249 1057 1344 1088 honor,
1371 1056 1522 1091 imperium,
1542 1057 1667 1092 maiestas
1683 1058 1709 1084 in

930 1098 1032 1133 Spiritu
1057 1104 1162 1132 sancto,
1180 1105 1207 1127 et
1234 1109 1316 1134 nunc,
1333 1107 1361 1130 et
1384 1110 1492 1138 semper
1507 1108 1533 1130 et
1550 1110 1598 1138 per
1618 1111 1708 1130 omnia

929 1145 1025 1172 sarcula
1040 1146 1208 1174 saeculorum.
1230 1147 1326 1174 Amen.

114 1210 1697 1224 ———~———-——————————-——-———-——-—_—

570 1293 849 1352 EUSEBII
892 1295 1230 1352 PAMPHlLI

318 1413 391 1458 DE
431 1411 838 1459 iNCORPORALI
874 1412 952 1457 ET
988 1413 1311 1478 INVISIBILI
1351 1415 1490 1462 DEO.

131 1587 330 1624 lncorpomlem
347 1595 405 1616 esse
421 1588 501 1616 Deum
515 1595 581 1616 voce
596 1595 692 1622 magna
710 1587 871 1622 clamamus,
889 1589 914 1622 (Ξ
926 1588 972 1624 qui
993 1592 1020 1616 et
1039 1588 1138 1616 animis
1164 1588 1256 1615 tribuit
1277 1592 1304 1616 et
1334 1588 1588 1624 incorporalitatem.
1612 1590 1710 1620 Paulus

99 1641 123 1662 et
138 1636 163 1662 in
178 1642 293 1669 corpore
305 1635 454 1668 constituti,
466 1640 493 1662 et
506 1642 520 1661 a
535 1635 693 1668 corporibus
709 1636 877 1663 recedentes.

100 1680 194 1709 Vivent
213 1681 284 1708 enitn
301 1681 397 1708 anima.-
415 1680 629 1716 incorporaliter,
643 1685 670 1708 et
688 1685 748 1716 post
764 1685 878 1709 mortetn

100 1728 291 1762 incorporalem
305 1727 353 1763 μ),
368 1732 394 1754 et
409 1728 521 1755 necdum
538 1734 597 1762 qua:
611 1735 625 1755 a
641 1726 696 1755 Deo
711 1731 801 1755 creata
817 1731 879 1755 sunt

102 1778 198 1800 lautam
218 1774 317 1801 habent
335 1773 503 1809 dignitatem.
519 1773 577 1808 Ipse
598 1777 688 1802 autem
709 1774 753 1809 qui
773 1782 838 1809 pura
853 1779 880 1802 et

100 1819 237 1854 perspicua
251 1825 374 1854 operatus
386 1825 441 1853 cst;
457 1820 634 1855 incorporalia
648 1825 725 1855 putas
742 1821 879 1856 operietur

100 1870 188 1892 mente
211 1865 394 1900 insipientium
418 1865 550 1900 corpore?
580 1865 773 1901 Consiguemus
797 1866 878 1900 igitur

99 1915 205 1939 nostros
228 1912 360 1947 cogitatus
382 1919 397 1939 a
415 1911 511 1939 divinis
527 1911 684 1946 Scripturis.
711 1912 778 1946 Quia
806 1912 876 1940 enim

99 1956 160 1984 inde
186 1963 326 1985 moventur
351 1958 528 1992 quaestiones,
551 1957 612 1984 inde
624 1958 731 1985 veniant
755 1963 783 1985 et
803 1958 877 1986 solu-

99 2005 194 2031 tiones.
209 2004 304 2031 Auima
320 2004 477 2031 immortalis
497 2008 548 2037 est,
561 2009 588 2031 et
603 2005 740 2037 passiones
758 2005 878 2040 corporis

99 2058 150 2077 non
177 2051 287 2077 veniunt
308 2050 340 2077 ad
364 2057 434 2077 eam.
459 2049 510 2078 Per
534 2058 593 2077 eum
628 2051 698 2077 enim
725 2058 773 2085 per
797 2058 877 2086 quem

98 2096 185 2122 omnia
204 2096 273 2123 facta
296 2101 368 2129 sunt,
387 2101 414 2123 et
428 2097 523 2123 anima:
542 2101 641 2123 creata;
663 2101 736 2123 sunt.
753 2096 811 2131 Ipse
828 2098 878 2124 hoc

99 2143 278 2175 pronuntiavit
301 2142 428 2169 Dominus
449 2147 476 2169 et
498 2142 564 2169 dixit
585 2151 592 2169 :
615 2141 705 2168 Nolite
726 2143 815 2169 timere
834 2151 877 2170 eos

96 2188 141 2223 qui
168 2189 288 2215 accidunt
313 2196 419 2220 coruus.
446 2189 560 2216 animum
582 2193 669 2215 autem
697 2196 749 2216 non
769 2193 878 2224 possunt

97 2235 213 2263 occidere
240 2237 261 2262 '.
285 2235 343 2263 Non
367 2235 434 2262 dixit
459 2234 521 2269 quia
546 2234 638 2262 nolunt
661 2235 802 2267 occidere.
828 2235 875 2264 sed

97 2282 157 2316 quia
181 2290 232 2309 non
250 2286 376 2316 possunt,
398 2281 502 2316 inquit,
519 2281 651 2309 occidere.
677 2280 786 2309 Natura:
804 2282 876 2310 enim

97 2328 193 2355 animae
212 2328 359 2362 potentiam
381 2328 480 2362 posuit,
499 2332 526 2356 et
547 2335 598 2355 non
618 2328 782 2363 propositum
807 2327 877 2355 deci-

96 2374 236 2408 pientium.
259 2373 286 2401 Si
307 2374 388 2408 igitur
411 2378 509 2401 nostrae
528 2373 635 2405 animae,
655 2381 713 2408 qum
734 2373 759 2399 in
780 2379 877 2407 corpo-

96 2417 169 2454 ritus
194 2425 221 2447 et
241 2420 313 2448 circa
340 2427 451 2454 corpora
477 2420 618 2452 habentur,
643 2427 785 2454 corporum
816 2427 877 2453 pas-

95 2467 185 2493 siones
200 2474 252 2493 nou
271 2466 427 2497 admittunt,
445 2466 525 2492 etiam
543 2465 606 2492 dum
625 2465 721 2492 adsunt
740 2464 766 2491 itt
781 2471 877 2498 corpoo

96 2513 188 2544 ribus;
211 2517 311 2546 quanto
328 2512 412 2546 magis
428 2511 466 2547 (5)
483 2511 524 2538 bis
544 2511 589 2546 qui
610 2510 751 2538 honoravit
772 2511 876 2538 animas

96 2558 259 2593 incorporali
285 2563 391 2590 natura,
415 2559 470 2593 ipse
488 2558 574 2593 magis
587 2561 627 2584 est
641 2556 826 2591 incorporalis,
848 2561 875 2584 et

95 2612 147 2631 non
166 2605 202 2632 ita
223 2605 398 2639 incorporalis
419 2609 448 2632 ut
467 2603 578 2631 animm?
597 2602 663 2630 Cum
685 2603 756 2629 enim
777 2603 810 2629 de
834 2602 875 2629 bis

95 2652 259 2678 m0verimus
282 2659 449 2684 sermonem,
471 2649 718 2685 et'inquisierimus
741 2648 874 2682 quomodo

95 2696 272 2730 incorporalis
289 2696 323 2723 ab
352 2695 564 2730 incorporalibus
593 2693 701 2726 differt;
725 2697 786 2720 tunc
814 2700 873 2720 cum

94 2741 150 2776 ipse
164 2742 235 2769 Deus
250 2742 409 2777 impertierit
421 2742 454 2769 de
469 2742 511 2768 bis
531 2741 681 2775 loquemur.
703 2738 810 2766 lttterint
826 2745 874 2765 au-

94 2793 148 2816 tem
165 2795 252 2816 motus
271 2793 312 2816 est
334 2796 440 2819 sermo,
453 2787 515 2822 quia
538 2786 606 2813 Deus
632 2785 807 2820 incorporalis
821 2789 874 2816 est,

127 2835 151 2851 ’⁸
162 2833 241 2860 Joan.
265 2841 313 2866 xtl,
329 2833 375 2861 ‘24.
432 2833 453 2849 "
473 2832 538 2860 ibid.
566 2831 610 2860 5i.
655 2831 663 2846 '
682 2829 759 2858 Joan.
776 2837 839 2863 vrtt,
859 2829 904 2858 '28.

95 2870 106 2885 '
126 2869 221 2896 Matth.
239 2876 265 2899 ν.
284 2870 310 2896 8.

130 2914 170 2949 (Ξ)
189 2913 238 2941 Ms.
256 2913 338 2946 Dicit,
351 2913 413 2948 quia
439 2913 461 2940 si
478 2921 528 2940 non
544 2920 589 2939 ero
609 2916 735 2943 mortuus,
753 2919 803 2938 non
824 2910 874 2937 cal-

96 2950 184 2984 ligant.

131 2984 169 3013 t5)
190 2982 334 3010 Mirabilia.
350 2983 401 3011 Pro
416 2981 586 3009 mirabilibus.

929 1639 1017 1662 autem
1032 1640 1060 1663 et
1084 1635 1110 1662 in
1135 1642 1247 1670 corpore
1271 1635 1444 1667 constitutus,
1464 1641 1493 1663 et
1518 1636 1545 1663 in
1569 1644 1650 1666 carne
1671 1638 1709 1665 vi-

928 1688 1004 1714 vens,
1022 1688 1073 1708 non
1088 1680 1194 1709 volebat
1217 1681 1243 1708 in
1258 1688 1340 1709 carne
1359 1688 1428 1709 esse.
1450 1681 1517 1709 Dicit
1541 1682 1634 1710 enim:
1654 1683 1711 1710 Au-

928 1728 991 1755 dent
1004 1727 1113 1763 quidam
1129 1731 1257 1763 putantes
1271 1734 1320 1754 nos
1335 1727 1360 1754 in
1374 1734 1454 1754 carne
1471 1727 1581 1761 vivere;
1601 1731 1628 1755 et
1645 1728 1709 1762 quia

928 1774 1035 1801 vivebat
1051 1774 1077 1801 in
1092 1781 1183 1806 carne,
1204 1773 1276 1801 addit
1292 1781 1299 1800 :
1317 1772 1345 1800 In
1365 1780 1446 1801 carne
1462 1773 1536 1800 enim
1556 1774 1709 1808 constituti,

929 1828 981 1848 nou
996 1828 1028 1848 ea
1048 1828 1109 1855 quae
1122 1820 1214 1848 carnis
1232 1823 1294 1847 sunt
1315 1827 1458 1854 operamur
1470 1820 1491 1847 '.
1509 1819 1537 1847 Si
1560 1820 1641 1855 igitur
1661 1821 1708 1855 qui

927 1872 986 1895 erat
1004 1867 1031 1894 in
1049 1873 1131 1894 carne
1150 1865 1317 1893 alacritatem
1335 1865 1479 1893 refundens
1501 1866 1528 1892 in
1547 1865 1642 1900 spiritu
1667 1873 1710 1893 re<

928 1913 999 1941 cedit
1016 1921 1030 1940 a
1050 1920 1173 1947 corpore,
1189 1916 1289 1946 qttanto
1306 1911 1391 1945 magis
1409 1911 1580 1938 immaculata
1591 1915 1619 1938 et
1634 1911 1709 1937 inac-

928 1959 1060 1987 cessibilis
1078 1964 1105 1986 et
1123 1966 1189 1994 pura
1212 1958 1254 1985 illa
1278 1963 1371 1985 natura
1389 1957 1440 1984 hoc
1456 1957 1508 1984 erit
1527 1961 1555 1984 et
1574 1960 1708 1991 scrmoue,

927 2006 998 2041 quod
1016 2011 1058 2033 est
1075 2006 1105 2032 "et
1135 2004 1253 2032 natura?
1278 2003 1412 2031 Habemus
1434 2011 1498 2031 sane
1518 2008 1546 2030 et
1569 2003 1595 2031 in
1618 2002 1708 2030 Evan-

928 2053 1003 2088 geliis
1017 2052 1157 2086 scriptum,
1172 2051 1229 2086 ipso
1243 2050 1382 2078 Salvatore
1397 2050 1521 2077 dicente:
1537 2049 1619 2077 Deum
1634 2057 1709 2076 nemo

928 2098 990 2125 vidit
1019 2105 1133 2124 unauam
1150 2097 1171 2124 ⁵.
1203 2096 1315 2129 Nullus,
1344 2096 1448 2132 inquit.
1475 2103 1592 2131 unquam
1619 2096 1708 2124 vidit:

927 2151 1021 2172 omnes
1039 2151 1167 2178 personas
1183 2142 1406 2177 comprehendit:
1420 2142 1509 2169 omnia
1531 2149 1584 2169 non
1607 2141 1707 2175 simul,

928 2198 980 2217 non
993 2190 1159 2225 separatim;
1176 2197 1293 2224 unquam
1308 2189 1427 2224 potuisse
1441 2188 1532 2216 ridere
1549 2187 1632 2215 Deum
1648 2195 1710 2222 pro-

930 2236 1079 2263 nuntiavit?
1091 2236 1181 2263 omnia
1199 2236 1285 2270 spatia
1303 2235 1527 2270 comprehendit:
1545 2239 1574 2262 ut
1590 2242 1624 2262 ne
1648 2234 1709 2269 quis

929 2282 1041 2315 diceret,
1060 2282 1195 2316 prophetis
1211 2281 1345 2316 apparuit,
1361 2285 1406 2307 aut
1422 2279 1638 2315 lcgislatori,_aut
1655 2279 1708 2305 alio

928 2328 1018 2355 alicui.
1037 2326 1106 2361 Quid
1129 2327 1213 2361 ergo?
1238 2327 1402 2353 mentiuntur
1423 2325 1567 2360 Scriptura:
1583 2331 1643 2360 qua;
1667 2325 1707 2351 di-

927 2379 1010 2401 cunt:
1029 2373 1094 2401 Veni
1113 2378 1140 2400 et
1153 2373 1222 2405 vidi,
1236 2376 1264 2400 et
1278 2372 1383 2399 audivi?
1397 2371 1520 2398 Vultibus
1540 2377 1592 2397 non
1612 2375 1653 2397 est
1670 2370 1708 2397 vi-

927 2419 1014 2446 sibilis
1031 2418 1111 2447 Deus.
1131 2419 1361 2452 Quemadmodum
1373 2424 1437 2452 ergo
1455 2415 1644 2452 agnoscibilisi
1657 2416 1707 2449 Qui

927 2470 1015 2493 autem
1035 2465 1107 2493 solus
1126 2465 1199 2492 novit
1213 2472 1274 2492 eum
1296 2463 1342 2498 qui
1365 2470 1395 2490 se
1415 2462 1516 2496 genuit,
1532 2462 1616 2488 dicit:
1633 2460 1707 2488 Beati

927 2512 1024 2538 uitanda
1040 2512 1128 2544 corde,
1152 2512 1274 2543 quoniam
1301 2510 1351 2540 ipsi
1377 2509 1461 2536 Deum
1486 2508 1607 2535 videbunt
1629 2508 1651 2534 '.
1678 2507 1706 2535 Si

926 2559 998 2586 enirn
1022 2558 1148 2591 dixisset,
1170 2557 1242 2584 Beati
1264 2556 1309 2591 qui
1333 2555 1405 2591 acuti
1429 2559 1492 2581 sunt
1508 2553 1604 2583 oculis.
1624 2553 1698 2580 dice-

927 2612 1018 2632 remus
1040 2605 1100 2639 quia
1125 2603 1210 2631 oculis
1241 2601 1410 2636 mancipavit
1435 2601 1533 2628 visum.
1561 2599 1590 2627 Si
1617 2604 1705 2625 autent

928 2650 998 2677 sicut
1011 2650 1103 2677 oculus
1118 2657 1200 2684 purus
1220 2649 1291 2676 videt
1304 2655 1365 2682 quze
1380 2647 1463 2682 oculis
1485 2650 1548 2674 sunt
1563 2644 1706 2676 naturalia,

928 2695 964 2721 ita
988 2700 1016 2722 et
1031 2695 1120 2722 anima
1149 2693 1246 2722 munda
1269 2694 1343 2722 videt
1378 2701 1436 2728 qum
1459 2697 1522 2721 sunt
1543 2699 1622 2726 supra
1646 2692 1706 2717 ani-

928 2748 1018 2773 mam;
1035 2740 1080 2775 qui
1097 2740 1178 2768 corde
1194 2740 1310 2772 videtur,
1330 2739 1415 2767 oculis
1430 2747 1482 2766 non
1504 2738 1630 2765 videtur:
1647 2744 1707 2772 qua:

928 2791 1018 2814 autem
1034 2786 1120 2815 oculis
1134 2786 1270 2818 videntur,
1292 2785 1432 2819 subjacent
1448 2784 1610 2812 motionibus
1632 2791 1706 2811 men-

951 2833 961 2847 '
981 2831 1074 2859 Matth.
1093 2831 1166 2863 x,28.
1209 2831 1221 2848 ³
1239 2831 1260 2859 li
1273 2831 1334 2859 Cor.
1357 2839 1383 2866 ι,
1407 2831 1434 2859 3.
1482 2830 1493 2846 ‘
1510 2829 1587 2858 Joan.
1615 2838 1636 2864 ι,
1660 2829 1703 2857 i8.

963 2909 1002 2942 (ι)
1027 2908 1075 2935 Ms.
1095 2913 1120 2934 et
1138 2913 1194 2941 post
1219 2913 1327 2936 mortem
1349 2913 1454 2943 propter
1468 2906 1669 2941 incorporalem.

962 2944 999 2978 (ὅ)
1021 2943 1078 2971 llis.
1096 2943 1147 2970 Pro
1157 2943 1188 2970 is.
