2024 3208
292 262 362 292 HIS

628 258 763 288 EUSEBII
782 256 1019 286 CESABIENSIS
1037 255 1112 284 OPP.
1133 255 1221 283 PARS
1240 255 1286 284 IV.
1305 271 1340 278 —
1358 253 1567 284 DOGMATICA.

1841 252 1902 279 1116

292 319 336 350 ns;
361 323 458 349 Iterum
479 321 552 349 enim
577 321 675 348 Paulus
693 320 759 347 dicit
775 329 782 346 :
803 319 886 351 Quem
912 309 1073 346 nemo-vidit
1088 320 1111 348 Α
1124 317 1221 345 mundo
1237 321 1306 349 erat,
1326 316 1460 351 quomodo
1478 315 1550 341 venit
1567 314 1593 340 in
1623 312 1766 340 mundum?
1783 312 1848 339 Cum
1864 321 1904 340 au-

290 369 436 400 hominum,
453 375 498 394 nec
512 367 598 394 videre
613 371 695 401 potest
708 366 729 394 ‘.
748 365 815 399 Quia
830 365 902 392 enim
916 369 1003 400 potest
1018 364 1075 391 ﬁeri

291 423 353 442 eum
377 415 422 449 qui
450 414 524 441 audit
550 421 581 440 ea
600 421 659 448 quae
683 419 736 440 non
760 412 833 439 videt
856 412 990 446 cogitare;
1013 411 1075 445 quia

293 469 346 488 non
367 461 508 495 pervenit,
531 465 577 486 aut
597 459 746 494 prohibitus
769 463 819 488 est.
844 463 890 485 aut
907 457 1004 484 coelum
1024 464 1075 484 non

267 519 278 525 ο
291 506 430 540 permisit;
453 509 596 540 amputans
624 511 730 532 onmem
756 504 938 538 suspicionem
961 504 1076 536 Aposto-

292 553 347 585 lus,
363 558 390 579 et
406 551 616 579 invisibilitatem
633 550 686 578 Deo
706 550 860 578 custodiens
879 549 949 583 quod
965 549 1076 583 conjun-

292 605 364 627 ctum
385 603 426 626 est
442 597 619 633 incorporali,
638 605 690 624 non
707 597 792 624 solum
806 597 887 627 dixit,
907 604 981 623 nemo
998 595 1076 627 vidit,

292 645 339 671 sed
360 652 404 671 nec
429 645 527 676 videre,
551 643 652 678 inquit,
677 647 770 677 potest.
792 642 824 669 Et
848 642 919 669 sicut
943 642 1077 674 animam,

295 697 348 717 non
365 690 427 724 quia
441 690 580 721 nolebant,
596 689 642 716 sed
662 689 724 723 quia
747 697 799 715 non
815 694 939 722 poterant
954 688 1079 714 occidere

292 742 401 772 propter
427 741 560 768 naturam,
587 736 620 763 ita
646 740 673 763 et
697 736 759 762 istic
777 736 878 762 dictum
902 739 961 767 est,
993 741 1079 768 neque

292 781 385 809 videre
408 785 538 817 possunt:
552 781 613 816 quia
631 788 684 808 non
703 781 801 808 cmlnm
821 779 964 807 obumbrat
984 786 1018 806 ne
1039 779 1081 806 vi-

293 828 399 859 deatur,
414 827 460 854 sed
481 832 578 854 natura
598 834 651 854 non
677 825 924 861 comprehenditur.
941 825 976 854 Ut
989 830 1078 852 autem

293 874 364 902 scias
388 873 452 908 quia
474 872 572 900 coalum
595 880 648 899 non
672 872 760 907 operit
787 879 833 899 eos
855 879 888 898 ne
904 871 1013 898 videant
1035 870 1080 905 qui

293 920 384 947 videre
407 927 457 946 non
480 924 604 953 possunt;
627 919 738 946 adverte
761 918 824 953 quid
841 918 879 944 ait
905 918 962 952 ipse
986 917 1078 944 Deus:

295 964 390 992 Nonne
403 964 494 991 calum
509 969 533 990 et
549 968 648 990 terram
668 971 714 997 ego
731 962 867 996 impleo"?
891 962 997 989 Intuere
1017 961 1078 996 quia

1126 367 1179 390 tem
1203 362 1322 389 audieris
1341 361 1403 396 quia
1421 359 1489 387 Deus
1511 359 1627 386 ambulat
1642 359 1671 385 in
1688 358 1815 393 paradiso
1826 358 1857 390 ’⁵,
1871 359 1902 385 ita

1126 409 1186 436 audi
1203 413 1230 435 et
1243 408 1276 435 de
1290 407 1359 434 Filio
1378 407 1441 442 quia
1456 406 1539 433 venit.
1560 405 1630 440 Ergo
1642 409 1670 432 et
1684 412 1745 431 cum
1762 404 1876 432 audieris
1890 413 1902 432 ι

1126 454 1281 490 propheta:
1306 453 1371 486 Quis
1395 457 1433 480 est
1462 453 1506 488 qui
1529 452 1598 479 venit
1621 460 1653 479 ea:
1677 450 1762 478 Edoni
1781 451 1819 478 "l
1842 451 1906 478 sicut

1127 499 1201 526 venit
1221 499 1263 533 qni
1281 500 1358 526 adest
1379 498 1405 525 in
1425 499 1538 530 mundo,
1561 497 1597 524 ita
1617 497 1690 524 venit
1715 497 1761 530 qui
1785 496 1859 523 venit
1877 504 1906 523 ex

1128 545 1222 573 Edom.
1236 545 1330 573 Vestes
1344 549 1435 572 autem
1451 544 1476 571 ei
1497 544 1594 571 rubras
1617 543 1744 578 imposuit
1760 542 1907 577 prophetia,

1128 599 1190 619 cum
1205 591 1298 618 Daniel
1315 591 1415 618 dixerit
1430 590 1488 618 alba
1503 597 1563 618 esse
1581 589 1640 624 ejus
1658 589 1831 616 vestimenta.
1845 588 1908 615 Mota

1129 643 1218 665 autem
1240 638 1316 664 nobis
1334 637 1421 665 fuerat
1437 638 1488 665 ista
1509 637 1621 671 questio
1636 640 1663 663 et
1679 635 1712 662 de
1729 635 1849 662 vestibus
1863 643 1870 660 :
1884 639 1910 661 et

1129 685 1152 712 si
1171 693 1222 712 non
1243 684 1336 712 fuisset
1354 689 1442 716 mota,
1457 683 1570 711 rationis
1590 687 1649 710 erat
1668 690 1720 709 non
1741 689 1802 709 eam
1825 686 1909 708 trans-

1130 731 1180 758 ire.
1197 731 1391 758 Condiscamus
1409 730 1472 765 quid
1487 734 1529 757 est
1547 729 1617 764 quod
1638 728 1737 756 dicitur
1754 732 1845 755 vestes
1865 727 1911 754 ba-

1131 775 1196 803 bere
1217 775 1316 807 Deum,
1335 779 1363 802 et
1383 775 1433 802 has
1453 775 1531 802 modo
1552 775 1659 806 rubras,
1680 773 1759 800 modo
1775 777 1866 800 autem
1881 773 1913 799 al-

1130 821 1189 849 bas.
1210 821 1268 849 Non
1292 821 1363 848 enim
1378 823 1508 857 iactatum
1525 820 1613 848 dicam
1631 820 1712 846 Deum
1733 818 1760 845 in
1783 818 1912 852 vestibus,

1130 871 1158 893 et
1178 873 1249 893 nunc
1263 866 1370 901 quidem
1395 866 1430 893 ita
1450 864 1553 897 vestiri,
1571 872 1644 892 nunc
1665 869 1754 892 autem
1771 864 1837 897 alia,
1861 869 1914 892 tan-

1130 919 1210 947 quam
1233 911 1391 940 ohsoletatis
1417 911 1566 947 prioribus.
1599 916 1644 938 aut
1669 918 1720 938 non
1750 911 1914 937 obsoletatis.

1132 957 1246 991 Quidam
1262 958 1307 984 sed
1323 957 1415 984 volunt
1430 958 1513 984 Deum
1526 957 1551 984 in
1570 956 1690 984 vestibus
1708 955 1841 989 jactatutn
1856 963 1912 983 esse

295 1011 372 1038 adest
394 1011 512 1045 quidem,
529 1018 581 1036 non
595 1010 700 1037 videtur
715 1015 803 1036 autem
822 1009 883 1043 quia
900 1013 926 1035 et
944 1009 1028 1035 adest.
1043 1007 1080 1034 Ita
1097 1002 1118 1031 Β
1132 1007 1159 1030 et
1171 1003 1274 1029 clarum
1291 1003 1388 1036 videri,
1411 1006 1538 1037 tanquam
1566 1009 1618 1029 non
1642 1001 1756 1029 suﬂiciat
1775 1002 1801 1029 ei
1825 1006 1916 1028 natura

295 1057 394 1083 iterum
410 1056 479 1083 idem
495 1055 640 1090 Apostolus
655 1056 688 1082 de
705 1056 844 1091 unigenito
858 1055 925 1082 Filio
938 1055 976 1082 ait
989 1066 994 1082 ;
1009 1055 1079 1088 Quia

295 1108 333 1130 ut
352 1103 439 1137 imago
459 1103 599 1129 invisibilis
614 1101 694 1128 Dei“.
711 1101 739 1129 Si
753 1102 825 1129 enim
847 1102 960 1129 dixisset
985 1101 1080 1136 imagi-

296 1156 356 1175 nem
373 1152 485 1180 tantum,
500 1155 682 1182 quaereremus
705 1148 851 1175 secundum
868 1148 930 1182 quid
949 1154 1020 1174 nunc
1035 1154 1081 1173 ac-

295 1194 368 1228 cepit
393 1193 605 1220 simiiitudinem.
633 1193 662 1220 Si
688 1197 778 1220 autem
805 1193 887 1220 addat
914 1193 1080 1228 imaginem,

295 1239 441 1267 secundum
465 1240 529 1274 quid
551 1239 654 1274 accepit
683 1238 910 1266 similitudinem?
936 1237 1079 1264 manifeste

296 1285 412 1311 dicens:
437 1283 583 1310 Invisibilis
603 1289 645 1311 est
667 1283 757 1316 Pater,
782 1283 925 1310 invisibilis
948 1288 976 1310 et
997 1282 1082 1310 Filius

296 1330 396 1357 Patris.
423 1329 497 1356 Sicut
522 1329 592 1356 enim
618 1329 644 1356 in
669 1329 762 1356 Genesi
786 1329 915 1363 scriptum
939 1333 1002 1356 est:
1027 1327 1082 1354 Fa-

296 1375 395 1401 ciamus
412 1375 541 1401 hominem
558 1376 591 1400 ad
612 1375 752 1408 imaginem
770 1379 793 1400 et
811 1374 1012 1400 similitudinem
1035 1382 1083 1400 no-

296 1419 413 1450 stram’,
428 1423 455 1446 et
472 1419 498 1445 in
519 1418 692 1453 sequentibus
713 1418 832 1445 ostendit
852 1418 998 1445 secundum
1019 1417 1084 1452 quid

297 1463 512 1491 similitudinem.
533 1463 578 1490 Ait
601 1463 693 1490 enim:
711 1462 747 1489 Et
763 1463 913 1489 dominetur
929 1471 1009 1496 supra
1029 1469 1082 1490 ter-

297 1518 354 1536 ram
375 1509 495 1536 omnibus
518 1509 632 1542 piscibus
657 1510 748 1541 maris,
764 1514 788 1536 et
807 1509 954 1536 volatilibus
970 1509 1043 1542 caeli,
1059 1513 1084 1536 et

297 1554 456 1582 animalibus
472 1560 548 1581 teri-te
563 1553 595 1580 “.
619 1553 653 1580 Et
672 1553 803 1588 accipitur
823 1553 970 1580 secundum
992 1553 1086 1588 imagi-

299 1609 358 1628 nem
379 1608 430 1627 non
446 1599 516 1627 aliud
529 1600 579 1627 nisi
591 1600 636 1634 qui
652 1607 666 1625 a
679 1606 741 1632 rege
756 1599 809 1626 Deo
837 1598 962 1626 omnibus
982 1599 1084 1626 consti-

299 1651 357 1673 tuto
375 1654 420 1673 rex
444 1646 490 1674 liet
516 1650 543 1672 et
567 1645 647 1672 homo
667 1652 761 1671 eorum
794 1651 853 1679 qua:
878 1651 959 1678 supra
985 1649 1084 1671 terram

299 1697 371 1719 sunt.
392 1691 425 1718 Et
444 1692 600 1718 dominante
619 1691 672 1718 Deo
691 1689 816 1718 omnibus
832 1690 873 1718 his
891 1698 951 1725 quae
971 1690 1035 1717 fecit
1058 1690 1085 1716 in

299 1737 370 1765 coelo
382 1742 409 1764 et
423 1738 449 1764 in
468 1742 550 1769 terra,
564 1736 746 1763 dominabitur
760 1740 787 1763 et
807 1735 887 1763 homo
905 1735 1030 1762 omnibus
1044 1736 1086 1763 his

299 1791 367 1818 quos
383 1783 544 1818 susceperit.
560 1781 636 1809 Sicut
659 1782 731 1809 enim
754 1781 808 1808 illic
827 1781 976 1809 similitudo
990 1788 1087 1809 secun—

300 1830 362 1856 dum
385 1829 529 1863 imaginem
559 1828 680 1855 salvatur
700 1827 728 1854 in
751 1827 980 1860 dominationem;
1005 1827 1042 1854 ita
1060 1832 1087 1854 et

299 1875 361 1902 istic
383 1874 452 1909 quod
473 1874 590 1905 dicitur,
613 1873 659 1908 qui
678 1878 720 1900 est
743 1873 830 1907 imago
857 1873 1000 1901 invisibilis
1021 1873 1088 1907 Dei,

300 1921 443 1952 conﬁtetur
466 1921 529 1955 quia
552 1920 622 1947 sicut
645 1912 728 1946 Pater
755 1919 897 1947 invisibilis
919 1924 976 1952 est,
1004 1919 1039 1946 ita
1061 1924 1089 1946 et

301 1966 385 1994 Filius
403 1967 460 1998 Dei,
477 1967 522 2001 qui
545 1971 587 1994 est
609 1967 697 2001 imago
718 1965 806 1993 Patris
829 1966 982 1998 invisibilis,
999 1966 1083 1993 habe-

302 2018 356 2040 tur.
370 2012 459 2048 Imago
473 2013 545 2040 enim
561 2013 764 2040 similitudinem
783 2012 904 2040 exhibet.
920 2013 954 2040 Et
970 2011 1041 2040 sicut
1055 2012 1088 2039 de

302 2059 382 2085 Patre
403 2059 502 2086 dictum
516 2064 566 2090 est,
586 2059 640 2086 imo
655 2060 689 2086 ab
703 2059 754 2086 isto
768 2059 866 2087 Patre:
882 2058 980 2086 Catum
996 2063 1019 2085 et
1038 2064 1088 2086 ter-

302 2112 358 2131 ram
372 2113 418 2139 ego
438 2105 531 2138 impleo
545 2105 576 2136 “,
593 2110 620 2132 et
637 2113 698 2132 cum
723 2105 800 2132 adest
817 2106 942 2133 omnibus
968 2114 1020 2133 non
1047 2106 1088 2132 vi-

301 2151 401 2177 detur:
421 2150 458 2176 ita
475 2154 501 2177 et
515 2150 549 2177 de
567 2149 635 2177 Filio
651 2150 753 2177 dictum
773 2155 832 2178 est:
850 2150 884 2177 In
903 2151 1002 2177 mundo
1021 2156 1088 2183 emt,

301 2200 326 2223 et
342 2195 452 2222 mundus
466 2203 523 2222 eum
538 2204 589 2223 non
602 2197 721 2230 cognovit
736 2196 770 2223 ²².
783 2195 817 2222 Et
831 2201 905 2223 certe
921 2196 988 2223 dicit
1004 2196 1090 2223 Evan-

303 2242 400 2277 gelium
419 2250 426 2268 :
445 2242 507 2269 Erat
533 2242 618 2268 lumen
638 2249 726 2268 verum
741 2242 772 2268 ”.
795 2241 899 2269 Lumen
929 2247 1019 2269 autem
1050 2243 1090 2269 vi-

303 2290 381 2316 detur
403 2288 572 2315 conducibile
588 2295 647 2316 esse
673 2290 767 2317 oculis.
792 2288 919 2316 Naturale
945 2290 1017 2315 enim
1045 2294 1089 2316 est

1129 1057 1177 1077 sua
1193 1058 1199 1075 :
1216 1054 1243 1076 ut
1264 1057 1335 1076 nunc
1352 1049 1458 1084 quidem
1480 1049 1540 1075 aliis
1558 1048 1678 1075 vestibus
1700 1048 1827 1081 indutus,
1845 1048 1917 1075 nobis

1131 1095 1223 1122 sedeat
1247 1095 1394 1121 secundum
1421 1093 1569 1126 Danielem,
1595 1101 1665 1120 nunc
1688 1098 1777 1120 autem
1801 1093 1864 1120 aliis
1877 1093 1916 1119 in-

1131 1139 1211 1167 dutus
1225 1139 1316 1167 veniat
1334 1141 1480 1166 secundum
1504 1139 1611 1166 Isaiam.
1631 1139 1684 1166 Sed
1702 1139 1743 1165 ha‘.
1764 1138 1831 1172 ipsa:
1851 1146 1918 1172 quai-

1131 1186 1232 1213 stiones
1253 1186 1337 1221 magis
1358 1187 1434 1213 nobis
1461 1186 1672 1220 interpretantur
1697 1190 1834 1213 naturam.
1859 1185 1918 1218 Quis

1132 1232 1216 1263 enim,
1233 1231 1330 1266 inquit,
1346 1236 1383 1258 est
1399 1232 1444 1266 qui
1457 1231 1523 1258 venit
1539 1239 1571 1258 ex
1588 1230 1682 1263 Edoni,
1698 1231 1849 1266 interrogat
1865 1239 1919 1267 pro-

1132 1277 1229 1312 pheta,
1252 1278 1331 1304 rubra
1354 1278 1505 1304 vestimenta
1531 1277 1628 1304 habent
1653 1285 1686 1304 es;
1712 1276 1853 1304 Bosar“?
1873 1278 1918 1304 Ista

1132 1323 1203 1350 enim
1223 1322 1292 1350 illius
1311 1323 1427 1350 nationis
1444 1322 1601 1357 metropolis
1620 1327 1689 1350 erat.
1705 1322 1855 1356 Respondit
1878 1329 1921 1357 per

1134 1372 1185 1399 hoc
1207 1372 1318 1406 spiritus
1343 1371 1480 1406 propheta:
1501 1371 1547 1405 qui
1576 1371 1793 1406 interrogaverat
1813 1379 1821 1398 :
1841 1371 1921 1405 magis

1133 1423 1223 1444 autem
1245 1418 1354 1451 spiritus
1371 1417 1440 1444 Deus
1457 1422 1571 1452 utraque
1590 1417 1655 1444 facit
1670 1424 1678 1448 ;
1696 1421 1724 1444 et
1745 1417 1920 1452 interrogavit

1134 1463 1275 1498 propheta,
1297 1467 1322 1488 et
1338 1462 1482 1496 respondet
1503 1467 1532 1490 ut
1553 1462 1623 1489 Deus
1645 1470 1652 1489 :
1671 1461 1738 1496 Ego,
1757 1462 1862 1496 inquit,
1879 1462 1921 1497 qui

1135 1508 1227 1543 loquar
1243 1507 1376 1542 justitiam
1394 1507 1424 1535 ⁸⁵.
1447 1507 1512 1540 Cur,
1542 1508 1646 1542 inquit,
1670 1508 1758 1534 rubra:
1787 1512 1852 1534 sunt
1875 1512 1923 1534 tua:

1136 1553 1241 1581 vestes?
1260 1553 1342 1580 Dicit:
1353 1553 1481 1580 Torcular
1497 1553 1595 1580 calcari
1609 1553 1680 1580 solus
1694 1553 1727 1579 ".
1748 1553 1776 1580 Si
1797 1559 1922 1588 quantum

1136 1599 1169 1626 ad
1186 1599 1286 1626 dictum
1302 1603 1420 1633 spectat,
1443 1599 1505 1633 quia
1525 1605 1665 1625 sermones
1687 1598 1764 1625 nobis
1787 1599 1923 1633 proferunt

1138 1645 1238 1672 inimici
1265 1654 1272 1672 :
1295 1645 1471 1680 incorporalis
1489 1645 1616 1677 torcular,
1636 1645 1736 1679 inquit,
1759 1644 1881 1677 calcari;
1900 1648 1924 1670 et

1138 1691 1209 1719 sicut
1230 1691 1376 1719 torcularia
1406 1699 1499 1726 sparsa
1523 1696 1585 1719 sunt
1610 1691 1777 1718 vestimenta
1805 1691 1880 1725 ejus,
1900 1696 1924 1716 et

1138 1737 1253 1765 rubredo
1279 1737 1418 1772 quaadam,
1438 1745 1490 1764 non
1515 1742 1604 1765 tamen
1628 1736 1740 1769 fucatio,
1760 1741 1822 1763 erat
1845 1736 1924 1762 vesn-

1138 1788 1287 1810 mentorum
1309 1783 1459 1816 naturalis,
1484 1791 1573 1818 neque
1598 1783 1644 1810 Illa
1676 1790 1737 1817 qua:
1756 1790 1790 1810 ex
1814 1781 1925 1809 artiﬁcio

1139 1828 1196 1856 lieri
1221 1829 1371 1856 consuevit.
1396 1828 1448 1856 Sed
1474 1829 1539 1865 quid
1567 1829 1665 1856 erant?
1687 1829 1860 1863 aspersiones
1878 1828 1925 1854 uti~

1138 1881 1199 1909 que,
1213 1878 1270 1901 uta
1287 1874 1413 1901 torculari
1432 1874 1488 1902 ﬁeri
1510 1875 1579 1902 solet
1595 1882 1788 1909 nonnunquam
1808 1875 1872 1901 vino
1884 1873 1922 1907 ja-

1139 1924 1252 1946 ctatum.
1267 1919 1336 1953 Quid
1359 1928 1424 1956 ergo
1445 1921 1471 1948 in
1493 1920 1577 1948 Edom
1601 1921 1682 1948 habet
1699 1921 1768 1948 Deus
1793 1919 1924 1948 torcular?

1139 1966 1167 1993 Si
1183 1967 1244 2000 quis
1260 1971 1348 1994 autem
1371 1967 1517 1995 calcaverit
1541 1968 1669 2001 torcular,
1685 1967 1819 2002 justitiam
1843 1967 1924 2002 loqui-

1140 2016 1191 2038 tur.
1207 2011 1236 2039 Si
1259 2017 1348 2040 autem
1368 2012 1570 2042 considerantes
1590 2014 1776 2041 invenerimus
1790 2021 1852 2049 qu'e
1871 2018 1924 2041 erat

1140 2058 1190 2084 ista
1205 2065 1282 2093 gens,
1295 2064 1323 2085 et
1337 2065 1390 2093 qua
1404 2059 1578 2087 damnatione
1593 2060 1707 2087 dehitrix
1725 2060 1887 2093 habebatur,
1900 2065 1924 2087 et

1139 2111 1219 2138 quam
1239 2104 1385 2131 vindictam
1405 2104 1439 2132 de
1460 2105 1554 2133 eadem
1572 2106 1634 2133 fecit
1655 2105 1742 2138 Deus,
1765 2111 1793 2133 et
1812 2113 1867 2140 quo
1887 2106 1923 2132 inv

1142 2149 1308 2177 terlicimitur
1319 2149 1420 2184 judicio
1435 2160 1441 2178 :
1463 2158 1640 2187 agnoscemus
1654 2152 1716 2186 quia
1734 2153 1854 2179 torcular
1871 2159 1918 2178 non

1139 2200 1180 2224 est
1208 2196 1343 2229 torcular,
1366 2198 1412 2224 sed
1441 2197 1559 2224 vindicta
1585 2205 1633 2232 per
1667 2198 1838 2232 sanguinem.
1860 2198 1925 2225 Esau

1140 2247 1231 2269 autem
1254 2243 1288 2270 ob
1311 2243 1415 2270 ventris
1445 2243 1605 2270 edacitatem
1635 2243 1790 2271 distrahens
1818 2250 1923 2279 propter

1141 2291 1262 2314 ventrem
1288 2291 1392 2314 natura:
1413 2287 1564 2322 primitias;
1585 2287 1647 2321 quia
1669 2287 1742 2314 enim
1773 2287 1826 2314 hoc
1845 2288 1925 2321 ipsum

303 2334 408 2367 lumini,
422 2340 449 2361 ut
464 2342 511 2369 per
529 2341 590 2361 eum
613 2334 727 2362 visibilia
748 2334 899 2362 videantur.
915 2333 967 2362 Sed
985 2335 1007 2362 si
1025 2334 1090 2362 sim-
1105 2344 1128 2372 ι)
1142 2333 1332 2360 incontinentia
1352 2337 1428 2367 erat,
1449 2340 1484 2360 ex
1504 2333 1569 2360 vitio
1591 2333 1685 2361 habuit
1705 2338 1732 2360 et
1751 2333 1925 2368 nuncupatim

302 2381 408 2415 pliciter
427 2381 516 2409 lumen
536 2381 665 2414 dixisset,
686 2382 828 2416 oportebat
850 2389 898 2409 nos
922 2382 955 2409 de
977 2382 1028 2409 hoc
1049 2382 1087 2409 lu-

303 2426 376 2454 mine
392 2428 523 2462 suspicari
538 2428 650 2460 dictum,
671 2431 697 2455 et
717 2428 750 2455 de
765 2428 823 2456 istis
840 2428 934 2456 oculis.
957 2428 1009 2456 Sed
1029 2429 1091 2464 quia

305 2480 357 2499 non
374 2472 532 2507 simpliciter
549 2473 615 2500 dicit
639 2473 728 2501 lumen
744 2483 751 2501 :
768 2475 816 2502 sed
837 2480 908 2508 erat,
931 2474 1034 2511 inquit,
1050 2475 1092 2502 lu-

303 2528 362 2547 men
378 2527 465 2547 verum
478 2520 519 2546 “z
541 2519 616 2554 pellit
633 2520 702 2547 istud
720 2520 809 2548 lumen
829 2521 900 2555 quod
922 2528 1014 2548 verum
1039 2528 1090 2548 non

304 2571 355 2593 est.
380 2564 445 2591 Erat
470 2565 557 2591 lumen
576 2573 662 2592 verum
685 2565 788 2592 ueniens
811 2565 839 2592 in
863 2565 930 2592 hunc
953 2567 1090 2593 mundum.

304 2611 371 2644 Quia
392 2611 464 2637 enim
482 2610 550 2637 dixit
563 2611 681 2643 veniens,
695 2612 813 2646 suspicio
827 2615 886 2638 erat
900 2611 962 2646 quia
979 2612 1090 2639 veniens

304 2656 422 2682 nondum
437 2655 593 2682 advenerat.
607 2655 730 2682 lncidens
752 2661 841 2683 autem
863 2656 995 2683 sermonis
1014 2657 1089 2684 inﬁr-

304 2702 424 2729 mitatem
441 2702 612 2730 conﬁrmavit
626 2703 724 2729 mentis
747 2702 920 2730 intellectum.
936 2703 1002 2735 Quia
1017 2704 1088 2730 enim

304 2748 388 2780 dixit,
413 2747 479 2774 Erat
503 2748 590 2775 lumen
617 2755 711 2775 verum
736 2748 845 2775 veniens
866 2749 892 2774 in
916 2748 987 2775 hunc
1010 2756 1090 2775 Inun-

304 2791 367 2818 dum
389 2800 396 2818 :
417 2797 446 2818 ut
468 2800 520 2819 non
544 2796 667 2826 putares,
690 2793 754 2827 quia
777 2800 828 2820 non
853 2793 946 2820 aderat
969 2800 1088 2828 praesens

304 2842 448 2870 antequam
473 2839 594 2871 veniret,
615 2843 646 2866 ut
661 2839 761 2866 dicitur
777 2846 792 2865 a
814 2839 989 2873 quibusdam,
1013 2840 1087 2867 addit

303 2882 443 2918 corrigens
465 2891 636 2913 sermonem:
651 2884 686 2912 In
708 2884 807 2911 mundo
826 2889 891 2911 erat.
909 2884 937 2912 Si
957 2886 1039 2920 igitur
1056 2885 1083 2913 in

340 2962 378 2989 ‘l
403 2961 456 2989 I‘itn
484 2970 518 2993 vi.
536 2963 578 2990 16.

305 2998 326 3018 ι·
345 2997 422 3026 Joau.
437 3005 455 3030 I,
471 2998 514 3024 10.
553 2999 573 3014 ¹¹
594 2999 657 3028 ibid.
667 3000 693 3027 9.
732 3000 754 3015 ³³
773 2999 839 3027 ibid.
879 3000 899 3016 ¹¹
920 3000 987 3028 Gen.
1001 2997 1086 3035 III,'8.

622 2965 632 2979 ⁷
653 2964 725 2991 llIer.
740 2972 821 2996 xxnI,
841 2964 886 2991 21.
925 2965 935 2979 ’⁸
954 2965 1056 2999 Coloss,
1073 2973 1093 2998 I,
1116 2965 1156 2992 15.
1195 2965 1206 2980 ⁹
1225 2964 1294 2992 Gen.
1313 2973 1340 2999 I,
1360 2965 1405 2994 26.

1145 2387 1215 2406 nem.
1232 2379 1265 2406 Et
1284 2384 1326 2407 est
1341 2379 1424 2406 Edom
1441 2379 1512 2414 quod
1534 2379 1726 2414 interpretatur
1747 2379 1872 2407 avaritia.
1892 2378 1927 2405 Et

1144 2424 1197 2451 isto
1219 2424 1300 2460 igitur
1323 2424 1392 2452 Esau
1417 2424 1486 2452 facta
1515 2430 1557 2452 est
1582 2432 1647 2459 gens
1667 2425 1855 2452 ldumaaorum.
1879 2424 1928 2451 Ista

1144 2476 1226 2504 gens,
1245 2469 1306 2504 quia
1333 2474 1359 2497 et
1379 2469 1449 2497 Esau
1470 2474 1529 2497 erat
1553 2469 1636 2497 frater
1657 2469 1750 2503 Jacob,
1767 2469 1862 2504 utique
1886 2471 1928 2496 de-

1145 2515 1201 2541 buit
1219 2515 1349 2550 aqualem
1371 2515 1517 2543 fraternam
1533 2516 1676 2550 quamdam
1698 2515 1868 2543 aﬂ‘cctionem
1883 2516 1928 2542 ha-

1144 2559 1207 2587 bere
1228 2561 1262 2588 ad
1285 2561 1422 2596 populum.
1446 2560 1496 2594 Qui
1521 2568 1583 2588 cum
1608 2569 1660 2588 non
1685 2562 1816 2594 haberet,
1841 2562 1927 2588 incre-

1143 2609 1224 2639 palur
1237 2605 1261 2632 ei
1282 2613 1296 2632 a
1313 2606 1368 2633 Deo
1383 2606 1446 2640 quia
1462 2613 1515 2633 non
1535 2606 1655 2634 servavit
1673 2612 1780 2641 paetum
1803 2606 1928 2633 fraterni-

1144 2652 1208 2679 tatis
1235 2653 1268 2679 ad
1294 2652 1434 2686 populum.
1463 2651 1532 2685 Quid
1560 2659 1625 2687 ergo
1650 2652 1838 2686 praavaricavit
1866 2658 1926 2679 con-

1143 2698 1255 2725 scientia
1272 2698 1304 2725 ad
1322 2698 1443 2730 fratrem,
1458 2703 1484 2725 et
1497 2698 1586 2725 erexit
1598 2698 1715 2733 judicent
1735 2697 1867 2725 adversus
1881 2696 1928 2724 se?

1144 2742 1277 2778 Propheta
1295 2748 1384 2770 autem
1409 2744 1557 2779 przevidens
1574 2743 1693 2771 futurum
1714 2745 1747 2772 de
1766 2744 1869 2772 eisdem
1888 2743 1928 2778 ju-

1142 2793 1241 2820 dicium
1261 2797 1289 2819 et
1308 2792 1466 2825 vindictam,
1483 2797 1512 2819 ut
1533 2792 1662 2820 lsraelilze
1681 2793 1714 2820 de
1728 2791 1853 2820 ldumzeis
1875 2793 1928 2819 vin-

1140 2838 1307 2870 dicarentur,
1321 2841 1465 2872 antequam
1482 2837 1559 2866 ﬁeret
1571 2838 1688 2866 vindicta
1702 2837 1926 2872 videtjudicium,

1137 2891 1166 2914 et
1184 2884 1248 2913 dicit
1269 2891 1277 2911 :
1308 2883 1375 2917 Quis
1391 2889 1428 2912 est
1456 2884 1501 2919 qui
1522 2885 1588 2912 venit
1613 2893 1646 2912 ex
1668 2883 1777 2912 Edam?
1797 2884 1832 2911 Et
1859 2888 1926 2911 cert:

1449 2964 1470 2980 ”
1491 2965 1555 2993 ibid.

1389 3002 1409 3020 ¹⁷
1431 3000 1495 3029 ibid.

1595 2965 1615 2981 ¹¹
1635 2964 1688 2992 Jcr.
1711 2971 1798 2995 mn,
1820 2963 1868 2990 24.

1126 3001 1146 3016 ³⁸
1167 3001 1217 3029 lsa.
1233 3008 1308 3036 LXIII,
1324 3002 1349 3028 1.
1389 3002 1409 3020 ¹⁷
1431 3000 1495 3029 ibid.
1536 3001 1556 3016 ¹⁸
1575 3000 1638 3028 ibid.
1657 3000 1683 3028 5.
1722 2999 1742 3014 "
1761 2998 1828 3026 ibid.
