2024 3208
89 260 158 288 ΗΠ

585 258 628 285 DE
648 258 880 287 INCORPORALI
899 256 944 286 ET,
963 256 1135 286 lNVlSlBlLl
1150 257 1227 285 DEO.

1646 258 1715 286 H18

87 324 219 354 quantum
248 318 281 345 ad
305 325 360 346 rem
384 318 499 345 necdum
522 318 573 346 hoc
592 318 704 346 scierat.
727 317 756 345 Si
786 322 876 345 autem
890 317 915 348 Δ
929 325 1026 352 capere
1054 318 1147 345 volunt
1169 317 1330 352 strepitibus
1352 317 1514 351 quibusdam
1538 321 1566 343 et
1588 318 1670 349 sonis,
1688 323 1716 346 et

87 366 203 394 necdum
219 364 293 392 facto
308 363 412 397 judicio
432 369 560 398 tanquam
576 364 632 398 jam
654 364 772 397 fecisset,
786 368 813 391 et
834 370 878 390 ve-

87 410 148 438 nire
163 411 272 438 videtur
292 417 354 437 cum
376 409 476 436 dicitur
496 416 641 444 apparere,
661 409 774 436 necdum
797 415 879 442 appa-

87 461 140 489 ret,
157 463 212 483 non
234 454 296 490 quia
317 458 428 489 apparet
449 458 592 488 antequam
613 455 704 482 veniat
719 461 753 481 est
769 453 853 481 Edom
868 461 876 487 ;

87 503 144 530 viso
163 502 236 529 enim
255 508 307 528 non
324 500 429 527 videtur
443 499 489 535 qui
512 500 643 534 praevenit
659 500 808 531 visionem,
834 506 880 526 ne-

87 555 140 583 que
154 547 317 575 vestimenta
335 546 426 579 habet,
440 545 532 580 qualia
549 545 675 580 apparuit
690 545 791 572 habens
806 554 812 572 :
831 544 878 572 sed

86 595 150 629 quia
168 593 226 620 vult
242 593 324 620 veluti
347 592 453 627 aspergi
476 600 522 619 sua
538 591 697 619 vestimettta
719 598 734 617 a
750 590 880 625 sanguine

86 647 180 667 eorum
194 640 241 675 qui
258 639 332 674 digni
355 644 418 666 sunt
439 643 536 666 morte.
554 637 612 665 Non
636 637 709 664 enim
728 637 760 663 ad
782 637 879 664 ctelum

88 684 281 712 transmittitur
308 683 529 711 interlicientium
557 682 687 718 sanguis,
707 682 754 710 sed
774 689 808 709 ex
829 682 882 709 hoc

87 729 206 756 maxime
226 729 381 763 agnoscitur
397 727 459 762 quia
483 725 663 761 incorporalis
685 729 727 753 est
747 723 835 756 Deus,
853 728 882 751 et

87 774 259 802 veStimentis
280 781 334 801 non
358 773 471 807 indiget.
494 771 563 805 Quia
582 778 642 807 qua:
666 774 778 805 apparet
800 769 880 797 indu-

89 825 143 852 ttts,
156 819 318 854 signiﬁcatio
334 823 376 846 est
391 818 476 852 magis
492 816 641 845 efﬁcientia:
656 824 735 851 quant
751 815 881 843 exbihitio

88 870 202 894 naturae.
222 866 290 892 Cum
314 864 418 899 judicat
434 863 516 890 habet
537 867 645 894 sedem,
665 866 693 888 et
714 862 759 897 qui
777 861 881 896 judieat

88 912 235 944 mundum,
260 910 336 937 albas
357 910 415 943 ejus
440 915 500 937 esse
526 913 614 936 vestes
640 907 779 942 Scriptura
805 906 880 934 dicit.

87 957 155 986 Cum
181 961 272 984 autem
299 957 398 984 iterum
423 955 544 982 vindicta
568 955 729 990 completur,
747 959 876 988 tanquam

89 1003 244 1039 regrediens
258 1002 340 1029 rubra
362 1003 421 1038 ejus
435 1002 502 1030 dicit
523 1009 583 1037 qua:
607 1009 659 1028 non
685 1004 764 1028 erant
779 1001 875 1033 rubra,
892 991 913 1018 Β

87 1055 115 1078 et
128 1051 291 1078 vestimenta
311 1056 372 1084 quae
394 1057 448 1076 non
465 1052 543 1076 erant
559 1047 719 1074 vestimenta
739 1055 746 1073 ε
765 1050 795 1073 ut
816 1050 880 1074 ante

87 1097 191 1124 audiret
215 1095 327 1131 populus
349 1095 411 1130 quia
433 1095 577 1122 vindictam
607 1093 682 1120 facit.
709 1092 765 1126 Ego
789 1096 879 1120 autem

88 1142 230 1169 audiebam
255 1141 416 1175 prophetam
447 1140 579 1167 dicentem
605 1146 657 1166 non
681 1138 713 1165 de
734 1138 788 1165 Deo
810 1137 878 1169 solo,

90 1188 136 1215 sed
157 1192 185 1215 et
206 1188 239 1214 de
258 1187 408 1218 sacerdote,
431 1186 523 1213 nescio
546 1192 609 1220 quo,
625 1185 670 1219 qui
687 1184 798 1211 indutus
821 1186 881 1210 erat

89 1235 246 1263 vestimenta
263 1234 333 1261 sicut
347 1233 484 1260 induimur
504 1237 532 1259 et
550 1239 608 1258 ttos.
625 1230 689 1264 Quae
710 1235 799 1256 autem
813 1228 881 1256 vidit

89 1280 220 1315 propheta
239 1279 412 1310 vestimenta,
429 1281 457 1304 et
476 1284 535 1312 qua:
558 1274 711 1303 imtnutavit
731 1274 879 1305 visionem,

89 1334 141 1353 non
165 1329 228 1353 sunt
251 1325 302 1352 ista
331 1316 492 1352 vestimenta
520 1330 580 1357 quae
598 1329 648 1349 nos
677 1321 824 1349 induimur.
850 1319 880 1346 Si

50 1364 54 1369 ”
88 1378 176 1399 autem
199 1373 244 1406 qui
268 1369 387 1398 induitur
411 1369 462 1396 ista
488 1368 648 1396 vestimenta
671 1369 751 1395 homo
773 1366 880 1400 conspi-

88 1418 158 1446 citur
185 1418 295 1445 indutus
322 1421 350 1444 et
381 1421 504 1448 mutans,
530 1420 558 1442 et
585 1414 738 1449 patiebatur
771 1414 879 1448 quidem

89 1465 133 1494 ille
153 1465 220 1492 nihil
240 1472 333 1492 eorum
355 1471 416 1498 quae
436 1463 504 1490 vidit
526 1462 672 1497 propheta,
697 1461 769 1488 facta
790 1466 880 1488 autem

89 1517 167 1543 Itlnt,
187 1518 247 1545 qua:
266 1509 338 1537 videt
356 1510 485 1544 propheta
509 1507 547 1542 (6)
564 1518 570 1535 :
594 1507 616 1534 si
638 1507 670 1534 de
693 1506 802 1533 homine
819 1506 880 1538 ista,

89 1561 192 1592 quanto
208 1556 294 1590 magis
312 1555 345 1583 de
373 1554 450 1582 Deo?
482 1553 585 1581 Dicitur
609 1553 636 1580 in
667 1552 798 1579 Zacharia
818 1559 881 1586 pro—

91 1604 189 1637 pheta:
210 1602 329 1629 Ostendil
346 1602 411 1629 mihi
434 1601 504 1628 Deus
526 1600 619 1628 luunt
642 1607 773 1626 summum
792 1606 879 1625 tacer-

90 1651 176 1677 dotem
193 1649 216 1665 '°
240 1658 248 1676 :
274 1648 364 1676 Jesum
390 1649 482 1676 dicens
513 1647 698 1677 sacerdotem,
724 1653 777 1673 non
806 1645 879 1672 illum
893 1663 915 1693 c

90 1696 207 1723 ostendit
230 1695 369 1722 Dominum
399 1694 489 1722 Jesum
505 1694 549 1728 qui
568 1698 609 1720 est
625 1692 744 1726 pontifex
771 1691 879 1726 pontiﬁ-

91 1750 150 1769 cum
168 1746 194 1769 et
209 1741 335 1769 sacerdos
346 1740 527 1768 sacerdotum.
543 1739 576 1765 Et
589 1740 645 1770 iste,
662 1737 764 1773 inquit;
772 1738 879 1765 vestitus

91 1790 144 1811 erat
161 1785 313 1812 uestimenta
336 1784 461 1816 sordida,
478 1788 502 1810 et
521 1784 607 1810 stabat
628 1783 750 1809 diabolus
770 1790 787 1809 a
813 1782 880 1808 dea;-

91 1831 138 1857 tris
160 1830 217 1865 ejus
244 1831 351 1865 cupiens
369 1838 428 1857 eum
455 1838 547 1858 nocere
557 1830 591 1858 “.
618 1829 702 1858 Erant
725 1829 797 1857 enint
823 1830 881 1863 ejus

91 1876 200 1904 sordida
220 1876 390 1904 vestimenta.
412 1876 489 1903 Sicut
511 1877 584 1905 enim
602 1883 693 1903 mures
715 1875 748 1902 ad
773 1875 881 1902 nidores

92 1927 256 1950 concurrunt
272 1931 278 1949 :
293 1922 329 1949 ita
343 1921 468 1950 diabolus
481 1926 508 1949 et
533 1921 605 1949 illius
620 1921 757 1949 exercitus
779 1921 824 1948 illo
837 1921 882 1948 de-

92 1968 208 1996 lectatur
220 1969 326 1996 nidore.
343 1967 376 1996 Et
390 1969 442 1996 hoc
453 1968 525 2003 quod
540 1973 600 1996 erat
619 1965 718 1995 lectum
737 1972 780 1995 est
793 1977 799 1994 :
814 1967 880 1994 Cum

90 2015 199 2049 spiritu:
217 2022 328 2050 nequam
355 2014 448 2041 exierit
471 2015 503 2040 ab
523 2014 637 2047 homine,
653 2014 746 2040 circuit
766 2014 880 2040 desertas

90 2058 172 2092 locas,
184 2064 207 2086 et
221 2060 315 2094 quwrit
335 2059 488 2094 requiem".
507 2058 586 2086 Sicut
599 2063 627 2086 et
644 2065 726 2085 canes
750 2058 880 2093 coquina-

92 2114 151 2133 rum
166 2106 306 2141 requirttnt
324 2106 369 2133 ubi
390 2105 511 2142 sanguis,
525 2105 570 2132 ubi
592 2110 710 2137 stercus,
725 2104 769 2132 ubi
791 2105 881 2131 inlota;

93 2152 249 2186 interanea,
267 2157 295 2179 et
318 2152 373 2179 illic
397 2156 571 2179 concurrunt.
594 2151 627 2179 Et
650 2152 720 2178 sicut
738 2151 785 2186 qui
813 2151 879 2178 foris

91 2203 214 2229 currunt.
242 2198 418 2226 adinveniunt
437 2198 508 2232 quod
535 2202 611 2232 turpe
627 2202 669 2224 est
691 2197 814 2230 verbum,
834 2197 879 2230 qui

92 2249 168 2273 actus
193 2244 303 2277 fcedos;
331 2244 367 2271 ita
390 2251 452 2271 cttm
476 2243 587 2278 spiritus
609 2243 763 2270 immundus
784 2242 880 2270 exierit

92 2289 125 2316 ab
140 2289 261 2321 homine,
277 2289 373 2316 circuit
395 2289 500 2316 deserta
527 2293 555 2316 ct
579 2288 653 2315 arida
675 2288 733 2315 loca
754 2295 880 2322 qumrens

932 364 1111 399 thymiamate
1125 364 1250 391 volantes
1263 363 1404 391 detinent:
1419 363 1455 390 ita
1471 367 1498 389 et
1515 363 1644 390 immundi
1665 364 1717 398 spi-

930 410 1000 437 ritus
1018 411 1091 438 circa
1107 410 1244 437 imtnttnda
1265 413 1409 445 vagantur,
1429 415 1456 437 et
1469 415 1593 445 quarunt
1605 419 1657 437 non
1672 411 1716 438 ubi

931 464 1015 491 purus
1033 460 1074 483 est
1098 455 1158 493 llos,
1186 456 1232 483 sed
1257 455 1300 483 ubi
1328 456 1536 487 contaminatio.
1552 456 1596 483 ubi
1619 456 1718 484 fabulas

931 502 1089 534 mendaces,
1115 502 1163 529 ubi
1179 502 1267 537 imago
1293 501 1358 529 false
1375 502 1498 537 ﬁgurata,
1514 502 1559 529 ubi
1584 503 1717 529 sacriﬁcia

931 547 1076 581 malitiosa,
1098 547 1143 574 ubi
1163 547 1291 575 mulieres
1312 548 1464 582 impudicae,
1486 548 1531 575 ubi
1553 548 1602 575 viri
1628 548 1716 582 incisi,

931 592 976 619 ubi
992 593 1035 620 dei
1051 592 1167 619 adulteri
1184 592 1234 628 (7),
1254 592 1300 620 ubi
1316 593 1372 620 deae
1394 593 1572 624 fornicantes.
1589 593 1633 620 ubi
1655 601 1719 620 sau-

930 638 991 673 guis
1013 642 1040 665 et
1048 638 1169 673 pollutio,
1185 638 1228 665 ubi
1246 638 1328 671 tibiae,
1345 638 1390 665 ubi
1405 638 1523 670 saltatio,
1538 638 1583 665 ubi
1599 638 1716 670 nuditas,

930 684 975 711 ubi
991 685 1081 711 omnis
1097 684 1247 719 turpitudo.
1262 684 1292 711 ln
1317 685 1467 712 istiusmodi
1490 685 1621 712 immttudi
1638 686 1717 720 spiri-

932 733 974 756 tus
988 730 1171 765 requiescttnt.
1186 730 1214 758 Si
1231 735 1324 759 atttem
1342 731 1443 758 viderit
1456 731 1574 766 aliquem
1589 731 1615 758 in
1625 731 1717 759 habitu

930 776 1028 810 pudico
1049 781 1078 804 et
1098 777 1225 811 honesto,
1239 777 1363 804 indutum
1382 784 1442 804 esse
1458 777 1600 805 Dominum
1614 776 1718 809 Jesum,

931 821 1023 849 statim
1046 821 1128 854 dicit;
1153 829 1215 856 quae
1239 821 1307 849 dicit
1342 822 1492 856 permitte:
1508 822 1573 857 quid
1593 822 1670 850 nobis
1691 826 1719 850 et

932 866 999 895 tibi?
1020 866 1078 894 Non
1099 872 1140 895 est
1159 872 1251 903 aptum
1274 867 1363 895 lumett
1385 868 1428 895 his
1443 868 1489 903 qui
1507 868 1562 896 Ιτεεί
1581 873 1644 896 sunt
1656 877 1721 896 ocu-

930 913 981 946 lis;
1006 914 1038 941 ad
1057 914 1183 941 tenebras
1198 914 1271 941 enim
1283 919 1489 946 convertentur,
1503 915 1629 942 tenebras
1648 915 1719 942 inse-

932 964 1059 994 qttentur,
1074 959 1100 986 in
1122 959 1244 986 tenebris
1266 959 1453 994 requiescunt.
1469 959 1536 987 Cum
1553 965 1642 988 autem
1664 961 1719 995 spi-

929 1005 998 1032 ritus
1011 1005 1167 1032 immundus
1180 1006 1322 1039 quzesierit
1339 1006 1366 1031 in
1384 1005 1499 1033 desertis
1513 1010 1542 1033 et
1557 1006 1640 1034 aridis
1653 1006 1719 1034 locis

931 1051 1050 1085 requiem
1065 1055 1092 1078 et
1107 1058 1160 1078 non
1173 1050 1316 1083 invenerit,
1334 1052 1436 1078 exierat
1448 1052 1519 1079 enim
1534 1052 1567 1079 ab
1587 1052 1693 1080 homine
1710 1060 1718 1080 ε

930 1095 1057 1128 Redeam,
1071 1096 1171 1131 inquit,
1184 1097 1218 1123 ad
1240 1097 1343 1124 domum
1359 1105 1443 1124 meum
1456 1098 1524 1125 unde
1536 1098 1646 1126 exivi“.
1665 1098 1718 1126 Do-

930 1149 1003 1169 mum
1031 1149 1108 1169 suam
1139 1147 1218 1169 vocat
1240 1149 1314 1174 eum,
1327 1143 1372 1177 qui
1391 1143 1508 1170 voluerit
1538 1145 1633 1171 domus
1660 1151 1720 1172 esse

929 1187 998 1223 ejus.
1019 1187 1047 1214 Si
1065 1192 1156 1215 autent
1174 1187 1294 1220 redierit,
1310 1188 1407 1222 inquit,
1422 1188 1533 1222 spiritus
1550 1188 1716 1221 immundus.

929 1237 957 1261 et
976 1233 1108 1261 invenerit
1135 1233 1272 1261 hominem
1304 1234 1378 1260 illttm
1409 1240 1532 1269 paratum
1559 1235 1633 1262 sibi:
1655 1236 1719 1270 quia

929 1280 1001 1306 enim
1019 1279 1086 1306 vidit
1104 1280 1221 1315 spatiunt
1248 1280 1276 1306 in
1305 1280 1387 1313 malo,
1410 1288 1463 1307 non
1488 1281 1547 1307 vult
1571 1281 1627 1315 jam
1647 1281 1721 1309 solus

930 1325 1064 1359 habitare,
1080 1327 1127 1354 sed
1141 1327 1214 1354 vadit
1231 1331 1258 1354 et
1272 1326 1388 1353 assumit
1402 1326 1470 1354 alios
1483 1331 1588 1362 septem
1607 1327 1721 1363 spiritus

930 1371 982 1399 sibi
1006 1371 1162 1406 ttequiores,
1180 1379 1207 1399 et
1232 1373 1340 1406 octttplo
1366 1377 1497 1407 quantum
1518 1372 1551 1399 ad
1575 1379 1719 1400 numerum

930 1417 994 1452 quia
1010 1418 1116 1452 pejores
1133 1418 1258 1445 assumit.
1277 1418 1335 1446 Non
1351 1419 1424 1446 enim
1438 1423 1570 1452 quantum
1591 1425 1721 1445 numerus

931 1464 1104 1499 multiplicat,
1120 1468 1224 1491 tantum
1241 1464 1328 1492 solum
1345 1469 1372 1492 et
1386 1465 1489 1492 malitia
1507 1465 1590 1493 addit.
1606 1464 1644 1492 Ita
1659 1472 1721 1492 cum

931 1512 1045 1546 eteperit
1058 1512 1119 1546 quis
1133 1512 1234 1539 moveri
1251 1512 1284 1539 ad
1303 1520 1413 1540 cursum
1431 1513 1543 1545 malum,
1558 1516 1605 1539 attt
1618 1512 1651 1539 ad
1663 1516 1721 1540 tur-

932 1564 992 1590 pem
1007 1556 1141 1591 loquelam
1157 1564 1234 1583 suam
1248 1557 1385 1590 paraverit
1398 1558 1534 1592 tinguant;
1552 1557 1654 1584 invenit
1665 1558 1720 1591 spi-

932 1602 1002 1629 ritus
1015 1602 1172 1629 immundus
1186 1608 1391 1636 operatnentum
1405 1602 1461 1636 jam
1484 1603 1631 1637 incipiente
1647 1603 1717 1631 mala

933 1648 966 1674 ab
984 1646 1106 1680 homine,
1132 1651 1160 1674 et
1183 1647 1305 1682 suggerit
1327 1647 1429 1681 pejora,
1449 1652 1476 1674 et
1494 1647 1576 1674 ellicit
1594 1647 1644 1674 ista
1658 1656 1719 1682 quae

932 1697 960 1720 et
975 1693 1084 1720 videtis.
1103 1693 1162 1721 Non
1179 1693 1250 1720 enim
1267 1697 1309 1720 est
1324 1692 1396 1727 quod
1419 1692 1517 1719 videtis
1537 1697 1654 1725 tantum,
1672 1693 1720 1720 sed

932 1738 1119 1773 unusquisque
1143 1745 1237 1765 eorum
1253 1742 1356 1772 septem
1374 1743 1401 1764 et
1416 1738 1506 1772 plures
1527 1743 1598 1764 sunt.
1615 1736 1681 1764 Nam
1695 1742 1722 1763 et

933 1785 1024 1819 plures
1049 1784 1150 1812 habent
1165 1784 1310 1811 tlzemones.
1331 1783 1360 1810 Si
1373 1784 1436 1818 quis
1459 1788 1548 1810 autem
1568 1783 1717 1810 recedenti-

932 1831 982 1858 bus
996 1830 1174 1861 da-monibus,
1192 1830 1262 1857 sicut
1288 1829 1418 1856 ebrietate
1435 1829 1586 1860 recedente.
1602 1829 1718 1856 voluerit

935 1877 1118 1912 interrogare,
1139 1877 1160 1904 si
1182 1882 1272 1904 tamen
1288 1882 1315 1903 et
1333 1876 1476 1911 agnoverit
1490 1875 1605 1909 aliquem
1624 1882 1718 1901 eorum

933 1922 978 1957 qui
998 1929 1071 1949 nunc
1086 1921 1241 1957 gloriantur
1256 1922 1281 1948 in
1299 1920 1512 1955 turpitudinibus
1528 1919 1596 1951 suis,
1613 1919 1669 1954 ipse
1683 1919 1719 1946 sit

932 1968 975 2002 qui
998 1968 1114 1995 faciebat
1129 1969 1197 1999 hate,
1220 1972 1265 1994 aut
1286 1966 1360 1999 fecit,
1383 1970 1429 1992 attt
1447 1965 1552 1992 loculus
1568 1969 1630 1998 est;
1657 1971 1720 1992 vere

932 2015 1047 2042 efﬁcitur
1070 2015 1134 2042 illttd
1160 2014 1337 2049 apostolicum
1363 2013 1463 2040 dictum
1481 2020 1488 2038 :
1503 2012 1580 2044 Quod
1605 2012 1720 2046 [ruclum

934 2061 1069 2088 habebatis
1085 2065 1157 2093 tunc,
1172 2060 1199 2086 in
1211 2060 1304 2095 quibus
1317 2067 1385 2086 nunc
1397 2057 1640 2092 confundimini"?
1659 2056 1720 2084 Sic—

931 2111 960 2134 ut
980 2107 1052 2133 enim
1086 2113 1156 2133 nunc
1180 2106 1302 2133 videmus
1332 2105 1486 2131 immundos
1510 2103 1622 2139 spiritus
1649 2103 1721 2130 acci-

932 2153 1036 2188 pientes
1055 2151 1237 2182 occasionem,
1263 2151 1387 2185 persequi
1404 2158 1434 2177 ea
1457 2157 1516 2184 qua:
1539 2149 1638 2176 similia
1656 2153 1720 2177 sunt

931 2199 1053 2226 sibi:ita
1077 2201 1105 2225 et
1134 2201 1199 2224 tunc
1224 2197 1285 2231 quia
1312 2197 1422 2224 sordida
1457 2200 1536 2222 erant
1560 2195 1722 2223 vestimenta

931 2244 1083 2272 sacerdotis
1102 2243 1162 2278 ejus
1187 2243 1234 2277 qui
1259 2241 1349 2270 fuerat
1378 2242 1461 2274 visus,
1483 2242 1572 2270 stabat
1601 2241 1723 2268 diabolus

932 2291 966 2317 ad
996 2290 1135 2317 dexteram
1169 2288 1227 2322 ejus
1256 2288 1368 2323 cupiens
1401 2295 1463 2314 eunt
1495 2294 1590 2314 nocere
1614 2290 1723 2319 propter

93 2337 226 2369 requiem,
251 2335 313 2370 quia
338 2342 391 2362 non
413 2334 561 2362 delectatur
584 2342 689 2370 pacem,
715 2342 803 2370 neque
824 2334 880 2362 vult

933 2337 1040 2364 sordida
1061 2336 1237 2363 vestimenta.
1263 2334 1359 2362 Stahat
1386 2339 1476 2361 autem
1492 2338 1518 2359 et
1535 2331 1646 2366 angelus
1663 2329 1719 2356 Dei.

93 2381 257 2413 habitacula,
269 2382 315 2409 sed
331 2382 436 2408 deserta
453 2381 561 2416 quarit,
576 2386 623 2408 aut
643 2386 742 2408 terram
759 2385 805 2408 aut
819 2381 878 2407 atti-

94 2435 166 2454 tnam
179 2427 286 2462 quaerit.
305 2427 360 2454 Nec
372 2427 416 2453 ubi
427 2434 522 2453 aurum
538 2426 616 2454 malis
638 2427 741 2454 artibus
757 2434 878 2454 comma-

93 2473 233 2500 chinatum
254 2478 296 2500 est
315 2473 340 2500 in
363 2473 516 2500 simulacris
531 2473 640 2506 quaerit,
654 2480 704 2499 nec
717 2473 762 2500 ubi
785 2480 880 2507 argen-

94 2523 149 2545 tum
174 2518 244 2545 maie
267 2512 415 2545 conﬂatuni
438 2522 479 2545 est
492 2522 521 2544 ut
543 2517 713 2544 adoreretur.
732 2517 824 2546 Sicubi
845 2518 878 2545 li-

92 2571 174 2597 guttut
193 2571 238 2591 ars
253 2568 299 2591 aut
312 2563 410 2591 idolum
427 2563 548 2598 sculpsit,
573 2563 658 2591 sicubi
676 2563 790 2598 lapidem
819 2571 877 2591 ero-

93 2614 193 2637 xerunt
208 2617 303 2638 manus
321 2610 353 2637 ad
370 2609 531 2643 colendum;
560 2609 626 2637 tales
650 2610 747 2645 quzerit
769 2611 876 2646 requies

94 2657 206 2689 spiritus
229 2657 391 2683 immundus.
417 2655 508 2683 Sicubi
535 2656 655 2691 sanguis.
672 2656 760 2683 sicubi
786 2657 876 2690 nidor,

95 2701 183 2733 sicubi
201 2703 376 2734 seducantur,
395 2702 481 2730 sicubi
495 2701 613 2732 theatra,
630 2701 718 2728 sicubi
735 2701 799 2728 nudi
815 2710 879 2729 cur-

111 2753 199 2780 eutes,
215 2748 301 2775 sicubi
317 2749 403 2783 turpia
417 2747 571 2782 loquentes,
596 2751 626 2774 et
641 2746 760 2781 turpiora
783 2748 881 2776 admit-

106 2799 195 2828 ;ntes,
217 2800 243 2822 et
263 2795 333 2822 sicut
353 2795 443 2829 apittttt
464 2794 608 2829 progenies
632 2794 758 2821 acerritni
768 2795 878 2829 quidam

130 2887 153 2903 "
172 2887 254 2917 Zuch.
273 2895 313 2920 tn,
330 2889 355 2915 1.
392 2887 414 2904 ’ί
434 2887 498 2916 ibid.
516 2887 542 2915 8.
598 2888 619 2903 ²¹
632 2887 785 2920 Matth.xn,
802 2887 846 2916 45.

113 2946 171 3008 [(‘6':
199 2946 248 2974 Ms.
276 2945 357 2974 Facta
380 2951 465 2974 autem
489 2952 548 2974 sunt
573 2946 622 2974 ista
641 2954 698 2982 qua:
716 2946 795 2978 uides,
821 2955 880 2981 pro-

121 2991 142 3008 Η
155 2991 180 3008 η.

97 2988 127 3010 υΙΙ
132 2988 169 3008 ειη
174 3000 180 3007 .

895 2889 918 2906 ’³
930 2889 994 2918 ibid.
1009 2887 1054 2915 ιι.

933 2380 969 2407 Et
987 2381 1060 2413 dicit,
1084 2380 1182 2414 inquit,
1205 2378 1314 2413 angelus
1336 2377 1382 2404 Dei
1403 2375 1656 2410 diabolo:lncrepet
1675 2375 1721 2401 tibi

933 2427 1074 2454 Dominus.
1100 2425 1169 2458 Hoc,
1195 2424 1292 2459 inquit,
1309 2424 1429 2450 relictum
1452 2427 1488 2448 est
1507 2422 1539 2448 ab
1555 2414 1627 2455 igne,
1640 2426 1663 2447 et
1683 2420 1721 2447 vis

932 2481 993 2500 eum
1014 2470 1213 2499 comburere“?
1236 2470 1270 2497 Et
1291 2474 1352 2504 post
1379 2468 1432 2495 hoc
1460 2467 1587 2502 praecepit
1611 2466 1722 2501 angelus

934 2518 1034 2546 auferri
1052 2525 1066 2544 a
1091 2517 1234 2545 sacerdote
1254 2515 1361 2543 sordida
1382 2514 1552 2545 vestimenta,
1577 2517 1603 2540 et
1626 2512 1718 2540 vestiri

933 2573 994 2592 euttt
1015 2564 1125 2591 muuda.
1140 2563 1173 2590 Et
1187 2562 1313 2589 sacerdos
1323 2560 1431 2596 quidem
1447 2560 1492 2594 qui
1509 2559 1649 2587 videbatur
1665 2565 1717 2585 non

936 2610 1050 2642 aderat;
1070 2609 1115 2636 sed
1137 2608 1284 2636 constituto
1306 2614 1339 2634 eo
1360 2605 1433 2639 alibi,
1457 2606 1598 2633 videbatur
1620 2612 1634 2631 a
1660 2611 1720 2638 pro-

934 2657 1026 2690 pheta,
1042 2660 1069 2683 et
1081 2654 1190 2683 sordida
1204 2654 1318 2682 vestitus
1331 2658 1391 2680 erat
1408 2653 1579 2683 vestimenta,
1591 2651 1636 2678 illo
1651 2650 1721 2677 forte

934 2701 1050 2729 candida
1068 2701 1179 2728 vestito.
1207 2699 1240 2726 Et
1264 2699 1361 2727 iterum
1387 2699 1545 2726 immutatur
1561 2697 1620 2731 ejus
1638 2696 1720 2724 vestis

933 2749 979 2784 qui
1001 2748 1143 2776 videbatur
1165 2755 1179 2774 a
1203 2748 1345 2782 proplteta,
1361 2751 1387 2773 et
1407 2746 1451 2773 ille
1475 2753 1528 2773 tton
1545 2744 1658 2771 mulavit
1674 2743 1719 2777 qui

934 2804 988 2824 non
1006 2800 1066 2823 erat
1080 2796 1106 2821 iu
1123 2794 1236 2822 visione.
1254 2794 1287 2821 Et
1302 2793 1427 2829 provenit
1445 2798 1574 2828 quantum
1592 2793 1625 2820 ad
1640 2792 1720 2819 visio-

1103 2886 1127 2903 “
1146 2887 1222 2914 Rom.
1238 2886 1329 2919 vr,2l.
1368 2886 1391 2901 “
1407 2885 1488 2913 Zztch.
1507 2884 1578 2918 "1,9.

970 2946 1008 2985 (7)
1024 2946 1072 2974 Ms.
1088 2945 1139 2973 Ubi
1156 2946 1198 2973 dei
1213 2944 1401 2972 adulterantes.
