2024 3208
295 209 366 238 11η

633 208 764 236 ευεεηιι
784 206 1026 236 (ΖΕΞΑΒΙΕΝΞΙΒ
1044 206 1085 234 0P

1141 205 1230 234 PARS
1250 205 1293 233 ιν.
1313 221 1350 227 -
1366 203 1576 232 DOG‘MATICA.

1848 203 1916 229 “‘20

298 277 370 301 nem,
391 267 528 303 duplicem
546 274 607 295 esse
627 269 795 295 sacerdotem
816 267 907 295 istum.
925 267 991 294 Erat
1009 267 1081 294 enim
1097 268 1121 296 Δ
1135 265 1243 293 videbat
1263 265 1333 293 Deus
1365 264 1473 292 athletae
1493 269 1631 291 coronam.
1658 261 1728 297 Ergo
1755 269 1817 289 cum
1841 260 1916 289 Scri-

295 320 321 340 et
336 314 415 340 homo
439 313 472 340 ad
493 313 666 347 semetipsum
687 312 742 344 ille,
757 318 785 340 et
801 312 892 347 utique
908 320 958 339 nec
972 311 1080 339 sordida

297 360 413 386 habebat
425 359 596 391 vestimenta,
613 366 701 393 neque
717 358 872 386 immutavit
887 366 950 386 cum
971 359 1024 386 isto
1035 358 1080 393 qui

297 405 323 430 in
339 404 443 431 visione
459 408 516 430 erat
536 403 618 430 visus.
638 403 742 438 Agenle
765 409 854 431 autem
873 411 908 431 eo
918 408 945 430 et
956 403 1040 434 salvo,
1054 408 1081 430 et

297 453 394 483 agente
419 449 444 475 in
464 448 506 475 his
524 448 591 475 lacis
612 448 639 476 in
658 449 755 483 quibus
777 453 835 476 erat
852 449 992 483 propheta,
1015 449 1082 476 vidit

297 503 370 526 eum,
386 502 438 522 non
460 495 546 528 ipsum
563 495 646 526 videt.
663 499 690 522 et
704 503 764 522 eum
781 500 941 528 praesentem
956 495 1081 522 vestitum

298 540 405 566 sordida
417 539 589 572 vestimenta,
604 547 663 574 quae
680 548 732 567 non
747 541 862 567 habebat
878 540 931 573 ille,
944 548 993 567 nec
1009 540 1081 567 enim

298 589 375 611 erant
392 585 553 612 vestimenta
578 586 624 612 sed
648 590 769 620 peccata.
788 585 949 614 Vestimenta
973 587 1081 622 quidem

298 634 391 663 utpote
413 629 529 657 hominis
549 635 628 657 erant
655 631 768 657 candida
795 640 803 657 :
822 632 866 658 ubi
893 637 982 659 autem
999 633 1082 659 vesti-

299 680 389 702 tueula
408 682 459 701 non
469 679 559 706 erant,
570 675 732 702 vestimenta
748 680 858 710 peccata
872 683 949 703 erant
962 677 1082 704 sordida.

299 721 365 752 Quia
382 721 453 746 enim
471 726 583 754 peccata
600 726 689 754 erant,
708 722 815 749 sordida
833 723 994 750 vestimenta
1007 723 1083 751 dicit.

299 766 365 799 Quia
381 772 470 793 autem
487 768 605 801 peccatis
615 767 766 795 delectatur
780 768 913 800 diabolus,
929 769 1024 796 adorat
1038 777 1085 804 per

299 811 429 839 visionem
445 820 451 838 :
467 812 511 838 ubi
526 812 599 839 enim
613 817 672 840 erat
687 813 774 846 nidor,
795 813 849 842 illic
862 814 969 844 sordida
980 815 1085 843 anima-

300 855 335 882 lia
351 865 358 883 :
373 856 417 883 ubi
436 862 584 891 peccatum,
610 857 664 885 illic
683 858 843 886 adiuventur
863 859 897 886 ab
924 859 1000 887 initio
1022 867 1085 893 pec-

300 901 364 929 cati.
380 901 510 936 Objurgat
531 902 613 937 igitur
630 903 741 938 angelus
757 910 918 938 praesentem
935 905 1084 937 diabolum,

301 953 325 974 et
339 948 462 983 prmcipit
477 956 582 976 mutare
596 950 755 977 vestimenta
767 950 927 982 sacerdotis,
941 955 968 978 et
984 952 1085 978 auferri

301 994 336 1020 ab
349 1002 381 1021 eo
396 996 517 1026 sordida.
536 997 629 1023 vestiri
646 1001 736 1023 autem
758 1004 817 1023 eum
839 997 948 1029 nmnda,
961 1002 990 1030 et
1003 997 1086 1024 inter-

301 1044 423 1075 pretatur
438 1041 621 1074 ellicientiam,
637 1048 664 1069 et
680 1043 745 1070 dicit
761 1054 767 1071 :
782 1043 858 1074 Ecce.
879 1044 974 1078 inquit,
990 1043 1087 1073 abstuli

301 1093 316 1111 η
334 1090 358 1112 ιι
376 1092 482 1119 peccata
507 1091 553 1114 tua
564 1087 597 1115 ".
617 1088 644 1115 Si
664 1088 722 1115 ista:
746 1089 816 1115 circa
842 1089 977 1116 hominem
999 1094 1087 1117 vestes

302 1138 354 1158 non
369 1137 446 1159 erant
463 1136 563 1165 vestes,
577 1133 624 1159 sed
639 1134 718 1160 modo
729 1134 837 1168 quidem
857 1139 1030 1168 peccatorum
1046 1134 1088 1161 in-

301 1177 398 1211 signia,
419 1179 498 1204 modo
513 1183 602 1205 autem
625 1179 770 1213 puritatis:
784 1187 870 1214 quare
889 1188 920 1206 ea
940 1187 999 1215 quae
1013 1181 1086 1207 circa

303 1222 436 1250 hominem
458 1231 521 1251 sunt
547 1225 683 1259 descripta
704 1226 867 1253 vestimenta
895 1234 946 1254 non
970 1227 1087 1261 suscipi-

301 1276 371 1299 mus,
389 1271 454 1304 quia
470 1271 541 1297 circa
560 1271 697 1298 hominem
714 1271 819 1298 fuerant
841 1280 901 1306 quae
917 1279 944 1299 et
959 1273 1087 1306 vestitur;

301 1322 362 1348 quas
376 1320 464 1342 autem
489 1316 562 1343 circa
584 1316 668 1343 Deum
687 1317 813 1343 dicuntur
828 1318 1004 1348 vestimenta,
1022 1325 1087 1344 con-

303 1360 438 1387 tendimus
449 1368 509 1388 esse
521 1362 698 1389 vestimenta?
709 1361 799 1388 Multis
813 1363 920 1390 denudo
936 1363 1012 1390 vobis
1026 1371 1086 1390 om-

302 1412 363 1432 nem
382 1411 487 1439 partem
512 1407 589 1433 istam
614 1406 771 1441 Scripturaz.
793 1407 849 1434 Nec
863 1407 941 1435 Jesus
959 1409 1087 1436 sacerdos

302 1450 347 1478 ille
362 1452 454 1478 aderat
466 1452 530 1484 illic,
551 1460 603 1480 non
619 1453 691 1480 enim
707 1454 801 1480 aderat
814 1462 822 1480 :
837 1455 882 1480 sed
899 1461 948 1481 nec
963 1454 1087 1483 diabolus

302 1497 405 1530 aderat,
423 1505 510 1533 neque
524 1499 636 1534 angelus
647 1499 753 1532 aderat,
765 1501 812 1527 sed
830 1505 915 1527 totum
932 1505 991 1528 erat
1007 1501 1087 1529 visio.

303 1542 336 1570 Et
347 1544 473 1571 sacerdos
487 1545 596 1579 quidem
615 1551 723 1580 propter
739 1551 882 1580 peccatum
903 1551 1016 1581 apparet
1029 1555 1086 1574 sor-

302 1589 373 1616 didis
389 1591 556 1618 vestimentis
577 1592 759 1626 iudutus;qni
788 1600 839 1619 non
865 1597 891 1620 et
917 1593 1020 1624 aderat,
1037 1600 1087 1620 nec

302 1639 361 1662 erat
374 1637 486 1664 vestitus
502 1637 609 1664 sordida
629 1638 801 1665 vestimenta.
820 1639 852 1665 Et
867 1639 989 1666 diabolus
1004 1638 1085 1666 veluti

303 1682 420 1713 videtur,
435 1683 497 1718 quia
520 1683 580 1710 istis
603 1684 701 1711 talibus
715 1686 823 1720 gaudet,
842 1689 869 1711 et
885 1685 918 1711 ad
937 1685 1003 1712 istos
1020 1685 1087 1712 tales

303 1728 432 1762 exsurgit.
451 1728 485 1755 Et
496 1729 607 1763 angelus
623 1729 702 1756 veluti
729 1729 802 1757 visus
818 1734 868 1762 est,
886 1734 916 1757 ut
930 1730 1087 1758 ostendere-

303 1778 347 1800 tur
374 1774 436 1808 quia
459 1782 507 1808 per
527 1776 637 1810 angelos
658 1776 740 1810 justis
769 1776 886 1803 ellicitur
910 1776 1086 1810 adiutorium,

303 1820 388 1854 magis
411 1827 500 1848 autem
522 1829 570 1855 pro
589 1822 775 1855 peccatoribus
801 1822 996 1857 pcettileutibus
1020 1831 1088 1858 gau-

304 1865 389 1893 dium.
416 1865 470 1894 Nec
493 1867 565 1894 cnim
589 1867 653 1894 illud
678 1873 802 1901 putemus
814 1869 884 1895 sicut
902 1874 928 1896 et
951 1874 1088 1902 putamus,

303 1911 364 1945 quia
380 1916 406 1938 et
419 1912 445 1938 iu
457 1911 506 1939 Job
521 1912 589 1939 libro
602 1913 723 1940 diabolus
736 1913 828 1940 aderat
838 1919 899 1941 ante
913 1920 1087 1948 conspectum

304 1957 367 1988 Dei,
391 1961 418 1983 et
443 1957 541 1984 locutio
567 1963 626 1985 erat
659 1958 705 1985 Dei
736 1967 796 1985 cum
817 1959 923 1986 diabolo
942 1968 974 1987 ex
1000 1968 1089 1995 atqua-

302 2001 418 2030 litate".
446 2003 480 2030 Et
502 2004 569 2031 dixit
589 2005 728 2037 Dominus,
751 2009 779 2032 et
805 2006 873 2033 dixit
900 2006 1042 2039 diabolus,
1061 2011 1088 2033 et

304 2047 478 2082 interrogavit
512 2048 639 2077 Dominus
679 2050 834 2084 diabolum,
869 2052 936 2078 unde
967 2053 1085 2080 venisti!

304 2091 356 2119 Sed
379 2093 434 2119 haec
456 2095 488 2119 ad
509 2094 670 2121 auditionem
692 2100 810 2122 vestram
835 2095 906 2122 velut
937 2097 1088 2130 composita

304 2139 478 2167 inducuntur.
503 2140 599 2167 Totum
625 2145 715 2168 autent
741 2141 806 2169 illud
827 2146 869 2170 est
889 2143 1022 2176 quomodo
1039 2141 1089 2170 Job

305 2184 413 2218 quidem
431 2189 490 2212 erat
511 2185 552 2212 vir
576 2185 832 2220 irreprehensibilis,
852 2187 974 2214 diabolus
999 2193 1088 2215 autem

303 2229 419 2258 invidus.
444 2231 485 2258 Ad
514 2232 662 2258 istiusmodi
688 2238 714 2260 et
742 2233 812 2260 Deus
844 2233 970 2260 defensor
992 2234 1088 2260 horum

1134 318 1214 348 ptura
1240 312 1340 346 aliquid
1366 315 1475 346 propter
1503 317 1552 338 nos
1575 309 1701 344 loquitur,
1723 315 1777 336 non
1798 313 1917 336 nostram

1132 358 1318 386 inﬁrmitatem
1331 357 1386 385 Deo
1403 356 1464 384 forti
1480 356 1657 392 applicemus.
1675 354 1704 382 Si
1716 354 1788 383 enim
1813 354 1840 381 in
1859 361 1918 381 cor-

1131 411 1201 439 pore
1214 409 1240 431 et
1257 404 1283 431 in
1301 410 1385 430 carne
1407 407 1480 431 totus
1503 405 1654 431 conventus
1670 402 1824 437 demonum
1846 400 1916 435 legio

1133 450 1161 477 in
1189 449 1336 485 Evangelia
1359 450 1448 477 dictus
1467 453 1508 477 est
1518 449 1552 480 ",
1575 453 1604 476 et
1626 456 1679 476 non
1704 447 1836 477 sustinuit
1858 446 1916 474 Filii

1132 496 1179 524 Dei
1203 496 1392 531 praesentiam;
1411 502 1472 522 nam
1487 499 1515 523 et
1529 494 1652 522 diabolus
1674 493 1733 529 ipse
1752 493 1779 521 in
1792 500 1914 528 corpore.

1132 547 1231 577 agente
1252 541 1320 569 Filio
1338 541 1385 568 Dei
1405 549 1457 568 non
1479 540 1529 568 fuit
1553 548 1636 568 ausus
1650 540 1781 568 accedere
1796 540 1913 574 quandiu

1133 588 1259 618 esuriret,
1279 591 1306 614 et
1323 587 1481 614 imtuitteret
1500 586 1525 614 ei
1538 586 1665 620 laqueum
1686 593 1734 620 per
1759 584 1913 619 ejusmodi:

1134 633 1361 668 quemadmodum
1390 639 1536 667 possumus
1557 632 1612 666 pati
1635 637 1663 658 et
1682 631 1773 658 dicere
1785 629 1848 665 quia
1865 630 1918 657 dia-

1135 679 1212 707 bolus
1229 679 1283 706 Deo
1303 686 1336 706 ex
1355 679 1511 712 aequalitate
1537 678 1642 706 locutus
1658 677 1719 704 est?
1737 677 1787 705 Cui
1800 681 1830 704 et
1843 683 1918 710 ange—

1135 725 1176 753 lus
1199 725 1244 752 Dei
1265 725 1329 752 dicit
1345 724 1485 758 :lncrepet
1510 725 1556 750 tibi
1581 723 1650 751 Deus
1659 724 1692 750 ".
1715 723 1747 750 Et
1769 722 1836 757 quid
1858 722 1914 748 dico

1135 770 1246 805 angelus
1264 770 1329 797 Dei?
1352 769 1482 797 Vermes:
1498 770 1543 804 qui
1566 777 1615 796 nec
1638 768 1739 796 vermis
1760 768 1913 803 accepimus

1136 817 1262 844 virtutem
1281 817 1307 843 iu
1323 816 1432 843 nomine
1444 816 1546 849 crucis,
1563 820 1592 843 ut
1608 816 1773 850 imperemus
1792 814 1918 842 dzemoni-

1136 863 1186 890 bus
1202 867 1230 889 et
1241 862 1358 894 diabolo,
1375 869 1476 896 eosque
1498 861 1630 896 fugamus.
1655 861 1683 888 Si
1706 860 1789 895 igitur
1808 867 1859 887 nos
1880 859 1919 886 in-

1137 915 1291 942 crepamus,
1306 908 1375 935 Deus
1389 908 1422 934 ad
1438 907 1642 935 collocationem
1665 907 1747 933 venit.
1763 906 1798 933 Et
1808 910 1884 933 certe
1898 905 1918 932 si

1138 959 1300 989 acceperunt
1314 957 1476 988 potestatem
1501 953 1625 980 homines
1639 951 1746 979 Domini
1760 950 1869 978 calcare
1884 951 1920 978 vi-

1139 1009 1216 1035 peras
1236 1005 1263 1028 et
1288 1001 1445 1034 scorpiones
1469 1004 1495 1027 et
1516 1006 1624 1026 omnem
1643 999 1772 1025 virtutem
1795 998 1920 1025 adversa-

1138 1046 1216 1079 rii“;
1238 1046 1260 1073 si
1285 1046 1408 1072 homines
1432 1049 1596 1079 acceperunt
1619 1042 1919 1078 potestatem-calcare,

1138 1093 1209 1119 Dens
1220 1099 1252 1118 ex
1272 1091 1427 1125 aequalitate
1442 1091 1563 1124 loquitur
1583 1090 1608 1116 ei
1626 1090 1672 1124 qui
1689 1088 1833 1116 calcatur?
1845 1087 1920 1116 Venit

1139 1138 1245 1165 diabolo
1272 1138 1386 1170 fortior;
1410 1137 1522 1164 vincens
1542 1143 1604 1163 eum
1630 1135 1732 1170 ligavit.
1754 1134 1810 1162 Leo
1833 1140 1919 1161 autem

1138 1184 1250 1219 ligatus,
1278 1191 1328 1211 nec
1351 1188 1380 1210 ut
1401 1184 1478 1211 canis
1499 1187 1598 1217 potest.
1620 1181 1701 1209 Forte
1726 1186 1816 1208 autem
1839 1180 1920 1212 dices,

1138 1232 1201 1266 quia
1215 1231 1238 1258 si
1253 1230 1365 1257 veniens
1383 1230 1459 1262 vicit,
1479 1229 1590 1255 vincens
1611 1227 1715 1262 ligavit,
1729 1232 1756 1254 et
1776 1227 1867 1261 ligans
1881 1225 1922 1252 de-

1137 1277 1178 1302 dit
1191 1275 1302 1306 calcari,
1324 1283 1377 1301 non
1394 1273 1503 1308 quidem
1518 1274 1554 1300 sit
1570 1272 1634 1300 talis
1649 1281 1656 1298 :
1673 1277 1735 1299 tunc
1756 1277 1848 1298 autem
1863 1278 1920 1297 cum

1140 1326 1225 1352 esset,
1247 1320 1296 1347 sub
1316 1318 1366 1346 Job
1387 1322 1446 1346 erat
1462 1327 1469 1344 :
1485 1318 1573 1344 adhuc
1602 1316 1645 1344 ille
1675 1320 1781 1351 poterat
1797 1315 1920 1342 ﬁduciam

1138 1367 1239 1395 habere
1253 1374 1260 1393 :
1274 1366 1391 1393 nondum
1414 1365 1485 1391 enitn
1508 1369 1564 1391 erat
1580 1363 1676 1399 ligatus
1691 1362 1855 1390 hominibus.
1873 1360 1920 1388 Pu-

1144 1416 1185 1439 tas
1204 1411 1239 1438 sit
1260 1412 1339 1445 lupus
1359 1415 1454 1445 potens
1469 1409 1611 1436 adversum
1631 1415 1706 1439 oves,
1726 1407 1749 1434 si
1769 1411 1861 1434 autem
1875 1414 1920 1441 po-

1138 1463 1197 1486 teus
1210 1461 1236 1485 et
1248 1458 1388 1484 adversum
1405 1455 1531 1483 leonem?
1551 1460 1580 1481 ut
1591 1455 1627 1481 ita
1639 1452 1839 1489 quodammodo
1849 1460 1919 1480 eom-

1139 1503 1327 1539 parationihus
1349 1507 1457 1529 utamur
1481 1506 1590 1536 propter
1608 1500 1760 1527 fortiorem.
1777 1498 1835 1526 Non
1851 1499 1919 1526 ettim

1138 1549 1298 1585 ampliorem
1323 1548 1428 1583 accepit
1455 1547 1582 1575 virtutem
1608 1554 1623 1573 a
1649 1553 1765 1580 corpore
1796 1544 1920 1572 Dominus

1138 1595 1227 1627 Iesus,
1242 1600 1271 1623 ut
1284 1598 1425 1629 superaret
1446 1593 1594 1621 diabolum.
1611 1592 1664 1620 Sed
1680 1599 1729 1619 cur
1746 1591 1803 1625 ipsa
1827 1595 1856 1618 ct
1869 1590 1920 1617 col-

1141 1642 1252 1669 luctatio
1265 1640 1334 1668 facta
1346 1640 1407 1668 est?
1423 1640 1490 1673 Quia
1504 1639 1577 1666 enim
1591 1638 1716 1674 produxit
1727 1645 1828 1672 agnum
1845 1637 1918 1672 lupo:

1139 1687 1217 1721 lupus
1237 1690 1326 1713 autent
1348 1685 1442 1712 videns
1466 1691 1565 1718 agttum
1585 1683 1630 1717 qui
1650 1683 1793 1711 videbatur
1809 1690 1844 1709 ex
1858 1689 1920 1709 con-

1139 1732 1281 1759 suetudine
1297 1737 1450 1764 accurrere,
1465 1735 1489 1756 et
1506 1734 1580 1757 extra
1593 1729 1816 1757 consuetudinem
1833 1730 1921 1756 deten-

1139 1780 1183 1803 tus
1197 1780 1249 1802 est.
1270 1775 1298 1802 Si
1315 1775 1387 1802 enim
1403 1774 1521 1801 maxime
1543 1780 1570 1802 ct
1591 1774 1718 1801 inimicus
1737 1778 1863 1804 vocatur.
1877 1773 1920 1799 ad-

1139 1822 1276 1850 versarius
1291 1820 1416 1848 diabolus
1431 1827 1438 1847 :
1451 1820 1514 1855 quia
1526 1820 1598 1848 enim
1615 1824 1642 1847 et
1655 1819 1757 1847 inimici
1773 1819 1862 1847 crucis
1873 1819 1911 1845 di-

1139 1872 1236 1895 cuntur
1258 1867 1382 1894 homines
1397 1866 1436 1902 (8)
1460 1873 1535 1894 :nou
1555 1866 1618 1902 quia
1644 1866 1771 1893 inimicus
1800 1866 1917 1893 nomina-

1141 1919 1194 1947 tur,
1213 1912 1270 1948 jam
1288 1912 1399 1947 aequalis
1415 1917 1467 1940 est.
1489 1911 1546 1939 Non
1564 1912 1635 1940 enim
1658 1912 1799 1947 aequaliter
1812 1911 1909 1939 habent

1141 1958 1266 1986 virtutem
1285 1958 1385 1985 dicitur
1413 1958 1598 1992 adversarius,
1630 1959 1677 1986 sed
1703 1958 1762 1985 ideo
1781 1958 1845 1992 quia
1871 1964 1922 1984 non

1140 2003 1227 2038 placet
1250 2003 1305 2031 Deo
1315 2003 1374 2038 ejus
1392 2003 1555 2038 malignitas.
1578 2002 1636 2030 Non
1659 2004 1729 2030 sicut
1746 2004 1865 2030 tenebrae
1882 2003 1923 2030 vi-

1140 2050 1238 2076 dentur
1262 2048 1356 2076 lumini
1383 2057 1417 2076 ex
1440 2050 1537 2082 equali
1553 2049 1653 2076 virtute
1670 2049 1846 2082 adversariae,
1864 2049 1923 2084 quia

1140 2100 1216 2122 tanta
1227 2095 1348 2132 detinent
1364 2096 1450 2129 spatia
1467 2095 1595 2127 tenebra',
1615 2100 1716 2129 quanta
1729 2101 1756 2122 et
1771 2095 1872 2122 lumen.
1897 2095 1923 2121 Si

1141 2145 1232 2167 autent
1244 2145 1272 2168 et
1287 2141 1338 2167 hoc
1354 2140 1420 2172 tale,
1434 2147 1486 2167 non
1503 2141 1539 2167 ita
1555 2140 1714 2168 adversatur
1726 2141 1850 2168 diabolus
1861 2141 1923 2172 Deo.

1141 2193 1194 2213 non
1217 2194 1250 2214 ex
1269 2187 1434 2220 aqualitate,
1448 2188 1495 2214 sed
1518 2187 1579 2221 quia
1593 2187 1664 2214 Dens
1680 2187 1799 2222 maligno
1811 2195 1864 2214 ttou
1880 2187 1923 2214 de-

1143 2232 1259 2260 lectatur
1272 2241 1280 2260 :
1295 2236 1323 2260 et
1342 2239 1374 2259 ex
1393 2239 1426 2260 eo
1447 2232 1520 2267 quod
1541 2233 1667 2265 vertitur,
1687 2237 1714 2260 et
1740 2241 1793 2260 non
1820 2232 1876 2260 vult
1899 2237 1924 2260 et

304 2277 425 2312 permisit
452 2277 586 2304 diabolum
621 2282 682 2305 ante
714 2283 887 2313 conspectum
921 2286 1009 2306 suum.
1034 2279 1087 2307 Sed
1104 2291 1125 2319 ι)
1145 2279 1214 2311 odit,
1230 2279 1252 2306 si
1269 2283 1358 2306 tamen
1376 2280 1412 2306 ita
1429 2279 1509 2307 debet
1522 2279 1585 2312 dici,
1602 2279 1714 2306 adversa
1731 2279 1856 2307 voluntas
1873 2287 1923 2311 ιω,

304 2322 355 2349 hoc
384 2323 420 2350 ita
449 2328 500 2350 est.
526 2323 597 2350 Vidit
625 2323 746 2352 diabolus
779 2324 979 2352 iuuuaculatum
1001 2333 1008 2351 :
1029 2332 1089 2360 pro-

303 2368 409 2403 peravit
426 2368 563 2403 imponere
585 2369 729 2396 maculam.
751 2369 924 2404 Quaecunque
947 2371 1018 2398 enim
1032 2379 1089 2398 mo-

304 2413 392 2440 tiones
413 2420 491 2440 erant
515 2413 613 2441 diaboli
639 2414 783 2442 adversum
800 2414 868 2446 Job,
889 2415 948 2443 haec
965 2424 1014 2451 per
1031 2423 1089 2443 ser-

304 2466 396 2487 mones
417 2465 598 2487 contexuntur
619 2460 645 2487 in
665 2460 822 2495 Scriptura;
845 2466 940 2495 utpote
964 2462 986 2490 si
1012 2462 1087 2490 dice-

305 2504 350 2531 bat
374 2505 496 2533 diabolus
527 2506 561 2533 ad
597 2506 839 2541 semetipsum:Si
876 2515 930 2534 non
963 2508 1086 2535 timerem

304 2549 397 2581 Deum,
423 2555 559 2586 tangerent
583 2552 673 2578 omnia
693 2560 753 2586 quae
778 2552 857 2580 habet
875 2552 946 2586 .lob;
978 2553 1089 2581 abstulit

303 2595 336 2623 ab
356 2603 389 2622 eo
406 2596 477 2623 Deus
499 2596 632 2630 timorem,
653 2601 681 2624 et
703 2605 756 2624 non
783 2599 928 2633 prohibuit.
957 2598 1083 2626 Contexio

306 2645 349 2668 tur
366 2641 422 2675 jam
448 2643 609 2677 compositio
629 2642 704 2671 libri.
725 2643 798 2670 Dixit
820 2643 953 2676 diabolus,
977 2648 1004 2671 et
1023 2645 1090 2671 dixit

305 2685 385 2714 Drus.
404 2687 459 2715 lloc
476 2693 528 2722 est,
546 2687 630 2715 voluit
660 2688 793 2722 diabolus,
815 2695 842 2716 et
873 2698 925 2717 non
954 2690 1091 2724 prohibuit

304 2733 384 2761 Deus.
411 2734 466 2762 Cur
490 2740 580 2763 autem
604 2743 658 2764 non
680 2737 834 2771 prohibuit?
861 2737 928 2770 Quia
959 2744 1010 2764 non
1048 2738 1089 2764 in-

339 2833 362 2849 "
374 2833 500 2868 Zach,ut,
516 2836 543 2862 ι.
581 2835 603 2850 ’⁷
617 2833 665 2862 Job
681 2842 711 2865 ιι.
725 2834 749 2863 Ι.
781 2836 803 2852 ’⁸
817 2835 899 2863 Marc.
913 2844 939 2868 v,
956 2836 986 2869 9;
1004 2836 1070 2866 Luc.

1143 2857 1150 2871 ,
1164 2837 1209 2865 50.
1248 2838 1269 2854 "
1285 2837 1398 2866 Zachar.
1421 2845 1463 2871 ιιι,
1476 2838 1504 2865 '2.

343 2910 382 2945 (8)
397 2909 447 2938 Ms.
467 2909 535 2943 Quia
549 2916 570 2938 τι
584 2912 681 2939 inimici
694 2913 779 2940 crucis
791 2913 914 2941 dicantur
925 2915 1051 2942 homines.

1141 2333 1193 2352 non
1209 2329 1296 2352 tamen
1313 2325 1409 2353 virtus.
1422 2326 1450 2352 Si
1465 2325 1537 2352 enim
1561 2332 1647 2359 tteque
1662 2326 1695 2351 ah
1713 2325 1868 2353 hominibus
1886 2329 1925 2352 est

1141 2370 1240 2398 melior
1257 2370 1381 2398 diabolus
1397 2378 1485 2404 neque
1507 2370 1613 2401 fortior,
1631 2377 1691 2405 quae
1707 2370 1804 2397 horum
1822 2371 1919 2404 proba-

1141 2416 1283 2449 tiolQuid
1311 2416 1370 2443 vult
1395 2416 1537 2444 diabolus?
1554 2415 1734 2443 Perditiouem
1759 2416 1922 2443 hominum:

1139 2461 1162 2489 si
1176 2462 1294 2488 correxit
1307 2461 1398 2494 homo,
1417 2461 1514 2488 fortior
1530 2461 1575 2488 illo
1585 2467 1637 2489 est.
1659 2461 1687 2488 Si
1703 2468 1794 2488 autem
1805 2461 1924 2496 quotidie

1141 2508 1273 2542 spoliatur
1286 2512 1314 2535 et
1328 2507 1494 2540 denudatur,
1511 2513 1539 2535 et
1552 2512 1701 2535 evacuatur
1714 2507 1759 2542 qui
1773 2506 1924 2534 hominibus

1141 2561 1239 2582 nocere
1257 2554 1406 2585 contendit.
1421 2559 1449 2582 et
1469 2562 1521 2581 non
1540 2558 1640 2589 potest,
1654 2554 1701 2582 sed
1716 2553 1826 2581 nomine
1838 2553 1883 2581 Dei
1899 2558 1924 2580 et

1141 2601 1342 2636 nuncupatione
1362 2600 1428 2633 sola,
1442 2605 1470 2628 et
1499 2600 1533 2628 ab
1553 2600 1707 2628 hominibus
1725 2599 1844 2626 vincitur
1860 2608 1866 2626 :
1880 2598 1922 2632 qui

1140 2654 1208 2682 ergo
1226 2654 1279 2674 non
1295 2645 1387 2673 sullert
1405 2646 1632 2680 nuncupationem
1648 2645 1706 2678 Dei,
1717 2644 1855 2680 quomodo
1872 2644 1922 2670 vir-

1142 2697 1226 2719 tutem
1239 2695 1329 2727 posset
1342 2691 1456 2719 sutl'crre
1469 2691 1515 2719 Dei
1526 2692 1537 2718 τ
1548 2691 1581 2719 Et
1591 2696 1664 2719 certe
1677 2699 1727 2718 nec
1735 2691 1824 2726 ipsum
1840 2690 1922 2717 Adam

1147 2745 1298 2773 provocans
1311 2737 1385 2770 vicit,
1405 2738 1452 2765 scd
1467 2738 1583 2765 suadens
1595 2743 1622 2765 et
1635 2737 1770 2773 decipiens
1779 2742 1807 2764 et
1819 2735 1922 2764 fallens.

1543 2837 1565 2853 ³⁸
1577 2837 1639 2865 Luc.
1657 2845 1682 2870 ι,
1702 2835 1743 2864 ιθ.
