2024 3208
153 117 218 147 1121

152 175 209 202 Hoc
224 179 313 202 autem
334 170 500 202 inﬁrmitatis
521 179 563 203 est
582 180 659 210 opus.
679 173 815 208 Quantum
832 174 865 201 ad
874 175 932 201 dia-

152 221 241 248 bolttm
256 225 371 255 spectat,
384 221 454 247 nulla
469 222 513 254 sil,
531 221 625 255 inquit,
640 222 735 255 virgo:
753 221 870 248 vincitur
883 229 932 248 au.

153 268 206 291 tem
221 270 236 289 a
254 263 347 290 tantis.
363 263 498 296 Quantum
512 262 584 289 enim
606 263 639 289 ad
655 263 789 289 diabolum
802 263 931 297 pertinet,

151 316 185 336 ue
202 308 308 342 quidem
320 316 389 335 unus
403 309 533 336 saivatur.
548 308 582 335 At
603 309 703 344 nuptias
723 309 843 337 honestas
857 313 930 342 sunt,

151 358 178 381 et
189 354 309 381 diabolus
328 362 343 381 a
360 354 442 381 tantis
464 360 505 382 est
521 355 646 382 obrutus.
660 355 796 389 Quantum
811 355 883 382 enim
898 355 931 382 ad

151 399 287 427 diabolum
299 400 425 435 pertinet,
440 400 529 427 nullus
543 408 650 428 sursum
664 401 778 436 aspiciat
793 408 909 436 unquam
922 410 929 428 :

150 445 328 480 disrumpitur
342 450 431 473 autem
444 451 535 474 tantos
551 447 657 474 videns.
673 448 810 480 Quantum
828 447 861 474 ad
874 446 932 474 dia-

150 490 254 520 bolum.
268 497 302 516 ne
317 490 426 524 quidem
442 492 584 526 vestigium
606 492 741 527 pudicitia:
756 492 814 519 vult
828 499 888 519 esse
904 493 930 519 in

151 540 235 564 terra.
252 535 365 564 Feriunt
386 541 473 564 autem
490 538 535 572 qui
558 538 713 572 percutiunt
732 546 780 565 cor
804 539 930 567 errantis.

153 582 289 616 Quantum
315 582 347 609 ad
370 582 526 615 diabolum,
546 591 595 611 nec
618 592 715 611 nomen
738 584 851 620 justitie
871 592 932 614 esse

152 628 238 663 cupit.
255 626 304 660 Qui
324 633 413 655 autem
434 628 527 655 dicunt
541 630 661 662 peccavi,
675 630 746 657 illius
756 638 836 659 aures
851 633 932 660 eaSti-

151 676 225 708 gaut.
238 671 294 698 Non
309 672 365 699 vult
383 673 568 706 pmnitentiam
585 681 655 705 esse,
676 679 702 700 et
714 674 827 703 edicitur
844 678 930 711 pmui-

152 718 246 747 tentia.
270 717 359 745 Movet
382 719 611 752 persecutionem,
639 723 667 746 et
691 721 756 747 liunt
784 726 930 757 martyres.

151 763 256 798 Quanta
270 763 328 798 ejus
343 765 427 798 capita
445 764 528 791 incisa
547 765 631 791 sunt?
653 765 702 792 hoc
717 770 758 793 est
770 766 853 800 ipsius
871 767 931 794 dia-

152 809 215 837 boli.
228 809 293 843 Quae
304 811 376 837 enitn
389 811 542 837 inciduntur
555 819 603 846 pro
615 811 722 839 Christo
736 814 834 847 capita,
846 813 929 848 ipsius

150 856 238 890 capita
258 855 388 887 incidunt,
402 856 542 890 quotiesiu
560 856 668 884 ﬂamma
690 863 732 885 est
749 859 849 886 tnissus
865 864 929 886 ante

150 900 299 936 gehennam
327 902 352 928 in
371 902 507 936 geheuna!
522 903 680 937 Quicunque
701 904 772 930 enim
791 903 853 932 lacti
867 910 931 932 sunt

152 946 335 974 holocaustum
351 948 467 979 Christo,
482 948 527 975 isti
551 949 685 976 diabolum
705 956 931 984 consumpserunt

150 991 216 1026 igni,
233 996 259 1018 et
272 992 317 1019 alii
330 1000 391 1020 eum
408 993 622 1028 praelocaveruut
641 995 666 1021 in
685 996 763 1028 mari,
778 996 821 1023 alii
838 1002 928 1024 autem

151 1037 284 1064 dederunt
305 1038 363 1072 ejus
379 1045 476 1072 corpus
500 1040 633 1067 meatibus
655 1039 806 1068 ﬂuviorum.
831 1042 928 1075 Quanti

149 1090 211 1110 eum
236 1084 393 1111 torserunt?
407 1084 494 1111 Etiam
512 1085 529 1111 ii
545 1085 590 1120 qui
608 1086 659 1112 visi
681 1091 743 1113 sunt
755 1088 884 1121 superati.
899 1088 928 1115 Si

149 1127 222 1157 enim
236 1133 263 1155 et
274 1129 337 1155 vicit
349 1131 526 1164 quormudam
549 1139 671 1165 corpora,
686 1133 732 1159 sed
747 1140 798 1160 non
812 1134 930 1167 pruden-

150 1177 214 1203 tiam
231 1181 258 1203 et
269 1175 446 1204 intellectum.
465 1176 596 1211 Malignus
610 1177 711 1204 athleta
726 1183 778 1210 est,
791 1183 818 1205 et
835 1178 925 1206 incon-

149 1223 282 1251 sideratus
299 1229 427 1251 certator.
441 1223 507 1251 Cum
521 1223 592 1250 enim
608 1224 715 1251 videtur
734 1224 815 1251 ferire
830 1225 926 1258 alium,

151 1269 322 1304 semetipsum
351 1270 493 1304 percussit.
523 1268 598 1302 Quod
627 1269 710 1296 habes
737 1271 872 1305 negotium
896 1270 928 1297 ad

150 1313 209 1347 Job,
228 1322 244 1342 ο
258 1315 379 1342 diabole?
398 1315 430 1343 Ut
450 1315 512 1350 quid
535 1319 621 1342 vtctus
640 1315 689 1341 es?
702 1316 831 1349 peccasti,
847 1320 926 1349 tace;

151 1359 237 1386 victus
253 1367 292 1391 es,
306 1360 425 1392 quiesce.
441 1360 493 1387 Sed
510 1359 638 1391 secundo,
654 1360 751 1394 inquit,
767 1367 872 1395 oportet
886 1369 929 1390 me

151 1406 221 1432 vinci
239 1416 245 1432 :
262 1413 314 1433 non
331 1407 393 1440 quia
411 1407 468 1434 hate
483 1407 577 1439 voluit,
600 1407 647 1434 sed
667 1408 729 1441 quia
751 1407 807 1434 hzec
832 1415 927 1442 passus

151 1456 202 1478 est.
230 1451 298 1484 Quid
325 1452 506 1479 intremiseis‘l
531 1452 600 1485 Quid
625 1453 725 1479 times?
744 1451 793 1481 ’ub
819 1460 870 1480 non
887 1459 929 1481 est

149 1497 275 1531 angelus.
292 1498 337 1525 sed
355 1499 435 1525 homo
460 1497 590 1529 mortalis,
604 1497 648 1524 cui
663 1498 858 1525 colluctabatur
870 1498 927 1525 dia-

151 1542 228 1569 bolus
245 1542 424 1574 invisibiliter,
441 1543 526 1570 victus
547 1547 635 1569 autem
656 1549 697 1569 est
724 1543 875 1570 visibiiitcr.
891 1543 926 1570 Et

151 1595 184 1614 ne
205 1588 287 1614 lateat
313 1593 337 1615 te
362 1589 432 1615 illius
452 1589 594 1623 pmiditas.
611 1589 772 1615 Certabatur
787 1589 860 1614 enim
877 1595 928 1614 non

151 1641 283 1667 apparens
297 1643 304 1660 :
319 1639 346 1661 et
360 1642 412 1660 uno
428 1635 498 1661 sicut
511 1634 536 1660 iu
549 1634 642 1661 stadiis
655 1638 681 1661 et
696 1633 930 1661 colluctationibus

152 1679 214 1706 nudi
233 1680 266 1706 ad
288 1680 373 1706 nudos
395 1684 542 1711 certautur,
562 1680 608 1707 sed
634 1679 720 1706 latens
745 1680 882 1710 mittebat.
902 1685 930 1706 et

150 1731 203 1751 non
218 1731 350 1759 apparens
363 1724 485 1756 feriebat,
501 1728 528 1751 et
542 1724 697 1758 percutiens
711 1724 798 1751 vietus
812 1730 863 1752 est.
879 1724 928 1752 Job

150 1769 220 1796 enim
247 1770 379 1804 ignoravit
405 1771 464 1804 quis
489 1775 560 1797 esset
582 1769 790 1804 quiluctaretur
805 1770 838 1797 ad
854 1777 926 1802 eum,

150 1815 197 1842 sed
217 1820 245 1842 et
267 1816 368 1849 putavit
384 1821 411 1842 et
428 1816 507 1849 dixit,
523 1816 585 1851 quia
602 1824 617 1842 a
642 1815 697 1843 Deo
721 1815 802 1842 habet
827 1815 928 1850 plagas.

150 1862 225 1888 Alius
251 1867 309 1888 erat
337 1862 382 1895 qui
409 1862 552 1895 pugnabat,
580 1866 606 1889 et
628 1861 696 1888 alius
713 1861 757 1895 qui
783 1861 930 1895 putabatur

149 1906 303 1933 emendare.
318 1905 373 1933 Hoc
386 1906 484 1932 i'urtum
500 1907 585 1941 magis
601 1914 679 1941 quam
693 1907 764 1933 lucta
778 1910 829 1932 est.
843 1906 927 1932 Adam

150 1951 254 1977 seducit
268 1957 275 1976 :
291 1951 324 1978 ab
340 1950 389 1977 .lob
404 1951 563 1978 occultatur.
575 1951 625 1979 Job
641 1952 712 1978 enim
730 1952 873 1978 admiratio
885 1957 928 1979 est

151 1997 213 2028 ista,
240 1997 302 2031 quia
327 2002 424 2031 putans
450 2006 464 2024 a
488 1998 540 2024 Deo
562 1998 613 2025 sibi
632 1998 727 2024 venire
753 1998 855 2031 plagas,
874 2005 929 2025 nou

150 2043 276 2070 conscius
290 2049 378 2070 autern
396 2044 446 2071 sibi
463 2049 611 2078 peccatum,
632 2044 800 2070 convertitur
817 2044 851 2070 ad
871 2044 929 2069 dia-

151 2089 241 2116 bolqu
263 2091 374 2125 sagittas
388 2097 448 2124 qua:
467 2090 550 2124 ipsius
570 2094 658 2116 erant.
675 2089 725 2116 Job
744 2089 815 2116 enim
832 2094 929 2123 putans

152 2135 235 2162 Deum
249 2143 309 2163 esse
322 2136 366 2170 qui
387 2134 490 2167 feriret,
504 2140 531 2162 et
556 2135 707 2170 suspicatus
720 2139 762 2162 est
778 2142 838 2162 esse
849 2142 864 2161 a
876 2134 930 2161 Deo

153 2182 262 2216 plagas:
279 2187 305 2207 et
327 2187 425 2215 putans
451 2181 533 2208 Deum
556 2189 615 2208 esse
636 2182 680 2216 qui
704 2181 808 2212 feriret,
828 2180 930 2215 gratias

152 2229 206 2264 egit
222 2229 247 2255 in
265 2228 356 2263 plagis.
378 2228 532 2263 Magnitudo
553 2233 644 2254 autem
671 2227 844 2262 malignitatis
874 2227 930 2254 dia—

152 2273 206 2300 boli
217 2281 345 2300 conversa
358 2278 399 2300 est
417 2274 450 2300 ad
470 2273 678 2308 magnitudinem
693 2280 855 2300 coronarum
866 2271 928 2299 Job.

154 2319 181 2347 Si
196 2320 266 2347 enim
283 2320 365 2347 sciret
376 2321 438 2354 quia
450 2319 592 2347 adversum
608 2318 646 2354 (9)
663 2318 782 2345 invidum
799 2322 826 2345 et
843 2318 932 2345 inimi-

152 2373 213 2393 cum
223 2366 346 2398 haberet,
359 2366 428 2393 i'orte
439 2366 632 2393 eontentiosius
647 2365 747 2400 egisset
765 2369 792 2390 et
803 2363 930 2396 alacrius,

152 2417 198 2438 aut
213 2417 240 2439 et
253 2412 492 2447 contemptibiiius.
514 2411 591 2438 Nunc
605 2417 693 2438 autem
711 2410 798 2437 malus
813 2410 888 2437 cauis
905 2414 932 2436 et

152 2457 302 2485 maliliosus
321 2458 398 2493 lupus
415 2458 588 2492 semetipsum
604 2457 734 2489 occultat,
752 2462 781 2484 et
793 2462 930 2492 pastorem

152 2503 285 2538 producit,
313 2508 340 2531 et
366 2503 415 2531 Job
438 2503 645 2531 admirationem
671 2503 793 2530 adauxit.
823 2503 874 2530 Per
899 2510 931 2530 ea
954 2503 966 2529 .'

151 2550 223 2576 enim
239 2558 298 2584 quae
315 2551 417 2585 putavit
429 2550 545 2576 maxime
556 2557 586 2576 se
597 2549 738 2583 instigare,
756 2555 804 2583 per
817 2551 874 2575 haec
888 2548 930 2574 in-

152 2595 265 2630 stigatus
274 2601 301 2623 et
315 2596 411 2628 victus.
427 2601 454 2623 et
471 2603 553 2630 supra
569 2602 675 2623 omnem
695 2602 771 2629 spem
787 2598 931 2628 superatus

151 2644 269 2671 ostendit
284 2645 425 2670 victorem.
447 2642 512 2676 Quis
536 2642 607 2669 enim
623 2645 650 2668 et
664 2640 777 2667 sulierre
798 2640 930 2675 potuisset

153 2691 241 2718 sciens
257 2697 332 2717 suam
348 2690 429 2716 vitam
444 2687 661 2716 immaculatam?
676 2685 771 2714 Sciens
784 2686 927 2714 conscien-

188 2745 210 2762 ⁸¹
228 2745 267 2772 Isa
294 2746 395 2778 t.u,il.
436 2746 445 2758 ⁸

188 2789 228 2857 ἕθ)
241 2792 392 2818 Adversum.
407 2791 457 2818 Pro
472 2789 660 2817 adversarium.

204 2827 243 2857 10)
260 2827 372 2854 Prodlil.
389 2827 468 2853 Forte
482 2825 606 2852 orodidit.

204 2827 243 2858 10)
260 2827 372 2854 Prodlil.
389 2827 468 2853 Forte
482 2825 606 2852 orodidit.

623 115 667 143 DE
687 111 917 144 INCORPORALI
936 115 982 143 ET
1001 115 1170 144 lNVISIBILl
1185 114 1266 144 'DEO.

1692 120 1763 147 «ης

946 178 969 206 Α
983 174 1048 201 tiam
1070 174 1104 201 ad
1123 174 1265 202 Douiinom
1290 173 1455 210 religiosam,
1470 175 1504 202 ad
1525 182 1671 204 conservos
1679 177 1762 211 Ῑιιειιιίι

983 221 1060 254 tiam,
1075 221 1169 248 videns
1179 220 1242 255 quia
1256 228 1322 248 oves
1337 228 1404 256 quas
1424 221 1554 256 orphanis
1568 222 1718 255 occidebat,
1735 230 1762 252 et

983 269 1075 292 tauros
1095 272 1211 299 quorum
1225 271 1322 292 carnes
1335 265 1422 292 vidum
1435 270 1463 292 et
1484 266 1598 300 orphani
1617 267 1774 295 manduca-'

982 310 1059 343 bant,
1076 316 1104 338 et
1121 311 1209 338 omnis
1226 311 1363 345 possessio
1376 311 1452 346 cujus
1467 317 1526 340 erat
1540 312 1712 347 dispensator
1726 315 1760 342 ad

981 362 1029 382 eos
1049 355 1095 390 qui
1112 355 1247 382 habebant
1262 356 1342 387 nihil,
1357 356 1383 382 in
1404 363 1458 383 uno
1478 362 1617 384 momento
1635 362 1761 393 tanquam

982 407 998 426 a
1011 399 1066 426 Deo
1079 399 1179 432 ablata,
1189 407 1278 427 nonne
1287 400 1430 428 doluisset!
1446 400 1498 428 Sed
1510 400 1561 428 Job
1579 401 1680 437 gratias
1694 402 1761 436 egit,

983 450 1046 480 puta
1060 445 1124 480 quia
1140 445 1232 472 omnia
1248 445 1337 473 subito
1347 446 1456 481 abrepta
1470 451 1532 474 sunt
1545 446 1613 480 ejus.
1628 447 1760 481 siquidem

982 495 1009 518 et
1022 491 1080 517 lilii.
1094 491 1122 518 Si
1139 495 1228 517 autem
1241 495 1267 518 et
1281 490 1341 523 lilii,
1358 496 1387 518 ut
1402 492 1466 525 quid
1485 492 1529 518 tali
1550 491 1653 519 morte?
1667 493 1721 520 Cur
1734 492 1760 520 iu

983 536 1048 569 ipsis
1068 536 1168 563 mensis
1180 536 1260 563 simul
1271 543 1364 563 omnes
1378 536 1472 563 decem
1486 537 1608 571 oppressi
1628 537 1711 564 sunt?
1726 536 1761 565 Et

983 582 1033 609 hoc
1049 582 1144 609 iterum
1163 581 1310 616 putabatur
1326 582 1394 609 Dens
1419 582 1526 609 fecisse.
1544 581 1610 609 Puta
1623 583 1686 617 quia
1701 592 1760 610 om-

982 627 1024 653 nis
1038 626 1152 654 facultas
1165 631 1192 653 et
1211 627 1345 660 possessio
1370 631 1397 653 et
1420 626 1480 653 lilii.
1503 626 1571 659 Quid
1593 632 1682 654 autem
1697 629 1760 663 quia

981 676 1008 699 et
1033 679 1098 699 caro
1113 671 1198 706 ipsius
1216 669 1266 697 Job
1287 671 1472 706 expugnaturi
1485 671 1518 698 Et
1535 673 1591 699 baac
1605 672 1696 699 omnia
1711 680 1761 707 pu-

981 721 1037 744 tata
1056 722 1121 744 sunt
1141 725 1201 745 esse
1218 725 1233 744 a
1246 717 1310 750 Deo,
1323 722 1350 744 et
1369 724 1416 750 per
1426 718 1482 744 ha‘c
1494 717 1618 744 universa
1631 715 1681 744 Job
1699 725 1761 752 gra—

983 763 1034 790 tias
1050 764 1104 798 egit
1129 763 1193 790 Deo.
1214 762 1271 790 Non
1297 763 1378 798 igitur
1392 767 1417 789 te
1430 766 1531 789 terreat
1550 762 1760 790 diabolus:nou

981 809 1016 835 sit
1029 808 1126 836 domus
1147 816 1241 840 vacua,
1257 816 1342 843 neque
1355 808 1391 835 illi
1402 813 1508 843 parata.
1524 812 1551 835 et
1562 815 1613 834 non
1630 808 1710 836 habet
1723 808 1758 834 lu-

945 850 966 878 B
981 861 1054 880 cum.
1077 854 1119 880 Sit
1134 854 1181 881 tibi
1209 853 1373 887 comparatio
1397 851 1448 880 Job
1471 853 1504 880 ad
1522 852 1659 879 victoriam
1673 861 1681 879 :
1695 860 1760 880 con-

981 900 1056 927 disce
1075 899 1123 934 per
1139 907 1199 926 eum
1217 899 1318 926 inimici
1333 898 1527 926 infirmitatem.
1539 898 1591 925 Sed
1606 899 1672 925 dicis
1685 907 1693 926 ι
1707 906 1759 925 non

981 946 1054 972 enim
1068 946 1178 972 abducit
1191 949 1218 972 et
1234 944 1420 974 adducitloca.
1435 949 1539 979 gentes,
1555 943 1666 978 populos
1677 951 1761 978 quan-

982 996 1024 1018 tos
1043 996 1070 1018 et
1094 990 1237 1018 videmus?
1250 989 1366 1016 Addueit
1381 999 1388 1016 :
1404 990 1450 1016 sed
1470 993 1498 1016 et
1515 994 1637 1023 apponat
1652 996 1700 1016 eos
1713 989 1758 1022 qui

981 1036 1084 1068 volunt,
1102 1035 1169 1070 fugit
1189 1040 1280 1061 autem
1302 1041 1348 1061 eos
1363 1034 1407 1067 qui
1428 1033 1576 1067 increpant.
1601 1032 1667 1059 Cum
1685 1034 1757 1059 enim

981 1082 1054 1108 dedit
1067 1071 1092 1108 ei
1111 1081 1199 1107 locum
1221 1079 1317 1112 ludas,
1336 1080 1472 1112 ingressus
1494 1083 1535 1105 est
1553 1078 1578 1105 in
1593 1078 1651 1112 ejus
1665 1079 1757 1110 corde,

981 1127 1085 1154 furatus
1098 1131 1150 1158 est,
1168 1126 1268 1160 prodiit
1282 1124 1347 1160 (l0).
1361 1123 1457 1151 Petrus
1473 1123 1496 1150 ei
1511 1123 1596 1150 iactus
1609 1128 1651 1150 est
1662 1128 1736 1158 petra
1751 1134 1757 1150 :

980 1173 1066 1206 magis
1077 1172 1148 1198 enim
1165 1171 1279 1205 plagavit
1294 1177 1373 1204 quam
1389 1169 1509 1203 plagatus
1525 1173 1577 1196 est.
1599 1167 1651 1195 Sed
1668 1168 1756 1195 dicis:

979 1225 1031 1245 non
1043 1217 1148 1252 negavit
1161 1216 1268 1243 Petrus?
1278 1215 1378 1248 Quare?
1388 1219 1493 1248 quando
1506 1215 1617 1241 necdum
1627 1219 1685 1240 erat
1696 1221 1758 1240 cru-

969 1263 1019 1298 .cis
1040 1268 1166 1297 tropa-um
1186 1266 1315 1288 erectmu.
1334 1259 1422 1287 Nolite
1435 1266 1495 1286 esse
1514 1259 1608 1290 timidi,
1621 1259 1703 1286 nolite
1717 1259 1759 1285 iu-

979 1308 1051 1343 digni
1069 1316 1083 1334 a
1101 1309 1217 1341 proavis.
1235 1307 1336 1333 Aurum
1355 1304 1463 1339 quidem
1488 1304 1534 1331 Dei
1549 1309 1588 1331 est
1604 1312 1611 1330 :
1627 1304 1759 1336 dicamus,

980 1354 1059 1381 all'ers
1073 1353 1174 1389 ignem.
1190 1352 1269 1379 alters
1286 1351 1414 1386 gladium,
1430 1350 1568 1382 addentes,
1591 1350 1680 1377 omnia
1698 1358 1760 1385 pos-

980 1406 1040 1426 sum
1069 1403 1178 1433 propter
1207 1404 1269 1424 eum
1288 1396 1334 1431 qui
1349 1396 1476 1423 misertus
1499 1399 1540 1422 est
1559 1395 1634 1421 mihi.
1649 1394 1760 1422 Gladius

980 1446 1071 1472 Jesum
1089 1452 1141 1472 non
1161 1443 1267 1475 incidit,
1285 1450 1370 1477 neque
1385 1441 1456 1476 ignis
1475 1448 1536 1468 eum
1554 1441 1698 1474 consumit,
1713 1442 1760 1468 sed

981 1492 1083 1518 incisus
1111 1489 1255 1524 aliquando
1279 1493 1320 1516 est
1344 1495 1393 1523 per
1414 1487 1529 1515 clavum.
1544 1486 1612 1520 Quid
1629 1491 1671 1514 est
1690 1488 1761 1522 quod

981 1538 1095 1564 incisqu
1118 1536 1181 1563 est?
1199 1535 1259 1562 Noli
1286 1534 1418 1568 ignorare,
1443 1534 1504 1568 quia
1520 1541 1570 1561 nec
1595 1533 1622 1561 in
1642 1533 1760 1560 animam

981 1582 1129 1617 ingreditur
1145 1581 1246 1608 clavus.
1263 1580 1404 1607 Passioues
1427 1580 1499 1607 enim
1526 1579 1680 1614 corporales
1701 1587 1762 1607 cor-

980 1628 1090 1662 poribus
1101 1631 1164 1654 sunt
1176 1626 1367 1654 coutlucibiles.
1378 1625 1481 1658 Corpus
1491 1632 1505 1650 a
1517 1631 1630 1662 corpore
1638 1624 1738 1658 patitur
1751 1632 1759 1651 :

981 1672 1147 1707 incorporale
1169 1679 1221 1698 non
1243 1671 1329 1702 ardet,
1341 1677 1394 1696 non
1420 1669 1553 1696 inciditur.
1575 1667 1649 1696 Talis
1666 1673 1760 1696 natura

982 1725 1036 1745 non
1055 1717 1192 1750 dividitur,
1208 1724 1260 1743 non
1283 1714 1453 1750 pradocatur.
1475 1713 1502 1741 Si
1517 1713 1587 1743 enim
1601 1713 1760 1741 translatum

981 1764 1063 1791 luerit
1076 1770 1185 1798 corpus,
1200 1770 1252 1789 non
1270 1767 1311 1788 est
1327 1761 1370 1788 ubi
1385 1761 1484 1795 capiat.
1506 1759 1559 1786 Sed
1585 1759 1646 1787 nolo
1671 1759 1760 1786 dicere

980 1810 1051 1845 quod
1075 1809 1206 1843 sequitur,
1218 1807 1279 1841 quia
1309 1813 1358 1833 nec
1372 1805 1484 1832 rationis
1499 1810 1541 1831 est
1567 1803 1760 1839 blasphemiam

981 1855 1052 1889 loqui
1068 1854 1094 1881 in
1107 1854 1238 1881 Ecclesia.
1258 1852 1295 1879 Ea
1309 1851 1392 1886 igitur
1406 1857 1465 1884 qua:
1478 1849 1511 1877 de
1526 1849 1631 1876 diabolo
1645 1856 1697 1876 non
1710 1849 1760 1876 im-

981 1918 1094 1950 portune
1120 1915 1307 1944 occurrerunt,
1322 1911 1358 1937 ita
1383 1908 1580 1943 quodammodo
1602 1908 1672 1935 laeta
1697 1911 1762 1935 sunt

982 1959 1135 1987 manifesta.
1161 1958 1216 1986 Nos
1247 1962 1336 1984 autem
1363 1954 1532 1982 conttdamus
1558 1954 1585 1981 in
1606 1954 1722 1984 Christo.
1734 1958 1761 1980 et

981 2004 1328 2038 conﬁdentesincrepemus
1338 2005 1374 2036 ei,
1386 2008 1413 2030 et
1442 2003 1609 2035 increpantes
1631 2007 1761 2026 llltflliores

981 2052 1065 2080 simus
1079 2052 1137 2085 ejus
1165 2050 1210 2084 qui
1229 2050 1266 2076 ait
1281 2057 1288 2076 :
1304 2049 1382 2076 Exite
1398 2049 1430 2076 ab
1451 2050 1487 2075 eis
1512 2053 1535 2074 et
1555 2045 1723 2080 separamim‘.
1737 2049 1760 2070 et

981 2097 1142 2124 immundum
1163 2104 1194 2122 ne
1217 2096 1396 2130 tetigeritis".
1414 2094 1481 2128 Quid
1501 2093 1572 2120 enim
1590 2092 1631 2120 eis
1651 2096 1679 2119 et
1692 2090 1760 2119 dilIi-

981 2142 1046 2170 ciles
1058 2142 1168 2169 sumus?
1180 2141 1243 2176 quid
1256 2142 1295 2168 eis
1309 2145 1336 2168 et
1352 2139 1514 2167 irascimur?
1527 2145 1586 2172 quae
1598 2137 1669 2165 enim
1684 2144 1761 2172 ptem:

946 2196 967 2223 [ι
983 2188 1034 2215 alia
1049 2188 1090 2216 eis
1105 2187 1235 2215 debetur?
1245 2187 1273 2214 Si
1295 2187 1356 2221 quis
1373 2187 1412 2217 eis
1428 2186 1601 2217 irasceretur,
1615 2184 1706 2219 utique
1719 2183 1761 2211 di-

983 2238 1056 2261 ceret
1075 2243 1082 2261 :
1099 2233 1220 2268 Spoliare
1232 2254 1240 2266 ,
1257 2232 1391 2260 denudare
1403 2251 1411 2264 ,
1425 2232 1576 2265 deturpare,
1595 2229 1760 2264 inlrigidare.

984 2281 1079 2308 Statue
1095 2288 1155 2308 eum
1171 2281 1271 2307 nudum
1296 2280 1322 2307 in
1350 2280 1461 2314 frigore,
1474 2279 1556 2306 facito
1578 2284 1639 2304 eum
1652 2283 1762 2304 currere

984 2331 1046 2353 ante
1060 2333 1179 2353 currum.
1191 2325 1306 2352 Laboret
1322 2324 1464 2351 ambulans
1475 2343 1482 2355 ,
1504 2324 1659 2356 deturpetur
1679 2321 1762 2348 denu-

985 2371 1072 2402 datus,
1085 2371 1157 2398 dicat
1173 2370 1270 2404 turpia.
1299 2369 1368 2402 Quid
1391 2368 1489 2403 quaeris
1509 2367 1605 2402 punire
1626 2372 1688 2393 eum
1715 2365 1761 2399 qui

983 2416 1155 2450 semetipsum
1174 2415 1300 2442 damnat?
1314 2413 1411 2441 suilicit
1430 2413 1470 2440 eis
1484 2413 1547 2447 quia
1569 2418 1622 2438 non
1643 2414 1705 2438 sunt
1717 2417 1762 2437 no-

983 2461 1086 2489 biscum
1106 2470 1113 2489 :
1128 2460 1223 2489 suﬂicit
1243 2459 1320 2487 nobis
1336 2459 1397 2491 quia
1413 2465 1465 2484 non
1491 2464 1584 2484 sumus
1601 2463 1662 2483 cum
1685 2454 1760 2489 ipsis.

984 2506 1106 2534 Habeant.
1119 2507 1190 2541 quod
1203 2505 1313 2536 habent,
1329 2504 1391 2538 quia
1406 2508 1434 2530 et
1451 2502 1553 2530 volunt.
1569 2501 1628 2530 Non
1640 2500 1696 2537 (ll)
1713 2501 1761 2528 ba-

983 2553 1077 2580 bemus
1091 2560 1170 2587 quem
1185 2552 1325 2582 habemus,
1338 2551 1399 2584 quia
1416 2554 1443 2576 et
1456 2549 1589 2576 volumus.
1613 2548 1666 2574 Sed
1681 2547 1762 2582 fugiat

982 2602 1010 2624 et
1028 2605 1103 2625 mens
1116 2598 1235 2629 insanos,
1251 2601 1278 2623 et
1288 2596 1365 2622 sileat
1382 2595 1471 2630 lingua
1484 2603 1491 2627 ;
1506 2594 1566 2621 inde
1580 2598 1607 2621 et
1623 2597 1754 2620 converta-

983 2647 1027 2669 tur
1038 2642 1071 2669 ad
1088 2650 1183 2677 purum
1196 2647 1222 2669 et
1246 2640 1441 2675 incorporalem
1461 2639 1556 2671 Deum,
1568 2639 1602 2665 ad
1626 2642 1761 2668 sanctum,

982 2694 1009 2714 et
1022 2688 1099 2715 istius
1113 2687 1188 2715 chori
1207 2686 1360 2715 Dominum.
1376 2685 1434 2714 Non
1449 2693 1511 2713 eum
1534 2684 1688 2719 operiamus
1701 2689 1761 2709 cor-

1018 2786 1073 2822 (ll)
1090 2786 1160 2813 Non.
1178 2787 1215 2813 An
1232 2786 1301 2812 nos?
