2024 3208
283 97 353 126 “27

636 94 770 124 EUSEBII
789 94 1032 124 ειΕδΑιιιΕΝδιε
1049 95 1079 122 01

1119 115 1124 120 .
1148 95 1237 122 PARS
1256 94 1302 122 IV.
1323 109 1358 116 —
1377 92 1585 122 DOGMATICA.

1837 95 1900 121 “‘3!

282 155 494 189 derelinquunt:
513 157 541 180 et
555 160 668 188 corpore
678 153 785 187 quidem
810 153 974 180 erubescunt
995 160 1068 179 rere-
1081 157 1104 185 Α
1119 159 1215 179 carnes
1234 151 1291 188 (20)
1315 152 1430 183 vivent;
1455 152 1501 179 sed
1528 152 1618 178 attiuta
1630 169 1639 183 ,
1665 155 1692 179 et
1713 151 1865 186 cogitatus,
1879 156 1902 178 el

282 202 358 232 dere,
372 204 463 227 mente
476 203 567 226 autem
580 198 645 225 olim
659 197 862 232 dereliquerunt
883 205 889 222 :
909 202 1068 232 reputantes

281 246 354 281 apud
366 253 407 278 se.
425 245 510 279 magis
523 250 614 271 autem
628 243 785 270 fraudautes
802 248 829 270 et
843 250 898 270 non
921 243 1068 270 admitten-

282 296 334 320 tes.
361 291 408 319 Est
432 298 497 326 ergo
523 289 625 324 aliquid
646 288 786 322 quodnon
805 293 894 323 potest
918 296 1013 315 manus
1034 293 1068 316 te-

282 344 347 366 nere
364 345 371 364 :
387 340 429 364 est
456 335 556 370 aliquid
571 333 643 368 quod
656 341 710 360 non
726 338 815 368 potest
835 333 931 361 oculus
954 333 1066 361 videre:

282 381 441 417 estaliquid
457 381 528 416 quod
559 387 612 407 non
643 384 686 407 est
705 379 884 407 sensibilitas.
911 379 969 406 Non
986 379 1068 407 habes

283 430 424 459 animam?
437 428 526 456 vidisti
542 428 592 455 ista
603 426 681 462 (l9)?
695 432 774 461 putas
783 435 858 461 ergo,
873 425 935 460 quia
949 426 1066 453 animam

284 485 336 504 non
351 476 441 503 vidisti
455 480 540 505 tuam,
555 482 607 500 non
621 478 665 501 est
680 473 752 508 quod
773 473 874 500 babes?
895 477 922 500 et
946 479 1020 499 certe
1035 472 1068 499 de

281 523 372 550 anima
388 521 485 549 dubius
502 528 562 547 esse
574 528 627 547 non
642 520 724 547 debes
736 519 757 546 si
772 523 825 550 est,
837 519 884 546 sed
896 518 929 546 de
943 526 1066 554 corpore.

281 567 394 601 Corpori
413 566 484 593 enim
504 570 534 593 ut
550 566 597 598 sit,
616 565 760 599 prtesentia
774 564 839 591 facit
857 564 953 591 anima:
974 573 981 590 :
1003 572 1066 590 num

282 615 363 641 debes
377 612 518 640 dubitare?
536 613 564 639 Si
581 612 655 638 videt
667 611 762 638 oculus
781 616 852 643 tuus,
865 610 887 638 si
909 614 999 646 gustat
1017 609 1068 636 lin-

281 668 330 695 sua
346 664 371 687 et
395 659 525 694 loquitur,
539 663 567 686 et
587 659 609 686 si
631 658 717 693 tangit
746 665 861 690 manus;
876 664 925 684 cur
948 656 1066 687 dubitas,

281 711 310 733 et
324 713 379 734 non
395 706 482 740 magis
498 704 640 732 edoceris?
667 703 787 731 Ostendo
809 703 857 730 tibi
877 710 976 738 corpus
999 709 1068 729 mor-

281 752 340 778 tui:
358 751 451 779 oculus
465 751 489 778 ei
515 759 569 778 non
597 750 682 781 deest,
706 753 732 776 et
750 757 802 777 non
834 748 928 781 videt;
947 748 1065 782 linguam

280 798 372 830 habet,
399 803 427 825 et
459 804 610 824 sermonem
627 804 679 824 non
701 795 799 829 habet;
834 801 915 822 aures
929 794 1019 825 habet,
1040 797 1067 820 et

1118 204 1223 224 sensus.
1241 198 1269 225 Si
1288 202 1377 225 autem
1389 203 1417 225 et
1431 197 1595 225 contenditis
1610 204 1670 224 esse
1683 205 1795 232 corpora
1810 203 1899 225 etear-

1118 251 1166 270 nes
1185 243 1250 274 Deo,
1266 250 1318 269 non
1333 250 1503 278 opponamus
1521 243 1546 270 ei
1568 242 1614 277 qui
1638 250 1690 270 non
1706 243 1837 277 suscipit,
1858 245 1902 271 sed

1118 290 1153 316 sit
1166 294 1306 323 separatus
1319 293 1346 315 ut
1370 293 1422 321 est,
1447 289 1482 315 sit
1504 296 1596 323 purus,
1618 289 1653 315 sit
1675 288 1742 316 liber
1769 290 1903 323 corporali

1117 334 1214 361 affectu
1232 334 1265 361 ab
1281 334 1354 361 omni
1373 333 1441 366 loco,
1454 333 1489 361 ab
1502 334 1575 361 omni
1590 334 1708 367 regione,
1723 334 1757 362 ab
1771 335 1844 361 omni
1857 343 1902 361 na-

1119 384 1189 406 tura.
1204 379 1284 407 Sultts
1296 380 1368 406 enim
1384 383 1428 407 est
1445 380 1470 406 in
1493 379 1655 414 semetipso,
1673 379 1746 406 solus
1770 380 1838 414 apud
1859 387 1902 407 se-

1118 425 1276 460 metipsum,
1303 425 1375 453 solus
1401 430 1538 460 reparatus
1559 427 1591 453 ad
1611 434 1655 460 se,
1680 431 1707 453 et
1728 433 1788 453 cum
1807 426 1843 453 sit
1863 433 1901 452 re-

1118 476 1229 506 paratus
1242 471 1274 498 ad
1288 478 1326 503 se,
1343 471 1457 506 complet
1469 472 1572 506 omnia,
1590 472 1637 499 sed
1650 479 1702 498 non
1715 472 1900 506 corporaliter.

1118 515 1193 543 Tuba
1208 523 1276 551 opus
1288 521 1345 550 est;
1375 524 1425 543 vos
1440 517 1557 543 ntaatima
1575 517 1728 544 necessaria
1747 521 1789 544 est
1812 524 1820 543 :
1848 525 1900 543 nm-

1117 563 1159 598 gis
1173 567 1325 591 autemnec
1348 571 1409 595 vox,
1428 571 1476 590 nec
1502 563 1576 595 tuba,
1603 564 1651 590 sed
1680 570 1756 590 tuens
1781 571 1859 598 pura,
1874 568 1901 589 ut

1117 609 1241 636 videatur
1255 609 1300 644 qtti
1319 617 1370 636 non
1386 609 1502 642 videtur,
1526 614 1556 636 ut
1568 609 1692 635 audiatur
1718 609 1764 643 qui
1787 616 1839 635 non
1860 616 1901 635 au-

1119 654 1202 688 ditur,
1219 660 1247 682 ut
1267 655 1432 690 intelligatur
1446 655 1490 690 qui
1510 662 1562 682 non
1589 654 1795 690 interpretatur,
1819 659 1847 681 et
1860 654 1900 682 di-

1118 706 1194 727 catnr
1206 700 1251 735 qui
1267 707 1319 727 non
1334 700 1449 731 dicitur,
1465 704 1493 726 ut
1505 705 1667 735 agnoscatur
1686 700 1732 735 qui
1759 708 1812 727 non
1829 708 1900 728 com-

1117 746 1310 782 prehenditur,
1339 751 1367 774 et
1401 747 1436 773 sit
1465 746 1509 774 isti
1539 746 1585 773 tali
1619 746 1673 773 Deo
1700 754 1748 781 per
1774 746 1899 782 eumqui

1118 792 1197 820 talem
1212 792 1290 820 nobis
1314 793 1453 820 annuntiat
1475 797 1501 820 et
1525 792 1719 827 interpretatur
1739 793 1823 820 Deum
1848 793 1900 827 glo-

280 844 401 871 auditum
419 851 471 871 non
485 843 565 870 habet
581 851 588 874 ;
608 850 661 869 non
675 847 768 876 gustus
785 842 821 874 ei,
839 848 892 868 non
913 845 1011 868 tactus.
1028 839 1069 866 ln-
1082 833 1104 861 Β
1119 839 1169 871 ria,
1188 839 1284 870 honor,
1301 838 1443 873 imperium
1456 858 1464 871 ,
1481 838 1608 872 majestas
1635 838 1661 865 in
1686 838 1789 873 Spiritu
1806 844 1899 866 sancto

280 889 363 916 tueris
381 888 440 923 quia
460 888 591 916 abscessit
607 887 705 914 artifex
730 886 894 919 invisibilis,
917 890 946 913 et
972 892 1066 912 cessa-

281 939 344 961 runt
373 934 488 962 visibilia
515 933 806 969 operamentalNunc
834 939 931 967 corpus
957 939 964 958 :

288 1020 1318 1033 —_______-.__.—__—_————v

1117 889 1145 912 et
1160 892 1230 912 nunc
1246 890 1275 912 et
1288 891 1394 919 semper
1402 903 1411 917 ,
1423 888 1451 911 et
1465 891 1514 919 per
1522 883 1612 912 omnia
1621 882 1718 911 saecula
1728 884 1897 912 szeculorum.

991 939 1064 959 nunc
1114 932 1212 960 Amen.

1324 1017 1894 1030 .____—.__—_.

764 1127 1043 1186 EUSEBII
1082 1129 1426 1186 PAMPHILI

693 1261 787 1305 DE
848 1258 1506 1322 INCORPORALI,

940 1368 1057 1399 LIBER
1079 1367 1238 1399 PRIMUS.

317 1573 457 1602 Multitudo
468 1573 646 1608 quaestionum
661 1573 689 1601 in
705 1573 748 1601 his
760 1581 820 1607 quae
835 1574 903 1602 lecta
927 1578 990 1602 sunt
1007 1575 1066 1603 hinc
1079 1579 1102 1610 c
1118 1576 1208 1603 omnia
1224 1582 1365 1610 corporum
1383 1579 1446 1602 sunt
1461 1575 1526 1603 vitia
1539 1580 1566 1604 et
1583 1576 1735 1612 passiones,
1750 1581 1778 1604 et
1793 1576 1899 1604 divisio-

281 1620 446 1648 continetur.
465 1619 498 1647 Et
521 1618 591 1647 forte
614 1627 676 1648 cum
703 1619 807 1655 jejunio
833 1621 956 1655 poteritis
973 1621 1069 1648 audire

279 1672 306 1693 et
323 1673 382 1701 quae
398 1670 460 1693 sunt
472 1673 532 1700 qua
548 1671 705 1701 quatruntur
717 1686 725 1699 ,
747 1670 775 1693 et
795 1674 856 1700 quae
870 1674 963 1694 eorum
985 1668 1070 1694 inter-

281 1712 398 1748 pretatio
412 1711 554 1739 habeatur.
571 1712 706 1745 Quaeritur
721 1713 794 1739 enitn
811 1713 837 1739 in
859 1712 901 1739 bis
920 1719 982 1747 quae
999 1713 1067 1740 lecta

281 1764 355 1792 sunt,
383 1759 405 1786 si
435 1758 506 1786 Deus
531 1759 557 1785 in
587 1752 705 1786 montem
727 1759 867 1786 descendit
884 1759 962 1791 Sina,
991 1763 1019 1786 et
1045 1759 1068 1786 si

281 1805 464 1832 circumdatur
487 1805 558 1832 Deus
588 1805 614 1831 in
639 1810 731 1831 monte
755 1810 802 1832 aut
834 1804 903 1832 loco.
930 1805 1068 1838 Quaeritur

281 1851 363 1878 etiam
378 1859 438 1886 qnze
461 1855 520 1878 erat
543 1851 626 1884 tuba,
650 1858 711 1886 quae
732 1859 780 1879 ore
800 1851 987 1886 proferebatur
1010 1851 1067 1879 Dei.

283 1895 429 1930 Quaaritur,
453 1904 501 1924 cur
525 1897 772 1932 appropinquantes
797 1898 829 1924 ad
855 1902 960 1924 montes
971 1897 1026 1933 (21)
1043 1898 1068 1924 in

283 1949 336 1978 quo
364 1948 424 1970 erat
448 1943 529 1975 Deus,
551 1943 801 1975 interficiebantur,
828 1948 856 1971 et
879 1943 1069 1979 prohibebatur

282 1989 396 2024 populus
411 1989 635 2023 appropinquare.
657 1988 726 2023 Quid
740 1988 792 2016 sibi
809 1989 866 2017 vult
881 1989 1007 2016 columna
1020 1997 1070 2016 nu-

282 2035 324 2062 bis
341 2034 385 2062 ubi
401 2040 441 2061 est
457 2034 545 2061 Deus?
563 2035 627 2069 quid
641 2034 722 2061 etiam
739 2041 817 2062 mons
834 2034 963 2062 fumans?
977 2035 1070 2062 Adda-

282 2085 325 2107 tur
342 2086 431 2107 autem
448 2080 504 2112 his,
521 2088 570 2107 cur
584 2081 606 2107 si
632 2081 692 2115 quis
705 2080 817 2108 vidisset
835 2081 917 2108 Deum
935 2081 1069 2108 morieba-

283 2130 338 2158 tur,
353 2131 380 2153 et
394 2134 446 2153 non
462 2126 547 2161 magis
570 2126 688 2154 vivebat.
713 2126 767 2154 Has
791 2135 885 2156 omnes
906 2128 1069 2162 quaestiones

282 2172 365 2198 ambit
374 2171 447 2198 loctts
454 2172 499 2206 qui
512 2172 599 2199 lectus
606 2173 777 2200 est.0rantes
787 2173 869 2208 igitur
878 2174 963 2207 ipsum
975 2173 1068 2206 Deum,

281 2217 326 2252 qui
343 2216 416 2244 solus
430 2221 518 2250 potest
532 2224 580 2243 sua
595 2217 710 2249 edicere,
726 2218 761 2244 ita
776 2219 808 2244 ad
818 2218 966 2245 solutiones
980 2218 1069 2245 istius-

1120 1629 1168 1649 nes
1181 1626 1209 1649 et
1224 1622 1394 1652 partitiones.
1415 1620 1461 1648 llla
1479 1628 1569 1650 autem
1595 1628 1690 1650 natura
1715 1622 1800 1651 libera
1823 1628 1865 1650 est
1888 1630 1901 1650 ι

1119 1667 1289 1701 corporibus,
1307 1674 1359 1694 non
1373 1667 1460 1695 solum
1478 1673 1507 1695 ut
1527 1676 1582 1695 non
1595 1669 1632 1695 sit
1645 1676 1743 1703 corpus
1754 1690 1761 1701 ,
1776 1670 1824 1696 sed
1836 1674 1862 1696 et
1877 1675 1903 1696 ut

1120 1722 1172 1741 non
1189 1714 1286 1741 habeat
1297 1721 1406 1748 corpus.
1423 1713 1478 1742 Nec
1489 1715 1562 1742 enim
1585 1719 1614 1742 ut
1639 1715 1727 1742 anima
1744 1715 1902 1750 incorpora-

1119 1760 1152 1787 lis
1175 1759 1285 1794 quidem
1310 1765 1362 1793 est,
1381 1759 1453 1787 circa
1474 1767 1572 1795 corpus
1595 1765 1684 1788 autetn
1706 1761 1902 1795 quodammodo

1118 1810 1170 1836 est,
1191 1810 1237 1832 aut
1250 1812 1348 1840 corpus
1362 1805 1435 1832 circa
1449 1805 1534 1839 ipsam
1545 1825 1554 1839 ,
1568 1811 1614 1833 aut
1631 1807 1764 1841 quomodo
1779 1807 1842 1842 quis
1857 1815 1902 1835 vo-

1119 1850 1200 1878 luerit
1217 1851 1307 1878 dicere
1324 1858 1331 1877 :
1349 1858 1437 1885 neque
1459 1852 1510 1879 hoc
1525 1852 1709 1887 accipiendum
1730 1853 1762 1880 de
1781 1853 1837 1881 Deo
1850 1859 1901 1886 est,

1119 1897 1181 1931 quia
1197 1905 1284 1932 neque
1309 1905 1408 1933 corpus
1428 1902 1470 1926 est
1493 1898 1580 1931 Deus,
1605 1906 1692 1933 neque
1714 1907 1813 1933 corpus
1832 1901 1901 1928 circa

1120 1943 1219 1977 ipsum,
1231 1951 1317 1978 neque
1331 1944 1358 1970 in
1372 1951 1485 1979 corpore
1496 1949 1537 1971 est
1549 1944 1615 1978 ipse.
1632 1944 1666 1971 Et
1675 1945 1736 1980 quis
1746 1946 1902 1980 corporibus

1120 1989 1267 2015 innutritus
1291 1988 1361 2016 forte
1383 1989 1575 2023 suspicabitur,
1606 1990 1674 2017 nihil
1692 1998 1752 2019 esse
1773 1993 1902 2026 eum,qui

1121 2040 1174 2060 non
1190 2038 1306 2066 tenetur,
1319 2041 1369 2061 nec.
1382 2034 1498 2066 videtttr,
1511 2041 1560 2061 nec
1571 2039 1703 2068 arctatttr,
1711 2043 1759 2063 nec
1776 2038 1901 2071 tangitur.

1121 2079 1173 2106 Sed
1200 2087 1349 2107 conversus
1373 2080 1516 2107 edoceatur
1539 2086 1663 2108 naturam
1694 2082 1812 2117 negotii,
1843 2083 1902 2116 quia

1119 2134 1180 2160 qua
1198 2126 1334 2158 videntur,
1350 2131 1377 2152 et
1393 2126 1509 2153 tactibus
1523 2126 1672 2159 incurrunt,
1691 2131 1720 2153 et
1743 2128 1903 2162 cogitatibus

1121 2171 1329 2205 amplectuntur,
1354 2179 1417 2199 rere
1445 2179 1583 2206 nunquam
1611 2177 1683 2200 sunt.
1708 2173 1737 2200 Si
1765 2178 1855 2201 autem
1879 2180 1903 2201 et

1122 2217 1284 2244 transfertur
1299 2223 1327 2245 et
1341 2223 1550 2250 transmutatur,
1565 2223 1593 2246 et
1607 2220 1749 2253 scinditur,
1766 2225 1794 2247 et
1808 2222 1903 2248 divitii-

282 2263 355 2291 modi
379 2263 528 2289 veniemus.
558 2262 640 2289 Deum
670 2264 781 2298 quidem
805 2265 957 2291 circumdat
985 2265 1067 2297 nihil;
1085 2260 1175 2294 Dtur.
1187 2268 1216 2290 et
1239 2264 1378 2298 putrescit,
1403 2269 1431 2291 et
1457 2272 1595 2299 nunquam
1619 2265 1705 2300 ipsum
1727 2266 1782 2301 (22)
1808 2267 1903 2302 accipit

281 2309 433 2338 circumdat
451 2313 541 2336 autem
560 2308 630 2336 Deus
653 2310 744 2336 omnia
757 2330 765 2343 ,
794 2317 847 2337 non
881 2310 1068 2346 corporaliter.

283 2354 388 2382 Virtute
409 2355 481 2382 enim
507 2354 669 2389 incorporali
695 2355 772 2383 adest
805 2356 950 2387 omnibus,
971 2356 1070 2390 ubique

283 2409 402 2436 praesens
414 2406 466 2434 est,
481 2406 509 2428 et
521 2402 555 2428 ab
567 2402 693 2428 omnibus
706 2407 846 2436 separatus
861 2408 911 2430 est.
925 2402 983 2429 Non
997 2403 1068 2430 enim

283 2452 312 2474 ut
327 2447 521 2482 permiscentur
535 2448 623 2478 adest.
637 2453 683 2475 aut
697 2453 726 2475 ut
740 2448 892 2483 copuletur,
911 2454 958 2476 aut
971 2453 999 2475 ut
1010 2449 1071 2484 jun-

283 2498 375 2528 gatur;
400 2494 446 2521 sed
462 2493 530 2521 liber
548 2498 575 2521 et
596 2499 737 2529 separatus
758 2494 845 2521 adest.
871 2494 955 2522 Adest
978 2499 1067 2521 autem

284 2547 336 2566 non
347 2539 461 2571 divisus,
476 2545 522 2566 aut
535 2540 647 2571 scissus.
662 2544 708 2568 aut
722 2541 888 2576 segregatus.
902 2540 995 2575 Neque
1007 2548 1068 2575 pars

283 2586 391 2620 quidem
408 2585 466 2619 eius
493 2585 586 2617 adest,
601 2593 663 2620 pars
689 2590 778 2613 autem
794 2587 890 2619 abest;
914 2594 1000 2621 neque
1025 2586 1069 2613 hic

284 2632 391 2667 quidem
407 2639 470 2666 pars
482 2631 550 2664 alia,
567 2631 617 2658 alia
632 2636 722 2659 autem
746 2639 809 2666 pars
827 2632 902 2659 alibi.
922 2631 973 2659 Ista
995 2633 1068 2659 enim

321 2741 376 2773 (l9)
392 2740 459 2768 Ista.
474 2740 555 2768 Forte
566 2741 654 2767 istam.

320 2775 376 2809 (20)
393 2774 470 2802 Nunc
482 2784 585 2810 corpus,
601 2784 668 2802 nunc
683 2783 784 2803 carnes.
798 2775 886 2808 Forte,
899 2783 948 2802 non
966 2783 1070 2809 corpus,

287 2817 336 2836 11011
350 2817 450 2837 carnes.

1119 2314 1230 2336 statum.
1247 2308 1350 2341 Quibus
1369 2309 1442 2336 enim
1459 2310 1609 2344 proprietas
1621 2315 1682 2343 est,
1695 2312 1840 2339 minoratio
1856 2316 1902 2339 ista

1119 2354 1226 2382 videtur
1235 2361 1242 2379 ε
1251 2354 1314 2388 quid
1324 2354 1395 2381 enim
1409 2355 1546 2389 proprium
1557 2358 1599 2381 est
1611 2356 1771 2389 corporibus
1784 2357 1834 2384 nisi
1848 2357 1902 2393 (23)

1120 2401 1312 2428 veterascant?
1327 2401 1355 2428 Si
1368 2401 1440 2428 enitn
1455 2405 1527 2428 esset
1539 2407 1683 2436 corporum
1702 2407 1797 2429 natura
1814 2403 1902 2438 perfe-

1120 2450 1180 2479 cta,
1198 2454 1251 2473 non
1278 2447 1410 2482 indigeret
1432 2447 1511 2474 istatn
1538 2447 1715 2474 additamenti
1737 2456 1900 2477 mensuratn.

1120 2493 1158 2520 Ita
1171 2493 1243 2520 enim
1256 2500 1369 2528 corpora
1383 2492 1489 2520 infirma
1501 2497 1580 2527 sunt,
1599 2499 1627 2521 et
1643 2494 1686 2521 illa
1709 2495 1826 2522 maxime
1845 2504 1902 2531 qtne

1123 2539 1247 2566 videntur
1265 2539 1412 2566 fortissima
1430 2547 1500 2570 esse.
1524 2541 1586 2574 quia
1599 2540 1724 2576 adjuvare
1736 2548 1828 2568 senon
1843 2549 1902 2576 pos-

1121 2589 1192 2613 sunt.
1207 2585 1234 2611 Si
1253 2584 1324 2612 enim
1339 2585 1431 2619 pulsus
1443 2584 1524 2612 fuerit
1537 2585 1603 2619 lapis
1613 2605 1621 2619 ,
1635 2591 1661 2611 et
1675 2584 1757 2612 semel
1772 2587 1902 2620 acceperit

1122 2630 1227 2657 initium
1242 2635 1272 2658 ut
1281 2631 1377 2663 cadat,
1394 2635 1421 2658 et
1433 2630 1722 2666 cmperitcomminui,
1740 2638 1792 2658 non
1819 2638 1901 2666 potes-

1159 2739 1214 2773 (21)
1228 2738 1338 2765 Μοηιιε.
1353 2738 1404 2766 Pro
1417 2745 1539 2766 montem.

1160 2773 1215 2809 (ἥ)
1230 2773 1329 2809 ipsum.
1342 2774 1437 2804 Αὐτόν,
1454 2776 1581 2802 eumdem.

1160 2807 1216 2841 (23)
1233 2807 1301 2837 Nisi.
1315 2809 1403 2838 Forte.
1420 2809 1471 2836 nisi
1481 2814 1520 2837 ut.
