2024 3208
183 208 254 236 Ηίέθ

831 211 875 239 DE
891 211 1134 240 INCORI'OIHLI.

1731 214 1800 242 1130

179 273 306 295 revocare
335 275 410 294 suam
440 269 563 301 ruinam;
584 275 610 297 et
634 272 655 298 si
685 272 788 304 scissus
808 273 888 300 fuerit
909 282 960 300 tton
977 275 997 302 Α
1014 272 1053 306 git
1066 272 1138 298 enim
1156 271 1261 298 flamma
1279 279 1352 298 eum.
1367 271 1394 298 Si
1411 278 1500 299 autem
1520 272 1591 308 ignis
1613 273 1799 303 confabulatus

173 314 356 349 conjungitur,
373 319 400 340 et
413 314 515 342 divisus
536 316 620 343 distat
633 325 646 344 a
663 319 820 353 semetipso.
836 318 873 346 Ita
889 325 915 347 et
929 321 962 347 de

174 359 309 386 montibus
322 359 476 387 efficiuntur
489 361 635 389 incisiones
650 368 676 389 et
699 364 796 396 ruinae;
815 370 841 392 et
860 372 960 399 quanto

173 405 276 438 majora
297 408 360 432 Sunt
377 414 436 440 qua:
451 407 627 439 scinduntttr,
643 414 718 436 tanto
734 417 835 445 magna:
857 416 920 438 sunt
935 417 962 438 et

173 450 268 477 ruina).
286 446 318 476 Et
332 457 384 477 nott
399 451 425 477 in
450 452 631 479 crassitudine
651 454 738 481 virtus
754 459 805 481 est.
817 453 845 482 Si
871 460 960 482 autem

172 500 278 530 oportet
297 501 324 523 et
344 497 462 531 ipsorum
478 504 623 532 corporum
639 501 755 527 scrutari
772 505 900 533 naturas,
917 508 960 528 se-

171 541 289 567 cundum
304 543 468 576 propositam
483 544 659 578 quaestionem
675 551 873 580 consequenter
887 547 960 575 vide-

172 586 269 616 bimus.
294 587 356 621 quia
374 592 401 614 et
428 588 547 623 ipsorum
574 597 718 625 corporum
744 593 879 620 subtilitas
901 599 960 628 quas

172 637 301 666 putantur
311 639 373 660 esse
384 632 501 666 infirma,
524 634 637 662 fortiora
653 637 853 670 quodammodo
876 646 959 674 appa-

171 681 230 704 rent
249 684 256 702 :
275 681 304 704 ut
318 681 386 711 puta
400 678 470 712 quod
485 678 563 712 dico,
578 684 650 707 terra
665 682 743 716 aquis
759 687 801 710 est
829 685 958 717 crassior,

172 729 248 756 aqum
276 730 291 750 a
316 728 388 750 terra
415 723 504 752 minus
527 731 625 752 crassze
649 726 795 755 habentur.
821 729 873 756 Sed
897 737 957 757 cum

172 771 242 794 terra
270 768 414 796 incurrerit
434 775 543 803 aquam,
573 770 756 799 dissolvitur:
779 780 840 800 cum
867 779 957 801 autem

171 818 241 846 aqua
252 813 461 847 appreltenderit
478 818 589 847 terram,
604 821 726 850 penetrat
749 825 820 846 eam.
839 818 872 846 Et
886 821 957 853 quod

171 858 272 892 patitur
295 862 366 885 terra
388 859 423 885 ab
449 866 529 893 aqua,
546 860 597 888 hoc
626 862 728 895 patitur
749 871 818 897 aqua
837 863 871 891 ab
885 871 956 891 acre.

169 903 241 936 Quid
267 904 338 931 enim
364 905 591 939 improveetiones
617 908 673 944 (‘24)
703 909 763 936 ista:
794 909 957 938 ostendunt?

1013 318 1094 344 fuerit
1107 317 1199 352 lapidi,
1218 325 1266 352 per
1280 321 1363 345 totum
1389 317 1504 353 lapidem
1524 324 1655 354 penetrat.
1672 320 1709 346 ita
1732 326 1759 348 et
1777 321 1799 349 si

1012 367 1188 389 atramentum
1200 362 1347 390 immissum
1363 362 1443 390 fuerit
1454 364 1480 390 in
1494 364 1563 399 igne,
1577 370 1622 391 aut
1633 364 1801 397 ferrum,aut

1013 407 1098 442 ipsum
1112 415 1223 438 aurum,
1241 408 1420 434 imntutantur
1441 408 1545 436 colores
1560 409 1679 436 omnium
1691 430 1699 442 ,
1719 415 1745 436 et
1766 410 1799 436 ad

1012 452 1084 487 ignis
1115 453 1315 480 lranSferuntur
1343 453 1460 481 colorem
1485 459 1512 481 et
1539 455 1696 489 magistrum
1717 454 1798 490 (27):

1011 499 1137 533 quodque
1151 506 1246 526 eorum
1260 499 1340 534 ignis,
1355 505 1402 526 aut
1420 500 1470 527 hoc
1485 507 1538 534 qua
1556 500 1654 527 dicitur
1668 505 1695 528 et
1710 499 1798 527 calore

1011 549 1037 571 et
1057 543 1160 579 fulgore
1181 548 1209 571 et
1233 544 1360 571 omnibus
1383 545 1592 579 proprietatibus
1620 545 1701 580 ignis.
1731 546 1798 580 Quia

1010 594 1099 616 autem
1112 589 1182 623 ignis
1196 590 1230 616 ad
1251 597 1346 616 aurum
1364 598 1417 617 non
1431 591 1512 624 cadit,
1527 598 1621 617 aurum
1641 594 1729 618 autem
1752 599 1798 619 ca-

1010 634 1122 667 lefacit;
1138 634 1284 663 manifesta
1300 640 1341 663 est
1357 636 1512 663 eminentia.
1535 635 1567 662 Et
1582 636 1644 671 quia
1663 637 1731 671 ignis
1743 645 1796 664 non

1010 679 1168 707 dissolvitur
1181 688 1196 707 a
1215 681 1316 714 petris,
1333 680 1455 708 dissolvit
1476 686 1564 709 autem
1579 687 1685 716 petras;
1703 688 1796 716 aperta

1009 730 1052 754 est
1079 727 1176 754 virtus.
1201 727 1233 754 Et
1252 727 1315 761 quia
1338 727 1408 762 ignis
1428 735 1480 755 non
1505 728 1641 755 detinetur
1664 727 1698 755 ab
1724 732 1797 761 aere,

1009 772 1107 799 scindit
1127 777 1218 800 autem
1237 778 1264 800 et
1277 780 1384 800 sursum
1398 773 1502 807 currit;
1516 777 1636 808 apertum
1655 774 1796 808 imperium

1009 821 1061 844 est.
1076 817 1110 844 Et
1123 819 1185 852 quia
1200 823 1277 852 urget
1294 825 1400 845 sursum
1423 819 1492 850 fieri,
1510 825 1537 846 ct
1562 819 1694 853 positione
1715 823 1798 846 estet

1009 864 1108 891 virtute
1120 869 1148 891 et
1164 863 1254 891 colore
1270 864 1376 892 fortior.
1398 865 1450 892 Sed
1468 865 1538 892 forte
1558 866 1666 900 quidam
1680 865 1797 901 jurgiunt

1013 916 1143 943 aquarum
1157 910 1299 937 adversum
1315 911 1403 945 ignem
1423 911 1511 942 videt,
1530 912 1592 945 quia
1607 911 1641 938 ab
1658 911 1734 946 aquis
1750 919 1797 938 es-

171 948 224 976 ltoc
236 956 317 976 unum
333 951 450 978 maxime
461 972 468 984 ,
486 953 549 987 quia
570 953 604 980 ad
619 953 865 990 incorporalitatem
881 961 908 984 et
923 959 954 985 ad
971 948 992 976 Β
1012 955 1158 988 stinguitur
1179 955 1248 990 ignis
1262 963 1268 982 :
1282 956 1353 990 quod
1370 955 1478 990 quidem
1496 956 1612 984 rccessio
1625 957 1710 991 magis
1729 957 1798 992 ignis

171 993 257 1022 levius
268 1002 377 1030 corpus,
393 997 523 1031 majorem
532 999 679 1033 imponunt
692 1001 817 1029 virtutem
832 1003 957 1031 subtilio-

171 1041 255 1068 ribus.
280 1041 333 1068 Aer
353 1043 424 1070 enim
440 1050 488 1078 per
506 1052 591 1079 aquas
610 1051 753 1080 penetrat;
770 1052 893 1082 penetrat
908 1057 956 1076 au-

172 1091 225 1112 tem
241 1086 277 1112 ita
293 1090 322 1113 ut
342 1087 393 1114 vim
408 1087 492 1115 faciat
515 1096 600 1124 aquas
614 1091 700 1118 emitti
718 1099 766 1127 per
788 1100 817 1120 se
834 1095 865 1121 ad
879 1102 956 1129 supc-

171 1132 257 1159 riores
270 1137 379 1167 partes,
396 1134 467 1169 quod
487 1135 545 1169 ejus
559 1143 611 1164 non
627 1141 667 1164 est
682 1143 794 1166 naturae.
812 1140 843 1167 Et
856 1141 878 1168 si
895 1142 956 1176 quis

170 1178 284 1206 voluerit
300 1179 351 1207 itoc
366 1188 456 1214 ttosse,
470 1182 533 1216 quia
552 1189 605 1209 non
621 1183 776 1212 detinentur
792 1194 907 1220 superna
922 1189 956 1215 ab

170 1224 212 1251 his
225 1230 283 1259 quat
295 1225 418 1252 deorsum
429 1232 502 1259 sunt,
517 1226 539 1254 si
551 1228 612 1262 quis
624 1229 767 1263 repleverit
781 1237 844 1258 aere
857 1238 953 1264 utrem,

169 1276 285 1305 eumque
306 1270 468 1298 demerserit
491 1272 518 1299 in
541 1280 656 1307 aquam;
682 1279 708 1301 et
741 1282 814 1303 certe
836 1284 896 1304 cum
921 1279 955 1304 sit

170 1315 277 1350 pellium
294 1321 389 1343 natura
404 1318 521 1345 crassior
535 1324 562 1345 et
577 1320 687 1353 gravior
706 1321 791 1356 magis
809 1330 890 1357 quam
909 1331 956 1351 aer

170 1360 294 1394 habetur,
309 1368 357 1389 aer
368 1369 494 1397 qumrens
514 1372 592 1392 suum
610 1364 727 1392 officium
753 1370 780 1394 et
805 1369 954 1403 regionem,

169 1412 256 1441 neque
270 1414 331 1434 cum
346 1408 512 1442 gravissimis
527 1410 632 1438 utribus
648 1412 784 1439 detinetur
795 1433 803 1445 ,
824 1413 870 1440 sed
886 1414 955 1442 scin-

168 1453 235 1479 dens
253 1459 337 1487 aquas
350 1461 456 1481 sursum
469 1456 595 1483 educitur
605 1464 666 1484 cttm
679 1458 808 1492 gravibus
819 1466 867 1493 per
878 1466 954 1488 aera.

168 1497 250 1525 istam
266 1499 348 1533 igitur
360 1500 511 1533 passionem
525 1509 607 1535 quam
624 1508 701 1537 aqua:
717 1504 751 1530 ab
765 1511 827 1532 aere
848 1506 955 1540 patiun-

168 1548 223 1576 tur,
238 1548 267 1571 et
278 1551 325 1571 aer
339 1544 373 1571 ab
389 1546 450 1580 igne
465 1547 599 1579 sustinet,
609 1553 637 1574 et
651 1549 726 1575 testis
742 1549 798 1584 (25)
822 1552 955 1578 sermonis

169 1589 284 1617 flammae
293 1594 356 1617 sunt
370 1595 397 1617 et
409 1591 534 1619 lucernae.
553 1591 615 1619 ideo
628 1594 700 1620 enim
712 1599 866 1622 attenuatur
877 1594 952 1622 fiam-

167 1642 218 1662 ma:
232 1636 386 1668 summitas,
397 1637 460 1671 quia
476 1637 570 1665 incidit
582 1638 663 1665 istum
677 1640 839 1667 ambientem
850 1648 950 1669 aerem.

167 1681 201 1708 Et
217 1682 324 1710 videtur
336 1682 443 1716 quidem
469 1683 538 1718 ignis
568 1691 583 1710 a
606 1684 770 1717 videntibus,
796 1686 952 1719 agnoscitur

167 1733 256 1755 autem
273 1730 306 1756 ab
321 1728 362 1756 his
374 1729 419 1763 qui
437 1734 548 1764 possunt
561 1730 618 1764 ejus
631 1735 753 1758 naturam
766 1732 855 1759 videre
865 1751 872 1764 ,
889 1734 951 1767 quia

167 1774 200 1800 ad
216 1781 292 1802 suam
317 1774 426 1802 festinat
446 1775 579 1809 regionem
594 1796 601 1807 ,
626 1777 659 1803 ad
678 1777 816 1810 superiora
838 1777 950 1805 scilicet.

167 1818 220 1845 Iste
235 1819 316 1853 igitur
330 1818 520 1846 subtilissimus
537 1819 607 1852 ignis
626 1826 687 1846 cunt
711 1821 746 1847 sit
770 1828 838 1847 unus
863 1828 878 1847 e
891 1829 951 1848 cor-

168 1863 287 1898 poribus,
303 1865 440 1898 proximus
454 1870 494 1891 est
513 1865 737 1899 incorporalibus:
757 1865 863 1892 intuere
878 1866 950 1892 enim

167 1913 282 1942 quantas
297 1909 395 1936 habeat
407 1910 585 1943 proprietates
604 1910 748 1936 adversum
773 1916 870 1937 caetera
887 1918 950 1937 cor-

167 1960 242 1987 pora.
261 1953 289 1980 in
306 1954 388 1981 certis
407 1956 478 1981 enim
504 1955 663 1989 corporibus
684 1956 875 1983 condiscamus
899 1957 950 1983 im-

167 1998 270 2033 perium
295 2004 356 2026 esse
380 1999 518 2026 subtilium
545 2007 579 2026 ne
603 2007 712 2026 crassus
735 1999 847 2027 effectus
871 2001 951 2028 cadat

166 2044 274 2071 sicntet
286 2051 398 2079 corpora
413 2052 503 2072 crassa
522 2053 528 2070 :
549 2045 597 2072 sed
619 2051 736 2073 tuentem
758 2046 792 2074 ad
807 2046 948 2074 laetitiam:

165 2091 328 2125 corporibus
342 2092 449 2126 quidem
474 2091 512 2119 sis
527 2092 595 2119 liber
606 2111 614 2124 ,
632 2092 665 2118 ad
683 2091 840 2127 incorporea
858 2097 948 2119 autem

165 2136 286 2164 festines.
313 2137 384 2173 ignis
409 2138 491 2172 igitur
514 2138 601 2173 primo
626 2138 736 2173 quidem
761 2139 850 2166 dicam
878 2139 950 2166 idem

165 2181 257 2215 glorias
268 2187 310 2209 est
321 2190 400 2216 supra
413 2183 502 2210 omnia
517 2191 631 2218 corpora
642 2203 650 2215 ,
665 2188 694 2210 et
714 2183 852 2211 illuminat
868 2183 920 2211 alia
941 2192 949 2211 :

165 2235 196 2255 se
209 2233 296 2255 autent
314 2236 366 2256 non
380 2229 456 2256 facile
471 2229 504 2256 ad
519 2229 570 2256 alia
588 2229 719 2256 tenebrat.
735 2228 865 2255 Penctrat
875 2229 948 2255 enim

1008 1005 1048 1026 est
1075 1007 1155 1034 quam
1181 1000 1345 1034 corruptela.
1370 1001 1446 1028 Sicut
1470 1001 1542 1028 enim
1564 1006 1579 1027 a
1607 1001 1723 1028 tenebris
1744 1009 1796 1028 non

1007 1045 1195 1077 consumitur,
1219 1047 1266 1073 sed
1298 1045 1453 1073 cohabitare
1482 1046 1575 1073 iisdem
1604 1053 1656 1073 non
1684 1046 1794 1081 patitur.

1007 1089 1183 1117 immolemus
1199 1096 1301 1124 autem,
1316 1095 1344 1118 et
1358 1091 1496 1118 videamus
1520 1098 1580 1118 cum
1596 1098 1665 1125 aqua
1694 1091 1721 1118 in
1746 1098 1796 1118 vas

1007 1135 1089 1162 fuerit
1117 1135 1250 1167 immissa,
1279 1142 1307 1164 et
1329 1137 1447 1164 oblatum
1463 1143 1508 1163 vas
1529 1135 1609 1162 fuerit
1623 1136 1687 1170 igni,
1703 1137 1763 1171 quis
1780 1144 1794 1162 τι

1007 1187 1060 1215 quo
1074 1180 1134 1208 istic
1148 1181 1326 1213 consumitur,
1341 1181 1406 1216 quid
1429 1185 1518 1208 autern
1533 1181 1614 1208 veluti
1627 1189 1720 1215 poenas
1737 1189 1795 1209 sus-

1007 1227 1092 1258 tinet,
1114 1232 1141 1254 et
1161 1231 1239 1254 sonat
1263 1233 1291 1254 et
1312 1227 1397 1254 bullit.
1425 1227 1497 1261 ignis
1520 1227 1592 1254 enim
1619 1233 1756 1262 nunquam
1779 1235 1794 1254 a

1007 1271 1102 1306 frigida
1119 1280 1187 1306 aqua
1213 1273 1302 1300 factus
1319 1277 1361 1299 est
1381 1272 1492 1306 frigidus
1511 1283 1518 1300 :
1541 1279 1610 1307 aqua
1627 1277 1716 1299 autem
1743 1272 1798 1312 fre-

1006 1322 1119 1352 quenter
1130 1323 1157 1344 et
1170 1325 1286 1353 semper,
1303 1323 1333 1345 ut
1346 1319 1381 1345 ita
1395 1318 1494 1349 dicam,
1504 1317 1537 1344 ab
1548 1317 1610 1352 igne
1623 1317 1739 1345 efficitur
1752 1324 1798 1345 ca-

1005 1363 1154 1396 lida.Ergo
1176 1367 1203 1390 et
1228 1363 1306 1396 istic.
1331 1364 1394 1398 quia
1426 1370 1493 1397 aqua
1523 1362 1638 1389 assumit
1666 1362 1795 1394 calorem,

1007 1410 1077 1445 ignis
1096 1414 1185 1437 autem
1214 1409 1362 1444 frigdorem
1392 1417 1446 1437 non
1471 1409 1588 1436 admittit
1605 1417 1612 1434 :
1627 1410 1796 1436 consumitur

1005 1461 1095 1483 autem
1110 1463 1179 1490 aqua
1193 1456 1310 1490 amplius
1333 1455 1463 1483 calefacta
1474 1474 1481 1488 ,
1497 1455 1530 1482 ab
1552 1455 1623 1489 igne,
1646 1459 1673 1482 et
1690 1454 1796 1481 fervens

1006 1505 1099 1536 utpote
1116 1505 1144 1528 et
1160 1502 1258 1528 emissa
1273 1506 1300 1529 et
1314 1501 1463 1534 ebulliens,
1481 1501 1549 1535 fugit
1563 1504 1654 1535 partes
1668 1507 1794 1527 vasorum

1006 1546 1039 1572 ad
1052 1553 1119 1580 quas
1133 1546 1356 1581 propinqusverit
1369 1545 1440 1580 ignis
1451 1564 1459 1578 ,
1470 1549 1498 1573 et
1519 1550 1631 1579 urgetur
1644 1544 1761 1581 effugere
1781 1553 1796 1573 e

1005 1591 1077 1617 vasis
1090 1595 1118 1618 et
1130 1590 1242 1618 effundi.
1264 1590 1321 1617 Non
1333 1591 1404 1618 enim
1417 1595 1507 1624 potest
1520 1590 1589 1624 ignis
1607 1589 1722 1618 sufferre
1736 1599 1796 1619 cru-

1003 1636 1102 1663 ciatus.
1130 1635 1200 1671 Ergo
1226 1636 1252 1662 in
1277 1636 1338 1663 istis
1365 1635 1492 1663 omnibus
1514 1636 1655 1662 subtiliora
1680 1643 1794 1670 corpora

1004 1681 1116 1707 fortiora
1133 1685 1198 1707 sunt
1213 1680 1321 1715 exteris
1338 1688 1345 1705 :
1367 1680 1484 1707 secunda
1499 1685 1588 1706 autem
1607 1687 1638 1706 ea
1656 1687 1718 1707 esse
1738 1681 1794 1707 vir-

1003 1733 1074 1760 tute.
1088 1734 1148 1762 quae
1165 1728 1255 1755 minus
1268 1727 1401 1754 habentur
1423 1727 1450 1753 in
1463 1726 1614 1754 subtilitate
1625 1746 1633 1758 ,
1656 1731 1684 1754 et
1698 1734 1795 1754 secun-

1003 1774 1065 1802 dum
1082 1774 1289 1808 competentiam
1313 1772 1527 1807 uniuscujusque
1552 1776 1638 1807 usque
1663 1772 1696 1799 ad
1715 1779 1795 1806 quar-

1004 1823 1069 1845 tum.
1090 1817 1124 1845 Ut
1137 1823 1227 1844 autem
1241 1823 1268 1844 et
1283 1817 1333 1844 ista
1348 1817 1481 1844 addantur
1491 1836 1499 1849 ,
1519 1816 1627 1843 ﬂamma
1640 1816 1725 1843 incisa
1739 1825 1792 1843 non

1003 1863 1140 1890 inciditur.
1159 1863 1212 1890 Sed
1226 1867 1253 1890 et
1266 1862 1288 1890 si
1309 1862 1426 1889 volueris
1444 1869 1587 1889 assumens
1609 1861 1711 1888 ferrum
1722 1881 1730 1892 ,
1745 1868 1793 1888 aut

1002 1909 1073 1936 aliud
1085 1909 1188 1943 aliquid
1200 1909 1272 1943 quod
1296 1909 1403 1935 videtur
1423 1908 1560 1939 incidere,
1573 1911 1601 1935 et
1619 1907 1655 1935 ad
1676 1907 1791 1935 alteram

1002 1955 1159 1992 perduxeris
1174 1959 1278 1988 partem
1291 1961 1338 1989 per
1350 1954 1499 1985 flammam,
1513 1958 1604 1979 manet
1616 1957 1684 1985 tota,
1702 1957 1729 1979 et
1750 1953 1791 1979 in-

1003 2002 1132 2029 cisionem
1148 2008 1202 2028 non
1228 2000 1352 2035 suscipit.
1383 2000 1410 2027 Si
1437 2004 1528 2026 autem
1550 2006 1603 2026 non
1620 1998 1792 2027 intellexistis

1001 2046 1072 2081 φιοό
1085 2046 1187 2073 dictum
1201 2051 1253 2078 est,
1270 2051 1440 2072 transeamus
1452 2044 1486 2071 ad
1510 2043 1602 2071 radios
1618 2043 1683 2071 solis
1702 2052 1711 2071 :
1726 2044 1792 2073 istos

1002 2092 1024 2119 si
1036 2091 1153 2119 voluerit
1166 2091 1227 2125 quis
1252 2090 1371 2118 incidere
1387 2089 1493 2124 gladio,
1515 2089 1541 2115 in
1569 2088 1691 2116 inferiori
1716 2094 1792 2125 parte

1003 2144 1055 2164 non
1072 2137 1245 2164 invenientur
1265 2145 1273 2164 :
1294 2143 1401 2163 sursum
1424 2135 1495 2163 enim
1515 2139 1657 2162 remanent
1678 2143 1729 2162 tton
1751 2136 1792 2162 in-

1001 2184 1061 2211 cisi.
1077 2183 1116 2210 ita
1135 2188 1162 2210 et
1179 2182 1299 2214 ﬂamma,
1314 2182 1359 2209 ubi
1371 2181 1431 2216 ejus
1451 2181 1532 2208 fuerit
1547 2180 1640 2213 radix,
1664 2181 1719 2208 illic
1737 2185 1790 2208 tota

1001 2229 1148 2263 colligitur.
1166 2227 1223 2254 Non
1237 2232 1280 2254 est
1294 2227 1365 2254 enim
1382 2227 1474 2253 videre
1495 2231 1600 2260 partem
1623 2225 1736 2252 flammat
1749 2233 1791 2252 su-

165 2280 212 2308 per
225 2281 330 2305 omnes.
346 2280 374 2301 et
396 2275 518 2303 dissolvit
536 2275 626 2302 omnia
647 2280 771 2309 corpora.
787 2273 946 2308 Quanquam
964 2287 986 2313 ο
1002 2275 1094 2310 peritis
1106 2275 1196 2309 gladio
1211 2274 1322 2302 incisam
1336 2279 1487 2303 remanere,
1505 2276 1609 2305 partem
1636 2275 1726 2297 autem
1750 2272 1790 2297 in—

165 2319 236 2345 euim
252 2326 327 2353 petra
346 2320 382 2346 ita
401 2325 442 2347 est
455 2321 536 2354 dura,
553 2325 601 2347 aut
625 2327 684 2355 quae
701 2324 789 2355 ροηδε
815 2320 948 2347 confabu-

165 2364 217 2391 lata
242 2364 298 2399 (26)
321 2365 434 2392 flamma
458 2374 511 2394 non
548 2367 692 2394 ostendere
721 2365 863 2393 fortiorem
889 2373 950 2393 esse

163 2409 277 2438 flammat
292 2411 447 2438 virtutem:
462 2412 503 2440 sui
528 2417 623 2439 natura
644 2422 650 2439 :
669 2411 806 2439 emollitur
826 2411 898 2438 enim
922 2416 950 2438 et

163 2455 264 2483 ferrum
282 2463 329 2491 per
345 2457 443 2492 ignem,
459 2457 596 2492 probatur
610 2463 636 2484 et
651 2465 758 2490 aurum,
770 2459 878 2485 colatur
904 2466 948 2485 ar-

163 2495 283 2535 gentum,
297 2501 430 2529 conflatur
441 2502 589 2537 plumbum,
605 2507 631 2529 et
643 2503 733 2529 omnia
749 2510 809 2537 quae
822 2507 950 2537 putantur

163 2546 272 2574 fortium
287 2553 347 2575 esse
359 2554 484 2582 corpora,
501 2548 556 2583 igni
577 2549 675 2576 cedunt
695 2554 806 2584 prepter
822 2548 946 2576 subtilem

164 2594 231 2627 ignis
257 2599 391 2622 naturam.
422 2594 541 2629 Denique
563 2595 585 2622 si
612 2595 758 2630 proieceris
782 2595 896 2630 lapidem
920 2595 946 2622 in

161 2639 278 2673 ﬂamma,
296 2640 390 2667 transit
403 2640 522 2674 quidem,
541 2641 586 2667 sed
600 2648 651 2668 non
667 2648 713 2674 per
728 2640 873 2667 ﬂammam.
893 2639 947 2666 Fu-

197 2739 252 2775 (24)
268 2739 494 2772 Ιιηνγοιιεειὶοκα.
521 2739 601 2766 Forte
617 2740 646 2766 in
660 2746 724 2765 voce
741 2739 790 2775 hac.
803 2746 943 2773 perperam

160 2773 279 2803 additum
294 2775 339 2805 im,
351 2782 381 2801 ex
395 2775 526 2802 vocabulo
541 2775 700 2809 praecedenti
714 2773 888 2809 geminatum.

195 2810 252 2842 (25)
265 2809 358 2836 Testis.
375 2809 465 2841 Forte,
479 2816 565 2837 ιεειεσ.

195 2845 250 2880 (26)
263 2846 316 2870 Aut
328 2853 385 2880 qtae
402 2851 494 2880 potest.
518 2845 598 2872 Forte
622 2850 669 2878 per
689 2844 943 2880 interrogationem,

159 2878 208 2906 Aut
223 2878 281 2914 quia
296 2878 376 2909 potest
393 2879 560 2912 confabulatu
569 2879 732 2914 (ὁμιλήσισκ
747 2878 856 2913 sociata)
864 2879 943 2914 [ium-

160 2923 218 2949 mw,
234 2915 352 2943 eius“:
366 2921 425 2948 post
440 2922 533 2948 pauca,
550 2923 571 2940 tu
588 2913 657 2949 ignis
668 2913 848 2948 confabulatu;
863 2913 951 2947 fuerit

299 2963 434 2993 inruet.
453 2962 512 2993 Gtt.
531 2961 646 2994 XXIV.

1002 2321 1098 2352 ferius,
1110 2321 1156 2347 sed
1174 2323 1229 2346 tota
1246 2319 1279 2346 ad
1291 2318 1464 2353 sciustipsam
1478 2315 1661 2351 conjungitur.
1675 2315 1788 2350 Lignum

998 2371 1087 2394 autem
1104 2371 1131 2393 et
1145 2370 1248 2392 terram
1261 2385 1268 2397 .
1287 2369 1314 2392 et
1338 2371 1404 2391 saxa
1433 2362 1581 2389 incidentes
1606 2361 1752 2388 dividimus
1772 2369 1788 2388 a

997 2411 1161 2446 semetipsis,
1186 2416 1215 2438 et
1242 2408 1422 2444 disjungimu's
1441 2412 1544 2443 partem
1567 2414 1583 2433 a
1602 2412 1699 2441 parte:
1718 2407 1788 2433 forte

998 2462 1088 2486 autem
1104 2458 1250 2485 incidimus
1268 2460 1297 2483 et
1311 2462 1415 2486 aerem,
1437 2453 1483 2481 sed
1501 2452 1589 2486 ejecto
1610 2459 1643 2480 eo
1656 2452 1726 2486 quod
1745 2452 1788 2480 in-

997 2506 1071 2539 cidit,
1092 2506 1183 2533 statim
1206 2505 1242 2532 ob
1263 2503 1438 2531 subtilitatem
1464 2501 1505 2528 sui
1530 2500 1705 2534 semetipsum
1722 2505 1786 2525 con-

999 2551 1097 2587 jungit.
1112 2547 1208 2578 Gladio
1224 2550 1308 2582 ettim,
1322 2553 1368 2575 aut
1380 2548 1468 2583 ligno,
1481 2551 1528 2573 aut
1544 2546 1633 2581 lapide
1643 2566 1650 2579 ,
1665 2552 1714 2581 per
1726 2551 1786 2579 qua

1002 2596 1097 2623 incisio
1112 2595 1225 2624 efﬁcitur
1244 2594 1304 2629 (per
1319 2594 1401 2621 mttlta
1420 2593 1491 2620 enim
1509 2591 1627 2620 admittit
1644 2591 1712 2618 ratio
1727 2590 1786 2619 ﬁeri

1002 2640 1311 2672 incisionemisublato.
1337 2647 1384 2667 aer
1406 2643 1517 2674 propter
1540 2637 1717 2666 subtilitatem
1742 2637 1786 2663 sui

997 2740 1091 2774 lapidi,
1107 2745 1132 2766 et
1147 2740 1215 2767 infra
1231 2740 1264 2767 de
1280 2741 1407 2772 incorpor.
1423 2738 1470 2766 lib.
1480 2746 1499 2766 ii
1510 2738 1559 2766 sub
1568 2738 1614 2765 fin.
1628 2734 1786 2771 siconfabu»

996 2776 1153 2812 lutuitega:
1171 2775 1262 2812 fuisset
1278 2775 1381 2812 (ignis).
1444 2809 1449 2812 _
1486 2808 1492 2812 η
1575 2809 1580 2812 _
1765 2807 1771 2812 _

1032 2810 1088 2844 (27)
1102 2809 1133 2836 Et
1147 2808 1312 2844 maga-mm;
1327 2808 1408 2836 Forte
1429 2809 1467 2835 sic
1486 2808 1649 2844 legendum,
1661 2811 1685 2833 et
1696 2808 1785 2844 pingi-

995 2841 1211 2880 strttm'quodqtt—e
1229 2853 1317 2872 eorum
1337 2844 1404 2879 ignis
1415 2849 1466 2872 etc.
1482 2841 1529 2870 καὶ
1548 2842 1679 2875 δέσποξον
1692 2841 1785 2880 (domt-

997 2880 1072 2912 mms)
1085 2880 1113 2906 τὸ
1128 2879 1182 2915 πῦρ

1562 2957 1606 2988 36
