2024 3208
239 184 303 215 1151

571 179 703 209 EUSEBII
720 177 962 208 CAESARIENSIS
980 177 1055 206 OPP.
1074 179 1164 206 PARS
1183 178 1226 206 IV.
1245 193 1279 198 —
1298 177 1511 206 DOGMATICA.

1793 175 1862 203 “52

237 243 377 280 coniungit
391 246 480 277 partes
494 241 602 268 incisas.
620 241 648 268 Si
673 246 761 267 autem
779 240 830 267 hoc
852 244 960 274 propter
985 239 1025 265 in-
1040 241 1063 269 Α
1077 247 1153 267 ramo
1167 239 1267 273 potitus
1283 238 1349 273 (50).
1362 237 1528 271 Quibusdam
1542 241 1631 262 autem
1646 233 1806 269 compositio
1821 239 1863 261 est

237 290 421 318 visibilitatem
438 289 527 316 minus
548 289 704 322 agnoscitur
715 307 723 318 .
738 285 765 313 in
781 287 857 321 aquis
869 286 1024 320 agnoscitur

237 337 309 372 quod
322 335 431 363 dicitur.
445 334 512 362 Cum
537 334 621 361 incisa
646 333 728 360 fuerit
759 340 838 366 aqua,
867 337 913 359 aut
939 332 1023 359 scissa

237 389 285 416 per
310 380 422 415 lignum,
448 385 493 406 aut
515 387 562 414 per
585 377 657 404 aliud
686 377 795 411 aliquod
825 378 1024 412 operimetttttm

238 427 305 463 (28),
324 431 384 462 post
401 431 489 452 autem
506 425 528 452 si
545 424 691 451 abstuleris
707 423 732 450 id
752 423 822 458 quod
847 422 952 455 incidit,
978 431 1024 449 ur-

238 480 315 510 getur
332 481 401 509 aqua
429 472 461 499 ad
481 471 697 505 coniunctionem
715 470 757 496 sui
777 477 782 493 :
805 473 846 495 est
862 470 934 495 enim
956 477 1024 502 aqua

238 531 252 549 a
271 526 342 549 terra
358 519 491 547 subtilior.
512 517 596 545 Terra
619 517 690 544 enim
714 516 751 543 ita
773 515 824 542 sibi
843 520 871 542 ut
888 522 955 549 aqua
975 516 1024 541 ad»

236 569 331 604 iuvare
347 575 399 594 non
427 569 516 600 potest
531 572 538 590 :
557 568 586 590 ut
601 571 633 590 ex
657 563 708 590 hoc
724 566 853 597 appareat
864 581 871 593 ,
887 562 948 595 quia
967 569 1026 595 qum

239 617 364 643 dicuntur
385 612 496 639 fortiora
522 617 648 644 corpora,
666 609 717 635 ista
746 608 831 636 ntulto
863 608 949 642 magis
965 610 1027 633 sunt

239 661 398 691 inﬁrmiora,
429 664 456 686 et
478 664 530 684 non
558 657 583 683 in
612 654 797 689 magnitudine
827 658 869 680 est
896 652 1024 688 potentia.

238 707 306 741 Quid
322 706 393 733 cnim
409 709 512 731 tantum
528 703 609 730 habet
622 708 710 733 mons,
725 704 853 735 quantum
867 699 945 726 habet
957 706 1027 725 mar-

238 754 323 788 garita
347 752 380 780 ad
401 747 648 786 pulchritudinem"
674 746 830 781 magnitudo
850 745 922 772 enim
939 744 1027 771 calca-

239 806 293 833 tur,
317 800 343 826 in
369 798 442 825 brevi
468 801 556 824 autem
583 794 755 829 pulchritudo
782 792 939 827 requiritur.
974 791 1027 818 Sed

239 851 408 872 transeamus
418 851 432 869 a
444 842 538 876 primis
551 850 610 873 qua:
627 842 753 868 dicuntur
768 841 937 875 corporibus,
948 845 1026 866 terra:

239 892 299 918 dico
326 896 353 917 et
375 889 443 925 ignis
462 893 489 915 ct
506 895 581 922 aquae
607 892 634 914 et
648 888 736 919 aeris,
755 887 787 913 ad
805 895 835 914 ea
848 894 908 921 quae
924 894 956 913 ex
985 886 1027 912 his

239 941 302 964 sunt
315 935 462 969 composita
490 939 516 961 et
538 934 664 960 videntur
683 932 774 959 omnia
800 940 832 960 ex
856 932 897 959 his
919 932 1029 963 habere,

239 982 355 1010 calorem
367 981 427 1008 dico
441 986 467 1007 et
481 980 621 1006 humorem
635 984 664 1006 et
677 978 887 1006 crassitudinem
904 984 930 1005 et
943 977 1029 1005 subti-

240 1030 342 1055 litatem
358 1033 384 1054 et
399 1026 468 1058 alia;
486 1031 513 1053 et
529 1026 668 1052 videmnus
684 1026 706 1052 si
720 1030 763 1051 est
779 1025 804 1052 in
823 1025 863 1051 his
885 1024 1029 1056 stabilitas,

238 1076 261 1102 si
279 1079 321 1101 est
337 1073 451 1100 mansio.
477 1073 509 1099 Et
537 1079 570 1100 ne
596 1073 656 1106 quis
684 1076 759 1106 putet
783 1072 929 1098 materiam
945 1071 1030 1098 intro-

238 1121 298 1148 duci
311 1127 446 1152 sermone,
458 1123 504 1146 aut
514 1119 648 1154 quomodo
661 1118 872 1144 introdttcuntttr
883 1116 1029 1147 elementa,

238 1168 335 1201 quibus
347 1171 375 1193 et
390 1166 562 1193 inducuntur.
581 1164 635 1191 Sed
649 1164 713 1191 illud
728 1164 800 1196 dico,
815 1164 877 1198 quia
893 1164 918 1190 itt
934 1170 1030 1197 corpo-

239 1215 315 1240 ribus
327 1221 385 1247 qua:
399 1217 542 1239 moventur
558 1218 565 1237 :
587 1212 732 1238 motionem
750 1215 840 1238 autem
857 1210 918 1237 dico
933 1209 1027 1241 istam,

238 1268 298 1294 qua:
309 1259 441 1287 naturalis
457 1262 499 1286 est
517 1265 612 1285 eorum
638 1257 682 1292 qui
711 1256 813 1283 habent
842 1260 870 1282 ut
894 1259 1030 1287 crescant,

239 1307 284 1340 qui
301 1306 400 1333 habent
415 1310 443 1331 ut
456 1304 631 1336 minuantur;
655 1310 747 1330 eorum
764 1302 808 1337 qui
827 1301 943 1329 fructum
964 1301 1030 1328 all'e-

239 1358 313 1384 runt,
327 1359 419 1379 eorum
438 1352 484 1385 qui
497 1354 641 1377 moventur
655 1357 669 1376 a
687 1349 754 1376 locis
776 1349 809 1375 ad
835 1348 903 1380 loca,
926 1348 1031 1374 anima-

239 1399 303 1426 lium
317 1402 409 1432 utpote
421 1403 448 1424 et
468 1396 597 1423 arborum
625 1400 652 1421 et
678 1393 828 1422 hominum.
853 1393 1029 1421 Varillcatum

238 1445 311 1472 cnim
325 1449 368 1471 est
380 1449 478 1476 corpus
499 1446 526 1469 et
548 1441 736 1475 compositum.
758 1439 942 1474 Compositum
959 1440 1030 1466 eniut

239 1497 281 1519 ost
292 1497 319 1519 et
336 1490 460 1517 Salvator
477 1488 533 1523 (29)
555 1495 602 1522 per
628 1486 813 1521 incorporales
840 1485 963 1512 virtutes.
977 1485 1031 1512 Ne-

239 1546 292 1572 que
305 1537 377 1564 enim
390 1535 500 1562 arbores
516 1534 625 1562 sibimet
639 1533 701 1567 ipsa!
719 1535 840 1559 statuunt
871 1535 977 1565 tempus
1002 1535 1032 1557 ut

240 1585 363 1624 ﬂoreant,
379 1590 431 1609 non
458 1580 670 1615 magnitudinem
690 1579 816 1606 foliorum
829 1597 836 1609 ,
851 1584 904 1604 non
928 1582 1032 1610 tempus

241 1623 357 1664 frugum,
372 1636 424 1656 non
438 1627 663 1662 compositionem
677 1632 770 1651 eorum
787 1631 847 1658 quae
870 1623 1031 1657 ﬁgurantur,

241 1685 293 1704 non
307 1683 338 1704 ea
352 1684 412 1711 quse
427 1676 499 1703 intus
516 1678 580 1701 sunt
594 1674 628 1700 ad
648 1672 854 1700 custodiendum
866 1690 872 1702 ,
894 1677 948 1697 non
973 1677 1034 1704 qua:

241 1724 314 1751 foras
330 1727 394 1750 sunt
410 1723 444 1749 ad
461 1720 580 1749 tutelam.
604 1719 662 1746 Non
689 1718 763 1746 enim
788 1717 815 1744 in
838 1717 965 1743 arborum
991 1720 1034 1742 est

241 1774 382 1805 potestate,
399 1760 434 1795 de
448 1768 490 1795 his
504 1775 564 1802 qua:
578 1770 642 1793 sttnt
655 1765 682 1792 in
698 1763 852 1791 arboribus.
873 1762 902 1788 Si
917 1761 990 1788 enim
1006 1766 1034 1788 et

242 1818 268 1843 in
280 1816 357 1843 nobis
372 1813 580 1842 rationabilibus
604 1819 657 1839 non
683 1815 725 1838 est
747 1813 871 1845 potestas
899 1815 1035 1834 mensura-

242 1870 312 1895 rum,
328 1869 381 1889 non
397 1865 525 1891 atatum,
544 1866 598 1886 non
614 1858 810 1887 membrorum,
827 1861 913 1888 neque
926 1853 1035 1888 quando

242 1910 338 1937 debeat
364 1914 517 1942 procreare,
546 1910 593 1932 aut
616 1904 700 1936 nasci,
721 1907 769 1930 aut
790 1908 930 1932 crescere,
948 1907 1035 1934 neque

243 1963 327 1991 usque
344 1955 377 1982 ad
393 1954 506 1989 capillos
522 1961 529 1978 τ
547 1959 600 1979 non
627 1951 713 1978 solum
739 1954 768 1976 ut
788 1947 894 1982 quando
910 1945 1033 1976 ﬂoreant,
1067 1974 1069 1976 _

242 2007 269 2030 et
286 1990 401 2037 quando
420 2001 554 2031 debeant,
576 1998 621 2032 qtti
644 1997 758 2024 necdum
785 1998 917 2022 venerunt
931 1992 965 2018 ad
982 1990 1033 2017 ﬁo-

242 2057 319 2082 rem;
337 2048 384 2075 sed
410 2053 497 2081 neque
514 2046 547 2072 de
564 2052 596 2072 eo
620 2048 649 2070 ut
668 2041 815 2070 transferat
835 2039 967 2070 colorem,
980 2043 1006 2064 et
1021 2045 1035 2064 a

243 2096 322 2130 nigro
338 2094 430 2120 veniat
444 2092 477 2119 ad
493 2091 596 2123 album,
610 2093 652 2117 est
668 2089 696 2116 in
712 2093 805 2115 nostra
820 2089 970 2121 potestate,
990 2083 1036 2117 qni

243 2143 391 2177 cogitatum
405 2138 574 2174 possidemus
589 2141 616 2163 et
634 2142 744 2162 sensum
759 2143 766 2162 :
780 2133 802 2160 si
822 2132 904 2168 igitur
919 2135 946 2159 et
961 2138 1035 2164 qure-

244 2194 350 2222 cunque
366 2186 392 2213 in
413 2185 491 2212 nobis
505 2187 569 2210 sunt
590 2181 724 2209 naturalia
737 2201 744 2212 ,
775 2187 827 2206 non
854 2182 916 2206 sunt
939 2181 1037 2204 nostrae

243 2232 399 2268 potestatis,
413 2235 515 2266 quanto
531 2228 619 2264 magis
632 2228 660 2255 in
683 2225 917 2254 irrationabilibus
931 2223 1038 2250 anima—

1079 286 1104 312 in
1119 285 1282 312 bntronibus
1299 285 1355 320 (3t)
1367 283 1492 318 conjungi
1504 303 1512 316 ,
1529 287 1556 309 et
1571 282 1721 309 immutatio
1743 282 1862 308 colorum

1078 333 1104 359 in
1120 332 1212 358 iis-lum
1228 336 1279 364 est,
1306 336 1332 357 et
1346 330 1428 364 ipsius
1442 328 1498 364 (3'2)
1511 328 1635 363 generis,
1652 332 1680 354 et
1699 327 1782 362 ipsius
1804 335 1864 361 spe-

1079 379 1129 406 ciei
1147 387 1154 405 :
1179 378 1358 413 quorutudatn
1384 377 1492 412 quidem
1514 375 1713 402 manducantur
1726 381 1756 401 ea
1771 381 1830 408 qua
1850 381 1864 399 a

1080 425 1145 453 foris
1169 425 1311 456 habentur,
1337 423 1515 458 quorumdam
1539 426 1628 448 autem
1655 421 1689 448 ab
1717 420 1788 447 intus
1804 424 1865 446 sunt

1079 481 1139 508 qure
1154 473 1341 499 comeduntur.
1360 470 1392 496 Et
1407 470 1490 496 multa
1506 473 1548 496 est
1569 468 1686 495 Varictas
1704 466 1865 493 annuntians

1079 527 1127 554 per
1141 519 1230 545 omnia
1250 517 1380 553 sapientis
1393 516 1566 552 sapientiam,
1580 520 1607 542 et
1623 514 1708 549 ipsius
1719 513 1811 548 operis
1825 512 1865 538 di-

1081 565 1233 600 sciplinam.
1253 564 1355 590 Tamen
1385 563 1411 589 in
1440 562 1499 589 istis
1513 561 1670 596 corporibus
1687 559 1750 594 quia
1779 558 1866 587 oﬂieia

1081 612 1203 646 quaedam
1219 615 1246 636 et
1260 610 1369 636 ordines
1385 608 1601 642 conspiciuntur,
1622 611 1650 633 et
1680 612 1824 635 mensum,
1839 609 1866 631 et

1082 661 1212 690 tempora,
1221 659 1248 682 et
1258 654 1422 689 aguitiones,
1434 658 1463 679 ut
1472 651 1645 680 emolliantur
1659 658 1720 678 cum
1733 650 1865 684 incipiunt

1081 702 1199 729 fructum
1220 699 1337 732 afferre;
1355 700 1500 735 projiciunt
1516 698 1588 725 enim
1611 697 1717 725 etiamsi
1747 697 1867 723 ﬂoruerit

1082 749 1114 775 ad
1129 747 1256 780 fructum,
1271 752 1298 773 et
1313 747 1476 777 educantur.
1494 750 1522 772 et
1538 745 1637 771 sensim
1657 743 1810 774 accedunt,
1840 747 1867 769 et

1082 796 1115 822 ad
1130 800 1234 829 tempus
1249 798 1414 824 occurrunt;
1432 799 1569 826 nunquam
1588 795 1677 818 autem
1699 794 1793 817 essent
1814 788 1865 816 ista

1081 849 1141 876 quae
1155 845 1228 874 sunt,
1246 840 1298 867 nisi
1312 847 1343 867 ea
1358 838 1539 873 incorporalis
1556 837 1678 872 quaedam
1692 836 1780 863 virtus
1801 835 1868 870 ﬁgu-

1082 893 1172 914 raret:
1197 886 1234 913 ita
1250 890 1278 913 et
1293 886 1319 913 in
1337 884 1499 912 animalibus
1521 884 1595 918 leges
1624 887 1764 917 praecepta:
1792 886 1867 913 sum,

1048 925 1067 951 Β
1082 938 1110 960 ut
1126 933 1160 960 ab
1171 933 1251 968 equis
1262 933 1335 968 equi,
1350 937 1377 960 et
1400 932 1434 958 ab
1463 936 1626 965 unoquoque
1655 935 1756 964 genere
1784 934 1868 963 genus

1080 979 1233 1014 proprium,
1259 978 1359 1006 similia
1375 986 1389 1004 a
1408 977 1562 1010 similibus;
1589 979 1797 1006 etmensurata
1826 977 1869 1001 est

1080 1025 1300 1062 concupiscentia
1313 1023 1486 1050 animalibus.
1500 1021 1558 1048 Non
1575 1021 1648 1048 enim
1670 1021 1696 1047 itt
1712 1020 1784 1047 omni
1801 1025 1869 1046 teut-

1081 1082 1146 1109 pore
1162 1071 1324 1099 animalibus
1338 1075 1379 1097 est
1395 1067 1617 1100 communicatio,
1626 1067 1673 1094 sed
1692 1071 1800 1100 tempus
1815 1070 1869 1092 sta-

1082 1126 1167 1148 tututn
1193 1124 1236 1146 est
1259 1123 1286 1146 et
1302 1117 1470 1151 agnoscitur.
1497 1115 1529 1142 Et
1549 1113 1661 1141 masculi
1679 1116 1744 1140 tunc
1760 1119 1869 1139 moven-

1084 1173 1140 1198 tur,
1156 1170 1185 1193 et
1198 1165 1304 1192 femina:
1322 1169 1387 1189 tunc
1401 1162 1550 1196 patiuntur,
1570 1164 1597 1186 et
1619 1159 1727 1186 transiit
1751 1164 1867 1192 tempus,

1081 1217 1108 1239 et
1122 1215 1246 1238 emortua
1261 1215 1303 1236 est.
1319 1208 1346 1235 in
1376 1205 1609 1234 irrationabilibus
1635 1203 1868 1238 concupiscentia.

1084 1258 1118 1285 Et
1128 1258 1171 1285 ubi
1189 1261 1262 1284 tanta
1274 1255 1392 1283 varietas
1403 1258 1456 1285 est,
1469 1259 1557 1280 nonne
1573 1250 1746 1278 confessibile
1760 1250 1817 1285 (55)
1829 1255 1869 1276 est

1085 1303 1204 1339 ignorari
1231 1302 1266 1329 ab
1290 1300 1523 1329 irrationabilibus
1556 1305 1618 1332 qua:
1656 1297 1741 1324 ﬁunt?
1768 1295 1869 1322 Tamen

1082 1354 1231 1386 agnoscunt
1241 1347 1377 1383 quomodo
1403 1350 1534 1379 reguntur
1547 1348 1575 1370 et
1586 1343 1769 1374 adducuntur,
1783 1346 1812 1369 et
1826 1341 1869 1367 ubi

1081 1400 1190 1432 oportet
1206 1393 1347 1425 seminari,
1364 1396 1391 1418 et
1405 1391 1451 1419 ubi
1464 1389 1609 1418 conveniat
1622 1387 1810 1416 commendari
1824 1395 1832 1414 :
1845 1391 1870 1413 et

1083 1443 1239 1478 ignorantes
1256 1440 1327 1475 quod
1347 1438 1466 1465 futurum
1501 1442 1552 1468 est.
1582 1435 1759 1463 nihilominus
1779 1439 1870 1461 tamen

1082 1489 1186 1523 legibus
1200 1487 1359 1514 suadentur.
1379 1484 1407 1511 ltt
1430 1482 1589 1510 matricibus
1609 1487 1698 1509 autem
1714 1488 1765 1508 nec
1786 1480 1869 1507 ratioa

1083 1534 1187 1562 nabilcs
1200 1532 1327 1560 mulieres
1342 1535 1442 1558 norunt
1461 1529 1525 1564 quid
1538 1528 1685 1556 efﬁciatur.
1713 1525 1817 1553 Tamen
1844 1532 1870 1552 et

1047 1595 1068 1625 ρ
1085 1579 1315 1607 irrationabilibus
1330 1577 1492 1612 ﬁgurantur.
1503 1579 1531 1602 et
1547 1574 1635 1601 nullus
1654 1578 1762 1600 emovet
1776 1577 1869 1599 utnon

1086 1630 1246 1654 moveantur
1257 1628 1335 1651 extra
1351 1629 1516 1653 mensuram,
1534 1627 1621 1654 neque
1634 1625 1663 1646 ut
1679 1619 1743 1646 illud
1757 1618 1871 1645 mandu-

1085 1678 1137 1705 cet,
1151 1677 1178 1700 et
1205 1671 1238 1698 ab
1262 1670 1308 1697 illo
1337 1676 1367 1695 se
1384 1668 1529 1695 abstineat.
1545 1665 1742 1700 Nonnunquam
1757 1664 1830 1691 enim
1846 1667 1872 1690 ct

1085 1718 1222 1746 minantur
1242 1716 1399 1751 plurimum,
1412 1719 1440 1741 et
1454 1717 1570 1740 currunt
1593 1719 1652 1746 quae
1674 1715 1871 1745 conceperant,

1084 1770 1112 1793 et
1129 1763 1252 1792 custodit
1263 1770 1294 1790 ea
1308 1768 1368 1796 qua:
1379 1760 1508 1788 custodit.
1534 1759 1611 1792 Apud
1638 1765 1687 1784 nos
1715 1757 1788 1784 enim
1808 1757 1872 1791 quia

1085 1811 1194 1845 adjuvat
1211 1816 1256 1835 ars
1270 1813 1382 1838 naturae,
1409 1806 1580 1833 immutatum
1595 1809 1636 1831 est
1649 1812 1663 1830 a
1686 1807 1783 1829 natura
1798 1802 1873 1835 adju-

1085 1860 1217 1884 mentum.
1227 1853 1277 1881 Ubi
1293 1858 1382 1879 autem
1398 1851 1464 1878 nihil
1477 1849 1592 1877 coefﬁeil
1605 1857 1650 1876 ars
1659 1853 1772 1879 naturae,
1784 1851 1871 1874 totum

1086 1902 1270 1937 adiumentum
1291 1897 1454 1925 custoditur.
1472 1894 1554 1922 Multa
1570 1894 1642 1921 enim
1657 1897 1721 1920 sunt
1745 1899 1806 1927 quae
1829 1893 1870 1919 vi-

1086 1947 1183 1974 dentur
1200 1945 1227 1972 in
1243 1944 1304 1971 aliis
1319 1942 1493 1973 animalibus,
1507 1947 1570 1974 quae
1588 1946 1636 1966 nos
1652 1946 1704 1965 non
1728 1937 1871 1965 habemus.

1087 1993 1169 2020 Nobis
1182 1991 1255 2019 enim
1273 1997 1364 2024 neque
1378 1988 1444 2015 tales
1457 1991 1550 2018 cules,
1579 1992 1668 2019 neque
1696 1983 1764 2010 tanti
1781 1983 1872 2017 capilli

1087 2043 1160 2072 sunt,
1176 2036 1268 2073 quanti
1287 2041 1314 2063 et
1331 2035 1396 2062 illis.
1412 2035 1463 2061 Ars
1479 2033 1551 2060 enim
1570 2031 1690 2059 vestiens
1700 2037 1744 2062 ea,
1757 2030 1875 2063 compch

1088 2084 1158 2120 quod
1174 2084 1280 2110 videtur
1292 2082 1385 2109 deesse
1408 2085 1521 2107 naturae.
1549 2077 1607 2105 Non
1624 2076 1792 2111 operimenta
1812 2080 1874 2102 sunt

1089 2130 1183 2158 iisdem
1199 2137 1207 2162 ;
1238 2126 1378 2155 sufﬁciunt
1394 2125 1465 2152 enim
1481 2124 1539 2158 pili.
1554 2123 1614 2149 Non
1629 2120 1765 2155 opertoria
1781 2128 1789 2152 ;
1806 2119 1873 2146 ami-

1088 2182 1131 2205 cta
1155 2180 1197 2202 est
1220 2174 1293 2201 enim
1322 2179 1385 2207 pars
1413 2177 1472 2204 qua
1498 2169 1540 2197 his
1555 2167 1702 2202 indigebat.
1728 2165 1876 2193 Sufﬁciunt

1089 2219 1188 2254 quippe
1205 2217 1257 2244 illis
1277 2215 1366 2249 capilli
1381 2220 1409 2241 et
1421 2222 1469 2249 pro
1482 2213 1610 2240 domibus
1624 2216 1652 2239 et
1666 2211 1754 2243 tectis,
1767 2210 1876 2237 ettuni-

244 2256 326 2312 libus,
339 2286 394 2306 non
407 2256 469 2306 situt
482 2277 510 2304 in
528 2256 648 2311 ipsorum
664 2275 799 2308 potestate
813 2277 872 2305 qua:
891 2277 939 2296 sua
955 2268 1037 2295 sunt!
1052 2277 1075 2305 υ
1089 2266 1128 2294 cis
1143 2271 1171 2291 et
1187 2263 1274 2298 palliis
1286 2267 1314 2289 et
1327 2260 1505 2296 operimentis
1520 2268 1527 2293 ;
1552 2263 1578 2286 et
1604 2258 1750 2292 unicuique
1765 2256 1876 2284 animali

245 2326 328 2361 lliagis
340 2330 430 2352 autem
449 2325 500 2351 hoc
524 2323 553 2350 in
570 2320 714 2348 arboribus
737 2325 790 2345 non
806 2321 848 2344 est
874 2321 901 2343 et
925 2315 1033 2350 plantis.

245 2372 279 2400 Et
294 2372 422 2400 tamenin
438 2370 480 2397 his
498 2376 558 2404 qua
574 2367 640 2407 sine
660 2366 750 2393 animo
773 2368 847 2395 sunt,
875 2363 926 2390 huc
945 2365 987 2389 est
1006 2361 1033 2388 in

246 2418 389 2448 arboribus
403 2418 463 2444 istis
481 2421 509 2443 et
532 2414 642 2450 plantis,
663 2418 811 2442 mensurae,
834 2407 1035 2443 magnitudines

246 2465 379 2501 partibus,
396 2467 423 2490 et
435 2461 485 2497 ipsi
501 2461 591 2488 omnia
616 2458 708 2486 arbori
731 2461 757 2485 et
773 2456 885 2490 plantae,
911 2458 938 2480 et
960 2452 1033 2480 foliis

246 2500 305 2547 ejus
331 2515 358 2538 et
383 2508 528 2539 fructibus,
559 2511 587 2534 et
617 2502 859 2539 compositionibus
889 2500 1034 2527 habentur.

248 2556 430 2592 Quarumdam
440 2554 511 2582 enim
523 2553 629 2579 fructus
643 2550 730 2585 sparsi
747 2553 812 2576 sunt
825 2568 833 2581 ,
857 2546 927 2574 alius
943 2546 969 2573 in
982 2544 1036 2571 alio

285 2644 340 2679 (28)
365 2640 651 2679 Operimetttum.l.ege
675 2640 884 2679 operantentuln.
905 2640 965 2679 quae
979 2639 1033 2679 .vox

250 2669 495 2713 interpreti'nostro
511 2669 717 2713 familiarispﬁe‘
740 2679 772 2713 eo
785 2670 856 2713 qttod
875 2673 916 2708 est
933 2669 1035 2693 instru-

391 2713 437 2740 Sie
459 2719 538 2745 supra
570 2710 622 2736 cul.
650 2704 718 2734 1099
742 2708 762 2733 Α
779 2704 1034 2745 ῖΡτουειξίι.ῆξριὶιξι

447 2735 611 2772 meilicimtlia
624 2746 803 2781 operanteuta;
815 2744 842 2766 et
856 2736 990 2777 culail‘i'l
1002 2735 1032 2761 B:

248 2774 391 2824 ’{essarunt
404 2782 517 2809 uisibtlia
528 2774 710 2813 operaménta:
725 2776 840 2811 idtpsutn
850 2774 947 2807 passim
967 2777 1038 2804 repe-

249 2825 314 2845 HIS.

284 2852 340 2887 (‘29)
355 2852 488 2880 Salvator.
502 2851 601 2887 Forte,
622 2849 749 2875 soluatur.

285 2886 340 2923 (50)
356 2887 469 2923 Potitus.
489 2886 578 2923 Forte,
590 2887 698 2923 positus.

286 2912 342 2960 (ἐι)
354 2912 523 2950 lintrom'bua.
544 2912 662 2948 Deducta
677 2926 728 2946 vox
745 2925 776 2945 ea
796 2918 900 2946 videtur
914 2920 927 2940 α
940 2912 1035 2940 Grrcca

454 2971 481 2982 .5

1090 2319 1138 2347 pro
1154 2311 1195 2338 sui
1215 2314 1310 2336 natura
1335 2312 1363 2334 et
1389 2307 1525 2341 opertoria
1547 2306 1609 2332 data
1639 2308 1711 2331 sunt.
1728 2303 1777 2330 llis
1803 2303 1875 2329 enim

1088 2357 1134 2392 qui
1155 2356 1244 2383 minus
1254 2358 1380 2389 poterant
1397 2353 1532 2379 sustinere
1549 2351 1706 2386 fridgorem,
1731 2348 1876 2384 spissiora

1087 2403 1134 2438 pili
1145 2406 1173 2429 et
1190 2401 1325 2434 longiores
1343 2399 1438 2426 indulti
1453 2402 1527 2427 sunt.
1546 2396 1608 2423 aliis
1623 2395 1691 2422 lana.-
1705 2404 1711 2422 :
1728 2400 1756 2421 et
1769 2393 1875 2421 unicui-

1082 2455 1140 2483 que
1157 2452 1280 2481 separata
1306 2451 1348 2473 est
1367 2453 1428 2472 esca
1446 2449 1474 2471 et
1500 2443 1620 2470 immissa
1633 2461 1640 2474 ,
1659 2445 1686 2468 et
1703 2440 1774 2467 circa
1802 2439 1875 2466 illam

1089 2502 1178 2523 escam
1195 2494 1238 2521 illa
1253 2492 1389 2520 alacritas.
1404 2492 1469 2524 Quae
1482 2489 1555 2516 ettim
1566 2494 1679 2515 excusat
1692 2486 1750 2522 (34)
1767 2493 1874 2515 cerrus.

1091 2542 1148 2569 hac
1166 2540 1339 2576 persequitur
1351 2538 1392 2565 leo
1407 2546 1413 2563 :
1427 2541 1455 2563 et
1468 2536 1544 2563 varia
1559 2533 1699 2570 proposita
1717 2536 1760 2560 est
1785 2530 1874 2565 tnagni

1089 2632 1177 2667 βότρις
1201 2627 1426 2667 rarenms.__(_l_erte
1448 2624 1583 2667 sementis
1597 2622 1677 2667 huius
1694 2622 1745 2649 loci
1769 2621 1876 2667 videtur

1087 2658 1181 2693 eadem
1193 2672 1252 2692 esse
1263 2671 1321 2697 qtne
1337 2663 1407 2690 illius
1418 2662 1487 2695 apud
1497 2660 1624 2697 Plinium,
1697 2665 1743 2688 xv,
1756 2658 1874 2696 cap.‘.'8:

1089 2692 1239 2735 Dependent
1252 2692 1305 2725 alia
1320 2692 1456 2733 pediculis,
1476 2701 1502 2722 ut
1525 2695 1582 2726 pira
1593 2702 1602 2726 ;
1620 2693 1673 2719 alia
1694 2692 1804 2718 tacentis
1819 2711 1826 2723 ,
1847 2696 1874 2717 ut

1088 2744 1154 2767 um,
1170 2735 1272 2769 palmae.

1126 2766 1182 2802 (52)
1198 2769 1293 2804 Ipsius.
1313 2766 1550 2804 Abtoﬁ,_sju_sdem.

1126 2795 1183 2841 (ᾗῇ)
1199 2795 1569 2841 έομίεενςὶθίιςε..(ἷοῖιΐςεειξξιι,
1586 2801 1772 2841 compertum."
1782 2795 1822 2837 Ill~
1831 2802 1876 2822 stl-

1091 2831 1137 2877 ρτεῖ
1152 2831 1266 2877 uno“:
1292 2838 1389 2877 inimici
1419 2836 1578 2875 ιςοηῙεεείΙεε⁷
1596 2833 1691 2868 aperti,
1709 2831 1834 2872 professi.

1127 2864 1365 2912 (δῆέέέιὲεᾴιζιιι
1389 2878 1428 2900 est
1447 2864 1541 2906 respuit
1557 2864 1627 2897 sicut
1650 2864 1806 2895 notavimus
1820 2864 1874 2893 col.

1093 2913 1154 2941 “Ui
1163 2932 1170 2944 .
1189 2915 1231 2938 1101
1240 2931 1245 2937 .
1265 2911 1308 2938 us.
