2024 3208
169 172 242 200 H33

836 168 880 195 DE
897 166 1139 196 lNCOHPllRALI.

1722 169 1791 197 ιιδι

170 230 215 258 Dei
231 228 427 266 mensa,_plcna
443 227 550 262 Quidem
568 217 706 264 omnibus,
723 226 888 253 conveniens
904 234 953 252 au-
969 229 991 254 Α
1007 225 1149 254 mamillas,
1163 223 1372 258 quadripedibus
1387 228 1477 251 autem
1491 225 1517 251 in
1532 225 1594 252 aliis
1611 226 1697 253 infixit
1711 213 1788 254 locis.

170 280 222 302 tem
254 274 399 307 unicuique
429 279 539 299 naturae.
559 271 592 298 Et
606 275 648 299 est
669 270 823 297 admiratio.
840 269 948 296 Numeri

168 318 240 345 enim
257 308 390 344 mensium
409 316 566 342 matricibus
583 320 609 341 et
623 314 855 342 irrationabilibus
870 314 949 349 posi-ti

168 367 239 390 sunt.
256 353 289 389 Et
310 362 369 396 quis
388 370 439 388 non
460 366 578 396 stupent,
608 361 670 395 quia
697 361 723 388 in
752 365 871 395 tempore
900 362 953 388 isto

147 410 344 439 lconcurrunt,
372 407 448 440 cnjus
464 407 553 434 exitus
574 405 691 433 fructum
718 411 864 441 apponat,
890 414 951 433 cum

169 455 299 488 asperitas
318 444 422 481 hiberni
449 448 607 480 transierit?
628 456 657 479 ut
676 460 728 479 non
755 448 847 479 tenera
865 452 953 479 adhuc

169 500 315 527 constituta
329 507 389 534 qua:
402 504 463 525 nata
474 503 537 526 sunt
550 499 576 525 in
589 498 668 525 domo
681 506 733 525 non
742 497 860 529 confota,
875 505 953 531 aspe-

170 546 278 573 ritatem
294 550 383 571 antem
400 544 498 571 hiemis
511 544 675 571 incurrentia
696 543 828 577 perirent,
843 547 870 569 et
887 543 953 569 dcti-

169 593 243 615 ceret
256 596 350 623 genus,
369 588 390 615 si
407 588 441 614 ila
462 587 586 622 frigdore
599 588 692 622 gelida;
705 588 801 615 hiemis
815 587 953 614 interﬁce-

169 637 252 659 retur.
264 633 316 659 Sed
334 632 405 667 leges
419 637 534 664 statutae,
548 637 575 659 et
591 633 656 660 lines
668 637 730 659 sttnt
742 632 833 667 positi,
845 633 953 666 quando

170 679 305 705 seminare
321 679 460 710 deberent,
476 684 504 705 et
521 678 628 712 quando
651 678 769 705 fractum
797 678 905 705 afferre.
921 678 952 705 Et

170 730 259 758 neque
274 724 326 751 illis
339 731 406 758 opus
433 729 474 750 cst
498 724 656 755 obstetrice,
673 731 760 758 neque
776 728 834 751 arte
860 724 953 751 istius-

171 772 252 802 modi,
270 776 395 805 neque‘ut
409 772 487 799 cadat
499 777 526 798 et
539 771 627 806 jaceat
642 779 648 797 :
665 771 711 797 sed
728 771 818 797 statim
831 774 860 797 ut
873 770 953 797 enixa

170 817 251 844 fuerit
263 822 328 849 stat,
345 817 436 845 statim
453 822 481 843 ut
496 822 588 842 natum
603 816 684 843 fuerit
711 823 795 849 pecus
821 815 951 849 exsurgit,

169 868 196 890 cl.
209 865 329 899 agnoscit
348 863 532 891 irrationabile
555 862 655 890 animal
673 862 743 897 quod
770 861 850 896 ejecit
864 870 878 889 e
897 868 955 888 ma-

1004 270 1073 302 Qu‘id
1087 275 1176 297 autem
1189 269 1256 297 dicis
1269 268 1331 303 quia
1344 268 1552 305 unumquodque
1568 271 1680 304 animal,
1697 273 1790 300 statitn

1004 321 1032 342 ut
1050 320 1139 342 natum
1153 314 1243 349 fuerit,
1261 319 1390 349 quantum
1407 321 1449 342 est
1463 321 1566 344 tantum
1585 323 1636 349 est,
1650 319 1787 353 magnitu-

1005 361 1068 388 dine
1080 361 1152 392 dico.
1169 361 1216 388 sed
1230 361 1302 396 quod
1317 362 1385 389 nihil
1403 362 1519 397 amplius
1535 364 1650 392 assumit
1666 365 1699 391 ad
1714 373 1790 392 men-

1005 411 1069 434 tem.
1084 406 1170 433 Habet
1180 407 1252 433 cnitn
1266 402 1461 435 sensibilitates
1477 416 1550 441 suas,
1567 403 1647 436 habet
1665 411 1789 445 capillos;

1005 457 1032 479 et
1047 453 1109 486 quia
1130 445 1196 479 nihil
1212 453 1281 485 apud
1305 460 1352 479 eos
1379 454 1526 488 pretiosum
1545 459 1596 486 est,
1626 456 1686 483 ideo
1704 461 1788 484 lotuut

1005 499 1096 525 statim
1110 498 1135 524 in
1148 498 1187 525 eis
1198 498 1310 525 effusum
1327 503 1390 526 est':
1407 499 1478 527 sicut
1505 504 1532 526 et
1556 500 1732 528 iufructuosis
1744 509 1791 528 ar-

1005 545 1115 572 boribus
1133 545 1222 572 statim
1233 546 1408 573 concurritct
1422 546 1568 574 effunditur
1583 548 1747 581 tnagnitudo.
1762 549 1790 575 In

1005 590 1152 618 fructifcris
1165 595 1256 618 autem
1282 592 1381 619 sensim
1408 591 1516 626 prolicit
1543 599 1728 628 augmentum.
1750 593 1789 622 lta

1004 641 1032 662 et
1052 635 1266 663 ratio‘nabilib‘us
1282 643 1334 663 non
1350 638 1440 663 statim
1455 637 1573 665 efﬁcitur
1588 643 1616 665 ut
1643 630 1787 674 crescant,

1005 689 1057 708 non
1072 682 1162 709 statim
1175 686 1276 714 status,
1299 689 1351 708 non
1370 682 1462 709 statim
1487 690 1560 711 esca.
1578 683 1716 718 Siquidem
1740 692 1794 713 nec

1005 727 1158 762 margaritae
1170 728 1196 754 in
1213 729 1282 756 facie
1296 729 1469 764 reperiuntur
1481 732 1559 756 terrae
1571 735 1581 755 ι
1596 729 1643 756 snd
1658 734 1718 763 post
1730 735 1792 757 tan-

1005 779 1046 800 tas
1059 773 1234 801 difficultates
1246 774 1318 809 quod
1339 775 1490 808 pretiosum
1512 779 1553 802 est
1575 775 1722 802 invenitur.
1737 775 1792 803 Ta-

1005 827 1065 847 men
1083 820 1151 854 quod
1168 825 1296 855 properat
1310 827 1401 847 sermo
1414 821 1447 847 ad
1474 821 1647 856 semetipsum
1673 821 1789 850 dicimus

1006 865 1067 898 quia
1084 870 1171 899 neque
1184 865 1426 893 irrationabilibus.
1439 866 1467 893 Si
1488 867 1558 893 enitn
1578 872 1701 899 nossent,
1720 867 1790 895 forte

171 910 246 941 Hice.
262 910 368 944 etquod
382 917 433 935 ιιοιι
447 909 551 935 Viderat
565 913 596 934 υι
612 908 702 935 SCienS
716 913 802 935 mater
819 907 953 942 agnoscit.
970 905 991 932 Β
1006 910 1113 944 quidam
1130 918 1212 937 ausus
1224 911 1330 943 fuisset,
1347 917 1374 939 et
1385 912 1488 939 diceret
1504 912 1623 946 ipsorum
1641 920 1701 941 esse
1711 921 1787 948 opus.

170 960 197 982 et
207 956 347 991 progenies
360 956 391 982 ad
409 960 520 981 matrem
530 955 698 982 convertitur
709 962 788 988 quam
804 954 951 980 nesciebat.

170 1001 202 1028 Et
222 1009 282 1028 cum
294 1001 384 1028 adsint
400 1001 455 1037 (55)
473 1001 557 1035 ipsius
572 1001 679 1035 generis
694 1001 749 1033 alii,
767 1007 821 1027 non
835 1004 894 1027 erat
915 999 952 1025 ir-

171 1047 337 1075 rationabilis
348 1048 380 1074 ad
393 1048 537 1080 modicum,
549 1052 575 1074 et
587 1047 678 1075 statim
692 1047 815 1083 agnoscit
827 1051 952 1073 matrem.

170 1094 299 1129 Agnoscit
313 1099 402 1121 autem
419 1099 445 1120 ct
463 1093 503 1121 sui
520 1094 627 1129 generis
645 1103 651 1121 :
670 1101 723 1120 non
742 1093 848 1128 ignorat
870 1092 952 1118 etiam

170 1143 198 1166 et
210 1146 269 1173 qum
284 1139 333 1166 sibi
350 1139 462 1165 adversa
479 1144 551 1165 sunt.
581 1139 753 1173 Accipiamns
776 1138 848 1164 enim
866 1136 952 1170 gratia

170 1185 379 1219 comparationis
393 1191 474 1210 unutn
487 1191 520 1210 eu
538 1183 589 1217 his,
604 1189 631 1210 et
646 1183 796 1210 videamus.
815 1181 893 1209 Cervi
906 1189 954 1208 ca-

171 1232 279 1266 preolus
297 1231 388 1258 statim
403 1235 431 1257 ut
447 1235 524 1257 natus
540 1230 621 1257 fuerit
635 1230 720 1257 currit
734 1230 766 1255 ad
785 1234 910 1260 matrem,
926 1232 954 1255 et

171 1277 331 1311 qnzritnon
357 1277 425 1303 unde
437 1276 609 1311 processerit,
638 1275 687 1303 sed
715 1275 786 1302 unde
813 1279 951 1309 pascatur.

171 1321 216 1348 illa
232 1327 319 1348 autem
341 1329 398 1355 qum
415 1327 492 1349 antea
506 1329 558 1348 non
578 1319 854 1352 dedcratmamillam,
870 1326 953 1353 agno-

172 1369 224 1395 scit
238 1368 295 1402 ejus
307 1368 351 1403 qui
373 1373 452 1395 natus
468 1373 507 1395 est
521 1368 688 1395 alacritatem
700 1387 708 1400 ,
733 1371 760 1393 ct
788 1370 863 1400 aptat
889 1369 954 1392 nato

172 1420 324 1440 mensuram
336 1413 433 1440 volenti
446 1413 602 1448 contingere
614 1417 643 1440 ut
657 1413 803 1447 pertingat,
817 1411 896 1438 matri
907 1419 954 1437 att-

172 1465 224 1486 tem
241 1467 300 1498 qua:
315 1459 414 1494 praebet
429 1464 458 1485 ut
472 1459 600 1493 suscipiat
615 1464 642 1485 et
660 1463 762 1493 pascat.
789 1458 844 1485 Cur
865 1463 954 1484 autem

172 1511 225 1531 non
240 1504 304 1530 abiit
322 1504 354 1531 ad
373 1504 454 1530 aliam
469 1504 602 1531 similem?
615 1504 670 1531 Cur
687 1504 772 1538 ipsius
785 1509 889 1530 natura?
901 1503 954 1529 alia

173 1556 226 1575 non
245 1549 378 1583 suscepit?
393 1549 447 1576 Cur
462 1557 514 1576 non
530 1550 563 1576 ad
576 1558 606 1577 os
624 1550 710 1584 patris
740 1549 885 1583 perrexit?
905 1556 955 1575 cur

175 1601 226 1620 non
241 1593 350 1622 offendit
377 1595 411 1622 ad
435 1595 517 1626 latus,
542 1596 587 1622 sed
608 1594 752 1620 mamillam
769 1594 885 1628 quaerit?
903 1600 956 1627 quo
969 1587 991 1615 Ο

173 1640 322 1667 edocente?
333 1648 386 1675 quo
401 1641 582 1675 suggerente?
600 1640 673 1667 Unde
689 1644 778 1666 autem
795 1644 822 1666 et
834 1639 956 1674 agnoscit

173 1685 237 1720 quid
257 1685 354 1712 habeat
372 1686 512 1713 ntatnilla?
541 1686 611 1713 unde
634 1686 712 1713 novit
742 1685 807 1720 quiti
825 1689 954 1719 operetur

174 1733 235 1761 fons
248 1732 424 1760 mamillarum
437 1732 448 1759 '!
462 1733 523 1767 quis
542 1733 565 1760 ei
581 1733 658 1765 dixit,
671 1732 734 1766 quia
747 1731 837 1758 fontes
852 1730 958 1757 mamil—

175 1779 207 1806 lae
221 1779 301 1806 sunt?
315 1778 381 1806 Nam
410 1785 436 1805 et
460 1787 520 1805 cum
545 1778 677 1805 ceciderit
702 1777 728 1804 in
750 1782 833 1808 terra,
862 1776 955 1803 statim

176 1831 240 1857 stat,
253 1832 280 1852 et
295 1833 380 1860 neque
395 1832 494 1852 cornua
508 1824 678 1860 pertimescit
691 1831 835 1851 cervorum
852 1822 917 1849 talia
931 1828 957 1849 et

174 1871 212 1898 ita
227 1871 366 1903 terribilia,
381 1877 467 1905 neque
481 1870 623 1905 perturbat
647 1877 708 1896 eum
723 1868 877 1895 innnutatio
894 1875 955 1903 gre-

176 1918 225 1953 gis.
240 1917 267 1945 Si
281 1923 368 1944 autem
386 1917 540 1951 apparuerit
550 1915 656 1943 catulus
670 1915 759 1946 canis,
773 1914 865 1942 statim
882 1914 916 1940 ab
924 1920 957 1941 eo

177 1965 220 1998 qui
238 1970 315 1991 natus
328 1967 370 1990 est
382 1963 545 1997 agnoscitur,
561 1962 622 1996 quia
640 1961 815 1995 impugnator
831 1965 872 1986 est
885 1959 954 1994 ejus.

177 2010 209 2036 Et
223 2011 244 2037 si
258 2010 389 2037 simulans
411 2009 491 2035 homo
517 2008 636 2035 imitatus
654 2006 735 2034 fuerit
760 2013 855 2033 voeem
871 2008 955 2039 canis,

174 2058 266 2084 statim
281 2060 308 2083 et
325 2061 467 2090 antequam
488 2055 597 2087 videat,
626 2054 806 2081 imitationem
822 2053 938 2080 audiens
949 2072 957 2084 ,

173 2111 266 2129 vocem
280 2102 355 2136 fugit.
374 2101 439 2134 Quis
451 2108 515 2135 ergo
538 2100 564 2127 in
583 2099 814 2126 irrationabilibus
830 2097 959 2132 sapiens?

174 2153 201 2174 et
213 2154 285 2175 certe
301 2156 350 2175 nos
365 2148 410 2182 qui
436 2147 559 2173 videmur
582 2151 609 2173 et
626 2153 720 2172 sumus
751 2143 930 2171 rationabiles
949 2163 958 2176 ,

175 2195 264 2220 statim
281 2196 334 2222 nati
351 2195 416 2222 nihil
432 2195 527 2221 horum
541 2193 683 2222 habemus,
699 2191 770 2225 quod
781 2194 823 2217 est
836 2190 958 2217 admira-

177 2241 250 2265 tione
264 2240 371 2274 diguum
386 2249 393 2267 :
410 2248 459 2267 cur
470 2240 558 2266 infans
571 2243 684 2265 matrem
701 2238 808 2272 ignorat
823 2256 830 2267 ,
858 2240 884 2262 et
906 2243 957 2271 pa-

177 2290 244 2311 trem
261 2292 312 2310 non
329 2285 466 2319 agnoscit?
484 2283 575 2318 Neque
591 2291 605 2309 a
621 2289 651 2309 se
670 2282 758 2317 pergit
780 2281 837 2317 (56)
855 2281 887 2307 ad
900 2289 958 2308 ma-

177 2330 288 2362 tnillam,
301 2338 386 2364 neque
400 2331 501 2365 aliquid
515 2327 668 2357 istiusmodi
683 2327 762 2355 facit.
785 2327 854 2360 Quia
882 2327 954 2354 enitn

175 2382 216 2404 cst
231 2383 326 2403 sensus
342 2376 367 2402 in
382 2381 478 2408 matre,
495 2381 523 2403 et
540 2375 622 2403 tutela
640 2374 665 2401 in
687 2378 783 2409 patre,
803 2377 830 2400 et
855 2379 900 2399 ars
929 2372 956 2398 in

175 2422 320 2450 obstetrice
334 2429 340 2448 :
353 2426 382 2447 ut
394 2426 521 2455 appareat
532 2421 704 2456 providentia
719 2418 896 2454 dispensatio,
911 2417 954 2444 ubi

176 2468 227 2494 ista
241 2467 346 2497 desunt,
360 2470 456 2492 natura
469 2467 608 2500 complet:
625 2466 669 2492 ubi
684 2470 774 2491 autem
793 2465 843 2491 ista
866 2463 955 2490 abun-

176 2517 250 2546 dant,
268 2517 361 2539 natura
376 2512 456 2539 cedit.
470 2511 528 2538 Non
545 2512 615 2538 enim
629 2512 719 2538 statim
739 2511 825 2545 surgit
840 2510 930 2538 infans
949 2519 966 2536 ει

177 2561 256 2586 habet
278 2560 349 2586 enim
367 2566 461 2585 manus
476 2565 536 2592 qua:
558 2561 689 2593 portant:
720 2557 891 2584 necessarios
910 2563 957 2583 ca-

175 2605 252 2641 pillos
267 2614 319 2632 non
333 2605 425 2631 habuit
438 2612 444 2628 :
460 2604 506 2638 pili
519 2604 590 2631 enim
607 2604 697 2631 ovium
712 2602 866 2630 necessaria
880 2609 956 2629 com-

176 2651 257 2686 plent.
277 2650 394 2683 Quaerito
418 2655 507 2676 autent
523 2654 550 2676 et
568 2649 652 2683 ipsam
681 2649 844 2683 positionem
873 2647 957 2674 fontis

176 2705 296 2724 escarum
312 2696 399 2731 qualis
417 2695 486 2729 apud
503 2702 562 2728 nos,
582 2700 609 2722 et
628 2695 717 2730 qualis
731 2694 801 2729 apud
814 2693 958 2720 irrationa-

177 2743 242 2770 biles
256 2744 394 2770 haheatur.
409 2741 476 2774 Quia
492 2743 563 2768 enim
575 2746 682 2769 erectus
697 2746 790 2768 noster
805 2745 847 2767 est
858 2744 957 2771 status,

176 2790 237 2824 quia
249 2789 274 2815 in
291 2789 362 2815 inani
384 2796 414 2816 os
439 2794 593 2822 portamus,
611 2788 735 2822 superius
765 2786 904 2814 constituit
930 2791 958 2813 et

211 2880 266 2917 ('55)
282 2879 378 2916 (prius.
391 2866 490 2915 libros,
505 2880 634 2916 ejusdem.

1006 957 1072 990 Quia
1084 961 1172 983 autem
1190 957 1316 991 ignorant
1330 958 1448 992 quidem,
1465 957 1584 985 efficitur
1600 966 1683 992 vero;
1699 964 1788 985 tamen

1006 1003 1067 1036 quia
1084 1002 1151 1029 fiunt
1163 1010 1288 1036 corpora,
1302 1002 1330 1029 et
1352 1003 1503 1037 figurantur
1529 1003 1557 1030 in
1574 1005 1746 1036 matricibus,
1763 1010 1791 1031 ct

1007 1053 1132 1076 crescunt
1144 1054 1204 1083 post
1219 1049 1362 1081 matrices;
1390 1054 1544 1084 qua-rentes
1560 1050 1713 1079 invenimus
1726 1053 1790 1086 quia

1007 1094 1151 1129 praesentia
1164 1094 1315 1129 corporalis
1327 1094 1425 1122 animae
1447 1102 1478 1123 ex
1505 1096 1664 1124 matricibus
1680 1102 1790 1131 exeunt,

1007 1144 1033 1166 et
1048 1143 1106 1173 post
1121 1147 1260 1174 egressum
1275 1145 1432 1175 pascuntur,
1452 1146 1479 1168 et
1498 1146 1624 1168 crescunt
1636 1147 1663 1169 et
1678 1150 1789 1170 moven-

1009 1190 1061 1212 tur.
1076 1185 1104 1212 Si
1119 1189 1207 1213 autem
1222 1186 1283 1220 quis
1296 1186 1410 1218 dubitet,
1427 1187 1581 1214 consideret
1598 1195 1696 1222 corpus
1719 1189 1793 1216 unde

1007 1231 1122 1259 recessit
1139 1231 1239 1264 anima,
1254 1236 1281 1258 et
1293 1232 1361 1259 sciet
1379 1231 1455 1265 cuius
1477 1234 1617 1267 prmsentia
1630 1238 1695 1261 sunt
1706 1240 1790 1269 opera

1007 1277 1067 1304 ista.
1080 1277 1149 1312 Ergo
1164 1282 1190 1305 et
1207 1278 1367 1312 corporibus
1384 1284 1414 1305 ιιι
1431 1279 1484 1305 sint
1498 1283 1524 1306 et
1541 1284 1678 1311 crescant,
1693 1285 1720 1307 et
1734 1288 1792 1306 ma-

1007 1328 1090 1350 neant
1105 1329 1191 1351 etnon
1205 1324 1399 1357 dissolvantur,
1412 1325 1552 1360 praesentia
1565 1326 1662 1354 animae
1678 1327 1789 1361 prabet,

1008 1369 1164 1404 impertiens
1180 1378 1240 1405 quae
1254 1378 1307 1397 non
1322 1370 1404 1398 habet
1431 1378 1540 1406 corpus.
1555 1371 1622 1399 Cum
1648 1373 1719 1399 enim
1737 1381 1790 1399 non

1007 1420 1133 1449 pascatur
1147 1417 1252 1450 pascit;
1272 1424 1332 1443 cum
1348 1424 1401 1443 non
1423 1421 1539 1449 crescat,
1565 1417 1672 1451 corpori
1691 1417 1791 1452 praebet

1008 1465 1036 1487 ut
1049 1465 1173 1488 crescat:
1192 1468 1254 1488 cum
1264 1462 1381 1488 colorem
1399 1469 1453 1489 non
1482 1462 1589 1494 habeat,
1603 1462 1706 1497 praebet
1717 1463 1792 1490 colo-

1008 1514 1064 1533 rem
1078 1514 1085 1532 :
1100 1514 1160 1533 cum
1178 1514 1230 1534 non
1247 1512 1366 1534 transeat
1381 1514 1396 1534 a
1418 1507 1478 1535 loco
1494 1508 1527 1534 ad
1555 1507 1654 1540 locum,
1672 1515 1704 1535 ex
1731 1508 1791 1535 loco

1009 1552 1042 1578 ad
1061 1552 1147 1578 locum
1166 1556 1339 1579 transmutat.
1355 1552 1388 1579 Et
1404 1551 1456 1579 hoc
1479 1553 1565 1587 ipsum
1588 1554 1659 1587 quod
1686 1554 1792 1581 videtur
1804 1555 1813 1562 “

1007 1604 1066 1624 esse
1078 1604 1186 1631 corpus,
1199 1602 1247 1632 per
1267 1599 1385 1625 animam
1403 1602 1444 1625 est
1465 1598 1535 1632 quod
1561 1602 1612 1626 est.
1638 1599 1794 1627 Recedeuto

1008 1646 1096 1669 autem
1112 1643 1212 1675 anima,
1231 1645 1322 1669 statim
1335 1643 1506 1670 convincitur
1517 1651 1626 1678 corpus.
1639 1645 1729 1672 statim
1739 1646 1792 1673 dis-

1008 1687 1132 1719 solvitur.
1144 1688 1234 1715 statim
1254 1688 1356 1721 deﬂuit,
1369 1688 1514 1723 spargitur,
1525 1689 1702 1724 obputrescit,
1717 1698 1793 1718 emo-

1009 1734 1087 1764 ritur,
1107 1733 1280 1769 infrigdatur,
1297 1734 1421 1761 immutat
1437 1734 1566 1763 colorem.
1587 1734 1645 1762 Non
1658 1736 1717 1770 ejus
1727 1743 1792 1764 ocu-

1009 1780 1051 1807 lus
1067 1781 1150 1812 videt,
1165 1784 1257 1808 etnon
1279 1785 1404 1807 movetnr
1419 1788 1526 1813 manus,
1551 1789 1604 1807 non
1633 1789 1691 1816 pes,
1717 1783 1792 1809 auria

1009 1833 1061 1852 non
1075 1825 1159 1856 audit,
1173 1825 1261 1860 lingua
1276 1832 1329 1852 non
1342 1830 1431 1860 gustat
1448 1835 1456 1852 :
1470 1830 1498 1853 et
1510 1825 1534 1852 si
1545 1825 1691 1853 immiseris
1701 1833 1793 1854 escam

1009 1872 1062 1898 vim
1078 1870 1193 1904 faciens,
1211 1879 1263 1898 non
1292 1871 1414 1898 efficiunt
1437 1876 1609 1906 operamenta
1637 1880 1697 1907 qua:
1721 1872 1794 1899 intus

1009 1924 1071 1945 sunt
1087 1927 1094 1945 :
1110 1918 1253 1945 recedente
1264 1918 1335 1944 enim
1349 1917 1455 1945 artifice
1468 1922 1550 1945 stant.
1560 1917 1594 1944 Et
1606 1917 1696 1952 capilli
1710 1918 1793 1945 etiam

1010 1970 1063 1990 non
1078 1963 1262 1994 adducuntur,
1279 1968 1306 1989 et
1327 1963 1492 1995 moriuntur,
1508 1967 1535 1990 et
1551 1970 1655 1997 ungues
1667 1962 1723 1997 jam
1738 1971 1792 1991 non

1009 2014 1174 2041 crescentes,
1194 2013 1220 2035 et
1234 2008 1324 2035 omnia
1348 2008 1434 2035 otiosa
1451 2013 1535 2036 sunt:
1565 2008 1636 2036 sicut
1659 2009 1728 2037 fabri
1748 2015 1795 2036 aut

1010 2055 1125 2091 alterius
1138 2055 1263 2085 artificis.
1276 2055 1298 2082 si
1319 2055 1463 2082 recesserit
1483 2055 1592 2087 artifex,
1616 2061 1792 2090 operamenta

1008 2102 1098 2136 iacent
1113 2102 1233 2136 quidem,
1251 2101 1373 2135 indigent
1395 2105 1485 2128 autem
1502 2101 1646 2128 habentem
1665 2101 1794 2128 animam.

1011 2144 1108 2172 Statim
1125 2145 1198 2171 enim
1218 2148 1259 2171 est
1284 2145 1375 2171 videre
1400 2144 1471 2171 foeda
1492 2152 1606 2180 corpora
1623 2146 1795 2173 morientium

1011 2190 1167 2217 animalium
1185 2190 1305 2225 putrida,
1322 2197 1409 2224 neque
1434 2195 1462 2217 ut
1490 2192 1684 2226 contingantur
1706 2196 1769 2226 apta
1786 2200 1794 2218 :

1011 2242 1060 2262 nec
1073 2235 1145 2262 enim
1160 2239 1187 2261 et
1204 2235 1236 2261 ad
1253 2242 1342 2262 escam
1360 2239 1423 2262 sunt
1432 2235 1612 2262 conducibilia
1631 2244 1638 2262 :
1654 2235 1689 2262 ita
1705 2235 1795 2262 anima

1012 2281 1156 2308 recedente
1171 2288 1224 2308 non
1244 2280 1299 2307 sint
1321 2281 1395 2308 utilia
1415 2281 1447 2308 ad
1472 2289 1503 2308 ea
1520 2289 1579 2316 quae
1606 2289 1663 2308 sua:
1693 2285 1796 2308 natura)

1011 2331 1083 2354 sunt.
1097 2326 1189 2354 Mirari
1204 2326 1275 2353 enim
1288 2327 1549 2361 estetilla,quorum
1563 2327 1651 2354 anima
1667 2326 1796 2361 languore

1012 2377 1058 2399 aut
1073 2371 1254 2399 dissolutione
1267 2371 1418 2399 istiusmodi
1435 2373 1548 2400 recedit.
1563 2372 1591 2398 Si
1605 2376 1694 2398 autem
1711 2371 1739 2398 et
1754 2377 1802 2399 re:

1010 2417 1228 2452 cedere'oportet
1242 2416 1295 2443 dici
1309 2418 1426 2444 animam
1442 2417 1681 2449 irrationabilium,
1698 2417 1795 2443 horum

1012 2462 1183 2490 mortificatio
1200 2462 1341 2489 immutata
1355 2466 1397 2489 est
1409 2470 1424 2489 a
1441 2466 1513 2489 statu
1532 2462 1638 2489 illorum
1653 2469 1712 2496 quae
1723 2461 1799 2488 θηρὶ-ι

1011 2507 1121 2534 duntur.
1133 2506 1198 2540 Qum
1206 2506 1371 2533 occiduntur
1382 2506 1454 2534 enim
1470 2506 1522 2533 alia
1549 2510 1613 2533 sunt
1626 2510 1654 2533 et
1680 2505 1772 2533 calore
1787 2513 1802 2539 ,·

1009 2555 1060 2582 alia
1073 2562 1180 2589 sapore,
1197 2555 1248 2582 alia
1268 2558 1295 2581 et
1312 2554 1407 2586 odore,
1423 2553 1475 2580 alia
1500 2552 1722 2580 manducatione.
1747 2551 1795 2579 illa

1010 2606 1100 2628 autem
1112 2609 1172 2635 qua:
1185 2601 1335 2628 morittntur
1349 2604 1377 2626 et
1390 2607 1443 2627 non
1461 2599 1631 2631 occiduntur,
1652 2603 1680 2625 et
1695 2599 1722 2625 in
1737 2598 1797 2633 ipsa

1012 2653 1099 2675 morte
1111 2647 1212 2674 habent
1227 2646 1445 2674 immutationem
1471 2646 1524 2673 sui.
1552 2645 1578 2672 In
1598 2650 1702 2672 tantum
1725 2645 1796 2671 enim

1012 2694 1216 2720 demonstratur
1233 2697 1363 2727 quantum
1393 2697 1482 2726 potest
1509 2692 1650 2726 praesentia
1676 2690 1773 2717 anima:
1789 2690 1802 2723 ,‘

1012 2739 1074 2773 quia
1091 2744 1116 2765 et
1133 2746 1182 2765 vox
1211 2738 1300 2765 subito
1328 2738 1440 2769 recedit,
1457 2742 1484 2764 et
1507 2743 1638 2772 tanquam
1655 2737 1797 2772 vestigium

1014 2793 1073 2820 qua:
1086 2785 1111 2811 in
1131 2785 1225 2811 iisdem
1240 2790 1280 2811 est
1292 2784 1353 2810 vitae
1369 2783 1506 2818 relinquit.
1522 2783 1591 2816 Quid
1618 2788 1708 2811 autem
1723 2782 1799 2811 dicas

1049 2876 1104 2913 (εδ)
1119 2875 1142 2903 Α
1155 2863 1191 2903 ιε.
1208 2873 1340 2903 ante“.
