2024 3208
243 181 313 208 “55

578 156 710 208 EUSEBII
728 177 967 220 CESABIENSIS
987 178 1064 206 OPP.
1087 178 1176 206 PARS
1196 178 1240 205 ιγ.
1262 193 1294 198 —-
1312 176 1524 205 DOGMATICA.

1791 175 1861 203 “36

240 239 276 267 de
287 242 379 266 nostra
394 237 505 266 anima!
520 237 566 265 sed
580 245 633 265 nou
650 242 692 265 est
707 236 820 264 rationis
838 236 873 264 ita
889 243 938 264 nos
952 236 1023 271 inju~
1040 240 1062 267 Α
1076 237 1176 264 decens
1186 236 1281 263 honor.
1301 235 1329 262 Ei
1345 241 1433 263 autem
1449 235 1493 269 qui
1508 234 1609 261 creavit
1624 241 1739 268 corpora
1760 238 1787 261 et
1802 235 1861 261 ani-

241 284 309 312 riam
327 283 416 311 facere
428 283 552 318 pretiosae
562 284 669 310 animae.
687 282 715 310 Si
729 282 801 309 enim
816 281 982 310 voluerimus
997 282 1023 309 in

242 330 294 357 isto
305 329 378 357 brevi
396 329 483 364 spatio
500 329 572 356 hom
585 337 694 356 movere
710 329 743 356 de
767 336 798 356 ea
816 335 981 360 sermonem,
997 332 1024 356 et

241 375 398 402 transitorie
420 374 479 409 ejus
508 374 665 401 memoriam
690 374 794 407 facere,
816 374 918 402 inimici
939 373 1024 408 magis

241 420 393 448 videbimur
406 424 505 447 nostrae
519 418 617 446 anima:
632 427 714 454 quam
731 418 822 446 amici.
837 419 890 446 Sed
914 419 950 446 sit
965 427 1022 446 ser‘

240 466 312 492 ιηοηί
337 466 444 499 quidem
473 472 612 495 mensura,
644 465 741 491 anima.
756 470 846 491 autem
865 465 1021 491 rationabili

1078 289 1146 313 mas.
1162 286 1189 308 et
1216 281 1392 309 rationabiles
1407 286 1435 308 et
1448 279 1660 311 irrationabiles,
1683 279 1717 306 ab
1733 279 1859 306 omnibus

1076 327 1166 360 simul,
1182 332 1209 354 et
1225 327 1270 362 qui
1283 335 1334 354 non
1346 327 1503 361 loquuntur,
1530 333 1578 361 per
1604 333 1698 360 unum,
1715 333 1763 360 per
1778 332 1858 360 quem

1075 378 1103 400 et
1115 373 1204 400 omnia
1220 372 1372 404 constituit,
1387 373 1421 400 sit
1443 372 1539 407 gloria.
1567 372 1665 404 honor,
1694 370 1836 404 imperium
1849 389 1860 403 ο

1077 419 1213 452 majestas,
1229 426 1290 445 cum
1308 418 1409 453 Spiritu
1425 423 1529 450 sancto,
1541 421 1567 444 et
1580 424 1652 444 nunc
1661 420 1688 444 et
1699 423 1817 451 semper,
1831 422 1859 443 et

1076 473 1123 499 per
1137 465 1223 490 omnia
1241 464 1336 490 srecttla
1356 464 1524 490 smculorum.
1541 463 1624 490 Amen

242 536 1855 552 .______.__——__—__—o——————-—

714 628 994 690 EUSEBII
1039 627 1379 684 PAMPHlLI

646 740 718 792 DE
768 745 1179 792 INCORPORALI
1231 745 1421 789 ANIMA
1442 775 1458 794 η

874 843 992 873 LIBER
1015 841 1224 872 SECUNDUS.

273 994 411 1030 Reliquiae.
423 1001 483 1030 qua:
502 993 535 1021 de
559 993 720 1029 incorporati
735 992 882 1020 refectione
897 993 1024 1019 hesterno
1042 996 1060 1024 Β
1075 994 1214 1026 agnoscat.
1236 989 1416 1024 incongruum
1447 995 1490 1017 est
1510 990 1582 1018 enim
1595 1009 1603 1023 ,
1620 994 1650 1017 ut
1664 989 1699 1018 de
1713 990 1775 1018 aliis
1797 991 1855 1026 qui-

236 1040 315 1067 nobis
330 1039 487 1067 resederunt
502 1039 555 1072 die,
570 1039 649 1066 hodie
673 1038 820 1066 secundum
848 1045 1020 1072 consequent.

238 1086 302 1115 tiam
317 1085 450 1113 sermonis
479 1085 527 1111 iter
541 1085 709 1119 perfruamur
730 1083 798 1119 (57).
817 1083 932 1111 Solitum
949 1083 1020 1110 enim

238 1135 265 1158 et
279 1131 322 1158 liis
335 1135 388 1164 est,
402 1130 446 1165 qui
463 1137 577 1165 corpora
589 1134 705 1164 pascunt
718 1137 779 1161 sua,
796 1137 856 1157 cum
873 1136 926 1156 non
938 1128 1021 1156 suffe—

232 1174 323 1203 cerint
337 1175 370 1201 ad
385 1174 545 1203 sumendum
561 1174 684 1209 plurimis
695 1173 729 1201 ad
745 1173 917 1201 refectionem
935 1181 1020 1208 appos

236 1221 318 1250 sitis:
337 1220 556 1257 manducantque
571 1221 641 1249 diem
660 1225 790 1256 quantum
812 1223 926 1255 possunt
948 1219 1019 1255 (38),

229 1266 386 1294 teeondunt
409 1271 500 1293 autem
527 1267 579 1294 sibi
597 1266 732 1301 superﬂua
760 1266 787 1294 in
812 1266 926 1294 alterum
949 1266 1017 1293 refe-

233 1312 334 1340 ctionis
343 1312 426 1339 diem.
439 1311 521 1339 Forte
535 1317 624 1339 autem
639 1320 690 1339 non
705 1312 800 1340 eadem
819 1312 910 1346 imago
920 1318 1019 1339 conve-

236 1358 277 1385 nit
301 1357 390 1386 nobis.
411 1356 469 1385 Non
482 1358 553 1385 enim
579 1365 609 1385 ea
628 1365 689 1392 quae
703 1358 861 1386 resederant
884 1357 1020 1392 proposita

235 1409 307 1430 nunc
322 1407 396 1436 sunt,
413 1403 460 1430 sed
480 1403 534 1430 sint
548 1410 579 1430 ea
606 1404 714 1436 quidem
737 1410 797 1437 qua:
820 1407 1017 1437 praecesserunt

235 1455 288 1475 non
303 1448 432 1480 esca,sed
446 1453 556 1483 gustus:
568 1455 638 1475 nunc
646 1453 745 1481 autem,
758 1452 786 1475 ut
797 1448 832 1474 ita
845 1448 942 1479 dicam,
959 1448 1015 1482 ipsa

236 1493 360 1521 refectio.
378 1493 467 1521 Motus
496 1493 569 1520 enim
596 1493 672 1520 nobis
689 1499 730 1520 est
757 1501 847 1521 sermo
874 1493 906 1521 de
930 1498 1020 1521 monte

237 1538 314 1570 Sina.
336 1538 362 1565 in
380 1545 434 1573 quo
452 1538 594 1566 dicebatur
608 1539 697 1566 fumus
724 1539 809 1566 fuisse
838 1543 866 1566 et
894 1538 963 1573 ignis
992 1544 1017 1566 et

237 1583 353 1618 procella
374 1588 401 1610 et
429 1585 498 1611 tuba:
522 1590 549 1611 et
563 1590 643 1611 voces
664 1591 679 1610 a
706 1584 762 1611 Deo
775 1584 797 1600 δε
816 1593 823 1612 :
849 1591 907 1618 quae
929 1585 1018 1611 onniia

237 1628 322 1664 magis
334 1629 497 1663 quaestiones
508 1629 661 1657 movebant.
675 1628 806 1657 Videntur
817 1630 890 1657 enim
906 1630 955 1658 ista
966 1638 1017 1657 non

1073 1037 1132 1064 dem
1143 1035 1276 1064 curiosius
1290 1036 1418 1070 requirat,
1435 1036 1608 1070 semetipsam
1625 1041 1715 1064 autem
1728 1036 1856 1071 negligat,

1072 1083 1114 1110 cui
1128 1082 1265 1117 proprium
1283 1089 1382 1117 corpus
1399 1087 1451 1110 est.
1470 1082 1538 1115 Quia
1563 1083 1634 1110 enim
1649 1083 1736 1118 posita
1756 1089 1798 1111 est
1810 1091 1854 1111 re-

1072 1128 1111 1155 lut
1123 1128 1150 1156 in
1165 1127 1262 1155 mediis
1273 1127 1412 1162 gradibus,
1426 1127 1487 1155 aliis
1512 1127 1620 1162 quidem
1637 1128 1804 1162 praecellens,
1822 1131 1855 1155 ab

1072 1173 1132 1201 aliis
1146 1178 1237 1200 autem
1254 1173 1395 1205 deﬁciens,
1413 1173 1485 1200 forte
1503 1181 1656 1208 agnoscens
1671 1175 1855 1210 semetipsam,

1073 1219 1204 1254 despiciet
1214 1219 1323 1254 quidem
1339 1219 1454 1251 minora,
1475 1220 1654 1253 protendetur
1672 1225 1762 1248 autem
1777 1220 1810 1247 ad
1821 1227 1854 1248 ea

1071 1273 1130 1301 quae
1145 1274 1225 1301 supra
1243 1273 1273 1293 se
1290 1270 1363 1293 sunt.
1379 1265 1552 1299 Accipiamus
1565 1265 1647 1301 igitur
1662 1266 1747 1301 ipsius
1760 1267 1857 1294 anima!

1072 1311 1243 1346 dignitatem,
1260 1317 1287 1338 et
1302 1311 1453 1338 efﬁcientes
1464 1310 1531 1345 ejus,
1550 1319 1582 1339 ex
1595 1312 1692 1347 quibus
1709 1313 1809 1348 cogitat
1828 1317 1856 1341 et

1071 1360 1164 1392 agitat,
1178 1363 1306 1392 operatur
1331 1361 1359 1384 et
1381 1357 1464 1384 donat
1489 1358 1606 1392 corpori.
1627 1363 1654 1386 et
1666 1366 1699 1386 ex
1712 1360 1812 1394 quibus
1828 1360 1853 1387 ei

1070 1405 1230 1431 adversatur
1241 1404 1397 1436 utilissime,
1408 1409 1436 1432 et
1450 1413 1482 1432 ex
1495 1406 1593 1439 quibus
1610 1407 1643 1433 de
1672 1408 1726 1434 Deo
1753 1409 1854 1442 cogitat

1070 1455 1096 1478 et
1113 1451 1191 1484 sapit.
1217 1451 1387 1485 Accipinmus
1415 1456 1507 1478 autem
1530 1456 1558 1478 et
1585 1453 1740 1480 testimonia
1757 1461 1789 1480 cx
1811 1454 1853 1480 his

1070 1504 1129 1530 quae
1145 1497 1282 1530 videntur,
1292 1501 1320 1524 et
1335 1505 1350 1524 a
1363 1497 1524 1532 Scripturis.
1541 1497 1573 1524 Et
1591 1499 1689 1533 primo,
1706 1500 1768 1533 quia
1794 1500 1851 1532 qui-

1070 1543 1130 1569 dam
1140 1547 1233 1577 putant
1244 1542 1360 1569 animam
1372 1547 1490 1570 nostram
1502 1551 1554 1571 non
1565 1544 1652 1571 solum
1664 1553 1724 1574 cum
1740 1553 1854 1580 corpore

1070 1595 1140 1622 esse,
1156 1589 1202 1615 sed
1215 1593 1261 1615 aut
1273 1589 1451 1624 corporalem,
1465 1595 1512 1616 aut
1523 1598 1621 1625 corpus
1636 1600 1642 1617 :
1659 1591 1749 1618 multis
1760 1598 1848 1619 autem

1071 1634 1180 1668 sanguis
1196 1639 1308 1668 putatur
1324 1639 1351 1662 et
1364 1640 1454 1662 nostra
1469 1636 1559 1662 anima
1573 1644 1650 1670 esse;
1676 1637 1790 1664 dicimus
1816 1638 1851 1665 de

236 1675 392 1702 consentire
413 1674 577 1708 incorporali
603 1679 715 1702 naturai.
741 1674 809 1708 Quia
828 1675 910 1710 igitur
924 1676 1016 1704 donte-
1032 1665 1052 1694 (ἶ
1072 1680 1112 1706 his
1129 1680 1263 1714 primum;
1282 1685 1308 1706 et
1324 1681 1386 1714 quia
1405 1688 1438 1708 ex
1466 1681 1607 1716 Scriptura
1633 1682 1851 1711 circumveniunt

240 1719 309 1748 stica
325 1719 444 1747 efﬁcitur
473 1719 640 1751 satisfactio,
661 1728 723 1747 cum
743 1728 757 1747 a
775 1721 964 1748 communibus
993 1727 1019 1748 et

235 1765 335 1800 apertis
348 1765 430 1793 fuerit
443 1769 525 1798 mota,
543 1765 604 1792 ideo
618 1765 644 1792 in
659 1773 801 1793 commune
818 1767 851 1794 de
863 1766 1019 1800 incorpora-

235 1810 304 1838 libus
319 1810 451 1837 movimus
466 1811 653 1845 quaestionem.
681 1811 853 1845 Accipientes
868 1812 939 1839 enim
955 1820 1017 1839 cor-

234 1864 331 1892 porum
361 1862 471 1884 naturas
496 1857 690 1889 discrevimus,
708 1862 736 1884 et
757 1858 925 1886 ostendimus
954 1859 1017 1892 quia

235 1909 286 1929 non
301 1907 331 1929 ut
346 1907 456 1937 putatur
470 1903 606 1930 crassiora
624 1902 736 1931 fortiora
749 1909 822 1936 sunt,
850 1905 897 1932 sed
920 1911 1016 1932 secun-

234 1947 296 1974 dum
312 1948 521 1982 competentiam
540 1948 751 1984 uniuscujusque
773 1949 906 1984 corporis,
934 1957 1016 1984 quan-

235 1997 289 2018 tum
304 1994 513 2027 unumquodque
523 1993 649 2020 subtilius
669 1998 720 2026 est,
742 1998 845 2020 tantum
863 1998 890 2020 et
908 1993 1014 2021 fortius.

234 2035 316 2064 istinc
331 2042 522 2072 promoventes
536 2038 657 2065 venimus
679 2039 712 2066 ad
728 2045 862 2072 naturam,
881 2047 896 2065 a
918 2045 1013 2067 natura

234 2083 267 2109 ad
283 2083 507 2110 irrationabilium
538 2085 667 2111 animam.
691 2084 719 2111 In
738 2092 791 2119 quo
810 2085 868 2112 loco
890 2092 1013 2120 compre-

235 2128 329 2155 hendit
343 2136 391 2157 nos
415 2136 540 2164 vespera,
566 2136 594 2157 et
616 2131 808 2158 collocavimus
834 2132 1012 2160 mansionem.

234 2173 300 2206 Quia
319 2181 383 2208 ergo
394 2174 523 2202 successit
535 2175 591 2209 jam
605 2176 705 2209 lumen,
726 2181 904 2211 exsurgentes
923 2182 1014 2206 tenea-

233 2225 292 2245 mus
305 2219 525 2252 consequentiam
541 2227 634 2247 eorurn
646 2227 707 2255 qua
722 2228 828 2248 rursum
841 2221 1014 2250 ambulantes

233 2263 417 2290 transivimus.
447 2262 600 2292 Secundum
633 2266 854 2299 consequentiam
874 2267 955 2302 igitur
987 2273 1016 2295 et

231 2309 354 2336 ordinem
370 2309 475 2336 initium
491 2309 527 2336 sit
538 2310 667 2342 sermoni,
681 2317 742 2345 qua:
757 2311 836 2339 hodie
854 2312 887 2339 de
912 2318 1011 2340 nostra:

232 2355 329 2382 anima:
342 2355 471 2390 dignitate
483 2355 614 2383 dicemus.
627 2355 704 2383 Sicut
720 2357 792 2384 enim
814 2365 829 2384 a
853 2358 1011 2392 corporibus

229 2401 263 2428 ad
275 2407 410 2434 naturam,
425 2409 440 2428 a
462 2406 558 2428 natura
574 2409 665 2430 autem
679 2403 713 2429 ad
733 2403 945 2432 irrationabilem
956 2406 1011 2433 ani-

230 2446 337 2475 malium
349 2447 471 2475 venimus
484 2447 614 2480 animatn,
626 2448 661 2474 ita
675 2455 866 2481 promoventes
887 2455 914 2476 et
923 2455 1012 2478 trans-

229 2493 375 2521 cendentes
385 2513 392 2525 ,
412 2493 445 2520 ab
456 2493 683 2522 irrationabilium
696 2495 788 2521 anima
802 2495 837 2521 ad
852 2495 1006 2523 rationabi-

229 2536 280 2564 lem
300 2538 482 2572 pervenimus,
494 2544 523 2566 ut
534 2539 647 2566 exerciti
662 2539 687 2566 in
700 2539 858 2574 corporibus
877 2541 1007 2575 primum,

229 2583 264 2610 ita
282 2584 422 2613 veniamus
433 2585 465 2612 ad
477 2585 674 2619 incorporalem
689 2587 816 2614 animam:
830 2592 858 2614 et
873 2587 907 2614 ab
919 2587 1009 2614 anima

229 2629 260 2655 ad
277 2630 464 2664 incorporalia.
479 2630 512 2658 Et
525 2632 561 2658 ita
576 2639 629 2659 non
641 2633 731 2661 subito
749 2633 781 2660 ad
798 2636 944 2668 puritatem
961 2633 1009 2661 Dei

229 2675 398 2707 accedentes,
414 2682 448 2702 ex
462 2674 610 2710 iulgoribus
622 2677 668 2711 qui
686 2678 746 2705 inde
767 2684 830 2704 sunt
845 2677 1008 2705 obtenebre-

228 2723 297 2744 mur.
312 2718 392 2746 Decet
402 2720 474 2747 enim
487 2720 587 2752 taliter,
603 2726 632 2749 ut
641 2723 730 2749 aninta
743 2724 819 2756 prius
831 2724 1006 2759 semetipsam

561 2781 582 2795 "'
600 2781 667 2807 Gen.
684 2789 702 2812 t,
714 2782 760 2809 ει.
797 2783 820 2798 ⁸⁸
832 2783 899 2811 lliid.
918 2784 962 2811 20.

238 2867 253 2880 Η
264 2832 394 2880 (Sit—iter
404 2836 580 2880 perfruantur.
590 2837 668 2864 Forte
684 2845 731 2865 iter
744 2847 794 2867 vox
808 2839 858 2867 fuit
879 2849 1002 2878 cotnprn-

229 2874 272 2894 ctu
292 2874 390 2903 scripta
408 2874 434 2896 in
448 2879 497 2897 tus.
510 2878 558 2906 pro
574 2879 675 2900 unum.

262 2776 286 2791 “
296 2777 380 2805 l-lxod.
397 2787 453 2811 χιχ,
466 2779 508 2807 l6.

1070 1725 1186 1752 animam
1203 1730 1330 1759 tanquam
1344 1726 1455 1760 sanguis
1474 1727 1618 1759 habeatur.
1633 1735 1665 1754 ex
1689 1728 1746 1762 ipsa
1776 1729 1852 1755 Scri-

1070 1777 1147 1806 ptura
1163 1771 1222 1805 ejus
1248 1779 1405 1805 separemus
1434 1772 1604 1806 dignitatem.
1623 1774 1850 1801 lrrationahilium

1069 1817 1140 1843 cuitn
1154 1817 1310 1843 animalium
1328 1816 1426 1843 anima:
1437 1824 1490 1844 uno
1505 1824 1638 1852 praecepto
1655 1826 1716 1845 eum
1731 1821 1852 1853 corpori-

1068 1862 1117 1889 bus
1130 1863 1250 1896 iiguratte
1263 1867 1336 1888 sttnt.
1346 1861 1433 1894 Dixit,
1444 1863 1541 1898 inquit,
1553 1863 1769 1899 Deus,producat
1781 1872 1852 1893 terra

1067 1907 1195 1933 animalia
1220 1906 1394 1942 quadripedis
1424 1907 1458 1939 ",
1477 1912 1502 1934 et
1519 1916 1579 1942 qua:
1605 1915 1765 1944 sequuntur.
1794 1910 1853 1938 Uno

1067 1959 1192 1980 sermone
1209 1960 1308 1987 genera
1326 1953 1483 1980 animalium
1500 1955 1625 1983 universa
1645 1961 1672 1983 et
1692 1964 1806 1990 corpora
1825 1962 1852 1984 et

1066 1997 1170 2024 animas
1186 1997 1260 2030 fecit,
1273 2003 1300 2026 et
1315 2007 1367 2026 non
1384 1999 1523 2027 discrevit.
1542 2001 1574 2027 Et
1587 2001 1695 2035 iterum,
1715 2002 1850 2031 Producat

1067 2050 1144 2077 aqua.
1177 2043 1263 2070 Etiam
1289 2044 1311 2071 si
1346 2045 1398 2072 hoc
1423 2046 1543 2080 primum
1579 2048 1694 2082 positum
1724 2055 1767 2076 est
1791 2050 1850 2077 ait:

1067 2087 1200 2115 Producat
1218 2097 1286 2124 aqua
1301 2091 1419 2118 natantia
1441 2101 1498 2126 qua:
1511 2093 1538 2119 in
1554 2094 1629 2128 aquis
1643 2099 1716 2126 sunt,
1732 2101 1755 2122 et
1773 2097 1852 2123 uola-

1066 2133 1124 2161 tilia
1136 2135 1193 2162 cali
1212 2143 1270 2170 qua-
1283 2136 1309 2162 in
1325 2145 1385 2164 iure
1411 2138 1445 2165 “.
1461 2138 1641 2174 Propinquior
1658 2141 1731 2168 enim
1753 2149 1850 2176 genere

1065 2186 1134 2213 aqua
1148 2180 1206 2208 aeri
1218 2181 1415 2215 est.'Repletur
1433 2184 1503 2210 eni-n
1520 2192 1567 2212 aer
1579 2185 1658 2219 aquis
1675 2193 1724 2220 per
1751 2188 1848 2214 nubes.

1064 2225 1157 2254 Colata
1176 2231 1264 2254 atttetn
1280 2235 1351 2263 aqua
1368 2229 1563 2257 transmittitur
1578 2231 1611 2257 ad
1624 2239 1715 2259 aerem
1724 2237 1753 2259 et
1766 2234 1851 2261 nubes

1064 2271 1175 2304 adnuat,
1180 2277 1208 2300 et
1213 2272 1285 2300 velut
1293 2273 1446 2302 immutatio
1452 2275 1574 2309 quaedam
1583 2281 1624 2304 est
1631 2285 1709 2313 aqua
1716 2279 1749 2306 ad
1758 2287 1849 2307 aerem

1064 2322 1091 2343 et
1106 2318 1203 2345 iterum
1217 2320 1361 2348 restitutio.
1374 2320 1448 2349 Unde
1462 2327 1488 2349 et
1499 2330 1558 2357 qua:
1571 2323 1640 2351 facta
1657 2329 1722 2352 sunt
1732 2333 1766 2352 es
1780 2334 1856 2360 aqua.

1065 2362 1146 2389 veluti
1161 2371 1193 2390 ex
1216 2365 1345 2392 crassiori
1357 2372 1461 2399 natura,
1485 2369 1605 2403 quadam
1621 2370 1730 2404 quidem
1745 2378 1850 2398 renum-

1063 2413 1156 2435 serunt
1172 2409 1198 2436 in
1212 2410 1290 2444 aquis
1303 2430 1311 2442 ,
1340 2411 1391 2438 alia
1417 2412 1491 2440 velut
1509 2414 1542 2440 ad
1567 2422 1744 2450 congenerem
1760 2424 1849 2444 aer

1064 2453 1219 2481 transmissa
1247 2460 1320 2482 sunt.
1338 2456 1393 2484 Sed
1416 2465 1470 2486 non
1485 2459 1518 2486 de
1540 2460 1583 2487 bis
1606 2469 1677 2488 nunc
1694 2469 1784 2489 sermo
1807 2467 1850 2490 est

1062 2499 1150 2528 nobis.
1168 2500 1222 2528 Sed
1236 2502 1298 2536 quia
1314 2502 1430 2530 aliorum
1445 2505 1554 2540 quidem
1568 2507 1730 2535 animalium
1751 2509 1847 2536 anim

1080 2545 1195 2573 niversae
1208 2554 1261 2574 uno
1275 2555 1410 2583 pracepto
1428 2558 1489 2577 cum
1503 2552 1663 2586 corporibus
1675 2551 1753 2580 facta
1766 2558 1845 2582 mut:

1064 2590 1144 2619 homo
1168 2598 1258 2621 autem
1275 2602 1362 2630 neque
1385 2604 1446 2623 cum
1465 2597 1527 2625 aliis
1553 2598 1716 2627 animalibus
1729 2620 1737 2632 ,
1754 2608 1844 2635 neque

1063 2641 1126 2664 ante
1141 2638 1192 2667 alia
1220 2639 1307 2668 factus
1329 2642 1435 2670 videtur
1450 2651 1456 2670 :
1473 2648 1499 2670 et
1515 2651 1575 2671 cum
1596 2645 1657 2672 aliis
1670 2646 1779 2681 quidem
1794 2654 1846 2673 non

1062 2687 1103 2710 est
1130 2682 1217 2712 factus
1237 2692 1347 2721 propter
1373 2689 1590 2724 pretiositatem;
1607 2696 1670 2718 ante
1689 2691 1740 2718 alia
1755 2698 1844 2719 autem

1062 2735 1115 2756 non
1144 2736 1186 2757 est
1210 2737 1318 2760 creatus
1337 2739 1447 2769 propter
1471 2736 1581 2763 tutelam
1612 2736 1667 2763 Dei.
1686 2737 1752 2769 Quia
1772 2738 1845 2764 cnim

1095 2845 1149 2879 (38)
1166 2845 1215 2874 Ms.
1235 2847 1394 2875 matthan
1412 2849 1515 2884 quidem
1530 2855 1653 2884 quantum
1665 2855 1783 2884 pssumi.
