2024 3208
168 194 237 223 1137

774 195 819 222 DE
838 192 1069 228 liVCORPORALl
1089 192 1206 220 ΑΝΙΜΛ.

1721 188 1787 219 1158

169 254 336 288 incipiebant
356 253 380 280 ei
397 253 493 289 subjici
507 253 597 280 omnia
617 261 677 288 quae
690 253 760 280 facta
777 261 791 280 a
805 253 858 280 Deo
873 258 952 284 sunt;
970 255 990 282 Α
1005 261 1040 286 go
1056 256 1146 279 autent
1161 251 1275 278 necdum
1291 249 1386 276 virens
1400 269 1408 281 ,
1435 253 1462 275 et
1484 248 1590 281 iacebat
1605 246 1674 282 quod
1690 247 1787 274 factum

167 303 195 325 ιιι
213 306 266 325 tton
283 299 367 332 ipsius
381 304 541 333 putarentur
557 307 637 334 opera
654 307 714 334 qua:
731 299 802 327 facta
816 301 951 332 videntur,

166 345 330 372 novissimus
356 346 486 380 ﬁguratur
513 346 593 373 homo
609 367 616 378 ,
647 350 674 373 et
700 354 751 373 tton
779 347 892 380 primus.
923 345 951 372 Si

166 391 237 417 enim
253 395 281 417 et
296 391 331 417 ita
345 391 491 418 novissimo
509 391 579 418 facto
603 391 721 422 homine,
736 392 795 419 ausi
816 397 879 418 sunt
893 391 953 426 qui-

166 434 227 462 dam
254 443 302 470 per
318 437 422 463 fabulas
448 438 637 470 introducere;
658 438 721 471 quid
739 445 790 464 non
809 437 867 464 ausi
885 437 952 463 fuis-

167 486 227 510 sent
243 482 265 509 si
285 490 338 508 non
356 482 406 509 ista
425 484 607 517 prmcessisset
627 483 708 509 tutela
725 483 736 509 2
763 483 848 509 Aliter
862 487 952 509 autem

166 531 194 553 et
210 526 324 553 decebat
347 532 491 560 antequam
514 518 656 554 crearetur
678 536 724 555 rex
741 535 821 562 super
839 533 952 557 terram.

169 570 315 605 preparari
334 572 487 598 necessaria
502 572 617 606 primum
632 592 639 605 ,
660 576 688 599 ut
707 573 740 599 ita
756 573 894 599 adveniret
908 573 953 607 qui

166 624 198 644 ea
215 616 316 651 perfrui
341 617 460 644 deberet.
483 617 614 644 Servatur
632 623 721 645 autem
749 622 776 645 et
804 619 829 644 in
847 618 954 644 irratio-

169 662 306 689 nabilibus
334 663 411 694 Ordo.
431 664 578 690 secundmtt
604 663 784 699 Scripturam.
802 664 859 691 Non
883 665 953 691 enim

169 709 245 743 pritts
258 709 328 736 facta
344 714 407 736 sunt
422 710 547 736 animalia
559 731 566 742 ,
586 718 666 745 quam
684 710 779 737 ﬁerent
792 719 822 737 ea
840 718 899 745 quae
911 719 954 745 pa-

170 759 276 781 scerent
301 754 438 781 animalia.
463 754 529 787 Quia
556 755 628 781 enim
650 754 748 782 factum
764 755 872 788 quidem
900 756 955 790 jattt

168 797 256 826 fuerat
270 799 377 830 malum,
392 799 500 826 fundata
515 804 602 826 autem
614 799 669 834 jam
685 805 743 826 erat
760 805 841 832 terra,
859 806 885 828 et
900 808 956 827 ma-

170 851 200 870 re
215 843 302 870 fuerat
314 848 468 877 separatum
482 843 514 870 ab
529 844 615 877 arida,
630 843 732 871 eﬁusns
746 849 836 871 autem
855 849 913 872 erat
929 850 956 872 et

171 895 227 920 aer,
240 893 369 915 coronata
383 893 471 915 autem
491 893 567 915 erattt
588 895 648 922 qua:
670 889 740 916 facta
767 895 842 922 sunt,
860 898 956 916 unum-

169 934 295 968 quodque
314 934 339 960 in
356 939 514 961 ornamento
531 941 580 961 suo
603 943 609 962 :
632 939 702 961 terra
722 935 829 969 quidem
858 934 955 962 florens

170 979 311 1005 arboribus
334 983 361 1005 et
386 979 483 1013 plantis
502 986 569 1005 :aer
595 987 642 1013 per
670 979 759 1006 avium
785 979 836 1006 iter
862 980 956 1007 avibus

171 1023 292 1057 praebens
309 1032 315 1050 :
336 1031 410 1050 mare
432 1029 460 1051 et
480 1024 588 1051 flumina
604 1029 631 1051 et
652 1024 738 1052 fontes
754 1025 871 1059 piscibus
885 1025 957 1052 heta-

171 1069 280 1100 bantur,
296 1069 379 1102 quiin
404 1077 433 1096 se
448 1070 555 1096 fuerant
571 1070 637 1096 nali.
661 1070 764 1097 Caelum
780 1076 869 1096 autent
888 1071 957 1097 vari-

173 1120 263 1142 catttnt
287 1116 343 1150 (59)
361 1116 417 1143 suis
440 1116 552 1144 ﬁoribus
567 1121 646 1149 erat,
670 1122 696 1144 et
716 1122 777 1143 tunc
802 1116 888 1143 l'aetus
915 1121 958 1144 est

177 1161 267 1187 homo.
282 1160 396 1188 Creatus
412 1167 500 1188 atttem
519 1166 561 1189 est.
581 1162 661 1189 homo
679 1169 730 1192 non
747 1169 798 1188 uno
813 1166 955 1197 praecepto,

173 1206 220 1232 sed
235 1213 332 1240 corpus
345 1207 451 1241 quident
466 1207 564 1234 dicitur
593 1208 716 1235 manibus
735 1208 888 1242 ﬁguratum.
903 1208 957 1233 Ex-

174 1251 237 1278 hinc
251 1257 341 1279 autem
362 1251 418 1285 jam
439 1258 597 1287 argumenta
620 1253 674 1280 sint.
689 1253 722 1280 de
747 1253 865 1280 incertis.
886 1253 957 1280 Scri-

176 1302 249 1331 ptum
262 1302 303 1325 est
318 1298 389 1324 enim
416 1298 448 1331 “,
465 1299 526 1333 quia
540 1299 643 1333 accepit
658 1298 727 1326 Deus
737 1303 836 1326 eterra
852 1299 955 1325 limum.

175 1343 256 1370 Putas
271 1344 332 1378 quia
360 1344 479 1378 accepit,
495 1345 583 1377 dixit,
613 1345 742 1371 addemus
755 1344 779 1372 ei
797 1349 824 1371 et
837 1351 930 1371 manus
946 1344 957 1371 ?

177 1388 311 1424 Scriptum
323 1394 363 1418 est
379 1390 441 1424 quia
457 1395 484 1418 et
510 1391 634 1425 ﬁguravit
647 1390 796 1418 hominem.
814 1390 847 1417 Et
859 1391 957 1425 ﬁgura-

174 1435 212 1462 tio
228 1435 336 1469 quidem
354 1436 475 1469 corporis
491 1435 608 1470 iacebat,
626 1436 714 1463 anima
729 1441 819 1463 autem
835 1444 887 1462 non
899 1440 958 1463 erat

174 1481 255 1507 simul
273 1486 374 1508 creata.
391 1481 444 1508 Sed
461 1481 553 1509 volens
568 1482 637 1509 Deus
661 1489 709 1516 per
725 1489 805 1517 opera
820 1485 958 1516 separatas

178 1532 322 1560 segregare
338 1530 448 1552 naturas
464 1527 609 1561 separatim
627 1526 751 1561 ﬁguravit
767 1533 865 1560 corpus
879 1546 885 1557 .
915 1533 957 1553 se-

175 1570 288 1604 paratim
303 1570 419 1597 animam
433 1571 507 1598 fecit.
523 1570 554 1597 Et
570 1571 670 1598 factum
686 1576 728 1598 est
743 1571 816 1598 velut
830 1572 955 1597 taberna-

175 1617 265 1642 culum
279 1624 377 1651 cnrpus
395 1625 401 1643 :
419 1616 571 1644 introducta
588 1621 629 1644 est
650 1622 739 1643 autem
753 1617 855 1648 anima,
866 1621 893 1643 et
908 1617 956 1643 ha-

179 1662 282 1688 bitavit.
308 1661 339 1689 Et
353 1670 385 1688 ne
400 1667 476 1695 putes
493 1662 554 1696 quia
570 1661 707 1695 prmcessit
720 1669 819 1696 corpus
840 1663 866 1688 in
881 1669 957 1688 erra-

179 1708 250 1733 linne
265 1728 272 1739 ,
291 1707 346 1742 jam
369 1713 396 1733 et
422 1709 447 1733 iit
473 1708 574 1734 honore
588 1707 725 1742 przecellit.
749 1708 801 1734 Sed
826 1711 959 1733 memento

176 1761 234 1787 quzc
250 1754 373 1787 superius
389 1753 499 1785 audisti,
513 1753 574 1787 quia
589 1757 614 1780 et
628 1752 820 1780 irrationabilia
832 1752 958 1779 animalia

176 1803 238 1825 ante
256 1798 391 1824 hominem
408 1800 478 1825 iacta
494 1803 557 1824 sunt
575 1807 581 1824 ι
596 1802 624 1825 et
637 1798 759 1832 nonquia
775 1802 960 1833 prmvenerunt

176 1844 202 1870 in
221 1843 377 1878 operatione
392 1863 398 1874 ,
413 1843 468 1877 jam
487 1848 513 1869 et
529 1844 615 1877 prima
635 1848 698 1871 sunt
718 1843 745 1870 in
761 1843 871 1871 honore.
888 1843 961 1877 Ipso-

179 1897 236 1915 rum
251 1892 340 1915 autent
357 1888 581 1915 irrationabilium
600 1896 631 1916 ea
645 1896 705 1923 quat
721 1890 754 1916 ad
769 1896 859 1916 escam
871 1896 960 1916 neces-

178 1935 249 1960 saria
259 1936 332 1965 sunt,
347 1934 436 1968 priora
451 1938 541 1961 creata
559 1939 639 1961 sunt:
653 1938 679 1961 et
695 1942 747 1961 non
760 1935 822 1969 quia
840 1942 898 1969 quae
914 1934 962 1961 titi-

178 1979 213 2005 lia
228 1983 290 2005 sunt
303 1978 477 2011 animalibus,
491 1983 519 2005 et
541 1978 596 2012 jam
611 1978 667 2014 (10)
681 1978 882 2006 honorabiliora
897 1984 960 2007 sunt

178 2023 285 2051 iisdem.
302 2022 372 2058 Ergo
384 2031 436 2050 tton
454 2031 469 2050 a
487 2023 654 2058 tetnporibus
666 2024 840 2058 accipiamus,
859 2024 959 2059 pretio-

179 2070 249 2097 siora
266 2076 297 2097 ea
317 2077 377 2097 esse
391 2076 451 2104 qua:
472 2070 560 2105 priora
579 2075 660 2097 sunt:
682 2071 813 2106 siquidem
840 2076 867 2098 et
889 2078 959 2099 terra

176 2121 239 2143 ante
265 2115 344 2142 istum
371 2116 417 2150 qui
446 2116 553 2143 videtur
568 2116 666 2144 caelum
687 2117 826 2144 estfacta.
852 2117 881 2145 Si
900 2117 961 2152 quis

177 2161 250 2188 enim
267 2161 330 2195 legit
347 2161 528 2194 Scripturam,
541 2167 586 2188 ant
600 2162 733 2196 legentem
747 2163 860 2194 audivit.
887 2164 961 2190 inve-

178 2208 234 2234 niet
245 2207 306 2241 quia
326 2207 454 2242 scriptum
468 2212 509 2235 est
525 2217 530 2234 :
546 2207 579 2234 In
591 2209 720 2242 principia
741 2209 802 2242 fecit
828 2208 895 2235 Deus
911 2217 959 2235 cm‘

1004 305 1045 326 est
1060 304 1090 326 nt
1106 302 1309 332 operamentum
1329 306 1335 324 :
1358 295 1512 330 requirebat
1532 299 1621 322 autem
1646 295 1787 327 artiﬁcem,

1005 352 1056 371 non
1073 343 1211 370 intellectu
1226 348 1273 370 aut
1286 342 1382 369 ell‘ectu
1394 361 1402 373 .
1417 341 1464 369 sed
1478 340 1638 368 necessitate
1651 339 1787 375 poscebat.

1006 389 1142 424 Scriptum
1170 389 1242 416 cnint
1256 393 1298 415 est
1310 408 1317 420 ,
1335 388 1398 422 quia
1424 391 1485 421 post.
1507 386 1557 414 hoc
1572 395 1579 413 :
1596 385 1738 420 Impiratu't
1760 386 1788 413 in

1006 444 1065 461 eum
1083 435 1207 461 Dominus
1226 434 1414 468 spiramentum
1431 432 1509 463 vim;
1525 437 1550 459 et
1567 431 1651 466 {uelut
1664 436 1701 458 est
1713 432 1788 458 homo

1006 482 1032 507 in
1049 481 1164 506 animant
1180 481 1305 506 virentem
1319 478 1352 505 ".
1366 478 1398 505 Et
1410 478 1517 509 iterum,
1532 476 1562 504 In
1576 477 1697 511 spiritum
1708 476 1791 510 vivi/i-

1006 532 1107 553 cantem
1124 526 1158 552 ".
1187 525 1257 559 Ergo
1282 526 1314 552 ab
1333 524 1408 551 initio
1432 523 1576 558 separatim
1601 522 1709 556 quidem
1731 528 1790 548 cor-

1006 579 1054 605 pus
1068 591 1075 603 ,
1093 570 1241 605 separatim
1259 574 1347 596 autem
1363 569 1451 596 anima
1477 568 1547 594 facta
1572 571 1624 594 est.
1646 567 1678 594 Et
1691 574 1790 602 corpus

1006 616 1114 651 quidem
1128 615 1187 643 sine
1202 615 1293 641 anima
1307 622 1359 642 non
1380 613 1446 640 vivit
1463 621 1470 639 :
1487 620 1547 640 cum
1566 616 1656 639 autem
1669 612 1790 645 ingressa

1007 663 1090 690 fuerit
1102 662 1205 692 anima,
1223 666 1289 688 tunc
1304 659 1419 687 elIicilur
1432 660 1511 687 homo
1529 659 1555 685 in
1572 659 1690 685 animam
1703 659 1792 685 viven-

1008 714 1072 735 tem.
1090 707 1123 734 Et
1142 707 1203 741 quis
1220 706 1550 740 comparabitopportuno
1572 711 1668 738 corpus
1683 704 1790 738 quidem

1007 754 1083 786 nubi,
1097 753 1215 781 animam
1234 757 1324 779 autem
1338 751 1466 779 immissis
1481 759 1495 778 a
1510 751 1566 778 sole
1582 749 1791 785 splendoribus?

1008 799 1218 826 imntutatenim
1249 797 1327 824 nubis
1352 797 1489 829 colorem,
1507 797 1631 823 immutat
1655 795 1713 829 ejus
1739 794 1792 822 ειιι.

1007 846 1089 879 giein,
1105 844 1151 872 sed
1168 852 1222 871 non
1235 843 1365 870 vivilicat.
1391 842 1487 876 Qnrere
1501 850 1565 877 ergo
1588 841 1723 876 quomodo
1748 848 1792 868 ac-

1007 891 1077 926 cepit
1106 891 1176 918 Deus
1192 890 1286 917 lintum
1314 894 1416 922 terrae,
1440 893 1467 916 et.
1490 887 1626 924 quomodo
1651 887 1793 922 inspiravit

973 921 993 948 Β
1009 921 1088 964 Deus.
1105 936 1211 971 Accipit
1225 935 1297 963 enim
1315 935 1373 962 sine
1394 921 1518 962 inanibus
1532 954 1540 966 ,
1555 939 1583 961 et
1602 921 1717 968 inspirat
1732 932 1793 960 sine

1006 989 1064 1009 ore.
1082 982 1137 1009 Cur
1154 990 1218 1017 ergo
1236 980 1365 1015 accepit?
1390 985 1419 1007 ut
1442 984 1583 1014 appareret
1597 979 1660 1014 quia
1679 986 1732 1006 non
1758 978 1793 1005 ab

1008 1027 1058 1054 alia
1073 1032 1195 1054 creatura
1210 1032 1251 1054 est
1264 1027 1357 1057 homo,
1373 1026 1419 1053 sed
1438 1034 1451 1052 a
1466 1025 1659 1059 eonspersioue
1677 1024 1793 1051 fermen-

1009 1079 1077 1100 tum.
1088 1072 1142 1100 Cur
1157 1078 1246 1100 autem
1259 1077 1286 1099 et
1301 1071 1441 1107 inspiravit
1455 1071 1466 1098 i
1482 1071 1534 1098 Pro
1545 1078 1577 1098 eo
1589 1075 1618 1098 ιιι
1629 1071 1713 1102 dicat,
1728 1069 1792 1105 quia

1009 1119 1131 1146 immisit.
1148 1119 1176 1145 Si
1191 1119 1262 1146 enim
1275 1117 1451 1152 corporaliter
1471 1117 1655 1149 acceperimus
1668 1115 1738 1150 quod
1753 1115 1795 1142 in-

1008 1165 1121 1199 spiravit
1148 1164 1228 1197 Deus,
1245 1169 1274 1191 ut
1288 1172 1301 1191 a
1320 1164 1375 1191 Deo
1390 1171 1453 1198 pars
1465 1162 1596 1190 eﬁieimur
1614 1162 1659 1189 Dei
1675 1161 1792 1196 inspira-

1009 1211 1080 1237 tione
1096 1210 1146 1237 ista
1162 1230 1168 1242 ,
1182 1215 1209 1236 et
1230 1210 1374 1236 dividimus
1390 1209 1545 1236 indivisum.
1566 1208 1598 1234 Et
1614 1207 1791 1242 quemadmo-

1008 1255 1071 1282 dum
1100 1255 1227 1289 possibile
1242 1260 1302 1282 erat
1313 1262 1426 1289 peccare
1440 1262 1497 1286 eos,
1512 1254 1557 1287 qui
1571 1261 1585 1279 a
1607 1252 1660 1280 Deo
1678 1257 1706 1279 ut
1723 1259 1787 1287 pars

1007 1300 1065 1332 ejus
1087 1306 1164 1326 erant
1180 1300 1295 1333 separati
1309 1299 1320 1325 ‘!
1346 1298 1385 1326 lta
1402 1306 1467 1334 ergo
1494 1306 1529 1326 ex
1544 1302 1668 1325 creatura
1683 1297 1792 1332 quidem

1008 1346 1063 1380 ipsa
1076 1347 1166 1372 statim
1179 1351 1334 1378 separatum
1350 1349 1391 1371 est
1408 1349 1529 1371 ttostrunt
1547 1351 1646 1378 corpus
1656 1342 1689 1369 ab
1702 1342 1794 1369 anima

1007 1395 1111 1417 nostra.
1127 1390 1224 1417 Anima
1242 1394 1333 1416 autem
1351 1390 1472 1416 omnium
1490 1389 1645 1415 animalium
1671 1395 1731 1421 qua:
1757 1387 1792 1414 ab

1008 1436 1161 1463 hominibus
1185 1436 1399 1466 manducantur.
1423 1435 1512 1462 dictus
1530 1439 1571 1461 est
1589 1434 1700 1467 sanguis
1712 1454 1719 1466 ,
1740 1439 1794 1460 non

1009 1488 1098 1510 tamen
1116 1482 1244 1510 hominis.
1262 1481 1316 1510 Sed
1331 1489 1391 1509 cum
1416 1482 1518 1510 diceret
1543 1480 1644 1508 homini
1661 1481 1730 1507 Deus
1742 1496 1750 1511 ,
1765 1484 1795 1506 ut

1007 1529 1081 1563 prius
1104 1528 1253 1556 elIunderet
1278 1528 1458 1562 sanguinem,
1484 1532 1513 1555 et
1538 1527 1574 1554 ita
1601 1526 1795 1556 manducaret;

1009 1575 1041 1600 de
1058 1573 1220 1601 animalibus
1233 1574 1284 1601 iste
1299 1574 1356 1607 eius
1372 1577 1432 1600 erat
1453 1579 1552 1600 sermo.
1575 1571 1616 1599 Ab
1632 1571 1709 1599 initio
1726 1578 1794 1606 ergo

1009 1619 1208 1651 creaturae,ita
1227 1619 1324 1646 melior
1344 1623 1384 1645 est
1407 1623 1501 1646 nostra
1523 1618 1612 1644 anima
1629 1625 1645 1644 a
1669 1624 1793 1651 corpore,

1009 1669 1035 1692 et
1052 1670 1176 1700 separata
1192 1669 1243 1693 cst.
1263 1664 1297 1692 Ilt
1320 1670 1410 1691 autent
1431 1664 1570 1691 veniamus
1586 1663 1619 1690 ad
1633 1662 1691 1696 ejus
1705 1663 1794 1698 digni-

1010 1714 1104 1741 tatem,
1117 1713 1271 1736 SCI‘IMMIICS
1284 1715 1436 1735 scrutemur
1453 1708 1515 1743 quia
1533 1715 1648 1742 corpora
1666 1715 1717 1734 non
1731 1715 1793 1742 ger-

1011 1756 1124 1787 minant,
1145 1756 1192 1783 sed
1207 1755 1319 1782 arbores
1337 1758 1365 1781 et
1379 1753 1480 1789 planta:
1491 1757 1653 1787 acceperunt
1670 1758 1792 1787 germen,

1010 1805 1037 1828 et
1047 1805 1232 1835 augmentum,
1248 1804 1275 1827 et
1286 1807 1388 1831 escam,
1405 1805 1486 1833 quam
1509 1805 1562 1825 non
1580 1797 1714 1824 habebant
1729 1805 1793 1825 saxa

1010 1854 1069 1881 quae
1081 1853 1144 1874 vere
1167 1851 1229 1873 sunt
1254 1853 1331 1873 saxa.
1345 1845 1504 1872 Germinare
1518 1844 1590 1871 enim
1605 1847 1631 1871 et
1647 1851 1772 1871 crescere
1784 1864 1793 1876 ,

1010 1897 1037 1920 et
1063 1892 1193 1919 imbribus
1209 1892 1307 1919 nutriri
1323 1898 1374 1919 non
1402 1891 1521 1923 habent,
1547 1890 1592 1917 sed
1609 1889 1667 1917 hare
1683 1896 1795 1924 accepe-

1012 1941 1073 1964 runt
1086 1937 1184 1972 planta:
1199 1941 1226 1964 et
1237 1937 1358 1964 arbores.
1370 1936 1404 1963 Et
1417 1943 1450 1963 ne
1459 1935 1520 1970 quis
1539 1935 1671 1970 produCat
1685 1939 1796 1962 centra-

1011 1983 1174 2016 dictionem,
1189 1983 1212 2010 si
1227 1983 1311 2017 aliqui
1334 1982 1437 2017 lapides
1458 1985 1586 2009 crescunt
1599 1981 1626 2009 in
1639 1981 1720 2014 mari,
1737 1981 1796 2008 sive

1011 2029 1101 2063 nigri,
1118 2028 1175 2056 sive
1201 2028 1296 2055 rubri:
1311 2027 1349 2055 illi
1371 2027 1444 2055 enim
1469 2026 1568 2061 plantis
1583 2026 1669 2061 magis
1693 2026 1795 2054 similes

1010 2078 1074 2101 sunt
1084 2081 1164 2108 quam
1180 2073 1313 2108 lapidibus
1326 2082 1340 2103 ς,
1348 2072 1426 2100 incisi
1443 2072 1520 2099 enim
1530 2079 1590 2099 cum
1604 2071 1716 2104 fuerint,
1731 2076 1796 2098 tunc

1012 2118 1115 2153 lapides
1128 2117 1283 2145 eﬁiciuntur
1297 2126 1305 2145 :
1319 2118 1345 2145 in
1361 2122 1490 2153 quantum
1510 2121 1600 2144 autem
1610 2120 1684 2144 stant
1694 2119 1796 2143 natum

1012 2164 1124 2199 legibus,
1139 2168 1167 2191 et
1186 2164 1291 2191 radices
1306 2164 1450 2196 emittunt,
1466 2167 1494 2190 et
1515 2162 1716 2197 pullulationem
1731 2168 1796 2196 ope-

1012 2215 1116 2242 rantur,
1134 2214 1161 2236 et
1178 2210 1375 2237 incrementum
1389 2208 1537 2244 accipiunt,
1554 2213 1582 2236 et
1597 2208 1679 2234 ramis
1690 2213 1795 2234 annun-

176 2253 229 2279 Ium
249 2258 272 2280 ει
291 2258 386 2279 (errant
404 2253 438 2280 ".
461 2253 566 2281 anlum
591 2254 662 2280 enint
680 2262 739 2280 cum
766 2259 835 2281 terra
862 2254 959 2287 factum
978 2264 999 2291 ι)
1014 2257 1081 2283 tiant
1096 2255 1264 2283 aiilnitatem.
1282 2256 1352 2291 Ergo
1367 2256 1467 2290 plantis
1485 2259 1513 2282 et
1527 2253 1669 2281 arboribus
1683 2253 1732 2279 illa
1745 2252 1795 2280 ad-

177 2299 262 2331 dicit,
282 2307 334 2325 non
351 2299 431 2326 istum
454 2294 498 2334 qui
525 2299 640 2330 videtur,
660 2299 706 2326 sed
733 2299 814 2326 alium
838 2301 961 2335 superio-

178 2351 245 2371 rem.
262 2342 387 2371 Seeundo
402 2344 473 2371 enim
498 2344 541 2371 die
566 2343 681 2371 edicitur
705 2344 754 2372 iste
777 2346 822 2380 qui
841 2347 960 2379 videtur,

178 2396 205 2417 et
220 2390 375 2417 nominatur
393 2389 599 2418 ﬁrmamentum.
620 2390 736 2418 Tantum
760 2393 830 2419 enim
845 2393 961 2421 honora-

177 2436 257 2463 bilinr
270 2441 297 2463 et
323 2436 374 2463 iste
387 2444 400 2462 a
416 2441 485 2463 terra
507 2442 547 2463 est
560 2456 567 2468 ,
585 2442 713 2471 quantum
728 2442 756 2465 et
777 2439 863 2473 spatio
879 2440 960 2466 distat

176 2481 372 2517 superpositus.
386 2482 418 2508 Et
432 2489 484 2508 tton
501 2483 561 2516 quia
583 2487 638 2510 toto
660 2484 702 2510 die
718 2485 857 2518 praecessit
887 2491 959 2512 terra

177 2528 259 2556 istum
280 2528 326 2563 qui
342 2528 444 2555 videtur
456 2529 565 2560 cmlunt,
579 2529 633 2562 jam
649 2533 675 2556 et
696 2530 796 2557 honore
813 2530 898 2564 prima
913 2539 960 2565 pu-

178 2575 288 2602 tabitur.
303 2575 341 2602 Ita
359 2575 488 2610 ﬁguretur
511 2574 585 2607 prius
603 2583 713 2609 corpus,
726 2580 752 2603 et
767 2581 826 2610 post
844 2578 890 2603 Iiat
902 2578 959 2605 ani-

177 2630 231 2654 ma,
247 2626 272 2648 et
288 2621 365 2648 nobis
381 2625 504 2647 servetur
517 2620 645 2655 dignitas.
663 2620 762 2648 Factus
777 2622 858 2656 igitur
879 2623 960 2651 homo

175 2673 216 2694 cst
229 2689 235 2699 ,
254 2667 291 2693 ita
307 2667 378 2693 enim
392 2666 512 2693 nominat
530 2665 598 2693 Deus
611 2666 673 2693 dum
692 2666 765 2693 dicit.
783 2666 817 2693 Et
838 2667 960 2701 ﬁguravit

177 2713 246 2740 Deus
263 2714 404 2744 hominem,
422 2713 515 2739 limum
529 2722 544 2740 α
562 2717 632 2739 terra
644 2713 772 2747 accipiens
783 2713 816 2739 “.
843 2713 959 2740 Necdum

174 2764 234 2786 erat
250 2763 321 2786 totus
338 2759 417 2786 ltomo
434 2768 440 2785 :
456 2759 502 2786 sed
520 2759 541 2785 si
560 2758 629 2786 forte
649 2758 736 2793 imago
752 2754 877 2791 hominis,
894 2760 959 2787 inta-

212 2817 233 2833 "
253 2817 320 2844 Gen.
349 2825 378 2848 tt,
400 2816 424 2842 Τ.
463 2816 485 2831 ⁵³
510 2816 577 2843 Gen.
604 2824 623 2848 ι,
649 2817 674 2843 1.

213 2895 267 2931 159)
284 2895 374 2928 Forte,
390 2894 571 2926 Variﬁcutum.
584 2900 611 2923 ut
624 2903 703 2931 supra
719 2896 770 2925 col.
790 2895 855 2926 "-31
875 2895 905 2924 Β.

713 2816 734 2832 ⁸¹
750 2816 817 2844 Gen.
831 2825 861 2849 ti,
877 2817 902 2843 7.
940 2817 962 2833 "
977 2817 1041 2844 ibid.

1014 2303 1124 2335 duntur,
1142 2302 1203 2336 quia
1221 2302 1321 2329 habent
1342 2306 1371 2328 ut
1386 2301 1555 2336 germinent,
1575 2304 1603 2325 ut
1627 2298 1795 2333 procedant,

1014 2354 1044 2375 ut
1063 2353 1209 2380 crescant,
1235 2352 1265 2374 ut
1289 2352 1443 2381 pascantur.
1461 2344 1628 2372 Animalibus
1652 2347 1740 2370 autem
1768 2342 1795 2369 id

1013 2394 1085 2423 inest
1095 2395 1166 2429 quod
1182 2395 1263 2424 inest.
1277 2394 1326 2421 hoc
1339 2398 1381 2420 est
1400 2398 1429 2419 ut
1453 2395 1605 2423 nascantur,
1620 2395 1646 2417 et
1658 2395 1794 2421 crescant,

1012 2447 1039 2469 ct
1054 2446 1208 2476 pascantur.
1225 2441 1320 2468 .inucta
1334 2445 1422 2467 autem
1435 2438 1531 2466 iisdem
1544 2442 1585 2465 est
1602 2442 1628 2464 et
1645 2437 1794 2471 proprieta-

1014 2490 1048 2515 tis
1062 2488 1270 2516 additamentum
1282 2483 1452 2516 sensibilitas.
1465 2484 1512 2511 Est
1521 2489 1609 2511 autem
1622 2483 1673 2510 hoc
1686 2482 1712 2509 in
1728 2482 1796 2517 lapi-

1014 2533 1091 2560 dibus
1113 2538 1142 2560 ut
1155 2534 1217 2565 sint,
1234 2532 1279 2559 sed
1297 2539 1347 2558 non
1367 2531 1436 2557 inest
1455 2530 1495 2556 cis
1509 2534 1538 2556 ut
1554 2532 1688 2560 crescant,
1706 2532 1733 2555 et
1748 2527 1796 2554 ad-

1015 2579 1162 2606 ditamenta
1179 2582 1297 2609 sumant,
1313 2577 1382 2610 quod
1395 2580 1435 2603 est
1451 2576 1476 2602 in
1489 2574 1648 2602 animalibus
1660 2573 1795 2601 omnibus.

1014 2623 1079 2651 Esse
1096 2628 1185 2651 autem
1204 2623 1274 2650 inest
1285 2622 1358 2649 saxis
1373 2627 1401 2649 et
1424 2626 1522 2649 terrae:
1541 2621 1691 2655 germinare
1703 2623 1792 2645 autem

1013 2674 1040 2696 et
1056 2675 1190 2700 crescere,
1210 2673 1237 2696 et
1252 2668 1355 2703 augeri,
1377 2668 1446 2703 quod
1460 2672 1519 2694 erat
1536 2667 1673 2697 arborum,
1691 2672 1742 2692 non
1754 2668 1795 2692 est

1013 2715 1039 2741 in
1054 2715 1104 2742 eis.
1122 2714 1340 2741 Additamentum
1359 2719 1447 2740 autem
1468 2719 1561 2739 eorum
1576 2715 1726 2747 separatum
1754 2714 1796 2737 est

1015 2760 1181 2787 seusibilitas
1194 2779 1200 2791 .
1214 2764 1306 2794 utpote
1318 2767 1388 2786 una:
1405 2759 1431 2786 itt
1445 2758 1606 2786 animalibus
1625 2756 1749 2785 habetur.
1767 2755 1796 2783 in

1081 2817 1104 2832 "
1119 2817 1182 2844 ibid.

1052 2895 1109 2931 ($0)
1123 2894 1155 2922 EI
1171 2894 1240 2930 jam.
1260 2893 1301 2922 An
1319 2893 1421 2922 etiam?
