2024 3208
251 200 321 228 “59

589 198 722 228 EUSEBII
741 199 979 227 CAESARIENSIS
997 198 1073 226 OPP.
1095 198 1183 226 PARS
1203 199 1246 226 IV.
1266 215 1300 219 ——
1321 198 1532 227 DOGMATICA.

1801 199 1868 226 ιιιο

252 258 330 286 nobis
355 261 442 285 autem
466 257 556 284 omnia
579 265 640 292 qua:
663 258 791 292 praedicta
807 263 869 285 sunt
893 258 1035 286 habemur.
1053 259 1074 286 Α
1090 257 1188 292 perilua
1203 266 1209 290 ;
1228 259 1274 285 sed
1288 263 1389 285 tantum
1402 258 1491 285 anima
1509 264 1621 292 corpore
1638 257 1733 285 fortior
1748 259 1868 292 est,quia

251 304 379 331 Additum
406 308 495 330 autem
514 303 590 330 nobis
606 308 648 330 est
668 304 738 338 quod
763 309 885 331 nostrum
910 308 952 331 est
976 311 1038 338 pro-

254 350 353 383 prium,
366 353 392 376 et
403 349 473 384 quod
488 349 564 376 uobis
580 349 706 382 provenit
719 369 726 381 ,
749 353 779 376 ut
793 350 917 376 deorsum
929 350 1036 384 quidem

253 396 403 422 habeamus
417 395 506 422 omnia
524 402 583 429 quae
596 395 694 422 habent
708 402 739 422 ea
753 402 812 429 quae
828 396 878 421 sub
896 403 944 422 nos
955 400 1036 426 sunt;

254 442 422 468 extrinsecus
432 446 519 468 autem
532 445 653 467 nostrum
677 441 747 475 quod
765 446 806 468 est
822 441 960 476 proprium
972 461 980 473 ,
1003 442 1038 469 sit

255 488 282 514 in
300 486 376 513 nobis
391 486 524 520 cogitatus
547 490 574 512 et
590 493 698 512 sensus.
720 486 819 513 lterum
845 494 875 513 ea
894 494 954 521 qua:
979 491 1039 521 post

253 539 303 559 nos
317 536 396 564 sunt,
416 531 506 557 statim
527 530 723 557 irrationabilia
739 531 865 558 auitnalia
888 532 1006 566 cogitatu
1023 539 1036 558 a

253 578 331 605 nobis
347 578 536 611 relinquuntur
549 582 577 604 et
598 584 691 604 sensu.
709 576 816 604 Habent
832 581 921 604 autem
936 578 1036 610 omnia,

253 631 420 658 quaecunque
435 623 543 657 habent,
560 623 677 650 minora.
688 623 742 650 Illis
753 625 824 650 enim
839 629 866 650 et
878 624 949 658 quod
961 632 1037 651 suum

253 674 296 697 cst
315 670 404 702 inest,
423 670 591 697 scnsibilitas
618 669 731 696 scilicet.
747 669 845 696 lterum
872 670 983 696 arbores
1012 674 1039 697 et

253 714 351 748 plantas
366 715 556 749 relinquuntur
577 715 684 750 quidem
701 722 716 741 a
739 716 856 750 cogitatu
874 720 978 747 nostro,
997 723 1039 742 re-

254 760 411 794 linquuntur
434 765 524 787 autem
540 764 567 787 et
583 768 598 786 a
612 760 792 787 sensibilitate
805 761 971 787 animalium.
986 760 1039 787 Ha-

253 806 318 833 bent
340 811 428 833 autem
452 813 500 833 sua
530 806 724 841 proprietatem
749 806 891 834 adversum
921 814 986 833 saxa
1012 811 1039 834 et

254 855 366 882 terram,
386 850 611 885 germinationetn
635 851 741 878 scilicet
752 856 776 878 et
797 855 994 886 augmentum,
1012 855 1039 877 et

253 896 471 927 crescibilitatem
493 901 521 924 et
537 905 639 925 escam.
662 897 717 925 ch
737 904 839 930 autem.
857 903 884 925 et
904 906 964 932 qua:
990 905 1037 932 pu-

254 947 347 972 tantur
367 942 524 975 l'ortissiuta,
548 948 642 978 petras.
667 944 790 978 inquam,
817 950 845 971 et
859 949 936 971 terrm
951 964 959 975 ,
988 943 1039 970 hoc

255 988 342 1023 ipSum
353 992 416 1016 sunt
427 995 542 1022 corpus;
556 996 610 1016 non
623 989 816 1024 producuntur,
825 997 876 1016 non
895 993 1020 1016 crescunt
1031 997 1038 1015 :

254 1034 279 1062 si
290 1034 362 1062 enim
378 1039 404 1061 et
418 1039 555 1066 crescunt.
567 1035 602 1060 ita
617 1041 742 1062 crescunt
756 1040 784 1061 ut
802 1042 850 1062 nee
865 1035 965 1062 sciatur
978 1034 1040 1069 quia

255 1083 391 1108 crescunt.
406 1078 453 1108 llis
466 1080 501 1107 ita
516 1087 531 1106 a
547 1080 671 1108 deorsum
684 1087 769 1114 usque
783 1088 900 1114 sursum,
911 1085 938 1108 et
957 1087 971 1106 a
985 1087 1042 1107 sur-

255 1133 316 1154 sum
341 1132 427 1160 usque
442 1126 568 1153 deorsum
597 1125 751 1160 separatis,
774 1133 952 1160 agnoscamus
977 1125 1040 1160 quia

256 1178 307 1200 nos
317 1171 424 1206 quidem
441 1179 534 1199 sumus
553 1172 581 1198 in
598 1179 741 1199 commune
752 1191 759 1204 ,
775 1172 846 1198 sicut
869 1177 896 1198 et
915 1176 985 1198 terra
1014 1176 1042 1198 ct

256 1217 358 1252 lapides
373 1218 596 1246 :cuextenditnur
620 1222 709 1245 autem
726 1221 753 1245 et
770 1217 869 1252 plantis
893 1222 921 1244 ct
935 1217 1040 1245 arbori-

257 1265 317 1291 bus.
336 1264 471 1292 Habemus
490 1264 562 1292 enim
584 1269 614 1291 ut
636 1269 663 1292 et
681 1271 824 1292 nascanmr
837 1268 865 1291 ct
887 1271 1041 1291 crescamus

258 1315 286 1337 et
309 1317 463 1345 pascamur.
479 1309 707 1340 Transeeudimus
720 1314 808 1337 autem
826 1314 853 1336 et
869 1309 1041 1336 irrationabi-

256 1355 292 1383 lia
308 1355 436 1383 animalia
457 1363 520 1388 cum
535 1355 724 1383 sensibilitate.
748 1355 925 1382 Transilimus
958 1354 1040 1381 etiam

256 1407 284 1428 et
297 1402 332 1429 ab
346 1402 389 1429 bis
404 1410 412 1429 :
431 1401 562 1428 habentes
579 1400 650 1435 (μιρὰ
672 1405 714 1427 est
731 1400 905 1434 pmcipuum,
922 1400 1041 1426 rationa-

256 1446 320 1474 bilis
332 1446 432 1481 quippe
444 1446 506 1473 vitae
521 1445 677 1480 cogitatum.
694 1445 765 1472 Nihil
783 1450 872 1472 autem
889 1444 1042 1478 praescribi-

257 1496 329 1519 tura
342 1491 547 1523 communibus.
563 1495 592 1518 ut
612 1495 685 1525 puta,
701 1491 723 1518 si
742 1490 802 1524 quis
825 1490 939 1517 voluerit
952 1489 1040 1516 homi-

258 1545 318 1566 nem
344 1537 460 1572 aliquem
479 1545 607 1572 separare
625 1538 658 1564 ab
676 1537 762 1564 altero
777 1556 785 1569 ,
807 1544 859 1563 nou
874 1537 952 1563 debet
967 1537 1040 1564 diee-

258 1591 310 1611 re:
326 1584 372 1611 llle
388 1583 433 1618 qui
454 1584 522 1611 duos
534 1583 626 1610 oculus
642 1583 722 1610 habet
735 1587 781 1609 aut
793 1583 861 1609 duas
876 1589 971 1613 aures;
995 1590 1040 1609 ne-

258 1637 311 1663 que
327 1630 373 1657 illa
387 1637 448 1664 qua:
470 1628 497 1656 in
513 1636 655 1656 commune
670 1633 733 1656 sunt
753 1634 780 1655 ct
802 1629 864 1656 aliis
877 1649 884 1659 ,
907 1629 954 1656 sed
971 1628 1042 1656 illius

259 1674 376 1706 hominis
395 1675 466 1710 quod
485 1679 526 1702 est
541 1675 705 1710 praecipuum
723 1675 757 1701 ad
776 1674 951 1708 agnitionem.
976 1674 1043 1701 Esse

258 1721 330 1748 enim
345 1728 397 1748 non
413 1720 489 1751 nobis
503 1721 568 1748 solis
580 1724 622 1750 est
634 1740 641 1752 ,
667 1725 695 1746 et
714 1720 867 1754 germinare
881 1728 932 1746 non
953 1720 979 1746 iu
993 1726 1044 1746 uo-

258 1765 302 1794 bis
315 1771 357 1793 est
381 1769 485 1793 tantutu
499 1785 507 1797 ,
524 1770 551 1792 et
577 1765 741 1792 manducare
765 1773 817 1792 non
838 1765 978 1792 hominutn
999 1772 1043 1792 so-

259 1809 407 1842 lummodo,
429 1814 457 1837 et
471 1816 596 1838 crescere
610 1817 662 1837 non
678 1815 801 1837 nostrum
815 1815 857 1838 est
875 1815 992 1842 tantum,
1016 1814 1045 1837 et

260 1854 487 1887 sensibilitatihus
507 1854 545 1881 uti
569 1862 622 1881 non
650 1858 772 1881 nostrum
797 1858 840 1880 est
865 1852 967 1886 solum;
996 1852 1043 1880 sed

261 1901 372 1934 quando
387 1908 435 1928 nos
451 1905 478 1928 et
493 1900 548 1932 ubi,
566 1900 594 1926 in
609 1907 745 1930 sermone,
762 1899 789 1926 in
809 1899 941 1933 cogitatu,
955 1898 981 1925 in
997 1905 1042 1925 ra-

259 1945 383 1973 tionabili
398 1946 452 1972 vita
464 1965 473 1979 ,
499 1946 551 1973 hoc
565 1945 646 1979 homo
660 1949 712 1977 est,
738 1944 796 1972 lucc
809 1944 898 1978 imago
909 1964 916 1976 ,
931 1944 982 1971 hoc
1004 1947 1045 1970 cst

261 1992 409 2022 secundum
426 1991 571 2026 imaginem
584 2011 591 2022 .
612 1991 663 2018 hoc
676 1995 719 2017 est
743 1990 889 2025 pretiosum
905 2009 912 2021 .
930 1990 981 2016 hoc
998 1989 1046 2016 im-

262 2036 382 2071 periale,
396 2037 447 2064 hoc
460 2042 501 2065 est
516 2037 587 2071 quod
611 2040 684 2064 tenet
706 2043 754 2068 per
773 2036 903 2062 animam.
917 2034 969 2062 Per
990 2036 1047 2063 tuae

262 2083 419 2118 agnoscitur
445 2089 471 2111 et
497 2083 632 2118 pudicitize
660 2083 800 2110 honestas.
827 2082 860 2109 Et
884 2086 956 2110 certe
982 2090 1048 2111 caro

262 2129 412 2156 contrarias
427 2129 547 2164 suggerit
573 2129 707 2156 motiones
727 2137 733 2155 :
752 2133 850 2164 utpote
874 2127 1048 2156 irrationabi—

264 2174 330 2201 lium
345 2174 378 2201 ad
401 2174 661 2201 communicationes
690 2182 696 2201 :
722 2173 768 2201 sed
793 2174 891 2200 anima:
916 2174 1048 2208 cogitatus

261 2219 414 2254 gubernans
431 2219 567 2246 motiones
582 2218 864 2253 coucupiscentiarum
875 2238 883 2250 ,
904 2223 931 2245 et
944 2219 1048 2253 asperi-

1088 308 1115 330 et
1138 304 1244 339 corpori
1268 311 1411 331 mensuras
1437 305 1470 330 ad
1496 305 1609 331 salutem
1627 305 1710 339 ponit.
1730 304 1761 331 Et
1784 305 1870 338 primo

1088 348 1196 381 quidem
1213 350 1331 376 ostendit
1343 357 1403 383 qua:
1418 350 1514 377 debeat
1525 358 1639 382 sumere,
1653 355 1680 377 et
1696 358 1710 377 a
1731 351 1828 385 quibus
1842 358 1871 378 se

1088 394 1237 424 abstinere.
1252 397 1279 420 et
1289 401 1319 420 ea
1331 401 1390 428 quae
1403 394 1474 421 licita
1487 400 1550 422 sunt
1565 395 1740 426 manducare,
1753 396 1870 433 quando,

1088 445 1116 467 et
1133 445 1283 476 quantum.
1296 445 1323 467 et
1336 441 1436 474 quibus
1460 440 1533 467 horis
1546 460 1554 472 ,
1570 445 1597 467 et
1620 440 1683 474 quid
1698 440 1795 466 debeat
1810 445 1871 467 ante

1089 493 1178 514 escam
1195 487 1301 521 operari
1318 507 1326 519 ,
1351 491 1378 513 et
1403 485 1630 520 quemadmodum
1650 485 1751 512 moveri
1768 486 1872 513 deside:

1090 531 1157 558 rium
1170 539 1302 563 escarumI
1315 536 1342 558 et
1361 531 1587 565 quemadmodum
1605 538 1714 558 servare
1724 538 1814 558 escam
1827 531 1868 559 iu:

1089 584 1207 612 gressam
1218 599 1224 607 .
1239 582 1265 604 et
1279 578 1412 611 quomodo
1430 577 1543 604 reﬁcere
1558 581 1732 610 operantenta
1748 585 1754 603 :
1771 581 1799 604 ut
1819 585 1870 610 non

1089 630 1122 649 ex
1143 622 1290 649 abundanti
1317 622 1434 649 motione
1451 621 1572 648 confusio
1588 621 1633 648 fiat
1647 621 1705 654 ejus
1716 621 1759 653 qui
1776 622 1871 655 pascit.

1090 668 1123 694 Et
1148 668 1278 702 potuisset
1298 669 1390 702 utiqtte
1409 675 1507 702 corpus
1531 667 1667 701 corrumpi
1693 666 1743 694 nisi
1766 667 1874 694 adesset

1089 715 1191 746 anima,
1207 715 1365 748 permittens
1386 719 1517 748 qttauttlm
1537 713 1664 745 deberet,
1680 717 1707 740 et
1731 713 1873 740 continens

1089 763 1218 794 quantum
1235 763 1381 793 oporteret.
1398 763 1426 785 et
1438 765 1597 785 mensurans
1609 762 1637 785 et
1658 757 1833 792 permiscens.
1844 761 1872 784 ει

1088 805 1213 832 rtatihus
1238 804 1411 838 semetipsam
1437 804 1598 834 extendens,
1618 807 1645 829 et
1672 803 1769 830 iterum
1799 802 1874 829 colli-

1089 857 1154 884 gens
1172 857 1225 876 nou
1242 849 1428 883 magnitudine
1441 848 1501 876 dico
1514 867 1521 881 ,
1533 849 1580 875 sed
1595 848 1740 875 mensuris.
1763 847 1874 881 Quoties

1090 896 1162 922 enim
1180 896 1308 922 irascitur
1319 901 1418 929 corpus
1429 895 1491 929 quia
1505 894 1634 920 derelicta
1652 899 1694 920 est
1707 901 1768 921 esca
1791 901 1873 928 quam

1056 931 1075 958 Β
1091 940 1204 966 libenter
1220 940 1353 971 sumebat,
1375 943 1401 965 et
1417 938 1511 965 iterum
1532 938 1650 970 volebat,
1668 943 1694 965 et
1712 946 1763 964 non
1780 938 1876 972 permie

1056 1599 1077 1627 ς

1091 986 1126 1012 sit
1140 985 1236 1011 anima:
1252 984 1385 1018 cogitatus
1399 986 1409 1010 ἵ
1429 984 1539 1016 Quoties
1557 991 1670 1010 accensa
1685 989 1726 1010 est
1741 984 1871 1018 concupi-

1091 1031 1206 1061 scentia.
1218 1036 1245 1056 et
1259 1030 1340 1056 voluit
1354 1037 1414 1057 esse
1433 1037 1480 1056 sua
1497 1029 1598 1060 aliena,
1611 1034 1637 1055 et
1653 1037 1765 1056 accensa
1779 1035 1830 1060 est.
1847 1033 1877 1057 et

1092 1076 1156 1102 arsit
1174 1075 1306 1102 llatnma?
1329 1076 1375 1102 sed
1399 1083 1494 1103 sensus
1510 1083 1605 1102 rorans
1625 1076 1755 1102 exstinxit
1779 1076 1876 1102 motio-

1092 1130 1164 1153 nem.
1177 1127 1204 1149 et
1218 1123 1362 1149 marci-lam
1381 1122 1514 1155 ﬂammam
1536 1121 1637 1154 eifecit,
1651 1127 1677 1149 et
1690 1122 1807 1149 ostendit
1826 1123 1876 1149 ho-

1092 1169 1157 1195 mini
1181 1168 1285 1195 ratione
1309 1169 1373 1203 quia
1389 1169 1471 1196 bonto
1487 1172 1540 1200 est,
1563 1173 1591 1195 et
1615 1176 1668 1196 ttou
1688 1168 1876 1195 irrationabile

1092 1221 1183 1248 pecus.
1195 1212 1254 1240 Non
1265 1221 1358 1241 sumus
1369 1214 1440 1242 inter
1451 1222 1546 1249 greges
1560 1214 1593 1241 ad
1606 1214 1876 1249 comiuuuieationes,

1092 1259 1140 1286 sed
1154 1259 1253 1293 nuptim
1266 1259 1337 1293 apud
1361 1266 1419 1291 nos,
1438 1265 1465 1287 et
1482 1260 1507 1286 in
1519 1258 1645 1294 domibus
1659 1279 1666 1290 ,
1682 1265 1708 1286 et
1729 1258 1877 1285 successio-

1093 1312 1141 1331 nes
1153 1310 1179 1332 et
1189 1305 1362 1339 cognationes
1374 1305 1516 1332 habentur.
1528 1305 1713 1339 Compatimur
1723 1305 1796 1339 enim
1809 1304 1877 1331 alter

1095 1351 1184 1382 alteri.
1201 1357 1228 1377 et
1242 1351 1454 1386 congaudemus.
1475 1343 1614 1385 Cogitatus
1628 1351 1699 1378 enim
1726 1350 1876 1384 eonjungit,

1093 1403 1119 1423 et
1135 1402 1266 1431 separatae
1281 1397 1379 1430 nuptiae
1393 1397 1463 1431 apttd
1478 1404 1527 1424 nos
1550 1401 1623 1424 sunt.
1647 1396 1788 1430 Scparavit
1802 1397 1875 1432 enim

1094 1442 1145 1469 hoc
1159 1442 1229 1469 ratio
1244 1449 1340 1469 sensus
1354 1451 1361 1468 :
1377 1447 1404 1469 et
1419 1442 1489 1476 quod
1508 1446 1550 1469 est
1560 1436 1728 1475 admirabile,
1743 1449 1803 1476 quae
1823 1449 1876 1469 non

1093 1491 1135 1514 est
1154 1487 1213 1514 visa
1229 1487 1253 1514 ei
1277 1487 1322 1522 qui
1345 1495 1398 1514 non
1421 1492 1463 1515 est
1478 1488 1552 1515 visus
1564 1507 1571 1519 ,
1586 1492 1632 1514 aut
1647 1487 1710 1514 alibi
1728 1482 1826 1514 nutrita
1850 1487 1875 1514 ei

1102 1533 1146 1568 qui
1163 1533 1224 1560 alibi
1237 1537 1278 1560 est
1290 1534 1430 1566 educatus,
1447 1533 1537 1561 subito
1554 1533 1650 1560 tradita
1667 1533 1811 1566 conjuncta
1835 1539 1876 1559 est

1095 1579 1201 1606 ratione
1216 1584 1243 1606 et
1267 1587 1348 1606 sensu
1364 1584 1391 1606 et
1416 1579 1545 1613 cogitatu,
1560 1583 1588 1606 et
1613 1578 1815 1613 pnehonoratus
1836 1583 1876 1604 cst

1094 1626 1140 1661 qui
1165 1626 1270 1661 accepit
1294 1630 1320 1653 et
1338 1626 1408 1660 patri
1434 1625 1552 1657 dilecto,
1577 1630 1604 1652 et
1635 1625 1713 1651 matri
1731 1624 1835 1656 amicae,
1849 1628 1876 1657 et

1093 1672 1168 1699 omni
1191 1671 1358 1706 cognatioui.
1380 1670 1438 1698 Non
1466 1671 1536 1698 enim
1562 1670 1626 1697 mihi
1645 1677 1716 1696 nunc
1733 1670 1876 1699 inducatur

1095 1725 1187 1745 eorum
1212 1717 1258 1751 qui
1272 1717 1424 1744 adulterant
1445 1724 1585 1744 nummum
1608 1716 1685 1750 (ll):
1705 1716 1767 1749 quia
1786 1723 1837 1742 nec
1861 1723 1877 1743 a

1095 1762 1174 1790 czecis
1185 1762 1341 1797 agnoscitur
1359 1761 1428 1789 oculi
1453 1761 1548 1794 virtus,
1563 1769 1650 1796 neque
1664 1769 1678 1788 a
1691 1761 1794 1788 claudis
1818 1769 1876 1788 am-

1095 1807 1199 1835 bulatio
1214 1812 1285 1835 recta
1300 1827 1308 1840 ,
1335 1814 1422 1841 neque
1438 1807 1471 1834 ab
1492 1807 1620 1834 adulteris
1636 1807 1737 1834 nummi
1753 1807 1878 1842 {igitratio

1095 1860 1168 1880 vera.
1184 1853 1237 1879 Sed
1254 1852 1353 1887 nuptia:
1368 1853 1540 1886 sintuuptiac,
1555 1860 1614 1887 qua:
1627 1852 1750 1879 terminis
1766 1852 1878 1887 rationis

1096 1907 1110 1925 a
1136 1898 1253 1932 cogitatu
1284 1903 1349 1924 sunt
1369 1898 1517 1925 honorata.
1534 1897 1592 1925 Duo
1614 1898 1685 1926 enim
1703 1898 1878 1935 ﬁuntunum,

1097 1944 1160 1978 quia
1174 1951 1206 1970 ex
1221 1951 1274 1970 uno
1288 1943 1351 1970 facti
1368 1948 1432 1970 sunt
1449 1943 1483 1971 ab
1495 1943 1572 1970 initio
1585 1944 1648 1970 duo.
1663 1943 1695 1970 Et
1706 1944 1768 1978 quis
1780 1944 1880 1978 poterit

1098 1989 1227 2017 exhibere
1239 1996 1332 2016 eorum
1348 1989 1394 2024 qui
1405 1989 1545 2016 salvantur
1560 1989 1684 2024 ﬁguram,
1698 1989 1879 2024 pulchritudi-

1097 2043 1159 2063 nem
1174 2055 1181 2067 ,
1206 2036 1425 2070 spcriositatem,
1449 2036 1548 2071 quibus
1574 2036 1702 2064 tristities
1728 2036 1879 2065 consolatio

1098 2086 1140 2109 est
1154 2081 1165 2109 εἰ
1179 2082 1332 2116 partiuntur
1345 2082 1428 2113 enim,
1440 2088 1467 2109 et
1485 2082 1644 2109 alterutrqu
1661 2090 1742 2111 onera
1761 2088 1878 2121 portant,

1097 2131 1126 2154 et
1137 2127 1205 2154 alius
1222 2135 1271 2162 pro
1287 2127 1339 2154 alio
1351 2127 1482 2155 sollicitus
1497 2133 1549 2159 est.
1574 2134 1604 2155 ut
1625 2137 1676 2155 nou
1692 2129 1814 2156 tristetur
1831 2137 1879 2156 nec

1099 2174 1198 2206 doleat,
1220 2181 1262 2205 ne.
1280 2174 1302 2200 si
1327 2181 1379 2200 ttou
1395 2174 1485 2200 videat
1503 2175 1617 2207 tristem,
1633 2175 1730 2202 iterum
1748 2175 1878 2202 lristetur.

1101 2221 1154 2247 Aut
1166 2221 1238 2247 enim
1251 2221 1383 2254 ﬁguratur
1394 2220 1541 2254 tristitiam,
1557 2225 1603 2247 aut
1617 2220 1701 2255 pellit.
1709 2221 1777 2248 Cum
1791 2227 1879 2248 autent

262 2270 344 2295 latent
371 2264 512 2292 libidinutu
542 2271 657 2299 rogenS.
680 2263 803 2294 ostendit
824 2264 887 2298 quia
915 2264 1003 2290 anima
1029 2271 1044 2290 ξι
1061 2269 1083 2296 D
1100 2266 1245 2294 incurrerit
1270 2266 1376 2301 aliquod
1400 2267 1527 2301 gaudium
1551 2272 1597 2294 aut
1619 2268 1759 2300 laetitiam,
1779 2267 1882 2298 videbis

262 2318 375 2346 corpore
389 2315 513 2345 separata
529 2315 581 2338 est.
594 2309 622 2336 Si
639 2309 710 2337 enim
726 2315 825 2343 corpus
844 2309 978 2341 turbatur,
992 2317 1045 2336 mo-

262 2363 351 2389 vetur,
369 2356 514 2384 ﬂuctuatur
535 2363 550 2382 a
576 2354 803 2389 cuncupisceutiis
816 2374 824 2387 ,
842 2354 931 2381 anima
956 2360 1045 2382 autem

262 2403 393 2438 gubernat
410 2411 417 2429 :
432 2409 529 2437 corpus
546 2401 666 2429 exsultat
681 2401 752 2428 escis
766 2421 774 2435 ,
789 2401 879 2428 anima
895 2406 983 2429 autent
1001 2409 1047 2429 co-

261 2449 346 2484 gitatu
364 2449 484 2477 refrenat
499 2455 598 2482 corpus
615 2456 622 2474 :
638 2455 737 2482 corpus
750 2447 853 2482 expetit
866 2454 976 2481 escam;
989 2456 1048 2476 eva~

262 2499 359 2529 cuatur
371 2495 455 2527 cnim,
472 2499 498 2522 et
521 2495 578 2521 vult
595 2495 691 2522 iterum
708 2494 846 2529 adimpleri
863 2504 869 2522 :
888 2495 978 2522 anitna
1001 2504 1048 2522 au-

263 2545 316 2568 tern
328 2542 378 2568 sub
392 2548 440 2575 spe
463 2541 648 2576 religiositatis
663 2541 762 2568 retinet
785 2541 949 2569 desiderium
966 2551 973 2568 :
988 2550 1050 2569 cor-

265 2594 315 2621 pus
327 2587 404 2619 sitit;
417 2587 506 2614 anima
533 2592 673 2614 mensurat
691 2588 762 2621 quod
779 2588 803 2614 ei
821 2591 864 2615 est
878 2588 943 2615 utile
961 2597 968 2615 :
987 2596 1048 2615 cor-

266 2641 315 2666 pus
327 2637 417 2659 movet
433 2633 542 2665 ﬂuctus,
555 2633 645 2659 anima
660 2639 750 2659 autem
768 2633 992 2668 tranquillitatem
1007 2634 1051 2659 atl-

265 2679 350 2705 ducit.
365 2678 469 2713 Corpus
482 2678 538 2705 sola
550 2686 610 2712 qua:
624 2683 687 2705 sunt
704 2679 812 2712 qurcrit,
826 2682 853 2705 et
866 2686 919 2705 nou
933 2686 991 2713 qua:
1002 2687 1049 2705 sua

265 2729 328 2750 sunt
342 2728 454 2753 tantum.
465 2725 513 2751 sed
530 2728 557 2751 et
572 2731 652 2758 supra
667 2731 698 2750 ea
712 2732 772 2758 quae
788 2732 836 2751 sua
848 2729 921 2751 sunt.
937 2724 964 2750 Si
977 2725 1049 2751 enim

267 2777 320 2796 non
351 2770 457 2798 adesset
484 2770 573 2797 anima
600 2778 779 2802 mensurans,
805 2774 897 2805 posset
923 2770 1051 2798 aviditate

263 2823 386 2843 escarum
394 2823 492 2849 corpus
504 2816 650 2851 corrumpi,
662 2821 689 2843 et
699 2824 713 2842 a
731 2816 869 2850 potatione
880 2823 991 2852 crepare
1003 2824 1047 2844 su~

301 2905 356 2942 (lit)
369 2905 418 2933 Ms.
434 2905 477 2940 qui
490 2906 639 2932 adulteram
660 2913 791 2933 nummus.

1100 2312 1150 2338 ista
1166 2311 1295 2347 duplicia.
1312 2311 1389 2339 Sicut
1404 2313 1475 2340 cuitu
1491 2313 1693 2347 compatiuntur
1707 2313 1759 2341 sibi
1775 2313 1801 2340 in
1813 2313 1881 2340 mul-

1100 2358 1153 2390 tis,
1169 2358 1204 2384 ita
1222 2362 1249 2384 et
1264 2357 1440 2385 collaatautur.
1459 2357 1598 2393 Cogitatus
1623 2358 1713 2393 itaque
1726 2359 1806 2386 etiam
1824 2358 1880 2386 {or-

1101 2404 1205 2432 tissima
1224 2404 1301 2430 nobis
1317 2404 1442 2430 animalia
1455 2404 1577 2439 subjecit.
1587 2404 1797 2439 Comprehendit
1810 2405 1881 2438 enim

1100 2455 1127 2477 et
1139 2449 1253 2482 velocia,
1272 2453 1298 2476 et
1316 2452 1393 2477 tarda
1409 2451 1512 2477 domuit
1527 2455 1554 2477 et
1568 2450 1694 2484 subjecit.
1710 2450 1882 2478 Descendens

1101 2499 1190 2522 autem
1210 2495 1236 2522 iu
1249 2502 1336 2527 mare.
1350 2496 1502 2522 necessaria
1517 2496 1593 2523 nobis
1613 2497 1646 2523 ad
1663 2504 1740 2523 usum
1765 2497 1859 2524 eduxit
1873 2505 1882 2530 ς

1101 2545 1129 2568 et
1145 2543 1178 2568 ad
1203 2548 1294 2569 aerem
1320 2542 1479 2576 perveniens
1493 2561 1500 2574 ,
1517 2542 1577 2569 inde
1594 2549 1624 2569 ea
1640 2549 1699 2576 qua:
1713 2542 1834 2570 videmus
1856 2546 1884 2570 et

1103 2587 1297 2614 manducamus
1313 2587 1447 2622 deposuit.
1464 2587 1603 2622 Deeerpsit
1618 2589 1699 2615 etiam
1722 2588 1756 2614 ab
1779 2589 1883 2615 arbori-

1101 2633 1152 2660 bus
1163 2638 1189 2660 et
1202 2632 1310 2667 plantis,
1325 2637 1352 2660 et
1361 2642 1376 2660 a
1386 2638 1456 2660 terra
1466 2638 1493 2661 et
1506 2634 1538 2660 ah
1551 2633 1713 2662 animalibus
1722 2634 1882 2668 necessaria,

1104 2684 1131 2706 et
1145 2680 1260 2714 partitus
1271 2685 1323 2712 est,
1333 2684 1360 2707 et
1372 2680 1460 2707 omnia
1472 2680 1548 2708 nobis
1560 2681 1593 2707 oh
1603 2689 1684 2707 unam
1697 2688 1793 2708 sensus
1801 2682 1883 2707 ratio-

1104 2732 1166 2753 nem
1176 2727 1288 2760 paravit.
1299 2726 1404 2753 Nullum
1416 2727 1488 2754 enim
1502 2727 1600 2754 animal
1614 2727 1650 2754 ita
1659 2732 1699 2754 est
1708 2727 1785 2758 forte,
1800 2731 1828 2752 ut
1839 2734 1884 2753 co-

1107 2772 1202 2805 gitatui
1224 2773 1259 2799 sit
1273 2773 1387 2800 fortior:
1404 2773 1538 2808 siquidem
1563 2781 1613 2800 nec
1633 2780 1718 2808 penna
1736 2773 1798 2800 huic
1812 2773 1883 2799 velo-

1105 2817 1163 2844 cior
1186 2818 1322 2846 invenitur
1337 2828 1344 2846 :
1361 2819 1408 2847 sed
1434 2825 1534 2854 quanta
1552 2820 1625 2847 carni
1644 2824 1741 2846 nostra:
1761 2820 1794 2852 ob
1811 2818 1885 2850 inlir-
