2024 3208
187 135 258 173 ειη

788 144 833 172 DE
853 143 1083 172 INCORPORALI
1102 142 1221 170 ANIMA.

1736 140 1804 168 1142

185 202 309 230 nitatem
335 201 430 230 deesse
448 201 582 233 videntur,
602 201 660 229 ltatc
684 202 795 230 fortiora
816 203 967 231 etlicinntur
982 205 1004 234 Α
1019 203 1093 230 dives
1106 203 1151 237 qui
1166 201 1268 229 creavit
1279 201 1358 232 Deus,
1368 204 1395 227 et
1407 199 1451 234 qui
1466 199 1560 232 dignus
1575 203 1615 231 σι
1626 185 1731 226 habitus
1742 206 1804 224 sen-

186 249 286 275 virtute
301 255 397 275 sensus
409 253 436 276 et
451 249 593 282 cogitatus.
611 248 666 275 Non
680 253 769 284 potest
790 255 880 276 nostra
895 250 967 285 aspi-

189 296 257 321 ratio
270 295 414 329 plurimum
431 295 550 322 contueri
573 295 598 321 itt
624 296 702 322 mari.
720 296 787 329 Quid
803 297 890 330 ergo?
906 304 968 323 num

186 340 292 374 aufugit
303 348 351 367 nos
367 348 440 367 mare
454 341 464 367 τ
489 340 581 367 Nonne
595 340 618 367 ei
637 340 694 375 (42)
710 341 792 368 maris
809 341 968 376 profundum

189 386 323 420 cogitatus
347 386 449 413 invenit
463 407 470 418 ,
484 391 514 413 ttt
542 395 613 414 nunc
628 387 736 422 quidem
756 387 832 414 funes
858 388 883 414 in
902 387 968 414 mari

192 433 348 467 deponeret,
367 441 437 460 nunc
454 434 520 460 retia
535 436 710 468 expanderet,
726 434 778 461 alio
791 439 878 462 autem
901 440 969 462 tem-

189 486 255 513 pore
278 478 330 505 alia
356 478 570 505 machinamenta
592 479 770 507 immitteret?
796 479 926 513 siquidem
943 483 970 505 et

188 531 237 559 per
250 531 350 551 cannas
377 525 409 550 ad
426 524 587 558 profundum
614 525 758 559 pervenit,
783 529 811 552 et
835 533 883 559 per
897 529 970 552 setas

188 573 325 603 operatur.
349 567 408 596 Jam
427 574 514 596 autent
530 574 557 596 et
573 570 734 602 margaritas
749 574 873 597 scrutans
896 570 970 596 inve-

190 616 238 647 nit,
251 621 278 643 et
295 615 436 649 spirationi
461 621 558 642 nostra!
574 616 696 649 deposuit
712 616 847 643 solatium.
863 615 896 642 Et
914 615 969 649 pri-

189 669 234 688 mo
248 661 367 695 quidem,
383 661 517 695 quomodo
536 661 666 688 intellexit
679 669 709 689 ea
730 670 787 696 qua:
802 663 826 688 iu
839 661 970 695 profundo

189 706 271 732 maris
286 711 348 733 sunt
366 707 452 741 posita
463 707 474 733 ‘!
486 711 513 733 et
524 707 584 733 dein
599 708 732 740 quomodo
747 708 829 741 cmpit
843 707 910 742 (45},
924 712 970 733 aut

189 752 297 785 agnovit
312 759 389 779 usum
407 759 510 784 eorum,
528 758 556 779 ιιι
572 754 692 788 quaedam
709 755 817 787 quidem
831 758 970 789 separaret

189 798 222 824 ad
233 805 336 829 escam,
352 799 474 832 qutedam
491 804 578 827 autem
605 801 762 827 reconderet
780 801 811 826 ad
826 800 969 831 medelam,

190 843 242 869 alia
257 843 368 877 eligeret
383 845 415 871 ad
436 849 558 871 ornatum
573 845 583 871 ?
604 846 709 872 Invenit
733 851 821 872 autem
837 851 863 872 et
878 846 928 872 iter
944 846 970 872 in

1022 256 1067 276 sus
1090 249 1135 274 tali
1156 247 1263 278 divitia,
1295 250 1323 272 ut
1344 246 1401 272 haec.
1422 245 1510 271 omnia
1537 248 1709 270 scrutaretur.
1736 243 1806 269 Vidit

1022 295 1092 321 eniut
1110 293 1241 327 cogitatus
1257 292 1282 318 in
1298 290 1389 318 sabulo
1401 289 1508 316 vitrum.
1524 288 1629 315 Intuere
1643 295 1706 322 ergo
1720 295 1806 322 quan-

1024 344 1079 366 ttnn
1094 339 1176 366 distat
1192 338 1326 371 cogitatus
1339 343 1355 363 a
1372 342 1494 370 corpore.
1514 334 1583 368 Quid
1599 334 1670 361 videt
1688 334 1780 361 oculus
1794 332 1807 359 τ

1023 384 1143 411 sabulum
1159 392 1167 410 :
1183 383 1247 418 quid
1259 382 1329 409 videt
1339 389 1432 408 sensus
1445 381 1456 406 ?
1467 381 1574 407 vitrum.
1591 379 1706 407 Intueris
1724 378 1805 405 alium

1022 435 1049 456 et
1063 429 1143 456 alium
1161 437 1168 455 :
1182 428 1226 455 ille
1245 429 1316 455 enim
1330 427 1402 453 videt
1418 425 1552 457 sabulum,
1564 425 1614 452 iste
1632 429 1719 451 autem
1735 423 1807 450 videt

1023 476 1132 507 vitruttt,
1150 475 1220 509 quod
1236 474 1348 500 necdum
1365 477 1414 499 est.
1434 471 1503 505 Ergo
1525 478 1576 498 non
1597 470 1691 498 oculus
1710 477 1805 504 corpo-

1024 521 1086 547 raiis
1101 520 1228 549 intuetur.
1246 518 1290 552 qui
1305 525 1354 544 ttcc
1366 517 1438 543 videt
1451 516 1499 542 nisi
1512 514 1629 542 adfuerit
1641 514 1739 541 anima.
1754 513 1807 541 Sed

1023 571 1050 593 et
1064 573 1125 592 cuin
1140 564 1245 591 videtur
1261 562 1445 595 videre,aliter
1455 561 1524 588 videt
1545 567 1642 595 corpus
1657 564 1685 586 et
1697 559 1807 586 oculus:

1023 616 1049 637 et
1067 614 1141 637 certe
1158 609 1247 636 anima
1260 607 1332 634 videt
1357 615 1404 641 per
1423 614 1505 633 eum:
1526 605 1603 633 aliter
1623 605 1742 632 intuetur
1762 612 1807 631 (ιο⁴

1024 658 1148 691 gitatusa
1168 655 1322 688 setnetipso.
1344 653 1401 680 Non
1419 652 1486 679 vidit
1505 658 1602 686 corpus
1621 655 1806 681 :eramentunt,

1025 710 1074 729 non
1086 702 1152 728 vidit
1166 707 1264 734 corpus
1276 700 1392 729 ferrum,
1408 698 1453 725 sed
1468 697 1535 731 lapis
1555 700 1612 723 erat
1628 700 1653 723 et
1665 700 1745 723 terra.
1757 695 1808 722 Co-

1024 749 1121 783 gitatns
1143 750 1230 773 autent
1250 744 1343 772 videns
1361 751 1420 778 quae
1433 750 1484 770 non
1500 741 1808 773 videbatttttr,:eslitnaus

1024 795 1086 829 qttid
1107 793 1227 820 tacturus
1240 795 1312 819 esset
1326 790 1435 826 ignis,si
1448 788 1633 816 contabulatas
1650 792 1727 813 terrm
1743 786 1809 813 fuis-

1024 844 1064 867 set
1081 839 1131 866 iste
1145 838 1274 873 (4.1).!non
1290 841 1377 863 tamen
1393 835 1482 867 omni;
1498 838 1523 861 et
1546 833 1581 860 illi
1602 832 1692 866 lapidi,
1714 836 1740 858 et
1758 839 1809 858 non

189 890 269 916 nutri.
284 890 425 924 Accipiens
443 891 514 917 enim
531 899 546 918 e
563 897 633 918 terra
657 892 782 924 arbores,
797 891 918 918 vehicula
946 891 971 917 in
988 882 1009 909 Β
1023 885 1106 913 omni.
1124 884 1252 917 Quaarens
1266 882 1337 909 ettim
1358 885 1532 908 atramentum
1548 884 1646 906 terram
1662 878 1810 912 accepit.ct

189 934 315 962 dorsibus
329 941 457 970 operatus
472 941 512 963 est
528 937 620 964 maris.
638 937 777 964 Generans
802 937 872 963 enint
899 940 971 963 artes

190 985 235 1006 aut
253 979 403 1014 suscipiens
416 1000 423 1010 ,
439 981 471 1007 ad
488 989 518 1007 ea
538 989 603 1008 usus
619 986 659 1007 cst
671 989 729 1015 qua:
749 981 862 1015 accepit,
883 986 910 1008 et
935 986 972 1008 te-

191 1031 278 1052 statur
300 1030 422 1052 creatura
445 1027 574 1060 sapientis
587 1034 634 1061 per
650 1027 739 1053 omnia
756 1026 812 1053 Dei.
828 1026 972 1060 Accipiens

189 1071 262 1097 enim
287 1078 381 1105 aquam
394 1076 421 1098 et
437 1072 523 1105 ignem
538 1076 565 1099 et
582 1077 681 1099 terram
702 1077 728 1099 et
744 1080 833 1099 aerem
849 1076 875 1098 et
892 1073 972 1099 arbo-

192 1124 235 1143 res
260 1121 287 1143 et
311 1124 384 1143 mare
410 1122 436 1144 ct
453 1117 540 1145 fontes
552 1123 580 1144 et
596 1123 700 1145 montes
713 1123 738 1145 et
758 1126 868 1152 campos
880 1139 886 1150 ,
906 1119 973 1146 nihil

191 1163 286 1189 borum
308 1163 343 1189 ita
357 1168 385 1189 ut
398 1164 629 1198 aceepitotiosum
652 1171 713 1191 esse
734 1164 866 1199 permisit.
888 1165 972 1191 Coac-

190 1213 300 1241 eeperat
315 1209 386 1235 enim
403 1209 532 1236 virtutem
556 1211 689 1244 cogitatus
714 1215 741 1236 et
768 1210 916 1244 sapientia“.
941 1210 974 1237 Et

192 1255 252 1280 ideo
265 1255 441 1282 considerans
456 1263 485 1283 ea
505 1263 563 1289 qua:
580 1256 677 1282 ittident
694 1262 772 1283 erant
786 1257 889 1283 occulta
901 1278 908 1289 ,
924 1257 973 1283 ba-

192 1301 249 1327 buit
264 1308 383 1333 sensum,
399 1302 462 1328 utei
482 1301 619 1328 adveniret
632 1306 658 1328 et
675 1308 834 1336 operaretur
845 1308 870 1329 et
885 1308 974 1329 utere-

193 1350 244 1371 tur.
263 1346 374 1381 Accepit
390 1348 462 1374 enini
477 1348 562 1383 ignem
574 1369 580 1379 ,
598 1354 625 1375 et
642 1349 744 1376 invenit
758 1350 885 1376 solatium
901 1355 974 1378 tene—

193 1391 249 1419 bris
260 1397 286 1419 et
297 1393 383 1420 noctis
398 1394 528 1421 obscurat.
544 1394 648 1422 Invenit
663 1395 798 1430 quomodo
820 1403 853 1422 ex
878 1395 973 1430 lapidi—

193 1438 243 1465 bus
259 1437 372 1465 edicitur
388 1440 488 1467 ferrum
507 1449 513 1467 :
533 1441 632 1468 invenit
657 1441 790 1475 quomodo
813 1447 883 1469 esset
906 1450 974 1469 aera-

195 1482 313 1510 tncntum
327 1492 342 1512 e
354 1489 435 1513 terra.
449 1485 552 1513 Invenit
568 1490 703 1521 quotttodo
717 1495 812 1514 aurum
836 1492 974 1522 purgatur,

194 1529 327 1575 quomodo
360 1537 500 1565 argentum
528 1532 644 1564 colatur,
673 1533 808 1567 quontodo
837 1534 1012 1575 plumbumc

194 1574 325 1602 t'UilﬂnlUr
339 1581 366 1603 et
393 1577 503 1609 l'errutn,
518 1583 545 1604 et
558 1577 692 1612 quomodo
704 1586 737 1605 ex
764 1579 805 1605 bis
822 1586 883 1605 vaszt
906 1578 975 1613 ﬁgu-

194 1625 297 1654 rantur,
316 1626 343 1649 et
366 1629 489 1649 vasorum
518 1623 635 1650 varietas
648 1642 656 1653 .
677 1628 704 1650 et
725 1631 783 1658 quas
806 1624 839 1650 ad
856 1624 975 1656 tutelam,

195 1673 253 1700 quae
267 1667 298 1693 ad
314 1667 456 1699 medelam,
482 1675 541 1702 qua:
566 1669 599 1695 ad
613 1670 797 1702 operationem
814 1673 901 1702 terrae,
918 1678 977 1704 qua:

195 1713 228 1737 ad
245 1713 453 1748 navigationem,
472 1722 532 1748 quae
555 1715 586 1741 ad
604 1720 715 1747 terrent,
728 1723 786 1750 quze
799 1716 832 1742 ad
849 1716 976 1749 lapidem,

196 1765 254 1790 qua:
270 1759 302 1784 ad
330 1758 410 1792 ligna,
432 1767 490 1794 qua:
511 1760 542 1786 ad
567 1767 663 1794 aquam
689 1766 751 1787 sunt
777 1761 938 1792 necessaria,
952 1765 979 1787 et

196 1810 254 1837 qua:
272 1805 397 1830 materies
413 1805 497 1840 magis
518 1807 652 1839 qttomodo
663 1806 802 1839 conﬂatur,
815 1812 841 1833 et
854 1807 918 1841 quid
934 1808 979 1833 de—

195 1847 256 1873 beat
273 1848 406 1881 accipere,
421 1854 448 1875 et
468 1851 601 1883 quontodo
619 1856 743 1884 oporteat
767 1851 905 1879 eoeﬂicere
921 1852 977 1887 spi-

197 1891 275 1917 ritnut
292 1891 404 1919 ﬂammae
415 1900 447 1919 ex
464 1893 524 1927 igtte
541 1903 548 1920 :
566 1899 639 1922 tanta
655 1901 717 1922 sunt
730 1896 809 1927 bona,
826 1897 914 1923 lumen
930 1905 978 1923 no-

195 1936 291 1969 ctibus,
309 1937 409 1964 medela
422 1939 621 1972 aegrotantibus,
641 1947 843 1974 operamentum
865 1943 978 1975 artibus,

195 1987 221 2007 et
237 1983 360 2017 agricolis
376 1985 554 2018 pugnantibus
565 1985 715 2019 tuitionem,
728 1987 845 2021 paciﬁcis
859 1988 977 2015 tutelam.

196 2027 294 2054 lterum
306 2034 393 2055 autent
405 2031 550 2057 secundum
562 2033 769 2066 unumquodque
778 2038 979 2066 operatncntum

195 2077 222 2098 et
247 2080 302 2104 vas,
322 2079 419 2107 (planta
441 2075 509 2110 ignis
532 2081 656 2109 operatur
676 2077 889 2105 consideremus.
905 2078 981 2104 Fecit

195 2126 300 2150 aurum,
312 2125 340 2146 et
354 2128 386 2146 ex
401 2129 466 2147 auro
487 2126 558 2149 tanta
572 2130 579 2155 ;
595 2128 733 2157 argentum
744 2144 751 2156 ,
769 2128 795 2150 et
813 2132 846 2150 ex
870 2129 981 2158 argento

196 2169 249 2190 tam
274 2165 377 2197 multa;
397 2171 424 2193 et
442 2173 628 2200 mrantentum,
647 2173 674 2195 et
698 2177 730 2195 ex
760 2169 817 2202 ipso
834 2170 859 2195 itt
887 2170 981 2203 primis

1023 938 1145 965 quierens
1164 929 1264 956 ferrum
1286 928 1399 961 lapidem
1425 925 1557 960 sumpsit;
1574 929 1599 951 et
1622 932 1673 951 non
1698 923 1809 956 erravit,

1023 977 1069 1003 sed
1086 975 1195 1010 agnovit
1214 974 1239 1000 itt
1256 978 1385 1007 quantutn
1401 972 1510 998 deberet
1531 970 1583 1005 igni
1602 969 1765 1003 permittere.
1782 969 1809 994 Si

1023 1021 1093 1048 enint
1110 1019 1248 1046 transierit
1263 1025 1415 1044 mensuram
1429 1025 1443 1043 a
1457 1017 1509 1043 Deo
1525 1020 1672 1049 acceptam,
1689 1014 1810 1049 igttisqui

1024 1071 1118 1101 purgat
1134 1065 1279 1092 consumit.
1296 1065 1334 1090 Ita
1354 1063 1380 1089 itt
1397 1062 1547 1089 istiusmodi
1562 1061 1682 1088 materiis
1700 1060 1811 1087 immisit

1024 1111 1157 1144 cogitatus
1173 1117 1249 1136 suam
1265 1108 1483 1139 admirationem,
1501 1107 1527 1133 in
1550 1106 1621 1132 vasis
1637 1112 1711 1132 suant
1724 1105 1811 1131 varie-

1024 1159 1116 1186 tatem,
1129 1155 1153 1180 itt
1165 1153 1364 1187 operationibus
1376 1160 1451 1178 suam
1464 1152 1600 1181 virtutem,
1616 1150 1641 1176 itt
1653 1157 1812 1184 operamen-

1026 1201 1058 1227 tis
1070 1208 1144 1227 suant
1159 1198 1330 1234 sapientiam.
1348 1198 1497 1224 Procreans
1513 1196 1584 1223 enim
1605 1196 1701 1222 artium
1718 1199 1811 1230 gentes

1025 1252 1051 1273 et
1064 1245 1264 1279 disciplinarum
1277 1244 1402 1278 populos,
1420 1249 1447 1269 et
1471 1243 1594 1270 nationes
1611 1247 1638 1269 et
1659 1248 1769 1277 genera.
1785 1245 1812 1268 et

1025 1297 1154 1326 separans
1168 1290 1219 1317 alia
1238 1290 1328 1321 aliter,
1350 1289 1413 1316 etin
1429 1289 1479 1315 alio
1495 1296 1575 1322 opere
1595 1288 1673 1314 aliter
1686 1291 1813 1321 operatus

1025 1342 1067 1364 est
1078 1337 1221 1371 unicuique
1234 1341 1406 1371 operamcnta
1420 1339 1553 1369 separata,
1565 1339 1591 1362 et
1606 1334 1739 1368 suggessit
1753 1340 1810 1360 ma-

1026 1383 1125 1415 terias;
1148 1388 1175 1409 et
1193 1382 1263 1409 illam
1278 1381 1385 1416 quidem
1401 1381 1490 1415 posuit
1503 1388 1578 1412 auro,
1590 1379 1668 1406 aliam
1680 1380 1813 1414 separavit

1026 1441 1059 1467 ad
1075 1446 1226 1475 argentum,
1237 1440 1350 1466 alteram
1368 1440 1399 1466 ad
1414 1443 1599 1470 aeramentum,
1614 1443 1641 1465 et
1653 1438 1711 1465 alia:
1722 1442 1811 1465 osten-

1028 1487 1067 1513 dit
1082 1485 1193 1517 l'errum.
1209 1486 1267 1512 alia:
1280 1486 1472 1513 demonstravit
1484 1484 1618 1516 sabulum,
1632 1487 1658 1511 et
1673 1491 1705 1510 ex
1720 1482 1812 1509 sabulo
1831 1503 1834 1507 .

1028 1530 1144 1557 fructum
1162 1531 1233 1557 vitri.
1251 1531 1317 1557 Alia
1331 1531 1402 1558 dedit
1420 1530 1540 1557 invenire
1553 1534 1673 1556 naturam
1687 1529 1813 1555 arborum

1028 1581 1054 1602 et
1066 1576 1248 1610 operationem
1259 1581 1285 1602 et
1300 1583 1376 1602 usum
1393 1580 1420 1602 et
1436 1580 1565 1609 tempora.
1579 1574 1643 1601 Alia:
1656 1573 1759 1601 fructus
1770 1580 1815 1600 eo-

1029 1627 1098 1652 rum,
1111 1619 1168 1646 alite
1181 1620 1312 1647 culturam
1329 1627 1434 1650 eorum.
1452 1619 1512 1646 alite
1538 1618 1751 1645 adinventionem
1768 1625 1814 1644 eo-

1030 1674 1099 1697 rum.
1116 1665 1175 1692 alia:
1188 1666 1317 1693 medelam
1333 1673 1365 1692 ex
1379 1666 1453 1700 ipsis,
1463 1670 1489 1692 et
1503 1664 1552 1698 ipsi
1570 1663 1709 1691 medicina:
1723 1668 1814 1690 nostra

1029 1719 1140 1745 corpora
1155 1711 1234 1745 :quid
1250 1711 1360 1738 deberet
1372 1710 1525 1741 amburere,
1539 1710 1602 1744 quid
1616 1713 1753 1743 oporteret
1764 1715 1812 1735 co-

1030 1765 1122 1792 quere,
1135 1765 1195 1784 cum
1209 1764 1263 1791 quo
1278 1756 1387 1783 deberet
1400 1756 1528 1789 miscere;
1540 1754 1603 1789 quid
1614 1753 1724 1781 deberet
1737 1760 1815 1787 sepa-

1030 1803 1109 1830 ratim
1139 1803 1247 1834 oti'erre,
1263 1802 1327 1837 quid
1351 1802 1507 1829 conveniret
1522 1808 1583 1828 cum
1604 1799 1737 1834 plurimis,
1750 1799 1814 1833 quid

1030 1849 1153 1880 crudum,
1170 1848 1233 1882 quid
1249 1847 1439 1882 incipientibus
1455 1845 1555 1873 morbis
1569 1850 1596 1873 et
1621 1845 1658 1872 illi
1683 1844 1814 1880 passioni,

1030 1895 1094 1929 quid
1106 1899 1193 1921 autem
1206 1894 1372 1929 promoventi
1389 1899 1414 1920 et
1429 1892 1484 1926 jam
1500 1891 1587 1927 posito
1604 1892 1630 1918 itt
1651 1890 1814 1921 cessatione,

1030 1940 1092 1974 quid
1108 1940 1188 1966 etiam
1214 1940 1240 1966 in
1257 1939 1398 1966 insistendi
1413 1939 1499 1970 initio,
1514 1938 1578 1972 quid
1592 1944 1657 1964 vero
1677 1935 1815 1967 reddenti,

1030 1990 1057 2011 et
1074 1985 1205 2017 credenti,
1225 1989 1251 2012 et
1267 1985 1411 2012 recedenti.
1427 1984 1485 2010 Non
1502 1983 1624 2018 despexit
1642 1989 1691 2010 nec
1709 1982 1815 2009 anima—

1031 2031 1094 2057 lium
1110 2030 1222 2060 l'ructus.
1233 2031 1278 2057 Sed
1296 2029 1654 2057 totonditnobisindumenta
1666 2035 1698 2055 ex
1710 2027 1815 2060 ovibus,

1032 2076 1147 2103 totondit
1163 2081 1189 2102 et
1205 2083 1219 2102 e
1235 2075 1324 2108 capris
1340 2074 1468 2109 plurimos
1482 2081 1555 2100 usus.
1571 2073 1603 2100 Et
1622 2080 1673 2099 non
1687 2077 1728 2100 est
1743 2072 1817 2099 dinu-

1032 2129 1136 2148 tuerare
1151 2127 1249 2156 quanta
1262 2128 1295 2147 ex
1313 2120 1474 2147 animalibus
1488 2124 1515 2146 et
1530 2119 1665 2146 alimoniis
1682 2117 1759 2146 nobis
1770 2117 1816 2144 de-

1032 2168 1100 2195 derit
1115 2168 1147 2194 ad
1161 2167 1338 2201 operimenta,
1353 2167 1385 2192 ad
1405 2173 1491 2196 usum,
1511 2166 1544 2191 ad
1555 2164 1740 2195 medelam,ad
1753 2171 1817 2197 ope-

196 2209 356 2241 necessaria;
370 2215 395 2237 et
410 2212 617 2246 unumquodque
633 2213 702 2246 quod
721 2214 836 2240 colatum
854 2218 900 2240 attt
915 2222 979 2241 con-
995 2211 1018 2239 D
1033 2221 1060 2240 ra
1076 2221 1083 2239 ς
1098 2218 1199 2246 quanta
1218 2220 1250 2239 ex
1263 2212 1413 2244 arboribus,
1423 2215 1521 2246 quanta
1536 2218 1551 2237 e
1572 2210 1651 2240 saxis,
1667 2213 1765 2243 quanta
1782 2216 1815 2235 ex

195 2255 286 2283 ﬂatum
307 2259 357 2288 est,
384 2259 470 2292 priuto
493 2259 599 2293 quidem
622 2260 759 2287 invettlunt
778 2267 829 2294 est,
846 2262 906 2289 dein
921 2263 977 2289 dis-

196 2306 317 2334 cretunt,
343 2308 370 2329 et
388 2309 445 2338 post
469 2306 629 2337 coniectura,
657 2311 683 2333 et
703 2307 738 2332 ita
766 2315 852 2334 usum.
883 2308 979 2334 Didicit

196 2348 267 2374 enirn
283 2348 413 2382 cogitatus
426 2350 522 2383 quibus
546 2352 664 2385 pascitur
688 2353 774 2386 ignis:
793 2358 820 2380 et
838 2358 911 2380 certe
928 2353 977 2379 ali-

195 2393 299 2427 quoties
317 2392 393 2420 otTert
410 2393 478 2428 ligna
490 2395 522 2422 ad
533 2397 679 2429 coctiones,
691 2397 833 2431 aliquoties
845 2404 934 2424 autern
952 2403 979 2425 ut

196 2444 312 2473 maneat,
330 2445 357 2467 et
372 2448 418 2474 per
437 2448 516 2475 quem
540 2442 612 2476 ligna
634 2448 829 2470 consutnutttur
854 2451 979 2477 perman-

196 2485 271 2517 serit,
289 2493 336 2519 per
354 2486 433 2512 istttm
449 2493 555 2512 sensum
575 2488 673 2514 ntttrita
697 2494 856 2522 arguuntur.
873 2489 898 2515 In
919 2494 977 2515 tan-

196 2535 251 2556 tmn
267 2531 337 2557 enim
356 2531 430 2556 dives
445 2535 485 2557 est
498 2532 542 2564 qui
556 2532 661 2563 tribuit,
675 2536 701 2559 et
716 2538 818 2559 tantttm
830 2534 928 2560 ditatus
938 2539 979 2561 est

195 2576 241 2610 qtti
254 2577 390 2610 suscepit;
405 2577 477 2610 quia,
492 2577 513 2603 si
530 2577 691 2605 voluerimus
701 2578 872 2611 contendere,
883 2583 909 2606 et
923 2584 979 2606 lan-

197 2627 251 2646 tunt
273 2628 307 2648 ex
320 2621 434 2655 Opiﬁciis
449 2621 536 2656 ignem
555 2629 699 2656 exponere,
721 2627 747 2649 ct
765 2623 839 2650 utilia
864 2631 922 2658 quae
944 2632 975 2651 ex

197 2668 256 2701 igne
274 2672 336 2694 sunt
351 2667 532 2699 manifestare.
556 2669 669 2695 transiet
690 2676 741 2695 nox
760 2668 900 2702 conjuncta
916 2669 978 2702 diei,

195 2716 223 2738 et
237 2712 382 2739 manebunt
396 2713 464 2748 ignis
479 2713 561 2740 solius
577 2721 630 2742 non
648 2714 737 2749 plena.
758 2714 877 2750 Apparet
889 2719 978 2742 autem

223 2806 288 2856 vi“)
305 2820 348 2848 Ei.
366 2821 456 2854 Forte,
471 2827 505 2849 οι.

231 2856 288 2893 (ὦ)
303 2856 393 2891 Capit.
410 2857 501 2892 Forte,
520 2857 598 2893 cepit.

1033 2260 1119 2294 aquis,
1140 2263 1238 2293 quanta
1260 2266 1293 2285 ex
1310 2258 1460 2284 ttatantibus
1477 2262 1504 2283 et
1525 2255 1677 2283 volantibus
1691 2274 1699 2287 ,
1714 2259 1814 2289 quanta

1032 2313 1065 2331 cx
1078 2312 1143 2330 auro
1157 2309 1184 2330 et
1204 2308 1324 2338 argento,
1342 2309 1368 2330 et
1392 2303 1479 2337 lignis,
1496 2308 1522 2329 et
1543 2301 1685 2336 lapidibus,
1703 2305 1730 2327 et
1749 2307 1815 2326 tera-

1034 2354 1133 2381 menlo,
1146 2355 1173 2376 et
1188 2349 1269 2381 ferro,
1283 2354 1309 2376 ct
1325 2349 1442 2383 plumbo,
1457 2352 1483 2374 et
1499 2355 1557 2382 quae
1584 2346 1764 2373 atnburuntur
1788 2350 1815 2372 et

1035 2401 1085 2420 non
1100 2393 1287 2426 amburuntur,
1303 2398 1328 2420 et
1345 2398 1529 2424 attenuantur,
1544 2396 1570 2419 et
1583 2396 1771 2419 contexuntur.
1784 2391 1816 2417 Et

1034 2439 1098 2465 milti
1113 2439 1218 2472 quidem
1234 2438 1339 2465 videtur
1355 2438 1487 2472 cogitatus
1501 2438 1536 2464 ita
1550 2444 1609 2465 esse
1622 2437 1691 2464 sicut
1702 2437 1742 2463 vir
1757 2436 1815 2470 qui-

1033 2486 1094 2511 dam
1111 2485 1194 2517 dives,
1207 2493 1253 2512 sua
1266 2484 1377 2518 cupiens
1389 2484 1567 2515 dinumerare,
1580 2488 1607 2512 et
1618 2483 1732 2510 scrutari
1745 2491 1751 2515 ;
1763 2490 1814 2509 non

1033 2531 1141 2563 suilicit,
1155 2530 1201 2557 sed
1226 2530 1262 2557 ob
1278 2530 1473 2556 multitudinem
1490 2529 1690 2563 possessionum
1703 2532 1730 2555 et
1753 2528 1815 2555 sub-

1033 2578 1149 2608 stantiae,
1165 2584 1250 2610 neque
1277 2576 1428 2603 rationibus
1452 2580 1499 2602 aut
1519 2575 1641 2602 sensibus
1657 2581 1752 2601 vacare
1767 2581 1814 2608 po-

1033 2628 1102 2655 tens,
1114 2623 1160 2650 sed
1168 2627 1308 2656 superatus
1324 2622 1357 2649 ab
1367 2622 1408 2648 bis
1418 2629 1477 2656 quae
1486 2622 1576 2653 babct,
1586 2624 1674 2647 manet
1684 2620 1787 2647 incertu
1795 2634 1815 2646 ~.

1033 2669 1098 2696 Tale
1112 2669 1201 2696 nescio
1210 2668 1273 2702 quid
1282 2673 1309 2695 et
1320 2676 1389 2694 nunc
1401 2674 1495 2702 passus
1505 2672 1545 2694 est
1559 2666 1703 2701 cogitatus.
1716 2665 1818 2693 Similis

1033 2715 1105 2741 enim
1120 2718 1161 2741 est
1175 2714 1199 2741 ei
1215 2713 1259 2748 qui
1277 2714 1374 2741 ﬂuctus
1392 2714 1553 2741 dinumerat.
1571 2712 1599 2740 ltt
1614 2720 1647 2740 eo
1669 2712 1740 2740 eniut
1754 2712 1818 2739 dum
1843 2718 1847 2723 '

1031 2824 1208 2889 ηοξξέξλιεω.
1225 2825 1316 2860 Forte,
1331 2826 1407 2854 ἰθύ.-
1424 2825 1640 2861 -Οοηβιὺυίιιιιιι,
1660 2824 1720 2852 Vid.
1743 2830 1818 2859 supr.
