2024 3208
191 116 262 144 “45

515 114 649 143 EUSEBll
668 114 908 143 CrESARlENSlS
928 114 1002 141 OPP.
1026 114 1113 141 PARS
1133 113 1176 141 ιν.
1197 129 1233 135 —
1252 113 1463 142 DOGMATICA.

1747 115 1811 142 “Ui

191 179 316 209 volumus
343 178 534 214 proprietatem
558 177 616 210 ejus
643 177 668 204 in
689 177 743 212 igni
764 176 873 209 videre,
890 183 982 203 exsur-
995 178 1019 207 Α
1033 183 1066 202 ex
1081 176 1158 203 bonis
1177 175 1315 211 angustari
1330 175 1386 211 (45)
1405 183 1453 203 nos
1474 182 1527 202 non
1543 175 1641 210 pigeat,
1656 174 1703 202 sed
1715 181 1816 210 quanto

192 224 262 250 rexit
273 231 303 250 ex
320 231 393 250 mare
408 213 458 248 aiia
478 222 561 252 unda,
577 227 604 248 et
619 221 687 247 alius
703 225 807 249 meatus
822 228 836 246 a
858 219 978 253 ﬂumine,

192 275 219 296 et
232 276 246 295 a
261 268 387 301 fontibus,
405 274 432 296 et
447 268 480 295 ab
495 267 546 294 illis
562 266 744 301 irrigationes,
757 272 783 293 et
807 274 871 293 usus
884 275 916 293 ex
934 275 979 293 ar-

193 314 313 346 boribus,
330 323 344 341 a
372 314 515 346 fructibuS,
541 321 554 339 a
583 313 732 346 radicibus,
749 321 763 341 a
781 312 861 343 foliis,
879 313 913 339 ab
938 312 980 340 his

191 369 252 395 qua:
266 368 279 388 a
306 361 371 388 foris
384 366 410 387 ct
424 361 458 387 ab
476 360 547 386 intus
561 359 706 391 habemur,
724 365 752 386 et
773 359 799 386 in
820 358 979 386 animalibus

192 414 251 441 quzc
266 414 279 433 a
292 407 358 434 foris
371 411 397 433 et
411 406 444 433 ab
457 406 529 432 intus
539 409 611 436 sunt,
623 409 648 432 ct
660 405 742 438 pelles
753 405 785 432 ad
797 404 877 432 alium
889 412 978 436 usum,

192 457 218 479 et
228 459 287 479 ossa
302 453 334 478 ad
342 452 451 478 alteram
463 451 660 478 necessitatem.
671 451 702 477 Et
715 458 748 477 ne
760 451 865 485 quidem
875 456 980 477 stercus

193 498 286 527 inutile
304 498 416 530 exstitit,
435 497 601 532 pretiositate
631 497 764 531 cogitatus
789 497 978 531 appretiatum.

193 544 245 571 Sed
260 551 450 578 nonnunquam
465 548 492 570 et
505 551 520 570 e
532 543 675 572 messibus.
685 543 746 577 quia
765 543 878 571 multum
890 543 980 570 attulit

193 595 275 623 terra,
283 589 395 624 plurima
409 590 605 624 relinquuntur.
615 590 736 624 quianon
745 595 980 625 potestpossessor

192 634 318 669 colligere
334 639 432 668 quanta
446 639 473 661 et
486 635 645 667 seminavit,
661 639 688 661 et
711 640 781 662 terra
796 635 978 668 multiplicaus

192 679 316 713 pnebuit.
326 678 451 706 Maneant
463 679 543 713 igitur
553 678 648 706 [luctus
660 685 685 706 et
696 680 827 706 undarum
845 679 977 714 procellae,

192 730 220 751 et
240 731 344 752 meatus
367 724 508 752 ﬂuviorum
523 730 549 752 et
565 725 662 758 fontes,
677 730 704 752 et
720 733 886 760 qmceuuque
905 726 979 752 dere-

192 770 254 798 licta
277 777 340 798 sunt
361 771 393 798 de
416 771 559 802 fructibus.
582 772 717 807 cogitatus
736 777 763 799 et
787 771 930 806 progenies
951 776 978 798 et

192 823 273 850 opera
291 825 297 843 :
314 822 475 852 etputantes
488 825 537 845 nos
554 817 631 844 hodie
644 818 755 851 implere
773 825 850 852 posse
868 825 899 844 ea
917 825 977 851 quae

1031 221 1198 255 potuerimus
1222 221 1404 248 scrutabimur
1426 228 1560 253 coronas,
1576 225 1666 255 utpote
1692 226 1815 249 serentes

1029 267 1176 296 Altissimn.
1189 275 1221 294 ex
1238 267 1335 301 quibus
1351 267 1377 294 in
1401 271 1471 294 terra
1488 271 1515 294 et
1530 267 1597 294 mari
1621 271 1661 293 est
1675 272 1814 300 operatus.

1029 313 1200 347 Quaacunquo
1224 317 1313 338 autem
1334 320 1382 339 nos
1410 312 1614 344 transcendunt,
1629 316 1655 339 et
1676 317 1816 346 superant,

1029 360 1056 385 iu
1077 366 1109 386 eo
1124 358 1181 393 ipso
1203 358 1274 392 quod
1291 358 1434 391 vincimur,
1448 358 1544 385 victori
1565 357 1616 392 ipsi
1632 366 1664 386 ex
1688 360 1814 393 operibus

1029 405 1084 432 suis
1096 405 1151 432 sint
1169 409 1196 431 et
1210 405 1268 431 ista:
1283 412 1398 432 coronm.
1409 404 1567 433 Retineutes
1579 405 1659 438 igitur
1675 412 1815 441 quousque

1029 458 1056 478 et
1070 451 1193 486 pervenit
1208 458 1309 482 sermo.
1327 451 1503 479 recoudamus
1523 451 1657 479 sermonis
1671 451 1815 485 reliquias;

1029 503 1060 524 ut
1074 498 1170 524 iterum
1183 498 1215 523 ad
1231 497 1315 531 ipsam
1326 503 1445 523 mensam
1457 497 1593 528 sedentes,
1611 496 1707 523 iterum
1720 497 1815 523 iisdem

1030 543 1094 578 ipsis
1115 543 1236 570 fruamur
1254 542 1339 570 bonis.
1359 542 1444 571 Unum
1459 547 1547 569 autem
1562 542 1682 577 estquod
1698 543 1775 570 docet
1789 547 1818 571 et

1030 598 1111 621 nunc,
1132 594 1160 616 ut
1181 589 1308 617 reddatur
1321 589 1345 617 ei
1360 590 1401 617 ctti
1419 596 1525 623 semper
1541 590 1660 617 redditur
1671 596 1698 616 et
1711 597 1818 624 semper

1029 636 1152 668 debetur,
1169 635 1195 662 in
1216 636 1257 662 his
1274 643 1333 670 qum
1350 640 1545 667 prmeesscrunt
1567 636 1712 669 gratiarum
1736 635 1817 666 actio,

1029 686 1055 708 et
1070 681 1095 707 in
1113 681 1155 707 his
1171 688 1231 714 qua:
1252 680 1381 716 incipient
1394 681 1478 715 gloria
1492 681 1548 707 Deo
1557 688 1650 708 sancto
1663 681 1707 714 qui
1726 681 1818 708 omnia

1030 727 1107 755 nobis
1119 727 1246 761 subjecit,
1267 734 1314 761 per
1327 726 1456 761 Spiritum
1479 726 1594 762 cogitatu
1611 735 1662 753 nos
1678 727 1820 761 przehono-

1030 773 1113 798 ravit:
1123 773 1163 798 cui
1176 777 1216 799 est
1227 780 1274 807 per
1281 773 1445 808 unigenitum
1457 780 1532 799 suum
1545 771 1640 799 Filium
1648 780 1709 802 cuin
1717 771 1819 806 Spiritu

1030 823 1132 848 sancto.
1154 817 1250 853 gloria,
1268 818 1371 851 honor,
1386 818 1538 852 imperium,
1554 819 1690 852 maiestas,
1708 822 1735 845 et
1747 825 1818 844 nunc

193 863 360 896 resederunt,
379 863 454 897 plura
474 863 604 893 ltabentes
621 864 770 891 recedimus
783 869 810 891 et
828 864 907 892 hodie
921 873 928 890 :
942 866 978 892 ita
995 858 1016 884 Β
1028 870 1056 892 et
1071 873 1187 897 semoer,
1202 869 1229 892 ct
1242 872 1288 899 per
1301 866 1392 893 omnia
1409 865 1504 892 saacula
1528 866 1697 893 sia-culorum.
1720 866 1819 894 Amen.

676 1060 956 1117 EUSEBII
1001 1061 1343 1118 l’AMPHlLl

459 1179 533 1223 DE
571 1178 876 1224 SPIBITALI
918 1177 1225 1224 COGITATU
1263 1178 1555 1236 HOMINIS,

855 1275 971 1306 LIBER
992 1275 1171 1307 TERTIUS.

983 1376 1018 1383 .—

229 1450 288 1485 lpse
300 1448 473 1482 semetipsum
486 1445 617 1481 cogitatus
631 1445 729 1479 reiicit,
741 1446 797 1480 ipse
808 1446 981 1480 semetipsum
996 1448 1017 1477 α
1034 1447 1121 1474 obfuit
1137 1447 1342 1477 festinantibus.
1364 1448 1531 1485 Frequenter
1546 1451 1618 1479 enim
1639 1451 1825 1486 tranquillius

193 1496 298 1533 pascit,
312 1496 370 1530 ipse
383 1492 556 1527 semetipsum
574 1491 715 1524 fortitlcat,
738 1491 794 1526 ipse
811 1491 984 1526 semetipsum

193 1542 357 1570 considerat.
365 1539 424 1575 Ipse
433 1539 504 1566 enim
518 1539 550 1565 ad
559 1538 730 1572 semetipsum
741 1545 769 1564 se
777 1537 889 1572 colligit,
901 1541 929 1564 et
943 1545 985 1566 se-

194 1587 337 1622 metipsum
363 1586 497 1616 intuetur,
513 1589 540 1611 et
566 1588 686 1611 arctatur
704 1583 730 1610 in
753 1583 820 1611 suis.
836 1582 893 1610 Non
913 1583 984 1610 enim

195 1635 266 1661 sicut
286 1632 380 1660 oculus
404 1631 455 1658 alia
478 1630 584 1664 quidem
603 1630 684 1662 videt,
704 1629 878 1664 semetipsum
895 1633 984 1656 autem

195 1679 293 1707 intueri
306 1686 357 1707 non
370 1682 477 1713 potest;
493 1677 554 1711 quia
571 1684 619 1704 nec
629 1684 683 1704 suae
699 1681 803 1704 natura:
816 1680 858 1703 est
869 1681 935 1702 utse
947 1683 986 1703 re-

195 1725 302 1761 spiciat;
315 1724 373 1752 Non
388 1724 423 1750 ita
440 1728 466 1750 ot
481 1724 624 1758 cogitatus.
638 1722 728 1757 Neque
744 1723 817 1749 enim
842 1723 913 1750 sicut
928 1722 985 1749 vul-

195 1776 238 1799 tus
257 1771 283 1798 in
301 1770 428 1805 speculo,
444 1770 470 1796 in
488 1770 541 1797 alio
570 1769 678 1804 quidem
700 1769 821 1801 videtur,
837 1769 870 1796 ad
888 1773 985 1796 semet-

194 1819 282 1853 ipsum
299 1821 389 1844 autem
406 1817 526 1844 converti
546 1825 598 1843 non
621 1821 717 1850 potest.
738 1815 796 1843 Non
813 1816 849 1843 ita
870 1820 897 1843 et
911 1816 984 1851 cogi-

195 1868 267 1891 tatus
283 1863 412 1896 habetur;
432 1863 478 1891 sed
492 1863 665 1897 semetipsum
684 1861 767 1894 videt.
780 1867 807 1889 et
823 1862 881 1895 ipse
893 1862 925 1888 ad
941 1869 984 1889 εε-

195 1910 338 1944 metipsum
351 1909 520 1937 convertitur
530 1913 558 1935 et
576 1916 606 1935 se
623 1908 752 1940 intuetur,
766 1912 794 1934 et
814 1908 866 1935 alia
889 1907 981 1934 multa.

195 1954 229 1983 Et
241 1963 293 1982 non
317 1955 387 1982 sicut
402 1962 452 1981 vox
472 1954 576 1982 levibus
596 1954 755 1988 quibusdam
767 1953 823 1988 (46)
845 1952 984 1980 offendens

196 2004 315 2031 resonat.
329 2001 365 2027 ita
384 2005 412 2027 et
426 2001 560 2035 cogitatus
584 2001 616 2027 ad
634 2000 807 2032 semetipsum
832 2005 941 2027 resonat
955 2005 984 2026 ut

195 2048 274 2075 echo.
294 2048 351 2078 Vox
365 2048 436 2073 enim
451 2047 591 2073 offendens
606 2047 715 2073 aliunde
735 2047 889 2082 respondet.
903 2046 982 2081 Cogi-

197 2099 269 2121 tatus
283 2098 372 2123 autem
391 2093 448 2128 ipse
474 2085 648 2127 semetipsum
674 2097 822 2125 scrutatur,
835 2096 862 2119 et
880 2093 934 2126 ipse
950 2092 981 2118 ad

197 2138 372 2174 semetipsum
391 2143 517 2171 tanquatn
535 2142 681 2170 penetrans
707 2137 834 2168 recurrit,
850 2142 878 2164 et
894 2136 982 2163 revol-

195 2186 268 2213 vitur
282 2185 308 2212 in
330 2186 484 2218 semetipso.
500 2183 640 2210 Diversum
654 2188 743 2210 autem
763 2183 815 2210 scit
830 2190 837 2208 :
856 2189 927 2209 nunc
939 2186 985 2209 aut

197 2228 345 2266 destlrgttni.
371 2230 512 2263 libidines,
531 2234 556 2257 et
581 2229 685 2264 spirant
714 2229 948 2264 concupiscentiai,
959 2233 985 2256 et

196 2277 332 2311 pelluntur
354 2282 452 2307 metus.
468 2282 494 2303 et
509 2284 561 2303 non
586 2276 705 2303 salvatur
722 2277 793 2311 quod
809 2276 888 2310 sapit.
908 2275 985 2306 Infit:-

197 2331 286 2353 matur
299 2325 370 2353 enim
381 2330 407 2355 et
424 2324 588 2352 fortissimus
602 2323 745 2357 cogitatus.
757 2321 824 2349 Cum
839 2325 926 2348 autem
937 2329 986 2356 pu-

197 2373 286 2400 dicitia
303 2372 384 2400 fuerit
407 2373 529 2407 ingressa
545 2368 591 2411 aut
602 2371 731 2402 excitata,
747 2371 837 2396 statim
859 2369 986 2403 concupi-

197 2419 307 2446 scentia:
323 2424 350 2445 et
363 2418 498 2450 libidines.
522 2423 551 2445 ut
563 2417 670 2445 ancilla:
686 2425 746 2452 qua:
758 2421 822 2444 ante
839 2417 985 2443 surrectio-

197 2473 257 2492 Item
271 2465 385 2498 domina:
402 2466 576 2492 turbaverant
590 2465 711 2494 domum.
721 2471 781 2490 mox
793 2469 821 2490 ut
838 2463 892 2489 visa
906 2462 986 2489 fuerit

197 2512 318 2543 douiina,
336 2512 388 2538 alia
412 2512 475 2539 alibi
500 2512 693 2543 absconditur,
710 2511 762 2537 alia
785 2510 847 2537 alibi
866 2509 942 2544 fugit,
959 2517 986 2537 et

199 2563 295 2593 negant
305 2558 360 2591 jam
376 2558 519 2590 motiones.
533 2563 561 2586 et
577 2559 706 2592 colligunt
722 2559 853 2590 luxurias,
868 2565 895 2586 et
906 2566 985 2585 revo-

197 2609 261 2630 cant
284 2611 389 2636 ventos,
402 2610 429 2631 et
454 2605 597 2638 quiescunt
612 2604 710 2633 [luctus
720 2625 727 2637 ,
740 2610 767 2633 et
788 2604 902 2633 eiﬁcitur
914 2609 986 2631 tran-

197 2649 319 2683 quillum.
335 2650 392 2678 Hoc
406 2651 477 2678 enim
492 2657 534 2683 est
544 2652 670 2685 pudicitia
688 2653 713 2678 in
731 2653 832 2679 anima.
848 2651 916 2685 Quid
934 2650 986 2678 tale

194 2697 299 2729 praebet
314 2698 496 2732 tranquillitas
511 2699 536 2726 in
556 2699 622 2729 mari
645 2699 657 2725 ἲ
673 2706 732 2733 quae
753 2706 944 2734 nonnunquam
959 2701 987 2725 et

235 2782 290 2821 (ιβ)
309 2785 459 2821 ᾼῃθυειαιὶ.
481 2786 571 2814 Forte.
586 2787 742 2821 nngusliari.

243 2818 303 2856 (Mf)
322 2818 370 2847 Ms.
387 2828 434 2849 τοι·
445 2822 544 2852 (ritibus
555 2818 720 2861 quihusdam.

1037 1500 1064 1522 et
1076 1501 1241 1531 opportunos
1255 1502 1350 1525 ventos
1366 1503 1556 1533 exspectantes
1569 1498 1705 1528 fraudavit
1718 1505 1745 1528 et
1756 1509 1825 1529 non-

1036 1550 1178 1578 nunquam
1192 1549 1219 1571 et
1233 1544 1276 1572 siti
1301 1545 1436 1573 interemit
1450 1546 1578 1580 graviori,
1591 1552 1684 1581 utpote
1701 1555 1715 1575 a
1734 1552 1824 1575 tenta-

1037 1590 1157 1619 tionibus
1184 1596 1273 1619 moue.
1302 1591 1354 1619 Sed
1383 1600 1435 1621 uott
1463 1593 1525 1620 talis
1551 1593 1686 1627 pudicitia:
1707 1594 1825 1622 habetur

1037 1637 1230 1671 tranquillitas,
1245 1638 1291 1665 sed
1302 1646 1361 1673 qua:
1377 1639 1542 1674 compescuit
1558 1643 1662 1671 ventos,
1679 1643 1706 1666 ct
1718 1640 1825 1667 conire-

1036 1684 1074 1718 git
1095 1683 1203 1716 ﬂuctus,
1223 1689 1249 1711 et
1275 1685 1368 1711 statim
1392 1684 1505 1712 adduxit
1523 1685 1555 1711 ad
1574 1689 1693 1719 portum,
1708 1690 1736 1712 et
1760 1693 1823 1712 mox

1035 1730 1122 1757 erexit
1137 1738 1169 1757 ex
1192 1731 1318 1765 pudicitia
1344 1731 1459 1758 fructus.
1482 1731 1634 1764 Cogitatum
1652 1731 1760 1766 quippe,
1777 1731 1823 1766 qui

1036 1775 1122 1810 sapiat
1144 1776 1240 1803 animae
1267 1776 1435 1811 dignitatem,
1465 1777 1639 1804 sanctimonii
1672 1778 1824 1810 honorem,

1034 1823 1180 1857 puritatem
1197 1822 1358 1852 honestatis.
1369 1828 1432 1849 tunc
1444 1823 1516 1849 videt
1533 1822 1626 1850 oculus
1644 1823 1823 1857 animamquia

1035 1868 1156 1895 excussit
1171 1867 1204 1894 ab
1219 1875 1251 1895 eo
1275 1867 1404 1901 pudicitia
1428 1867 1564 1901 pulverem
1591 1866 1823 1900 concupiscenti»

1035 1921 1110 1946 rum,
1139 1913 1315 1948 procellarum
1338 1912 1486 1940 libidinem.
1506 1912 1534 1939 Si
1553 1912 1613 1946 quis
1629 1916 1756 1947 expertus
1782 1916 1825 1938 est

1035 1963 1207 1992 tempestates
1218 1957 1644 1992 coneupisceutiarum,expertus
1657 1961 1699 1983 est
1708 1961 1736 1982 et
1751 1961 1826 1983 tran-

1035 2005 1145 2038 quillum
1166 2004 1325 2039 pudicitiae;
1348 2010 1382 2031 ex
1405 2003 1447 2030 his
1468 2010 1527 2036 qua:
1544 2009 1641 2036 passus
1665 2006 1726 2033 est,
1743 2005 1772 2028 et
1792 2008 1825 2027 ex

1037 2049 1078 2074 his
1094 2056 1107 2073 τι
1123 2048 1222 2081 quibus
1242 2048 1362 2074 salvatus
1385 2051 1443 2078 est,
1460 2046 1581 2082 agnoscit
1602 2054 1661 2080 qum
1686 2046 1825 2072 dicuntur.

1036 2094 1175 2129 Cogitatus
1190 2093 1261 2120 enim
1274 2093 1557 2127 concupiscentiartun
1569 2091 1718 2121 dormiunt,
1732 2091 1826 2117 motio-

1040 2149 1097 2173 nes,
1115 2139 1220 2171 (luctus,
1235 2139 1427 2170 immissiones,
1450 2138 1561 2166 turbela:
1574 2137 1639 2173 (67).
1653 2137 1744 2172 Neque
1767 2136 1826 2163 dor-

1040 2187 1185 2214 mientibtts
1196 2186 1314 2213 dormire
1320 2185 1459 2220 permittit.
1467 2185 1656 2212 Acceuduutur
1664 2184 1770 2210 enimet
1780 2190 1826 2215 per

1039 2233 1211 2264 ambitiones,
1226 2237 1253 2259 et
1264 2232 1384 2266 iacentes
1396 2231 1565 2265 perturbant.
1576 2236 1603 2256 et
1617 2237 1678 2256 cum
1694 2229 1826 2256 dormien-

1039 2280 1111 2306 tibus
1122 2286 1173 2305 non
1188 2277 1336 2310 dormiunt,
1350 2277 1397 2304 sed
1411 2284 1516 2310 semper
1528 2280 1591 2302 sunt
1607 2276 1745 2310 iuquieta‘.
1758 2274 1824 2302 Cum

1039 2330 1129 2352 autem
1146 2323 1275 2359 pudicitia
1295 2322 1376 2349 fuerit
1396 2321 1581 2356 subingressa.
1598 2329 1657 2347 cum
1680 2321 1724 2347 illa
1750 2319 1825 2347 habi-

1039 2373 1137 2400 taverit
1153 2376 1181 2398 ut
1207 2370 1316 2400 domina
1327 2389 1335 2402 .
1350 2377 1411 2397 eum
1434 2369 1558 2396 detinens
1575 2367 1666 2399 fuerit,
1683 2375 1743 2394 cum
1769 2366 1826 2395 Suis

1040 2417 1198 2446 retinaculis
1215 2416 1344 2444 tutaverit
1357 2416 1485 2445 domum;
1504 2419 1568 2442 tunc
1591 2414 1662 2445 sicut
1676 2412 1825 2447 prmdomiti

1039 2464 1114 2500 equi,
1126 2468 1154 2489 et
1166 2462 1199 2489 ad
1213 2462 1345 2497 prazscpia
1360 2461 1443 2495 quieti
1459 2465 1531 2492 sunt,
1547 2464 1574 2487 et
1587 2460 1615 2487 in
1630 2459 1772 2485 itineribus
1782 2465 1826 2484 re-

1039 2517 1113 2539 ctum
1131 2513 1282 2545 agnoscunt
1304 2509 1367 2541 iter,
1385 2507 1495 2535 nutibus
1515 2510 1608 2540 utpote
1622 2505 1766 2540 digitorum
1780 2504 1827 2530 ad-

1040 2558 1111 2584 ducti
1131 2565 1138 2583 :
1153 2557 1192 2583 ita
1207 2563 1268 2582 cum
1293 2554 1376 2581 semel
1390 2559 1470 2581 tenax
1487 2552 1568 2580 fuerit
1584 2551 1728 2586 pudicitia,
1739 2555 1766 2578 et
1780 2551 1827 2578 do-

1041 2605 1141 2633 muerit
1168 2603 1420 2637 coucupisceutias,
1446 2605 1473 2627 et
1496 2599 1659 2634 mitigaverit
1685 2597 1827 2627 libidines.

1039 2651 1237 2678 manducamus
1256 2650 1418 2681 honeste.et
1435 2647 1551 2675 bibimus
1566 2649 1719 2674 mensurate
1732 2653 1739 2669 :
1753 2649 1827 2670 men-

1040 2702 1117 2725 surat
1130 2697 1203 2725 enim
1222 2704 1282 2731 qua
1301 2697 1376 2724 adest
1391 2693 1531 2730 pudicitia.
1544 2691 1665 2726 Denique
1678 2696 1707 2718 et
1717 2690 1828 2717 honeste

1075 2787 1131 2823 (Π)
1151 2786 1201 2815 Ms.
1217 2786 1485 2823 roncupisqgmiarum
1508 2787 1641 2815 motiones,
1656 2783 1764 2818 ﬂuctus.
1777 2779 1823 2808 ΰῖιν

1036 2820 1182 2855 meum.
1198 2823 1322 2849 turbelas.
1339 2820 1437 2857 Neque.
