2024 3208
137 171 207 200 Ηιὸ

618 171 663 199 DE
684 172 880 201 SPlRlTUAlJ
902 172 1077 202 COGITATU
1099 173 1249 202 llOMlNlS.

1688 174 1755 201 lltﬁ

134 230 293 259 dormimus.
306 233 333 257 et
345 229 427 258 sobrii
439 229 600 264 excitamur,
609 236 635 258 et
651 231 774 258 videmus
796 232 913 266 pulchri-
932 242 956 270 Α
970 234 1042 259 cuitu
1071 233 1158 259 adhuc
1174 231 1360 259 adulescentes
1376 236 1454 264 sunt,
1479 235 1505 258 et
1532 232 1643 259 necdum
1672 240 1754 265 «per:

133 275 254 303 tudinem
266 275 364 308 vultus,
381 281 409 303 et
427 274 663 310 pulchritudinem,
680 282 707 304 et
722 285 773 303 non
788 282 816 304 ιιι
832 277 917 304 oﬂen-

132 322 246 348 sionem.
265 322 352 349 Aures
370 330 477 357 quoque
495 327 601 349 nostras
626 331 676 350 non
700 323 817 357 perforat
833 324 917 350 melo-

131 368 185 394 dia.
198 367 254 394 Scit
267 367 337 394 enim
353 369 479 402 pudicitia
491 373 517 395 et
533 369 637 396 solvere
651 377 740 397 ceram
757 369 781 396 in
795 371 916 401 auribus,

132 419 219 446 neque
238 417 334 439 noceat
354 414 487 439 audit-mia
509 413 575 449 (48).
592 413 687 441 Nostra
709 414 780 440 enim
798 414 915 440 membra

131 463 306 492 operameuta
322 459 456 493 pudicitiae
472 460 549 488 liuut.
568 459 667 488 Oculus
679 460 751 486 videt
765 460 860 487 bonam
879 460 918 486 fa-

130 505 210 538 ciem,
224 510 251 533 et
266 513 327 533 eum
345 506 486 533 honestate
497 514 555 532 eam
574 507 704 533 intuetur.
720 506 777 532 Non
796 511 918 532 moretur

130 552 163 577 ad
186 552 448 586 concupiscentiam,
466 553 512 579 sed
535 553 607 578 videt
631 553 656 578 iu
681 553 747 579 facie
769 552 918 586 pulchritu-

130 595 232 628 dinem,
250 602 277 624 et
290 598 391 632 Cogitat
408 598 496 631 qualis
516 599 550 625 sit
574 598 746 633 pulchritudo
760 598 786 624 itt
809 598 915 630 anima;

130 646 156 668 et
176 649 236 677 qua:
251 650 265 668 a
284 642 348 669 foris
364 647 427 669 stmt
443 643 511 670 bona
527 644 559 669 ad
574 644 747 677 semetipsum
769 644 915 676 adducens,

129 693 156 713 ct
182 695 196 713 a
215 687 292 714 bouls
317 688 384 715 bona
403 689 538 723 decerpit.
564 694 590 715 et
616 698 667 715 non
689 690 714 715 iu
739 690 816 715 malis
834 688 916 715 offen-

130 733 178 759 dit.
195 731 274 760 Sicut
288 741 399 767 corpora
420 734 562 760 incolumia
581 735 614 762 ab
627 734 751 761 amnibus
775 734 915 760 utilitatem

130 779 276 812 accipiunt,
290 785 316 805 et
330 788 343 805 ιι
361 784 445 809 ιιιοιυ,
462 785 489 806 et
514 780 546 806 ab
569 781 743 812 exercitio,et
756 788 769 806 a
782 788 872 810 cursu.
889 785 916 807 et

130 823 164 848 ab
181 824 317 855 unctione,
334 828 360 851 et.
384 832 397 850 a
413 832 506 850 somno
518 845 524 854 ,
543 831 568 850 et
582 826 614 852 ab
633 833 705 856 esca,
721 831 747 852 et
761 834 774 851 a
789 831 851 860 potu
862 833 868 850 :
880 826 914 851 ita

129 874 251 901 econtra,
265 877 323 904 qua:
347 876 477 904 mgrotaut
492 871 524 897 ab
544 872 669 897 Omnibus
695 877 836 898 uocentur.
856 872 913 898 \‘ini

129 915 200 941 enim
216 915 297 940 etiam
321 915 431 942 odorem
448 920 579 942 excusant
595 921 621 942 et
643 917 768 948 unguenti
782 917 913 948 nidorem,
932 919 951 944 Β

129 965 155 986 ι·ι
177 960 283 988 itineris
311 965 422 992 mottnn,
438 965 463 988 et
488 969 588 993 escam,
604 966 631 988 et
648 961 801 996 fridgorem,
814 961 917 988 etealo—

130 1013 198 1033 rem.
213 1006 307 1033 Omnia
323 1007 394 1033 enim
418 1007 457 1033 eis
477 1012 573 1034 nocent
604 1007 648 1041 qui
677 1008 746 1034 male
760 1015 788 1034 se
808 1007 916 1034 habent.

129 1052 224 1080 Omnia
240 1057 327 1079 autem
338 1053 497 1086 prosunthis
505 1054 549 1088 qui
566 1054 714 1080 incolumes
725 1054 868 1080 habentur.
881 1053 916 1080 Ita

128 1105 155 1126 et
179 1099 347 1126 libidinosum
364 1100 455 1126 omnia
475 1105 584 1126 moveut
602 1100 635 1127 ad
649 1108 759 1131 noxam,
778 1104 805 1127 et
819 1100 916 1133 rullus,

129 1150 156 1171 ct
171 1145 352 1179 pulchritudo,
370 1151 397 1172 et
421 1147 583 1179 compositio
611 1147 743 1178 melodiat,
764 1151 790 1174 et
802 1147 917 1174 vestium

131 1193 257 1225 varietas,
271 1197 298 1219 et
321 1192 407 1219 honor
420 1193 578 1226 quidam,et
598 1192 666 1219 bona
684 1201 764 1227 opera
788 1193 820 1219 ad
848 1192 916 1220 mala

131 1239 328 1266 transferuntur
339 1239 374 1265 ei.
385 1239 435 1271 Qui
454 1244 542 1265 autem
560 1239 665 1265 sobrius
678 1243 729 1270 est,
742 1247 772 1266 ex
788 1239 915 1272 adverso;

130 1285 191 1319 quia
207 1290 234 1312 et
260 1285 394 1311 contraria
416 1285 452 1311 illi
469 1290 542 1316 sunt,
556 1292 569 1310 a
595 1285 672 1312 bonis
692 1287 762 1312 enim
787 1286 855 1313 bona
872 1286 918 1312 dc-

131 1338 253 1366 rerpens,
265 1331 381 1358 diresin
394 1331 470 1358 bouis
485 1337 535 1358 est.
552 1331 589 1358 lta
605 1339 669 1366 ergo
682 1333 798 1367 pretiosa
813 1337 854 1359 est
869 1340 917 1367 pu-

132 1377 233 1409 dicitia,
245 1378 317 1411 quia,
328 1378 390 1405 dum
407 1378 492 1409 adest.
507 1383 532 1405 et
542 1378 654 1413 iustitia:
668 1383 801 1414 prmparat
816 1378 915 1411 locum,

131 1423 176 1450 dat
190 1423 271 1450 etiam
280 1424 393 1457 spatium
409 1429 436 1450 et
448 1425 540 1452 virtuti
552 1434 558 1452 ε
571 1425 736 1452 intellectum
746 1431 834 1452 autem
847 1425 915 1460 (49),

131 1474 160 1495 ιιι
185 1469 375 1503 interpretetur
387 1478 496 1504 nomen,
514 1471 609 1498 salvat.
624 1471 694 1506 Ergo
706 1472 877 1507 amplectitur
891 1478 918 1500 et

129 1516 279 1542 circumdat
293 1517 433 1549 virtutem,
443 1523 470 1545 et
483 1519 554 1544 sicut
569 1523 654 1545 mater
673 1520 793 1554 quaedam
810 1519 918 1554 pietatis

129 1561 245 1588 cfllcitur
273 1563 412 1590 fratribus.
435 1563 508 1590 Bona
530 1564 637 1598 quidem
661 1569 703 1591 est
722 1565 828 1592 virtutis
843 1565 917 1592 forti-

131 1608 204 1640 tudo,
222 1608 268 1635 sed
289 1616 341 1636 non
359 1617 465 1643 semper
479 1617 538 1636 eam
561 1611 742 1637 necessariam
764 1610 915 1642 habemus;

130 1651 200 1681 forte
212 1658 301 1681 autem
320 1654 424 1681 audebo
435 1659 462 1681 et
475 1655 565 1682 dicere
580 1664 586 1682 :
601 1655 708 1683 Utinam
722 1664 774 1682 non
794 1657 917 1687 eam,sed

130 1706 207 1734 opus.
223 1700 250 1727 Si
269 1700 330 1735 quis
348 1700 420 1726 enim
436 1708 495 1726 eam
512 1701 657 1735 acceperit,
675 1706 777 1728 tantmn
800 1701 826 1729 iu
839 1701 917 1728 bellis

129 1748 172 1771 est
186 1745 267 1771 utilis.
284 1743 311 1770 Si
325 1740 413 1770 autem
427 1749 454 1771 et
472 1744 497 1770 in
514 1752 580 1778 pace
592 1746 743 1772 necessaria
760 1750 802 1772 est
821 1746 917 1778 virtus,

131 1790 200 1816 forte
210 1795 238 1816 ut
249 1790 383 1817 coclliciat
399 1790 533 1824 pudicitim
547 1799 553 1816 :
568 1790 636 1818 forte
650 1792 719 1817 enirn
734 1799 794 1818 cum
806 1791 917 1825 jurgan-

131 1841 174 1863 tur
202 1837 436 1871 cencnpisceutire,
455 1842 482 1863 et
507 1838 613 1865 illarum
639 1838 735 1866 fluctus
760 1839 916 1873 eriguntur,

129 1889 198 1914 optts
210 1887 250 1908 est
269 1886 298 1908 ut
310 1882 424 1909 viriliter
440 1884 550 1911 resistat
567 1884 706 1917 pudicitia.
727 1885 754 1911 Si
771 1885 853 1919 igitur
869 1886 917 1911 ad<

131 1927 241 1953 reuicus
261 1928 321 1954 istic
335 1927 453 1960 jurcrit,
472 1934 534 1955 tunc
556 1929 607 1955 erit
625 1931 739 1963 pretiosa
753 1935 781 1957 et
803 1931 829 1957 iu
853 1939 918 1965 pace

133 1971 226 1998 virtus.
243 1971 300 1998 Non
321 1973 418 2007 quippe
431 1974 601 2008 semetipsum
615 1975 764 2007 vindicans,
781 1976 827 2002 sed
840 1976 917 2010 pudi-

132 2017 202 2044 citim
220 2019 392 2052 coadjuraus.
411 2019 438 2046 Si
456 2025 545 2046 autent
561 2020 624 2047 etin
641 2020 710 2047 bello
733 2021 818 2048 virtus
835 2030 918 2056 pona-

131 2069 184 2095 tur,
201 2064 370 2090 medietalem
389 2066 495 2099 generis
520 2066 643 2100 despicit.
659 2066 786 2094 Mulieres
801 2068 872 2094 enim
885 2068 918 2094 ad

131 2109 304 2143 przeliandum
330 2118 466 2138 armamus
495 2112 550 2147 (50)
565 2121 572 2143 ;
590 2112 717 2146 pudicitia
746 2118 835 2140 autern
849 2119 875 2141 et
891 2114 917 2140 in

129 2155 195 2181 viris
218 2157 334 2190 pretiosa
349 2162 399 2189 est,
413 2157 504 2184 utilior
517 2163 606 2184 autem
627 2162 654 2185 et
670 2159 838 2186 mulieribus.
864 2160 919 2186 Cur

129 2206 219 2228 autem
239 2210 291 2228 non
307 2202 421 2235 dicatur,
441 2203 511 2237 quod
526 2211 618 2231 verum
631 2208 682 2236 est,
693 2205 755 2238 quia
773 2210 801 2232 et
812 2205 917 2233 virtutis

971 278 1032 305 belli
1045 279 1207 311 didicerunt,
1215 285 1262 304 nec
1273 278 1305 304 ad
1316 278 1406 312 praelia
1416 282 1554 307 vocantur.
1566 285 1754 312 nonnunquam

970 324 1104 358 pudicitia:
1122 323 1172 350 sibi
1187 324 1338 357 imposuere
1356 331 1483 350 coronas:
1496 323 1542 349 sed
1556 328 1583 349 et
1597 323 1630 349 ob
1643 323 1755 348 infirmi-

970 375 1051 396 tatem
1072 369 1193 403 plurimis
1207 369 1296 402 quiete
1315 369 1423 395 donatis
1434 368 1561 403 pudicitia
1579 368 1666 394 adhuc
1683 368 1755 394 utilis

970 417 1114 444 invenitur.
1127 415 1192 442 Nam
1207 416 1256 442 etsi
1273 415 1348 441 sextio
1365 416 1535 450 deponuntur
1554 414 1689 443 libidines.
1709 415 1754 440 sed

969 464 1058 491 adhuc
1087 470 1173 495 usque
1191 462 1325 489 motiones
1350 461 1649 494 concupiscentiarum,
1669 461 1756 486 intus-

970 517 1022 543 que
1034 514 1061 535 ct
1078 508 1270 536 fornicationes
1290 513 1421 541 aegrotant
1434 511 1462 534 et
1477 506 1679 541 occidunt(51),
1697 515 1755 540 qua:

971 555 1112 582 libidinem
1128 555 1268 580 continere
1291 562 1342 579 nou
1364 557 1493 587 possunt,
1516 558 1543 578 et
1569 558 1659 585 patres
1673 553 1756 578 deho-

969 606 1077 627 nestaut
1089 621 1096 633 ,
1111 608 1170 634 qum
1188 599 1350 626 monitiones
1362 599 1494 633 pudicitia:
1510 606 1560 624 uon
1580 598 1694 624 libenter
1711 606 1755 624 ac.

968 646 1080 680 cipiunt.
1101 646 1130 672 Si
1145 645 1216 671 enitn
1233 645 1339 670 adesset
1354 644 1483 678 pudicitia
1495 664 1501 675 ,
1520 651 1606 677 neque
1621 643 1756 669 iuraretur

967 693 1027 726 quis
1040 713 1047 724 ,
1062 698 1151 725 neque
1162 690 1297 717 occideret
1319 690 1415 724 aliquis
1426 709 1433 721 ,
1450 694 1554 715 amaret
1569 694 1658 714 autem
1670 693 1695 713 et
1707 695 1756 722 pa-

968 737 1018 763 tris
1033 736 1131 762 mouita
1147 735 1225 761 ﬁlius.
1244 735 1338 761 Divina
1359 734 1493 768 possessio
1508 733 1558 760 ista
1569 754 1576 764 ,
1590 733 1637 759 sed
1650 731 1756 758 dillicile

967 783 1116 809 invenitur.
1134 781 1184 814 Qui
1204 786 1293 807 autern
1308 780 1363 814 jam
1386 780 1485 807 habent
1508 779 1595 809 illam,
1612 785 1670 813 qum
1696 782 1757 812 post

968 828 1191 855 resurrectionem
1209 827 1297 854 futura
1321 831 1361 853 est
1380 825 1570 853 conversatio?
1598 824 1667 851 Dicit
1684 824 1755 851 enim

970 875 1052 909 ipsius
1070 875 1143 908 regni
1163 875 1291 901 Dominus
1309 878 1335 899 et
1355 877 1532 907 apportator:
1552 873 1704 906 Quicunque
1716 879 1757 897 re—

969 923 1139 948 surrectionis
1161 925 1321 947 mortuorum
1343 920 1415 954 digni
1430 919 1543 953 fuerint,
1564 927 1616 944 non
1637 918 1756 949 nubunt,

970 976 1049 1002 neque
1068 968 1210 999 nttbenlur,
1226 967 1270 993 sed
1281 972 1308 992 nt
1326 966 1413 1000 angeli
1431 970 1505 992 erunt
1522 965 1568 991 Dei
1583 965 1617 996 “,
1630 963 1692 998 quia
1706 970 1756 991 nec

970 1015 1038 1041 mori
1052 1014 1106 1048 jam
1120 1018 1242 1047 possunt.
1258 1013 1280 1041 Ο
1296 1013 1484 1040 inunortalitas
1500 1011 1754 1047 pudicitiaajunetal

970 1060 1020 1092 Qui
1037 1060 1062 1086 iu
1080 1060 1155 1086 bellis
1174 1060 1283 1086 riucuut
1295 1067 1345 1085 non
1363 1059 1516 1086 efliciuntur
1534 1064 1562 1084 ut
1584 1057 1671 1092 angeli
1685 1079 1691 1089 ,
1709 1056 1756 1084 sed

969 1105 1013 1138 qui
1030 1111 1115 1137 neque
1130 1104 1233 1130 nubunt
1255 1111 1341 1138 ueqtte
1353 1105 1497 1130 nubentur.
1508 1103 1562 1130 lloc
1574 1103 1702 1137 judicium
1715 1106 1757 1129 est

975 1149 1031 1182 ejus
1046 1150 1091 1183 qni
1119 1149 1182 1176 fecit
1210 1155 1344 1177 naturam.
1367 1149 1432 1176 Nam
1454 1153 1480 1176 ct
1494 1149 1557 1176 alibi
1575 1150 1606 1175 ad
1631 1153 1755 1176 ornatum

970 1194 1054 1228 ipsius
1072 1194 1208 1228 pudicitia:
1223 1194 1327 1221 locutus
1339 1200 1380 1222 est
1398 1194 1526 1221 llomiuus
1542 1202 1548 1220 :
1569 1188 1629 1220 Non
1648 1201 1755 1226 omnes,

971 1239 1076 1273 inquit,
1095 1245 1154 1266 sunt
1169 1240 1260 1274 digni,
1281 1241 1325 1266 sed
1349 1239 1444 1274 quibus
1469 1242 1560 1266 datum
1578 1244 1613 1266 est
1627 1239 1662 1267 ".
1680 1239 1755 1271 Quod

969 1285 1042 1312 enim
1060 1286 1140 1312 homo
1151 1294 1180 1312 cx
1196 1290 1292 1312 natura
1307 1293 1358 1312 non
1375 1285 1486 1318 habuit,
1509 1285 1558 1312 hoc
1581 1285 1616 1312 sit
1642 1284 1756 1318 desuper

971 1332 1070 1359 donqu
1091 1341 1098 1359 :
1115 1332 1161 1359 sed
1178 1331 1243 1359 mihi
1259 1331 1367 1366 quidem
1384 1331 1512 1366 pudicitia
1532 1331 1582 1357 ista
1603 1338 1679 1358 suam
1697 1329 1756 1363 pul-

969 1378 1150 1406 chritudinem
1164 1378 1302 1410 ostendat,
1333 1382 1360 1404 et
1388 1377 1487 1404 sensim
1507 1377 1610 1408 trahat,
1624 1380 1650 1402 et
1675 1374 1757 1401 relin-

969 1431 1067 1462 quatur
1084 1434 1136 1454 nou
1148 1426 1259 1458 cedens,
1277 1432 1364 1459 neque
1376 1425 1475 1465 repleta
1491 1428 1518 1451 et
1533 1428 1607 1458 capta
1624 1423 1688 1450 :sed
1704 1421 1756 1449 sie-

969 1480 998 1502 ut
1025 1476 1084 1502 avis
1115 1474 1237 1510 quaedam
1267 1473 1414 1504 adornata,
1443 1477 1634 1504 nonnunquam
1665 1468 1756 1495 ludere

969 1521 1129 1547 desiderans
1144 1520 1244 1546 sensim
1270 1519 1391 1550 recedit,
1405 1522 1432 1545 et
1456 1518 1481 1544 in
1504 1525 1537 1544 eo
1550 1516 1613 1544 dum
1630 1514 1755 1546 videtur,

970 1571 1059 1593 movet
1071 1566 1254 1597 desiderium;
1270 1565 1369 1592 sensim
1386 1569 1476 1591 autem
1498 1563 1560 1591 dum
1582 1568 1714 1593 movetur,
1725 1560 1756 1588 il-

969 1612 1026 1639 licit
1049 1616 1077 1639 ut
1094 1619 1152 1638 eam
1168 1611 1229 1646 quis
1250 1611 1426 1644 insequatur;
1456 1616 1508 1636 non
1528 1609 1634 1643 capitur
1648 1601 1760 1639 autem,-

969 1659 1030 1693 quia
1049 1657 1131 1691 ipsius
1144 1661 1186 1684 est
1201 1661 1230 1683 ut
1243 1656 1367 1691 effugiat:
1377 1655 1512 1690 protendit
1526 1659 1616 1681 autem
1635 1659 1757 1686 cursum,

968 1709 996 1731 et
1012 1712 1073 1731 cum
1087 1704 1148 1738 quis
1164 1703 1280 1730 maxime
1297 1701 1430 1737 putaverit
1452 1707 1481 1728 se
1503 1698 1755 1735 comprehendisse.

970 1754 1058 1776 movet
1075 1756 1189 1782 pennam
1203 1752 1230 1775 et
1244 1747 1316 1774 volat
1330 1757 1335 1774 :
1351 1748 1386 1773 ita
1401 1751 1427 1774 et
1442 1745 1569 1782 pudicitia
1581 1752 1657 1772 suam
1668 1743 1758 1770 varie-

972 1800 1052 1822 latent
1070 1795 1096 1822 in
1111 1796 1250 1822 honestate
1262 1794 1419 1828 proferens,
1435 1793 1535 1820 sensim
1552 1795 1641 1818 autem
1657 1798 1686 1818 se
1702 1797 1756 1817 mo-

970 1850 1033 1869 reus
1046 1847 1072 1868 et
1097 1848 1287 1873 commovens,
1312 1839 1337 1865 in
1354 1844 1455 1865 tantum
1474 1845 1516 1865 me
1536 1837 1616 1864 traxit
1631 1841 1660 1863 ut
1685 1836 1758 1862 inse-~

970 1895 1067 1922 querer
1084 1895 1091 1913 ἒ
1109 1895 1169 1913 cum
1182 1891 1270 1912 autem
1280 1884 1340 1919 jam
1359 1888 1481 1919 putarem
1496 1890 1538 1909 me
1551 1889 1631 1916 posse
1646 1887 1756 1908 manum

969 1932 1114 1959 extendere
1127 1939 1240 1966 eamque
1260 1929 1488 1965 comprehendere
1501 1949 1508 1961 ,
1522 1934 1630 1954 movens
1654 1932 1756 1961 pennas

970 1979 1094 2013 superius
1109 1985 1139 2004 se
1152 1976 1221 2004 cccln
1239 1975 1393 2009 coniungit,
1411 1974 1445 2001 ad
1457 1973 1566 2009 angelos
1582 1971 1697 2003 scilicet,
1711 1971 1755 1999 ubi

970 2025 1027 2056 ejus
1045 2028 1137 2049 natura
1154 2027 1235 2049 estut
1252 2026 1369 2048 maneat-
1381 2021 1412 2047 lit
1426 2020 1482 2054 ipsa
1495 2019 1602 2053 quidem
1619 2025 1671 2045 non
1682 2025 1757 2044 com-

971 2069 1102 2104 prehensa
1117 2068 1232 2100 mansit,
1252 2075 1293 2094 me
1312 2073 1402 2093 autem
1428 2065 1537 2100 reliquit
1561 2067 1713 2098 stupentem
1730 2067 1759 2089 et

969 2115 1168 2142 desiderantem
1183 2113 1467 2149 comprehensionem,
1488 2118 1568 2145 quam
1594 2115 1760 2146 persequens

971 2170 1024 2188 nou
1043 2160 1220 2195 apprehendi.
1235 2159 1321 2187 Etiam
1343 2159 1452 2193 quidem
1478 2157 1635 2191 colligamus
1655 2161 1758 2183 sermo!

971 2217 1048 2240 ncm;
1065 2213 1091 2235 et
1103 2207 1165 2242 quia
1180 2206 1307 2240 pudicitia
1322 2205 1404 2232 multa
1420 2210 1551 2238 superans
1565 2207 1591 2229 et
1604 2207 1757 2228 sermonem

129 2247 214 2281 ipsius
232 2247 335 2275 fructus
348 2253 374 2275 et
394 2248 420 2275 in
434 2249 511 2276 bellis
525 2250 560 2277 ob
579 2251 734 2284 pudicitiam
751 2252 920 2279 necessarius
935 2253 957 2280 D
974 2256 1061 2289 ipsum
1076 2254 1120 2285 qui
1138 2253 1171 2280 de
1184 2253 1277 2280 eadem
1299 2257 1338 2280 cst
1352 2248 1592 2284 iuiuterpretabilis
1602 2267 1610 2278 ,
1629 2246 1755 2278 recessit,

128 2292 190 2318 est?
208 2291 268 2318 Ideo
282 2293 352 2318 enim
367 2294 527 2329 suscipimus
542 2295 645 2329 prmlia,
656 2301 685 2322 ut
700 2304 752 2323 non
771 2297 918 2324 adversarii

129 2341 301 2371 Superantes,
319 2338 446 2367 mulieres
471 2346 550 2367 extra
578 2341 663 2375 legem
697 2342 834 2376 pudicitiae
857 2350 918 2370 cor-

130 2387 267 2417 rumpant.
287 2382 314 2409 Si
330 2383 401 2410 enim
421 2384 456 2411 ob
470 2385 520 2412 hoc
533 2394 694 2420 pugnamus,
708 2392 735 2413 et
754 2395 850 2422 pugnte
870 2392 919 2414 ler-

130 2435 205 2455 rorcs
222 2429 392 2462 suscipimus,
418 2430 502 2457 virtus
519 2432 553 2457 ob
582 2432 738 2465 pudicitiam
752 2438 779 2459 et
795 2434 819 2460 in
842 2434 919 2460 bellis

129 2478 258 2500 certatur.
274 2474 349 2501 Sicut
363 2475 434 2501 enim
460 2476 589 2510 naupegia
608 2485 653 2503 ars
668 2479 850 2510 gubernatrici
868 2480 918 2506 mi-

130 2521 238 2549 nistrat,
256 2521 290 2547 ita
304 2527 331 2547 et
347 2522 432 2547 virtus
446 2521 581 2554 pudicitiae
595 2529 724 2557 praeparat
738 2526 918 2560 tranquillita-

95 2595 98 2598 ν
132 2570 195 2591 tem.
217 2565 304 2592 Divisa
327 2567 467 2601 estigitur
489 2567 576 2593 virtus
589 2576 621 2595 cx
642 2575 717 2603 parte
738 2571 852 2597 maxima
871 2578 918 2607 ge-

131 2610 187 2636 neri
206 2616 297 2637 nostro
310 2620 315 2638 :
326 2613 371 2638 scd
386 2621 435 2639 nec
449 2613 514 2640 viris
539 2615 667 2642 omnibus
684 2615 756 2642 utilis
773 2616 916 2643 inrenitnr.

131 2656 262 2683 Prawenit
285 2659 355 2685 enim
379 2667 437 2685 eam
462 2665 488 2687 et
516 2662 684 2695 temporibus
711 2662 850 2696 pudicitia.
866 2663 915 2696 Qui

974 2302 1129 2328 universam
1156 2300 1301 2327 humanam
1328 2296 1519 2325 transcenderis
1541 2298 1662 2321 naturam
1676 2300 1684 2318 :
1698 2297 1758 2318 sera

974 2355 1017 2374 mo
1031 2351 1121 2373 autem
1139 2345 1278 2372 inveniens
1292 2351 1351 2379 qua:
1368 2344 1436 2371 Deus
1453 2339 1605 2369 hominibus
1625 2337 1734 2366 donavit
1746 2355 1759 2369 ,_

972 2399 999 2419 et
1014 2393 1064 2421 hoc
1081 2392 1251 2423 mortalibus,
1262 2399 1309 2426 per
1321 2397 1380 2424 quae
1400 2387 1627 2416 immortalitatem
1642 2385 1682 2411 eis
1695 2391 1757 2418 pro-

971 2438 1093 2471 rurarit,
1115 2439 1147 2464 ad
1164 2437 1313 2472 gratiarum
1331 2435 1465 2461 actionem
1481 2433 1579 2459 iterum
1598 2438 1626 2459 se
1639 2436 1755 2458 conver-

973 2489 1009 2510 tat
1019 2504 1026 2515 ,
1041 2488 1068 2510 ct
1080 2484 1112 2510 de
1130 2488 1224 2510 sancto
1235 2487 1261 2508 et
1273 2480 1472 2511 sanctificante,
1485 2485 1532 2512 per
1542 2484 1621 2511 quem
1634 2479 1759 2506 sanctqu

973 2527 1022 2553 hoc
1040 2528 1142 2553 donum
1156 2525 1308 2553 hominibus
1327 2524 1420 2555 misit,
1442 2531 1489 2557 per
1506 2521 1670 2557 unigenitum
1684 2519 1756 2545 scili-

973 2577 1014 2598 cet
1027 2580 1103 2598 suum
1118 2571 1225 2602 Filium,
1243 2570 1278 2597 sit
1289 2570 1312 2596 ei
1326 2569 1412 2604 gloria
1429 2573 1456 2595 et
1479 2569 1580 2599 honor,
1597 2565 1759 2606 imperium,

973 2619 1100 2652 maiestas
1118 2626 1177 2645 cum
1195 2617 1295 2652 Spiritu
1310 2621 1405 2643 sancto
1421 2621 1447 2643 et
1463 2624 1532 2643 nunc
1548 2619 1575 2642 et
1592 2620 1715 2647 Semper,
1729 2616 1758 2639 et.

972 2674 1017 2699 per
1030 2666 1118 2691 omnia
1134 2664 1229 2690 smcnla
1247 2663 1416 2691 swculorutn.
1431 2662 1527 2689 Amen.
1755 2663 1758 2697 ξ

165 2734 189 2753 ⁵⁸
204 2734 298 2763 Matth.
318 2744 374 2764 χιιι
387 2757 394 2770 ,
411 2737 455 2764 30.
470 2737 552 2765 Marc.
572 2746 623 2772 ιιι,
639 2739 685 2767 25.
701 2738 766 2766 Luc.
782 2748 815 2767 tu
852 2740 896 2768 35.

970 2742 1056 2769 tlatth.
1072 2749 1127 2773 xu,
1155 2741 1194 2768 ll.

167 2817 224 2850 (48)
245 2817 293 2844 Ms.
311 2819 432 2851 auribus,
448 2828 478 2846 ne
491 2825 583 2848 noceat
599 2821 743 2848 audientia.

166 2852 222 2883 (49)
242 2851 406 2893 Intellectum
413 2861 509 2893 ᾳιιισῃι.
522 2857 624 2893 Auctor
631 2855 805 2892 Etguwlagici
822 2857 921 2893 magni,

133 2887 298 2923 Σωφροσύνη
312 2889 386 2931 ira-pd:
400 2889 430 2917 τὸ
446 2890 544 2923 σώζειν
559 2892 588 2919 τὸ
608 2887 725 2927 ςροιῖιτν.

1011 2823 1069 2857 (50)
1090 2822 1130 2849 Ad
1156 2819 1416 2857 pra-liandunIuMs.
1437 2820 1471 2845 ad
1498 2818 1589 2852 ιιι-αὕη
1610 2825 1758 2847 armantur.

978 2855 1058 2885 Forte
1074 2855 1224 2890 legendum.
1239 2857 1272 2881 ad
1285 2855 1376 2888 pratia
1393 2863 1444 2881 non
1458 2861 1602 2881 armnmul.

1013 2893 1069 2927 (51)
1087 2892 1134 2919 Ms.
1153 2891 1340 2925 fornicationes
1351 2895 1456 2923 (rogant
1473 2894 1495 2916 et
1513 2890 1646 2917 occidunt.
