2024 3208
281 190 350 220 {M7

598 190 730 218 Ειτεειιιι
751 191 991 220 (ΖᾸΞΞΑΒΙΕΝΞΙΞ
1010 188 1060 220 ΟΪἾ

1112 194 1196 221 PARS
1215 192 1261 221 ιν.
1280 209 1314 214 -
1334 192 1543 221 DOGMATICA.

1833 192 1900 220 ιιιε

759 350 1041 407 EUSEBII
1083 351 1422 407 PAMPHILI

390 469 463 512 DE
488 468 565 515 EO
592 468 761 522 QUOD
789 470 941 514 DEUS
969 469 1163 514 PATER
1192 469 1633 515 INCOIlPORALIS
1658 471 1790 525 EST,

922 566 1039 596 LIBER
1061 565 1255 602 QUARTUS.

312 713 351 740 Ad
377 713 463 748 ipsum
489 713 572 740 Deum
597 719 720 742 nostrum
746 715 882 749 erigamus
896 716 1042 751 cogitatum
1056 735 1064 748 ,
1078 719 1102 746 Α
1116 715 1176 743 detn
1191 720 1218 743 et
1233 715 1336 750 lapides
1354 715 1404 742 hoc
1420 715 1505 748 ipsqu
1525 719 1552 741 ut
1567 719 1659 742 essent
1684 715 1784 742 habent
1799 724 1806 742 :
1821 714 1899 744 arbo-

273 759 330 793 μω
356 767 409 787 non
432 760 611 788 concedentes
635 761 761 795 cogitatui
791 761 884 796 fugere
902 767 930 788 et
957 763 1062 789 vitare:

276 805 411 839 parcimus
427 805 498 833 enim
516 806 620 834 timenti
634 816 642 834 :
661 815 787 841 urgemus
803 812 891 834 autem
912 816 963 835 non
977 816 1062 842 quan-

277 855 320 879 tus
333 856 372 878 est
386 851 456 878 Deus
469 859 529 879 eum
546 860 667 887 qua-rere
676 873 684 886 ,
697 853 743 880 sed
758 859 886 888 quantuni
902 854 952 888 ipsi
964 854 1065 888 cogita-

276 899 312 924 tui
333 898 460 932 possibile
484 903 526 927 est
544 900 688 928 aestimare.
711 899 807 927 Multas
827 901 899 928 enim
926 901 1064 928 adinvenit

275 944 326 971 sibi
341 943 518 979 confugientes
528 966 536 979 ,
550 950 578 973 et
593 945 735 974 dilationes
747 967 755 979 ,
769 951 795 973 et
807 946 999 980 circuitiones.
1013 948 1062 976 bo—

276 997 338 1016 num
357 995 449 1024 utpote
466 991 660 1026 pertimescens
677 993 814 1020 timorem.
837 993 890 1020 Sed
908 994 978 1021 sicut
993 1001 1062 1027 equo

275 1043 467 1071 nonnunquam
479 1037 588 1071 territo,
600 1043 627 1066 et
641 1039 748 1067 nolente
764 1045 866 1067 rectum
888 1040 939 1067 iter
955 1046 1061 1075 petere.

274 1088 302 1110 ct
320 1082 395 1112 freno
409 1084 461 1110 vim
474 1084 588 1114 facimus
601 1106 609 1119 .
622 1091 649 1114 et
662 1087 797 1114 calcaneis
812 1093 959 1122 pungentes
974 1089 1062 1115 corri-

274 1129 379 1163 gimus.
394 1135 421 1157 et
438 1131 574 1160 refrenare
600 1136 737 1161 tentamus
760 1134 795 1160 ab
818 1134 860 1161 his
874 1141 933 1165 quae
957 1134 981 1160 ei
1009 1141 1060 1160 non

275 1176 454 1203 com-edimus
470 1186 476 1204 :
494 1177 531 1204 ita
552 1182 579 1205 et
599 1186 670 1207 nunc
687 1179 816 1207 extollere
830 1180 863 1207 ad
887 1180 968 1206 Deum
987 1179 1061 1214 cogi-

276 1225 360 1247 tatum
375 1221 522 1254 debemus.
538 1229 691 1257 qumonles
706 1225 750 1252 illa
769 1233 829 1260 quae
840 1230 866 1252 et
878 1224 1018 1259 Scriptura
1028 1225 1062 1252 de

276 1265 331 1292 Deo
350 1266 433 1299 quaeri
447 1267 580 1302 permittit
594 1277 601 1295 :
616 1270 678 1304 quia
705 1278 793 1304 neque
817 1270 842 1297 in
871 1270 951 1297 domo
972 1270 1059 1300 Deus.

275 1317 364 1345 neque
377 1312 404 1338 in
430 1313 592 1347 simulacro;
606 1322 658 1341 non
675 1315 702 1342 in
719 1320 810 1342 monte
829 1320 875 1342 aut
898 1320 987 1348 terra;
1007 1324 1059 1343 non

275 1356 302 1384 in
321 1364 384 1385 aere
398 1358 465 1393 (δί),
483 1366 532 1386 nec
545 1359 570 1386 in
587 1361 645 1394 ipso
656 1365 712 1388 toto
728 1362 815 1393 coelo;
835 1370 922 1397 neque
939 1363 1060 1391 reclusus

274 1407 315 1429 est
327 1422 335 1435 ,
349 1411 436 1437 neque
450 1405 600 1438 retinetur,
616 1413 702 1441 neque
719 1407 843 1435 conﬁxus
863 1414 905 1435 est
919 1416 927 1435 :
942 1411 988 1436 sed
1000 1418 1059 1436 om-

274 1447 318 1476 nia
334 1450 441 1483 quidem
454 1450 659 1484 incorporaliter
671 1453 808 1487 complet,
823 1454 856 1481 ab
868 1455 994 1482 omnibus
1010 1463 1060 1482 au-

275 1497 328 1519 tem
341 1493 559 1522 inenarrabiliter
572 1501 613 1523 est
624 1501 776 1532 separatus.
794 1498 848 1526 Nos
860 1504 950 1527 autem
968 1505 995 1527 et
1007 1501 1061 1529 late

275 1537 420 1566 irridemns
432 1547 499 1572 eos,
518 1541 563 1575 qui
585 1546 680 1576 putant
705 1551 766 1571 esse
782 1543 880 1577 Deum,
907 1550 953 1573 aut
977 1546 1059 1578 deos.

268 1586 405 1617 ;tanquam
422 1592 530 1620 gregem
557 1587 699 1620 quemdam
724 1588 857 1616 reclusum
880 1590 905 1617 in
924 1591 1034 1618 mandra
1051 1600 1059 1618 :

275 1628 374 1662 quippe
388 1629 464 1656 valde
484 1634 512 1657 et
536 1632 758 1665 reprchemlimus
781 1641 844 1667 eos,
864 1635 910 1670 qui
926 1635 1016 1663 volunt
1034 1635 1060 1663 in

268 1672 431 1700 simulacris
450 1674 564 1701 virtutes
584 1675 690 1703 divinas
712 1676 833 1704 reclusas
853 1677 964 1710 haberi,
985 1686 1019 1706 ex
1035 1679 1061 1705 vi

267 1712 379 1747 lscilicet
400 1719 537 1746 hominutn
551 1721 739 1754 malignorum.
763 1721 908 1750 lrridemus
922 1723 993 1750 enim
1015 1731 1062 1751 eos

267 1768 338 1792 tcum
353 1764 460 1792 habitus
473 1766 588 1800 appositi
604 1766 706 1794 fuerint
724 1768 750 1795 ln
772 1768 938 1801 simulacris,
955 1769 1061 1803 quidam

267 1810 385 1844 iquidem
405 1811 582 1844 feminarum,
613 1813 721 1847 quidant
746 1819 834 1841 alitem
861 1815 1062 1848 masculorum,

267 1857 302 1888 {et
315 1856 536 1890 quadrupedum.
549 1863 577 1885 et
597 1859 774 1892 serpentium.
793 1859 907 1886 Tantum
929 1861 1001 1887 enim
1022 1861 1063 1888 lu-

266 1897 350 1942 llcrunt
363 1901 484 1935 capimus
500 1910 531 1930 ex
549 1903 654 1936 iisdem,
664 1903 725 1936 quia
740 1911 772 1930 ex
789 1904 830 1931 his
846 1912 906 1938 ane
922 1904 966 1930 alii
985 1904 1065 1932 aliter

267 1950 302 1978 ζει
317 1947 411 1974 dicunt
421 1953 557 1983 etagunt,
571 1953 598 1975 et
614 1949 731 1976 conﬂant
749 1954 776 1976 ct
798 1949 979 1982 dissentiunt,
1000 1958 1065 1978 con—

269 1991 388 2036 llitentur
405 1992 468 2026 quia
493 1999 554 2019 eum
581 1993 625 2028 qui
653 1993 784 2027 quaeritur
812 1993 946 2028 ignorant.
974 1993 1065 2028 Neque

274 2036 346 2063 enim
362 2045 460 2072 corpus
472 2043 512 2064 est
531 2039 600 2066 Deus
612 2059 619 2071 ,
635 2047 723 2074 neque
740 2040 862 2073 carperis
882 2039 1000 2074 aliquid,
1016 2039 1064 2066 ali-

273 2079 334 2113 quis
346 2085 374 2107 ut
388 2086 451 2114 puta
467 2081 558 2114 color;
576 2090 661 2117 neque
677 2083 703 2109 in
720 2091 843 2118 corpore,
856 2084 941 2119 qualis
953 2089 1061 2119 putatur

274 2131 334 2151 esse
351 2125 455 2157 anima;
468 2133 554 2160 neque
567 2127 638 2154 circa
653 2135 751 2162 corpus
764 2149 770 2161 ,
789 2129 858 2156 sicut
878 2134 987 2163 putatur
1004 2136 1061 2156 sen-

270 2162 335 2202 sus;
360 2170 408 2196 sed
427 2170 494 2197 liber
506 2176 547 2198 est
564 2177 590 2198 et
609 2180 624 2198 a
654 2178 749 2200 natura
766 2162 888 2209 corporis
905 2179 933 2201 et
956 2175 1058 2201 habitu.

273 2214 402 2249 Corporis
415 2215 486 2242 enim
505 2222 602 2242 natura
619 2218 643 2243 in
658 2219 853 2252 compositione
866 2219 1060 2253 lmhetunQute

274 2265 364 2288 autem
377 2267 592 2296 componuntur,
608 2264 698 2290 omnia
709 2271 740 2290 ea
757 2272 817 2299 qua:
834 2270 896 2292 ante
909 2265 965 2299 jam
989 2266 1059 2293 facta

272 2311 347 2338 sunt,
364 2308 586 2342 compositionem
605 2309 739 2343 accipiunt
758 2320 763 2336 :
783 2315 811 2337 ut
828 2317 889 2345 puta
901 2312 971 2345 quod
987 2313 1059 2346 dico,

274 2350 376 2385 lapides
398 2357 475 2379 erant
493 2354 591 2386 creati,
608 2355 769 2388 compositio
791 2355 910 2389 lapidum
927 2355 988 2383 fecit
1009 2357 1058 2384 do-

273 2404 356 2424 mum.
369 2397 439 2426 Deus
454 2405 541 2426 antem
559 2401 614 2435 ipsc
627 2406 720 2428 auctor
733 2405 760 2428 et
780 2402 886 2428 initittm
900 2407 952 2434 est,
968 2408 994 2430 et
1006 2411 1057 2430 non

272 2444 306 2471 ah
322 2444 363 2470 his
381 2452 441 2478 qua:
456 2451 535 2473 erant
551 2447 637 2479 facta,
655 2448 712 2482 ipse
732 2448 895 2482 compositus
912 2449 1056 2477 invenitur.

273 2488 392 2523 Simplex
407 2491 478 2518 enim
493 2497 520 2518 et
535 2493 679 2520 uniformis
693 2494 819 2521 est'Deus
839 2494 898 2530 (55)
909 2515 917 2528 ,
934 2500 960 2522 et
984 2503 1059 2523 com-

270 2535 376 2569 positus
388 2535 456 2571 (δι),
469 2537 568 2572 quippe
592 2539 686 2566 vivens
703 2539 761 2573 ipsa
784 2547 844 2573 quas
871 2545 922 2567 est.
938 2541 1056 2576 Corpora

271 2581 343 2607 enim
360 2588 420 2616 qua:
435 2583 573 2617 accipiunt
585 2583 687 2617 vitam,
700 2585 756 2619 ipsa
769 2590 796 2612 et
814 2585 973 2613 fraudantur
991 2586 1055 2613 vita.

273 2627 323 2661 Qui
338 2633 426 2655 autem
442 2636 492 2657 nec
505 2629 610 2657 initium
624 2632 728 2666 accepit
749 2632 836 2667 (Deus
850 2632 922 2659 enim
951 2633 1056 2660 initium

272 2681 325 2699 non
340 2675 444 2708 arrepit
463 2686 470 2703 :
487 2676 547 2710 quis
562 2677 632 2704 enim
648 2681 675 2704 et
688 2678 803 2714 daret?)
817 2687 869 2706 non
888 2680 941 2706 vita
959 2679 984 2706 in
997 2687 1058 2707 cor-

1117 769 1159 788 res
1176 766 1265 787 autem
1283 766 1310 788 et
1325 761 1422 795 planta:
1435 761 1467 787 ad
1487 761 1511 787 id
1529 761 1600 794 quod
1621 765 1684 786 sunt
1697 764 1899 795 aSsumpserunt

1116 812 1144 834 ut
1167 812 1194 834 et
1209 812 1399 841 enumerent,
1419 812 1446 834 et
1468 807 1668 841 gerlnittarent,
1683 812 1710 834 et
1725 812 1898 840 crescerent,

1114 858 1141 880 ct
1167 858 1366 887 pascerentur:
1384 853 1511 879 animalia
1535 858 1625 880 autem
1653 853 1847 880 irrationabilia
1867 853 1899 880 ad

1114 907 1144 925 ea
1158 906 1219 933 qua:
1233 899 1304 926 dicta
1320 904 1382 926 sunt
1397 899 1477 926 etiam
1496 899 1545 926 ltoc
1560 904 1762 932 assumpserunt
1772 920 1780 930 ,
1793 903 1821 925 ιιι
1837 907 1897 926 sett-

1113 944 1229 972 sibilitas
1242 945 1349 972 essetin
1367 945 1417 972 eis.
1433 944 1488 972 Nos
1504 952 1568 971 vero
1580 953 1641 972 cum
1658 945 1699 972 bis
1713 945 1842 972 otnnibus
1855 952 1895 972 ac-

1114 990 1233 1024 cepimus
1261 991 1407 1024 cogitatnm
1427 995 1455 1017 et
1481 998 1612 1022 sensum,
1630 996 1657 1018 et
1685 992 1717 1017 ad
1742 998 1790 1017 nos
1815 998 1897 1024 usque

1113 1044 1220 1071 semper
1229 1037 1304 1071 quod
1320 1041 1379 1063 erat
1397 1037 1572 1069 honoratius,
1594 1037 1778 1064 additamenta
1801 1036 1896 1063 elﬁcie-

1112 1081 1210 1108 bantur
1228 1081 1414 1108 bonuratiora.
1431 1081 1515 1109 Nobis
1536 1087 1624 1109 autem
1643 1082 1675 1109 ad
1690 1083 1828 1118 superiora
1844 1082 1897 1116 iam

1113 1133 1164 1151 non
1177 1133 1210 1152 ex
1228 1125 1420 1152 additamentis
1431 1127 1588 1161 agnoscitur
1599 1126 1730 1161 dignitas.
1745 1128 1792 1154 sed
1809 1128 1832 1153 si
1845 1127 1897 1154 lor-

1113 1176 1138 1198 te
1152 1179 1166 1198 a
1189 1171 1404 1199 detractionibus
1420 1181 1427 1200 :
1444 1172 1638 1200 detractionem
1657 1178 1747 1200 autem
1763 1174 1822 1200 dico
1845 1181 1898 1201 non

1111 1225 1143 1245 ex
1161 1218 1201 1245 his
1213 1225 1273 1252 quae
1286 1217 1341 1253 jam
1356 1222 1418 1244 sunt
1436 1222 1464 1245 et
1480 1218 1630 1252 habentur,
1645 1218 1808 1246 oblationem
1820 1238 1828 1251 ,
1850 1219 1895 1246 sed

1115 1263 1200 1297 ipsam
1218 1267 1343 1289 naturam
1355 1271 1415 1298 qua:
1432 1271 1484 1290 non
1502 1263 1616 1298 indiguit
1632 1264 1708 1291 istis:
1726 1268 1754 1291 ut
1768 1269 1829 1299 puta
1845 1273 1898 1293 non

1111 1307 1191 1335 habet
1225 1315 1335 1335 necesse
1362 1308 1517 1343 angelorum
1550 1316 1673 1337 crescere
1689 1315 1783 1337 natura
1805 1319 1812 1337 :
1839 1319 1897 1345 quze

1111 1353 1183 1379 enim
1198 1360 1249 1379 non
1268 1358 1418 1388 augentur,
1434 1358 1461 1380 et
1479 1361 1531 1380 non
1547 1354 1718 1382 minuuntur.
1736 1355 1806 1388 Quid
1833 1363 1895 1391 ergo

1112 1398 1225 1425 inferior
1242 1404 1284 1426 est
1299 1403 1396 1426 natura
1421 1399 1595 1434 angelorum,
1614 1401 1676 1435 quia
1701 1401 1814 1429 arbores
1840 1403 1897 1434 qui-

1111 1443 1170 1470 dem
1184 1447 1212 1470 et
1232 1443 1330 1478 plantae.
1344 1450 1511 1478 pascuntur,
1529 1450 1556 1472 et
1579 1451 1720 1479 crescunt,
1744 1451 1772 1474 et
1797 1448 1897 1474 addita-

1112 1493 1203 1516 menta
1219 1489 1374 1524 acuipiunl;
1395 1490 1551 1524 angelorum
1576 1495 1664 1518 autem
1691 1497 1786 1519 natura
1811 1500 1897 1528 neque

1112 1535 1263 1570 germinat,
1280 1543 1366 1570 neque
1384 1536 1586 1570 pullulationem
1612 1537 1744 1572 suscipit,
1763 1546 1851 1572 neque
1869 1543 1896 1565 ut

1113 1585 1242 1615 pascatur
1259 1587 1305 1608 aut
1321 1582 1436 1609 addatur
1447 1583 1458 1609 ?
1469 1583 1517 1610 Cui
1534 1583 1605 1610 enim
1624 1582 1723 1610 ablatio
1740 1583 1897 1611 incrementi

1113 1631 1194 1654 estet
1209 1627 1324 1654 aliorum
1340 1635 1400 1661 qua:
1425 1627 1559 1660 diximus,
1577 1635 1628 1655 non
1649 1633 1690 1656 est
1711 1629 1837 1656 damnum
1858 1630 1898 1656 his

1113 1673 1158 1707 qui
1178 1673 1318 1708 possident
1333 1674 1391 1701 sine
1406 1674 1465 1701 istis
1479 1673 1505 1700 id
1518 1674 1590 1709 quod
1605 1679 1685 1707 sunt,
1701 1675 1748 1702 sed
1761 1676 1898 1709 dignitatis

1113 1719 1258 1746 eminentia
1277 1727 1284 1745 :
1301 1719 1383 1747 multa
1401 1719 1472 1747 enim
1492 1727 1544 1747 non
1569 1721 1660 1747 insunt
1679 1722 1795 1756 angelis,
1813 1731 1898 1758 neque

1113 1765 1211 1792 adsunt
1232 1774 1291 1800 qua:
1305 1766 1330 1792 in
1348 1765 1425 1793 nobis
1439 1767 1580 1794 habentur.
1599 1767 1632 1794 Et
1659 1775 1712 1794 non
1735 1769 1797 1803 qu'a
1824 1770 1897 1797 deest

1115 1811 1167 1838 illis
1178 1819 1236 1846 quae
1252 1820 1303 1839 non
1323 1813 1441 1844 habent,
1460 1813 1506 1839 sed
1522 1813 1583 1847 quia
1603 1821 1651 1841 nos
1671 1814 1822 1849 indigemus
1839 1816 1897 1847 his,

1116 1856 1174 1883 ideo
1188 1858 1264 1884 nobis
1279 1859 1355 1885 adest
1368 1859 1400 1885 ad
1417 1858 1541 1886 solatium
1556 1859 1580 1886 id
1601 1861 1671 1894 quod
1689 1862 1722 1887 ab
1739 1861 1833 1888 iisdem
1853 1862 1898 1888 de-

1116 1903 1229 1930 ficimus.
1247 1903 1305 1930 Non
1326 1909 1388 1931 sunt
1407 1905 1505 1939 nuptize
1519 1906 1589 1940 apud
1605 1905 1724 1940 angelos.
1743 1907 1809 1933 Data
1826 1908 1896 1935 enim

1115 1954 1155 1975 est
1175 1950 1234 1976 viro
1262 1950 1357 1976 mulier
1374 1951 1405 1978 ad
1431 1951 1592 1982 adiutorium
1612 1961 1619 1979 ε
1637 1952 1792 1986 angelorum
1810 1958 1896 1980 autem

1117 1996 1300 2030 unusquisque
1314 1997 1423 2031 propria
1437 2002 1530 2024 natura
1550 1996 1647 2024 suﬂieit
1665 1998 1726 2026 sibi.
1752 1998 1809 2025 Non
1833 2006 1895 2025 con-

1118 2040 1244 2067 iiciuntur
1260 2042 1362 2076 angelis
1377 2044 1548 2076 indumenta,
1564 2048 1593 2070 ut
1614 2048 1761 2071 conlexant
1774 2045 1831 2080 (55)
1841 2053 1897 2079 qua:

1113 2086 1278 2114 cohabitant.
1293 2088 1348 2114 Non
1362 2089 1456 2115 domus
1466 2090 1682 2122 iisdem;suﬂicit
1695 2091 1766 2117 enim
1778 2091 1874 2118 caelum
1889 2100 1894 2117 :

1112 2141 1164 2159 non
1182 2132 1257 2161 lectis
1280 2135 1382 2169 indiget
1403 2135 1463 2163 sine
1483 2143 1586 2163 sommo
1600 2141 1705 2163 natura.
1728 2137 1785 2164 Non
1805 2144 1894 2165 mensa

1111 2178 1181 2212 apud
1192 2185 1239 2206 805
1257 2188 1264 2206 Ζ
1282 2179 1353 2208 forte
1367 2186 1458 2207 autem
1480 2189 1529 2208 nec
1543 2187 1693 2216 pascuntur
1710 2191 1717 2208 Ζ
1738 2191 1834 2209 aurum
1850 2191 1896 2210 au-

1112 2228 1164 2250 tem
1176 2228 1202 2251 et
1214 2230 1356 2258 argentum
1374 2230 1402 2253 et
1419 2233 1595 2254 atramentum
1617 2232 1644 2255 et
1666 2228 1766 2254 ferrum
1777 2248 1784 2260 ,
1799 2233 1826 2256 et
1840 2236 1897 2256 0m-

1111 2270 1154 2296 nia
1170 2278 1229 2305 quae
1251 2272 1382 2298 miramur
1399 2278 1489 2300 creata
1518 2278 1545 2300 et
1572 2274 1678 2301 inventa
1690 2294 1698 2307 ,
1715 2275 1783 2309 apud
1810 2283 1858 2303 nos
1871 2280 1898 2303 et

1110 2323 1176 2343 usus
1190 2315 1305 2344 habetur
1316 2337 1324 2350 ,
1344 2317 1397 2344 illic
1424 2323 1511 2345 autent
1527 2327 1576 2346 nec
1591 2321 1756 2355 nuncupatio
1775 2322 1897 2348 nomina-

1111 2366 1168 2394 tur,
1189 2369 1238 2389 nec
1253 2362 1399 2389 invenitur.
1416 2364 1484 2396 Quid
1500 2365 1583 2400 ergo?
1598 2374 1662 2393 num
1673 2374 1706 2394 ex
1734 2367 1816 2394 tantis
1838 2375 1896 2402 qua

1109 2412 1234 2441 putamus
1246 2416 1259 2434 a
1274 2408 1350 2435 nobis
1371 2409 1449 2436 honis
1464 2418 1624 2444 superamus
1645 2413 1799 2447 angelorum
1817 2417 1894 2441 natu-

1110 2454 1191 2480 ram?
1210 2453 1265 2481 Nos
1279 2455 1352 2481 enim
1370 2455 1469 2483 divites
1486 2465 1552 2484 attro
1564 2466 1672 2490 sumus,
1688 2460 1774 2494 angeli
1796 2468 1891 2487 aurum

1110 2507 1162 2526 non
1178 2499 1276 2527 habent
1293 2509 1300 2528 :
1323 2509 1374 2528 non
1397 2502 1456 2529 ideo
1471 2511 1603 2538 pauperes
1628 2505 1817 2539 inveniuntur,
1832 2507 1894 2541 quia

1109 2554 1204 2573 aurum
1221 2548 1290 2582 apud
1305 2547 1364 2574 illos
1378 2556 1430 2575 non
1443 2553 1502 2582 est;
1519 2551 1565 2577 sed
1584 2551 1669 2586 magis
1683 2551 1719 2578 illi
1733 2551 1896 2587 divites,qui

1109 2598 1158 2618 nec
1172 2599 1238 2618 auro
1254 2592 1375 2626 indigenti
1389 2598 1481 2621 nostro
1495 2601 1543 2622 nec
1556 2601 1677 2628 argento.
1694 2596 1761 2628 Quid
1776 2603 1845 2631 opus
1857 2603 1896 2624 est

1108 2636 1209 2664 ferrum
1226 2637 1252 2664 in
1268 2638 1366 2666 oculis?
1380 2643 1471 2666 utrum
1490 2640 1523 2667 ad
1537 2640 1689 2674 culturam,
1709 2646 1755 2669 aut
1770 2643 1804 2669 ad
1817 2644 1896 2670 navi-

1108 2683 1241 2717 gationem
1254 2705 1261 2717 ,
1277 2690 1322 2710 aut
1336 2685 1369 2711 ad
1388 2685 1488 2712 bellum
1500 2705 1507 2718 ,
1522 2691 1569 2713 aut
1585 2686 1619 2713 ad
1632 2687 1815 2715 medicinam?
1828 2688 1895 2723 Quid

274 2726 338 2751 pore
353 2724 391 2746 est
410 2720 481 2748 Dens
492 2741 499 2752 .
515 2723 561 2749 sed
576 2723 640 2750 vita.
654 2724 681 2750 In
698 2729 802 2751 tantum
818 2725 889 2752 enim
908 2726 1003 2759 repetit
1014 2734 1059 2753 co-
1073 2728 1096 2757 D
1110 2736 1177 2763 opus
1193 2733 1233 2756 est
1247 2730 1420 2764 permistione
1438 2731 1508 2764 illis,
1533 2733 1577 2760 ubi
1594 2740 1646 2759 non
1667 2738 1730 2760 sunt
1745 2739 1892 2761 commuta-

272 2764 373 2798 gitatus
389 2769 458 2800 quod
483 2768 533 2795 sibi
550 2769 617 2797 utile
641 2770 777 2798 invenitur
794 2778 800 2797 :
815 2771 876 2806 quia
898 2777 980 2806 petra!
994 2773 1055 2807 qui-

309 2833 365 2869 (ὕὲ)
385 2835 433 2862 Ms.
456 2843 502 2863 aut
537 2839 564 2865 in
596 2844 677 2872 terra,
701 2849 751 2867 non
784 2842 811 2868 in
838 2841 923 2873 mari,
954 2849 1005 2869 non
1028 2843 1056 2870 in

271 2875 339 2894 ιιγε.

309 2903 368 2939 (53)
397 2904 445 2932 Ms.
480 2906 595 2942 Simplex
623 2910 691 2937 rnim
709 2915 731 2937 ιι
744 2910 863 2944 informis
879 2917 914 2938 est
931 2911 1008 2940 Deus.

1111 2775 1284 2803 tiones?Sed
1303 2784 1351 2803 nec
1369 2777 1456 2805 servis
1472 2785 1540 2813 opus
1563 2783 1605 2805 est
1622 2779 1660 2806 eis
1674 2788 1681 2806 :
1697 2779 1795 2808 sullicit
1821 2780 1893 2808 enim

1145 2845 1201 2879 (δι)
1219 2846 1393 2880 Compasium.
1410 2846 1489 2874 Forte
1500 2866 1507 2879 ,
1521 2848 1714 2881 incompositus.

1147 2881 1206 2916 (ὂῦ)
1229 2881 1383 2911 Contemni.
1402 2882 1498 2916 Fuite,
1516 2888 1661 2919 contegunt.
