2024 3208
185 154 255 183 υιθ

570 157 615 184 DE
640 157 685 186 ΕΟ
705 158 799 192 QUOD
818 158 909 186 DEUS
927 157 1041 186 PATER
1061 157 1311 187 INCORPORALIS
1329 157 1404 185 EST.

1733 156 1801 184 “50

185 211 369 246 unusquisque
395 212 454 240 sibi.
471 213 502 240 Et
517 221 576 248 qua:
591 219 716 249 putamus
737 214 813 240 nobis
830 221 890 241 esse
912 221 969 240 tua—
986 214 1008 242 Α
1023 219 1146 248 pratum;
1164 219 1191 241 et
1204 214 1362 241 assistentes
1376 214 1460 248 pratis
1471 233 1478 246 ,
1499 213 1637 242 videamus
1658 223 1708 240 non
1730 223 1801 242 nunc

184 266 235 292 gtta
247 278 255 292 ,
269 262 296 284 et
308 258 377 285 bona
389 279 396 290 .
410 263 437 285 et
453 260 606 287 necessaria
619 268 730 295 qua‘que
749 265 811 287 sunt
826 259 918 292 nobis;
931 259 967 286 illi

183 308 287 330 natura:
298 304 386 330 omnia
398 310 459 331 sunt
470 305 559 331 otiosa
578 315 584 331 ε
603 310 630 332 et
641 312 808 340 quascunque
823 313 854 331 ex
867 305 968 330 anima-

184 349 256 379 Jibus
281 349 358 376 nobis
372 355 432 376 sunt
454 350 549 383 utilia,
575 351 627 377 illis
642 354 706 377 sunt
730 358 782 376 ttou
804 350 966 377 necessaria.

186 394 290 426 Tauros
302 396 374 422 enim
388 396 421 423 ad
434 396 566 423 culturam
593 404 646 423 non
670 396 768 424 habent
782 404 849 431 opus
859 417 866 428 ,
882 403 968 430 ueqtte

182 447 269 474 equos
284 441 316 467 ad
330 441 427 468 bellum
442 450 448 469 :
465 450 516 469 non
532 441 651 476 indigent
671 442 732 476 igtte
750 442 782 468 ad
806 442 946 468 luminaria
959 461 966 473 ,

183 493 271 519 neque
285 493 315 512 ea
334 494 393 520 qua:
404 495 453 522 per
469 488 557 522 ignem
577 488 610 514 ad
634 495 737 514 curam.
761 487 818 514 Non
843 495 911 522 aqua
928 491 969 514 est

181 529 224 560 eis
237 531 386 558 necessaria
399 552 406 564 ,
421 540 472 559 non
487 541 518 559 ex
535 533 613 564 mari,
626 540 679 559 non
696 541 728 560 ex
745 538 813 559 terra
831 541 838 559 :
854 540 906 559 non
923 532 967 559 illa

183 582 243 609 qua:
255 582 287 602 ex
302 576 432 605 imbribus
444 583 612 612 apportatur.
628 577 686 605 Non
710 586 832 605 sotnuum
851 578 884 604 ad
899 578 967 605 refe-

184 621 300 648 ctionem
317 624 497 650 necessarium
514 624 625 655 habent,
640 631 691 650 tton
709 631 784 650 escas
795 624 828 649 ad
842 623 966 650 salutem.

184 664 267 693 Forte
290 671 378 694 autem
393 668 500 702 quidem
525 673 552 694 et
580 668 713 695 mirantttr
739 668 899 700 audientes,
921 667 966 701 qui

186 718 276 739 mente
289 713 322 740 ad
336 713 492 749 angelorum
504 715 602 741 choros
624 722 675 741 non
695 719 883 749 pervenerunt.
905 714 968 747 Qui-

184 759 234 786 bus
247 758 319 786 enim
339 759 479 787 beatitudo
490 765 532 787 est
546 761 567 786 si
582 761 743 787 manducent
764 765 791 787 et
814 760 923 792 bibant,
940 763 967 786 et

185 804 288 839 nuptiis
302 810 421 838 tttantttr,
438 810 464 832 et
479 805 663 839 possessiones
678 805 810 837 habeant,
822 810 848 832 et
860 806 968 831 thesau-

184 857 230 877 ros
240 851 402 882 recoadant,
420 856 446 877 et
458 850 610 884 judiciariis
630 850 807 885 dignitatibus
825 850 966 885 perfruan-

183 900 245 926 tur;
260 895 301 922 his
316 895 395 922 etiam
411 903 442 922 ea
457 903 516 929 qua
530 903 610 930 supra
627 895 677 922 ista
697 900 759 922 sunt
770 915 777 927 ,
792 896 896 922 minora
917 902 967 929 pu-
984 890 1005 917 Β

186 946 289 967 tantur.
305 940 358 968 Sed
376 949 429 968 non
454 941 670 968 contaminemus
686 945 808 968 sanctunt
823 940 896 967 illum
918 948 966 966 an-

184 987 304 1021 gelorum
317 988 427 1014 chorutn
440 995 448 1020 ;
468 995 521 1014 non
538 987 573 1014 sit
591 987 626 1014 ibi
640 987 739 1014 femina
751 1006 758 1018 ,
775 986 818 1013 ubi
833 986 967 1013 successio

186 1033 339 1060 necessaria
360 1041 413 1060 non
437 1037 488 1061 est.
506 1032 562 1059 Non
584 1032 647 1067 quia
668 1037 820 1059 creaturam
841 1039 939 1059 accuso
958 1041 965 1059 :

184 1079 392 1114 unumquodque
407 1079 478 1105 enim
493 1077 621 1106 ollieium-
637 1079 662 1105 in
689 1085 736 1105 sua
764 1082 857 1104 natura
880 1077 965 1111 jacet;

183 1124 252 1150 bene
265 1124 424 1150 translatum
443 1129 533 1151 autent
547 1131 561 1150 a
584 1124 641 1151 suis
654 1124 737 1157 locis,
760 1128 788 1150 et
812 1124 967 1163 regionibus

185 1175 211 1198 et
226 1175 320 1197 natura
334 1171 367 1197 ad
382 1178 462 1206 qttatn
476 1170 621 1197 constitttta
635 1175 695 1202 est,
717 1175 827 1198 revocat
839 1170 872 1198 ad
889 1177 919 1197 se
931 1169 968 1197 le-

184 1217 226 1251 gis
241 1216 339 1243 divina:
352 1216 491 1242 virtutem.
504 1215 644 1248 Quomodo
658 1216 729 1242 cuitu
751 1215 840 1243 decori
857 1215 883 1242 in
899 1216 966 1243 mari

186 1266 246 1289 sunt
263 1262 375 1296 piscimtt
401 1263 516 1296 greges?
541 1262 675 1296 quomodo
698 1262 802 1289 decorat
822 1267 883 1289 sunt
907 1262 967 1288 illo-

184 1316 244 1334 rum
261 1315 286 1335 tn
301 1308 434 1335 utentibus
448 1306 585 1334 ﬂuminum
598 1307 813 1336 exsultationes?
834 1308 967 1342 quomodo

186 1354 273 1381 nitent
291 1354 316 1381 itt
332 1355 421 1381 exitus
436 1353 569 1381 fontium?
591 1354 619 1381 Si
641 1359 732 1381 autem
746 1354 861 1381 volueris
882 1354 966 1385 istos,

186 1405 214 1427 ut
226 1401 292 1427 dans
304 1400 475 1433 beneflcium,
488 1408 520 1428 ex
534 1400 611 1435 aquis
626 1400 658 1427 ad
672 1401 816 1434 puritatem
826 1401 895 1427 aeris
906 1400 968 1427 edu-

186 1453 262 1478 cere,
274 1446 306 1472 ad
320 1446 495 1480 perditionem
511 1447 624 1481 piscium
642 1445 801 1473 beneficium
818 1446 862 1472 fiet
878 1450 964 1472 tttunt.

186 1492 256 1526 Ergo
271 1491 352 1526 piscis
367 1491 475 1526 quidem
500 1492 535 1518 sit
563 1491 606 1518 ubi
631 1495 687 1523 cst;
710 1491 817 1524 qttidatu
842 1491 914 1518 ettittt
941 1491 967 1517 in

189 1538 255 1564 ntari
275 1541 337 1564 sunt
350 1538 446 1572 positi;
460 1542 487 1564 et
502 1538 556 1565 sittt
571 1537 615 1564 ubi
638 1537 677 1563 eis
696 1542 737 1563 est
752 1538 841 1563 datunt
858 1545 865 1563 :
881 1537 925 1563 alii
942 1537 968 1563 in

186 1583 340 1609 ihttnittihtts
354 1588 380 1610 et
396 1583 422 1609 in
437 1582 554 1610 fotttibtts
574 1587 669 1609 natant
680 1602 686 1613 .
704 1583 765 1615 quia
780 1590 833 1608 non
850 1581 968 1615 indigent

187 1629 240 1655 tuis
256 1629 394 1656 beneficiis
407 1629 439 1655 ad
456 1628 702 1661 intet'etnptionem.
727 1627 795 1660 Quid
810 1627 894 1661 ergo?
907 1627 968 1662 quia

187 1674 254 1705 bona
268 1679 307 1699 est
322 1681 389 1707 aqtta
403 1674 521 1708 piscibus
535 1693 542 1705 ,
556 1673 722 1707 tlepouamus
735 1672 788 1699 illic
801 1672 969 1700 exsultantes

187 1724 213 1746 et
231 1719 362 1745 homines.
377 1719 529 1746 Secundum
547 1720 628 1745 istum
644 1718 724 1754 igitur
738 1725 905 1751 sermonem,
915 1719 968 1745 sint

188 1766 324 1792 masculus
336 1771 362 1792 et
375 1765 474 1793 fetniua
490 1765 568 1792 utiles
597 1765 666 1799 apud
692 1772 740 1791 nos
757 1769 783 1792 et
806 1764 968 1797 necessarii,

189 1810 328 1836 hominum
343 1816 431 1836 autem
451 1815 573 1836 naturam
590 1815 683 1837 contra
704 1815 827 1836 naturam
843 1817 897 1836 non
924 1809 969 1837 de-

189 1863 328 1888 portaturus.
350 1855 377 1882 Si
394 1856 465 1882 enim
481 1855 626 1882 ascendere
637 1863 690 1882 non
707 1860 794 1889 potest
809 1860 904 1881 natura
930 1856 970 1890 pi-

189 1901 273 1927 scium
293 1909 373 1936 supra
386 1906 508 1928 naturam
519 1921 527 1933 ,
542 1902 675 1935 quomodo
688 1909 742 1927 non
761 1901 846 1935 magis
866 1901 970 1928 timebi—

191 1955 265 1980 mus,
282 1947 304 1975 si
329 1948 485 1983 angelorum
511 1952 634 1974 naturam
659 1947 741 1974 verbo
770 1947 826 1973 ausi
841 1946 968 1973 fuerimus

189 1995 322 2029 deponere
334 2013 341 2026 ,
352 2001 412 2029 qua:
425 2001 478 2021 non
496 1992 654 2020 descendit?
669 1993 742 2020 Alias
755 1998 843 2019 autent
863 1997 891 2018 et
903 1992 969 2018 nihil

189 2041 303 2075 amplius
317 2041 361 2068 [iet
385 2048 399 2067 a
421 2041 514 2071 ttobis,
544 2040 594 2067 nisi
616 2044 644 2067 ut
663 2039 889 2073 blaspltememus.
915 2037 970 2066 Nec

188 2087 259 2113 enim
274 2087 323 2114 etsi
338 2087 501 2113 voluerimus
514 2086 567 2112 Vim
583 2087 672 2113 facere
687 2085 723 2112 illi
735 2090 852 2117 naturae,
874 2092 968 2119 perur-

189 2132 293 2166 gcbitur
311 2141 318 2159 :
335 2133 380 2159 sed
396 2132 434 2159 illi
451 2132 559 2167 quidem
572 2136 680 2158 manent
691 2131 766 2158 liberi
790 2131 824 2157 ab
847 2131 899 2157 isto
921 2130 969 2157 ha-

189 2179 246 2205 bitu
259 2179 405 2213 corporali.
422 2178 516 2214 Neque
528 2178 598 2205 enim
616 2177 751 2205 masculus
765 2184 851 2211 neque
870 2176 967 2203 femina

189 2224 258 2258 apud
273 2232 319 2251 eos
331 2229 372 2251 est
383 2245 390 2257 ,
404 2231 431 2251 et
448 2232 501 2251 non
523 2224 555 2251 de
571 2229 652 2251 terra.
674 2224 707 2250 Et
722 2225 772 2250 hoc
784 2244 791 2255 ,
813 2223 880 2250 forte
897 2223 967 2249 enint

189 2270 287 2306 audisti
306 2270 430 2297 mirabile
442 2270 506 2298 illud
522 2270 640 2305 Apostoli
654 2271 754 2297 dictum
765 2289 773 2302 ,
787 2270 848 2304 quia
864 2274 891 2296 et
902 2268 970 2303 apud

189 2324 255 2350 quos
270 2321 366 2343 natura
393 2317 487 2344 statuit
508 2316 655 2344 masculum
682 2324 742 2344 esse
766 2320 794 2343 et
825 2315 969 2349 feminam,

190 2363 260 2397 apud
276 2363 344 2389 istos
361 2362 432 2395 ipsos
444 2363 526 2395 fides,
541 2368 568 2389 et
582 2370 629 2397 per
656 2363 734 2390 fidem
757 2361 910 2396 coniunctio
931 2362 972 2388 in-

191 2407 306 2433 venitur.
322 2407 349 2433 ln
365 2407 472 2434 Christo
483 2407 572 2440 enim,
587 2408 691 2442 inquit,
707 2415 757 2434 non
772 2412 814 2435 est
827 2406 971 2439 ntasculus,

190 2460 276 2487 neque
292 2453 390 2480 femina
408 2454 442 2480 ".
457 2453 486 2480 Si
505 2453 585 2486 igitur
601 2454 645 2481 ttbi
677 2462 708 2482 ex
730 2459 823 2481 natura
846 2458 888 2481 est
911 2461 970 2480 man

194 2498 284 2525 sculus
302 2502 328 2530 et
346 2498 444 2525 femina
455 2518 463 2530 ,
478 2498 505 2525 in
520 2497 628 2525 Christo
644 2499 760 2526 efficitur
775 2506 860 2533 neque
870 2506 975 2525 mascu-

190 2544 232 2570 lus
251 2550 339 2577 neque
353 2543 463 2575 femina,
477 2544 523 2571 sed
541 2543 656 2570 imitatio
672 2545 829 2579 angelorum
841 2552 848 2570 :
862 2552 910 2570 cur
922 2551 973 2570 tton

191 2589 275 2623 magis
288 2588 449 2622 suscipimus
464 2589 578 2623 gratiam
608 2594 636 2615 ut
667 2596 852 2622 assumantur,
876 2593 922 2614 attt
945 2593 975 2615 ut

191 2640 313 2662 naturam
331 2635 487 2670 angelorum
510 2635 675 2669 deponamos
704 2635 737 2662 ad
760 2634 900 2661 nostram?
919 2633 971 2661 Sed

192 2689 243 2708 nos
256 2671 393 2716 erigamus
410 2682 605 2717 nosmetipsos,
629 2687 656 2709 et
682 2681 714 2709 ad
733 2680 871 2716 superiora
898 2680 971 2714 cogi-

192 2733 275 2758 tatum
288 2728 466 2761 perducamus
479 2733 600 2755 nostrum
614 2749 621 2760 ,
642 2729 674 2755 ad
699 2727 854 2763 angelorum
871 2726 973 2757 scilicet

225 2805 249 2828 '.‘
264 2804 324 2832 Gal.
338 2811 366 2835 tu
379 2823 386 2836 ,
403 2803 449 2832 28.

230 2873 286 2909 (£56)
307 2872 355 2900 ἶνις.
374 2873 457 2908 ipsum
472 2872 550 2903 solem
566 2871 687 2906 inferius.

1022 260 1102 286 liores
1115 264 1244 287 exeuntes
1256 279 1263 291 ,
1281 266 1367 293 neque
1378 259 1512 286 coloribus
1527 259 1615 286 varios
1625 280 1632 291 ,
1662 267 1747 291 neque
1773 260 1799 294 in
1826 257 1827 260 “

1020 306 1150 333 odoribus
1164 306 1303 337 diversos;
1320 305 1366 332 sed
1378 305 1515 332 videamus
1526 305 1579 332 illic
1594 305 1661 332 ccelo
1678 305 1800 339 superius

1027 355 1115 380 locum
1129 372 1137 382 .
1153 360 1201 387 per
1218 352 1327 387 angelos
1340 357 1429 379 autent
1445 351 1638 387 splendentem.
1657 351 1799 378 Multitudo

1023 400 1094 427 enint
1112 399 1166 427 illic
1182 408 1234 427 non
1254 403 1326 426 tanta
1339 404 1439 433 quanta
1452 402 1494 426 est
1506 399 1655 426 stellarum.
1674 398 1702 426 Si
1727 398 1798 425 enim

1020 450 1047 472 et
1066 445 1156 471 multas
1174 449 1237 471 sunt
1251 444 1344 476 stellze,
1362 444 1408 470 sed
1422 444 1448 470 in
1465 444 1694 476 magnitudinibus
1706 448 1732 470 et
1743 451 1801 470 cor-

1021 490 1131 524 poribus
1146 490 1300 516 constitutae
1310 509 1318 522 ,
1339 489 1406 516 locis
1421 490 1538 522 indigent
1548 510 1556 522 ,
1570 493 1596 516 ct
1609 497 1641 516 ex
1667 490 1800 522 magnitu-

1023 537 1084 564 dine
1100 536 1160 564 cmli
1179 535 1319 562 ntttltitttdo
1331 540 1503 562 ntensuratttr
1513 543 1617 563 earum.
1627 534 1719 561 Tanta:
1728 533 1800 561 ettitu

1019 588 1080 609 sttnt
1093 602 1100 614 ,
1123 587 1237 616 quantas
1252 582 1325 616 capit
1348 586 1374 607 et
1397 581 1506 608 ccelttnt.
1531 580 1622 614 Angeli
1641 585 1728 606 autem
1747 587 1799 606 non

1019 629 1145 663 indigent
1159 628 1215 655 loco
1228 648 1234 660 ,
1253 629 1298 655 sed
1315 628 1390 655 liberi
1407 636 1421 654 a
1449 627 1513 654 locis
1529 627 1648 653 viventes
1667 632 1728 653 sunt
1740 646 1749 658 ,
1772 631 1801 654 et

1019 674 1045 700 itt
1064 674 1223 701 alterutrum
1243 677 1364 708 agentes.
1382 671 1441 699 Non
1462 673 1487 699 in
1509 671 1665 699 confusione
1687 672 1800 706 quippe.

1019 727 1070 746 nec
1083 719 1264 746 exsultatione
1288 726 1418 753 cet-poma
1432 738 1439 750 ,
1459 718 1504 745 sed
1531 725 1636 752 semper
1659 718 1684 743 itt
1701 717 1801 744 lumine

1019 770 1080 792 sunt
1095 773 1102 791 :
1120 765 1169 799 ipsi
1183 764 1273 791 lnnteu
1291 763 1341 791 tale
1354 783 1361 796 ,
1381 764 1473 798 quales
1490 767 1516 789 et
1544 767 1616 789 sunt.
1641 763 1717 798 Apud
1743 763 1802 790 illos

1018 811 1089 838 enittt
1102 818 1153 837 non
1167 818 1219 837 nox
1238 811 1270 836 ad
1292 809 1471 837 refectionem
1488 810 1602 837 habetur
1613 829 1621 841 ,
1635 817 1686 835 nou
1700 809 1757 835 dies
1768 808 1800 834 ad

1019 857 1260 884 exsurrcctionent.
1275 856 1387 890 Semper
1402 854 1474 881 enim
1486 854 1586 881 habent
1602 853 1688 881 lumen
1700 874 1708 886 ,
1724 858 1750 880 ct
1762 853 1802 880 lu.

1022 911 1083 930 men
1105 910 1156 929 nou
1171 902 1221 929 hoc
1238 901 1308 939 quod
1335 900 1404 935 apud
1419 907 1467 926 nos
1487 905 1537 927 est.
1554 899 1609 927 Hoc
1631 899 1703 926 enim
1717 899 1802 926 sensi-

1020 949 1172 976 bilitatibus
1188 944 1372 975 mensu'ratum
1386 952 1428 973 est
1439 968 1446 979 ,
1460 945 1524 972 illud
1545 950 1634 972 autem
1653 945 1723 971 aliud
1752 945 1803 971 ali-

1020 995 1095 1031 quid.
1108 994 1179 1021 Nihil
1189 1001 1254 1020 sane
1266 1001 1313 1020 nos
1326 992 1451 1027 prohibet
1464 992 1489 1019 in
1506 991 1600 1018 iisdem
1613 991 1678 1025 ipsis
1692 998 1801 1024 compa-

1020 1041 1171 1069 rationibtts
1189 1039 1302 1067 volutari
1312 1060 1319 1071 .
1337 1039 1400 1073 quia
1412 1042 1439 1065 et
1453 1038 1571 1072 piscibus
1584 1037 1672 1063 lttnten
1688 1036 1803 1063 habetur

1020 1095 1072 1115 nou
1085 1091 1187 1114 tantum
1200 1089 1330 1120 qttantutn
1345 1089 1371 1111 et
1384 1083 1453 1119 apud
1469 1090 1526 1110 nos.
1541 1081 1715 1109 Comtuistttm
1729 1079 1802 1107 enim

1020 1133 1084 1160 illttd
1103 1136 1144 1159 est
1160 1132 1267 1163 lumen,
1283 1130 1354 1165 quod
1368 1129 1437 1164 apud
1462 1129 1552 1163 pisces
1569 1128 1682 1154 habetur
1703 1126 1801 1160 aquis;

1020 1183 1047 1205 et
1062 1178 1121 1205 ideo
1136 1185 1188 1204 non
1208 1177 1243 1203 ita
1267 1176 1336 1202 sicut
1362 1175 1430 1209 apud
1457 1181 1506 1201 nos
1522 1177 1663 1208 permanet
1687 1177 1803 1206 purum,

1020 1224 1068 1251 sed
1084 1224 1173 1250 lumen
1197 1227 1224 1249 et
1244 1221 1298 1248 illic
1324 1225 1367 1248 est
1382 1229 1389 1247 :
1406 1221 1528 1255 perlucet
1551 1218 1623 1246 enim
1647 1222 1675 1244 ct
1701 1217 1737 1244 ibi
1756 1225 1805 1251 per

1022 1276 1106 1303 aquas
1123 1287 1131 1300 ,
1148 1268 1193 1294 sed
1206 1275 1259 1294 non
1273 1270 1313 1294 est
1324 1266 1360 1293 ita
1375 1273 1471 1300 purum
1484 1270 1512 1292 ut
1535 1264 1624 1291 nobis.
1647 1263 1681 1290 Et
1706 1263 1727 1289 si
1743 1262 1804 1296 quis

1020 1315 1164 1350 aliquando
1180 1314 1204 1340 vi
1219 1313 1312 1340 mersit
1327 1313 1354 1339 in
1367 1319 1451 1346 aquas
1461 1330 1469 1344 ,
1486 1315 1513 1338 et
1527 1310 1553 1337 in
1568 1310 1647 1344 aquis
1666 1316 1730 1336 suos
1741 1316 1805 1342 ape-

1022 1362 1075 1388 ruit
1087 1360 1178 1388 octtlos
1188 1379 1196 1391 ,
1214 1359 1279 1386 vidit
1291 1358 1390 1393 quippe
1401 1358 1471 1392 quod
1483 1356 1553 1392 apud
1578 1363 1627 1383 nos
1641 1359 1682 1382 est
1695 1355 1784 1382 lumen
1795 1362 1803 1386 :

1021 1407 1109 1439 videt,
1127 1407 1236 1440 inquam
1248 1425 1255 1438 ,
1274 1404 1325 1431 hoc
1342 1404 1445 1430 clarutn
1462 1404 1488 1430 in
1513 1402 1591 1437 aqttis
1615 1402 1803 1435 caliginosum.

1024 1453 1137 1481 Utantur
1149 1455 1238 1478 autem
1258 1455 1285 1477 et
1296 1449 1348 1476 alia
1365 1448 1578 1482 comparatione.
1595 1446 1717 1474 Prtesens
1731 1445 1803 1472 enim

1023 1498 1099 1525 istius
1118 1498 1189 1523 hora:
1204 1495 1362 1523 constitutio
1373 1495 1559 1521 testimonium
1572 1491 1689 1519 sermoni
1705 1491 1805 1524 imper-

1024 1543 1080 1570 tiet.
1109 1541 1164 1568 lloc
1179 1541 1250 1575 qttod
1273 1539 1343 1573 apttd
1373 1546 1422 1565 nos
1438 1546 1534 1572 pttrum
1551 1541 1594 1564 est
1619 1537 1706 1563 lumen
1720 1545 1727 1561 :
1742 1535 1803 1569 quia

1023 1587 1093 1613 enim
1109 1586 1193 1612 nubes
1204 1584 1350 1611 adveniens
1368 1583 1490 1610 constitit
1503 1590 1583 1616 super
1597 1589 1658 1612 ttos,
1675 1581 1751 1616 aqttis
1763 1585 1805 1607 ttt-

1023 1637 1083 1667 pote
1092 1631 1183 1666 plena;
1196 1638 1247 1657 non
1264 1629 1386 1663 permisit
1396 1634 1485 1655 atttem
1498 1628 1550 1654 tale
1561 1627 1593 1653 ad
1604 1634 1653 1653 nos
1662 1626 1751 1652 lumen
1761 1633 1805 1652 ve-

1025 1679 1091 1710 nire,
1103 1677 1182 1712 quale
1192 1676 1249 1703 lteri
1259 1680 1285 1702 et
1298 1675 1402 1710 pridem
1414 1674 1579 1701 habebamus
1588 1672 1614 1699 in
1626 1670 1806 1698 oculis.Aerls

1024 1723 1094 1751 enim
1105 1721 1212 1749 tristitia
1220 1720 1323 1756 pervisa
1332 1719 1450 1746 ostendit
1457 1722 1553 1752 quanta
1562 1715 1804 1743 immutatioeidem

1024 1770 1073 1805 ipsi
1088 1768 1181 1796 lumini
1195 1768 1228 1794 ab
1241 1765 1389 1799 interiectis
1404 1764 1520 1791 nubibus
1531 1762 1682 1797 perﬁcitur,
1695 1767 1724 1788 ut
1736 1761 1806 1793 apud

1025 1823 1083 1842 ttos.
1098 1814 1125 1841 Si
1142 1819 1233 1840 autem
1252 1816 1385 1847 prmcepto
1401 1810 1448 1838 Dei
1465 1809 1602 1837 evacuatis
1611 1808 1693 1842 «quis
1709 1807 1806 1841 fugatas

1024 1861 1122 1888 fuerint
1134 1861 1228 1891 nubes,
1237 1864 1264 1885 et
1274 1863 1370 1885 natura
1380 1857 1438 1893 ejus
1448 1861 1498 1888 est.
1509 1856 1603 1883 iterum
1614 1853 1689 1881 nobis
1698 1853 1807 1880 advenit

1025 1906 1125 1938 lumen,
1140 1913 1192 1932 non
1204 1904 1274 1931 aliud
1291 1904 1389 1938 quippe
1399 1902 1508 1933 factum.
1519 1902 1565 1928 sed
1575 1900 1717 1927 liberatum
1733 1905 1806 1924 anu-

1023 1952 1096 1979 bium
1106 1950 1278 1985 permistione
1287 1971 1293 1980 ,
1305 1949 1382 1975 istam
1392 1956 1471 1983 qttam
1481 1947 1576 1977 videtis
1587 1944 1805 1973 constitutionem

1023 1997 1195 2031 praebentem.
1218 1995 1287 2030 Ergo
1304 1999 1329 2020 et
1343 1994 1368 2020 in
1391 1993 1468 2025 mari,
1484 1998 1510 2020 et
1528 1993 1553 2018 in
1568 1991 1644 2025 aquis
1657 1995 1715 2017 erat
1734 1990 1806 2016 aliud

1024 2042 1131 2074 lumen;
1156 2049 1208 2068 ttott
1226 2040 1338 2067 alterttm
1355 2039 1453 2074 quippe
1468 2043 1575 2070 natura,
1593 2037 1639 2064 sed
1657 2038 1707 2064 sub
1722 2037 1806 2063 intro-

1024 2089 1148 2115 ductione
1164 2087 1277 2114 aliorum
1294 2086 1481 2120 caliginosum.
1509 2085 1546 2111 Ita
1561 2088 1587 2110 et
1611 2083 1681 2118 apud
1704 2090 1752 2109 nos
1773 2089 1807 2112 ex

1024 2139 1156 2161 conventu
1173 2133 1282 2159 ttubiunt
1298 2136 1325 2159 et
1347 2138 1476 2165 aquarutn
1492 2130 1542 2157 ltoc
1557 2129 1656 2157 factttm
1671 2133 1721 2161 est,
1737 2129 1807 2162 quod

1024 2179 1120 2207 videtis
1139 2187 1186 2213 per
1208 2178 1302 2206 ttubes.
1330 2177 1480 2204 Secundum
1502 2177 1580 2203 istum
1604 2176 1685 2210 igitur
1705 2182 1807 2201 sermo-

1025 2232 1096 2256 nem,
1113 2228 1139 2251 ct
1170 2231 1218 2258 per
1241 2231 1330 2250 aerem
1347 2227 1490 2257 penetrans
1507 2223 1595 2249 lutttett
1618 2229 1669 2249 non
1691 2225 1732 2247 est
1756 2219 1808 2246 talo

1024 2270 1102 2304 quale
1118 2277 1132 2296 a
1151 2270 1206 2296 sole
1229 2270 1371 2297 emittitur.
1396 2269 1424 2296 Si
1446 2269 1517 2295 enim
1543 2267 1659 2294 maxime
1682 2273 1714 2292 eo
1735 2265 1806 2299 quod

1025 2316 1182 2351 perspicuus
1197 2323 1244 2342 aer
1258 2316 1380 2346 habetur,
1398 2315 1461 2341 latet
1473 2314 1610 2348 permistio
1625 2323 1631 2340 :
1646 2312 1691 2339 sed
1707 2312 1728 2339 si
1746 2312 1807 2346 quis

1025 2361 1139 2388 voluerit
1155 2362 1271 2397 cogitatu
1287 2361 1402 2393 evolare,
1422 2365 1449 2387 et
1465 2360 1536 2386 velut
1556 2359 1581 2385 itt
1604 2359 1681 2392 aquis
1697 2358 1806 2388 nubium

1026 2415 1054 2434 se
1071 2414 1211 2441 mergere,
1231 2412 1257 2434 et
1273 2407 1356 2433 nubes
1375 2405 1505 2436 transire,
1520 2410 1546 2431 et
1562 2405 1633 2431 aeris
1655 2403 1807 2438 permistioe

1026 2461 1085 2479 ttcnt
1109 2452 1308 2484 transcendere,
1335 2450 1483 2485 pervidebit
1511 2449 1682 2485 purissimum
1706 2449 1806 2479 lumen,

1026 2499 1102 2525 Sicut
1116 2499 1186 2525 enim
1207 2498 1259 2525 hoc
1273 2497 1343 2532 quod
1356 2497 1425 2531 apud
1444 2504 1492 2523 nos
1507 2501 1548 2523 est
1564 2496 1662 2527 ltttttcn,
1690 2495 1807 2528 regioni-

1026 2545 1075 2571 bus
1086 2548 1113 2570 et
1123 2543 1216 2577 spatiis
1230 2546 1258 2569 et
1278 2541 1468 2570 offensionibus
1486 2549 1590 2575 semper
1603 2540 1731 2567 minuitur
1744 2546 1752 2566 :
1770 2539 1807 2567 ita

1026 2589 1143 2621 rediens,
1159 2594 1185 2615 ct
1208 2589 1241 2615 ab
1265 2588 1341 2623 aquis
1365 2587 1454 2614 lutnett
1471 2587 1636 2622 abstergens,
1652 2591 1678 2613 et
1695 2594 1709 2612 a
1731 2585 1809 2612 nubi-

1025 2636 1074 2662 bus
1092 2641 1117 2663 te
1145 2642 1285 2669 separaris,
1304 2640 1330 2661 et
1359 2642 1373 2660 a
1398 2634 1571 2668 permistione
1594 2632 1663 2659 aeris
1681 2632 1808 2665 liberans,

1028 2682 1221 2708 lranscendens
1248 2684 1337 2706 atttctu
1366 2685 1393 2706 et
1420 2680 1496 2707 istius
1521 2679 1627 2706 luutinis
1653 2678 1808 2713 puritatem,

1028 2726 1156 2761 relinquis
1181 2731 1208 2754 et
1233 2726 1317 2761 ipsum
1342 2727 1426 2754 solum
1452 2726 1564 2754 inferius
1580 2724 1646 2761 (56).
1664 2724 1809 2753 Transieni
