2024 3208
236 163 300 191 1151

235 222 332 255 quippe
348 225 374 247 et
398 220 497 246 cmlnm
521 221 655 253 superius,
677 227 804 246 occurres
829 219 920 245 lumini
943 228 948 245 :

235 266 273 293 illi
288 267 333 300 qui
349 273 363 293 a
377 267 434 293 sole
449 272 500 297 est,
516 274 565 293 nec
579 266 616 292 illi
635 265 676 292 cui
693 266 829 292 succassio
845 273 897 292 nox
910 271 961 295 est.
985 274 1028 292 nc-

233 319 286 346 que
307 311 344 338 illi
358 313 404 349 qui
426 320 440 339 a
464 313 613 347 parietibus
627 311 797 345 prohibetur,
817 319 866 339 nec
880 312 917 339 illi
931 313 972 339 cui
988 313 1027 339 or.

233 356 346 384 fundunt
365 358 478 390 nmbrm,
498 366 584 392 neque
599 357 636 383 illi
654 357 698 391 qui
713 357 908 391 permiscentur
923 357 978 384 aeri
1001 363 1026 384 cl

234 403 323 436 aquis.
340 403 398 430 sire
415 411 463 437 per
480 403 565 430 nubes
589 403 646 429 sive
675 411 722 436 per
751 411 836 434 mare,
862 404 908 430 sed
935 403 1026 430 lumini

235 454 311 479 puro.
339 447 371 475 Et
386 456 420 475 ne
435 453 511 483 putes
526 455 567 474 me
591 456 662 474 nunc
678 447 787 482 angelos
805 448 896 476 dicere
917 448 1005 475 lumen
1020 458 1026 475 :

234 499 276 520 est
290 493 362 520 enim
375 498 400 520 et
414 502 495 528 super
512 494 563 520 hoc
575 494 676 521 ciarum
692 494 782 521 lumen
797 493 907 521 clarius.
930 494 959 520 in
977 495 1028 522 isto

236 539 322 573 ig‘tnr‘
337 540 438 567 lumine
452 542 629 573 sempiterno,
646 540 672 566 in
699 540 750 567 isto
769 540 814 574 qui
839 548 891 567 non
915 539 941 566 in
967 547 1024 567 suc-

235 586 403 613 ccssiouibtts
424 587 548 617 habetur.
570 587 614 619 qui
628 594 681 613 non
697 587 841 620 aliquando
852 587 960 620 quidem
976 592 1027 619 est,

236 631 381 666 aliquando
399 638 487 660 autent
500 642 552 660 non
568 638 608 660 est
625 642 631 660 :
647 633 672 659 in
695 633 746 659 isto
759 633 804 668 qtti
817 632 886 660 cmlo
903 633 1028 668 superius

236 683 287 710 est,
313 683 339 706 ct
360 687 413 706 non
430 687 443 705 a
461 680 530 706 coelo
556 679 639 706 istic:
657 679 699 705 cui
714 679 752 705 soi
777 686 830 706 non
850 683 892 706 est
911 679 1027 713 genitor,

236 731 290 751 non
306 723 366 751 luna
382 730 469 752 mater
481 746 487 753 .
504 733 556 752 non
572 725 669 752 omium
688 732 702 751 a
717 724 811 756 stellis,
830 731 883 751 non
904 724 1028 750 lucerna-

237 778 295 796 rum
312 770 479 805 spiendores.
498 770 544 798 sed
560 771 648 797 lumen
668 770 742 796 illud.
757 769 795 797 Tu
813 770 884 797 enim
900 769 959 796 sine
972 770 1028 796 sole

237 816 326 842 lumen
344 817 435 842 videre
452 825 503 842 non
531 821 618 849 potes,
647 824 697 843 nec
719 823 749 842 ea
773 823 831 850 qua-
855 815 923 842 infra
944 815 1027 842 solem

237 862 382 893 habentur,
399 868 424 889 et
440 870 468 889 ea
484 871 542 897 quze
563 868 721 897 qumrnutur
733 867 762 889 ut
779 867 921 889 teneantur
936 870 1026 889 manu.

236 909 295 936 Non
321 918 414 936 eorum
441 912 485 945 qui
513 915 637 945 qumrnnt
657 911 721 944 quid
745 915 863 944 gustcnl,
886 914 930 936 aut
946 910 1029 937 odore

238 961 399 986 assumant;
426 964 477 982 non
502 964 595 982 eorum
624 956 668 989 qui
695 954 805 981 auribus
819 955 976 984 educentur.
1002 960 1029 982 et

237 1002 324 1029 oculis
337 1002 437 1033 vident,
458 1002 525 1028 sicut
542 1002 567 1028 in
586 1003 673 1036 aquis.
693 1001 749 1029 illic
761 1001 834 1028 enim
847 1001 898 1028 alia
914 1009 1029 1028 conver-

237 1045 308 1072 satio
322 1050 374 1076 est.
389 1052 415 1072 et
431 1047 481 1072 alia
497 1047 523 1073 iu
541 1051 623 1078 terra,
640 1052 667 1073 ct
684 1046 709 1073 in
727 1054 790 1074 aere
807 1055 859 1074 non
877 1047 982 1078 eadem,
1002 1051 1030 1073 et

238 1090 336 1118 omium
363 1091 441 1118 aliam
467 1091 547 1119 habet
574 1092 805 1118 constitutionem.
835 1092 872 1118 ita
904 1097 1030 1119 maneant

239 1137 289 1164 ista
306 1137 376 1170 istic.
394 1137 436 1164 ilia
457 1143 546 1166 autem
565 1147 624 1172 qum
647 1139 708 1166 inde
730 1143 792 1165 sunt
814 1138 868 1166 sint
891 1138 954 1167 alia.
976 1146 1028 1164 non

239 1183 335 1210 horum
361 1191 537 1218 congeneres.
565 1183 593 1211 Si
618 1185 689 1212 enim
717 1185 815 1211 clarior
837 1184 914 1211 stella
944 1184 1030 1218 magis

237 1236 318 1264 quam
333 1229 450 1257 lucerna:
474 1230 563 1257 lumen
581 1235 631 1262 est,
659 1238 710 1257 non
729 1235 754 1258 te
769 1231 888 1261 setiocat,
911 1230 971 1264 quia
990 1229 1030 1256 lu-

238 1282 320 1301 cerua
333 1275 441 1309 quidem
457 1275 610 1302 illuminare
628 1276 750 1308 videtur,
766 1280 792 1302 et
809 1283 975 1310 uuaqua-qne
990 1281 1030 1302 to-

240 1327 294 1348 tam
307 1322 415 1349 domum
435 1331 442 1348 :
465 1322 548 1349 stellae
561 1327 649 1348 autem
665 1327 745 1349 tanta:
762 1327 867 1349 noctem
887 1330 939 1348 non
952 1322 1029 1349 aul'c-

240 1365 302 1392 ru‘ut
313 1374 402 1393 unam.
414 1365 442 1393 Si
452 1367 512 1400 quis
525 1367 596 1393 cnitn
611 1367 803 1394 voiueritscire
820 1367 1029 1394 iucernaeimbe-

239 1412 378 1439 oillitatem
389 1412 422 1438 ad
432 1412 570 1438 stellarum
582 1412 693 1444 ittmina,
707 1412 835 1439 abstrahe
850 1413 985 1440 lucernam
996 1412 1029 1439 ab

238 1458 317 1485 oculo
330 1467 337 1484 :
352 1466 405 1485 non
431 1463 560 1493 quantum
579 1459 662 1485 distat
678 1458 774 1486 coelum
789 1463 871 1491 terra,
894 1458 956 1493 quia
976 1465 1028 1485 non

239 1510 281 1532 est
300 1504 351 1531 hoc
368 1505 413 1532 tibi
433 1505 561 1538 possibile
576 1514 583 1537 ;
601 1509 691 1532 tamen
706 1510 835 1540 quantum
854 1511 930 1540 potes
942 1505 1029 1531 iocer-

241 1557 302 1577 nam
316 1550 349 1578 ab
365 1551 444 1578 oeulo
456 1559 562 1585 separa,
578 1552 724 1578 intueberis
738 1552 800 1586 quia
816 1552 909 1586 spatiis
931 1551 1029 1578 minui-

240 1602 294 1628 tur,
312 1601 338 1623 et
359 1596 531 1632 caiiginalur,
554 1603 581 1624 et
607 1598 741 1624 inﬁrmior
757 1597 879 1633 arguitur
901 1596 1028 1625 lucerna-

241 1653 299 1671 rum
321 1645 421 1672 iumeu.
451 1645 478 1672 Si
506 1652 595 1672 alitem
618 1651 690 1673 esset
716 1646 804 1680 aliqua
821 1646 985 1678 adinventio,
1002 1650 1030 1673 ιιι

240 1699 291 1719 non
308 1691 393 1719 solum
406 1692 486 1719 unius
499 1692 615 1719 lucernae
627 1713 634 1723 ,
659 1693 705 1720 sed
719 1693 840 1720 omnium
856 1693 1028 1719 iueernartnn

239 1738 385 1771 ﬂammam,
406 1742 433 1764 et
456 1739 576 1765 omnium
597 1747 658 1774 qua;
682 1739 881 1771 accenduntur;
909 1739 930 1765 si
958 1743 1028 1765 esset

239 1784 363 1812 machina
380 1784 500 1817 quaedam
514 1805 521 1816 ,
537 1790 563 1810 ιιι
583 1792 690 1812 omttem
709 1784 787 1810 istam
811 1783 944 1810 ﬂammam
968 1785 1029 1818 quis

240 1835 331 1865 posset
354 1830 491 1865 colligere,
517 1834 544 1857 et
566 1832 593 1857 in
610 1830 678 1858 cmio
698 1829 873 1860 constituere,
892 1828 936 1855 ubi
952 1828 1029 1855 stella

241 1877 401 1911 parvissima
424 1883 466 1903 est
493 1877 591 1911 posita,
617 1884 665 1904 nec
694 1874 802 1910 prorsus
820 1875 909 1910 agnita
935 1874 1029 1900 luisset

241 1924 359 1955 liamma,
392 1923 436 1950 ubi
466 1923 552 1957 posita
583 1922 737 1949 haberetur.
770 1921 824 1948 Cur
851 1927 916 1955 ergo
934 1928 1028 1947 omnes

240 1969 326 1996 stella)
339 1977 390 1997 non
404 1969 505 2003 pellunt
519 1969 644 1996 noctem?
660 1968 722 2002 quia
738 1967 830 1994 multis
841 1967 937 2001 spatiis
950 1973 964 1992 a
982 1974 1028 1992 uo-

241 2015 283 2042 bis
305 2015 422 2045 distant,
456 2020 546 2042 tamen
571 2023 622 2042 non
649 2014 798 2049 quamlibet
825 2012 1027 2048 permistionem

240 2061 349 2088 luminis
364 2061 390 2088 in
408 2065 487 2088 nocte
516 2060 714 2087 transtnittunt.
731 2059 760 2086 Si
785 2059 846 2094 quis
869 2063 957 2085 autem
980 2065 1028 2085 vo-

240 2107 319 2135 luerit
334 2107 442 2139 intueri.
458 2111 485 2135 et
498 2114 655 2141 comparare
667 2106 783 2133 nubibus
798 2111 916 2135 noctem,
936 2105 1028 2138 pervi-

240 2153 315 2182 debit
327 2153 390 2188 quia
403 2153 499 2183 nubes.
514 2153 578 2180 licet
594 2161 645 2179 non
660 2161 708 2186 per
718 2152 818 2182 omnia,
833 2157 922 2178 tamen
937 2151 1027 2186 splen-

238 2199 331 2226 derent
348 2199 486 2226 stellarum
508 2198 659 2233 prohibent.
677 2199 708 2225 Et
723 2206 784 2225 eum
801 2198 851 2225 hoc
868 2198 903 2224 ita
918 2197 950 2224 sit
962 2217 968 2229 ,
984 2197 1026 2223 in-

239 2244 335 2280 spiciet
351 2244 414 2279 quid
432 2248 580 2278 opt-rantur
595 2242 696 2274 stellae,
713 2247 740 2270 et
754 2247 886 2276 quantum
903 2242 1028 2276 splendo-

239 2298 295 2319 rem
315 2290 425 2317 mittunt
440 2290 464 2318 in
483 2294 562 2317 nocte
577 2298 583 2316 :
599 2294 625 2316 et
643 2294 731 2316 tamen
750 2289 836 2315 stellae
853 2296 948 2315 omnes
963 2297 1024 2315 cum

239 2335 374 2368 universis
389 2334 506 2362 lucernis
519 2335 620 2361 habent
641 2334 748 2369 quidem
768 2333 936 2365 aliinitatem,
963 2334 1024 2367 quia

238 2381 370 2408 luminosa
383 2379 609 2414 quaiitercunque
624 2385 736 2412 utraque
751 2383 823 2405 sttnl.
844 2378 895 2405 Sed
910 2386 961 2406 non
979 2386 1025 2405 so-

238 2427 293 2454 lum
313 2435 327 2453 a
348 2427 463 2453 lucernis
480 2426 564 2452 stellae
581 2426 719 2457 dilicrnnt,
737 2425 783 2451 sed
802 2429 827 2450 et
843 2424 919 2451 stella
942 2425 1026 2452 steii:c

238 2472 327 2509 ζῆσαι-ι
344 2473 370 2498 in
384 2471 552 2499 claritate“.
578 2471 668 2498 Stellis
689 2475 777 2498 autent
802 2470 880 2497 simul
899 2471 1025 2497 omnibus

238 2519 374 2549 adunatis,
388 2517 515 2552 splendor
529 2517 598 2543 inme
617 2517 774 2552 prmluiget;
795 2521 822 2544 et
843 2517 920 2543 istam
936 2517 1024 2545 lunam

239 2564 364 2592 omnibus
380 2561 622 2595 stellis‘adtlentcs,
644 2564 788 2590 vincuntur
802 2570 894 2590 eorum
908 2563 1025 2598 fulgores

239 2618 252 2636 a
270 2611 354 2638 radiis
374 2609 448 2637 solis.
478 2610 554 2637 Sicut
570 2610 640 2636 enim
661 2610 745 2636 stellio
757 2609 868 2644 quidem
891 2610 1023 2640 lucernas.

239 2654 301 2682 luna
318 2661 408 2684 autem
425 2655 528 2687 stellas,
546 2660 573 2683 et
594 2656 633 2682 sol
652 2656 777 2683 universa
796 2656 852 2683 haec
870 2656 1023 2688 luminaria,

238 2707 264 2728 et
285 2702 368 2735 ipsius
390 2702 477 2730 noctis
496 2707 606 2736 superat
624 2702 750 2729 tenebras
767 2709 774 2728 :
794 2702 829 2728 ita
853 2706 880 2729 et
901 2701 939 2728 soi
962 2710 1023 2728 cum

238 2747 365 2773 omnibus
380 2756 440 2782 qum
455 2748 580 2783 praedicta
594 2753 658 2775 sunt
669 2748 786 2775 vincitur
801 2756 816 2774 a
835 2748 936 2774 itttniue
951 2748 1022 2782 quod

237 2793 307 2819 cmlo
330 2795 452 2828 superius
469 2794 592 2822 habetur.
608 2794 649 2829 .Et
660 2793 794 2829 quomodo
810 2794 903 2821 eadem
926 2794 1023 2821 Paulus

273 2882 296 2900 "
314 2881 508 2916 lCor.1\',il.
547 2886 568 2901 ἐ
586 2883 675 2912 l‘i'im.
691 2892 726 2916 rt.
745 2884 786 2913 i6.

579 161 710 189 EUSEBII
731 160 972 188 C/ESARIENSlS
993 161 1068 188 OPI‘.
1091 160 1179 188 PARS
1200 161 1242 187 iV.
1265 177 1297 182 --
1318 159 1528 188 DOGMATICA.

973 227 1023 244 non
1043 223 1062 248 Α
1079 220 1244 246 contendens
1263 220 1391 246 exhibere
1412 219 1445 245 de
1471 217 1646 245 inenarrabili
1660 217 1714 244 Deo
1737 216 1868 251 loquitur,

1042 1569 1063 1598 C

1803 159 1870 186 11ἓᾶ

1081 266 1168 291 Ιιιιιιρη
1190 265 1314 292 habitans
1330 264 1516 291 inaccessibiie
1527 263 1565 294 ¹¹;
1582 263 1767 291 inaecessibiie
1781 263 1868 290 nomi-

1080 319 1158 342 nans,
1185 311 1212 338 id
1235 310 1300 338 dicit
1318 309 1390 343 quod
1406 309 1504 343 suscipi
1519 317 1571 336 nou
1586 313 1683 343 potest.
1700 308 1802 336 Lumen
1820 308 1870 342 igi-

1080 361 1123 383 tur
1136 355 1240 391 angelis
1254 355 1317 382 illutl
1331 358 1385 387 est,
1397 353 1475 388 cujus
1490 361 1576 388 neque
1588 358 1682 388 gustus
1695 360 1783 387 neque
1797 361 1871 381 com-

1079 403 1185 437 paratio
1202 402 1272 437 apud
1288 409 1339 428 nos
1357 401 1503 428 invenitur.
1520 400 1602 436 Regio
1615 405 1703 428 autem
1716 401 1775 435 eius
1786 400 1868 435 supra

1079 449 1188 476 dorsum
1214 453 1256 476 est
1277 449 1347 478 εαξη.
1370 448 1508 482 possessio
1528 455 1592 474 vero
1615 452 1642 474 et
1663 447 1764 474 divitiae
1781 446 1866 482 ipsis:

1080 504 1132 523 non
1149 497 1220 523 enitn
1238 495 1307 523 lecto
1324 501 1349 521 et
1368 495 1500 522 medicina
1524 499 1551 521 et
1573 502 1675 527 mensa,
1700 500 1726 521 et
1753 501 1786 521 ea
1809 502 1868 528 qua:

1080 542 1149 577 apud
1168 550 1218 569 nos
1232 549 1331 575 magna
1348 545 1477 576 putantur
1489 561 1496 572 ,
1521 541 1685 575 sempiterna
1703 540 1746 566 illa
1767 540 1869 575 indiget

1079 595 1103 616 et
1123 593 1216 616 sancta
1237 593 1332 615 natura
1351 597 1357 615 :
1380 588 1431 614 illis
1449 587 1520 614 enim
1541 595 1652 614 sunmus
1670 595 1721 614 non
1744 592 1797 619 est.
1815 595 1867 614 non

1079 636 1168 669 dolor,
1196 643 1248 661 non
1270 633 1356 662 labor.
1377 634 1446 667 Quid
1470 634 1555 668 ergo?
1577 634 1643 661 Num
1665 634 1750 660 otiosa
1774 641 1867 660 eorum

1080 688 1176 709 natura
1196 681 1260 708 est?
1284 680 1387 707 iiabent
1405 688 1472 715 opus
1489 680 1595 714 dignum
1619 687 1674 706 sum
1690 679 1847 706 substantia!
1861 689 1866 705 ς

1081 729 1165 756 Deum
1187 728 1301 755 laudant
1324 735 1376 754 non
1397 726 1509 754 vocibus
1532 734 1619 761 neque
1639 725 1767 753 clamore.
1795 725 1867 758 Quo-

1082 775 1162 802 modo
1179 782 1244 810 ergo
1264 773 1329 801 dicit
1344 771 1484 807 Scriptura
1506 779 1593 803 roees,
1613 777 1648 802 et,
1667 772 1688 799 si
1716 771 1870 806 permiserit

1082 827 1196 855 tempus.
1220 821 1406 854 contiugemus
1422 819 1572 851 audientes,
1590 823 1617 845 et
1635 819 1684 846 ista
1697 817 1804 844 interim
1820 824 1869 843 au-

1082 873 1133 895 tem
1149 873 1245 895 natura
1262 871 1435 902 agnoscatur.
1463 865 1490 892 Si
1507 871 1595 892 autem
1616 870 1643 892 et
1663 864 1739 892 aliter
1752 871 1868 898 appara-

1082 914 1148 941 veril
1166 913 1306 946 Scriptura
1324 913 1427 945 dicens,
1447 912 1536 946 agnita
1550 915 1644 938 natura
1664 914 1827 944 agnoscetur
1843 915 1870 937 et

1081 959 1180 994 quibus
1213 958 1353 992 Scriptura
1381 958 1538 992 alloquitur.
1570 957 1691 991 Denique
1717 961 1745 982 et
1775 960 1869 983 orator

1081 1003 1172 1037 parvis
1192 1007 1238 1028 attt
1259 1009 1312 1028 non
1335 1001 1464 1036 loquitur,
1483 1006 1530 1028 aut
1554 1001 1594 1028 sic
1616 1001 1735 1034 loquitur
1749 1005 1777 1027 ut
1791 1000 1868 1034 parri

1082 1053 1194 1081 possunt
1211 1049 1324 1082 audire;
1351 1052 1377 1075 et
1403 1047 1545 1081 Scriptura
1562 1048 1653 1074 divina
1672 1046 1824 1074 hominibus
1840 1050 1869 1071 nt

1082 1094 1198 1121 humane
1220 1095 1354 1128 loquatur,
1375 1097 1422 1120 aut
1440 1093 1548 1120 silentio
1573 1093 1732 1120 honoretur.
1758 1091 1815 1118 Non
1835 1099 1868 1118 ex

1083 1140 1123 1167 his
1137 1140 1219 1174 igitur
1233 1148 1267 1166 ex
1283 1139 1380 1173 quibus
1394 1138 1614 1166 condescendeus
1628 1139 1767 1172 Scriptura
1785 1138 1870 1172 loqui-

1082 1192 1126 1213 tur
1143 1186 1228 1217 nobis,
1254 1186 1381 1213 debemus
1397 1185 1480 1212 verbo
1501 1185 1634 1212 deducere
1658 1189 1684 1211 et
1701 1189 1826 1212 naturas.
1844 1191 1870 1209 et

1082 1233 1135 1260 vim
1166 1233 1256 1260 facere
1278 1232 1494 1267 nobismetipsis,
1515 1236 1543 1258 et
1568 1236 1597 1258 ut
1616 1230 1703 1266 pisces
1725 1230 1835 1257 exsilire
1855 1238 1870 1255 e

1082 1279 1159 1305 mari.
1176 1277 1261 1305 Erunt
1279 1278 1350 1304 enim
1367 1278 1444 1305 nobis
1459 1277 1632 1311 jactationes,
1648 1284 1702 1304 non
1722 1276 1755 1303 ad
1777 1276 1869 1311 perdi-

1083 1326 1182 1351 tionem
1209 1329 1238 1350 ut
1265 1323 1382 1358 piscibus
1400 1332 1407 1350 :
1429 1324 1476 1351 sed
1500 1323 1633 1357 quomodo
1648 1330 1678 1350 ea
1696 1323 1796 1354 dicam,
1820 1329 1871 1357 ego

1080 1371 1188 1405 quidem
1209 1377 1261 1397 non
1277 1377 1398 1404 possunt.
1422 1370 1505 1397 Decet
1521 1374 1608 1396 autem
1623 1373 1774 1403 opportune
1791 1375 1867 1402 repe-

1081 1421 1139 1443 tere
1162 1424 1214 1447 non
1237 1416 1341 1442 Domini
1364 1423 1469 1448 vocem,
1483 1416 1528 1450 qui
1549 1416 1699 1450 piscatores
1713 1423 1728 1440 ει
1752 1415 1820 1440 mari
1842 1420 1869 1441 et

1080 1462 1184 1498 stagnis
1197 1467 1223 1488 ct
1238 1461 1325 1488 ﬂuviis
1339 1462 1511 1493 abstrahens,
1527 1462 1565 1488 ait
1584 1471 1590 1489 :
1613 1462 1635 1478 "
1652 1459 1751 1494 Venite,
1772 1460 1868 1495 [nciam

1079 1517 1125 1536 vos
1141 1509 1284 1542 piscatore:
1302 1509 1449 1536 hominum.
1469 1508 1550 1535 Decet
1569 1508 1652 1540 enim,
1669 1508 1766 1542 inquit,
1783 1507 1868 1534 homi-

1081 1563 1129 1582 nes
1144 1555 1297 1590 piscamini.
1313 1554 1346 1581 Et
1363 1563 1417 1582 non
1435 1549 1528 1587 tacuit,
1544 1562 1576 1580 ne
1590 1553 1706 1588 suspicio
1722 1553 1799 1580 [lerat
1813 1560 1869 1587 per-

1081 1602 1201 1632 ditionis,
1218 1601 1264 1628 sed
1276 1601 1411 1632 homines,
1423 1600 1520 1635 inquit,
1539 1599 1678 1635 piscamini
1695 1600 1728 1626 ad
1743 1599 1866 1626 salutem.

1080 1647 1224 1681 Erigamus
1247 1647 1329 1682 igitur
1353 1647 1541 1681 nosmetipsos,
1557 1646 1713 1673 cxsiliamus
1727 1653 1743 1672 e
1759 1645 1827 1671 mari
1841 1650 1868 1671 et

1081 1700 1095 1719 a
1117 1697 1187 1720 terra
1205 1693 1230 1719 iu
1247 1701 1298 1727 qua
1316 1698 1429 1724 stamus,
1446 1697 1472 1720 et
1495 1692 1628 1719 incidatur
1643 1699 1658 1718 a
1674 1691 1752 1718 nobis
1766 1698 1822 1722 aer,
1842 1695 1868 1718 et

1081 1739 1221 1765 sciudatur
1235 1739 1312 1765 nobis
1326 1744 1352 1765 et
1365 1738 1474 1765 coelum.
1488 1737 1626 1773 Cogitalus
1640 1737 1711 1764 enim
1731 1744 1784 1764 non
1801 1736 1868 1764 deti-

1081 1788 1171 1815 netur.
1199 1788 1226 1810 et
1252 1784 1348 1818 pennis
1369 1783 1495 1811 desiderii
1516 1783 1586 1811 cmio
1609 1782 1734 1816 superius
1758 1783 1868 1809 acceda-

1081 1837 1151 1862 mus,
1167 1837 1266 1864 corpus
1293 1829 1352 1856 istic
1370 1829 1403 1856 ad
1428 1836 1594 1864 congeneres
1619 1828 1814 1862 relinquentes.
1842 1833 1868 1854 et

1080 1877 1162 1911 pedes
1182 1876 1208 1902 in
1228 1881 1310 1907 terra,
1329 1875 1390 1910 quia
1404 1876 1437 1902 ad
1449 1875 1545 1903 omium
1562 1883 1614 1902 non
1629 1879 1751 1907 currunt,
1766 1879 1794 1902 et
1811 1881 1867 1901 ma-

1080 1930 1131 1950 nus
1148 1922 1208 1949 istic
1223 1922 1267 1949 uhi
1287 1927 1398 1957 possunt
1415 1925 1442 1949 et
1466 1926 1587 1956 tangere,
1609 1926 1636 1948 et
1659 1927 1737 1946 aures
1757 1920 1802 1946 hic
1825 1926 1868 1945 au-

1080 1968 1155 1995 diant
1169 1975 1259 2000 voces,
1275 1973 1302 1994 ct
1321 1968 1445 1995 odoratio
1470 1967 1514 1994 ubi
1536 1967 1617 1994 habet
1630 1966 1831 1997 necessitatem,
1842 1970 1868 1992 et

1079 2019 1174 2050 gustus
1189 2015 1258 2049 apud
1277 2022 1324 2042 eos
1343 2015 1558 2049 qui.pascnntnr.
1573 2018 1600 2040 et
1614 2013 1683 2040 visio
1701 2020 1761 2039 cum
1779 2011 1868 2039 visibi-

1081 2061 1150 2088 libus
1169 2066 1287 2087 maneat.
1310 2060 1449 2095 Cogitatus
1471 2065 1560 2086 autetn
1585 2064 1658 2086 veste
1683 2066 1713 2086 se
1738 2058 1866 2091 spoliatis.

1079 2107 1201 2141 corporis
1216 2107 1292 2133 istius
1310 2106 1414 2141 pondus
1432 2106 1558 2140 deponat,
1573 2110 1598 2133 et
1616 2112 1679 2133 suas
1692 2112 1796 2139 pennas
1811 2111 1866 2130 tuo-

1081 2156 1152 2183 vcat,
1176 2156 1203 2178 et
1225 2159 1391 2186 qua'cunque
1411 2151 1580 2178 deducuntur
1603 2151 1734 2183 abscidat,
1758 2155 1786 2177 et
1807 2157 1866 2184 qua:

1081 2201 1144 2224 sunt
1167 2197 1258 2232 gravia
1275 2201 1302 2224 et
1318 2197 1440 2224 detinere
1465 2201 1580 2230 tentant,
1599 2198 1729 2231 deponat;
1746 2201 1773 2223 et
1788 2196 1823 2223 sit
1838 2195 1862 2223 iu

1045 2240 1066 2269 D
1080 2241 1205 2270 dorsibus
1219 2242 1291 2274 cteli,
1310 2247 1336 2270 et
1352 2243 1405 2269 illic
1427 2243 1516 2270 fartus
1535 2251 1596 2270 cmn
1619 2242 1721 2277 angelis
1738 2247 1766 2269 et
1785 2250 1866 2276 ange-

826 2885 848 2901 "
869 2884 962 2912 Matth.
980 2885 1071 2922 1319.

1079 2289 1165 2316 lorum
1182 2289 1272 2316 decies
1293 2289 1426 2320 millibus,
1450 2294 1477 2316 et
1503 2289 1727 2323 archangelorum
1750 2288 1865 2314 millibus

1079 2335 1105 2362 in
1122 2336 1172 2362 alia
1190 2336 1244 2362 vita
1261 2340 1288 2362 et
1314 2335 1507 2362 conStitulione
1527 2339 1552 2362 et
1568 2335 1773 2362 conuersatione
1795 2334 1866 2368 posi-

1080 2387 1134 2414 tus,
1156 2381 1332 2408 obliviscatur
1349 2381 1438 2408 omnia
1461 2389 1521 2414 qua:
1535 2380 1648 2412 dimisit,
1670 2387 1719 2407 nec
1733 2380 1866 2407 alienetur

1079 2427 1142 2454 illic.
1166 2426 1223 2454 Non
1240 2427 1401 2453 alicnabitnr
1422 2431 1512 2453 autem
1535 2427 1555 2453 si
1577 2426 1620 2452 hic
1636 2430 1733 2460 putans
1751 2433 1780 2452 se
1795 2432 1863 2456 esse,

1079 2473 1194 2499 voluerit
1211 2473 1308 2505 smpius
1324 2480 1417 2499 eorum
1441 2480 1500 2506 qua:
1518 2472 1561 2498 hic
1582 2476 1644 2498 sunt
1670 2471 1862 2507 ignobilitatem

1077 2519 1179 2550 videre,
1193 2525 1220 2545 et
1240 2519 1397 2551 u‘mtionem,
1414 2524 1441 2546 et
1466 2519 1680 2551 instabilitmem,
1696 2523 1722 2545 et
1737 2518 1864 2545 deﬂuxioc

1077 2573 1149 2597 nem,
1169 2571 1195 2592 et
1215 2564 1392 2592 deiectionem
1406 2585 1413 2596 ,
1436 2570 1464 2591 et
1486 2565 1690 2591 diminutionem
1707 2572 1714 2591 :
1732 2565 1794 2598 quia
1817 2565 1864 2592 oh-

1077 2612 1231 2638 scurahitor
1253 2615 1280 2638 et.
1304 2619 1357 2638 non
1381 2612 1482 2642 stabit;
1504 2611 1566 2644 quia
1582 2616 1607 2638 et
1627 2611 1737 2645 quando
1760 2611 1864 2636 videtur

1078 2664 1249 2692 promovere,
1273 2664 1320 2691 per
1344 2657 1441 2684 mullos
1466 2665 1546 2684 casus
1561 2657 1635 2683 venit
1655 2657 1687 2683 ad
1713 2656 1864 2684 incremen-

1078 2707 1145 2730 tum.
1167 2704 1233 2730 Cum
1251 2703 1307 2730 hmc
1325 2703 1414 2729 omnia
1436 2704 1639 2738 contempserit,
1655 2703 1698 2729 illa
1713 2708 1804 2729 autem
1818 2705 1862 2729 de-

1082 2748 1264 2781 sideraverit;
1282 2753 1308 2776 ct
1323 2748 1385 2776 hinc
1400 2748 1457 2783 jam
1479 2750 1529 2776 ista
1541 2749 1647 2784 quidem
1661 2748 1802 2784 despiciet,
1819 2748 1860 2775 illa

1079 2800 1167 2823 autem
1183 2795 1375 2828 considerabit,
1400 2801 1427 2823 et
1447 2795 1555 2823 evolans
1577 2795 1737 2830 pervidebit.
1765 2793 1861 2822 Factus
