2024 3208
122 164 193 193 H55

510 164 554 192 DE
573 164 618 192 EO
636 163 731 197 QUOD
749 164 840 193 DEUS
859 165 974 193 PATER
994 164 1250 193 ιΝεοςιΡοιιΑιιε
1271 164 1343 192 EST.

1678 170 1748 198 ΗΜ

123 225 206 259 igitur
223 231 284 251 cum
305 225 347 251 his
367 224 400 252 ad
415 231 448 252 ea
468 228 528 258 qua
543 224 689 256 desiderat,
713 225 782 252 sciet
798 233 858 258 quae
872 231 914 252 est
928 229 949 257 Α
964 226 1027 261 quia
1054 224 1270 252 trattscentlimus
1287 229 1410 252 naturam
1429 233 1436 251 :
1459 224 1590 259 spiritalis
1604 226 1687 261 igitur
1700 229 1753 262 qui.

122 271 240 306 dignitas
250 272 393 305 cogitatus.
405 270 473 298 Cum
488 271 591 306 angelis
609 271 733 298 homines
750 272 820 299 caelo
834 280 911 307 supe-

125 318 179 344 rius
193 318 347 352 terrenique
362 318 485 344 machina
507 318 568 351 quis
581 318 631 345 erit
647 318 710 349 dux,
726 318 786 351 quis
803 325 909 345 sursum

124 363 250 393 adducet,
269 363 316 388 sed
334 369 387 388 non
404 362 532 389 concedet
547 366 654 389 natura.
681 362 824 389 Descendit
841 361 910 389 Dens

125 409 170 435 Dei
182 408 265 435 Filius
278 408 348 439 inde,
366 413 393 435 et
406 407 583 440 descendens,
601 408 664 442 quia
680 407 837 435 incredibile
852 413 910 435 erat

124 455 245 481 homines
263 454 316 480 illic
333 454 491 484 ascendere,
512 454 657 487 assumpsit
675 455 726 480 hoc
742 455 909 486 incredibile,

124 499 175 527 hoc
192 504 234 526 est
248 505 367 526 nostrum
381 507 488 533 corpus.
504 506 520 525 e
541 506 646 526 summo
668 499 833 526 descendens
857 507 908 527 non

124 545 157 571 ad
171 544 357 572 confusionem
370 565 378 577 ,
394 545 441 572 sed
458 545 491 571 ad
516 545 631 571 salutem
651 547 709 579 ejus
725 546 770 579 qui
786 553 909 572 assume-

124 591 212 617 batur.
232 589 260 617 Si
276 590 357 626 igitur
373 591 443 617 Deus
457 598 507 616 non
523 590 681 624 assumpsit,
696 590 740 624 qui
755 598 806 617 non
821 592 910 618 credis

124 636 146 663 si
161 636 259 663 caelum
275 636 398 662 concedit
412 636 465 666 his.
480 636 550 669 qttod
574 636 684 663 addttcit
703 644 811 663 sursum
826 636 848 663 is
862 638 908 671 qtti

124 683 157 709 de
173 682 242 708 ccelo
253 681 408 712 descendit,
421 682 467 708 sed
482 681 598 708 nondum
611 689 641 708 ea
656 689 714 715 qua:
730 681 817 708 futura
834 687 908 714 sunt,

124 727 169 753 sed
187 727 295 754 inierint
314 735 344 754 ea
366 734 427 761 qua:
451 732 541 761 potest
557 727 703 762 cogitatus.
720 727 852 761 siquidem
867 733 909 754 est

124 779 150 800 et
164 774 316 805 admiratio,
340 774 402 807 quia
419 774 446 800 in
462 780 576 808 corpore
597 774 770 805 constitutus,
794 780 821 801 et
837 775 907 801 circa

125 825 222 851 corpus
235 823 323 851 potest
343 820 479 852 deponere
495 825 501 844 τ
517 826 568 844 non
588 823 616 845 ut
632 826 683 845 non
705 820 847 851 moriatur,
862 821 908 847 sed

124 867 153 888 ut
175 869 234 888 eam
255 870 314 896 qute
339 870 401 889 vere
426 863 478 888 vita
500 869 540 889 est
562 863 644 889 vivat.
672 863 752 891 Forte
773 870 863 891 autent
883 871 909 891 et

963 271 1075 302 dicitur,
1091 270 1204 305 angelus
1228 269 1399 304 appelletur;
1421 276 1473 297 non
1491 270 1552 304 quia
1570 270 1606 298 ita
1625 271 1684 305 ejus
1698 280 1752 298 na-

964 322 1022 343 tura
1038 322 1090 347 est,
1105 316 1151 342 scd
1169 315 1256 349 magis
1272 322 1324 342 non
1340 314 1488 342 efficiamur
1504 323 1578 342 caro.
1601 315 1655 343 Nec
1671 318 1748 344 valde

961 361 1129 388 confidamus
1144 360 1242 386 animat
1256 368 1262 386 :
1281 359 1375 386 oculus
1394 359 1467 386 enim
1485 359 1544 387 sine
1557 359 1659 386 lumine
1675 365 1751 388 tene-t

961 407 1057 433 brosus
1072 410 1125 436 est,
1141 410 1166 432 cl
1183 405 1318 439 cogitatus
1332 405 1392 431 sine
1404 403 1548 431 efﬁcientia
1563 412 1678 440 superna
1692 406 1748 432 vult

961 452 1145 484 videre,sicut
1161 451 1254 479 oculus
1274 451 1299 478 in
1324 456 1414 482 nocte,
1435 454 1463 477 et
1480 450 1627 483 desiderat,
1648 457 1675 478 et
1696 451 1751 485 illi:

960 499 1048 531 citur;
1067 498 1173 524 laborat
1195 502 1295 527 autem,
1319 496 1381 530 quia
1399 504 1453 523 non
1469 496 1540 522 valet
1556 504 1564 522 τ
1580 503 1641 523 cum
1656 501 1748 524 autem

961 544 1101 570 advenerit
1124 542 1226 574 lttmen,
1245 542 1360 569 efiicitur
1385 542 1488 569 oculus.
1516 541 1554 568 Ita
1572 546 1599 569 et
1614 542 1751 577 cogitatus

960 589 1018 616 sine
1040 589 1196 623 operatione
1214 588 1332 623 Spiritus
1355 587 1442 614 sancti
1471 587 1577 621 palpat,
1603 587 1749 621 contingit,

961 639 1111 668 promovet,
1127 633 1239 665 crescit,
1257 637 1331 667 putat
1346 633 1408 666 quia
1429 632 1481 659 iste
1500 632 1569 667 lapis
1588 633 1658 659 forte
1678 633 1749 660 Deus

959 684 1010 711 est,
1027 680 1097 706 istud
1119 687 1214 706 aurum
1238 678 1308 706 forte
1323 678 1404 709 Deus.
1425 682 1451 705 et
1468 678 1518 704 hoc
1540 677 1650 712 lignum.
1679 677 1750 705 Dicit

959 726 1030 753 cuitu
1046 726 1116 760 apud
1130 732 1177 752 se:
1192 724 1275 751 Putas
1296 730 1370 750 mare
1383 722 1453 750 Deus
1475 727 1516 749 est
1529 722 1540 749 ?
1555 729 1634 757 putas
1653 727 1723 749 terra
1736 723 1748 748 τ

958 778 1037 806 putas
1049 771 1118 798 aer?
1132 771 1209 798 Unde
1224 774 1250 798 et
1264 775 1398 797 creatura:
1417 769 1612 796 transtulerunt
1627 768 1747 799 nomina.

960 823 987 844 ut
1005 826 1056 844 non
1081 818 1124 844 his
1141 824 1201 852 qua:
1223 817 1250 843 in
1275 818 1470 843 consuetudine
1489 820 1554 843 sunt
1574 815 1747 850 appellantes,

960 863 1006 890 scd
1033 870 1062 889 ea
1086 870 1147 895 qua:
1169 862 1296 888 colebant
1320 861 1503 893 nominantes,
1524 861 1748 887 convincerentur

124 908 232 941 quidam
250 908 390 935 audientes
404 917 473 935 tntnc
487 909 552 935 istos
567 916 716 941 sermones,
729 917 790 936 cum
805 918 907 937 sermo-
926 905 944 931 Β
958 909 1019 942 quia
1032 910 1085 935 vim
1103 909 1239 936 faciebant
1252 907 1378 942 opificiis.
1404 908 1455 941 Qui
1469 912 1558 935 autem
1576 907 1652 934 Valde
1669 914 1747 943 puta-

125 953 204 979 nibus
230 953 336 980 accensi
357 953 418 979 illud
437 954 544 987 quidem
571 954 640 988 qttod
667 960 744 981 erant
778 956 908 989 deposue-

125 1003 196 1030 rttut,
211 998 281 1030 quod
299 1004 388 1025 autem
405 1007 457 1025 non
475 1005 552 1025 erattt
569 999 656 1026 eifccti
669 1005 817 1027 noscuntur
831 1010 837 1027 :
853 1002 908 1028 sic-

124 1049 154 1070 ut
180 1042 280 1069 ferrutn
297 1043 431 1077 quoddam
446 1044 470 1070 in
486 1045 546 1078 igne
563 1044 691 1077 furatum,
707 1048 786 1079 negat
800 1047 907 1079 quidem

124 1089 241 1123 nigrum,
256 1095 334 1123 ttcgat
348 1089 436 1116 album
452 1090 580 1120 colorem,
592 1096 617 1116 et
633 1096 702 1117 totus
715 1091 828 1118 efficitur
841 1092 908 1126 ignis

124 1141 151 1162 et
165 1136 254 1163 calore
269 1140 295 1162 et
308 1136 448 1169 incendio;
475 1137 510 1163 ita
527 1135 595 1162 forte
610 1137 717 1170 quidam
737 1137 792 1172 (57)
806 1145 908 1164 sermo-

125 1183 202 1208 nibus
222 1182 280 1208 istis
292 1183 408 1215 accensi,
424 1190 519 1217 corptts
542 1184 649 1217 quidem
667 1188 693 1209 et
707 1184 828 1216 corporis
845 1192 907 1218 gia-

125 1228 256 1260 vedincm,
278 1233 306 1254 et
329 1229 403 1261 vitia,
419 1233 446 1255 et
465 1230 648 1262 promotiones
669 1228 821 1256 incidentes
846 1237 907 1263 pro~

122 1274 255 1306 jeceruut,
275 1273 324 1307 ipsi
343 1278 433 1300 autem
446 1275 616 1300 sermonibus
638 1274 696 1300 istis
708 1273 847 1300 evolantcs
860 1275 907 1300 de-

125 1326 229 1345 sursum
245 1326 293 1346 nos
309 1319 472 1353 respiciunt;
491 1319 513 1346 si
528 1325 615 1346 tatnen
632 1319 685 1346 illic
700 1319 788 1346 eﬂ'ecti
803 1321 908 1354 patiun-

126 1369 168 1391 tur
187 1364 322 1398 respicere
340 1364 411 1397 istic,
430 1370 456 1391 et
476 1372 528 1391 non
549 1366 594 1391 toti
612 1365 667 1392 illic
690 1366 829 1392 constituti
849 1373 907 1400 pte-

126 1411 244 1437 nitentur
263 1410 325 1443 quia
344 1411 380 1437 ita
396 1411 472 1437 tarde
488 1416 514 1437 et
532 1419 584 1438 non
599 1415 661 1438 ante
677 1411 737 1438 hoc.
761 1411 842 1439 Forte
859 1419 908 1438 att-

126 1461 177 1482 tem
193 1463 243 1483 nec
255 1457 378 1491 pteniteri
395 1457 447 1483 illis
463 1457 517 1489 iam
533 1462 620 1489 vacat,
637 1457 683 1491 qui
702 1458 737 1484 ita
760 1458 828 1484 ltBliS
849 1465 909 1492 qutc

125 1502 179 1529 illic
192 1507 255 1529 suttt
270 1502 348 1529 factis
359 1508 519 1534 noscuntur,
534 1510 588 1530 non
602 1504 641 1530 eis
653 1508 694 1530 est
704 1503 794 1530 'otittm
811 1504 836 1530 in
853 1511 909 1530 tne-

125 1548 239 1575 moriam
262 1548 384 1583 redigere
411 1556 454 1580 ea,
480 1556 494 1575 a
522 1549 619 1582 quibus
639 1549 744 1576 liberati
772 1550 908 1576 videntur.

125 1595 275 1622 Istiusmodi
295 1595 366 1622 enim
395 1595 518 1621 homines
542 1595 595 1622 illic
614 1602 665 1621 noti
696 1599 759 1622 sunt
776 1595 909 1622 homines.

126 1641 178 1669 Sed
193 1642 262 1669 sicut
278 1642 385 1669 domum
411 1641 517 1675 plenam
544 1640 719 1675 thymiamate
739 1641 863 1675 ingressi,
883 1647 911 1667 et

122 1688 177 1722 jam
201 1688 335 1715 sensimus
347 1688 417 1721 quod
437 1693 540 1718 smnus,
558 1685 735 1713 nihilominus
762 1692 852 1712 tamen
869 1694 910 1713 re-

125 1734 257 1765 dolemus,
283 1739 313 1760 ut.
342 1733 487 1768 thymiama
507 1732 570 1759 facti
589 1741 596 1759 ί
614 1733 649 1759 ita
670 1737 696 1759 et
718 1732 763 1766 qtti
780 1731 833 1759 illic
854 1732 909 1765 jam

125 1780 186 1806 facti
207 1783 269 1805 sunt
295 1780 414 1811 accensi,
439 1779 521 1805 veluti
549 1787 562 1805 a
591 1783 686 1805 natura
701 1779 802 1812 egressi
817 1788 823 1805 :
838 1779 910 1813 qttod

117 1818 214 1851 ‘aulem
231 1825 348 1858 sapiunt,
363 1824 449 1851 effecti
466 1829 529 1851 sunt
541 1824 596 1850 illic
609 1824 707 1858 angeli.
721 1823 824 1856 Quibus
838 1824 909 1849 enim

126 1870 278 1896 intellectus
292 1878 322 1896 rx
341 1870 496 1895 imitatione
515 1877 606 1903 trqtms
620 1869 722 1903 angelis
738 1869 852 1894 habetur
865 1873 910 1894 aut

126 1914 230 1945 similis,
253 1914 310 1940 istis
328 1922 380 1940 non
407 1914 532 1948 prohibet
553 1920 649 1940 natura
668 1915 909 1940 t-ottvcrsationetn.

127 1960 184 1991 Qua
199 1961 269 1986 enim
284 1960 316 1986 de
329 1968 409 1987 causa
424 1961 547 1987 carnales
564 1968 611 1987 nos
636 1966 713 1987 vocat
729 1960 837 1989 Paulus.
857 1967 909 1986 nou

127 2005 256 2031 sedttceus
270 2011 377 2032 nostras
398 2006 514 2038 animas,
533 2006 618 2040 magis
636 2011 726 2032 autent
747 2006 909 2032 subduceus.

126 2050 190 2083 Quis
204 2052 273 2077 enim
294 2057 414 2078 mortuus
436 2051 546 2078 cﬂ‘eclus
567 2052 717 2079 fornicatur
737 2057 783 2078 aut
807 2051 909 2077 adulte-

127 2096 188 2123 rat?
212 2096 279 2123 Dicit
305 2099 375 2123 enim
405 2098 461 2131 ipse
474 2097 628 2131 Apostolus.
653 2097 829 2123 manifestans
853 2096 909 2132 (58)

125 2146 206 2172 opera
226 2140 316 2167 carnis
341 2148 399 2174 qua:
425 2146 488 2167 sunt
512 2141 695 2172 adulterium,
723 2140 907 2168 fornicatio“.

124 2184 221 2211 Carnis
239 2193 320 2220 opera
337 2187 388 2213 ista
406 2192 468 2213 sunt
483 2196 489 2213 :
509 2187 572 2221 quis
589 2187 661 2213 enim
678 2190 799 2214 martuus
815 2187 855 2213 his
868 2187 908 2214 in-

960 959 1055 981 vcrnnt
1081 962 1110 982 se
1134 954 1291 986 ascendere,
1318 961 1425 981 sursum
1456 954 1644 988 pervenientes
1662 961 1748 988 usqtte

961 1002 992 1027 ad
1020 1000 1121 1032 stellas,
1149 1004 1329 1026 occurrerunt
1353 999 1422 1025 luna:
1450 1004 1477 1025 et
1506 999 1631 1025 viderunt
1650 998 1747 1031 solem,

961 1047 1028 1073 forte
1048 1053 1137 1072 autem
1161 1051 1187 1073 et
1211 1045 1321 1077 ctnlum,
1348 1050 1376 1072 et
1404 1049 1614 1079 permanserunt
1635 1044 1699 1076 illic,
1721 1049 1749 1072 et

960 1093 1030 1126 passi
1051 1097 1113 1118 suttt
1135 1091 1229 1118 vitium
1253 1091 1413 1118 sceleratum
1431 1098 1438 1117 :
1458 1090 1528 1117 sicut
1546 1090 1591 1125 qui
1608 1089 1641 1116 ad
1657 1097 1747 1124 regem

961 1139 1076 1169 festinat,
1094 1138 1127 1164 ad
1148 1137 1221 1172 regia
1239 1136 1332 1171 palatii
1352 1137 1494 1167 accedens,
1514 1143 1609 1171 magna
1631 1140 1658 1163 et
1676 1136 1747 1162 clara

960 1189 986 1209 ct
1001 1184 1055 1217 regi
1072 1183 1151 1218 digna
1166 1183 1335 1216 conspiciat;
1361 1187 1387 1208 et
1402 1189 1462 1208 cum
1485 1181 1580 1208 debeat
1602 1181 1688 1215 magis
1702 1181 1747 1208 de-

960 1228 1085 1255 sidet-inm
1100 1236 1176 1255 suutn
1189 1229 1224 1255 ad
1238 1236 1298 1254 eum
1315 1227 1360 1261 qui
1378 1227 1508 1261 quaeritur
1523 1227 1673 1261 propalare,
1690 1232 1748 1253 stu-

960 1282 1025 1308 pens
1041 1274 1130 1301 valvas
1156 1275 1253 1307 regias,
1278 1279 1305 1300 et
1330 1279 1427 1308 putans
1456 1273 1524 1300 nihil
1548 1273 1663 1307 amplius
1687 1280 1748 1300 csse

961 1327 1050 1354 regem
1078 1328 1092 1346 a
1119 1319 1185 1351 suis,
1210 1320 1325 1347 resideat
1344 1320 1377 1345 ad
1391 1327 1422 1346 ea
1437 1327 1497 1354 quze
1512 1319 1598 1353 prima
1620 1326 1747 1346 occurre-

961 1371 1032 1398 rant,
1051 1365 1192 1392 l‘raudatur
1215 1365 1286 1400 regis
1312 1365 1415 1392 visione
1435 1370 1462 1392 et
1484 1370 1591 1392 natura.
1617 1365 1671 1392 Sed
1694 1372 1744 1392 uos

961 1418 1013 1437 non
1031 1411 1146 1438 retineat
1169 1416 1251 1443 terra,
1267 1418 1319 1438 non
1335 1411 1463 1445 praefat-et
1479 1418 1570 1441 mare;
1587 1418 1640 1438 non
1659 1409 1745 1437 offen-

960 1458 1057 1484 damus
1074 1457 1099 1483 itt
1114 1456 1209 1488 stellis,
1226 1464 1278 1484 non
1294 1457 1504 1484 obtenebremur
1526 1464 1541 1482 a
1561 1456 1637 1488 luna,
1660 1463 1747 1490 neque

961 1510 1010 1530 nos
1026 1503 1154 1538 caliginct
1178 1502 1237 1535 sol;
1263 1510 1317 1529 non
1338 1502 1458 1530 detineat
1478 1501 1598 1529 coelum:
1619 1502 1748 1530 Dominus

960 1549 1032 1575 enim
1047 1553 1072 1575 et
1087 1548 1178 1582 opifex
1195 1553 1223 1575 et
1237 1552 1344 1575 creator
1361 1549 1482 1575 omttittm
1496 1555 1589 1575 corum
1600 1556 1660 1583 qua:
1674 1549 1746 1576 dicta

961 1597 1023 1619 51ml
1039 1598 1066 1620 et
1083 1601 1136 1620 non
1162 1598 1224 1620 sunt
1239 1593 1309 1619 dicta
1322 1612 1330 1624 ,
1351 1598 1394 1619 est
1416 1593 1459 1619 ille
1477 1593 1523 1626 qui
1543 1593 1683 1626 qitzcritttr.
1707 1594 1746 1620 Ad

962 1637 1043 1664 Deutn
1062 1638 1152 1672 igitur,
1181 1645 1197 1665 ο
1224 1638 1315 1670 ltomo,
1340 1638 1372 1664 ad
1397 1639 1478 1666 Deum
1500 1639 1597 1665 horum
1626 1639 1747 1666 omnium

962 1691 1020 1717 qute
1035 1685 1104 1711 bona
1117 1688 1144 1710 el.
1162 1684 1235 1710 clara
1254 1691 1327 1712 sunt.
1347 1683 1418 1710 Nihil
1437 1684 1562 1710 miserius
1573 1689 1615 1711 est
1625 1691 1705 1718 quam
1718 1689 1748 1711 ut

961 1730 1021 1763 quis
1041 1730 1066 1756 in
1085 1730 1184 1757 lumine
1204 1729 1323 1757 offendat
1339 1739 1346 1758 :
1365 1731 1410 1757 sed
1429 1738 1561 1758 caecorum
1582 1731 1632 1757 hoc
1653 1730 1746 1758 vitium

960 1781 1011 1802 est.
1027 1775 1082 1803 Non
1094 1777 1303 1804 obteucbremur
1311 1784 1326 1803 a
1337 1776 1408 1803 sole:
1425 1777 1499 1803 vides
1509 1784 1568 1803 eum
1578 1776 1710 1803 orientem
1721 1781 1748 1804 et

962 1823 1142 1854 occidentem,
1163 1828 1190 1850 et
1205 1823 1346 1850 cedentem
1362 1823 1506 1849 mensuris.
1522 1822 1574 1850 Sed
1591 1822 1646 1857 ipse
1660 1829 1748 1856 praeco

960 1874 1003 1895 est
1025 1869 1058 1894 ab
1076 1869 1180 1895 oriente
1203 1876 1287 1902 usque
1313 1868 1346 1895 ad
1367 1876 1506 1901 occasum,
1535 1868 1662 1902 przcdical
1685 1875 1747 1894 eum

961 1913 1005 1946 qui
1021 1920 1049 1939 se
1063 1913 1126 1940 fecit
1139 1919 1165 1939 et
1179 1914 1255 1945 dicit,
1270 1915 1291 1941 si
1309 1919 1397 1940 tamen
1417 1918 1443 1940 ιιι
1456 1914 1545 1945 audis,
1563 1914 1647 1947 magis
1658 1917 1747 1940 autem

961 1959 982 1985 si
998 1958 1072 1985 vides
1086 1967 1092 1985 :
1108 1958 1166 1986 Non
1181 1967 1239 1986 sum
1256 1967 1306 1994 ego
1321 1959 1402 1989 Deus,
1416 1959 1463 1986 sed
1480 1959 1525 1986 ille
1547 1958 1623 1992 cujus
1648 1966 1705 1985 sum
1721 1963 1747 1986 et

960 2010 1010 2037 ego
1024 2004 1172 2038 opificium.
1195 2003 1236 2030 hic
1250 2004 1336 2036 vides,
1352 2004 1396 2030 ille
1413 2003 1555 2031 invisibilis
1571 2009 1621 2031 est.
1638 2003 1749 2030 Visibilo

961 2050 994 2075 ad
1019 2049 1155 2077 invisibile
1178 2050 1313 2076 contraria
1329 2055 1371 2076 est
1388 2055 1505 2077 natura:
1525 2058 1584 2076 nam
1609 2049 1661 2076 etsi
1688 2057 1748 2076 sttnt

961 2096 1051 2122 clarus
1067 2097 1138 2122 sicut
1149 2103 1219 2127 sutn,
1238 2096 1283 2123 sed
1299 2095 1387 2122 clarus
1403 2098 1447 2129 qui
1463 2095 1556 2123 videor
1572 2095 1643 2122 :ville
1658 2101 1747 2122 autem

961 2142 1145 2169 iuvisibilitate
1161 2142 1329 2168 transcendit
1342 2141 1492 2176 fulgoribus
1508 2141 1610 2169 omnia.
1630 2140 1689 2168 Non
1707 2148 1749 2168 me

960 2187 1098 2214 honoratis
1113 2186 1284 2214 dehonestes.
1309 2185 1365 2213 Non
1380 2194 1440 2213 sum
1458 2187 1580 2219 ingratus
1594 2187 1628 2212 ad
1648 2186 1747 2213 Condi-

127 2231 261 2258 votvitur?
277 2230 338 2258 lltcc
349 2240 414 2266 ergo
426 2234 548 2260 viventes
564 2232 663 2258 animis
675 2239 735 2258 cum
749 2233 908 2266 corporibus
925 2238 945 2264 ι)
962 2237 1045 2258 torctn
1059 2241 1066 2258 :
1088 2230 1222 2258 sufﬁciunt
1238 2232 1303 2258 utihi
1327 2231 1460 2259 beneficia
1476 2239 1534 2265 qua:
1560 2232 1651 2265 accepi
1667 2239 1676 2258 :
1693 2230 1747 2257 ttoli

124 2285 184 2303 cum
200 2277 317 2304 dcclives
340 2278 469 2304 fuerimus
485 2278 516 2304 ad
534 2285 640 2309 carnes,
654 2285 719 2304 caro
735 2282 838 2304 tantuut
858 2285 906 2305 vo-

123 2331 217 2349 cantur
229 2332 237 2355 ;
253 2331 314 2350 cum
328 2328 419 2350 autem
437 2324 650 2358 promat-erimus
662 2325 694 2350 ad
708 2324 838 2355 animam,
849 2324 907 2350 aui-

118 2368 200 2395 itnalis
214 2369 293 2396 homo
306 2369 420 2396 dicimur
439 2379 446 2396 :
465 2377 527 2396 cum
544 2375 633 2396 autem
661 2369 908 2396 lrattseenderimus

116 2416 258 2447 maturam,
276 2416 406 2450 spiritalis
423 2416 502 2442 homo
519 2416 694 2450 appellamur.
733 2415 764 2442 l-lt
785 2422 837 2442 non
851 2415 908 2448 jam

115 2460 186 2494 iquia
198 2461 314 2488 carnalis
329 2466 438 2488 vocatus
451 2467 502 2491 est.
521 2461 661 2488 fraudatus
678 2467 718 2488 est
733 2461 821 2487 anima
840 2469 846 2487 :
867 2466 909 2486 nc-

115 2514 177 2540 -ιιιιο
186 2507 249 2541 quia
264 2506 389 2533 animalis
399 2507 488 2534 dictus
499 2513 551 2540 est,
565 2508 620 2541 jam
633 2515 685 2533 non
700 2506 780 2533 habet
792 2512 908 2540 corpus;

123 2552 258 2586 siquidem
270 2558 297 2579 ct
314 2553 430 2587 spiritali
454 2554 558 2580 homini
571 2559 598 2580 et
611 2561 709 2587 corpus
731 2553 801 2580 inest
815 2558 842 2579 ut
861 2553 908 2579 lto-

124 2597 190 2623 mini
212 2601 239 2623 et
253 2597 341 2624 anima
359 2603 388 2623 ut
401 2598 508 2625 animm.
531 2598 559 2625 Si
575 2602 663 2624 autent
680 2602 708 2624 et
730 2597 791 2624 istic
807 2597 909 2623 consti-

123 2641 184 2672 tttti,
198 2641 305 2675 quidam
318 2641 427 2676 quidem
439 2651 503 2670 caro
519 2648 622 2669 tantum
637 2649 740 2673 sumus,
756 2641 819 2677 quia
832 2641 910 2668 tlec|i~

116 2692 170 2713 Wes
188 2685 287 2714 fuimus
302 2688 335 2714 ad
352 2693 470 2720 terram;
487 2690 532 2715 alii
553 2689 643 2715 anima
658 2692 772 2719 tantum,
790 2687 852 2722 quia
869 2687 909 2713 in-

114 2734 165 2758 itcr
188 2737 331 2767 utrumque
364 2738 488 2766 stamus;
521 2734 568 2761 alii
599 2733 734 2768 spiritales
767 2739 895 2760 vocamur

158 2790 180 2805 ‘°
196 2789 253 2816 Gal.
274 2798 299 2822 ν,
320 2791 346 2817 9.

157 2850 213 2885 (57)
231 2850 353 2885 Quidfm.
372 2849 461 2881 Forte,
481 2850 598 2885 quidam.

157 2884 213 2920 (58)
232 2884 279 2911 Ms.
299 2884 438 2920 .lltmifemt
459 2891 519 2912 sunt
538 2893 625 2920 opus.

960 2277 1060 2303 addere
1076 2277 1147 2310 quod
1174 2285 1226 2303 noti
1251 2277 1381 2312 suscipio.
1407 2277 1538 2304 Crcatura
1562 2283 1636 2307 sum.
1652 2281 1678 2303 et
1694 2284 1747 2303 nou

960 2321 1073 2348 Crantor
1087 2331 1094 2354 ;
1120 2322 1257 2356 opificium
1279 2328 1306 2349 et.
1321 2330 1373 2349 non
1387 2322 1496 2356 opifex;
1524 2322 1613 2348 factus
1633 2328 1705 2354 sum,
1721 2326 1749 2348 et

961 2375 1014 2393 non
1032 2368 1054 2393 is
1069 2369 1114 2400 qui
1133 2368 1213 2400 fecit;
1233 2368 1311 2395 istinc
1329 2375 1388 2395 sum
1401 2368 1481 2399 cutio,
1497 2372 1525 2394 et
1540 2366 1602 2394 inde
1615 2366 1700 2393 oculis
1712 2366 1747 2393 vi-

962 2414 1046 2440 deor:
1063 2413 1108 2440 ille
1134 2414 1274 2440 invisibilis
1299 2418 1349 2440 est.
1369 2413 1425 2447 Ego
1442 2413 1469 2439 in
1494 2412 1554 2439 loco
1573 2411 1749 2439 confirmatus

963 2467 1020 2486 sum
1037 2469 1044 2486 :
1060 2460 1103 2487 ille
1118 2460 1185 2487 liber
1201 2461 1235 2486 ab
1247 2460 1321 2486 omni
1337 2465 1381 2486 est
1394 2459 1462 2486 loco.
1476 2458 1533 2493 Ego
1545 2458 1677 2492 parietem
1687 2458 1748 2485 curti

963 2510 1041 2532 teneo
1066 2506 1092 2533 in
1112 2514 1164 2540 qua
1192 2514 1252 2532 sum
1274 2510 1301 2532 et
1325 2505 1429 2540 positus
1446 2513 1453 2531 :
1471 2504 1516 2531 ille
1540 2508 1632 2531 autem
1656 2502 1748 2538 implet

962 2551 1063 2579 omnia.
1088 2551 1143 2586 Ego
1161 2559 1192 2578 ex
1208 2551 1266 2578 loco
1281 2551 1315 2578 ad
1330 2551 1419 2578 locum
1435 2552 1555 2578 accedo:
1578 2549 1623 2577 ille
1638 2554 1665 2576 et
1682 2548 1746 2576 mihi

962 2593 1097 2630 separavit
1111 2597 1209 2624 locum.
1230 2595 1294 2623 Vide
1305 2603 1360 2629 me,
1374 2601 1400 2623 et
1413 2595 1466 2623 noli
1481 2598 1748 2629 connumerare‘qtta

964 2650 1017 2669 non
1029 2647 1271 2669 connumerantur.
1290 2641 1436 2668 Invisibilis
1450 2646 1476 2668 et
1489 2640 1602 2668 visibilis
1613 2639 1748 2674 quomodo

963 2689 1217 2716 eonnumerantur?
1235 2688 1283 2721 Qui
1301 2689 1326 2715 in
1344 2688 1395 2715 loci
1414 2687 1482 2723 (59).
1505 2691 1532 2714 et
1552 2689 1598 2721 qui
1616 2686 1674 2713 sine
1689 2685 1748 2714 loco

961 2741 1041 2768 quam
1061 2735 1161 2762 habent
1176 2735 1393 2762 communionem
1417 2733 1539 2761 naturae?
1560 2733 1615 2769 Ego
1634 2733 1707 2761 orior
1720 2736 1748 2762 ct

998 2848 1054 2883 (59)
1075 2847 1254 2884 Loci._Forte,
1273 2847 1330 2874 foro
1349 2845 1390 2875 vel
1407 2846 1481 2873 locis.
