2024 3208
275 130 345 159 “55

608 126 744 157 EUSEBII
761 125 998 156 CESARIENSIS
1017 127 1091 155 OPP.
1113 127 1203 156 PARS
1221 129 1266 157 ιν.
1282 145 1315 148 -
1336 128 1544 157 DOGMATICA.

1829 129 1910 156 “567

274 189 377 219 occido,
393 188 453 223 quia
469 191 496 215 et
511 194 619 223 possum
638 192 752 222 utraque
765 187 798 214 ad
813 187 887 220 iussa
901 189 1055 222 complere:
1072 189 1094 218 Α
1110 188 1216 221 generis
1231 187 1302 215 enim
1318 188 1478 216 miseremur
1489 187 1583 215 nostri.
1607 187 1659 214 lliis
1671 188 1770 223 quippe
1787 188 1834 223 qui
1848 196 1889 214 ve-

275 234 320 262 ille
331 233 533 268 supereminet;
559 239 611 258 tton
639 231 740 266 indiget
756 236 785 258 ut
799 232 913 263 oriatur,
939 240 991 258 non
1007 232 1058 258 int-

275 285 363 309 mulat
385 280 482 311 locum,
495 287 602 314 semper
624 279 650 305 in
672 286 706 306 eo
731 278 789 313 ipso
804 279 873 313 qttod
889 284 931 306 est
945 285 1035 305 manet
1049 287 1056 311 ;

275 333 380 360 semper
393 327 450 360 ipse
463 326 561 360 estqui
579 329 638 357 est;
655 325 690 351 ab
702 323 748 351 illo
763 329 791 351 et
803 324 880 351 calor
891 328 933 351 est
946 344 953 356 ,
968 326 1001 351 ab
1013 325 1058 352 illo

273 372 374 399 dantur
386 377 413 399 et
425 379 520 398 cursus
533 378 676 403 mensurm,
693 370 727 397 ab
753 370 800 397 illo
814 375 998 397 mensuratum
1017 375 1058 397 est

274 417 384 445 corium.
415 417 481 444 Nam
503 417 553 444 etsi
576 417 664 451 spatio
680 416 758 451 longe
772 423 842 447 sum,
862 421 948 443 tamen
968 416 1057 443 calore

274 463 404 490 conﬁteor
415 468 556 490 naturam:
571 462 616 490 ille
630 461 773 489 invisibilis
781 466 832 489 est.
845 461 932 489 Meum
943 462 1056 490 intueris

274 509 406 542 habitum,
424 509 468 536 ille
481 509 538 536 sine
555 508 647 535 habitu
663 513 714 535 est.
736 507 823 535 Tanta
851 508 916 535 mihi
941 513 1004 535 sunt
1029 513 1057 535 et

274 555 336 587 alia,
353 563 385 582 ex
412 555 509 589 quibus
530 554 596 581 nihil
622 555 654 581 ad
677 554 751 580 illum
775 555 910 588 pertinere
926 555 1054 581 videtur:

274 609 328 628 non
349 606 449 628 tactum
467 603 591 634 incurrit,
615 609 667 628 non
693 602 751 628 loco
769 601 898 632 ambitur,
919 609 972 628 non
997 601 1055 628 loca

272 647 437 679 circumdat,
454 654 506 673 non
523 647 630 674 habitus
644 647 716 674 circa
743 647 842 681 ipsum,
870 654 923 673 non
947 654 1056 681 compo-

272 692 334 720 sitio
350 693 383 720 ad
397 693 517 727 gloriam.
533 691 579 720 ille
594 697 673 719 natus
699 696 798 719 annato
812 697 853 718 cst
870 692 937 727 (60),
958 700 1006 726 per
1022 692 1055 719 il-

272 740 327 765 lum
349 743 376 765 et
397 746 446 772 ego
459 743 485 765 et
496 738 586 765 omnia
609 738 678 766 facta
691 744 760 766 sunt.
779 737 866 766 Nolite
882 747 925 767 me
937 746 1054 767 conver-

273 789 331 811 tere
352 784 384 811 ad
412 784 624 818 blasphemiam,
653 792 700 819 per
727 792 769 811 me
791 785 982 819 blasphemare
1007 792 1055 812 no-

272 830 329 857 lite.
345 829 444 857 Littera
461 837 520 857 sutn
532 830 564 857 ad
577 830 688 865 gloriam
702 831 761 866 ejus
775 831 820 865 qtti
840 838 881 858 me
896 831 959 858 fecit
975 840 982 858 :
998 839 1054 859 ca:-

272 876 326 903 luttt
349 876 420 902 enim
440 875 506 902 liber
526 880 568 902 est
585 883 714 909 magnus;
738 883 788 911 ego
805 881 894 903 autem
916 884 976 903 cum
999 877 1056 902 alli-

273 919 351 947 nibns
375 920 441 947 meis
459 927 550 947 smnus
575 920 670 947 litterae
687 920 878 954 religiositatis.
902 920 992 956 Legite
1017 920 1058 947 lu-

272 973 313 993 nae
335 966 482 992 virtutem:
502 965 599 992 crescit
627 970 654 991 et
671 965 809 998 minuitur,
833 970 860 992 et
885 973 990 1000 semper
1005 966 1057 992 im-

272 1016 401 1042 mutatur,
419 1016 446 1038 ct
461 1010 601 1038 annuntiat
621 1010 834 1037 immutabilem:
849 1015 875 1038 et
898 1012 922 1038 in
940 1012 982 1038 illa
1005 1012 1056 1039 ite-

273 1065 332 1084 rum
345 1057 454 1084 ltabitus
471 1057 618 1088 invenitur.
640 1057 773 1092 siquidem
784 1063 811 1084 et
821 1057 893 1084 illam
911 1058 982 1084 videt
995 1065 1057 1084 ocu-

271 1103 324 1134 lus,
347 1107 374 1130 et
394 1110 531 1137 nunquam
559 1102 586 1130 in
612 1110 644 1130 eo
663 1103 722 1137 ipso
736 1103 805 1137 qttod
827 1108 868 1130 est
883 1108 982 1130 manet.
1002 1102 1056 1129 No-

272 1148 318 1175 lite
338 1156 388 1176 nec
412 1149 489 1175 istam
513 1155 616 1175 utecum
645 1149 746 1183 pariter
766 1148 963 1182 blasphemare.
987 1149 1056 1182 Quid

272 1202 321 1222 nos
335 1194 553 1222 calumniamini!
567 1194 646 1221 modo
664 1195 770 1229 quidem
792 1201 835 1221 me
868 1194 987 1221 dicentes
1003 1194 1057 1221 ior-

272 1241 389 1268 nicatum
408 1247 478 1272 esse,
495 1240 574 1268 modo
591 1244 681 1267 autem
695 1240 797 1272 lunam,
818 1241 880 1275 quia
895 1240 1055 1268 adulterium

272 1287 390 1314 admisit.
410 1285 498 1313 Nolite
518 1286 651 1319 deponere
666 1292 714 1312 nos
734 1290 826 1312 contra
846 1290 983 1318 naturam,
1009 1294 1056 1313 tte-

271 1340 323 1367 que
341 1332 436 1359 iterum
458 1331 587 1358 extollere
606 1338 687 1365 supra
705 1335 840 1358 naturam.
872 1332 967 1359 Dicitis
992 1332 1055 1366 quia

271 1386 322 1412 ego
337 1377 443 1404 mulieri
454 1377 644 1403 confabulatus
655 1384 715 1403 smn
730 1385 737 1402 :
749 1376 846 1411 quibus
856 1378 1056 1412 operamentis?

271 1423 369 1457 quibus
380 1421 528 1449 membris?
543 1428 596 1454 quo
605 1420 717 1447 habitu?
729 1421 954 1456 quemadmodum
968 1430 1054 1449 meam

270 1468 404 1495 flammam
430 1467 514 1501 potuit
535 1466 660 1493 sull'erre?
682 1467 905 1500 quemadmodum
930 1467 1055 1501 splendo-

270 1513 331 1540 res?
347 1512 375 1540 Si
386 1513 457 1540 enim
474 1517 548 1538 tanto
565 1512 651 1546 spatio
662 1511 718 1547 (6|)
735 1520 823 1539 meum
838 1512 941 1540 radium
958 1513 1055 1540 sull'er-

270 1566 300 1586 re
316 1566 367 1585 non
383 1561 481 1592 potest,
495 1558 522 1584 iu
537 1557 641 1584 sinibus
655 1562 765 1592 portare
778 1565 864 1584 meam
886 1557 1054 1591 conjunct-io-

269 1610 330 1630 nem
348 1601 550 1637 potuiIYNolite
568 1602 603 1628 ita
619 1609 662 1629 me
678 1602 792 1637 turpiter
802 1602 972 1636 calumniari,
989 1605 1054 1632 noli-

269 1654 296 1676 te
311 1650 348 1675 ita
368 1648 524 1682 insipienter
538 1647 668 1675 extollere
683 1657 690 1675 :
705 1656 757 1675 non
775 1649 860 1675 solum
881 1650 953 1677 enim
970 1649 1052 1678 Deum

269 1694 412 1729 ignoratis,
426 1694 471 1720 sed
486 1698 511 1720 et
526 1693 634 1728 opificia
648 1693 731 1728 ipsius
747 1694 792 1720 Dei
806 1695 925 1722 nescitis.
942 1696 1054 1724 Dimitti-

270 1746 296 1768 te
313 1748 355 1767 me
370 1742 430 1774 quia
451 1740 519 1767 ﬁsus
535 1746 606 1771 sum,
625 1747 736 1766 cursum
758 1739 818 1767 caeli
831 1741 954 1768 coniicio.
966 1741 1054 1770 Nolite

269 1795 313 1814 me
326 1787 359 1814 ad
377 1791 476 1813 terram
493 1785 628 1820 deponere
650 1786 751 1818 verbis,
765 1793 852 1820 neque
868 1787 1000 1815 deducere
1013 1788 1054 1814 l'a-

268 1832 348 1860 bulis.
364 1831 420 1859 Non
434 1831 579 1867 praevarico
598 1830 686 1866 legem
703 1840 709 1858 :
730 1838 837 1859 sursum
853 1839 912 1859 sum
933 1833 1052 1868 positus;

268 1885 321 1904 non
337 1877 449 1904 innnuto
463 1885 571 1904 cursum
584 1877 759 1904 constitutum
781 1877 864 1910 mihi;
883 1885 935 1905 non
956 1879 1053 1906 recedo

268 1924 302 1950 ab
322 1922 425 1956 ollicio;
453 1923 538 1956 legem
561 1922 651 1949 datam
672 1921 810 1955 custodio;
826 1929 942 1956 agnosco
964 1924 1052 1958 spatia

267 1968 405 2001 cmii,qn:e
418 1972 444 1994 et
456 1967 531 2001 jus-sa
544 1974 683 2001 percurro.
699 1967 813 1994 Terram
824 1967 929 1994 calcare
944 1976 996 1995 non
1011 1973 1052 1995 est

267 2018 369 2040 natura:
381 2020 446 2039 mete
459 2021 466 2039 :
481 2013 588 2047 quando
601 2020 654 2040 nox
668 2013 738 2040 facta
754 2017 796 2040 est
810 2013 974 2048 importuna,
989 2014 1051 2049 quia

267 2065 317 2093 ego
331 2057 454 2085 descendi
469 2059 502 2084 ad
517 2057 637 2085 mulieris
651 2058 921 2086 comn‘utnicatianem
931 2060 1052 2088 Pcessate

267 2103 382 2136 turpiter
398 2103 571 2135 honorantes,
599 2103 671 2131 [trade
692 2104 856 2132 deducentes
875 2114 882 2131 :
901 2106 985 2133 nolite
1003 2114 1050 2133 ora

266 2155 356 2177 vestra
370 2149 395 2175 in
414 2148 492 2176 bonis
502 2149 624 2176 versibus
637 2149 715 2176 malis
729 2150 843 2183 negotiis
854 2152 969 2185 aperire.
982 2151 1050 2185 Quid

1110 233 1196 260 slibtts
1210 233 1316 268 quidem
1335 241 1363 260 se
1376 235 1488 266 nudant,
1511 241 1592 261 emno
1601 237 1690 260 autem
1711 241 1741 261 se
1757 234 1888 268 operiunt,

1109 279 1154 313 qui
1170 279 1272 313 lapides
1288 285 1407 314 portant,
1424 280 1470 315 qui
1483 280 1609 306 damnum
1631 279 1728 314 duplex
1743 279 1887 314 accipiunt,

1109 328 1138 350 ut
1146 329 1173 350 et
1190 332 1283 350 aurum
1297 324 1444 358 proferant,
1458 330 1487 351 et
1504 331 1518 350 a
1534 324 1591 351 Deo
1608 325 1742 352 decidant.
1759 324 1816 352 Non
1833 332 1890 352 ces-

1108 374 1150 397 sat
1163 370 1202 397 sol
1220 377 1269 397 nec
1286 370 1349 397 illttd
1364 370 1390 397 itt
1405 370 1522 397 medium
1537 370 1672 405 proferre,
1684 370 1746 405 quia
1769 374 1892 404 putantes

1107 423 1168 442 eum
1183 415 1322 449 deiﬁcare,
1338 418 1363 443 itt
1377 416 1420 443 his
1435 416 1552 443 maxime
1563 416 1592 443 in
1607 416 1706 450 quibus
1726 416 1889 451 indignatur.

1107 463 1249 489 Adducunt
1263 463 1335 490 enim
1352 463 1387 490 ad
1399 469 1507 489 omnem
1529 462 1722 496 malignitatem
1753 462 1891 490 hominum

1107 516 1200 543 opera,
1220 512 1246 536 et
1273 508 1391 536 malitias
1415 508 1463 536 soli
1487 513 1515 535 et
1529 508 1612 538 lunae.
1629 513 1657 535 et
1673 515 1736 535 suas
1756 508 1792 534 illi
1805 509 1888 536 ascri-

1107 555 1326 589 pscrelnxnrias.
1341 554 1398 581 Non
1412 555 1473 587 iste,
1498 554 1595 589 inquit,
1619 554 1700 582 homo
1719 554 1826 581 adulter
1840 559 1893 586 est,

1107 599 1154 625 sed
1169 599 1218 626 sol.
1231 599 1349 627 Veniunt
1363 600 1433 626 enim
1448 602 1480 626 ad
1493 599 1567 626 illum
1585 599 1684 632 locum,
1705 603 1732 627 et
1756 600 1825 626 mala
1843 600 1890 626 bo-

1108 644 1208 671 miuum
1223 645 1272 672 soli
1284 645 1433 674 ascribunt.
1445 646 1477 672 Et
1488 646 1641 673 hominibus
1653 646 1763 680 quidem
1773 646 1840 673 nihil
1851 654 1890 672 rec

1107 689 1230 723 linquunt
1246 690 1328 723 mali,
1346 698 1398 717 non
1415 691 1534 718 luxurias
1557 691 1717 723 luxuriosis;
1735 698 1787 718 non
1805 691 1888 718 homi-

1106 735 1175 762 cidia
1206 735 1369 769 bomicidis;
1393 744 1444 763 non
1472 736 1631 763 adulterium
1659 736 1812 768 adulteris;
1839 744 1890 763 non

1107 780 1243 806 mendacia
1261 780 1450 811 mendacibus;
1470 789 1522 808 non
1535 781 1604 808 l'urta
1621 781 1745 813 foribus;
1762 782 1809 809 sed
1825 782 1890 808 oblt-

1107 825 1126 851 ti
1153 833 1244 852 eorum
1265 832 1324 859 quas
1355 825 1577 860 blasphemabant
1605 826 1724 854 dicentes
1754 827 1831 858 deos,
1865 831 1889 853 et

1107 873 1261 900 omittentes
1276 873 1398 900 homines
1418 872 1463 906 qui
1480 872 1647 906 delinquunt,
1664 879 1710 898 eos
1730 879 1798 906 qttos
1812 879 1890 899 voca-

1107 919 1172 946 bant
1198 919 1262 945 dees
1291 925 1362 944 nunc
1385 917 1522 951 hominum
1557 917 1694 949 latrones,
1724 917 1889 949 homicidas,

1108 965 1262 996 mendaces,
1281 963 1421 998 malignos,
1440 964 1590 995 adulteros,
1605 963 1678 991 Fures
1698 971 1750 998 pro
1772 963 1889 991 homini-

1107 1011 1157 1039 bus
1171 1019 1230 1039 esse
1247 1011 1349 1038 volunt.
1376 1010 1429 1038 Sed
1457 1011 1526 1045 apud
1554 1018 1602 1038 nos
1628 1010 1760 1037 homicida
1783 1010 1805 1038 si
1823 1010 1890 1037 forte

1108 1065 1189 1084 unum
1207 1058 1316 1089 occidit.
1337 1063 1364 1084 et
1385 1058 1453 1085 l‘orte
1469 1058 1593 1084 tristalus
1607 1061 1653 1084 aut
1668 1056 1776 1084 infamis
1793 1057 1888 1088 factus,

1106 1107 1134 1129 et
1160 1107 1289 1134 tremens,
1313 1107 1340 1129 et
1364 1103 1517 1136 compulsus
1540 1103 1574 1129 oh
1590 1107 1748 1137 egestatem,
1762 1107 1810 1129 aut
1823 1102 1887 1128 iram

1107 1153 1154 1175 aut
1176 1148 1350 1179 inimicitias,
1376 1148 1414 1174 sol
1441 1148 1540 1175 occidit.
1563 1156 1624 1174 cum
1647 1147 1692 1181 qui
1719 1147 1892 1175 interﬁcitur.

1107 1193 1215 1227 Quare?
1226 1201 1286 1227 qua:
1300 1193 1415 1220 vicinia!
1429 1201 1488 1226 qua:
1502 1192 1696 1220 cobereditas?
1714 1199 1774 1226 qua:
1796 1192 1889 1219 condi-

1107 1240 1195 1268 visio?
1207 1239 1271 1274 quid
1287 1240 1403 1273 passus?
1417 1239 1480 1272 quid
1495 1238 1658 1265 admittens?
1673 1238 1737 1273 quid
1753 1237 1891 1272 indigensl

1106 1286 1170 1320 quid
1187 1286 1318 1314 commodi
1335 1285 1445 1312 sumus?
1462 1284 1519 1312 Non
1539 1292 1631 1312 sumus
1650 1291 1746 1311 canna!
1767 1284 1890 1311 manilms

1105 1331 1241 1359 stellarum
1264 1335 1342 1358 motae
1366 1331 1398 1357 ad
1417 1331 1529 1358 litteras.
1545 1330 1613 1361 Tua,
1628 1335 1672 1357 tua
1686 1334 1757 1361 sunt,
1785 1330 1888 1356 etiamsi

1105 1376 1277 1403 calumnieris
1292 1376 1386 1403 solent.
1403 1376 1478 1403 Luna
1497 1381 1586 1404 autent
1613 1385 1664 1404 non
1687 1382 1821 1412 operatur
1831 1384 1891 1412 qua

1106 1422 1280 1449 calumniaris
1297 1431 1305 1449 :
1321 1430 1374 1449 non
1403 1427 1430 1450 te
1454 1422 1552 1451 liberat
1569 1423 1701 1450 calumnia
1724 1431 1739 1449 a
1758 1429 1867 1458 peccatu
1880 1432 1890 1450 ι

1106 1468 1225 1502 ιεῳιίνήε
1235 1468 1281 1495 tibi
1293 1473 1320 1495 et
1331 1468 1524 1502 blasphemiam
1543 1478 1549 1495 :
1563 1469 1588 1495 in
1600 1476 1632 1495 eo
1644 1469 1715 1496 enim
1729 1469 1792 1496 dum
1804 1469 1890 1495 dicis:

1106 1513 1163 1541 Non
1178 1522 1228 1549 ego
1245 1514 1369 1547 admitto,
1384 1515 1430 1542 sed
1456 1515 1501 1542 Dei
1524 1515 1645 1550 upiﬁcia.
1663 1515 1739 1547 Quod
1754 1515 1829 1542 enim
1840 1522 1889 1547 ego

1105 1567 1158 1586 non
1173 1567 1233 1594 ego,
1250 1560 1377 1595 relinquit
1392 1560 1457 1588 illud
1473 1561 1497 1588 ei
1512 1560 1588 1595 cujus
1600 1561 1713 1596 opiﬁciis
1724 1566 1752 1588 et
1764 1561 1889 1595 blasphe-

1103 1604 1185 1631 tuiant
1209 1604 1292 1631 addit.
1315 1604 1344 1631 Si
1363 1605 1435 1631 enim
1461 1613 1513 1632 non
1529 1609 1592 1631 sunt
1613 1612 1693 1639 opera
1718 1609 1814 1631 nostra
1830 1611 1888 1638 (μη

1104 1650 1282 1683 admittimus,
1300 1650 1346 1677 sed
1361 1649 1400 1677 sol
1419 1655 1445 1676 et
1461 1650 1521 1676 luna
1542 1655 1570 1677 et
1586 1650 1670 1676 stellae
1694 1656 1742 1684 per
1757 1657 1807 1677 nos
1824 1657 1887 1683 ope-

1104 1700 1216 1728 rantur;
1229 1696 1264 1722 ita
1292 1703 1379 1730 neque
1404 1695 1510 1723 illorum
1536 1701 1597 1723 sunt
1613 1703 1694 1731 opera
1715 1702 1726 1723 ι
1748 1696 1887 1730 aequaliter

1103 1741 1175 1768 ettim
1196 1741 1269 1768 Deus
1283 1741 1432 1769 constituit.
1456 1741 1522 1768 Vide
1537 1742 1606 1776 quod
1629 1741 1696 1768 dicis
1711 1752 1719 1769 :
1737 1742 1820 1769 Deum
1839 1749 1888 1768 uo—

1104 1787 1192 1814 minas
1207 1794 1286 1822 quem
1310 1787 1382 1821 piget
1405 1794 1484 1814 nosse
1509 1788 1601 1819 Deum,
1617 1788 1663 1814 sed
1685 1787 1730 1814 tibi
1750 1786 1831 1814 facile
1848 1794 1887 1814 est

1104 1833 1174 1867 apud
1190 1840 1269 1867 quem
1281 1837 1344 1859 sunt
1363 1833 1475 1859 dicere:
1493 1832 1648 1860 Confundor
1673 1838 1700 1860 et
1727 1833 1801 1868 piger
1829 1841 1885 1859 sunt

1106 1878 1296 1905 contaminare
1311 1885 1396 1905 meam
1416 1878 1544 1913 linguam,
1564 1883 1590 1906 et
1605 1878 1721 1905 maxime
1733 1879 1837 1905 caelesti
1849 1879 1886 1903 vi-

1102 1925 1178 1952 sione
1195 1924 1373 1951 descendens.
1395 1924 1463 1957 Quid
1486 1932 1560 1960 ergo,
1587 1932 1603 1951 ο
1629 1924 1753 1958 sapiens?
1779 1924 1884 1959 Cygnus

1103 1971 1167 1998 deus
1180 1975 1223 1997 est
1243 1970 1287 2004 qui
1307 1970 1448 1997 adversum
1463 1970 1592 2005 virginem
1609 1970 1699 1997 calet?
1712 1969 1884 1997 Coniundan-

1103 2020 1145 2042 tur
1155 2014 1200 2049 qui
1215 2014 1358 2048 aliquoties
1372 2014 1480 2049 quidem
1493 2020 1598 2041 taurum
1611 2015 1733 2047 adorant,
1745 2014 1885 2049 aliquoties

1103 2059 1160 2095 (63)
1173 2065 1261 2087 autem
1278 2064 1359 2086 tauro
1381 2059 1459 2086 deum
1474 2061 1692 2094 transﬁguratum
1706 2060 1818 2094 lingunt.
1830 2060 1882 2087 Sed

1101 2105 1186 2132 dicite
1204 2105 1282 2133 nobis
1305 2113 1354 2133 cur
1373 2106 1530 2132 immutatus
1544 2110 1585 2132 est
1611 2110 1642 2133 ut
1663 2106 1792 2141 virginem
1810 2106 1883 2134 vide-

1102 2151 1164 2178 ret?
1177 2151 1234 2178 Non
1246 2152 1319 2178 enim
1334 2151 1448 2178 habebat
1460 2150 1574 2178 feminas
1585 2151 1651 2178 deus
1665 2151 1812 2180 secundum
1826 2159 1883 2180 vos.

266 2195 309 2222 me
324 2194 475 2221 deducitis?
495 2195 559 2229 quid
578 2202 620 2221 me
635 2195 779 2222 extollitis?
795 2195 851 2224 Non
867 2197 1002 2224 descendo
1015 2197 1048 2224 ad
1064 2203 1088 2232 ι)
1101 2197 1195 2225 Nonne
1219 2205 1339 2225 sororem
1359 2197 1569 2232 cooperatricem
1594 2197 1697 2230 habuit,
1725 2203 1754 2224 ut
1771 2198 1882 2225 aliorum

267 2240 416 2271 mulierem,
432 2248 483 2267 non
504 2241 620 2267 ascendo
645 2241 757 2276 aequalis
781 2242 845 2269 Deo.
862 2242 938 2275 Quod
958 2248 1049 2270 autem

265 2288 327 2313 erat
339 2286 402 2312 tuihi
415 2290 443 2313 et
459 2287 542 2313 otium
561 2286 714 2321 relinquere
728 2295 836 2314 cutsum
848 2293 980 2316 statutum
997 2289 1049 2316 mi-

265 2330 311 2357 lti?
327 2331 434 2364 quando
457 2331 621 2365 interruptus
637 2336 679 2358 est
705 2331 782 2359 dies!
804 2337 851 2359 aut
871 2334 980 2368 quando
994 2342 1047 2362 non

264 2376 360 2403 adveni
372 2385 484 2404 cttrrens
496 2378 528 2403 ad
540 2382 676 2410 ornatum,
688 2383 835 2413 occupatus
845 2379 878 2406 ad
891 2379 1046 2407 mulierem?

264 2422 298 2450 Et
313 2422 374 2449 luna
393 2423 488 2450 fabulis
499 2424 667 2458 deturpatur,
695 2425 741 2452 sed
766 2426 854 2460 arguit
871 2424 968 2452 fabulis
991 2425 1046 2462 (62)

262 2476 312 2496 sua
328 2475 432 2495 natura.
459 2469 539 2496 Forte
560 2475 649 2496 autern
674 2477 724 2497 nec
744 2470 808 2497 illud
832 2470 931 2497 tacebit
953 2470 1003 2497 sol.
1018 2471 1046 2498 Si

264 2518 352 2543 autem
367 2515 425 2549 ejus
442 2523 493 2542 non
511 2520 552 2543 est
565 2521 661 2543 natura
682 2523 710 2542 ut
724 2516 859 2551 loquatur,
885 2524 933 2543 nos
953 2524 1002 2551 pro
1013 2524 1046 2544 eo

263 2562 416 2597 loquemur,
433 2561 454 2589 si
470 2566 556 2589 tatnen
583 2570 632 2597 pro
650 2563 707 2589 sole
725 2569 752 2589 et
768 2570 819 2590 non
837 2570 884 2597 pro
900 2563 972 2595 Deo;
992 2570 1043 2590 non

263 2610 325 2643 quia
352 2610 422 2637 Deus
441 2608 541 2643 indiget
564 2609 698 2643 adiutorio
719 2613 812 2636 nostro
835 2613 862 2634 et
876 2608 1043 2640 defensione,

264 2655 309 2680 sed
323 2655 445 2683 homines
460 2655 598 2682 coastituti
611 2654 764 2682 hominibus
782 2654 973 2689 cempatimur.
998 2654 1043 2681 Vi-

263 2701 356 2728 dentes
368 2702 440 2729 enim
450 2701 571 2728 volumus
585 2701 637 2728 iter
647 2701 790 2728 ostendere
805 2708 856 2728 non
872 2700 1041 2733 videntibus;

310 2769 354 2804 60)
369 2770 418 2797 Ms.
436 2769 485 2797 Ille
499 2776 575 2797 natus
586 2779 617 2797 ex
629 2772 718 2797 innato
731 2776 778 2796 est.

375 2805 425 2844 bis.
477 2806 543 2844 enim
554 2806 580 2832 in
595 2811 666 2844 tanto
678 2805 771 2837 spatio.

310 2805 355 2838 lii)
375 2805 424 2832 Ms.
438 2805 466 2832 Si
477 2806 543 2832 enim
554 2806 580 2832 in
595 2811 666 2831 tanta
678 2805 771 2837 spatio.

298 2838 355 2874 (6:!)
373 2838 491 2866 Fabu'is.
501 2840 581 2867 Forte
593 2841 707 2875 lahnius.

1103 2243 1235 2270 connubia
1248 2243 1402 2270 iuraretur?
1417 2243 1474 2270 Non
1487 2243 1531 2270 isti
1547 2250 1686 2270 sermones
1704 2248 1768 2270 sunt
1787 2244 1882 2276 nostri,

1101 2290 1147 2317 sed
1164 2295 1260 2316 vestrae
1276 2289 1374 2317 fabula
1388 2289 1493 2323 scripta:
1512 2289 1540 2315 in
1555 2288 1631 2316 libris
1645 2288 1712 2324 (δι),
1733 2289 1759 2316 in
1773 2290 1883 2317 simula-

1101 2336 1164 2368 cris,
1188 2336 1213 2362 iu
1226 2335 1383 2369 parietibus,
1402 2335 1428 2361 in
1440 2335 1630 2362 saltationibus
1645 2335 1825 2362 tlteatrorum.
1843 2336 1884 2362 lu-

1101 2382 1220 2416 dignaris
1236 2381 1296 2415 quia
1309 2382 1369 2408 dico
1380 2389 1411 2408 ea
1427 2388 1485 2415 quae
1497 2386 1524 2407 tu
1540 2382 1631 2416 legens
1648 2382 1757 2408 miraris
1768 2381 1884 2409 :iraseo

1100 2427 1137 2454 ris
1152 2428 1213 2461 qnia
1230 2427 1327 2462 loqu-Ir
1349 2427 1382 2454 de
1396 2427 1437 2454 his
1453 2434 1512 2461 quas
1523 2427 1622 2454 videns
1637 2432 1664 2454 tu
1678 2427 1786 2455 adoras.
1812 2426 1885 2455 ludi-

1099 2474 1189 2509 gnaris
1201 2474 1264 2508 quia
1282 2474 1342 2500 dico
1363 2481 1423 2508 quae
1447 2478 1475 2500 tu
1491 2473 1517 2500 in
1535 2473 1725 2500 saltationibus
1742 2472 1886 2501 vide-cret

1098 2519 1209 2546 audiens
1224 2518 1376 2547 delectaris.
1394 2519 1457 2547 Dele
1467 2527 1498 2546 ea
1511 2527 1543 2546 ex
1559 2519 1671 2554 poeticis
1684 2519 1771 2551 libb.
1786 2519 1885 2548 rude

1099 2572 1113 2591 a
1130 2565 1253 2596 theatris.
1273 2571 1300 2592 et
1314 2566 1462 2592 exterminia
1481 2573 1513 2592 ea
1527 2573 1542 2592 a
1558 2565 1722 2601 primitivis;
1739 2567 1826 2593 eoat]:
1837 2575 1882 2598 ea.

1098 2618 1112 2637 a
1128 2611 1280 2639 simulacris
1293 2611 1399 2644 recede,
1413 2617 1441 2639 et
1453 2613 1617 2646 congaudeo.
1628 2612 1656 2640 Si
1674 2616 1764 2639 autem
1775 2620 1882 2648 perma-

1098 2663 1146 2683 nes
1160 2657 1186 2683 in
1201 2658 1333 2690 crcitate,
1346 2658 1398 2684 noli
1412 2658 1544 2692 indignari
1559 2659 1582 2685 si
1597 2659 1782 2692 convinceris;
1798 2659 1881 2686 dicito

1098 2702 1120 2729 si
1133 2703 1197 2737 quid
1209 2703 1308 2730 addidi.
1325 2704 1352 2730 Si
1369 2708 1457 2730 autem
1475 2705 1543 2738 apud
1566 2709 1591 2732 le
1610 2709 1672 2731 sunt
1689 2705 1798 2740 scripta
1815 2711 1881 2732 auro

1129 2773 1184 2807 (63)
1199 2773 1248 2809 ills.
1261 2773 1398 2809 aliquoties
1411 2780 1496 2800 autem
1510 2776 1535 2801 in
1547 2779 1634 2802 tauro.

1129 2809 1183 2841 itii)
1200 2808 1247 2834 Ms.
1264 2812 1308 2835 sed
1324 2815 1412 2836 t‘lslrtu
1424 2810 1522 2843 fabula:
1534 2810 1561 2836 in
1573 2810 1658 2837 libris.

1687 2872 1702 2884 κ
