2024 3208
141 159 209 188 “57

530 160 573 187 DE
592 159 636 187 EO
655 159 750 193 QUOD
768 159 856 188 DEUS
876 160 993 189 PATER
1012 160 1269 189 INCORPORALIS
1287 136 1364 191 ES’i‘.

1665 140 1673 144 ’
1695 157 1765 186 uss

139 222 168 245 et
186 222 297 252 argento
311 222 338 245 et
350 217 488 253 lapidibus
502 222 529 245 et
545 218 693 252 parietibus
712 222 738 245 et
752 219 884 252 theatris;
903 220 924 246 si
942 222 963 251 Α
977 227 1030 254 que
1046 225 1118 246 terra
1131 220 1242 254 jurgans
1256 223 1358 246 natura
1373 221 1512 245 alacritate
1522 196 1654 252 jurgavit,
1665 218 1712 245 sed
1723 216 1764 244 lex

139 272 189 299 ego
203 265 228 291 in
242 271 324 299 parva
336 264 400 291 hora
418 271 445 290 et
458 264 509 291 hoc
530 265 624 299 pigens
638 264 744 298 loquor,
757 269 866 299 propter
877 265 927 291 mi-

140 310 303 337 serationem
333 315 422 337 autem
437 317 595 337 commoneo
611 318 617 336 :
634 310 697 344 quia
723 318 782 345 quae
809 311 893 344 vides,
910 319 927 339 ο

141 359 232 388 homo,
248 361 274 383 et
292 357 378 384 oculis
408 361 434 384 et
460 364 540 383 sensu
568 363 622 383 non
653 356 778 389 intueris,
809 357 843 384 ad
872 358 928 385 haec

141 403 276 430 irasceris.
291 402 319 429 Si
337 403 378 429 dei
392 407 464 434 sunt,
480 402 593 429 adulteri
607 409 660 428 non
670 407 749 435 sunt;
767 403 789 430 si
801 403 928 437 adulteri,

142 456 193 476 non
216 453 278 476 sunt
290 448 336 476 dii.
346 448 373 475 Si
388 453 478 476 autem
491 448 583 475 volunt
597 447 698 475 habere
707 449 843 477 adulteros
852 450 927 482 deos,

141 501 191 521 nos
206 494 313 528 quidem
333 494 372 521 eis
388 501 440 521 non
460 493 662 526 maledicimus;
679 495 733 521 sint
749 499 838 522 autem
856 501 885 523 ut
902 497 928 523 hi

140 540 186 574 qui
199 540 344 566 adOranlur
357 541 391 567 ab
404 540 466 567 illis.
490 539 596 567 Primus
609 540 714 567 illorqu
731 540 802 569 deus
818 550 870 570 non
888 547 929 570 est

141 585 253 612 satiatus
263 584 383 618 libidine,
397 586 422 612 in
437 585 515 619 ccelo,
527 590 555 613 ut
566 586 615 620 ipsi
628 586 720 614 volunt
731 595 801 623 saepe
813 596 873 616 eum
882 596 928 616 sua

140 630 254 666 conjuge
267 639 349 666 agens
368 640 374 658 :
394 632 480 659 sicubi
492 632 564 659 enim
578 640 640 660 cum
663 633 714 660 alia
734 634 861 662 inventus
877 639 929 668 est,

140 677 232 705 statim
246 685 260 704 a
275 685 322 705 sua
335 678 409 706 zelus
424 685 554 706 accensus
569 683 610 706 est
624 688 631 706 :
645 687 698 706 non
710 680 781 707 enim
802 681 929 708 credebat

142 725 191 753 deo
206 725 254 752 dea
276 725 345 752 male
355 726 389 753 de
400 733 433 753 eo
447 731 582 760 suspecta.
599 726 627 753 Si
641 728 713 754 enim
732 733 760 755 et
780 736 794 755 a
808 730 930 756 mortali-

142 771 190 798 bus
205 778 234 798 se
249 778 301 797 non
319 771 486 803 continebat,
513 772 649 806 quomodo
675 774 725 800 iste
743 781 756 800 a
775 774 931 803 caelestibus

142 820 170 842 ut
186 815 279 842 volunt
292 815 426 842 cessavit?
438 815 489 842 Sed
501 816 639 842 concedite
651 816 747 851 linguze
760 826 766 843 ε
778 825 848 844 nunc
859 818 930 845 enim

142 870 237 890 aurum
252 867 294 889 est
318 862 344 889 in
368 862 444 889 sinus
468 861 601 896 virginum
627 862 743 897 liquens,
772 867 802 890 ut
823 863 927 890 furetur

141 908 199 944 ejus
210 907 394 942 virginitatem
414 918 419 934 :
437 907 506 934 forte
520 911 607 933 autem
627 912 653 934 et
672 908 738 934 bene
757 907 882 942 liquescit
896 908 928 935 li-
946 896 966 923 Β

141 954 204 981 bido
219 954 359 986 dissoluta,
385 954 406 980 si
425 958 517 981 taurus
538 955 604 980 deus
622 953 739 986 illorum,
757 954 801 989 qui
820 962 872 981 non
885 959 927 982 est

141 1000 182 1027 dei
195 1000 347 1035 progenies,
361 999 458 1026 fabula:
481 1007 512 1026 ex
529 999 609 1026 corde
635 999 789 1033 figmentum
814 1000 926 1027 mendax

142 1049 237 1072 natura
254 1050 346 1071 taurus
358 1048 416 1076 est;
430 1049 457 1071 et
482 1043 545 1079 quid
561 1049 639 1078 putas
655 1045 695 1071 vir
715 1051 741 1071 et
758 1049 851 1072 taurus
866 1053 927 1080 por-

142 1095 202 1117 tans
215 1090 344 1125 virginem
360 1090 479 1117 libidinis
492 1097 596 1122 servus,
610 1091 836 1124 concupiscentia:
849 1091 927 1117 ruini-

141 1140 208 1169 ster,
235 1136 260 1163 in
278 1136 347 1163 collo
374 1136 449 1170 virgo
476 1143 538 1162 cum
568 1135 678 1162 libidine
701 1135 926 1170 dominaiouam

141 1183 213 1210 enim
228 1182 339 1215 ﬁguram
367 1182 531 1213 intermisit,
560 1182 666 1215 quando
691 1182 792 1216 quievit
819 1191 852 1209 ne
878 1183 928 1209 im-

142 1231 294 1254 mutaretur
312 1234 423 1262 cygnus,
439 1231 547 1257 taurus,
558 1226 658 1261 aquila,
673 1227 787 1252 aurum?
803 1231 850 1253 aut
863 1235 928 1254 cou-

143 1272 231 1298 tinens
251 1271 337 1298 factus
350 1275 391 1298 est
415 1270 504 1297 nunc?
522 1270 611 1298 Multis
624 1271 695 1296 enim
709 1270 764 1303 jam
783 1271 860 1298 annis
875 1279 926 1297 non

142 1322 184 1344 est
198 1316 284 1344 factus
296 1316 395 1351 aquila,
410 1320 436 1343 et
446 1320 520 1343 certe
540 1323 591 1342 non
605 1315 682 1350 pauci
697 1315 743 1342 lilii
756 1321 781 1342 et
796 1316 856 1343 boni
872 1316 927 1343 uati

143 1366 206 1390 sunt
223 1364 248 1389 in
266 1363 384 1389 deserto.
402 1361 483 1389 Putas
499 1361 587 1388 senuit
601 1365 627 1387 et
640 1361 854 1395 concupiscentia
871 1369 928 1389 ces-

142 1408 221 1441 savit,
235 1413 282 1434 aut
298 1408 481 1442 ptenitentiam
496 1407 612 1434 libidinis
632 1406 736 1438 habuit,
758 1411 785 1434 et
811 1415 880 1434 nunc
899 1415 928 1435 se

143 1454 197 1489 jam
210 1454 347 1481 continet!
359 1453 417 1480 Jam
432 1454 502 1480 enim
519 1461 571 1480 non
586 1453 656 1488 rapit
669 1460 792 1487 puerum.
809 1453 929 1480 Confun-

143 1501 193 1527 dor
212 1504 239 1527 et
256 1500 344 1526 dicere
361 1500 411 1526 sub
425 1506 476 1533 qua
491 1499 633 1526 occasione
650 1507 702 1525 non
718 1499 861 1526 suﬂ'cceral
885 1509 928 1527 so-

144 1554 189 1573 ror
200 1544 309 1580 coniux.
331 1546 513 1580 cooperatrix,
530 1552 563 1572 ex
585 1553 637 1579 qua
654 1547 708 1572 nati
726 1550 787 1572 sunt
806 1546 927 1579 plurimi,

979 265 1130 292 communis
1147 264 1252 291 Domini
1268 267 1309 291 est
1326 263 1412 298 posita
1426 262 1493 290 lines
1505 261 1610 294 aeterni,
1625 267 1652 289 et
1666 263 1691 290 in
1705 267 1765 290 tan-

979 311 1013 338 tis
1024 311 1130 339 sa-culis
1144 310 1242 344 digitus
1255 309 1362 337 additus
1372 317 1425 336 non
1440 314 1492 341 est,
1509 308 1667 336 fluminibus
1682 308 1765 335 tantis

978 360 1006 383 ct
1021 355 1140 383 fontibus
1164 356 1190 382 iu
1207 355 1289 382 maris
1311 353 1416 382 sinibus
1432 353 1645 381 incurrentibus.
1672 352 1768 380 Flante

979 405 1059 429 vento
1082 405 1229 436 pascuntur
1258 400 1368 428 ﬂatibus
1393 406 1485 433 naves,
1508 399 1542 426 ad
1557 398 1656 426 celum
1681 406 1768 433 usque

981 446 1120 474 tolluntur.
1139 447 1172 474 Et
1186 446 1248 482 quis
1259 452 1452 480 nonnunquam
1465 444 1650 480 pertransiens
1666 443 1767 474 timuit,

981 501 1014 520 ne
1025 499 1054 520 ut
1069 493 1198 524 minatur.
1217 493 1253 519 ita
1265 491 1378 520 eil'usum
1394 490 1606 526 comprehendat
1616 489 1769 516 astantem?

980 538 1177 573 Nonnunquam
1196 538 1267 566 enim
1289 542 1315 565 et
1334 536 1481 564 declinavit
1495 543 1579 568 mare,
1595 535 1668 562 venit
1685 534 1729 561 ubi
1743 535 1767 561 ci

981 589 1110 612 statutum
1128 589 1179 617 est,
1211 583 1388 620 legislatorem
1414 587 1441 610 et
1466 585 1626 609 statulorem
1647 580 1709 608 finis
1732 580 1768 608 ti-

981 638 1073 663 mens;
1088 635 1114 658 et
1126 630 1252 664 frangens
1267 629 1364 656 ﬂuetus
1374 628 1408 656 ad
1418 628 1505 661 littus,
1518 627 1637 655 ostendit
1650 626 1770 654 invisibi-

982 677 1032 704 lem
1048 684 1095 711 per
1108 684 1139 703 ea
1153 684 1211 710 quae
1224 676 1359 703 videntur.
1375 675 1429 702 Ista
1446 675 1524 702 decet
1537 673 1560 700 ei
1575 673 1693 705 cithara,
1709 677 1770 707 qua:

984 720 1011 746 in
1024 719 1156 746 frontibus
1174 717 1312 745 hominum
1328 716 1485 744 harmonias
1500 715 1639 747 describit,
1661 713 1705 741 ubi
1721 713 1770 741 de-

984 763 1065 791 beant
1080 770 1140 790 esse
1151 762 1231 795 oculi,
1247 767 1274 790 et
1289 762 1352 796 quid
1371 761 1442 789 circa
1460 761 1549 796 ipsos;
1566 760 1610 787 ubi
1626 759 1730 792 dentes,
1742 761 1771 785 ct

985 810 1095 844 quanti;
1119 808 1163 835 ubi
1179 815 1272 841 aures,
1294 812 1321 834 et
1339 812 1404 842 quot
1418 811 1445 834 et
1460 806 1493 834 ad
1507 806 1589 842 quid;
1606 805 1649 832 ubi
1667 805 1769 840 lingua,

985 860 1012 883 et
1028 856 1061 882 ad
1075 855 1156 890 quid;
1172 854 1233 889 quis
1249 861 1312 882 usus
1325 857 1366 881 est
1382 852 1543 884 oculorum;
1560 851 1603 878 ubi
1618 859 1732 886 ungues,
1743 857 1771 878 et

981 902 1014 928 ad
1032 907 1182 936 quantum;
1199 901 1243 927 ubi
1257 900 1357 933 capilli,
1372 904 1399 927 et
1410 899 1454 926 ubi
1465 906 1516 925 non
1529 897 1637 931 capilli;
1652 897 1714 931 quid
1730 896 1770 923 in-

981 947 1124 977 trinsecus,
1143 945 1206 980 quid
1223 944 1419 978 constringere,
1444 942 1507 977 quid
1534 941 1682 972 involvere.
1704 942 1768 976 quid

980 992 1080 1024 velare,
1093 991 1156 1026 quid
1168 990 1271 1024 jacere,
1291 995 1318 1016 et
1332 990 1363 1016 ad
1379 989 1443 1024 quid
1460 988 1541 1021 utile;
1557 988 1618 1022 quis
1633 987 1771 1023 suscipere

980 1044 1058 1063 escas
1075 1042 1102 1063 et
1118 1035 1255 1067 dividere;
1270 1039 1384 1068 quantas
1397 1040 1538 1060 mensuras
1556 1033 1653 1059 debeat
1670 1033 1771 1059 habere

980 1083 1066 1114 cibus,
1082 1086 1109 1108 et
1121 1086 1250 1116 quantum
1266 1080 1338 1106 intus
1349 1079 1445 1106 debeat
1460 1085 1630 1113 permanere,
1644 1082 1670 1104 et
1683 1084 1771 1112 quan—

981 1128 1015 1154 do
1030 1127 1126 1154 debeat
1141 1133 1267 1161 purgare,
1280 1129 1307 1151 et
1328 1124 1350 1151 si
1367 1123 1507 1151 transierit
1533 1124 1638 1155 horam,
1653 1121 1772 1150 ostendit

983 1179 1094 1199 noxam.
1121 1171 1174 1198 Ista
1202 1170 1260 1206 lyra
1286 1169 1364 1197 decet
1390 1168 1444 1196 Deo
1473 1168 1621 1202 composita
1649 1166 1772 1194 melodlis

982 1216 1163 1243 membrorum
1179 1222 1185 1240 :
1202 1215 1283 1241 habet
1295 1214 1367 1241 enim
1379 1220 1475 1240 nervos
1488 1217 1515 1240 et
1527 1213 1624 1240 cordas
1636 1212 1662 1239 in
1674 1212 1771 1247 quibus

981 1268 1009 1290 et
1023 1270 1053 1289 os
1069 1262 1102 1289 ad
1120 1269 1211 1289 ossum
1224 1265 1279 1292 est,
1294 1264 1321 1286 et
1335 1259 1440 1287 viscera
1461 1259 1494 1286 ad
1509 1259 1624 1290 viscera,
1647 1263 1674 1286 et
1690 1265 1772 1285 mem-

982 1310 1029 1337 bra
1048 1309 1082 1336 ad
1098 1308 1231 1340 membra,
1247 1314 1294 1341 per
1308 1314 1368 1341 quae
1385 1306 1557 1341 deponuntur
1575 1310 1601 1332 et
1613 1305 1772 1339 aperiuntur

982 1363 1078 1382 manus
1093 1364 1099 1381 :
1119 1362 1167 1389 per
1185 1362 1245 1388 qua:
1264 1353 1420 1383 flectuntur,
1441 1356 1469 1378 et
1486 1351 1584 1379 iterum
1599 1351 1713 1378 redeunt
1726 1358 1772 1385 pe-

982 1401 1045 1432 des;
1059 1401 1223 1427 clauduntur
1236 1399 1308 1427 oculi
1322 1399 1356 1425 ad
1374 1397 1560 1429 refectionem,
1573 1402 1601 1425 et
1618 1398 1715 1424 iterum
1730 1403 1772 1424 re-

981 1451 1111 1474 vocantur
1124 1446 1157 1473 ad
1167 1454 1244 1481 opus.
1262 1445 1294 1472 Et
1309 1445 1370 1480 quis
1382 1444 1480 1479 poterit
1496 1444 1670 1470 dinumerare
1684 1450 1772 1477 quan-

983 1497 1016 1518 tae
1029 1491 1179 1519 istiusmodi
1193 1498 1300 1525 semper
1313 1488 1500 1524 percutiuntur
1518 1488 1593 1524 lyrae,
1611 1496 1665 1516 non
1681 1488 1707 1515 in
1719 1495 1773 1515 uno

983 1541 1087 1565 tantum
1104 1536 1224 1568 homine,
1245 1543 1297 1562 nec
1312 1535 1337 1562 in
1353 1535 1508 1562 hominibus
1528 1533 1603 1566 solis,
1626 1533 1672 1561 sed
1694 1538 1721 1560 et
1746 1534 1772 1560 in

143 1593 189 1619 sed
205 1592 259 1627 jam
276 1599 346 1618 nunc
363 1600 415 1618 non
432 1596 589 1617 nascuntur.
603 1589 751 1618 Conscnuit
764 1596 853 1617 aulem
865 1598 927 1617 con-
944 1584 964 1611 C
980 1582 1053 1610 οηιηί
1069 1581 1201 1608 “lima”?
1215 1581 1341 1608 Olmlibus
1357 1580 1429 1607 εηίιη
1445 1586 1587 1611 mensum-
1601 1583 1704 1613 a'mesp
1720 1586 1775 1606 πη·

140 1638 255 1674 jugium,
271 1645 318 1664 cur
330 1636 386 1671 jam
400 1644 450 1663 non
469 1635 596 1669 pariunt?
610 1635 663 1662 Sed
685 1642 738 1661 non
757 1635 863 1662 suﬂ'ecit
874 1635 929 1667 illa,

144 1684 209 1711 abiit
223 1684 255 1711 ad
271 1683 399 1710 mortales
415 1692 421 1709 :
438 1681 543 1708 suffecit
559 1688 609 1707 non
623 1681 740 1708 secunda
763 1680 856 1707 eodem
875 1688 931 1707 mo-

146 1737 191 1762 re;
209 1728 373 1756 multiforme
387 1729 459 1754 enim
486 1731 528 1753 est
554 1725 664 1753 malmn.
689 1725 746 1752 Non
772 1724 931 1752 suﬂ‘eceraut

144 1774 272 1801 mortales
287 1781 295 1799 :
310 1773 342 1798 ad
359 1773 492 1799 masculos
503 1771 636 1798 convertit
652 1770 798 1798 libidinem.
812 1770 929 1805 Opoela,

144 1826 212 1854 quos
228 1817 413 1845 irridebimus?
427 1817 511 1851 magis
525 1821 613 1843 autem
626 1824 694 1850 quos
709 1816 932 1843 lamentahimusi

144 1872 190 1892 eos
220 1864 264 1898 qui
280 1862 457 1896 scripserunt,
472 1867 517 1888 aut
529 1869 578 1888 eos
597 1863 641 1896 qui
660 1870 731 1888 nunc
746 1869 832 1896 usque
857 1861 930 1888 illum

145 1910 190 1944 qui
214 1910 240 1935 in
260 1909 367 1935 dextera
387 1912 474 1942 portat
493 1907 621 1941 aquilam,
637 1907 780 1933 adorantes
799 1912 826 1933 et
848 1906 934 1940 respi-

146 1956 258 1986 cientes,
273 1958 318 1981 aut
332 1953 451 1980 colentes
466 1952 545 1979 sunt?
557 1952 610 1979 Sed
626 1956 703 1986 putas
720 1952 781 1987 quia
797 1952 847 1978 iste
859 1952 931 1978 solus

146 2001 246 2028 exstitit
259 2000 340 2027 talis?
355 2006 443 2026 nonne
454 2003 481 2025 et
496 1998 637 2025 citharista
658 1998 701 2025 illc
715 1997 863 2024 honestus?
880 1997 931 2032 pri-

146 2054 190 2073 mo
206 2046 314 2081 quidem
330 2053 377 2072 cur
393 2043 545 2072 citharistas
559 2044 624 2071 deos
639 2050 780 2078 ponamus,
796 2042 858 2077 quia
881 2042 931 2069 ista

145 2092 221 2119 decet
238 2092 375 2118 harmonia
391 2090 510 2117 decora?
530 2090 580 2117 ista
604 2090 676 2116 enim
695 2094 736 2116 est
761 2089 806 2116 illa
828 2088 855 2115 in
877 2096 930 2123 qua

133 2137 277 2172 ‘olympias
291 2145 298 2163 :
313 2136 451 2163 harmonia
464 2140 553 2162 autem
567 2135 609 2162 illa
625 2139 666 2161 est
680 2142 751 2165 vera,
769 2134 795 2160 in
810 2141 863 2168 qua
878 2140 932 2161 cce-

147 2184 201 2210 Ium
221 2188 272 2215 est,
294 2187 320 2210 et
339 2187 409 2209 terra
427 2187 468 2209 est
484 2182 581 2216 posita,
604 2188 678 2207 mare
695 2180 811 2214 adiacet,
835 2184 863 2207 et
886 2186 933 2207 aer

146 2234 187 2257 est
200 2229 378 2264 compositus,
392 2232 419 2255 et
439 2228 589 2263 percutitur
607 2227 762 2255 consensio.
787 2226 845 2253 Non
860 2226 931 2253 enim

147 2275 220 2310 pellit
235 2282 309 2301 mare
325 2279 424 2301 terram
448 2277 559 2308 propter
575 2271 745 2300 harmoniam
768 2279 775 2298 :
799 2279 852 2298 non
877 2279 930 2299 nos

147 2324 198 2350 diei
214 2323 276 2349 facit
287 2323 350 2353 \im,
364 2329 415 2349 non
429 2320 586 2356 permittunt
596 2321 668 2347 enim
684 2319 755 2346 illius
772 2318 929 2345 harmonim.

148 2370 251 2401 Dicitis,
265 2369 360 2395 cmlum
372 2367 504 2394 consentit
516 2367 558 2394 his
568 2374 626 2401 quae
634 2366 759 2393 deorsum
775 2370 847 2392 sunt.
861 2365 932 2391 Tan-

149 2420 203 2442 tmn
218 2415 288 2441 enim
303 2412 416 2447 praebuit
431 2412 457 2439 in
470 2419 502 2439 eo
518 2411 557 2439 sol
573 2411 687 2445 positus,
709 2415 839 2445 quantum
859 2414 932 2437 esset

149 2461 212 2487 utile
223 2460 328 2494 parari;
341 2464 369 2486 et
383 2462 485 2484 tantum
500 2457 632 2489 accendit,
646 2461 776 2491 quantum
790 2460 848 2483 erat
865 2463 931 2483 con-

149 2507 277 2538 veniens;
293 2510 319 2533 et
334 2505 421 2539 pergit
437 2508 464 2530 et
481 2503 560 2534 redit,
583 2507 613 2529 ut
627 2509 714 2536 neque
732 2501 873 2529 abundans
889 2501 931 2528 in-

149 2552 271 2579 cendium
282 2554 406 2577 exureret
423 2549 530 2582 omnia;
547 2555 632 2582 neque
647 2548 743 2574 iterum
756 2547 778 2574 si
793 2552 933 2573 transcen-

149 2598 233 2629 deret,
254 2595 351 2631 frigore
371 2595 491 2629 perirent
513 2593 649 2620 universa.
668 2592 720 2619 Sed
732 2597 760 2620 et
775 2599 934 2619 communes

151 2642 297 2669 harmonia:
313 2645 340 2668 et
353 2639 475 2674 partibus
490 2639 594 2670 divisae,
609 2638 678 2665 sicut
692 2637 765 2664 brevi
781 2637 865 2663 silura
878 2644 934 2663 ma-

149 2687 206 2721 jora
229 2687 345 2719 cuidam,
371 2686 429 2712 alize
454 2684 527 2712 siluri
544 2691 643 2711 canore
658 2681 841 2710 consentiens.
863 2680 935 2708 Istud

151 2740 226 2759 mare
240 2739 365 2767 magnum
388 2736 415 2758 et
444 2731 602 2764 spatiosum,
624 2728 699 2763 cuius
720 2726 815 2753 ﬂuctus
833 2725 934 2752 uelum

150 2778 268 2813 pulsant,
288 2782 367 2804 terra
382 2776 512 2803 terminos
525 2781 579 2802 non
594 2772 798 2801 transcendunt.
818 2769 871 2797 Sed
889 2777 932 2796 ne-

187 2846 242 2881 (65)
259 2845 305 2873 Ms.
322 2845 435 2872 Oruuus.
452 2843 506 2870 Vox
521 2843 611 2870 Gneca
625 2842 747 2877 οὐρανός,
760 2840 854 2867 Latine
867 2839 932 2866 scri-

152 2888 207 2916 pta.

982 1625 1146 1661 gnitudines,
1171 1625 1305 1657 dentium,
1324 1631 1467 1657 cornuum,
1490 1623 1653 1658 quibusdam
1675 1628 1703 1650 et
1720 1631 1772 1651 nou

983 1676 1045 1699 sunt
1058 1678 1168 1698 cornua.
1186 1669 1253 1696 Aliis
1278 1669 1325 1703 pili
1345 1673 1419 1701 Sunt,
1440 1673 1468 1696 et
1495 1667 1644 1701 cujusmodi
1671 1667 1772 1702 capilli,

983 1725 1086 1752 ungues
1102 1722 1129 1744 et
1145 1715 1296 1751 cujusmodi
1317 1722 1432 1749 ungues,
1454 1722 1550 1749 pennae
1565 1718 1592 1740 et
1607 1713 1704 1740 iterum
1720 1720 1773 1740 non

986 1771 1091 1799 pemur,
1107 1769 1135 1790 et
1154 1763 1180 1790 in
1198 1761 1286 1796 aquis,
1296 1765 1324 1788 et
1338 1761 1363 1788 iu
1380 1768 1453 1794 aere,
1467 1765 1494 1788 et
1508 1761 1534 1787 in
1553 1759 1633 1791 mari,
1645 1764 1673 1786 et
1685 1759 1710 1786 in
1725 1759 1774 1786 llu-

983 1809 1048 1841 viis,
1075 1812 1101 1835 ct
1120 1808 1146 1835 in
1166 1807 1297 1838 fontibus,
1325 1811 1352 1833 et
1370 1805 1576 1833 innumerabilia
1601 1812 1661 1839 qua:
1678 1811 1774 1831 exsur-

983 1858 1058 1888 gunt,
1074 1861 1126 1880 una
1141 1857 1231 1879 tamen
1245 1855 1286 1878 est
1301 1849 1451 1877 harmonia.
1462 1849 1530 1877 Cum
1545 1849 1618 1876 enim
1638 1856 1714 1876 suam
1728 1856 1774 1876 ac-

983 1899 1103 1926 cenderit
1121 1898 1270 1929 lucernam,
1294 1904 1355 1924 cum
1380 1903 1458 1923 suum
1472 1895 1575 1923 scilicet
1596 1895 1699 1923 oraviis
1715 1895 1773 1931 (65)

983 1945 1063 1972 fuerit
1080 1945 1178 1977 solem,
1195 1952 1256 1971 cum
1270 1951 1285 1970 a
1301 1943 1398 1970 tlnibus
1409 1942 1522 1969 orientis
1537 1941 1618 1969 simul
1640 1941 1675 1969 ad
1694 1948 1774 1970 occa-

983 1998 1042 2017 sum
1069 1990 1250 2017 transmiserit
1274 1989 1383 2022 lumen;
1412 1995 1493 2015 omne
1517 1992 1640 2015 movetur
1661 1987 1772 2020 animal,

983 2030 1192 2070 unumquodque
1213 2034 1245 2061 ad
1260 2034 1331 2069 quod
1346 2034 1371 2061 ei
1385 2038 1480 2061 natura
1494 2038 1548 2060 est.
1565 2033 1597 2060 Et
1609 2040 1700 2061 mensa
1713 2034 1774 2068 qui-

983 2081 1043 2107 dem
1059 2079 1210 2107 communis
1224 2085 1265 2106 est
1279 2078 1369 2113 plena,
1391 2082 1418 2105 et
1437 2077 1509 2104 aliud
1523 2076 1623 2103 animal
1643 2076 1676 2103 ad
1693 2075 1773 2103 aliam

983 2129 1109 2160 properat
1122 2132 1222 2156 escam,
1236 2124 1308 2151 aliud
1322 2123 1387 2151 alibi
1401 2123 1518 2154 devitat;
1533 2128 1560 2150 et
1574 2129 1635 2157 qme
1648 2121 1702 2149 illis
1721 2122 1774 2148 uti-

983 2171 1018 2199 lia
1037 2179 1090 2199 non
1101 2175 1174 2203 sunt,
1194 2170 1254 2197 aliis
1282 2167 1471 2196 convenientia
1499 2167 1643 2195 habentur.
1667 2166 1774 2194 Eiciuut

984 2217 1039 2253 (66)
1051 2216 1246 2244 irrationabilia
1266 2223 1315 2251 per
1337 2214 1487 2243 istiusmodi
1503 2213 1672 2241 harmoniam
1689 2213 1775 2239 addu-

947 2251 969 2279 Β
983 2251 1038 2298 cta,
1058 2265 1120 2299 quis
1137 2263 1194 2300 (67)
1209 2263 1306 2291 debeat
1320 2266 1440 2297 gustare,
1454 2265 1481 2288 et
1494 2267 1553 2295 quat
1570 2258 1664 2286 debeat
1675 2257 1772 2289 vitare,

984 2317 1010 2340 et
1026 2320 1086 2339 cum
1107 2310 1202 2345 quibus
1217 2307 1385 2336 conversari.
1399 2305 1453 2333 ista
1468 2305 1568 2332 decens
1590 2304 1645 2332 Deo
1667 2303 1774 2331 hanno-

986 2363 1030 2389 nia
1045 2366 1097 2394 est,
1111 2366 1158 2394 per
1172 2366 1252 2393 quam
1267 2357 1308 2384 sol
1325 2360 1442 2383 statutus
1453 2354 1487 2380 ad
1502 2360 1611 2384 cursum
1625 2355 1678 2385 est,
1692 2355 1720 2378 et
1731 2351 1774 2378 lu-

987 2415 1020 2435 na
1038 2408 1071 2434 ad
1084 2405 1271 2435 crescendum,
1285 2409 1312 2431 et
1325 2401 1410 2429 stella:
1424 2402 1457 2426 ad
1471 2399 1568 2434 spatia.
1586 2397 1667 2425 Istam
1678 2405 1774 2432 percu-

987 2456 1018 2481 tit
1034 2460 1082 2488 per
1093 2452 1150 2478 dies
1163 2455 1190 2478 et
1205 2454 1306 2478 noctes,
1322 2445 1455 2482 siquidem
1468 2448 1496 2472 et
1508 2443 1673 2470 dormientes
1684 2447 1773 2477 auget,

985 2503 1013 2525 et
1035 2487 1218 2524 efﬁcientibus
1234 2493 1337 2521 otiosus
1365 2498 1417 2518 non
1439 2493 1492 2517 est.
1519 2488 1553 2516 Et
1575 2488 1646 2516 Deus
1665 2487 1774 2523 quidem

985 2543 1064 2570 istam
1077 2542 1134 2569 sine
1147 2540 1238 2574 digitis
1248 2543 1276 2565 et
1287 2537 1380 2564 labore
1395 2535 1512 2571 perculit
1524 2533 1693 2562 harmoniam
1707 2543 1713 2561 :
1728 2533 1773 2561 illa

985 2594 1074 2616 autem
1099 2587 1144 2622 qui
1160 2586 1237 2613 ﬁctus
1253 2588 1280 2611 et
1293 2589 1347 2610 non
1364 2582 1431 2610 deus
1444 2585 1496 2614 est,
1511 2580 1610 2615 accipit
1630 2579 1774 2615 virginem.

986 2634 1008 2661 0
1024 2631 1162 2667 injuriam!
1183 2630 1263 2665 Virgo
1277 2629 1311 2656 ob
1327 2627 1483 2663 pudicitiam
1498 2626 1565 2661 fugit
1579 2631 1588 2652 :
1602 2625 1667 2652 deus
1682 2629 1774 2652 autem

987 2679 1032 2713 qui
1047 2678 1157 2708 dicitur,
1173 2676 1208 2703 ob
1221 2680 1342 2702 amorem
1361 2672 1479 2700 libidinis
1494 2670 1656 2706 insequitur,
1677 2674 1704 2697 et
1720 2677 1773 2697 non

988 2723 1201 2759 comprehendit.
1218 2720 1371 2749 Velociores
1384 2719 1456 2747 enim
1477 2717 1558 2753 pedes
1573 2715 1649 2744 fuere
1661 2716 1775 2752 virginis

990 2767 1126 2804 pudicitia;
1146 2774 1193 2801 per
1207 2765 1385 2796 voluntatem,
1398 2770 1480 2798 quam
1498 2761 1543 2790 ille
1563 2761 1608 2796 qui
1626 2768 1641 2788 a
1664 2760 1775 2789 libidine

1025 2836 1080 2872 (δεῖ)
1098 2835 1212 2872 εὶςῇιιηξτ
1227 2834 1315 2864 Forte,
1326 2837 1348 2859 et
1360 2831 1454 2872 sciunt.

1025 2865 1080 2909 (67)
1096 2870 1173 2904 Quia.
1193 2870 1272 2898 Forte
1285 2877 1354 2904 qua,
1370 2867 1410 2894 vel
1422 2865 1495 2902 quid.
