2024 3208
287 178 353 207 H59

624 174 754 203 EUSEBII
775 173 1013 201 C1ESAI1IENSIS
1033 173 1108 202 OPP.
1127 173 1215 200 PARS
1234 173 1320 200 l\'.—-
1336 173 1546 200 DOGHATICA.

1842 174 1910 201 “60

284 237 430 265 dissolutus
443 242 493 265 est.
529 237 576 270 Qui
591 237 708 263 ambulat
725 237 837 266 sensim.
852 235 896 270 qui
913 243 1008 270 passus
1022 242 1066 262 se-
1085 242 1104 267 Α
1124 234 1326 261 fornicationem
1347 234 1401 268 (63)
1418 234 1566 261 insecutam
1583 233 1703 268 quidem.
1720 242 1772 261 non
1785 242 1908 269 compre-

281 284 379 318 jungit,
400 284 451 311 iste
469 291 538 310 nunc
555 284 684 310 festinans
700 290 750 308 non
768 281 971 315 comprehendit
988 281 1069 315 virgi-

284 337 344 356 nem
360 337 366 356 :
382 328 461 363 pedes
478 327 548 355 enim
569 335 584 354 a
613 327 722 354 libidine
747 327 880 358 dissoluti,
898 335 947 354 nec
977 328 1069 354 molles

283 374 396 408 virginis
412 381 508 407 passus
526 373 756 407 comprehendere
781 376 936 407 potuerunt,
953 373 1000 398 scd
1022 380 1068 406 pa-

284 428 343 447 rum
369 421 432 454 quid
454 425 480 446 et
504 420 646 454 pervenit:
663 419 723 446 talis
743 427 836 446 eorutn
857 419 934 450 deus,
956 424 982 446 et
1003 421 1070 446 bene

285 466 514 498 compreiiendens
533 469 574 492 est
598 465 722 492 columba
745 467 778 493 ab
800 466 929 500 accipitre
944 466 1068 493 musico:

284 511 330 539 sed
349 517 430 542 terra.
444 511 540 545 inquit,
558 512 680 544 miserta,
696 512 838 539 humanior
853 512 898 539 tali
913 519 1005 538 eorum
1020 513 1070 540 den

284 559 353 591 visa,
370 557 508 584 transtulit
519 564 578 584 eam
599 556 631 583 ad
648 557 764 584 laurum.
781 555 813 584 Et
825 557 896 584 forte
909 557 1004 584 maluit
1018 558 1072 584 vir-

283 613 317 638 go
334 605 434 640 lignum
454 605 523 636 fieri,
541 612 622 639 quam
643 613 657 631 a
682 605 727 632 tali
744 612 838 632 eorum
853 604 903 632 dco
922 605 1070 638 corrumpi.

283 651 330 678 llle
344 655 435 678 autem
451 650 497 686 qui
513 655 610 684 praeter
628 658 701 685 spem
716 659 730 677 a
749 650 796 677 tali
810 651 952 677 venatione
968 651 1072 677 decido-

283 700 336 728 rat,
350 695 443 724 videns
461 696 592 730 virginem
607 696 634 723 in
649 696 774 723 arborem
788 703 960 728 conversam,
986 704 1072 729 neque

283 743 460 770 conversione
485 742 615 769 confusus
634 747 685 775 est,
713 750 800 776 neque
817 743 947 769 translata
975 748 1072 770 natura

284 787 419 814 transtulit
434 792 457 814 el
472 795 592 814 amorem
608 797 614 815 :
628 789 675 814 sed
687 787 774 814 adhuc
790 787 896 814 fervens
907 796 1009 820 amore,
1025 789 1072 816 ad-

283 832 336 859 huc
349 833 446 860 ardens
459 833 691 867 concupiscentia,
706 834 879 868 amplectitur
892 835 1028 866 arborem,
1047 840 1073 862 et

283 878 404 912 decerpit
421 885 453 905 cx
472 879 514 905 illa
530 887 588 914 qure
613 879 669 913 jam
695 887 746 906 non
768 885 828 907 erat
844 881 931 916 virgo,
955 882 1027 912 folia.
1046 886 1073 908 et

1124 280 1234 307 [tensam
1246 285 1346 310 autem,
1361 281 1449 306 adhuc
1465 286 1549 312 usque
1564 279 1754 311 accusabilem,
1767 285 1794 306 et
1808 279 1910 314 fingunt

1124 327 1149 353 iu
1166 326 1328 356 simulacris,
1357 330 1384 352 ct
1409 326 1523 360 pingunt
1546 326 1570 351 iu
1596 326 1756 360 parietibus.
1779 325 1833 354 Sed
1847 327 1910 360 quid

1123 372 1187 399 mihi
1201 376 1227 398 ct
1242 372 1300 398 istis
1313 372 1372 398 est?
1385 372 1683 408 llevertere,lingua.ct
1693 371 1757 399 audi
1767 372 1909 407 psalmum.

1122 427 1138 446 0
1152 419 1241 445 anima
1253 428 1259 445 :
1270 418 1529 451 Convertere,anima
1545 419 1656 450 mea,ad
1670 419 1781 452 quietem
1796 424 1869 444 tuam
1878 418 1911 444 ⁶¹.

1123 465 1191 497 Quid
1219 465 1283 493 mihi
1302 470 1344 492 est
1357 473 1405 493 eos
1424 466 1468 499 qui
1485 465 1551 493 foris
1567 470 1630 493 sunt
1647 465 1790 499 judicare?
1809 464 1912 492 Sufﬁcit

1123 512 1162 539 eis
1179 512 1240 546 quia
1257 512 1283 538 in
1300 511 1342 538 bis
1356 512 1522 539 volutantur.
1542 512 1655 540 Cessent
1674 512 1707 539 de
1727 512 1844 547 Opificiis
1860 519 1911 539 non

1124 558 1192 585 bene
1226 558 1344 589 sentire;
1374 557 1494 585 fruentes
1522 558 1594 585 enim
1622 559 1748 592 opificia.
1778 559 1848 586 male
1880 559 1912 585 de

1123 603 1239 638 opificiis
1273 604 1405 635 sentiunt.
1429 608 1456 631 et
1472 603 1590 638 ipsorum
1620 604 1775 632 Creatorem
1805 604 1912 639 injuriis

1126 654 1230 684 petunt.
1261 648 1322 676 Sint
1352 654 1380 676 ut
1409 650 1511 682 volunt,
1539 655 1567 677 et
1595 656 1668 679 certe
1701 651 1763 678 nolo
1793 658 1912 679 eosesse

1124 700 1153 722 ut
1184 695 1288 722 volunt.
1306 695 1402 722 Noster
1433 701 1523 723 autem
1550 703 1641 724 sermo
1670 697 1754 732 fugiat
1780 702 1910 732 quantum

1125 745 1214 775 potest
1239 738 1344 767 illorum
1371 740 1494 773 fetorem,
1517 741 1578 776 quia
1603 743 1673 777 apud
1698 743 1770 776 ipsos
1792 748 1857 770 sunt
1882 743 1912 770 fi—

1123 792 1243 821 gmenta,
1260 786 1366 819 fabulas,
1379 787 1535 819 simulacra,
1549 788 1692 820 adulteria,
1707 789 1911 820 fornicationes.

1123 834 1242 867 sanguis,
1257 833 1371 867 lapides.
1389 833 1474 868 ligna,
1491 834 1637 866 damones,
1656 835 1801 867 nuditates,
1825 836 1911 869 turpi-

1125 879 1240 911 tudines,
1255 879 1368 906 dicenda
1389 883 1416 906 et
1442 887 1495 906 non
1526 880 1638 907 dicenda
1662 880 1778 908 occulta.
1796 879 1913 916 Fugiens

283 922 424 949 confessus
439 923 581 950 victoriam
599 925 698 951 victum
715 933 792 952 suum
805 931 917 953 coronat
931 933 1019 961 caput,
1038 929 1067 954 ti-
1088 933 1111 962 Β
1125 929 1214 951 aui-em
1241 924 1314 956 inde.
1337 929 1399 959 agat
1422 925 1524 960 sl‘ﬂlias
1550 925 1585 958 ei.
1610 926 1655 960 qui
1679 933 1709 953 se
1732 925 1857 952 Ιὶίιεηνίῑ
1879 927 1912 952 ιδ

285 969 368 994 tulutn
393 973 486 1002 utpote
514 969 542 996 in
570 977 669 997 corona
693 971 797 998 libidini
818 980 873 999 sua:
893 975 1071 1001 constituens.

284 1012 337 1039 Sed
354 1013 423 1040 forte
437 1015 558 1049 quoidam
576 1022 654 1050 poeta
668 1016 757 1044 facilis
776 1023 803 1045 et
821 1018 1018 1046 inconsiderate
1034 1019 1073 1047 lo-

284 1068 370 1094 quens
393 1063 524 1090 mcntitus
542 1063 574 1089 de
583 1064 634 1090 diis
647 1069 687 1091 est
697 1063 769 1097 talia,
781 1070 807 1091 et
816 1072 867 1091 non
880 1070 923 1092 est.
938 1066 1073 1093 insecutus

286 1107 415 1140 virginem
428 1108 578 1135 citharista.
593 1108 662 1142 Quid
677 1109 764 1136 adhuc
780 1118 865 1145 usque
881 1112 906 1137 in
918 1112 1070 1140 simulacris

284 1159 315 1177 es
337 1153 386 1178 ista
405 1153 500 1179 arbore
512 1149 668 1187 coronatur,
689 1159 718 1182 ut
732 1160 827 1189 putant
847 1157 954 1191 quidem
975 1158 1009 1184 ob
1028 1159 1072 1184 Ιιο-

285 1199 395 1226 norem?
419 1199 448 1226 Si
466 1205 556 1227 autem
572 1194 657 1228 honor
676 1206 718 1229 est
739 1201 943 1230 fortticulimn‘ttl
969 1204 1070 1231 laudari

289 1311 396 1319 _——_

399 1312 1017 1325 Ἢ

1124 969 1288 995 istiusmodi.
1307 967 1366 996 Erit
1388 971 1461 996 enim
1491 971 1576 1004 gratia
1604 970 1712 1004 duplex.
1741 971 1804 1005 quia
1825 975 1854 997 et
1880 971 1911 996 li-

1124 1015 1229 1041 beravit
1251 1023 1266 1041 a
1280 1015 1362 1046 falsis,
1388 1021 1415 1042 et
1428 1017 1460 1042 ad
1478 1024 1540 1043 vera
1557 1017 1678 1044 adduxit.
1695 1017 1814 1044 Liberali
1831 1017 1911 1051 igitur

1124 1060 1158 1086 ab
1173 1060 1226 1091 bis,
1243 1064 1270 1086 et
1284 1060 1357 1094 digni
1372 1060 1485 1094 iudicati
1506 1062 1581 1088 estis.
1613 1061 1668 1088 Deo
1684 1069 1735 1089 non
1758 1067 1822 1089 uato
1839 1061 1911 1089 Patri

1124 1113 1171 1140 per
1194 1114 1275 1132 unum
1303 1106 1471 1141 unigenitum
1496 1115 1573 1134 suutn
1599 1107 1696 1134 Filium
1725 1116 1785 1136 cum
1809 1108 1911 1143 Spiritu

1129 1155 1224 1177 sancto
1237 1152 1269 1177 sit
1277 1152 1371 1185 gloria,
1382 1152 1476 1184 honor,
1488 1153 1639 1188 imperium,
1648 1154 1785 1188 maiestas.
1794 1159 1822 1181 et
1831 1162 1911 1186 nunc.

1125 1201 1153 1223 et
1167 1205 1282 1232 semper.
1302 1203 1331 1230 et
1347 1206 1393 1233 pcr
1407 1201 1495 1226 omnia
1509 1200 1607 1227 secula
1627 1200 1796 1228 saeculorum.
1813 1202 1911 1228 Amen.

1025 1320 1908 1334 Ἢ

767 1400 1048 1457 EUSEBII
1089 1405 1434 1464 PAMPHILI

284 1511 457 1557 .lTEM
481 1514 555 1557 DE
580 1512 656 1559 ΕΟ
678 1515 846 1568 QUOD
875 1519 1029 1564 DEUS
1055 1521 1248 1567 PATER
1281 1524 1728 1573 INCORPORALIS
1761 1529 1890 1593 EST,

939 1614 1055 1645 LIBER
1077 1616 1248 1652 QUINTUS

319 1770 491 1806 Qutrcuuqne
507 1779 537 1799 ex
554 1772 671 1807 cogitatui
689 1773 787 1800 debent
803 1773 892 1808 colligi
920 1779 946 1802 et
973 1777 1071 1810 requiri
1087 1783 1108 1810 (ς
1128 1777 1243 1812 lingunt,
1267 1785 1293 1805 cl
1317 1788 1367 1806 non
1393 1780 1478 1808 solum
1504 1783 1530 1810 in
1548 1784 1655 1819 templis
1671 1790 1698 1812 et
1711 1786 1866 1816 simulacris
1887 1787 1912 1817 εἴ

285 1817 328 1845 vel
349 1818 489 1850 exhiberi,
508 1818 571 1852 quia
594 1818 772 1852 incorporalis
788 1824 828 1846 est
853 1820 899 1847 Dei
920 1826 1028 1854 natura,
1047 1827 1074 1849 et

283 1863 340 1897 jam
353 1864 374 1890 si
392 1871 444 1891 non
459 1869 590 1898 quantum
615 1871 659 1891 res
685 1864 742 1898 ipsa
759 1865 881 1899 deposcit
894 1866 961 1902 (69),
982 1872 1072 1894 tamen

285 1913 416 1944 quantum
434 1909 467 1936 ad
484 1914 603 1936 nostram
618 1910 743 1943 pervenit
769 1911 908 1945 virtutem,
924 1913 1009 1947 magis
1027 1922 1075 1940 au-

287 1960 340 1982 tem
356 1960 486 1990 quantum
513 1955 689 1982 imbecillitati
718 1957 804 1990 gratia
820 1957 941 1986 donavit.
957 1959 1007 1985 ista
1028 1968 1075 1994 per

287 2001 384 2028 multos
400 2001 550 2034 praeteritos
564 2005 592 2027 et
604 2001 782 2029 aduuavintus
797 2003 864 2036 dies,
892 2008 920 2030 et
949 2006 1075 2031 tractavi-

286 2054 346 2073 mus
359 2048 384 2073 in
400 2055 552 2074 commune.
572 2046 605 2074 Et
620 2047 642 2074 si
659 2048 719 2082 quis
734 2050 852 2083 pervidit
877 2055 923 2077 aut
944 2051 1076 2078 intellexit

286 2097 332 2118 aut
350 2093 482 2125 meminit,
505 2093 605 2120 nullam
631 2094 686 2128 jam
710 2094 792 2122 habet
816 2095 1013 2124 dubitationem
1043 2098 1076 2123 de

287 2137 331 2173 illa
347 2143 442 2164 natura
459 2146 511 2173 qua
527 2139 687 2172 incorporali
705 2140 845 2168 decretum
866 2146 907 2169 est
921 2150 927 2167 :
945 2143 991 2170 sed
1008 2142 1076 2170 forte

287 2183 370 2211 multa
387 2183 431 2210 illa
457 2183 611 2210 sollicitudo
627 2192 687 2218 quas
707 2193 754 2219 per
769 2186 904 2221 cogitatus
931 2188 1075 2222 processit.

285 2231 319 2258 ad
335 2229 415 2257 aliam
428 2231 571 2266 quamdam
589 2232 771 2265 suspicionem
789 2233 932 2261 nonnullos
950 2234 1073 2261 adduCet.

285 2276 412 2304 Dicentcs
425 2278 496 2303 enim
510 2277 555 2311 qui
569 2276 662 2304 volunt
677 2282 833 2311 pervertere
849 2281 933 2311 recta,
951 2279 1013 2314 quia
1030 2287 1075 2306 co-

284 2324 386 2357 gitatus
399 2323 505 2358 quidem
523 2323 585 2350 boni
611 2327 638 2350 et
656 2324 713 2350 veri
725 2344 732 2354 .
756 2328 784 2350 et
805 2324 896 2351 decori
913 2329 940 2351 et
960 2326 1026 2352 rccti
1043 2326 1076 2353 de

286 2370 340 2398 Deo
354 2374 416 2396 sunt
434 2374 462 2397 et
473 2370 623 2402 habentur;
639 2367 788 2406 Scriptura!
803 2376 893 2398 autem
906 2371 948 2398 his
961 2372 1038 2399 bonis
1050 2378 1076 2400 et

286 2416 366 2442 rectis
378 2415 540 2450 cogitatibus
553 2423 605 2443 non
618 2416 801 2448 consentiunt,
816 2416 863 2443 sed
879 2417 966 2451 magis
981 2425 1028 2452 per
1043 2425 1073 2445 ea

284 2469 345 2497 qua!
361 2462 430 2489 dicta
451 2466 513 2489 sunt
536 2466 666 2489 accusant
686 2462 820 2497 cogitatus
843 2468 922 2497 quam
940 2470 1074 2491 commau-
1092 2461 1114 2489 Ι)

284 2507 360 2535 dant.
374 2506 439 2534 Erat
450 2513 539 2534 autem
557 2508 725 2543 propositum
741 2513 793 2535 non
811 2508 874 2542 quid
890 2509 1006 2536 dicimus
1020 2518 1072 2537 non

285 2553 444 2588 simpliciter
464 2554 498 2580 de
518 2553 570 2580 Deo
588 2561 594 2581 :
613 2555 676 2588 quia
706 2561 756 2580 nec
782 2554 862 2582 nobis
885 2560 926 2582 est
953 2561 1073 2587 potestas

284 2600 354 2627 sicut
366 2600 512 2636 gentilibus
525 2607 557 2626 ex
577 2600 658 2627 corde
670 2600 702 2627 de
724 2599 777 2627 Deo
796 2601 879 2636 loqui,
902 2599 949 2628 sed
963 2602 1070 2636 qualem

282 2653 346 2674 eum
361 2647 507 2682 Scriptura!
518 2646 702 2679 introducunt,
713 2651 741 2674 et
751 2647 857 2681 qualem
877 2655 906 2675 se
923 2648 980 2682 ipse
993 2648 1072 2675 inter-

245 2686 249 2693 ’
285 2697 416 2726 pretatur,
432 2692 511 2718 talem
528 2696 636 2726 oportet
650 2693 749 2727 suscipi
767 2697 794 2719 et
809 2692 927 2719 adorari.
951 2692 1072 2720 Gentiles

284 2736 356 2762 enim
368 2737 412 2770 qui
427 2738 516 2764 omnia
535 2738 592 2765 ausi
607 2744 681 2766 sunt.
708 2737 800 2765 omnia
829 2738 1024 2773 trunsﬂgurant
1042 2744 1070 2766 et

321 2794 341 2809 ⁶¹
359 2795 431 2823 Psal.
448 2803 521 2828 cxtv,
537 2795 562 2822 7.

322 2865 376 2898 (68)
396 2865 444 2892 Ms.
461 2866 565 2901 Laudari
582 2867 789 2901 fornicationem.

323 2901 375 2936 (till)
394 2901 439 2927 \ls.
459 2899 491 2925 EI
505 2909 546 2927 am
562 2899 584 2928 εἰ
599 2911 647 2929 πον(
663 2909 788 2936 φιιιηςτιιη
802 2911 841 2929 res
854 2911 909 2930 ma
923 2904 1046 2938 depascit.

1129 1824 1288 1859 imaginibus
1299 1827 1445 1862 depingunt
1455 1834 1481 1856 et
1495 1829 1619 1863 figurant.
1635 1831 1681 1858 sed
1694 1837 1720 1859 et
1732 1833 1819 1866 ipsum
1833 1842 1911 1868 quem

1128 1872 1252 1898 videntur
1270 1873 1467 1908 incorporalem
1490 1875 1579 1902 dicere
1603 1876 1699 1908 Deum.
1715 1885 1747 1905 ex
1766 1880 1849 1906 corde
1866 1881 1913 1907 liu-

1128 1923 1219 1950 gentes
1238 1919 1403 1953 producunt.
1429 1919 1505 1948 Unde
1527 1927 1555 1949 et
1572 1922 1595 1949 is
1614 1924 1659 1957 qui
1679 1925 1749 1959 apud
1769 1932 1817 1953 eos
1839 1933 1913 1955 actor

1127 1968 1245 1997 putatur,
1265 1966 1335 2000 apud
1350 1966 1419 1994 alios
1438 1968 1577 1995 creditur:
1591 1970 1655 2004 quia
1670 1971 1743 1998 enim
1758 1972 1781 1999 is
1801 1973 1846 2007 qui
1861 1979 1912 2006 est.

1128 2012 1234 2045 agnitus
1253 2020 1304 2039 non
1321 2018 1362 2040 est
1376 2014 1409 2040 ab
1427 2014 1540 2047 iisdem,
1561 2015 1629 2043 fama
1657 2023 1745 2044 autem
1767 2018 1800 2045 ad
1822 2026 1871 2046 eos
1887 2020 1912 2047 in

1128 2059 1280 2086 novissimis
1299 2060 1601 2098 pervenit‘temporibus
1613 2072 1622 2096 ;
1632 2069 1720 2092 tamen
1731 2073 1764 2092 ex
1779 2066 1913 2095 auditione

1127 2101 1223 2139 Moysi,
1237 2106 1300 2140 quia
1316 2106 1415 2134 famam
1425 2108 1458 2136 de
1473 2117 1525 2135 uno
1544 2110 1608 2143 Deo,
1620 2116 1647 2138 et
1657 2111 1714 2145 ipso
1726 2112 1855 2140 Creatore
1866 2121 1913 2140 aa-

1127 2151 1245 2184 dierant,
1266 2154 1312 2188 qui
1332 2154 1359 2180 in
1385 2155 1475 2182 multis
1494 2157 1600 2184 szeculis
1626 2158 1732 2192 opiﬁcia
1760 2159 1913 2188 intermisso

1126 2195 1257 2225 Creatore
1281 2199 1484 2234 adoraverunt;
1518 2201 1587 2229 alius
1614 2203 1687 2230 aliud
1712 2206 1912 2239 nuncupatione

1127 2243 1262 2277 suggessit
1275 2244 1308 2271 de
1321 2252 1355 2271 eo
1365 2252 1446 2280 quem
1459 2247 1619 2280 audierant;
1637 2250 1672 2276 ita
1686 2253 1714 2276 ut
1727 2249 1836 2285 quidam
1845 2251 1913 2279 seri-

1128 2289 1221 2315 bentes
1240 2291 1366 2324 pt‘mcepti
1388 2291 1443 2319 sint
1455 2299 1488 2320 ex
1502 2295 1613 2321 nomine
1628 2295 1685 2322 solo
1703 2296 1848 2330 imaginem
1871 2298 1914 2325 de-

1127 2334 1256 2366 scribere,
1268 2343 1322 2362 non
1336 2336 1465 2370 hominis,
1480 2338 1603 2374 inquam,
1621 2345 1670 2368 aut
1697 2341 1811 2370 alterius
1823 2343 1913 2377 cujus-

1126 2386 1233 2414 cunque
1245 2386 1330 2408 status
1345 2382 1415 2417 (70),
1436 2384 1484 2411 sed
1508 2385 1668 2420 simpliciter
1684 2389 1912 2423 nuncupationem

1128 2433 1159 2451 ex
1170 2425 1250 2455 fama.
1259 2426 1374 2456 Necesse
1383 2429 1454 2457 enim
1463 2435 1521 2458 erat
1529 2431 1594 2459 istos
1606 2433 1651 2466 qui
1663 2431 1832 2467 Scripturam
1843 2435 1914 2470 igno-

1128 2470 1233 2502 rabant.
1248 2477 1350 2501 naturae
1369 2479 1459 2502 autem
1476 2477 1619 2504 audierant
1639 2479 1868 2514 nuncupationem
1881 2482 1913 2508 tio

1127 2515 1270 2552 incognito,
1293 2519 1372 2547 aliter
1390 2526 1481 2548 autem
1503 2527 1529 2549 et
1545 2523 1658 2550 alterum
1676 2524 1758 2552 aliter
1774 2533 1806 2553 ex
1832 2527 1914 2554 cordo

1126 2562 1237 2598 lingere,
1248 2566 1427 2594 :L'slimalione
1443 2569 1543 2604 quippe
1556 2570 1590 2597 de
1601 2578 1634 2597 eo
1644 2578 1726 2606 quem
1743 2572 1911 2607 ignorabant,

1125 2609 1221 2637 etideo
1230 2619 1277 2646 per
1292 2613 1381 2639 omnia
1393 2608 1566 2643 erraverunt.
1582 2616 1646 2644 inde
1661 2622 1702 2644 est
1714 2622 1743 2644 ut
1760 2626 1812 2645 non
1826 2618 1912 2645 solum

1127 2655 1177 2682 sibi
1190 2655 1366 2686 dissentirent
1377 2660 1410 2687 de
1426 2660 1491 2695 Deo,
1506 2662 1552 2690 sed
1566 2667 1594 2690 et
1605 2663 1828 2692 adversarentur.
1850 2654 1913 2699 Qui;

1127 2701 1188 2745 dam
1208 2703 1278 2729 enim
1293 2704 1358 2731 dicit
1379 2706 1442 2739 quia
1467 2708 1601 2741 providet.
1617 2708 1685 2736 alius
1694 2709 1765 2744 quod
1779 2718 1833 2738 non
1850 2719 1911 2745 pro-

1127 2742 1207 2777 videt,
1223 2749 1250 2771 et
1269 2745 1337 2773 alius
1352 2748 1415 2782 quia
1432 2757 1515 2784 usque
1526 2750 1559 2777 ad
1572 2751 1661 2778 lunam
1676 2742 1826 2786 provideat,
1841 2742 1910 2782 alios

1164 2870 1216 2905 (70)
1232 2871 1279 2899 Μ».
1294 2873 1447 2906 cujusauunt
1462 2878 1554 2901 slafus.
