2024 3208
132 188 196 218 1161

519 186 563 213 DE
583 185 627 214 ΕΟ
646 184 741 219 QUOD
761 182 852 212 DEUS
870 182 986 211 PATER
1006 179 1262 210 INCORPORALIS
1280 179 1357 208 EST.

1684 179 1755 208 1163

131 250 195 286 quia
216 248 244 277 ln
257 248 383 276 omnibus
396 247 529 283 providet.
547 247 580 274 Et
593 246 702 281 quidam
720 245 785 272 dicit
800 244 862 279 quia
877 244 920 270 in-
933 246 956 274 Α
970 249 1103 277 quemque
1115 240 1275 277 prophetam
1292 239 1443 286 invenimus
1453 238 1565 286 dictum,
1575 237 1647 265 Dixit
1664 238 1757 265 Domi-

132 295 283 330 corporalis
299 299 349 327 est,
373 294 441 322 alius
453 293 514 328 quia
531 300 630 327 corpus
643 296 695 319 est.
712 291 765 318 Ista
781 296 917 317 commen-

132 342 207 369 datio
225 340 281 376 (7|)
293 340 444 375 ignorantia
464 344 506 366 est
521 346 626 369 eorum.
643 338 688 372 qui
712 336 834 364 nesciunt
855 335 918 370 quid

133 387 293 421 loquuntur.
315 385 367 412 Sed
383 385 418 412 illi
443 385 551 419 quidem
579 383 719 414 audentes,
735 387 780 408 aut
796 381 875 408 aliter
887 382 920 408 de

135 434 189 461 Deo
200 434 356 465 seruientes,
364 439 457 459 omnes
465 434 635 459 erraverunt.
649 429 704 457 Nec
714 430 784 456 enim
796 437 829 456 ex
840 429 921 456 corde

135 481 253 508 humano
267 480 337 507 Deus
351 479 463 514 produci
478 478 580 509 debuit,
602 477 650 504 sed
665 484 680 503 a
697 476 751 503 Deo
766 475 872 503 edoceri
886 476 921 502 de

136 526 200 553 Deo.
225 524 308 551 Nobis
321 529 410 551 autem
427 531 539 550 necesse
561 527 604 550 est
627 529 658 549 ea
679 529 789 556 surgere
811 520 868 556 (72)
894 526 922 548 et

136 576 263 603 tractare.
277 578 337 605 qua:
352 578 384 596 ex
406 569 551 604 Scripturis
567 568 711 595 didicimus
734 567 845 599 sanctis,
859 566 921 601 quia

136 615 314 651 incorporalis
331 620 370 642 est
385 615 463 642 Deus.
478 613 530 641 Sed
544 621 596 640 non
618 612 716 640 suﬂicit
735 612 921 647 pronuntiare,

136 668 225 696 neque
240 661 372 687 rationem
386 660 519 694 cogitatus
532 658 618 690 adire,
640 657 686 684 sed
701 657 843 684 ostendere
858 656 922 691 quia

137 711 164 734 et
182 706 243 741 ipsi,
265 710 293 733 et
313 706 357 740 qui
382 706 407 732 in
435 704 528 731 iisdem
553 703 687 738 cogitatus
713 703 855 735 habentur,
877 710 924 737 per

136 754 227 780 omnia
251 752 424 780 consentiunt
444 751 486 777 his
509 756 569 784 quo:
591 748 738 783 Scriptura:
764 747 872 775 Veteris
898 752 926 775 et

137 799 203 826 Novi
215 798 385 825 Testameuti
404 797 436 823 dc
450 797 505 824 Deo
523 796 698 831 pronuntiant
714 804 720 821 :
742 795 811 821 lorle
834 799 924 821 autem

136 849 165 872 et
185 836 269 872 totum
288 842 472 877 suspicabitur
487 842 606 875 quidam,
625 845 653 867 et
684 839 863 872 corporaliter
897 838 924 865 in

139 890 285 926 Scripturis
312 889 426 924 proferri
443 888 524 914 Deum
551 888 671 922 putabit;
701 887 771 913 torte
797 886 878 912 etiam
900 889 926 911 et

970 296 1018 315 nus
1041 287 1075 314 ad
1097 295 1145 314 me.
1175 285 1203 312 In
1224 285 1368 321 Evangelia
1393 289 1473 312 etiam
1502 293 1510 312 :
1542 283 1682 312 Desursum
1707 292 1757 312 ros:

970 333 1041 367 [acta
1056 333 1123 359 est"
1135 341 1143 365 ;
1158 336 1263 367 oportet
1282 331 1352 359 enim
1366 331 1511 359 immisceri
1522 338 1555 359 ea
1568 338 1628 364 qua:
1635 338 1668 358 ex
1681 329 1757 358 Novo

971 383 1033 405 sunt
1053 378 1236 409 Testamento,
1252 376 1359 410 Veteri,
1377 383 1410 404 ne
1430 377 1526 404 iterum
1548 377 1665 404 hzeretici
1681 383 1744 411 sepa

972 430 1042 457 rent,
1062 428 1089 452 et
1107 424 1189 451 alium
1210 422 1383 450 introducant
1409 423 1503 450 Deum.
1521 422 1652 457 Adjuncta
1668 427 1760 449 autem

972 471 1027 498 sint
1044 471 1093 498 ista
1116 478 1149 497 ex
1165 469 1316 504 Scriptura,
1334 469 1407 496 unde
1428 473 1456 496 et
1477 469 1567 495 omnia
1585 474 1657 497 mota
1674 473 1737 496 sunt
1750 479 1758 495 :

974 515 1087 544 Factum
1100 520 1137 543 est
1153 520 1241 542 autem
1251 515 1294 542 die
1311 515 1397 547 tertio,
1416 522 1474 542 cum
1489 522 1565 541 mane
1576 514 1675 549 factum
1692 514 1761 550 [uis-

972 568 1021 596 set,
1035 569 1058 589 et
1078 563 1156 597 facta:
1170 565 1230 588 sunt
1244 569 1316 587 uoces
1329 565 1353 587 et
1369 559 1487 595 fulgura,
1508 564 1532 586 et
1550 559 1627 586 nubis
1645 560 1759 592 nimbus,

973 614 996 635 et
1020 616 1098 641 super
1120 612 1234 634 montem
1261 605 1327 633 Sina
1345 614 1394 633 vos:
1413 607 1482 632 tuba:
1504 605 1613 632 canebat
1637 605 1713 632 ualde
1724 605 1760 633 ".

976 653 1045 687 Ergo
1057 657 1083 679 et
1101 653 1164 679 tuba
1180 650 1294 678 sonabat
1307 657 1414 685 magna,
1435 655 1458 677 et
1479 654 1600 677 turbatus
1614 654 1652 677 est
1677 649 1762 676 omnis

974 697 1085 733 populus
1097 698 1123 724 in
1140 697 1246 729 castris,
1272 701 1296 723 et
1321 696 1447 730 produxit
1471 695 1574 731 Moyses
1590 695 1714 731 populum
1736 695 1764 721 in

976 743 1076 770 obviam
1090 743 1145 770 Deo
1166 743 1198 769 de
1219 743 1324 774 castris,
1343 747 1469 775 tanquam
1489 749 1548 776 1am
1562 745 1688 776 prwsente
1708 740 1764 768 illis:

978 789 1041 822 Deo,
1058 794 1082 816 et
1096 789 1231 816 constituit
1246 796 1289 815 eos
1302 788 1350 815 sub
1364 793 1489 815 montem.
1507 787 1584 815 Mons
1598 792 1684 814 autem
1697 785 1762 814 Sina

977 835 1095 869 fumabat
1108 841 1189 868 totus,
1207 841 1312 870 propter
1323 835 1394 871 quod
1407 834 1582 862 descendisset
1594 833 1665 861 Deus
1685 841 1765 868 super

978 889 1036 907 eum
1052 881 1185 916 inigne".
1200 881 1228 908 Si
1245 881 1387 909 descendit
1400 885 1427 907 et
1442 881 1469 908 in
1482 885 1600 907 montem
1612 879 1763 910 descendit.

139 917 259 972 partibus
271 917 448 970 compositum
464 942 495 961 ex
506 933 654 968 Scripturis
669 932 785 967 putabit,
797 932 925 966 colligens
945 917 964 944 Β
979 930 1006 953 et
1023 927 1185 953 ascendebat
1212 926 1309 972 fumus
1328 930 1457 960 tauquam
1479 925 1575 972 fumus
1592 923 1711 951 fornacis
1737 929 1764 951 et

140 982 260 1009 membra
274 988 334 1016 quae
349 980 417 1007 dieta
438 984 510 1006 sunt.
528 979 642 1014 0p0rtet
657 979 738 1013 igitur
751 978 866 1013 primum
881 985 926 1004 su-

140 1028 305 1063 spicionem,
320 1034 371 1061 qua
390 1026 482 1052 dicunt
508 1025 533 1051 in
558 1032 670 1059 corpore
691 1032 751 1051 esse
765 1024 859 1054 Deum,
882 1027 928 1049 aut

140 1080 238 1108 corpus
254 1079 325 1103 esse,
343 1070 424 1098 diseri
445 1070 512 1105 (75),
538 1074 567 1096 ut
594 1069 788 1105 apparentibus
814 1068 927 1095 vinculis

141 1123 301 1156 agnoscatur
323 1117 465 1145 solutionis
482 1116 691 1151 magnificentia.
719 1115 815 1142 Totum
839 1115 928 1149 itaque

140 1165 246 1192 videtur
258 1163 533 1198 corpusintrmlucere
543 1162 682 1196 Scriptura
691 1169 749 1196 quae
761 1161 844 1188 dicit:
859 1160 928 1193 Quia

140 1210 256 1237 ambulat
276 1210 302 1236 in
317 1208 440 1243 paradiso
451 1208 473 1223 ⁵³
488 1217 495 1234 :
513 1212 558 1234 aut
573 1215 632 1241 quae
646 1208 741 1234 iterum
753 1207 818 1234 dicit
834 1216 839 1234 :
864 1208 928 1239 Quis

141 1260 179 1283 est
194 1256 238 1291 qui
254 1255 318 1282 venit
335 1263 367 1281 ex
380 1254 464 1280 Edom
475 1253 551 1280 °’?et
564 1253 694 1287 qumdicit
707 1251 929 1286 Scripturazi’idi

140 1301 270 1327 sedentem
284 1308 363 1333 supra
374 1300 458 1324 sedem
468 1297 611 1332 majestatis
623 1305 677 1323 sua:
690 1297 712 1312 ⁸⁵
730 1306 736 1323 :
756 1302 783 1323 ct
796 1296 848 1323 alia
870 1303 930 1330 qua:

142 1346 200 1372 ait:
220 1345 299 1372 Sedes
312 1349 373 1372 sunt
385 1344 487 1377 posita',
511 1348 532 1369 et
555 1342 673 1369 Vetustas
691 1343 792 1368 dierum
811 1343 876 1368 sedit
892 1343 927 1368 ⁸³.

142 1392 273 1426 Quienim
284 1392 310 1418 in
326 1392 452 1425 paradiso
467 1390 596 1422 ambulat,
613 1394 638 1417 et
649 1389 693 1424 qui
707 1389 778 1415 vertit
792 1396 823 1415 ex
834 1388 929 1419 Edom,

143 1442 171 1465 et
188 1437 233 1472 qui
261 1441 371 1471 apparet
393 1441 422 1463 ut
441 1436 565 1471 apparuit
583 1434 715 1466 Ezechiel,
741 1439 767 1461 et
791 1434 837 1467 qui
864 1433 932 1460 sedit

143 1482 291 1509 secundum
310 1481 455 1512 Dauielem,
473 1486 499 1507 et
514 1481 558 1515 qui
580 1481 649 1507 sedit
662 1481 807 1507 secundum
822 1479 929 1512 Isaiam,

144 1527 310 1561 corporalem
327 1527 470 1562 quamdam
489 1527 662 1553 ambitionem
677 1526 795 1561 suggerit
813 1525 878 1561 (71).
899 1525 933 1552 Et

146 1575 196 1600 hoc
208 1573 314 1607 quidem
331 1573 412 1600 veluti
425 1574 457 1600 de
469 1573 541 1600 omni
555 1572 713 1606 parentibus
728 1576 816 1597 autem
831 1571 887 1605 (75)
904 1574 932 1597 ut

146 1620 287 1647 videamur
303 1625 330 1646 et
345 1620 489 1654 depingere
507 1628 513 1645 :
529 1617 605 1645 Oculi
625 1617 731 1643 Domini
745 1625 821 1650 super
831 1616 929 1651 justas,

144 1671 168 1691 et
180 1674 254 1692 aures
265 1665 321 1700 ejus
334 1666 367 1690 ad
384 1673 471 1698 preces
490 1663 621 1690 eorum“.
643 1662 679 1689 Os
697 1662 803 1689 Domini
816 1662 932 1689 Sabaoth

144 1711 260 1738 locutum
276 1716 312 1738 est
329 1711 379 1736 ista
392 1710 424 1742 ⁸⁷,
443 1710 545 1736 faciens
561 1708 616 1744 (76)
634 1708 716 1735 Dentri
734 1707 789 1743 (77)
807 1712 833 1735 et
850 1715 934 1734 tuem-

147 1756 255 1789 bratitu,
276 1761 303 1784 et
322 1760 376 1783 tota
398 1755 480 1783 facies
507 1755 567 1782 istic
590 1754 724 1789 descripta
750 1758 802 1785 est,
824 1758 852 1780 et
875 1758 934 1787 post

147 1801 203 1829 haec
224 1809 284 1835 quae
309 1801 495 1834 insequuntur.
518 1800 588 1827 Dicit
602 1799 673 1826 enim
690 1799 847 1833 Scriptura:
866 1798 935 1826 Dea:-

152 1851 209 1873 ma
229 1846 335 1872 Domini
351 1846 410 1880 fecit
424 1848 542 1873 uirtutem
558 1846 600 1872 “:
617 1850 645 1873 et
666 1844 731 1872 Sede
749 1846 782 1871 ad
798 1846 935 1871 dexteram

148 1899 232 1918 meam
245 1891 278 1923 ⁸³,
291 1899 371 1925 quam
385 1900 441 1917 rem
457 1892 610 1926 insequitur
623 1898 649 1918 et
661 1900 675 1917 ει
689 1891 798 1918 sinistra
819 1898 888 1917 esse.
904 1891 935 1917 Et

150 1938 245 1963 iterum
256 1946 262 1963 :
274 1936 372 1963 Ctelum
383 1937 455 1963 sedes
465 1942 503 1963 est
520 1938 594 1968 milii,
609 1942 679 1964 terra
694 1942 780 1963 autem
795 1936 936 1964 scabellum

149 1981 243 2014 pedum
257 1981 415 2008 meorum".
430 1981 482 2008 Per
505 1982 554 2007 ista
582 1982 672 2015 itaque
691 1982 781 2008 omnia
805 1990 819 2007 a
847 1981 936 2016 capite

150 2033 234 2060 usque
251 2026 284 2052 ad
297 2027 376 2061 pedes
390 2026 497 2053 videtur
511 2026 679 2053 rnetnbratim
696 2026 753 2053 fieri
766 2027 936 2061 compositio,

150 2076 279 2106 quantum
292 2072 324 2098 ad
337 2079 489 2099 sermonem
506 2077 621 2106 spectat.
643 2073 778 2099 Addemus
795 2076 883 2098 autem
897 2072 938 2098 itt-

151 2119 231 2145 certis
247 2119 300 2151 bis,
319 2118 407 2152 capilli
423 2119 515 2152 capitis
528 2119 583 2152 ejus
595 2119 629 2145 ⁷¹.
655 2119 725 2152 Ergo
742 2123 768 2145 et
790 2118 889 2153 capilli,
911 2123 939 2144 et

150 2165 314 2198 caputmtjus
325 2169 352 2191 et
363 2165 499 2199 capilli,et
509 2166 596 2192 adhuc
619 2165 733 2198 amplius
757 2169 886 2198 quantum
904 2163 938 2190 ad

149 2210 311 2237 exteriorem
337 2216 438 2245 partem
468 2212 604 2238 invenitur
630 2211 832 2241 vestimentum,
859 2209 938 2236 modo

975 971 1115 1006 obstupuit
1142 976 1214 999 totus
1232 970 1345 1006 populus
1361 971 1448 1002 valde,
1476 970 1663 1006 fiebant,enhn
1683 977 1764 997 voces

978 1017 1047 1044 tubae
1060 1017 1225 1051 prodeuntes
1242 1016 1406 1049 fortissime;
1427 1015 1502 1043 valde
1515 1015 1621 1052 Moyses
1636 1015 1765 1050 loqueba-

979 1067 1030 1094 tur,
1047 1067 1074 1089 et
1088 1063 1158 1089 Dens
1172 1063 1351 1098 respondebat
1364 1062 1388 1089 ei
1410 1069 1489 1089 voce:
1504 1067 1532 1089 et
1547 1062 1686 1089 descendit
1716 1060 1766 1088 Do-

979 1109 1066 1136 minus
1094 1108 1120 1135 in
1140 1113 1230 1135 monte
1247 1109 1311 1135 Sina
1340 1115 1422 1143 super
1449 1115 1579 1135 cacumen
1599 1107 1716 1140 montis,
1738 1111 1767 1135 et

979 1154 1084 1181 vocavit
1109 1154 1236 1181 Dominus
1262 1153 1370 1189 Moysen
1393 1155 1419 1180 in
1444 1154 1584 1181 cacumine
1607 1153 1718 1185 montis,
1739 1157 1768 1180 et
1811 1186 1814 1190 '

979 1200 1098 1227 ascendit
1113 1199 1228 1235 Moyses,
1243 1204 1270 1226 et
1281 1199 1349 1226 dixit
1360 1199 1429 1226 Deus
1447 1199 1480 1227 ad
1500 1198 1620 1235 Moysen.
1634 1199 1697 1227 llaec
1708 1199 1767 1235 qui-

980 1247 1039 1273 dem
1056 1246 1089 1273 dc
1107 1254 1139 1273 eo
1154 1247 1175 1273 si
1192 1245 1340 1278 descendit,
1355 1251 1379 1272 el
1397 1245 1419 1272 si
1431 1246 1547 1278 videtur,
1564 1250 1591 1272 et
1615 1245 1638 1273 si
1656 1245 1769 1272 vocibus

980 1292 1099 1326 loquitur
1116 1292 1195 1323 Deus,
1215 1297 1242 1319 et
1259 1292 1280 1318 si
1299 1293 1369 1318 tubae
1389 1291 1520 1323 aderant,
1544 1295 1572 1319 et
1593 1291 1617 1318 si
1636 1291 1663 1318 iu
1677 1291 1768 1326 ignem

980 1338 1131 1371 descendit,
1152 1338 1216 1372 quid
1238 1337 1289 1366 sibi
1321 1337 1377 1363 vult
1399 1336 1509 1364 fumus?
1524 1337 1594 1364 Sunt
1617 1342 1707 1364 autem
1735 1345 1770 1365 ex

981 1385 1156 1420 sequentibus
1175 1384 1234 1411 alia:
1250 1384 1413 1418 quaestiones
1431 1390 1438 1410 :
1460 1384 1507 1410 sed
1526 1383 1596 1411 bene
1613 1388 1654 1411 est
1669 1384 1770 1412 sensim

982 1430 1111 1457 accedere
1128 1429 1162 1456 ad
1178 1429 1328 1464 proposita.
1345 1427 1378 1454 Et
1392 1428 1461 1455 sicut
1473 1428 1500 1455 hi
1514 1428 1559 1463 qui
1581 1428 1716 1456 aedificare
1725 1429 1772 1455 de-

982 1476 1112 1507 siderant,
1129 1480 1156 1502 et
1178 1475 1282 1510 lapides
1298 1475 1447 1503 transferre
1467 1475 1590 1509 cupiunt,
1609 1475 1632 1502 si
1650 1473 1773 1509 singulos

984 1521 1184 1554 transtulerint,
1210 1521 1309 1548 multos
1335 1524 1462 1556 poterunt
1476 1521 1597 1547 adunare
1613 1520 1656 1547 :si
1679 1524 1771 1547 autem

946 1586 967 1615 α
985 1566 1083 1593 multos
1096 1566 1176 1593 simul
1192 1566 1359 1598 levavurint,
1379 1573 1428 1593 nec
1448 1565 1557 1600 quidem
1577 1573 1659 1592 unum
1681 1565 1773 1592 levare

984 1616 1110 1645 poterunt
1129 1620 1136 1638 :
1157 1612 1192 1638 ita
1221 1616 1247 1638 ct
1269 1619 1318 1638 nos
1343 1610 1471 1643 interim;
1500 1611 1587 1644 prima
1607 1618 1680 1637 enim
1700 1611 1773 1638 dicta

984 1658 1145 1692 intercipere
1168 1657 1246 1684 facile
1271 1658 1376 1684 videtur
1403 1656 1580 1689 audentibus;
1595 1655 1696 1684 timidis
1724 1664 1770 1683 auv

985 1708 1038 1730 tem
1059 1702 1175 1730 dilIicile.
1201 1703 1229 1730 Si
1255 1703 1326 1729 enim
1356 1702 1470 1729 voluerit
1493 1702 1554 1737 quis
1570 1701 1670 1734 dicere,
1698 1701 1774 1729 locu-

985 1754 1028 1776 tus
1043 1753 1098 1780 est,
1122 1756 1175 1775 non
1201 1752 1243 1775 est
1266 1748 1371 1775 locutus
1388 1757 1393 1774 :
1410 1755 1472 1779 vox,
1502 1755 1554 1774 non
1580 1754 1653 1779 vox;
1671 1746 1773 1780 facies,

986 1803 1038 1822 non
1065 1794 1146 1822 facies
1166 1803 1173 1826 ;
1197 1794 1355 1828 simpliciter
1382 1793 1489 1821 videtur
1513 1792 1591 1820 facile
1612 1792 1676 1828 quid
1706 1800 1773 1828 ope—

986 1841 1051 1874 rari,
1070 1840 1201 1867 audenter
1231 1846 1321 1868 autent
1347 1844 1485 1874 operatur.
1513 1839 1567 1866 Sed
1581 1844 1686 1874 oportet
1702 1846 1775 1867 nunc

986 1888 1020 1914 ab
1044 1887 1100 1920 ipsa
1129 1886 1270 1921 Scriptura
1291 1887 1415 1921 accipere
1446 1885 1594 1912 solutiones
1610 1905 1618 1917 ,
1643 1889 1672 1912 et
1683 1890 1775 1912 osten-

989 1934 1054 1959 dere
1080 1932 1142 1966 quia
1167 1932 1224 1959 ista:
1252 1939 1333 1959 voces
1362 1932 1398 1959 ita
1418 1932 1526 1967 quidem
1555 1931 1698 1962 dicuntur,
1719 1939 1775 1958 non

988 1978 1024 2004 ita
1042 1982 1131 2004 autem
1144 1977 1242 2004 debent
1256 1977 1380 2012 intelligi.
1402 1977 1429 2003 ln
1451 1977 1517 2011 ipsis
1537 1970 1608 2003 enim
1625 1976 1775 2011 iisdemque

988 2023 1160 2050 sermonibus
1186 2023 1273 2057 primo
1287 2023 1399 2050 exhibet
1415 2022 1617 2056 necessitatem,
1641 2023 1675 2050 ob
1693 2029 1774 2057 quam

989 2070 1024 2096 ita
1041 2069 1165 2104 apparuit
1177 2069 1257 2096 Dens.
1271 2069 1340 2096 Dicit
1351 2070 1422 2096 enim
1434 2079 1440 2096 :
1450 2068 1518 2096 Ecce
1529 2077 1574 2105 ego
1589 2069 1662 2096 venio
1670 2069 1704 2097 ad
1717 2069 1776 2096 tein

989 2115 1110 2142 columna
1125 2116 1212 2147 nubis,
1226 2120 1254 2141 ut
1270 2117 1361 2142 audiat
1378 2116 1491 2150 populus
1509 2115 1655 2151 loquentem
1678 2123 1719 2142 me
1742 2116 1777 2142 ad

991 2168 1024 2193 te,
1045 2166 1069 2188 et
1083 2162 1190 2188 credant
1208 2162 1254 2188 tibi
1276 2163 1304 2188 in
1328 2163 1513 2196 sempiternum
1525 2162 1558 2188 ⁷⁸.
1576 2161 1610 2189 ΕΙ.
1633 2162 1730 2189 iterum
1744 2162 1778 2188 ad

991 2208 1117 2245 populum
1142 2209 1228 2242 dicit:
1249 2207 1303 2235 Vos
1324 2209 1435 2241 vidistis,
1451 2209 1513 2244 quia
1529 2209 1562 2235 de
1590 2208 1653 2234 cado
1675 2208 1778 2234 locutus

151 2255 257 2288 quidem
277 2257 398 2289 rubrum,
414 2257 492 2283 modo
518 2262 607 2283 autem
633 2256 732 2282 album.
761 2255 788 2282 Si
816 2255 898 2289 igitur
911 2259 938 2282 et
952 2257 978 2287 Ι)
990 2263 1046 2281 sum
1060 2254 1130 2281 vobis
1144 2254 1177 2280 ⁷⁷.
1191 2254 1222 2281 Et
1238 2259 1313 2281 certe
1329 2261 1361 2281 ex
1379 2258 1468 2281 monte
1478 2253 1553 2280 Sina.
1563 2253 1702 2286 Quomodo
1713 2260 1779 2286 ergo

152 2302 341 2328 vestimentum
355 2302 428 2329 circa
452 2303 550 2336 ipsum,
574 2302 688 2336 qtttcstio
704 2305 743 2328 est
769 2306 796 2327 et
812 2301 844 2327 de
860 2300 938 2327 indu-

141 2351 253 2383 ~mento,
275 2350 362 2373 utrum
376 2347 469 2373 vivens
492 2348 615 2382 quaedam
639 2352 734 2374 natura
756 2351 839 2373 estet
855 2346 937 2373 vesti-

153 2397 282 2425 mentum,
302 2396 347 2418 aut
360 2393 494 2426 quotnodo
520 2393 573 2419 illic
599 2392 787 2419 vestimentum
805 2392 935 2423 habetur;

153 2442 179 2464 et
190 2445 354 2472 quaecunque
366 2438 582 2470 converterimus,
600 2443 627 2465 ut
645 2439 676 2464 de
693 2438 851 2465 indumento
863 2437 938 2464 dica-

154 2491 213 2510 mus
226 2488 332 2518 oportet
347 2484 460 2511 tndveri.
475 2484 508 2510 Et
522 2485 619 2511 iterum
636 2492 642 2509 :
659 2484 680 2511 si
694 2489 753 2510 'voa:
773 2483 880 2509 Domini
893 2483 935 2515 fe-

152 2528 199 2560 cit,
213 2529 234 2555 si
251 2537 299 2555 vos:
312 2529 416 2555 Domini
435 2530 463 2555 in
478 2529 571 2556 virtute
585 2530 617 2562 ⁷⁸,
635 2534 661 2556 et
686 2537 738 2556 vox
757 2529 862 2555 Domini
883 2528 936 2555 fre-

153 2578 266 2607 quenter
283 2574 309 2601 in
325 2574 369 2601 illo
386 2574 488 2609 psalmo
505 2575 613 2606 dicitur,
631 2579 658 2601 et
670 2575 817 2602 secundum
838 2581 936 2600 unum-

190 2655 212 2670 "
226 2654 294 2681 Gen.
309 2663 351 2686 Ill,
365 2656 392 2682 8.
443 2655 466 2670 ⁸³
479 2655 529 2682 lsa.
548 2663 623 2688 um,
642 2656 668 2681 1.

155 2690 177 2704 "
195 2690 265 2716 l’sal.
279 2698 362 2722 cxvu,
384 2690 427 2717 16.
475 2691 496 2706 "
513 2690 582 2717 Psal.
594 2699 650 2722 ctx,
664 2691 688 2717 1.

152 2724 177 2741 ⁷⁸
193 2724 276 2752 Exod.
294 2733 351 2757 xix,
368 2725 411 2753 16.
448 2725 546 2753 "ibid.
564 2725 666 2758 17,18.

720 2655 742 2670 “
759 2655 899 2686 lsa.vr,1.

190 2803 247 2839 (.71)
265 2803 471 2833 Commendatio.
485 2806 575 2839 Forte,
592 2807 785 2834 commentatio.

203 2840 248 2876 72)
264 2840 305 2876 βα
319 2849 434 2876 surgere.
449 2841 539 2874 Forte,
556 2850 706 2875 exsurgere.

203 2844 248 2911 72)
264 2844 305 2881 ba
319 2849 434 2881 surgere.
449 2844 539 2882 Forte,
556 2850 706 2882 casurgere.

189 2844 236 2945 ΞΠ)
266 2875 361 2902 Dium.
378 2875 470 2908 Forte,
482 2877 576 2917 dissert
589 2877 630 2903 vel
648 2877 745 2907 deseri.

201 2903 247 2945 71)
257 2911 446 2945 Πιριγραφήν,
455 2912 591 2941 ambitum.

201 2903 247 2946 7‘)
257 2911 446 2946 Πιριγραφήν,
455 2903 591 2941 έηιὺίωω.

314 2959 451 2996 Parant.
476 2959 536 2990 Gn.
560 2959 675 2990 XXIV.

953 2654 975 2670 “
995 2654 1060 2681 Dan.
1082 2662 1128 2686 vu,
1150 2655 1176 2682 9.

734 2690 757 2705 ’°
773 2691 822 2717 lsa.
841 2697 916 2722 LXVI,
930 2689 955 2716 1.

717 2726 740 2741 "
752 2725 835 2752 Exod.
849 2733 905 2757 xtx,
923 2725 949 2752 9.
988 2725 1012 2740 "
1024 2724 1108 2752 Exod.
1127 2734 1174 2758 xx,
1190 2724 1235 2752 22.
1274 2725 1376 2753 "ibid.
1390 2726 1418 2753 4.
1450 2752 1453 2755 .

992 2305 1080 2334 potest
1093 2299 1151 2326 fieri
1167 2299 1200 2326 de
1213 2299 1283 2326 ccelo
1305 2303 1331 2325 ct
1355 2299 1388 2326 de
1404 2303 1495 2325 monte
1510 2298 1575 2325 Sina
1591 2298 1692 2325 simul?
1707 2297 1780 2325 Vidi-

991 2347 1049 2377 stis,
1066 2346 1162 2380 inquit,
1180 2346 1241 2380 quia
1263 2346 1295 2371 de
1314 2345 1378 2372 caelo
1395 2345 1496 2371 locutus
1512 2353 1570 2371 sum
1594 2345 1674 2371 vobis.
1689 2343 1781 2371 Nolite

992 2392 1062 2418 vobis
1090 2392 1175 2425 facere
1204 2392 1401 2418 similitudinem
1432 2391 1548 2417 omnium
1576 2398 1634 2425 quea
1661 2396 1721 2417 sunt
1751 2391 1781 2417 in

993 2442 1062 2463 terra
1074 2436 1107 2465 ".
1126 2437 1158 2464 Et
1175 2442 1249 2464 certe
1265 2437 1286 2463 si
1300 2436 1450 2464 similitudo
1472 2440 1530 2463 erat
1550 2436 1594 2470 qui
1620 2436 1780 2472 apparebat,

992 2481 1122 2508 deberent
1134 2482 1255 2508 videntes
1271 2482 1357 2515 magis
1372 2481 1467 2509 adduci
1485 2482 1518 2508 ad
1531 2482 1616 2517 ipsius
1630 2481 1782 2509 similitudi-

988 2534 1060 2554 nem.
1072 2527 1099 2554 Si
1115 2532 1204 2554 autem
1220 2527 1301 2554 dicit:
1313 2527 1349 2554 De
1361 2530 1424 2554 ccta
1441 2527 1543 2554 locutus
1559 2536 1617 2555 sum
1631 2528 1719 2562 vobis,
1735 2529 1779 2562 qui

990 2573 1088 2600 dicitur
1106 2573 1170 2607 quia
1193 2573 1227 2601 de
1246 2578 1336 2601 monte
1360 2573 1425 2601 Sina
1446 2581 1452 2599 :
1473 2574 1644 2601 manifestum
1656 2579 1698 2601 est
1717 2574 1780 2609 quia

1229 2653 1334 2682 “Psal.
1356 2662 1452 2687 xxxtu,
1475 2653 1518 2681 16.

1580 2653 1602 2669 ⁶⁷
1620 2653 1671 2681 lsa.
1694 2661 1714 2686 I,
1733 2652 1779 2682 ΞΟ.

1247 2689 1269 2705 ⁷⁸
1281 2689 1352 2718 Psal.
1373 2698 1468 2722 xxvnt,
1485 2690 1513 2717 s.

999 2690 1021 2705 ⁷¹
1035 2690 1101 2717 Dan.
1113 2698 1160 2723 vn,
1175 2690 1202 2717 9.
1247 2689 1269 2705 "
1281 2689 1352 2718 Psal.
1373 2698 1468 2722 xxvnt,
1485 2690 1513 2717 s.
1565 2689 1588 2705 "
1601 2689 1666 2716 Luc.
1679 2697 1720 2721 tu,
1734 2689 1780 2720 ἥ.

1029 2804 1085 2840 (75)
1102 2804 1182 2833 Forte
1198 2805 1237 2833 sic
1252 2805 1394 2841 legendum
1405 2826 1413 2839 ,
1432 2805 1464 2832 de
1483 2805 1555 2832 omni
1569 2811 1579 2831 :
1595 2805 1715 2839 partibus
1731 2812 1781 2831 au-

1101 2874 1151 2904 Ms.
1171 2881 1224 2905 est.
1245 2875 1302 2905 ista
1317 2876 1398 2916 {acies
1412 2875 1519 2905 Domini
1531 2880 1555 2903 et
1571 2874 1745 2905 membratim.

1031 2909 1060 2936 l7
1081 2909 1089 2936 l
1103 2909 1197 2936 Deum.
1210 2910 1258 2936 Ms.
1278 2912 1391 2936 Domni.

1031 2909 1089 2946 (77)
1103 2909 1197 2939 Deum.
1209 2910 1258 2939 Ms.
1277 2909 1391 2939 Domini.

1588 2958 1622 2989 37
