2024 3208
270 168 337 195 “63

606 165 739 194 EUSEBll
758 164 998 194 CESARIENSIS
1017 163 1091 193 ΟΡΡ.
1114 146 1204 192 PARS
1220 163 1266 193 iV.
1286 179 1321 185 —-
1339 163 1551 194 DOGMATICA.

1829 166 1890 196 1164

268 224 443 252 ambitionem
462 224 518 260 (78)
542 225 694 260 prtescntiac
707 232 762 252 sua:
777 224 898 252 ostendit
913 225 938 252 in
956 230 1055 257 monte,
1072 228 1094 256 Α
1109 224 1258 259 prophetiae
1274 224 1354 252 facta:
1378 229 1442 252 sunt
1455 232 1469 251 a
1485 224 1539 252 Deo
1551 223 1763 259 praenuntiantes
1780 225 1890 259 captivi.

267 271 324 305 ipse
337 276 427 298 autem
444 271 470 298 itt
483 279 530 298 sua
547 271 673 298 manebat
695 273 844 306 majestate.
858 271 913 298 Cur
928 276 1018 298 autem
1032 275 1059 297 et

266 327 280 344 a
297 325 389 346 ntoute
406 319 470 345 Sina
485 323 596 353 apparet
623 318 668 353 qui
697 318 730 344 de
747 318 816 345 caelo
829 338 836 350 ,
851 317 892 344 Ne
908 317 1056 350 timueritis,

267 365 365 400 inquit,
384 366 445 400 quin
466 369 566 391 tentare
585 372 628 391 vos
641 364 707 391 venit
720 364 798 394 Deus.
811 369 838 390 ut
851 364 884 390 sit
902 364 980 390 timor
1000 363 1058 398 ejus

267 410 293 436 in
307 411 377 436 vobis
387 410 410 426 "’
422 410 433 436 ?
447 409 505 436 Non
517 417 583 444 ergo
601 414 695 436 natura
710 413 751 436 est
765 417 824 442 qua:
839 410 998 443 apparebat,
1011 407 1058 434 sed

267 456 434 491 dispensatio
451 463 510 488 qua:
526 455 690 482 adducebat.
717 455 784 488 Quia
808 455 879 481 enim
907 453 1058 480 audacissi—

267 511 328 530 mus
339 506 397 530 erat
410 501 535 537 populus,
551 502 614 536 quia
631 508 739 535 semper
754 501 867 527 declivis
887 500 920 527 ad
944 499 1058 528 idolola-

266 548 346 576 triam
357 549 520 582 habebatur;
535 548 598 583 quin
607 549 679 576 enim
689 548 799 575 humilis
807 553 877 580 erat,
886 553 912 575 et
921 548 1058 576 desidera-

264 595 364 629 batpcr
373 603 467 622 manus
474 595 631 629 contingere
641 596 735 625 Deum,
750 599 776 621 et
786 602 832 629 per
839 595 931 622 oculos
942 595 1033 622 videre
1048 604 1054 621 :

265 641 328 674 quia
341 641 413 666 cttint
429 640 489 667 talis
499 640 690 674 eratpopulus,
708 640 862 667 misericors
877 644 968 666 autem
987 639 1056 667 Deus

264 691 292 713 et
300 686 384 713 bonus
394 686 642 717 iaciteistimorem,
651 687 694 720 qui
703 693 752 713 nec
761 686 949 721 posttimoreut
961 686 1056 713 timue-

264 736 337 759 runt.
345 736 372 758 et
379 731 443 758 dicit
453 739 459 756 ε
470 731 538 764 Quia
546 731 570 757 si
577 731 634 765 quia
644 731 901 766 appropinquarert't,
912 735 995 757 marte
1002 739 1057 757 mo-

263 777 348 803 rietur
361 777 393 803 ⁸ο.
413 777 445 804 Ει
459 783 533 804 certe
545 785 611 804 oves
633 782 712 804 erant
732 777 787 804 illic
805 783 867 804 ante
881 778 941 809 hoc,
957 782 984 805 et
1000 785 1054 805 non

264 830 325 851 sunt
344 829 467 851 mortutc.
486 823 592 859 Moyses
613 823 685 850 enim
702 823 755 850 illic
769 824 854 859 pavit,
872 823 979 859 Moyses
996 828 1055 850 erat

262 868 319 896 illic
332 875 360 896 ut
375 874 476 904 pastor,
499 876 548 897 nec
571 869 636 895 dunt
654 873 695 896 est
725 868 866 903 propheta,
884 874 911 896 et
934 877 986 896 non
1011 875 1053 897 est.

1111 275 1194 298 tatem
1206 271 1294 305 populi
1310 279 1370 305 qua:
1384 279 1432 305 per
1449 279 1510 298 eum
1533 271 1605 298 facta
1628 271 1754 305 videtur,
1774 278 1838 299 vasa
1853 278 1891 298 sa-

1109 317 1256 344 cerdotalia
1273 317 1422 351 accipiens,
1440 322 1468 344 et
1485 318 1534 344 ltoc
1548 318 1682 352 superbus
1700 322 1727 345 et
1737 322 1855 349 erectus,
1868 322 1891 344 et

1108 363 1161 389 alta
1174 363 1306 397 cogitans,
1323 368 1352 390 ut
1366 363 1495 398 propheta
1509 363 1542 390 de
1557 370 1589 390 eo
1604 363 1707 390 diceret
1726 372 1732 390 :
1755 362 1794 390 Tu
1805 363 1890 390 dixisti

1108 409 1135 436 in
1149 410 1226 435 corde
1242 415 1298 441 tuo,
1314 410 1352 435 Ad
1364 409 1439 436 corios
1454 410 1607 441 ascendant,
1617 417 1697 443 supra
1712 409 1792 435 nubes
1801 413 1890 442 portarit

1109 456 1195 482 sedem
1212 463 1306 487 meum,
1324 461 1347 482 et
1363 455 1456 482 sedebo
1470 463 1552 488 supra
1570 459 1669 481 montes
1691 455 1836 481 altissimos
1861 456 1890 479 ad

1108 501 1267 536 aquilonem,
1283 506 1306 528 et
1320 510 1364 528 ero
1377 502 1471 528 similis
1480 501 1617 528 Altissima
1632 502 1655 517 "
1668 509 1676 528 :
1690 502 1754 536 quia
1774 501 1838 528 talia
1856 509 1890 528 sa-

1108 548 1209 582 piebat,
1226 553 1252 574 et
1270 548 1333 574 talia
1350 547 1522 582 loquebatur,
1548 553 1576 575 et
1592 548 1656 574 talia
1673 547 1821 582 cogitabat,
1846 547 1891 574 iste

1108 593 1245 629 accipiens
1261 594 1439 621 sacerdotalia
1449 601 1512 621 vasa
1526 602 1578 621 non
1593 599 1634 621 est
1647 601 1728 621 ausus
1738 594 1774 621 uti
1787 593 1888 626 iisdem,

1106 639 1154 667 sed
1170 645 1299 674 tanquam
1324 641 1351 667 itt
1374 640 1479 668 ratione
1504 641 1615 667 honoris
1632 641 1721 674 posuit
1735 640 1761 667 in
1777 640 1888 674 templis,

1107 693 1159 713 non
1168 693 1333 713 consecrans
1347 686 1434 718 idolis,
1446 686 1516 714 sicut
1528 694 1588 721 qua:
1598 685 1776 720 insequuntur
1785 686 1889 713 demon-

1106 736 1204 761 strant.
1221 733 1267 760 sed
1286 739 1415 759 recusans
1426 732 1499 760 vasis
1513 733 1550 759 uti
1567 731 1730 759 divinis.lsti
1746 732 1888 759 succedens

1105 777 1177 805 ﬁlius
1190 778 1248 812 ejus
1262 778 1287 805 in
1306 786 1398 814 regno,
1423 787 1475 806 non
1497 779 1521 806 ei
1548 779 1680 806 successit
1702 782 1730 805 et
1743 778 1887 805 secundum

1105 825 1185 852 istum
1203 825 1347 858 honorem,
1362 825 1410 852 sed
1424 825 1557 852 innovatis
1574 829 1734 860 potestatem
1753 824 1829 859 regni
1840 823 1887 856 sui,

1104 870 1208 906 profert
1220 871 1286 899 'vasa
1297 871 1527 903 sacerdotalia,et
1542 871 1611 898 bibit
1635 870 1662 897 in
1681 870 1757 905 ipsis.
1777 870 1809 897 Et
1830 869 1887 905 quia

261 920 397 942 mortuus.
413 915 510 950 Utique
525 919 553 942 et
575 914 620 942 alii
645 919 707 942 ante
730 914 839 950 Moysen
853 923 860 947 ;
879 915 925 942 sed
940 921 1050 950 propter
1067 913 1086 940 Β
1101 917 1158 952 ipse
1170 923 1197 945 et
1212 918 1253 945 sui
1269 917 1339 945 male
1352 919 1534 946 extenderunt
1551 925 1648 946 manus
1667 925 1730 945 suas
1749 918 1782 944 ad
1811 925 1887 949 vasa,

261 964 417 995 adventum,
431 960 492 997 quis
504 962 580 996 dicit,
596 962 641 989 Dei
658 962 737 995 dixit,
758 962 821 997 quia
837 962 859 990 si
875 963 936 998 quis
954 971 1054 998 appro-

262 1010 436 1044 pinquaverit
449 1010 591 1037 morietur.
612 1009 707 1037 Nonne
735 1010 821 1044 magis
835 1010 946 1038 deberet
961 1010 1053 1037 vivere

261 1057 307 1091 qtti
326 1056 523 1091 appropinquat
539 1057 664 1083 adventui
689 1056 735 1083 Dei
755 1056 835 1084 ?Sed
863 1061 967 1084 terrere
995 1057 1051 1084 vult

260 1102 387 1136 populant
417 1102 567 1134 audacem;
591 1103 660 1129 unde
682 1108 709 1129 et
736 1102 805 1130 tubae
835 1109 930 1130 sonant
953 1111 1051 1130 canen-

261 1147 337 1174 tiutu.
363 1147 431 1180 Quid
464 1147 536 1174 enim
564 1156 690 1183 magnum
721 1154 762 1176 est
791 1149 846 1177 Deo
874 1154 1050 1184 operamenta

260 1200 354 1220 creare
371 1193 404 1219 ad
420 1193 573 1221 istiusmodi
595 1194 797 1227 necessitatem,
817 1199 863 1222 aut
886 1195 947 1222 sine
975 1195 1048 1223 tubis

259 1247 354 1266 sonum
368 1240 446 1266 talem
463 1240 607 1267 emittere?
625 1239 681 1267 Non
697 1239 730 1267 ab
746 1247 776 1267 re
799 1245 890 1268 autem
916 1245 958 1267 est
973 1249 1048 1276 quae-

259 1286 320 1312 dam
340 1293 371 1313 εκ
386 1285 497 1312 Daniele
509 1293 655 1321 apponere,
671 1287 717 1313 sed
734 1291 762 1313 et
777 1288 1046 1321 opportunissimum.

258 1332 326 1366 Quia
343 1334 415 1360 enim
432 1333 551 1360 diximus
572 1332 634 1366 quia
654 1339 706 1359 non
723 1337 784 1360 erat
809 1333 977 1366 impossibile
992 1334 1047 1361 Deo

258 1379 338 1406 tubas
352 1386 455 1410 creare,
468 1383 514 1405 aut
526 1378 585 1406 sine
598 1378 668 1405 tubis
677 1385 771 1405 sanum
789 1379 877 1405 audiri
891 1389 897 1406 :
916 1379 1045 1412 scriptum

257 1424 328 1459 apud
346 1424 483 1451 Danielem
500 1429 553 1457 est,
573 1425 647 1458 quia,
661 1424 757 1452 Manut
774 1425 892 1459 ingressa
910 1424 967 1451 sola
979 1425 1044 1451 scri-

257 1470 332 1497 bebat
346 1471 373 1496 in
390 1470 487 1504 pariete
498 1470 532 1505 εξ.
552 1470 604 1497 Ista
619 1478 714 1497 manus
729 1470 800 1498 Deus
813 1475 865 1502 est,
885 1475 932 1497 aut
956 1470 1044 1506 angeli

257 1516 352 1544 incisio
365 1516 424 1544 est?
450 1516 503 1543 Sed
528 1517 591 1550 quia
617 1516 728 1543 deberet
756 1516 842 1543 videri
861 1524 912 1543 non
937 1522 1043 1548 tenens,

257 1563 326 1590 forte
353 1569 441 1591 autem
464 1569 514 1590 nec
528 1567 709 1590 atramentum
731 1562 863 1596 bajulans,
881 1571 968 1597 neque
990 1563 1044 1591 alio

1103 963 1165 998 quia
1181 963 1252 990 enim
1269 964 1395 991 manibus
1412 964 1560 998 tetigerunt
1576 971 1608 991 ea
1621 971 1681 998 quae
1703 963 1745 990 eis
1759 970 1812 990 non
1827 970 1888 990 con-

1102 1008 1257 1043 tingebant;
1276 1016 1374 1036 mantts
1399 1017 1448 1044 pro
1476 1017 1559 1036 manu
1582 1010 1675 1037 exiens
1695 1010 1886 1045 scripsitjuxta

1100 1054 1249 1086 lucernam,
1265 1059 1293 1082 ut
1305 1055 1350 1090 qui
1369 1055 1485 1082 aderant
1502 1056 1627 1083 homines
1638 1056 1759 1083 viderent
1779 1061 1886 1084 senten-

1102 1100 1176 1127 tiam.
1192 1100 1257 1133 Quae
1272 1108 1337 1135 ergo
1352 1106 1394 1127 est
1409 1108 1505 1128 manus
1517 1101 1581 1128 illa?
1596 1101 1653 1128 Non
1671 1109 1782 1136 corpus,
1803 1109 1886 1137 neque

1099 1152 1131 1172 ex
1148 1153 1260 1180 corpore
1279 1147 1388 1178 incisio,
1410 1147 1457 1174 sed
1478 1147 1621 1174 ciiicientia
1644 1149 1676 1175 ad
1692 1148 1825 1176 visione".
1842 1155 1886 1176 ve-

1100 1192 1189 1224 niens,
1202 1196 1232 1218 ut
1246 1197 1438 1227 agnosceretur
1452 1193 1586 1220 sententia
1612 1193 1777 1223 invisibibis.
1800 1194 1885 1221 Suffe-

1099 1243 1172 1264 cerat
1185 1243 1275 1265 autent
1295 1243 1322 1265 et
1338 1246 1432 1266 manus
1443 1239 1587 1267 ostendere
1604 1241 1743 1273 virtutem,
1757 1245 1786 1268 et
1802 1241 1884 1268 inter-

1099 1284 1200 1318 pretari
1215 1284 1409 1317 obscuritates,
1432 1285 1538 1312 solvere
1554 1286 1751 1325 dubitationes,
1770 1287 1818 1314 sed
1834 1295 1883 1314 nett

1098 1335 1139 1356 est
1162 1337 1261 1364 egenus
1292 1331 1377 1359 dives.
1405 1331 1558 1358 lnvettimus
1583 1332 1654 1359 enim
1683 1333 1709 1359 in
1737 1332 1882 1368 Scripturis

1097 1380 1124 1403 et
1141 1375 1210 1403 forte
1223 1375 1318 1407 multa,
1338 1384 1399 1411 quae
1415 1383 1442 1403 ut
1455 1377 1620 1411 quaestiones
1636 1382 1715 1405 motae
1732 1384 1808 1412 sunt,
1826 1386 1885 1414 pos-

1096 1426 1158 1448 sunt
1173 1421 1251 1449 nobis
1262 1423 1295 1449 ad
1305 1422 1466 1450 solutiOnem
1480 1423 1618 1458 prodesse.
1634 1424 1764 1454 Novimus
1777 1427 1848 1453 enim
1857 1432 1884 1454 et

1096 1467 1129 1493 de
1146 1467 1266 1500 Daniele,
1289 1468 1351 1503 quia
1372 1468 1438 1495 vidit
1455 1469 1534 1496 sedes
1557 1470 1669 1504 positas,
1690 1476 1716 1499 et
1738 1472 1880 1500 Vetustutn

1095 1512 1200 1539 dierum
1219 1513 1391 1547 insidentem,
1412 1515 1488 1549 cujus
1506 1517 1560 1544 albi
1579 1522 1658 1544 erant
1673 1518 1775 1552 capilli,
1797 1524 1825 1545 et
1841 1527 1883 1546 ve.

1095 1559 1224 1587 stimenta
1236 1560 1350 1588 candida
1367 1561 1399 1588 ".
1422 1562 1455 1589 Et
1468 1568 1542 1590 certe
1566 1568 1594 1593 et
1619 1563 1672 1591 hoc
1700 1565 1884 1600 accipiebatur

256 1609 345 1644 aliquo
372 1613 545 1644 operantento
560 1608 656 1640 abusa,
683 1613 726 1634 aut
756 1609 812 1642 ipsa
841 1617 905 1642 usa,
925 1610 1040 1636 addatur
1057 1594 1078 1622 δ
1096 1610 1207 1640 ρτοριθι·
1233 1608 1442 1640 contumaciam.
1465 1614 1511 1636 aut
1538 1615 1649 1644 propter
1679 1611 1881 1647 negligentiam.

255 1660 283 1683 et
300 1663 397 1687 canna,
416 1659 444 1682 et
464 1659 646 1682 atramentum
660 1659 792 1682 creatum.
811 1655 864 1682 Aut
876 1656 897 1682 si
915 1656 965 1683 hoc
982 1656 1042 1690 quis

256 1701 370 1729 voluerit
387 1701 519 1736 accipere,
534 1700 644 1735 scripsit
659 1708 766 1733 manus,
788 1706 815 1728 et
837 1701 900 1727 dum
917 1702 1042 1736 scripsis-

255 1755 307 1783 set,
323 1749 444 1777 recessit.
466 1748 536 1782 Quid
559 1755 655 1775 manus
684 1749 734 1775 ista
748 1748 866 1781 dicebat,
889 1749 968 1784 cujus
993 1749 1039 1776 Dei

253 1796 310 1824 sola
328 1803 435 1826 manus,
458 1799 485 1822 et
508 1794 553 1822 ubi
570 1799 612 1821 est
635 1794 740 1821 totum?
761 1799 807 1821 aut
827 1794 928 1829 angeli,
952 1800 979 1822 et
995 1794 1039 1822 ubi

252 1846 294 1869 est
310 1841 418 1868 totum?
438 1840 535 1868 incisio
559 1845 620 1868 erat
645 1840 792 1875 passibilis.
811 1840 883 1876 Ergo
906 1848 959 1875 quo
987 1841 1038 1868 ista

253 1888 350 1916 incisio
361 1888 423 1915 est?
440 1887 508 1920 Quid
527 1895 592 1923 ergo
609 1893 652 1914 est
668 1888 803 1915 sententia
821 1887 897 1915 visa?
919 1887 953 1915 Ut
965 1888 1038 1916 enim

252 1935 336 1962 sciret
352 1942 397 1961 rex
412 1934 458 1969 qui
475 1942 558 1961 ausus
572 1938 625 1964 est,
645 1934 704 1960 ideo
731 1941 827 1960 manus
847 1934 880 1960 ad
900 1933 1038 1961 lucernam

250 1980 384 2015 indigens,
397 1987 456 2014 qua:
474 1987 522 2007 nec
536 1980 621 2007 oculis
634 1980 688 2006 visa
704 1984 776 2006 sunt.
795 1980 827 2006 Et
842 1985 916 2008 certe
930 1985 959 2007 ttt
970 1981 1038 2008 scri-

250 2026 378 2061 batquis,
394 2026 470 2054 valde
485 2026 599 2054 intentio
619 2027 772 2054 necessaria
789 2031 841 2061 est,
850 2031 878 2054 et
888 2027 1036 2054 videntium

254 2072 407 2104 oculorum,
421 2078 449 2099 et
468 2077 546 2099 acute
562 2073 720 2100 videntium.
737 2072 812 2100 Nunc
835 2078 922 2100 autent
943 2074 1038 2101 scribit

249 2118 309 2145 sine
325 2118 421 2151 oculis,
436 2118 494 2145 sine
511 2122 629 2150 tenente,
651 2117 709 2145 sive
721 2126 782 2145 cum
801 2124 966 2151 atratneuto,
979 2120 1036 2146 sive

247 2165 307 2192 sine
318 2168 480 2197 atramento,
490 2163 545 2190 sive
557 2164 616 2191 sine
626 2164 687 2190 aliis
698 2165 890 2199 operamentis,
905 2165 961 2192 sive
973 2173 1034 2192 cum

247 2211 317 2242 aliis,
329 2210 472 2237 admiratio
481 2215 522 2237 est
534 2219 541 2243 ;
554 2210 600 2244 qui
616 2210 692 2236 valde
703 2217 798 2237 carnes
809 2211 931 2244 sunt,qui
940 2218 1034 2245 corpo-

1094 1651 1134 1678 Ad
1161 1653 1367 1680 ostentationem
1393 1655 1492 1689 quippe
1513 1655 1576 1689 quia
1602 1664 1700 1691 corptts
1725 1663 1768 1685 est
1791 1658 1882 1693 Deus;

1094 1699 1225 1726 sententia
1245 1703 1335 1727 autent
1358 1700 1484 1728 virtutem
1502 1709 1657 1730 sermonum
1676 1704 1799 1737 exhibet,
1819 1706 1882 1740 quia

1093 1744 1211 1772 maxime
1225 1745 1323 1773 exhinc
1342 1746 1519 1782 incorporalis
1538 1749 1688 1776 ostenditur
1708 1750 1790 1778 Deus.
1816 1751 1883 1784 Quis

1091 1792 1163 1818 enim
1180 1792 1286 1826 ignorat
1301 1800 1408 1820 omnem
1427 1794 1472 1828 qui
1493 1795 1580 1823 oculis
1604 1796 1700 1829 utitur,
1717 1797 1781 1832 quia
1804 1798 1882 1825 oculo

1091 1839 1223 1874 contingit
1249 1847 1280 1866 ea
1303 1839 1395 1868 videre
1422 1848 1482 1874 qua:
1509 1841 1626 1869 adsunt?
1651 1851 1710 1877 qua:
1738 1849 1830 1871 autem
1854 1844 1880 1871 in

1091 1886 1236 1912 crastinum
1253 1890 1300 1913 aut
1320 1890 1381 1921 post
1397 1894 1507 1920 parvam
1531 1889 1636 1922 horam,
1657 1893 1704 1916 aut
1733 1895 1795 1924 post
1823 1899 1881 1918 mo-

1090 1936 1210 1959 mentum
1227 1932 1302 1966 iient,
1329 1941 1380 1961 non
1410 1935 1483 1963 videt
1508 1935 1624 1963 oculus:
1643 1936 1761 1965 Danielis
1789 1943 1880 1966 autem

1089 1978 1167 2011 visio,
1188 1979 1292 2007 initium
1307 1980 1415 2014 quidem
1433 1981 1512 2009 habet
1525 1989 1540 2009 a
1560 1982 1612 2012 lea.
1627 1987 1688 2017 post
1703 1983 1772 2010 leam
1788 1989 1881 2012 autem

1089 2024 1238 2053 introducit
1265 2034 1378 2060 ursum,
1421 2028 1530 2055 tertium
1559 2029 1659 2056 animal
1689 2034 1718 2056 ut
1746 2032 1880 2065 pardum.

1087 2076 1212 2105 quartum
1226 2072 1278 2100 tale
1293 2073 1369 2106 cujus
1387 2078 1482 2100 ttatura
1502 2075 1572 2108 apud
1592 2082 1642 2102 nos
1662 2082 1714 2102 non
1730 2075 1879 2104 invenitur.

1086 2115 1260 2152 interrogabo
1277 2119 1409 2146 volentem
1423 2120 1597 2151 contendere,
1623 2121 1663 2148 lea
1685 2128 1798 2156 regnum
1817 2124 1881 2150 est?

1086 2163 1115 2190 Si
1128 2164 1200 2190 enim
1221 2165 1291 2198 quod
1305 2165 1370 2192 vidit
1385 2165 1478 2193 Daniel
1492 2172 1551 2193 erat
1565 2167 1679 2200 visibile,
1704 2167 1772 2195 leam
1786 2175 1879 2197 atttem

1083 2209 1170 2241 vidit;
1187 2218 1238 2237 non
1260 2210 1326 2238 vidit
1341 2219 1462 2247 regnum,
1477 2215 1523 2240 sed
1538 2212 1618 2240 leam.
1636 2213 1674 2241 Ne
1690 2214 1772 2249 igitur
1789 2223 1879 2242 remo-

247 2257 333 2290 rales,
350 2257 395 2291 qui
424 2256 515 2283 volunt
539 2256 593 2282 Deo
618 2262 717 2290 corpus
742 2256 818 2287 dare,
850 2256 1031 2290 respondeant
1047 2275 1070 2302 Β
1086 2261 1195 2283 veamns
1221 2256 1335 2288 dictum.
1364 2257 1532 2292 Scripturam
1564 2258 1716 2287 videamus.
1745 2260 1775 2288 Si
1803 2263 1877 2289 enim

246 2304 334 2335 nobis,
360 2303 403 2330 illa
426 2310 521 2330 manus
535 2309 635 2337 corpus
651 2306 711 2328 erat
736 2305 782 2327 aut
797 2308 849 2328 non
867 2301 987 2336 corpus?
1001 2301 1030 2329 Si

245 2357 361 2384 corpus;
379 2349 437 2376 sine
458 2347 578 2375 humeris
592 2355 643 2374 tton
660 2352 813 2379 moveatur,
831 2346 888 2373 sine
900 2351 957 2373 toto
973 2354 1032 2374 cor-

243 2403 310 2429 pore
325 2403 378 2422 non
399 2396 435 2422 sit
451 2402 556 2421 ntanus.
573 2393 601 2421 Si
617 2399 707 2420 autem
723 2397 836 2428 apparet
861 2401 956 2420 manus
970 2412 977 2424 ,
1004 2397 1031 2420 et

243 2441 338 2468 scribit
354 2448 459 2472 manus,
477 2444 504 2467 et
519 2439 619 2467 recedit
644 2447 757 2471 manus;
784 2445 949 2474 agnoscatur
971 2447 1030 2474 qua:

242 2492 284 2514 est
305 2491 399 2514 natura
425 2486 537 2513 visionis
562 2486 711 2520 praesentis.
730 2485 914 2520 Importunum
936 2490 1029 2512 autem

242 2540 294 2559 non
308 2536 350 2559 cst
363 2531 520 2566 adjuugerc,
537 2539 584 2557 cur
600 2535 627 2557 et
648 2537 752 2557 manus.
778 2529 806 2556 Si
826 2529 898 2556 enim
911 2530 968 2564 jam
989 2529 1029 2556 di-

241 2584 312 2605 ctum
325 2582 377 2610 est,
391 2578 451 2612 quia
461 2578 604 2611 oportebat
618 2577 781 2603 sententiain
797 2576 891 2608 scribi,
901 2576 947 2603 sed
959 2574 1029 2602 forte

241 2623 301 2651 ideo
313 2631 359 2658 per
372 2631 490 2655 manum,
507 2622 570 2657 quia
583 2627 610 2649 et
621 2620 695 2656 pater
704 2622 784 2656 hujus
799 2621 871 2654 regis
883 2621 1028 2647 adversum

241 2677 320 2704 quem
337 2671 387 2696 ista
412 2670 545 2697 sententia
564 2668 664 2702 scripta
680 2674 737 2699 cst,
755 2667 790 2695 ob
812 2667 902 2702 populi
930 2666 1027 2693 delicta

241 2717 328 2750 potuit
342 2721 369 2743 et
384 2716 509 2751 populum
536 2721 627 2742 tenere
642 2720 669 2742 et
695 2714 834 2748 templum.
853 2714 884 2739 Et
899 2712 1026 2746 populum

238 2759 347 2795 quidem
365 2761 476 2786 adduxit
500 2761 648 2795 captivum.
676 2759 828 2786 Condicens
850 2762 939 2784 autent
963 2758 1024 2791 quia

274 2829 297 2843 "
310 2828 385 2855 Deut.
408 2836 454 2860 vtt,
470 2829 494 2855 5.
535 2828 557 2843 ³⁸
574 2828 658 2855 Exod.
679 2835 736 2858 xu,
753 2826 794 2854 i2;
832 2826 853 2842 ⁸¹
871 2826 936 2854 Dan.
951 2833 975 2859 v,
989 2825 1015 2860 5,

272 2897 329 2934 (78)
347 2898 529 2926 .lmbitionetn.
542 2898 632 2933 idest,
650 2897 784 2926 ambitum.

1053 2826 1076 2842 "
1089 2826 1140 2855 lsa.
1154 2836 1209 2861 xtv,
1225 2828 1266 2856 l5.

1085 2299 1141 2334 ipse
1168 2300 1261 2327 Daniel
1295 2301 1501 2337 interpretans,
1536 2308 1583 2331 aut
1610 2304 1816 2340 interpretatam
1843 2309 1878 2334 ab

1084 2345 1179 2380 angelo
1204 2346 1335 2375 visionem
1349 2349 1434 2381 audit,
1468 2350 1531 2384 quia
1559 2350 1676 2385 primum
1698 2359 1811 2387 regnum
1833 2359 1878 2381 est

1083 2391 1282 2424 Chaldaeorum,
1311 2393 1426 2422 intueris
1445 2395 1508 2430 quia
1527 2396 1599 2430 quod
1623 2397 1710 2424 visum
1737 2403 1799 2430 est,
1833 2399 1875 2426 lea

1082 2441 1159 2468 erat;
1176 2438 1246 2471 quod
1262 2443 1352 2466 atttem
1368 2440 1572 2476 interpretatur,
1588 2450 1711 2477 regnum.
1735 2445 1790 2471 Aut
1803 2445 1877 2472 dicat

1083 2481 1127 2516 qui
1143 2481 1268 2516 voluerit,
1282 2490 1361 2519 putas
1376 2485 1432 2513 fera
1446 2486 1535 2521 aliqua
1555 2493 1630 2520 erat.
1649 2493 1675 2516 et
1695 2488 1821 2523 vivebat;
1847 2496 1876 2518 et

1085 2528 1146 2555 talis
1160 2529 1264 2564 qualettt
1282 2531 1347 2557 vidit
1371 2532 1487 2559 Daniel?
1516 2533 1544 2560 Si
1562 2538 1651 2561 autem
1671 2535 1786 2570 insignia
1808 2537 1877 2564 vidit

1085 2575 1176 2610 regni,
1212 2576 1461 2612 interpretationem
1488 2584 1576 2607 autent
1603 2581 1722 2616 agnovit,
1752 2583 1875 2610 viSiones

1082 2627 1226 2654 corporeas
1240 2622 1329 2649 facere
1344 2631 1396 2650 non
1411 2625 1550 2653 debemus.
1571 2625 1657 2652 Ursns
1676 2631 1766 2653 autem
1790 2634 1875 2662 appa-

1083 2667 1158 2693 rebat
1170 2668 1305 2695 secundus
1321 2675 1377 2703 post
1391 2669 1471 2703 ieant,
1485 2676 1512 2698 et
1529 2672 1580 2697 tria
1596 2671 1680 2698 latera
1693 2678 1772 2700 erant
1786 2673 1813 2700 in
1824 2681 1874 2700 ore

1081 2710 1148 2744 ejus.
1170 2711 1251 2740 Putas
1269 2713 1331 2748 quia
1353 2719 1380 2741 et
1402 2714 1487 2742 latera
1508 2716 1566 2743 viva
1588 2720 1675 2749 erant,
1693 2721 1720 2744 et
1741 2718 1813 2744 unde
1838 2725 1872 2745 ea

1080 2758 1178 2791 accipit
1200 2759 1301 2787 ursus?
1328 2759 1410 2788 Putas
1432 2761 1541 2797 aliquod
1575 2762 1675 2790 ahimal
1710 2770 1876 2799 expugnans

1311 2829 1333 2845 ⁸³
1348 2830 1413 2857 Dan.
1431 2838 1477 2865 vn,
1493 2831 1519 2858 9.
