2024 3208
151 157 219 185 “65

538 157 582 184 DE
602 157 645 186 ΕΟ
664 156 756 191 QUOD
773 155 864 185 DEUS
882 156 996 185 PATER
1016 156 1266 186 lNCOllPORALlS
1284 158 1360 186 EST.

1704 161 1771 188 H65

149 215 222 250 quod
239 214 267 243 in
279 215 475 244 consuetudine
494 219 536 243 est
557 215 627 251 apud
647 223 712 248 nos;
730 219 776 242 aut
793 215 937 250 signiﬁcat,
951 218 976 247 Α
990 215 1081 242 futura
1096 219 1188 248 erant;
1215 214 1278 249 quia
1299 222 1359 249 qua:
1385 214 1479 250 incipit
1501 215 1601 249 videre,
1625 223 1678 244 non
1702 218 1774 246 videt

148 259 210 297 qtiia
229 268 277 296 per
297 262 348 289 tria
373 262 460 289 latera
503 265 558 289 tres
588 261 712 295 regiones
738 261 847 290 habebit
874 261 939 289 illud

148 309 295 336 secundum
321 315 444 344 regnum.
471 307 581 336 Tertius
606 313 695 336 autem
711 308 811 342 pardus
830 307 937 343 quidem

148 359 207 382 erat
221 360 351 389 quantum
377 355 411 382 ad
424 355 567 388 visionem,
593 359 710 389 quatuor
732 359 822 381 autem
849 354 937 389 capita

148 400 276 428 habebat.
306 401 410 435 Siquis
440 405 527 428 autem
553 406 673 428 vestrum
698 401 765 428 vidit
787 401 813 428 in
841 406 937 429 natura

148 451 266 482 quatuor
291 446 379 481 capita
410 446 522 481 pardum
551 446 708 479 habentem,
731 447 767 474 sit
791 446 896 474 visibile
909 450 938 474 et

149 493 248 520 animal
259 493 340 520 istud.
365 492 393 519 Si
413 497 502 519 autem
518 497 643 520 naturam
660 493 802 525 convertit,
817 492 936 520 forman-

150 544 192 566 tur
201 543 290 566 autem
304 546 386 574 regna
399 546 446 572 per
459 539 611 566 istiusmodi
626 538 757 571 visiones,
772 539 807 566 ad
822 546 936 573 corpora

149 590 202 611 non
218 583 420 618 compellamus.
448 583 543 616 Quarti
557 588 649 610 autem
668 584 793 611 animalis
808 584 834 611 in
849 588 935 612 totum

149 637 199 658 nec
218 631 342 665 tignratio
360 636 401 658 est
425 631 524 666 posita,
554 638 587 658 eo
618 631 689 666 quod
713 631 883 658 immutatum
908 636 936 660 et

149 683 246 703 novum
260 684 275 703 a
291 677 396 704 caeteris
412 677 564 709 videbatur,
577 681 606 704 ut
622 684 656 704 ne
668 677 775 712 quidem
789 677 935 706 similitudo

148 722 175 750 in
188 729 221 750 eo
235 721 347 756 alicujus
360 723 484 751 animalis
499 723 651 751 inveniatur
665 732 672 750 :
686 724 742 751 haec
755 724 820 751 vidit
830 723 933 752 Daniel.

148 767 183 795 Et
208 772 272 795 ante
300 768 357 796 haec
373 776 379 795 :
396 767 470 800 Vidi,
492 767 590 802 inquit,
621 773 738 803 quatuor
766 773 854 796 uentos
877 768 935 796 caeli

147 812 312 840 imminentes
324 813 352 840 in
365 814 432 840 mari
448 821 542 848 magno
570 813 603 840 ".
628 813 710 841 Putas
729 819 756 841 et
778 815 850 841 venti
868 814 933 841 visi-

148 859 216 886 biles
239 858 333 886 l'uere?
349 859 469 892 Quatuor
490 864 579 887 autem
607 859 686 887 simul
710 859 892 891 immittuntur
905 860 933 888 in

993 268 1053 296 qua!
1069 261 1204 293 videntur,
1229 260 1276 287 sed
1299 260 1372 288 videt
1394 268 1452 295 quae
1474 268 1527 289 non
1550 261 1684 290 videntur.
1713 262 1775 290 ideo

988 311 1081 334 autem
1113 311 1140 334 et
1162 306 1329 340 nuncupatio
1355 311 1415 333 erat
1439 307 1631 342 prophetatum
1656 308 1717 341 ista,
1746 314 1776 335 ut

987 352 1141 380 dicerentur
1160 353 1206 387 qui
1224 352 1315 380 vident
1330 361 1336 378 :
1353 352 1416 386 quia
1436 353 1506 380 enim
1527 359 1554 380 et
1568 352 1637 388 apud
1655 361 1703 382 nos
1716 355 1776 389 qui-

988 398 1049 425 dam
1063 398 1172 432 vident,
1197 398 1308 433 quidam
1326 405 1378 425 non
1393 398 1494 431 vident,
1510 403 1537 426 et
1553 400 1587 426 ad
1602 408 1689 427 caecos
1702 408 1778 428 min-

987 444 1092 480 paratio
1105 449 1146 472 est
1159 451 1254 472 eorum
1265 443 1311 479 qui
1326 443 1427 476 vident.
1443 449 1470 472 et
1482 445 1626 473 diversitas
1637 451 1664 473 et
1675 447 1776 474 discre-

986 491 1025 518 tio
1034 494 1085 518 est.
1104 490 1203 519 Sumus
1220 496 1309 519 autem
1330 495 1461 526 quantum
1475 491 1508 518 ad
1531 491 1776 520 considerationem

987 536 1120 564 visionum
1145 544 1198 564 non
1223 537 1354 565 videntes.
1387 537 1484 565 Vident
1510 541 1599 564 autem
1625 538 1773 572 propheta,

986 589 1046 618 quae
1066 590 1116 610 nos
1139 589 1191 610 non
1220 582 1354 610 videmus.
1382 582 1421 609 Ex
1455 583 1511 617 ipsa
1537 589 1602 616 ergo
1630 581 1775 611 eﬂicientia

985 633 1150 664 acceperunt
1168 633 1198 656 et
1218 629 1443 663 nuncupationem
1464 629 1510 663 qui
1534 629 1699 656 vocabantur
1711 636 1775 664 pro-

984 675 1072 709 phetze
1096 676 1244 703 secundum
1278 679 1400 703 veterem
1431 682 1540 707 vocem,
1568 683 1629 702 cum
1658 675 1775 702 maxime

984 725 1148 756 exceperunt
1173 721 1215 748 his
1236 721 1282 756 qui
1303 721 1403 749 vident.
1429 720 1506 749 Unde
1528 725 1555 748 et
1573 721 1663 749 multa:
1679 722 1774 749 inseri-

984 767 1089 801 ptiones
1106 766 1173 794 tales
1196 767 1379 799 inveniuntur,
1406 766 1468 794 dum
1494 767 1582 794 dicit:
1605 766 1676 795 Vitio
1695 776 1774 803 quam

983 814 1047 841 vidit
1074 813 1163 841 Isaias
1194 813 1317 841 adversus
1347 813 1516 848 Egyptum:
1536 812 1607 840 Visio
1635 812 1775 841 aduersum

984 859 1158 895 Babylonium
1179 860 1214 887 ⁸⁸.
1229 860 1298 893 Quia
1321 860 1403 895 igitur
1421 860 1557 892 videbant,
1582 865 1612 888 ut
1636 860 1775 893 videbant,

148 903 225 930 marl.
247 903 280 931 Et
301 906 377 932 mare
395 904 473 937 vidit,
493 904 537 932 ubi
559 911 642 940 agens
656 911 773 939 praesens
787 912 871 939 mare,
889 909 935 932 aut
949 902 973 932 Β
986 906 1115 934 videbant
1134 911 1224 934 autem
1241 913 1294 934 non
1307 910 1338 933 ut
1353 905 1486 934 homines.
1512 905 1576 939 Quze
1605 913 1669 941 ergo
1689 907 1775 934 oculis

148 956 201 976 non
215 957 334 984 praesens
348 951 502 985 conspexit.
530 949 565 977 Et
580 955 702 986 quatuor,
726 950 823 985 inquit,
844 958 935 977 ascen-

147 995 242 1022 debant
256 995 320 1030 [εγω
338 995 370 1023 de
392 996 461 1023 mari
476 996 499 1012 ⁸⁵
515 1005 521 1023 ;
539 996 580 1023 lea
599 1003 632 1023 ex
654 996 732 1029 mari,
747 1001 775 1023 et
798 1004 879 1024 ursus
900 1003 934 1024 ex

148 1042 228 1075 mari,
244 1046 271 1068 et
282 1042 381 1076 pardus
392 1049 426 1069 ex
440 1042 519 1069 mari.
533 1041 646 1069 lutueris
655 1041 718 1076 quia
727 1043 783 1077 ipsa
795 1042 934 1077 Scriptura

147 1094 196 1120 per
218 1094 249 1114 ea
266 1094 325 1121 qua:
342 1087 449 1115 videtur
474 1087 577 1123 ligare,
608 1095 656 1122 per
680 1088 773 1115 eadem
796 1093 823 1115 et
843 1088 932 1116 solvit.

149 1132 221 1160 Nare
240 1133 267 1160 in
284 1133 336 1160 illis
351 1141 403 1160 non
421 1133 572 1166 eratlocis,
597 1134 642 1161 ubi
658 1138 717 1161 erat
741 1134 843 1163 Daniel.
867 1135 934 1163 Puta

147 1179 210 1213 quia
228 1183 288 1206 erat
311 1179 362 1211 lea,
383 1184 410 1206 et
423 1187 502 1207 ursus
523 1184 550 1206 et
571 1179 672 1214 pardus
687 1184 713 1207 et
740 1188 838 1207 novum
866 1181 930 1208 illud

148 1225 248 1255 animal
263 1234 271 1253 :
285 1233 318 1253 ex
334 1225 402 1253 mari
413 1225 550 1260 quomodo
562 1223 735 1253 ascendunt?
752 1226 829 1254 Venti
845 1232 933 1254 autem

149 1271 283 1306 quomodo
310 1272 455 1300 videntur?
488 1272 556 1300 Puta
589 1273 651 1307 quia
689 1273 746 1300 visa
778 1277 841 1299 sunt
871 1272 932 1300 ista.

148 1317 278 1345 Ascendit
290 1318 332 1345 lea
345 1326 378 1345 ex
392 1319 472 1353 mari,
491 1320 625 1354 quomodo
639 1326 749 1354 regnum
764 1319 792 1346 in
808 1323 889 1346 terra.
905 1319 934 1347 Si

148 1368 236 1390 autem
249 1371 359 1398 regnum
373 1364 399 1391 in
414 1369 486 1392 terra
505 1369 556 1397 est,
575 1373 626 1392 non
648 1370 688 1392 est
707 1364 763 1399 jam
787 1364 827 1401 lea
841 1376 847 1392 ;
863 1365 936 1399 quod

148 1409 220 1435 enim
233 1408 319 1435 visum
330 1413 372 1436 est
387 1409 458 1436 aliud
473 1414 543 1442 erat,
569 1410 640 1444 quod
659 1413 747 1436 autem
776 1409 935 1444 interpreta-

148 1459 204 1482 tum
227 1454 309 1482 aliud.
336 1454 390 1482 Sed
416 1460 478 1490 puta
511 1455 574 1490 quia
599 1455 726 1483 transfert
745 1460 772 1482 et
801 1455 870 1483 leam
900 1456 934 1482 ad

147 1507 260 1534 regnum
275 1508 282 1527 :
298 1500 493 1535 interpretatur
513 1501 584 1528 enim
603 1501 714 1535 angelus
727 1501 751 1528 ei
764 1501 809 1536 qui
831 1501 935 1528 viderat

147 1552 174 1575 et
191 1547 308 1583 reliquas
323 1547 395 1575 feras
407 1547 616 1582 unumquodque
629 1547 656 1574 in
671 1554 718 1574 sua
730 1547 932 1575 constitutione.

149 1592 177 1621 Si
191 1594 242 1621 ista
260 1593 330 1620 enim
348 1600 407 1627 qua:
422 1594 492 1627 apud
514 1599 562 1619 nos
582 1597 645 1620 sunt
661 1597 688 1619 et
702 1592 816 1620 visibilia
831 1593 932 1620 haben-

149 1644 203 1671 tur,
227 1639 420 1666 transferamus
436 1639 470 1665 ad
494 1638 649 1670 invisibilia,
677 1642 704 1666 et
726 1638 848 1667 dicamus
870 1639 933 1674 quia

147 1693 199 1713 non
224 1685 343 1718 aderant,
369 1685 416 1712 sed
434 1685 490 1713 visa
517 1690 596 1718 sunt;
611 1690 639 1712 et
657 1685 726 1713 visio
742 1690 804 1718 est,
824 1690 852 1713 et
880 1693 932 1713 non

148 1737 250 1758 natura:
266 1730 415 1765 progenies.
437 1731 620 1759 Transeamus
636 1731 668 1758 ad
686 1731 781 1764 Deum,
796 1731 840 1759 ubi
856 1732 934 1760 sedes

148 1780 211 1804 sum
236 1776 346 1809 positae;
377 1780 404 1803 et
435 1777 489 1812 jam
523 1784 575 1804 non
606 1777 727 1805 dicamus
758 1777 836 1806 sedes
861 1777 934 1805 aliud

149 1821 262 1855 aliquid,
287 1823 333 1849 sed
354 1822 426 1856 ipsas
445 1824 523 1850 sedes
539 1827 585 1851 :et
598 1831 650 1851 non
666 1823 720 1858 jam
735 1823 856 1852 dicamus
870 1823 933 1858 quia

150 1867 224 1893 visus
237 1871 277 1893 est
289 1867 334 1901 qui
350 1874 402 1894 non
414 1872 455 1895 est
470 1869 594 1901 visibilis,
608 1870 655 1896 sed
666 1869 733 1896 visio
743 1875 793 1897 est.
810 1868 932 1896 Iudicem

150 1911 319 1938 introducere
328 1912 426 1939 audeat
434 1913 478 1947 qui
490 1913 553 1946 vult,
567 1914 605 1940 sic
614 1914 736 1940 concedit
748 1915 772 1941 ei
784 1915 932 1949 Scriptura.

150 1957 304 1985 Meminisse
329 1962 417 1985 autem
444 1963 548 1993 oportet
569 1959 631 1994 quia
659 1961 840 1995 suggessimus
863 1962 933 1995 quod

150 2004 270 2037 suggerit
287 2008 314 2030 et
330 2009 437 2036 natura,
460 2004 522 2039 quia
545 2005 614 2032 oculi
641 2003 730 2032 futura
755 2014 807 2033 non
831 2006 933 2034 vident.

149 2046 242 2081 Neque
270 2053 330 2082 post
360 2049 498 2084 quodlibet
537 2055 703 2078 momentum
743 2051 782 2078 lea
816 2051 933 2086 primum

152 2101 261 2128 regnum
279 2100 341 2122 tunc
360 2096 408 2123 sub
431 2096 541 2124 Daniele
567 2101 635 2130 erat,
650 2104 780 2131 ursusque
802 2097 858 2132 ejus
870 2105 933 2125 suc-

150 2143 233 2169 cessit
258 2149 339 2176 regno
358 2144 478 2176 :pardus
496 2143 606 2170 tertium
629 2151 750 2178 regnum.
777 2144 835 2171 Non
861 2145 933 2172 enim

150 2195 311 2222 unoquoque
333 2188 442 2215 animali
461 2196 584 2223 regnum,
612 2190 660 2216 sed
682 2197 848 2225 unaquaeque
875 2191 932 2218 l'era

986 950 1125 979 hominum
1142 958 1194 978 non
1209 951 1346 984 videntur,
1363 959 1416 979 non
1432 956 1496 978 sunt
1513 952 1677 986 corporalia.
1701 951 1776 979 Vidit

985 996 1079 1024 Daniel
1095 1006 1101 1024 :
1116 996 1180 1031 quid
1193 996 1278 1024 vidit?
1289 997 1350 1032 quia
1366 999 1438 1024 sedes
1450 1004 1509 1024 sunt
1520 997 1623 1031 posita.
1641 996 1774 1030 Quando?

985 1041 1015 1069 Si
1037 1041 1108 1068 enim
1131 1041 1263 1076 judicium
1286 1042 1373 1075 vidit,
1394 1047 1458 1070 tunc
1479 1043 1571 1077 utique
1597 1051 1658 1070 cum
1684 1042 1775 1078 quarti

986 1087 1060 1121 regni
1091 1087 1265 1123 interemptio
1289 1087 1379 1116 futura
1402 1093 1457 1116 est.
1481 1089 1580 1116 lterum
1602 1094 1690 1117 tamen
1712 1097 1774 1116 eum

985 1133 1043 1160 haec
1068 1133 1186 1166 videret,
1214 1141 1267 1162 non
1291 1134 1391 1162 ﬁebant
1412 1141 1443 1162 ea
1471 1142 1531 1169 quae
1564 1134 1682 1162 videbat.
1720 1135 1775 1162 Cur

985 1184 1075 1207 autem
1094 1184 1121 1207 et
1137 1180 1216 1207 sedes
1233 1179 1316 1212 videt,
1332 1180 1469 1207 Judicium
1491 1181 1570 1212 sedit,
1586 1180 1653 1208 visio
1666 1179 1699 1207 ad
1716 1179 1774 1207 elli-

985 1225 1112 1253 eientiam
1126 1226 1198 1253 facta
1216 1230 1258 1254 est
1274 1227 1322 1253 rei.
1351 1225 1418 1259 Quia
1434 1227 1505 1253 enim
1519 1226 1588 1261 apud
1604 1233 1653 1253 nos
1670 1225 1774 1260 judiees

985 1271 1012 1298 in
1027 1272 1091 1299 sede
1102 1272 1227 1299 sedentes
1244 1273 1366 1300 subditos
1380 1272 1431 1299 sibi
1445 1271 1581 1306 judicant,
1600 1271 1676 1304 dicit,
1692 1271 1774 1298 Sede:

985 1322 1044 1344 sunt
1061 1318 1164 1352 posilw.
1183 1318 1216 1346 Et
1242 1324 1316 1346 certe
1338 1319 1361 1345 si
1389 1318 1450 1346 talis
1473 1324 1545 1346 esset
1565 1319 1636 1346 Deus
1663 1323 1772 1350 natura,

986 1372 1039 1390 non
1056 1364 1149 1391 debuit
1166 1365 1268 1396 dicere,
1294 1365 1387 1399 posita:
1409 1369 1472 1392 sunt
1493 1365 1582 1398 sedes,
1607 1365 1666 1397 sed,
1684 1369 1772 1392 erant.

986 1408 1013 1436 Si
1026 1414 1116 1437 autem
1126 1410 1219 1445 posita:
1233 1416 1295 1438 sunt
1305 1418 1365 1445 qua:
1378 1418 1430 1438 non
1443 1415 1518 1437 erant
1532 1415 1611 1437 antea
1625 1410 1773 1442 collocata,

986 1459 1012 1482 et
1029 1456 1098 1482 sedit
1113 1455 1159 1490 qui
1176 1461 1240 1484 ante
1258 1464 1310 1483 non
1327 1456 1455 1489 sedebat;
1466 1464 1531 1492 ergo
1542 1463 1591 1484 nec
1605 1461 1670 1483 tunc
1681 1455 1775 1491 positae

985 1505 1059 1533 sunt,
1073 1508 1123 1528 nec
1138 1506 1201 1529 tunc
1214 1503 1283 1530 sedit
1295 1511 1301 1529 :
1312 1504 1359 1531 sed
1372 1503 1490 1530 ostendit
1499 1510 1546 1537 per
1555 1511 1587 1530 ea
1598 1510 1657 1537 qua:
1666 1503 1774 1537 cognita

987 1550 1049 1573 sunt
1077 1546 1154 1573 nobis
1187 1548 1268 1574 verba
1294 1547 1466 1575 ellicientiam
1492 1547 1540 1575 Dei
1572 1548 1606 1575 ad
1632 1547 1774 1582 judicium.

987 1591 1105 1626 Denique
1118 1598 1145 1619 et
1161 1593 1303 1628 descripsit
1319 1594 1374 1621 illic
1390 1594 1465 1622 albos
1487 1594 1608 1628 capillos,
1630 1594 1774 1622 candidam

985 1642 1097 1671 vestem,
1118 1638 1206 1672 ignem
1230 1644 1294 1666 ante
1309 1639 1438 1674 judieem,
1468 1643 1495 1667 et
1519 1639 1629 1666 [luvium
1652 1639 1771 1674 igneum.

987 1685 1057 1712 Dicit
1066 1685 1137 1713 enim
1149 1686 1212 1721 quia
1231 1685 1356 1714 νεικείω
1369 1687 1471 1714 dierum
1486 1687 1564 1722 sedit.
1581 1687 1636 1714 Cur
1647 1692 1770 1714 vetustus

985 1731 1110 1758 dierum?
1134 1731 1167 1759 Et
1191 1736 1264 1759 certe
1278 1739 1313 1759 ne
1327 1732 1435 1767 quidem
1453 1732 1509 1760 dies
1526 1740 1593 1766 opus
1607 1738 1672 1760 sunt
1689 1733 1746 1761 Deo
1759 1743 1770 1763 Δε

985 1777 1030 1804 sed
1045 1777 1108 1811 quia
1130 1778 1290 1805 resurrectio
1306 1778 1387 1806 [iebat
1404 1778 1431 1805 in
1446 1779 1519 1807 exitu
1537 1783 1646 1806 artatum
1663 1787 1773 1814 regum,

986 1823 1098 1849 multum
1118 1828 1222 1858 tempus
1238 1825 1420 1852 necessarium
1437 1825 1598 1852 habebatur.
1620 1825 1686 1858 Quia
1700 1826 1773 1852 cnim

985 1876 1032 1903 per
1046 1869 1144 1896 multos
1161 1870 1219 1897 dies
1240 1870 1434 1904 expediebatur
1457 1871 1539 1903 istud,
1554 1870 1696 1898 Vetustum
1716 1872 1774 1898 die-

986 1922 1044 1942 rum
1061 1915 1185 1942 nominat
1201 1915 1331 1949 judicem.
1354 1916 1385 1942 Et
1399 1916 1461 1950 quia
1481 1917 1609 1943 mundum
1626 1921 1684 1944 erat
1700 1917 1773 1951 judi-

984 1961 1054 1988 cium
1087 1966 1114 1988 et
1139 1962 1314 1996 purissimum
1331 1982 1339 1994 ,
1369 1968 1395 1990 et
1425 1962 1587 1997 inﬂexibile;
1605 1963 1659 1990 albi
1685 1964 1773 1999 capilli

984 2008 1077 2035 mundi
1087 2008 1194 2042 judicis,
1213 2013 1240 2035 et
1255 2008 1370 2035 candida
1387 2009 1446 2044 ejus
1462 2009 1621 2038 vestimenta
1637 2014 1664 2038 et
1676 2011 1773 2037 imma-

983 2053 1072 2080 culata
1090 2053 1216 2080 dieunlur
1233 2061 1238 2079 :
1256 2053 1317 2080 ideo
1329 2058 1357 2081 et
1373 2054 1461 2089 capilli
1475 2054 1548 2087 albi,
1569 2055 1626 2082 sive
1650 2059 1771 2082 vetusta-

986 2102 1038 2124 tem
1061 2098 1252 2125 annuntiantes
1278 2103 1308 2126 et
1327 2099 1396 2134 ipsi,
1419 2100 1476 2127 sive
1501 2101 1594 2135 judicii
1615 2102 1771 2135 puritatem.

984 2143 1040 2178 Ego
1051 2148 1140 2170 autem
1156 2149 1183 2171 et
1199 2145 1356 2180 contingere
1374 2145 1529 2173 istiusmodi
1549 2146 1668 2173 habitum
1688 2146 1771 2181 perti-

985 2196 1084 2216 mesco.
1111 2189 1139 2216 Si
1170 2194 1260 2217 autem
1285 2199 1338 2218 non
1366 2196 1426 2218 erat
1449 2192 1520 2225 quod
1540 2191 1684 2224 diceretur,
1700 2192 1772 2226 quod

150 2240 260 2268 regnum
278 2237 320 2260 est
345 2233 446 2261 habens
467 2235 565 2262 multos
586 2242 672 2270 reges.
699 2235 769 2270 Ergo
791 2243 875 2271 usque
899 2237 933 2264 ad
950 2251 971 2278 Β
985 2238 1076 2269 posset
1088 2235 1213 2262 oumibus
1227 2236 1311 2262 videri
1328 2236 1455 2263 recedere
1476 2236 1510 2264 ab
1523 2236 1672 2263 istiusmodi
1690 2243 1771 2263 sensu

149 2284 276 2311 quartum
289 2285 400 2312 regnum
420 2279 496 2306 multi
513 2286 598 2315 reges.
617 2279 682 2307 Post
702 2285 826 2314 quartum
843 2286 931 2309 autern

149 2331 261 2357 regnum
285 2323 414 2357 judicium
440 2325 580 2352 adversum
612 2331 737 2360 quatuor,
770 2330 797 2353 et
818 2331 933 2361 quatuor

149 2376 202 2396 non
220 2368 361 2397 adversum
379 2370 505 2404 primum.
525 2370 617 2397 Daniel
632 2376 720 2398 autem
741 2376 768 2398 et
789 2372 885 2406 primo,
906 2378 933 2400 et

148 2415 277 2446 secundo,
303 2419 330 2441 et
352 2414 442 2448 tertio,
460 2420 487 2441 et
507 2420 604 2450 quarto
621 2423 704 2451 regno
718 2416 849 2451 judicium
870 2424 931 2453 post

149 2461 324 2487 novissimum
335 2465 479 2495 quartum,
495 2461 520 2487 in
539 2469 591 2488 uno
609 2467 744 2489 momento
760 2463 837 2490 vidit.
857 2463 931 2491 Nuti-

149 2506 212 2540 quid
232 2511 343 2540 possunt
357 2506 469 2534 adunari
481 2514 511 2533 ea
527 2514 586 2541 qua).
601 2508 680 2535 hodie
694 2507 765 2535 facta
779 2513 850 2542 sunt,
868 2517 929 2536 cum

148 2552 191 2579 his
201 2559 260 2586 quae
277 2552 395 2580 crastino
414 2552 487 2584 ﬁent,
512 2558 539 2580 et
562 2554 641 2580 tertio
659 2558 688 2580 et
706 2559 803 2589 quarto
818 2555 878 2589 die,
901 2559 931 2582 ut

149 2597 307 2624 videantur?
323 2596 351 2624 Si
365 2597 446 2632 igitur
457 2605 488 2625 ea
502 2605 561 2633 qua:
574 2598 599 2625 in
616 2603 730 2633 quatuor
744 2599 840 2627 diebus
852 2600 928 2634 liunt,

147 2643 181 2670 ad
200 2649 282 2670 unum
305 2645 469 2670 momentum
484 2644 630 2671 convenire
645 2652 697 2672 non
712 2650 824 2680 possunt
841 2653 848 2671 ε
864 2653 931 2680 quo-

147 2689 228 2717 modo
239 2696 269 2717 ea
283 2697 342 2725 qua:
357 2689 384 2716 in
400 2695 516 2724 quatuor
531 2691 620 2726 regnis
639 2691 707 2718 facta
726 2695 798 2724 sunt,
818 2696 845 2718 et
865 2691 931 2719 [ient

147 2736 173 2763 in
190 2735 271 2762 tantis
291 2736 396 2763 sazculis
420 2741 447 2763 et
465 2737 644 2772 temporibus,
671 2738 697 2764 in
719 2744 772 2765 uno
793 2742 930 2765 momento

146 2781 233 2808 oculis
261 2781 342 2808 videri
370 2783 537 2816 potuerunt?
563 2782 634 2817 Ergo
659 2791 719 2818 qtae
739 2783 804 2810 vidit
830 2783 927 2811 Daniel

181 2883 204 2898 ³⁸
225 2883 292 2912 Dan.
313 2892 361 2916 vn,
381 2885 410 2913 2.
446 2885 548 2914 "ibid.
585 2885 609 2902 "
628 2885 679 2914 lsa.
701 2893 755 2919 xu,
775 2886 805 2919 l;
826 2891 887 2920 ml,
910 2885 936 2914 l:

986 2285 1113 2307 tacerem.
1133 2279 1186 2307 Sed
1209 2281 1327 2314 timidos,
1342 2282 1438 2315 inquit,
1455 2281 1544 2308 facitis
1557 2281 1626 2309 filios
1642 2281 1722 2309 Israel
1736 2282 1770 2309 ετ,

984 2325 1041 2352 Cur
1053 2329 1141 2352 autem
1157 2330 1183 2352 et
1196 2324 1294 2352 ﬂuvius
1313 2325 1367 2352 illic
1389 2326 1482 2361 igneus
1502 2326 1606 2358 currit,
1625 2326 1688 2354 dicit
1707 2327 1770 2361 quia

985 2370 1127 2398 interfecla
1145 2377 1186 2399 est
1199 2372 1297 2404 bestia,
1317 2376 1344 2399 et
1358 2379 1456 2406 corpus
1472 2371 1529 2405 ejus
1546 2372 1637 2399 datum
1656 2377 1699 2399 est
1716 2373 1770 2407 igni

985 2416 1017 2443 ad
1031 2418 1210 2444 exurendum.
1227 2417 1284 2452 Qua
1305 2418 1376 2444 enim
1394 2418 1527 2445 sententia
1545 2418 1658 2445 bestiam
1679 2420 1771 2446 mitte—

984 2463 1029 2489 bat
1054 2463 1080 2489 in
1100 2463 1200 2497 ignem,
1220 2464 1295 2498 prius
1314 2464 1474 2499 praeparavit
1498 2469 1700 2498 operanteutum
1722 2472 1771 2499 per

983 2508 1054 2542 quod
1072 2509 1191 2535 futurum
1207 2514 1266 2536 erat
1283 2509 1425 2544 judicium.
1454 2510 1492 2538 De
1513 2511 1555 2537 itis
1575 2510 1657 2545 igitur
1669 2518 1727 2544 qua:
1742 2511 1769 2538 in

983 2554 1093 2582 Daniele
1111 2560 1174 2582 sunt
1191 2556 1276 2590 posita
1291 2577 1298 2589 ,
1320 2564 1353 2583 ex
1378 2556 1471 2584 bestiis
1498 2557 1550 2584 illis
1578 2563 1688 2584 manent
1710 2565 1769 2592 quae

984 2600 1049 2627 visa:
1071 2605 1134 2627 sunt
1160 2600 1241 2634 ferae,
1266 2609 1320 2629 non
1347 2607 1436 2629 autem
1459 2610 1518 2637 quae
1541 2603 1770 2629 annuntiabautur

984 2653 1066 2681 regna
1081 2667 1088 2679 ,
1104 2652 1131 2673 et
1145 2654 1177 2673 ex
1197 2648 1362 2682 temporibus
1377 2656 1436 2683 qua:
1453 2649 1553 2676 habent
1573 2648 1659 2682 spatia
1681 2656 1768 2676 saecu-

983 2692 1082 2726 lorum,
1100 2700 1160 2727 qua:
1176 2693 1319 2727 c0njuucta
1340 2700 1402 2721 sunt
1425 2702 1472 2730 per
1496 2695 1625 2722 visionem
1642 2695 1769 2722 adnuunt

982 2745 1158 2771 momentum,
1176 2744 1202 2766 et
1216 2747 1248 2767 ex
1269 2748 1301 2768 eo
1319 2741 1390 2776 quod
1414 2741 1544 2776 judicium
1570 2748 1621 2769 non
1646 2745 1707 2768 tunc
1727 2745 1769 2768 est

982 2784 1092 2818 factum,
1108 2786 1215 2820 quando
1230 2793 1258 2815 et
1271 2788 1357 2816 visum
1379 2792 1436 2822 est;
1461 2795 1513 2816 non
1529 2788 1614 2816 solum
1630 2788 1663 2815 ad
1678 2788 1767 2823 suspi-

975 2886 996 2904 "
1025 2887 1111 2916 Levit.
1139 2895 1185 2918 xv.
1210 2887 1256 2916 δι.
