2024 3208
274 168 340 196 Ηϐτ

603 165 741 193 ῈῘΙΞΕΒΙΙ
760 162 997 191 (ΖΕΞΑΙΠΕΝΞΙΞ
1016 161 1089 189 ΟΡΡ.
1111 161 1199 188 PARS
1216 160 1261 189 iV.
1280 176 1315 182 -—
1333 159 1542 189 DOGBIATICA.

1816 161 1874 189 “68

274 229 385 256 :andum
403 227 489 257 Beum
503 235 600 262 corpus
623 234 683 253 esse
706 233 758 251 non
777 223 867 250 debuit
885 231 937 250 non
955 223 1054 254 sinere,
1070 224 1092 252 Α
1108 222 1191 248 medio
1204 230 1308 255 campo,
1331 227 1354 248 et
1371 222 1485 248 surrexit
1499 229 1570 248 metu
1584 221 1745 255 manipulus,
1761 226 1783 248 et
1801 227 1872 248 τέτικε

273 275 317 306 ιω
335 276 425 307 potius
446 276 477 302 ad
495 273 707 301 satisfactionem
731 270 836 301 venire,
851 269 912 303 quin
933 268 1058 302 incorpo-

274 308 394 352 ralishest
409 322 488 349 Deus.
514 321 560 347 Est
585 324 674 344 autem
699 316 812 343 rationis
833 320 861 342 et
888 315 929 342 his
957 313 1056 342 similia

272 370 382 397 addere.
404 369 461 403 Ipsa
487 368 558 394 enim
576 364 644 391 visio
660 362 776 390 Danielis
799 369 859 396 quae
883 369 930 396 per
956 360 1058 388 bestias

273 416 341 443 facta
357 419 408 445 est.
429 420 504 440 soror
528 415 568 439 est
589 411 647 444 ejus
659 417 740 444 quant
759 408 827 435 vidit
846 414 894 442 per
912 407 1055 441 imaginem

273 460 531 489 Nabuchodonosor,
551 463 578 484 et
601 456 722 483 salvatur
743 462 802 481 cum
823 453 980 488 paenitentia
1000 451 1055 487 (79)

273 509 470 541 comparantur,
486 508 512 530 et
528 510 544 530 e
557 506 651 529 contra
670 505 808 535 ponuntur
820 506 851 525 ea
868 505 928 533 quae
948 498 973 523 in
991 498 1056 523 ima-

272 553 332 587 gine
343 552 398 578 visa
411 555 482 582 sunt,
498 554 525 576 et
536 556 566 576 ea
576 555 636 582 qua:
646 555 694 582 pcr
706 547 836 573 visionem
847 545 925 572 istam
939 544 1056 570 ferarum

271 602 378 625 ostensa
409 599 566 622 noscuntur.
591 594 712 626 Quatuor
738 592 810 618 enim
836 595 914 617 erant
943 595 970 617 et
997 589 1058 616 istic

272 644 335 671 fera
346 644 452 670 diversa
470 646 564 668 natura
579 649 587 673 ;
611 644 728 675 quatuor
746 643 835 666 autem
851 643 878 665 et
895 637 948 664 illic
972 640 1058 664 mate-

271 691 318 717 riae
333 692 498 717 concurrunt
515 687 548 713 ad
569 685 793 720 compositionem
815 683 894 710 unius
917 682 1056 716 imaginis,

271 741 298 764 et
317 736 382 762 nihil
398 742 446 761 nos
460 733 585 768 prohibet
600 739 682 758 unttm
695 732 728 758 ad
742 738 825 758 unum
840 730 1008 763 interrogare
1029 732 1056 754 et

270 783 372 810 videre.
387 781 439 808 Lea
453 787 567 815 regnans
586 779 701 805 habetur
719 777 745 803 in
759 776 823 803 feris
837 784 844 802 :
857 783 951 813 aurum
966 780 1056 800 autem

270 828 425 862 praecedens
449 827 474 852 in
495 824 645 852 istiusmodi
668 822 790 850 materiis
804 831 810 848 :
825 821 905 856 fulget
929 821 1012 851 enim,
1030 823 1057 846 et

270 876 339 903 sicut
355 873 423 908 ignis
446 880 471 899 in
493 877 590 904 nocte,
613 871 648 897 ita
670 877 765 896 aurum
790 869 860 895 inter
880 871 975 894 caztera
998 873 1057 900 quae

271 920 451 956 possidentur.
477 917 650 951 Accipiamus
671 915 752 949 igitur
767 914 800 941 ab
817 913 932 947 imagine
948 912 1057 947 quidem

271 971 350 1001 caput
374 972 502 997 aureum;
529 971 543 990 a
565 962 668 989 visione
695 967 785 988 autem
808 960 887 986 istam
913 959 994 986 leam.
1024 958 1058 985 Et

270 1012 341 1040 forte
353 1012 413 1039 ideo
427 1016 543 1044 utraque
560 1009 673 1036 femineo
697 1007 816 1038 nomine,
840 1006 903 1040 quia
921 1010 949 1032 et
964 1012 1057 1038 regna.

272 1057 336 1085 Inde
362 1057 527 1084 acciniamus
553 1059 712 1090 argenteum
740 1057 846 1087 pectus,
871 1056 899 1079 et
922 1051 1056 1078 brachia:

272 1108 331 1138 post
351 1109 456 1132 aurum,
469 1104 632 1134 argentum,
651 1103 714 1133 post
728 1097 808 1127 leam.
821 1103 913 1123 ursum
931 1104 937 1122 :
956 1100 983 1122 et
997 1095 1058 1126 tria,

273 1148 328 1175 illic
347 1151 534 1177 teratnentum,
556 1144 617 1171 istic
642 1142 777 1178 pardum;
802 1140 962 1168 subducitur
987 1139 1057 1166 enim

272 1194 418 1222 secundum
436 1191 623 1228 paenitentiam
643 1189 699 1225 (80)
720 1188 896 1223 comparatio.
923 1187 986 1214 Inde
1003 1188 1058 1220 jam

274 1240 432 1276 permistutn
457 1240 556 1266 ferrum
580 1244 641 1264 cmn
663 1241 752 1267 testa;
784 1235 847 1261 istic
872 1234 958 1261 bestia
983 1233 1060 1266 cujus

273 1287 387 1321 figurant
415 1290 526 1319 propter
546 1283 703 1310 varietatem
728 1289 780 1309 non
807 1279 999 1307 manifestavit.
1028 1279 1060 1306 Et

273 1333 328 1360 illic
349 1331 416 1366 lapis
428 1329 588 1357 comminuit
608 1328 772 1361 imaginem;
789 1327 848 1353 istic
861 1326 944 1359 judex
957 1325 1060 1359 judicat

274 1378 385 1405 bestias.
409 1376 438 1402 Si
460 1375 520 1409 quis
545 1375 627 1408 igitur
653 1372 839 1399 contentiosus
861 1371 977 1397 voluerit
1002 1370 1059 1396 haec

274 1422 387 1450 visibilia
403 1428 477 1453 esse,
497 1420 568 1446 dicat
585 1418 661 1445 nobis
676 1422 764 1444 utrum
785 1420 867 1450 caput
885 1420 925 1442 est
947 1422 1058 1442 aureum

274 1469 316 1495 lea
336 1476 342 1494 :
361 1472 474 1500 utraque
499 1465 570 1492 enim
599 1464 632 1491 ad
662 1464 713 1491 hoc
737 1462 822 1496 ipsunt
839 1465 1014 1493 concurrunt,
1031 1466 1060 1488 et

274 1518 389 1547 utraque
411 1510 461 1538 sibi
482 1517 534 1537 non
561 1509 672 1541 similia,
697 1515 785 1542 neque
801 1508 846 1542 qui
870 1507 1057 1533 annuutiatur.

274 1558 343 1593 Quid
358 1558 430 1585 enim
442 1557 475 1583 ad
493 1556 562 1583 learn
578 1554 693 1582 aurum?
710 1554 779 1587 Quid
795 1559 885 1580 autem
899 1558 1014 1588 utraque
1026 1553 1060 1581 ad

276 1602 406 1639 regnum?
418 1609 446 1629 et
459 1602 496 1628 ita
514 1609 546 1628 ea
561 1608 621 1635 quae
635 1600 825 1635 insequuntur,
836 1607 895 1634 quae
908 1604 935 1626 et
946 1599 979 1626 ab
995 1599 1061 1626 ima-

274 1650 337 1685 gine
353 1648 537 1683 proferuntur,
551 1652 578 1674 et
592 1654 651 1681 quae
666 1654 680 1673 τι
697 1646 791 1673 bestiis
813 1646 1013 1673 discernuntur.
1030 1645 1062 1672 Et

275 1696 330 1723 illic
348 1695 416 1729 lapis
430 1695 490 1722 siue
503 1694 638 1726 manibus,
654 1697 683 1719 ut
701 1700 753 1719 non
772 1692 888 1719 hominis
915 1692 951 1718 sit
974 1699 1060 1726 opus;

277 1743 336 1770 istic
359 1742 450 1777 judcx.
476 1741 508 1768 Et
530 1741 582 1768 illic
594 1740 656 1774 quia
678 1739 797 1766 materia:
823 1742 918 1771 erant,
945 1738 1058 1765 commi~

276 1794 411 1819 nuuntur;
430 1788 490 1814 istic
508 1787 570 1821 quia
593 1786 676 1813 bestia
699 1790 766 1816 erat,
785 1784 811 1811 in
828 1784 916 1819 ignem
932 1784 1060 1812 mittitur.

276 1834 315 1861 lta
330 1834 460 1861 habemus
474 1838 501 1860 et
515 1832 664 1859 Pharaonis
679 1831 768 1865 spicas
780 1851 789 1863 ,
807 1835 834 1857 et
850 1831 931 1857 boves
948 1835 1061 1864 septem,

276 1884 304 1906 et
320 1880 432 1914 pingues
452 1883 479 1905 ct
498 1877 667 1905 macilentas.
685 1876 719 1903 Et
740 1881 870 1912 quantum
885 1877 918 1904 ad
937 1881 1062 1903 naturam

276 1930 400 1959 spectat,
426 1925 508 1952 boves
534 1924 640 1958 quidem
662 1923 752 1958 spicas
778 1924 957 1955 manducant,
982 1923 1064 1958 spica:

276 1977 366 1998 autem
382 1979 396 1997 a
418 1971 502 1998 bubus
525 1971 716 1997 comeduntur.
741 1969 816 2003 Quod
843 1974 932 1996 autem
959 1969 1064 2005 signiﬁ-

277 2021 355 2044 catur
381 2021 407 2043 et
432 2016 465 2042 ab
492 2016 534 2043 his
548 2016 592 2050 qui
611 2016 818 2047 manducantur,
847 2020 873 2042 ct
900 2016 934 2042 ab
957 2016 1001 2043 his
1018 2016 1064 2050 qui

278 2062 458 2092 manducant,
487 2062 572 2096 ipsam
598 2062 774 2095 eamdemque
801 2061 900 2088 habent
922 2061 1077 2088 virtutem.‘

277 2108 316 2134 Ad
331 2107 401 2142 quod
414 2107 484 2134 enint
504 2107 590 2134 fuerat
611 2112 749 2141 acceptum
772 2114 824 2134 non
849 2107 990 2141 dissentit,
1016 2107 1063 2134 sed

278 2161 303 2182 et
318 2154 472 2182 necessaria
485 2153 553 2180 visio
565 2158 617 2180 esL
634 2152 702 2186 Quia
721 2154 792 2181 enim
803 2153 837 2180 de
852 2154 939 2185 annis,
952 2158 979 2180 ct
995 2153 1066 2180 nati-

279 2201 374 2234 vitate,
388 2205 417 2227 et
433 2199 567 2226 fructibus
580 2203 650 2230 erat,
669 2199 750 2233 spicae
772 2204 863 2225 autem
885 2199 981 2226 horum
1004 2203 1066 2226 sunt

1108 268 1188 298 stetit,
1205 272 1228 293 et
1244 268 1357 294 conuersi
1374 267 1501 300 manipuli
1521 267 1596 293 uestri
1613 267 1781 293 ndoraveruut
1800 274 1872 293 meum

1107 312 1271 346 manipulum
1294 312 1327 339 ⁸⁸.
1347 312 1379 339 Et.
1396 312 1590 345 interpretatur
1605 316 1679 345 pater
1690 332 1697 343 ,
1710 315 1736 338 et
1747 311 1872 345 suspiran-

1110 364 1152 386 tur
1174 358 1283 389 fratres,
1308 358 1371 392 quia
1400 358 1511 391 incipiet
1543 365 1657 392 regnare
1688 364 1767 391 super
1791 356 1873 385 fratres

1108 413 1181 433 suos.
1195 405 1227 432 Ει
1241 412 1312 431 nunc
1325 404 1434 438 quidem
1455 403 1582 438 manipuli
1597 411 1603 430 ι
1620 404 1715 430 iterum
1729 407 1812 430 autent
1826 404 1874 437 ipse

1108 451 1190 478 solem
1207 457 1233 478 et
1254 451 1344 477 lunam
1364 449 1437 476 videt
1456 454 1484 476 et
1503 449 1623 476 undecim
1642 449 1740 476 stellas.
1757 448 1873 476 Diliertiu

1108 498 1190 533 gloria
1207 497 1294 529 stella,
1317 495 1470 530 manipulus
1494 503 1546 522 non
1571 494 1670 522 diﬂ‘ert.
1702 494 1755 521 Sed
1779 499 1876 528 apparet

1107 544 1170 578 quia
1185 543 1264 570 'stella
1285 542 1422 577 manipulo
1445 542 1478 568 ad
1497 541 1566 575 quod
1587 546 1697 576 accepta
1715 545 1766 573 est,
1781 548 1828 568 non
1842 546 1875 568 est

1108 591 1213 618 melior.
1230 589 1297 617 Cum
1317 589 1389 617 enim
1421 593 1497 623 pater
1515 588 1619 622 positus
1640 592 1681 614 cst
1699 587 1795 614 inloco
1812 587 1876 620 solis,

1107 642 1194 665 mater
1214 640 1301 663 autem
1325 636 1352 663 in
1379 635 1438 662 loco
1463 635 1549 664 lunae.
1581 634 1676 660 fratres
1697 639 1876 667 consequenter

1107 682 1291 710 eﬂiciebantur
1303 682 1330 709 in
1345 682 1404 709 loco
1417 681 1555 708 stellarum
1573 689 1579 706 :
1596 679 1664 707 forte
1676 687 1763 707 autem
1779 680 1875 706 necista

1107 729 1268 764 simpliciter
1298 728 1429 755 debemus
1457 726 1575 754 transire
1599 735 1605 753 :
1626 727 1673 753 sed
1695 726 1758 761 quia
1787 726 1878 753 occasio

1108 775 1277 802 adorationis
1291 773 1359 800 facta
1371 778 1414 800 est
1427 773 1561 800 fructuutn
1579 772 1754 805 abundantia,
1768 772 1824 799 ideo
1836 778 1878 798 non

1109 821 1142 848 ab
1159 821 1212 847 alia
1224 819 1368 847 occasione
1392 819 1460 845 vidit
1477 819 1622 846 adoratth
1642 825 1672 845 se
1693 817 1799 848 fratres.
1811 824 1878 850 quam

1109 876 1124 893 a
1144 867 1288 902 manipulis
1305 866 1447 893 messium.
1482 865 1510 891 Si
1533 864 1594 899 quis
1622 869 1711 891 autem
1732 863 1838 890 voluerit
1857 866 1881 890 et

1110 914 1211 946 stellas,
1227 917 1256 939 et
1268 913 1370 944 iuuant,
1389 916 1415 938 et
1430 911 1515 938 solem
1532 911 1684 945 requirere,
1700 911 1732 937 ad
1746 911 1820 937 istum
1830 917 1880 936 ser-

1110 967 1216 986 mortem
1234 959 1351 985 inveniet
1370 965 1544 985 concurrere.
1566 957 1632 990 Quis
1653 956 1727 983 enirn
1744 956 1839 991 ignorat
1854 962 1880 982 ex

1109 1006 1234 1033 omnibus
1246 1004 1329 1040 Moysi
1348 1011 1440 1031 vocem
1452 1026 1458 1037 ,
1472 1003 1534 1038 quia
1548 1011 1581 1030 ex
1597 1003 1720 1037 frugibus
1732 1010 1797 1037 quos
1811 1002 1880 1029 nutrit

1110 1053 1149 1078 sol
1170 1057 1196 1078 et
1213 1051 1274 1078 luna
1288 1071 1295 1083 ,
1316 1050 1387 1078 facta
1401 1051 1508 1078 occasio
1529 1055 1570 1077 est
1587 1050 1721 1077 visionis?
1747 1049 1812 1083 Ergo
1828 1047 1880 1083 quia

1111 1099 1244 1125 fructuum
1261 1102 1321 1125 erat
1334 1098 1452 1129 occasio,
1464 1105 1512 1132 per
1523 1104 1554 1123 ea
1568 1104 1627 1131 qua:
1642 1096 1735 1131 fruges
1749 1096 1880 1127 enutriunt,

1111 1144 1182 1171 facta
1196 1149 1238 1171 est
1251 1149 1277 1170 et
1291 1143 1361 1171 visio
1377 1143 1485 1177 duplex.
1500 1142 1664 1178 Putas-ergo
1680 1143 1741 1177 quia
1754 1143 1843 1177 aliquis
1854 1150 1881 1169 ex

1112 1191 1153 1218 his
1164 1191 1210 1225 qui
1223 1190 1331 1222 adsunt,
1349 1190 1492 1225 invigilans
1505 1195 1533 1216 et
1547 1190 1665 1220 sobrius,
1686 1190 1809 1225 cogitavit
1822 1191 1880 1224 apud

1111 1245 1141 1263 se
1156 1241 1185 1263 ut
1202 1237 1320 1269 sobrius,
1336 1237 1399 1271 quia
1415 1237 1474 1263 istae
1490 1236 1609 1263 visiones
1625 1243 1675 1270 per
1688 1237 1815 1263 insomnia
1826 1239 1876 1262 suttt

1088 1300 1090 1302 -
1113 1283 1198 1314 factm,
1220 1287 1247 1310 et
1272 1283 1339 1310 forte
1363 1283 1545 1317 suspicabitur
1561 1283 1615 1309 vim
1636 1283 1729 1310 facere
1747 1291 1793 1309 nos
1814 1286 1837 1308 et
1848 1281 1880 1308 Itis

1110 1329 1259 1355 visionibus
1278 1336 1338 1363 quae
1363 1336 1411 1362 per
1434 1329 1568 1356 insomnia
1591 1329 1671 1355 facta!
1697 1333 1844 1359 noscuntur,
1859 1332 1881 1354 et

1111 1374 1144 1400 ad
1160 1374 1321 1402 solutionem
1332 1381 1379 1400 eas
1390 1374 1522 1408 accipere,
1534 1381 1594 1409 quze
1611 1374 1740 1401 videntur
1752 1381 1796 1409 pcr
1806 1372 1882 1400 oculos

1111 1419 1175 1445 visre
1192 1418 1225 1445 ab
1238 1417 1449 1452 invigilantibus.
1471 1419 1498 1446 Si
1513 1420 1586 1446 enim
1602 1419 1637 1446 ita
1657 1425 1743 1451 esset.
1761 1419 1881 1452 subripere

1111 1463 1248 1495 deberem,
1273 1467 1300 1490 et
1321 1462 1373 1490 hoc
1397 1463 1485 1497 ipsum
1513 1464 1628 1491 suadere
1649 1469 1678 1491 et
1699 1464 1789 1491 ludere
1805 1471 1810 1487 :
1826 1462 1882 1489 forte

1112 1514 1201 1536 autem
1215 1514 1242 1535 et
1255 1509 1277 1535 si
1297 1509 1451 1541 tacuissem,
1466 1509 1527 1544 quia
1545 1517 1593 1544 per
1608 1510 1742 1537 insomnia
1757 1509 1836 1536 factus
1848 1512 1881 1535 est

1113 1554 1178 1582 mihi
1193 1562 1293 1584 sermo.
1311 1554 1417 1582 viderer
1433 1555 1475 1582 his
1494 1555 1538 1590 qui
1556 1555 1645 1582 adhuc
1666 1556 1837 1587 somniantur,
1855 1559 1878 1582 et

1114 1600 1265 1627 inauditum
1291 1600 1397 1627 edicere
1415 1601 1479 1634 quid
1502 1605 1530 1628 et
1551 1601 1695 1628 exhibere.
1723 1601 1788 1632 Quia
1809 1604 1881 1627 autem

1115 1647 1238 1674 veritatis
1251 1651 1291 1673 est
1308 1646 1395 1679 locus,
1425 1650 1452 1674 et
1476 1654 1528 1674 non
1555 1655 1603 1674 nos
1629 1648 1762 1675 seducere
1784 1650 1881 1681 oportet.

1114 1702 1203 1729 neque
1230 1694 1349 1721 suasioni
1379 1698 1502 1729 captare,
1534 1695 1651 1722 sciamus
1677 1695 1740 1729 quia
1766 1695 1818 1721 haac
1835 1699 1883 1727 qua

1114 1740 1186 1768 dicta
1199 1745 1262 1767 sunt
1274 1739 1364 1767 omnia
1379 1747 1427 1774 per
1445 1739 1579 1767 insomnia
1593 1740 1649 1767 visa
1671 1745 1752 1767 sunt:
1770 1739 1882 1774 siquidem

1113 1790 1141 1813 et
1160 1785 1409 1819 Nabuchodonosor
1432 1785 1565 1812 somniqu
1587 1786 1666 1820 vidit,
1689 1792 1717 1814 et
1732 1786 1816 1813 Daniel
1832 1783 1883 1811 illud

1114 1832 1186 1867 quod
1209 1832 1325 1859 diximus
1345 1838 1392 1865 per
1420 1831 1555 1871 somnium
1581 1832 1660 1863 vidit,
1687 1838 1713 1859 et
1735 1831 1846 1862 Pharao,
1863 1833 1885 1856 et

1119 1878 1219 1913 Joseph
1233 1886 1280 1913 per
1293 1877 1428 1905 insomnia
1442 1878 1595 1905 habuerunt
1611 1878 1680 1906 istas
1695 1879 1815 1906 visiones.
1826 1874 1884 1904 Nihil

1115 1932 1179 1960 ergo
1197 1925 1295 1951 mirum
1323 1924 1345 1950 si
1371 1929 1398 1950 et
1423 1924 1502 1951 nobis
1526 1931 1573 1959 per
1597 1925 1732 1952 insomnia
1756 1926 1884 1959 appareant

1115 1971 1175 2006 quae
1194 1971 1329 1997 videntur.
1355 1970 1414 1997 Alia
1430 1971 1503 1997 enim
1524 1971 1556 1998 de
1571 1971 1631 1999 aliis
1653 1971 1806 2006 frequenter
1824 1969 1884 1996 vide-

1115 2024 1186 2049 mus,
1201 2021 1245 2043 aut
1269 2020 1455 2050 tempestatem
1469 2016 1563 2048 maris,
1580 2021 1626 2043 aut
1641 2017 1814 2052 nosmetipsos
1828 2013 1884 2041 trahi

1115 2071 1130 2090 a
1147 2062 1246 2095 ﬂuviis,
1260 2067 1305 2089 aut
1317 2067 1407 2096 prata,
1425 2067 1472 2089 aut
1487 2062 1608 2095 fructus;
1631 2068 1679 2090 aut
1700 2064 1760 2098 quia
1775 2064 1806 2089 de
1822 2060 1885 2088 tectis

1116 2109 1270 2143 dejicimur,
1285 2114 1334 2136 aut
1346 2109 1409 2143 quia
1425 2109 1565 2136 thesauros
1583 2108 1750 2141 invenimus,
1774 2114 1815 2135 aut
1833 2106 1882 2141 quia

1116 2154 1256 2182 amisitnus
1265 2154 1377 2189 aliquid,
1389 2159 1435 2181 aut
1450 2155 1512 2190 quia
1525 2155 1720 2189 subingressus
1732 2160 1771 2182 est
1782 2154 1883 2188 quidam,

1117 2205 1163 2227 aut
1178 2200 1242 2234 quia
1264 2200 1334 2228 alius
1351 2201 1444 2232 exivit,
1463 2205 1510 2227 aut
1531 2200 1594 2235 quia
1620 2201 1727 2228 locutus
1751 2205 1790 2227 est
1811 2198 1885 2226 nescio

279 2246 439 2281 genitrices;
464 2252 512 2279 per
533 2244 622 2278 spicas
641 2244 749 2276 quidem
775 2244 837 2269 anni
859 2244 1062 2271 annuntiautur.
1081 2252 1103 2280 υ
1118 2247 1189 2280 quis,
1208 2251 1254 2273 aut
1275 2246 1338 2281 quia
1355 2246 1430 2273 dedit
1453 2246 1561 2280 aliquis.
1588 2245 1674 2273 Erant
1699 2251 1786 2273 autem
1807 2250 1885 2271 omnes

279 2293 345 2325 Quia
363 2297 451 2318 autem
465 2297 513 2325 per
527 2297 609 2324 opera
623 2290 703 2317 boum
716 2295 864 2316 nascuntur
877 2289 969 2324 spica),
982 2289 1064 2317 boves

278 2346 395 2374 quorum
406 2337 528 2372 operatio
539 2336 633 2371 fruges
646 2340 720 2370 sunt,
738 2340 765 2362 et
780 2336 862 2370 spicze
875 2335 955 2363 boum
969 2337 1065 2363 nativi-

280 2390 367 2418 tates;
397 2388 505 2418 accepta
535 2383 643 2418 quidem
667 2387 730 2409 sunt
753 2382 845 2415 varie,
871 2383 1066 2410 unnuntiarunt

280 2436 370 2459 autem
389 2430 496 2457 effectu.
521 2429 604 2456 Putas
621 2437 686 2463 ergo
714 2429 818 2456 fructus
842 2429 918 2456 bovis
943 2434 1001 2462 est,
1021 2434 1067 2456 aut

280 2478 361 2512 spica:
385 2476 490 2503 annus?
507 2474 559 2501 Sed
576 2475 627 2501 alia
649 2475 757 2509 quidem
777 2479 839 2501 stmt
855 2482 914 2510 quae
931 2474 1066 2508 videntur,

282 2523 334 2550 alia
353 2526 444 2549 autem
459 2528 519 2555 qua:
532 2520 740 2547 annuntiantur.
754 2518 854 2552 Joseph
872 2523 962 2545 autem
981 2519 1068 2545 mani-

282 2568 359 2603 pulos
381 2567 443 2594 vidit
463 2575 470 2593 :
490 2574 579 2593 nonne
606 2565 735 2592 deberent
756 2570 785 2591 et
814 2565 875 2591 istic
895 2565 958 2591 anni
989 2565 1069 2591 esse?

283 2615 336 2641 Sed
352 2614 389 2640 ait
406 2622 413 2639 :
431 2612 575 2640 Somniauit
593 2617 680 2637 autem
695 2611 823 2636 somnium
836 2608 943 2644 Ioseph,
957 2614 980 2636 et
997 2614 1068 2635 retu-

283 2659 314 2685 lit
327 2660 452 2694 fratribus
471 2658 538 2691 suia,
560 2662 584 2684 et
597 2657 664 2683 dixit
677 2656 714 2683 eis
739 2656 852 2682 :Audite
868 2655 998 2682 somnium
1020 2655 1068 2681 hac

284 2705 352 2738 quod
368 2704 506 2731 somniavi.
529 2702 662 2729 Putabam
680 2709 726 2727 nos
745 2701 854 2734 alligare
873 2699 1020 2733 manipulos
1042 2700 1069 2726 in

320 2763 342 2778 ⁸⁸
355 2763 421 2790 Gen.
438 2770 541 2793 vxxvtt,
557 2761 582 2787 5.
621 2761 643 2776 ¹⁹
659 2760 708 2787 lsa.
723 2754 842 2790 nmis.

320 2823 376 2856 (79)
392 2823 457 2850 Cum
475 2823 636 2855 pauitantia.
652 2821 786 2854 luterpres
802 2820 908 2846 videtur
926 2820 1069 2853 μετάνοιαν

286 2859 463 2893 panitentt‘nm
475 2857 571 2892 legisse
584 2865 631 2893 pro
645 2856 765 2883 διάνοιαν
779 2855 970 2893 cogituliottem.

324 2892 379 2929 (80)
397 2890 590 2919 I’wnitcntiam.
609 2891 656 2919 llic
672 2898 778 2926 quoque
796 2890 912 2916 διάνοιαν
934 2890 1070 2925 rogitatio-

1118 2291 1176 2319 istze
1193 2292 1365 2323 ambitiones,
1391 2292 1463 2319 sicut
1479 2292 1544 2319 dicit
1567 2291 1650 2319 Isaias
1668 2300 1675 2318 :
1692 2291 1766 2319 Sicut
1779 2291 1820 2326 qui
1833 2287 1885 2316 uidit

1119 2339 1283 2372 semetipsum
1305 2338 1507 2365 manducantem
1519 2346 1564 2372 per
1575 2347 1694 2365 somnum
1706 2344 1749 2364 aut
1765 2337 1884 2364 bibentem.

1119 2383 1244 2418 euigilans
1261 2389 1348 2410 autem
1371 2384 1457 2410 adhuc
1479 2384 1559 2410 esurit
1573 2389 1618 2410 aut
1634 2384 1690 2410 sitit
1707 2384 1740 2410 ".
1759 2383 1820 2410 Cum
1838 2387 1886 2406 ma-

1122 2429 1194 2456 xime
1210 2429 1259 2456 visi
1276 2437 1369 2457 sumus
1383 2429 1534 2457 exsolvisse
1548 2433 1574 2456 et
1590 2429 1640 2457 ista
1652 2450 1659 2461 ,
1675 2435 1702 2456 et
1722 2427 1887 2461 unusquisque

1122 2476 1288 2502 audientium
1299 2476 1355 2510 jam
1375 2484 1450 2504 suam
1468 2477 1601 2504 refecerat
1622 2481 1739 2503 mentem
1751 2495 1758 2508 ,
1776 2478 1886 2507 tanquam

1123 2521 1258 2548 solutione
1274 2521 1384 2549 inventa
1398 2527 1426 2550 et
1434 2522 1615 2550 sollicitudine
1629 2521 1731 2553 soluta;
1743 2520 1825 2548 subito
1837 2522 1886 2551 quia

1124 2571 1222 2602 putatae
1235 2573 1298 2595 sttnt
1310 2569 1428 2596 visiones
1445 2569 1559 2596 somniis
1574 2567 1707 2600 revelata,
1720 2558 1812 2593 iterum
1822 2562 1886 2590 nobis

1123 2614 1344 2642 constrinxerunt
1378 2614 1486 2642 vincula
1514 2615 1690 2649 quaestionum
1708 2633 1715 2646 ,
1751 2616 1776 2639 et
1798 2615 1886 2643 tempus

1123 2659 1300 2693 apprehendit
1312 2660 1517 2688 taciturnitatis.
1542 2659 1623 2687 Forte
1645 2666 1696 2686 non
1721 2659 1885 2693 importunum

1125 2707 1231 2738 tempus
1249 2713 1334 2739 neque
1351 2705 1445 2733 inutile
1459 2710 1511 2733 est.
1533 2705 1560 2732 Si
1577 2705 1648 2732 enim
1669 2710 1697 2732 et
1710 2703 1814 2739 quidam
1829 2705 1885 2735 prte-

1124 2829 1181 2857 ηεηι
1200 2822 1289 2856 Ροῑῖυε
1304 2829 1383 2855 quam
1406 2822 1549 2857 μετάνοιαν
1566 2819 1740 2856 paenitentiam
1762 2814 1884 2851 legendam

1124 2855 1206 2885 fuisse
1224 2857 1337 2885 videtur.
