2024 3208
159 166 229 195 ttat)

825 167 858 195 ΙΝ
880 168 1008 196 MATTH.
1027 169 1061 201 Χ,
1079 169 1121 197 3L

1715 167 1782 195 1170

159 226 275 253 ﬂentium
288 232 340 258 est,
356 227 400 262 qui
422 228 518 256 horum
533 228 672 255 scientiam
689 235 737 262 per
750 231 855 254 noctem
876 228 947 255 accic
960 234 983 260 Α
998 230 1055 258 sive
1075 230 1147 258 enim
1163 231 1224 265 quis
1246 231 1356 264 cogitat,
1373 230 1430 256 sive
1442 229 1503 263 quis
1520 229 1638 255 intentus
1654 233 1706 260 est,
1725 228 1782 255 sive

159 279 222 306 pere
241 272 350 307 incipiet
364 278 482 302 tractans
496 279 523 302 et
546 275 730 310 repercutiens
754 275 885 301 insomnia
896 295 903 306 ,
918 279 946 301 et

158 325 192 345 ne
215 318 325 352 quidem
347 319 398 355 ipsi
423 327 520 348 somno
539 321 701 351 concedens,
726 319 795 347 forte
821 324 945 346 scrutans

159 373 205 399 per
219 370 324 393 noctem
338 373 399 393 cum
413 367 478 399 otio,
494 371 521 393 et
536 374 550 392 a
566 366 667 393 lumine
681 371 813 394 nocturno
826 366 945 398 fulgores

158 411 306 446 accipiens,
330 417 432 446 qua-ret
453 411 622 439 vinculorum
646 411 742 438 horum
773 411 942 439 solutiones:

158 461 186 484 ct
201 458 224 484 si
247 457 351 492 quidem
370 458 502 486 invenerit
519 458 639 486 lucratus
657 463 716 489 est,
741 462 769 485 et
788 465 894 485 sursum
918 462 945 486 et

158 504 284 530 deorsum
301 509 472 536 convertens,
490 509 518 531 et
536 512 659 538 quzerens
679 509 706 531 et
734 504 867 536 volutans,
884 512 946 539 per-

157 549 230 576 sistit
252 550 278 576 in
300 550 416 582 incerto,
440 550 582 577 sollicitior
605 550 678 577 venit
700 550 733 577 ad
761 550 943 577 inventionem

159 595 312 623 solutionis.
342 596 404 623 Scio
429 600 518 623 autem
538 596 600 631 quia
628 596 813 630 unusquisque
835 595 881 630 qui
902 595 944 622 hic

158 641 272 674 assistit,
290 642 384 668 exiens
400 641 433 668 de
449 642 491 669 his
505 641 612 676 quidem
626 642 679 668 erit
694 641 836 673 sollicitus,
850 648 942 668 curam

157 688 258 714 ventris
281 695 332 714 non
348 688 448 715 faciens
467 695 474 714 :
493 688 562 715 forte
585 693 674 715 autem
697 688 806 722 quidam
828 692 855 714 et
875 687 944 714 indi-

155 739 293 769 gnantur,
321 735 382 768 quia
411 735 602 770 protendimus
631 742 806 766 sermonem;
835 734 941 769 plurimi

155 781 226 808 enim
243 781 445 809 obdormientes
467 787 494 809 et
515 783 542 809 in
570 781 639 809 faeie
659 781 751 809 volunt
774 788 807 808 ex
830 781 942 807 aliorum

155 826 291 854 laboribus
305 831 332 854 et
345 828 489 855 sudoribus
500 828 558 855 sine
573 828 666 855 labore
679 832 772 862 parata
786 827 940 860 suscipere;

155 873 176 900 si
190 877 279 899 autem
293 877 320 900 et
333 874 510 908 susceperint,
526 874 571 908 qui
595 878 684 900 autem
702 873 870 900 adinveniant
889 880 942 900 non

997 278 1057 310 quis
1073 277 1243 304 commodum
1261 277 1375 310 accepit,
1390 276 1448 303 sive
1464 275 1524 310 quis
1537 275 1669 302 convertit
1683 281 1782 309 oppro-

997 321 1095 354 brium,
1111 321 1227 356 gaudeo.
1247 320 1275 348 Si
1299 325 1388 348 autem
1402 320 1540 355 negiigunt
1554 320 1600 354 qui
1616 320 1737 353 audiunt,
1753 324 1781 347 et

996 368 1169 396 dissimulant
1184 368 1230 402 qui
1247 368 1389 399 docentur,
1404 374 1484 401 quam
1504 366 1635 393 rationem
1647 366 1722 392 dabit
1735 366 1778 400 qui

996 414 1157 442 constitutus
1174 419 1217 442 est
1234 414 1373 448 magister,
1397 416 1424 440 et
1447 419 1499 439 non
1514 412 1688 446 quatstiosum
1705 412 1779 442 dicit,

995 461 1042 488 sed
1056 468 1115 495 qure
1135 459 1255 494 impertit
1268 458 1340 494 gregi
1360 457 1483 484 Domini?
1495 457 1661 492 [inprecatur
1672 456 1780 490 quidem

995 506 1029 533 ab
1042 514 1074 533 eo
1086 513 1181 533 omnes
1194 505 1323 532 sollicitos
1336 511 1408 536 esse,
1427 508 1453 530 et
1465 504 1591 536 scrutari,
1606 507 1632 530 ct
1647 510 1779 537 qua-rere,

995 557 1022 580 et
1038 557 1139 584 tenere,
1163 556 1190 578 et
1211 552 1324 581 discere,
1349 555 1376 577 et
1392 549 1568 577 fructiﬁcare.
1583 548 1612 575 Si
1638 553 1728 575 autem
1754 551 1782 575 et

995 598 1103 633 quidam
1124 598 1273 632 negligant,
1287 595 1386 631 quibus
1399 602 1448 622 nec
1466 594 1613 621 cotwenire
1628 592 1781 620 sollicitudo

995 649 1047 677 est,
1065 644 1131 671 nihil
1153 644 1204 670 hoc
1221 643 1254 669 ad
1270 650 1312 669 me
1328 651 1334 668 τ
1351 647 1378 669 et
1396 647 1469 668 certe
1484 640 1517 667 ad
1533 647 1590 672 me;
1611 640 1695 674 tangit
1708 639 1780 666 enim

995 697 1038 717 me
1052 694 1079 717 et
1095 690 1255 722 contristat;
1273 694 1362 715 tamen
1380 688 1437 714 sive
1455 687 1549 722 paucis
1565 685 1681 712 eiiicitur
1692 692 1781 712 sermo

994 737 1052 764 sive
1067 736 1170 767 multis,
1185 735 1242 762 sive
1254 734 1420 769 negligentes
1440 737 1503 760 sunt
1522 733 1579 760 sive
1590 731 1710 763 solliciti,
1728 738 1780 757 non

995 782 1078 810 debeo
1092 786 1200 816 propter
1215 779 1405 816 negligentiam
1428 784 1455 805 et
1474 779 1532 810 ipse
1550 778 1688 812 negligens
1707 777 1780 804 inve-

994 829 1057 856 niri.
1082 827 1163 855 Forte
1190 831 1280 853 autem
1306 825 1414 859 quidam
1434 829 1460 852 et
1488 825 1650 851 contendent
1681 829 1779 857 expro-

994 875 1063 902 brati
1086 885 1092 902 :
1114 878 1141 900 et
1171 873 1194 900 si
1221 879 1273 899 non
1300 876 1411 905 propter
1443 877 1564 897 amorem
1597 868 1726 896 doctrinm
1753 872 1781 894 et

155 918 290 946 laborant.
316 919 344 946 Si
363 924 454 946 autem
471 925 498 947 et
520 919 698 954 suscipientes
722 919 867 946 servabunt
894 918 940 953 qui
956 917 978 946 Β
993 919 1121 952 studium,
1131 918 1226 946 saltem
1237 922 1345 951 propter
1360 916 1483 943 ruborem
1493 919 1520 943 et
1529 913 1780 949 opprobrium,etc.

155 971 207 990 non
231 964 406 997 sudaverunt,
431 965 497 992 nihil
524 971 612 992 autem
636 965 730 992 horum
755 964 937 999 requirentes;

156 1036 1776 1051 ___—______________________________.______.

637 1123 918 1181 EUSEBII
960 1123 1042 1180 PA
1055 1123 1303 1179 MPHlLl

524 1245 596 1289 DE
634 1244 712 1290 ΕΟ
749 1243 915 1297 QUOD
954 1245 1056 1288 AIT
1094 1243 1413 1290 DOMINUS:

646 1320 717 1351 Non
737 1319 807 1349 mni
826 1328 934 1358 pacem
955 1319 1079 1349 mittere
1101 1319 1135 1348 in
1157 1325 1282 1351 terram.

811 1382 924 1412 LIBER
947 1382 1111 1412 SEXTUS.

187 1533 218 1560 Et
233 1540 346 1568 sponsos
358 1534 403 1567 qui
420 1541 489 1560 nunc
509 1533 554 1560 ﬁlii
569 1534 714 1568 habentur,
727 1539 870 1568 parentum
890 1535 938 1561 de-
954 1539 976 1569 ς
994 1533 1106 1569 figurant
1131 1534 1229 1560 debent
1258 1533 1418 1560 assumere?
1441 1533 1562 1560 Sustinet
1585 1540 1650 1559 sane
1666 1539 1780 1567 sponsus

150 1578 278 1607 siderium
302 1579 392 1610 trahit,
422 1583 449 1606 et
474 1583 620 1614 properant
639 1579 671 1605 ad
687 1581 822 1614 genimres
836 1587 940 1606 annun-

151 1626 218 1652 tiarc
229 1632 332 1659 sponsa:
349 1625 515 1652 honestatem
529 1629 556 1651 et
569 1625 712 1660 colloquia.
736 1626 835 1659 quique
849 1630 876 1652 et
890 1634 938 1660 pa-

151 1671 273 1699 rentibus
287 1670 444 1697 manifestus
456 1675 497 1696 est
509 1677 566 1696 mos
583 1670 656 1703 ejus,
670 1676 696 1696 et
712 1671 828 1702 habitus.
839 1677 866 1698 et
879 1671 940 1698 affe-

151 1721 218 1743 ctus.
236 1716 376 1743 Festinant
401 1720 490 1742 autem
516 1715 611 1741 iterum
631 1720 657 1741 et
675 1715 707 1741 ad
733 1723 869 1749 sponsam,
885 1723 939 1743 me-

151 1771 240 1790 mores
266 1761 336 1788 illius
356 1763 390 1788 ab
411 1762 487 1788 initio
504 1762 634 1792 mandati,
657 1763 702 1796 qui
720 1762 757 1788 ait
774 1770 780 1787 :
802 1761 938 1797 Relinquat

149 1810 226 1835 homo
247 1813 347 1840 putrem
364 1812 388 1834 et
411 1813 530 1840 matrem,
551 1813 575 1834 et
593 1808 766 1842 ronjungetur
783 1809 899 1840 mulieri,
915 1813 938 1836 et

150 1860 224 1881 erunt
238 1854 314 1880 antlm
332 1854 358 1880 in
374 1862 452 1880 carne
469 1863 521 1881 una
541 1856 575 1882 °°.
588 1855 725 1882 Laetamur
742 1860 872 1882 autemet
891 1862 939 1889 pa-

151 1903 242 1926 rentes
267 1898 388 1925 videntes
419 1898 488 1927 ﬁlios
507 1903 608 1933 patres.
637 1899 670 1926 Et
690 1901 790 1927 scimus
810 1907 938 1932 sponsum

150 1950 243 1970 verum
263 1944 387 1971 Ecclesiae
396 1944 549 1972 Dominum.
567 1945 619 1972 Sed
635 1946 697 1979 quia
713 1946 801 1973 lumen
819 1946 881 1973 illud
895 1954 940 1974 vc-

152 1997 210 2016 rmn
230 1989 371 2017 luminaria
388 1990 464 2022 facit,
488 1996 515 2018 et
541 1993 668 2026 magister
682 1991 739 2026 ipse
753 1992 825 2019 solus
843 1993 868 2020 in
886 1994 938 2020 Ec-

149 2035 231 2062 clesia
249 2036 336 2069 posuit
351 2041 378 2063 et
395 2037 547 2071 magistros.
565 2042 590 2064 et
604 2043 697 2072 pastor
717 2038 773 2073 ipse
790 2039 876 2066 bonus
888 2048 938 2074 pa-

149 2085 237 2108 stores
250 2081 401 2114 constituit,
416 2089 530 2117 sponsus
554 2083 661 2116 quidem
681 2083 737 2117 ipse
753 2091 831 2110 verus
840 2088 891 2116 est.
910 2088 938 2110 ut

149 2131 191 2154 est
207 2135 330 2161 sponsus.
343 2127 409 2161 Quia
426 2133 513 2155 autem
532 2128 696 2164 mysterialis
715 2134 766 2161 est,
792 2130 937 2165 mysteria-

149 2172 212 2200 litas
228 2172 276 2199 ista
291 2181 342 2200 non
367 2173 516 2200 maculatur
536 2182 644 2208 sponsa,
660 2174 681 2201 si
695 2179 721 2201 et
741 2182 834 2202 servos
849 2176 875 2202 in
889 2175 938 2202 ho-

149 2227 215 2248 nare
231 2221 361 2256 suscipiat
374 2221 475 2255 sponsi.
497 2221 603 2248 Dicebat
627 2221 697 2248 enim
713 2228 828 2255 sponsus
846 2220 936 2248 Domi—
954 2211 977 2239 ί)

149 2274 211 2299 nus,
234 2271 262 2293 ut
280 2267 413 2295 audistis:
436 2268 487 2300 Qui
509 2276 550 2295 τοι
572 2268 690 2300 suaripit,
715 2276 755 2294 me
781 2268 889 2303 suscipit
904 2268 937 2295 ".

149 2313 268 2348 Apparet
283 2319 372 2340 autem
400 2319 528 2348 quantum
554 2314 716 2348 sponsalitas
732 2314 788 2348 ipsa
808 2314 938 2346 emineat,

149 2359 183 2386 ab
197 2367 227 2385 ea
244 2367 303 2394 qum
317 2359 343 2386 in
358 2360 456 2387 mundo
474 2365 515 2388 est
526 2360 692 2395 periculosa;
710 2369 761 2388 non
775 2361 845 2388 enim
859 2361 938 2388 istinc

151 2404 247 2432 mulier
275 2405 383 2438 adjuvat
398 2406 497 2438 virum,
512 2408 558 2434 sed
579 2414 693 2441 sponsus
711 2414 837 2441 sponsam
857 2416 863 2434 :
886 2415 938 2434 non

150 2459 245 2485 sponsa
262 2452 346 2479 servit
358 2451 426 2484 viro,
442 2453 488 2479 sed
505 2460 621 2487 sponsus
643 2453 724 2480 servit
738 2458 764 2480 et
780 2453 862 2480 dicit:
881 2453 936 2489 Ego

150 2497 264 2524 libenter
279 2504 326 2530 pro
343 2497 440 2524 animis
450 2498 546 2525 vestris
556 2498 697 2532 erogabor.
708 2503 734 2525 et
749 2499 936 2533 memetipsum

153 2543 266 2570 tradam.
282 2543 315 2570 Et
330 2543 426 2570 horum
439 2543 501 2577 quis
515 2549 556 2571 est
576 2544 689 2578 dignus?
705 2545 732 2570 Si
747 2545 818 2571 enim
833 2545 877 2572 ille
890 2546 935 2580 qui

151 2596 214 2617 vere
240 2595 281 2617 est
306 2597 422 2624 sponsus
440 2589 568 2617 Dominus
595 2595 622 2617 et
648 2590 718 2617 Deus
742 2590 787 2617 Dei
805 2598 857 2617 non
883 2592 938 2618 nati

151 2636 305 2671 unigenitus
314 2635 408 2667 Filius,
423 2636 466 2669 qui
484 2636 510 2662 in
529 2635 612 2670 ﬁgura
631 2636 677 2662 Dei
687 2637 861 2668 constitutus,
875 2645 937 2672 pro-

149 2687 210 2716 pter
222 2683 383 2709 charitatem
401 2689 514 2716 sponsae,
540 2682 652 2709 formam
674 2683 744 2709 servi
758 2683 861 2717 accepit
880 2692 886 2709 :
915 2683 938 2710 si

149 2728 279 2755 Dominus
305 2729 331 2755 in
354 2729 436 2764 tigrira
448 2729 519 2756 servi
539 2734 648 2763 propter
665 2729 837 2756 dilectionem
853 2737 937 2764 spon-

149 2780 205 2804 saz;
237 2773 282 2806 qui
310 2779 404 2800 natura
449 2773 519 2800 servi
550 2778 630 2806 sunt,
662 2773 725 2808 quid
756 2779 832 2808 putas
857 2782 936 2808 quam

184 2821 207 2836 '°
224 2820 292 2848 Gcn.
313 2829 342 2854 ιι,
356 2821 400 2848 26.
438 2821 459 2837 ⁹¹
476 2821 569 2848 Matth.
587 2829 612 2853 Χ,
633 2821 677 2848 ιο.

186 2881 241 2915 (8t)
253 2881 402 2915 Suscipitit.
414 2880 504 2911 Forte,
515 2881 656 2915 suscipiem-

991 1582 1092 1614 quanta
1108 1580 1141 1606 ad
1153 1579 1349 1607 correctionem
1365 1583 1429 1605 sunt
1446 1578 1598 1611 necessaria
1613 1584 1641 1606 et
1653 1585 1778 1606 ornatum

990 1632 1105 1659 sponsm,
1134 1625 1235 1660 patitur
1255 1629 1282 1651 et
1305 1624 1411 1651 labores
1435 1629 1462 1651 et
1477 1625 1582 1658 vigilias
1603 1629 1631 1651 et
1649 1624 1779 1651 adiuven-

991 1671 1078 1698 liones
1091 1679 1098 1698 :
1111 1670 1286 1705 vigilateuim
1303 1675 1331 1697 ut
1352 1670 1489 1697 reficiatur
1505 1677 1614 1704 sponsa,
1634 1674 1661 1696 et
1676 1669 1781 1697 laborat

990 1722 1018 1743 ut
1038 1718 1196 1749 adornatur,
1209 1721 1236 1743 et
1250 1716 1352 1742 invenit
1372 1721 1399 1741 ut
1411 1720 1548 1750 pascatur.
1565 1714 1650 1744 Natus
1663 1715 1735 1741 enim
1747 1714 1780 1740 il-

989 1763 1041 1791 lius
1071 1763 1184 1791 cilicitur
1207 1771 1310 1798 sponsae
1331 1768 1451 1790 ornatus.
1469 1761 1537 1795 Quid
1562 1767 1651 1788 autem
1667 1761 1726 1788 dico
1747 1761 1781 1788 de

990 1809 1058 1837 Filio
1079 1810 1124 1844 qui
1139 1810 1172 1836 de
1188 1810 1257 1837 cmlo
1272 1808 1422 1841 descendit,
1437 1813 1465 1834 ut
1481 1808 1614 1842 captivam
1630 1807 1680 1833 sibi
1706 1806 1779 1834 acci-

991 1861 1066 1891 peret
1075 1863 1213 1890 sponsam,
1228 1854 1298 1881 illam
1310 1862 1369 1889 qua:
1382 1859 1444 1881 ante
1453 1858 1510 1880 erat
1524 1853 1642 1884 sordida,
1655 1860 1713 1887 qu:e
1722 1852 1780 1879 fue-

990 1906 1030 1929 rat
1046 1901 1187 1932 foruicata,
1201 1907 1259 1934 quae
1277 1907 1370 1927 comas
1396 1899 1511 1926 habebat
1526 1900 1655 1934 impuros,
1678 1906 1737 1933 quae
1753 1903 1780 1926 et

990 1947 1024 1974 ab
1041 1947 1112 1974 intus
1128 1952 1155 1974 et
1171 1954 1186 1973 a
1205 1947 1270 1974 foris
1293 1953 1346 1974 non
1365 1949 1423 1981 erat
1442 1946 1522 1978 bona,
1543 1946 1568 1973 in
1586 1953 1665 1980 quam
1688 1944 1779 1971 illuse-

991 1999 1053 2021 runt
1081 1993 1226 2026 dmmones,
1250 2000 1310 2028 qua:
1324 1992 1475 2020 fmdabatur
1492 1992 1517 2019 in
1541 1991 1688 2022 montibus,
1720 1998 1779 2025 qua

990 2040 1060 2067 nuda
1074 2041 1209 2073 currebat,
1224 2048 1284 2074 qua:
1298 2039 1427 2066 lectiones
1442 2039 1634 2066 dannoniorum
1651 2036 1779 2070 habebat,

990 2093 1049 2120 quie
1062 2086 1148 2119 turpia
1159 2085 1296 2119 cantabat,
1318 2085 1406 2120 turpia
1416 2084 1533 2116 ludebat,
1545 2084 1632 2118 turpia
1654 2084 1782 2119 loqueba-

991 2135 1034 2157 tur
1050 2138 1057 2156 :
1073 2138 1133 2165 qua:
1145 2138 1179 2158 ne
1196 2129 1304 2166 quidem
1324 2129 1351 2157 in
1371 2130 1467 2157 itinere
1479 2129 1631 2157 hominibus
1647 2130 1780 2158 concede-

988 2175 1045 2208 bat,
1065 2184 1124 2210 qute
1141 2176 1265 2210 portabat
1279 2177 1389 2212 lapides,
1403 2181 1429 2204 et
1445 2175 1629 2204 fornicabatur
1646 2177 1678 2202 ad
1697 2175 1779 2211 ligna,

990 2230 1050 2256 qua:
1074 2222 1202 2258 fumigata
1223 2228 1292 2254 erat,
1315 2231 1374 2258 qua:
1403 2223 1541 2250 redolebat
1560 2223 1653 2249 nidore
1674 2221 1779 2254 ftetido,

991 2276 1049 2302 qua:
1061 2269 1124 2303 quid
1144 2277 1196 2296 non
1213 2269 1275 2296 mali
1296 2269 1431 2297 habebat?
1445 2269 1493 2297 Cui
1508 2269 1580 2296 enim
1597 2273 1624 2295 et
1637 2267 1690 2294 alio
1701 2267 1781 2295 dece-

989 2315 1037 2342 bat
1058 2314 1137 2342 talem
1155 2315 1206 2342 sibi
1221 2316 1320 2350 eligere
1342 2323 1479 2350 sponsam,
1502 2323 1581 2349 quam
1599 2314 1636 2341 illi
1651 2314 1696 2348 qui
1720 2318 1781 2341 erat

990 2360 1146 2388 misericors
1163 2361 1298 2396 sponsus?
1317 2361 1383 2388 nihil
1400 2361 1472 2388 enim
1488 2360 1604 2387 habebat
1618 2359 1781 2386 hortamenti

990 2407 1024 2434 ad
1043 2406 1215 2434 dilectionem
1233 2415 1292 2441 qum
1309 2411 1446 2440 assumpta
1465 2411 1516 2434 est.
1544 2405 1611 2439 Quia
1631 2413 1696 2439 ergo
1715 2404 1780 2431 nihil

990 2458 1049 2478 erat
1067 2453 1100 2479 ab
1116 2453 1165 2479 ista
1184 2452 1427 2484 :ulhortmnentum,
1453 2452 1513 2478 ideo
1537 2451 1606 2478 facta
1627 2455 1668 2478 est
1693 2450 1778 2484 gratia

990 2497 1048 2531 ejus
1063 2499 1107 2534 qui
1124 2500 1230 2532 accepit
1248 2498 1327 2525 talem
1343 2507 1349 2525 :
1366 2505 1414 2532 pro
1434 2498 1496 2525 odio
1510 2497 1580 2524 enim
1599 2505 1651 2531 quo
1663 2501 1722 2523 erat
1741 2495 1778 2522 di-

990 2552 1052 2579 gna,
1072 2544 1164 2571 dilexit
1178 2552 1253 2575 eam;
1271 2552 1317 2578 pro
1339 2551 1418 2577 pwna
1437 2543 1587 2575 honoravit,
1608 2550 1657 2577 pro
1672 2541 1778 2569 mortali

991 2595 1112 2618 mortuus
1124 2595 1175 2621 est,
1193 2597 1241 2624 pro
1257 2589 1434 2616 condemnata
1454 2588 1649 2616 condemnatus
1662 2590 1712 2619 est,
1731 2593 1780 2621 pro

990 2636 1117 2671 injuriosa
1128 2637 1186 2671 ipse
1202 2644 1297 2671 passus
1315 2636 1440 2669 injuriam
1453 2640 1480 2663 et
1498 2635 1634 2669 accipiens
1649 2633 1780 2667 sputami-

991 2690 1024 2709 na
1040 2683 1065 2709 in
1083 2687 1202 2710 sanctam
1217 2683 1324 2715 iaciem,
1349 2688 1377 2710 ct
1392 2687 1455 2709 ante
1471 2682 1622 2716 sputamina
1636 2688 1694 2708 eam
1715 2686 1778 2707 sus-

989 2728 1154 2763 cipitis(8!).
1166 2728 1220 2756 Ista
1234 2729 1304 2755 enim
1318 2736 1427 2762 sponsa,
1445 2728 1540 2755 ancilla
1555 2735 1588 2754 cx
1599 2726 1686 2754 servis
1707 2730 1778 2755 erat,

989 2782 1003 2800 ει
1017 2781 1091 2810 patro
1112 2784 1166 2803 non
1190 2776 1269 2808 bono,
1288 2780 1315 2802 et
1332 2780 1418 2802 matre
1433 2782 1493 2810 qua
1514 2769 1662 2807 erraverat,
1684 2778 1779 2801 contu-
