2024 3208
294 118 361 149 4171

629 120 763 149 EUSEBII
783 122 1025 152 CESARIENSIS
1045 123 1119 152 OPP.
1141 122 1230 152 PARS
1251 124 1293 151 lV'.
1313 139 1348 146 --
1367 122 1575 151 DOGMATICA.

1830 117 1890 150 'tm

293 186 354 205 max
374 188 388 204 a
414 179 630 212 contumacibus,
659 181 685 207 in
713 180 796 208 multo
822 185 941 216 tempore
966 181 1076 216 capillos
1091 184 1114 212 Î‘
1129 183 1154 210 in
1187 187 1257 209 terra
1273 190 1287 208 a
1302 181 1470 208 mortalibus.
1484 179 1553 213 Quia
1565 185 1628 213 ergo
1641 185 1694 205 non
1706 182 1744 205 est
1754 178 1838 206 idonea
1851 190 1890 208 no-

295 224 398 250 habens
409 223 529 258 captivos
555 229 581 251 et
603 231 716 258 ungues,
731 230 758 251 et
776 226 801 251 in
820 226 944 253 omnibus
960 226 1077 254 sordida.

294 268 327 295 Et
340 268 411 302 quod
428 273 471 295 est
492 269 618 296 maxima:
633 270 828 301 admirationis,
843 271 885 298 ille
896 277 955 298 erat
972 277 1080 299 sanctus

293 314 320 341 in
337 313 439 341 sanctis
448 314 583 345 habitans,
596 315 692 342 sedens
705 315 737 342 ad
748 316 883 343 dexteram
895 316 991 349 Patris,
1004 324 1081 343 mun-

293 361 344 386 dus
363 367 377 386 a
390 360 488 387 mundo
507 360 664 394 procedens,
682 361 769 388 lumen
789 370 894 394 verum,
909 362 1079 397 soljustitiaz;

294 405 338 432 ille
354 406 399 439 qui
414 406 448 432 ab
462 405 565 439 angelis
580 406 751 439 adorabatur,
766 415 861 441 passus
876 413 916 435 est
932 413 961 434 ut
975 409 1008 435 ab
1029 408 1080 435 ho-

295 451 412 478 minibus
440 451 605 478 illuderetur.
632 452 665 478 Et
680 459 730 486 ego
757 453 862 486 quidem
883 443 966 480 miror
991 461 1040 480 nos
1055 458 1082 481 et

294 505 433 531 sponsam,
451 497 513 531 quia
528 505 580 524 non
595 498 749 532 stupuimus
763 499 834 526 illius
847 499 892 534 qui
907 500 1082 534 advenitgra-

296 543 370 574 tiam,
387 547 413 570 et
427 542 498 569 illius
514 542 559 578 qui
574 543 647 570 misit
662 544 772 577 donum,
793 549 819 571 et
834 552 886 572 non
904 546 1006 577 statim,
1028 553 1081 572 non

295 587 398 614 insania
418 588 544 622 quadam,
564 589 610 616 sed
628 589 752 623 religiosa
776 596 863 616 mente
877 595 904 617 et
920 591 1023 618 Iervido
1035 592 1081 618 de-

294 634 393 660 siderio
405 634 523 668 spoliati,
533 641 631 670 corpus
645 640 671 662 et
684 635 813 667 animam,
832 641 861 662 ut
875 636 911 662 ita
930 635 1028 669 dicam,
1041 644 1083 664 re-

295 679 438 706 tribuimus
464 680 518 707 Deo
542 689 591 716 pro
612 682 737 710 omnibus
759 690 819 717 qum
845 683 923 710 nobis
947 684 1081 711 retribuit.

294 724 363 756 Quid
378 729 468 752 autem
483 730 510 752 et
533 726 556 753 ei
577 734 721 761 possumus
742 728 911 755 retribuere?
938 728 1083 756 Moriemur

295 778 343 803 pro
365 771 431 806 ipso,
449 773 494 799 sed
510 773 568 807 ipse
581 774 682 807 primus
696 781 745 808 pro
757 775 833 802 nobis
851 780 974 802 mortuus
986 779 1035 802 est.
1051 774 1083 801 Et

295 824 345 844 nos
369 817 477 851 quidem
505 819 527 845 si
544 819 701 852 moriamur,
732 820 894 847 naturaliter
920 820 1082 854 suscipimus

295 868 424 896 mortem;
439 863 482 890 ille
501 869 590 892 autem
605 869 698 892 contra
717 871 840 893 naturam
862 866 968 900 patiens
984 865 1033 892 fuit
1047 866 1080 892 ad

296 913 421 936 mortem.
440 909 472 936 Et
492 917 541 937 nos
559 910 666 944 quidem
680 910 702 937 si
722 910 854 938 fuerimus
869 910 980 942 mortui,
993 910 1081 937 lucra-

295 954 385 981 himur
401 955 579 990 nosmetipsos
599 965 605 982 :
625 956 668 983 ille
682 961 771 984 autem
792 961 913 984 mortuus
926 960 968 984 est
980 964 1031 984 non
1048 957 1081 984 ad

295 999 438 1027 utilitatem
454 1000 602 1034 propriam,
617 1001 663 1028 sed
679 1006 708 1028 ut
726 1008 775 1028 nos
798 1001 960 1028 lucraretur.
976 1001 1009 1028 Et
1034 1009 1082 1028 nos

295 1046 426 1073 moritnur
439 1049 472 1073 ad
487 1054 562 1081 spem
580 1046 642 1073 vitae
659 1055 666 1074 :
685 1047 729 1074 ille
747 1052 835 1074 autem
850 1047 905 1074 vita
925 1052 965 1074 est
978 1047 1081 1074 vivens.

296 1091 328 1118 Et
341 1099 390 1119 nos
400 1092 425 1119 in
439 1093 568 1128 martyrio
578 1093 708 1127 patimur,
725 1097 755 1120 ut
767 1100 817 1120 non
832 1101 892 1120 cum
906 1093 1007 1120 mundo
1017 1100 1083 1120 con-

295 1138 464 1172 demnemur,
480 1138 613 1173 fugientes
631 1146 679 1174 per
699 1143 812 1166 mortem
831 1140 993 1174 gehennam,
1009 1144 1035 1167 et
1056 1139 1083 1166 in

295 1183 451 1211 haereditate
467 1184 630 1219 accipientes
646 1192 727 1220 regna
739 1185 880 1212 calorum.
898 1184 952 1212 Nos
966 1185 999 1212 ad
1014 1192 1083 1212 mer-

295 1229 404 1261 cedem;
421 1229 464 1256 ille
481 1234 590 1264 propter
605 1229 776 1257 charitatem.
795 1230 823 1257 Si
838 1232 900 1265 quis
915 1236 1004 1258 autem
1020 1239 1084 1258 con-

295 1275 355 1302 silio
370 1274 483 1301 asscntit
499 1282 569 1308 meo,
593 1275 628 1302 sit
645 1276 751 1309 quidem
767 1283 869 1303 merces
894 1277 928 1304 ab
946 1277 1014 1311 ipso,
1031 1285 1084 1304 non

295 1321 331 1348 sit
355 1326 443 1348 autem
475 1320 552 1348 nobis
579 1329 674 1348 cursus
698 1322 731 1348 ad
748 1323 922 1349 mercedem:
943 1330 995 1350 non
1012 1324 1083 1350 enim

296 1367 358 1400 quia
368 1367 499 1400 promittit
515 1367 575 1394 idco
592 1367 671 1394 debet
685 1372 712 1394 et
722 1367 807 1402 diligi,
824 1368 870 1394 sed
887 1369 948 1403 quia
963 1369 1023 1395 talis
1035 1369 1083 1395 ha-

298 1411 387 1443 betur,
399 1416 426 1438 et
444 1411 505 1438 talis
515 1416 556 1438 est
570 1411 655 1438 Filius
671 1419 739 1439 :non
751 1413 849 1447 quippe
864 1413 993 1448 diligatur
1007 1415 1041 1441 ob
1052 1421 1083 1441 ea

296 1464 356 1490 quae
370 1457 462 1488 donat,
479 1457 525 1484 sed
541 1462 649 1492 propter
675 1463 801 1485 naturam
814 1459 855 1485 sui
877 1463 903 1485 et
920 1463 982 1486 ante
998 1459 1084 1487 dona-

297 1504 394 1530 tiones.
414 1502 551 1536 Siquidem
570 1508 596 1530 et
613 1504 664 1531 hoc
678 1504 767 1530 lumen
790 1505 930 1536 sensibile,
945 1512 998 1532 non
1023 1505 1084 1540 quia

296 1548 382 1582 pascit
396 1548 488 1575 oculos
503 1554 619 1582 amatur,
634 1549 679 1577 sed
695 1549 758 1584 quia
765 1549 945 1577 clarissimum
961 1551 1083 1578 habetur.

296 1593 495 1630 Nonnunquam
512 1594 585 1621 enim
597 1599 624 1621 et
641 1594 730 1621 fontes
746 1594 870 1622 videntes
889 1596 1046 1630 perspicuos
1059 1601 1086 1624 et

297 1648 389 1673 puros,
415 1646 443 1668 et
471 1641 493 1668 si
515 1648 567 1668 non
594 1641 712 1668 admittit
734 1645 841 1675 tempus
861 1642 980 1674 bibendi,
997 1647 1085 1670 tamen

299 1687 429 1713 miramur
442 1686 681 1721 pulchritudinem,
691 1687 772 1714 etiam
784 1695 837 1714 non
854 1688 1015 1715 adveniente
1024 1695 1084 1715 usu.

299 1732 331 1759 Et
357 1734 391 1759 ad
419 1733 518 1760 ctelum
547 1733 723 1768 respicientes
741 1733 918 1766 delectamur,
948 1742 999 1761 non
1019 1736 1083 1769 quia

299 1777 501 1805 manducamus.
518 1777 545 1804 Si
559 1777 642 1812 igitur
656 1785 738 1813 opera
755 1778 814 1813 ejus
827 1779 863 1806 ita
883 1784 946 1806 sunt
964 1780 1043 1812 bona,
1059 1785 1086 1807 et

299 1827 363 1850 ante
374 1827 481 1858 gustum
497 1828 525 1851 et
539 1830 629 1850 escam
655 1824 791 1852 delectant
813 1833 875 1852 cum
902 1825 1036 1858 videntur,
1059 1831 1087 1853 et

299 1868 455 1896 coaï¬‚ectari
467 1869 586 1900 faciunt;
605 1870 661 1903 ipse
672 1870 717 1904 qui
733 1877 795 1897 vere
806 1878 888 1905 supra
900 1879 1007 1898 omnem
1025 1871 1085 1906 pul-

300 1915 479 1942 chritudinem
510 1915 636 1946 habetur,
662 1921 689 1942 et
703 1923 766 1943 vere
792 1921 834 1943 est
860 1918 958 1956 bonus,
977 1926 1028 1945 non
1053 1925 1084 1945 ex

300 1962 424 1989 mercede
434 1963 531 1989 habeat
545 1962 724 1993 dilectionem,
739 1964 785 1991 sed
795 1972 827 1990 ex
844 1969 939 1990 natura
956 1972 1085 1993 amorem.

301 2005 356 2040 Ego
373 2014 439 2036 sane
459 2014 651 2042 nonnunquam
668 2008 694 2035 in
712 2009 830 2044 cogitatu
850 2009 901 2037 isto
912 2010 1024 2041 adveni;
1041 2017 1087 2036 ve-

302 2052 356 2079 nite
383 2057 410 2079 et
424 2060 471 2079 vos
499 2054 532 2079 ad
553 2053 733 2087 suspicionem
751 2054 847 2081 bonam
867 2063 873 2082 :
893 2063 962 2089 smpc
975 2055 1046 2082 enim
1071 2063 1086 2082 a

300 2098 402 2125 sanctis
416 2098 567 2134 Evangeliis
592 2103 619 2126 et
637 2107 700 2127 vere
724 2101 822 2128 divinis
842 2101 875 2129 de
891 2102 1003 2129 Domino
1023 2102 1085 2129 Jesu

301 2144 421 2173 audiens.
439 2144 558 2171 auditum
569 2145 602 2171 ad
620 2144 705 2172 visum
719 2146 839 2173 converti
856 2156 863 2174 :
877 2147 1000 2174 videbam
1014 2148 1085 2175 enim

301 2189 504 2216 admirationem
530 2197 625 2217 novant
652 2190 708 2223 Dei,
734 2191 830 2218 Filium
856 2192 940 2219 Deutn
966 2194 991 2220 in
1015 2198 1085 2220 terra

300 2243 396 2270 corpus
412 2235 555 2263 habentem
574 2245 581 2262 :
598 2240 624 2263 et
643 2241 741 2270 putans
754 2238 847 2265 adesse
858 2239 1040 2273 spectaculum
1049 2246 1082 2266 ex

280 2317 282 2319 á¼±
300 2281 446 2316 Scripturis
461 2289 528 2316 pene
548 2286 575 2308 et
589 2286 713 2316 porrecta
738 2290 818 2309 manu
837 2284 1002 2318 apprehendi
1021 2284 1082 2311 lim-

299 2327 385 2354 briam
402 2327 552 2355 vestimenti
565 2328 631 2362 cjus,
653 2336 686 2355 ne
699 2328 768 2356 lorte
785 2334 838 2356 eta
852 2331 970 2364 peccatis
987 2330 1084 2358 libera-

299 2381 354 2400 rer.
380 2373 438 2400 Non
462 2373 544 2408 igitur
565 2373 719 2402 fraudemus
748 2375 927 2410 nosmetipsos
945 2383 960 2403 a
980 2377 1085 2405 visione

299 2420 346 2447 Dei
362 2420 504 2455 unigenili,
519 2421 563 2454 qui
580 2428 627 2455 pro
643 2421 720 2448 nobis
734 2421 767 2447 ad
782 2429 832 2449 nos
847 2422 920 2449 venit
935 2430 942 2449 :
957 2430 1018 2450 nam
1033 2423 1085 2451 etsi

299 2467 326 2492 in
340 2473 453 2500 corpore
467 2466 585 2497 advenit,
601 2470 690 2494 tanien
706 2475 758 2494 non
774 2467 853 2494 latuit
866 2468 935 2496 Deus
947 2470 1017 2496 nube
1031 2469 1087 2497 cir-

298 2512 488 2539 cumamictus.
503 2511 531 2538 Si
543 2511 614 2538 enim
629 2517 656 2538 et
674 2513 744 2547 apud
766 2521 814 2541 nos
827 2513 925 2540 anima:
941 2519 1027 2542 status
1039 2516 1086 2542 da-

299 2563 343 2585 tur
353 2559 386 2586 ad
399 2559 485 2585 visum
499 2566 547 2593 per
568 2559 671 2592 oculos,
688 2566 736 2594 per
753 2559 862 2592 faciem,
881 2567 929 2595 per
946 2561 1084 2591 maxillas:

297 2602 404 2635 qualem
421 2607 499 2636 putas
513 2610 573 2630 esse
592 2603 665 2630 illam
682 2603 788 2636 faciem,
804 2604 909 2640 qualem
931 2605 1003 2632 illaut
1017 2606 1085 2633 divi-

297 2653 360 2673 nam
381 2649 613 2682 constitutionem,
636 2649 710 2676 illum
726 2650 900 2685 tranquillum
918 2652 1037 2685 oculum,
1053 2652 1084 2679 Î¹Î¹-

298 2691 352 2719 lam
377 2694 517 2722 honestam
538 2696 657 2729 linguam
674 2702 702 2724 et
717 2699 837 2725 motum?
850 2698 938 2726 Unum
957 2703 998 2725 est
1012 2699 1083 2732 quod

298 2739 406 2767 confert
420 2741 477 2775 ejus
494 2742 634 2776 adventus,
661 2749 690 2771 ut
713 2744 876 2779 suscipiatur
892 2746 952 2773 talis
970 2745 1078 2772 habitus

336 2831 358 2846 "
373 2829 450 2859 Joau.
470 2840 528 2868 xm,
548 2834 589 2861 15.
628 2835 649 2852 Â³Â³
668 2835 762 2863 Matth.
782 2844 877 2869 sunt,
893 2836 938 2864 â€˜20.

984 2836 1006 2852 â€™Â³
1020 2835 1114 2866 Matth.
1127 2845 1185 2871 vin,
1201 2836 1245 2864 22.

1133 234 1189 256 stra
1217 234 1310 255 natura
1336 227 1425 255 verbis
1445 227 1545 254 assumi
1569 226 1602 252 ad
1624 229 1725 252 tanlum
1744 224 1787 252 Dei
1809 225 1889 254 Filium

1132 275 1227 308 Deum,
1242 275 1286 309 qui
1302 279 1331 301 ut
1344 281 1395 301 non
1408 273 1493 300 solum
1504 272 1594 299 verbis
1605 270 1739 302 edoceret,
1754 270 1797 297 sed
1807 275 1829 298 et
1840 279 1892 306 ope-

1131 321 1206 347 ribus
1224 320 1393 352 informaret,
1408 320 1480 346 venit
1496 318 1622 348 visibilis,
1641 321 1706 343 utet
1717 317 1776 343 dum
1791 318 1890 349 videtur,

1131 366 1286 393 ostenderet
1300 364 1510 392 invisibilem.Et
1522 363 1587 390 mihi
1600 362 1712 397 quidem
1723 363 1777 397 ipse
1785 367 1817 390 ÎµÎ¹Î½.
1826 364 1889 391 testis

1133 412 1275 440 sermonis.
1297 412 1363 438 Cum
1378 412 1450 438 enim
1468 411 1568 437 lavaret
1585 409 1713 436 Dominus
1729 409 1805 443 pedes
1818 416 1893 436 servo-

1133 466 1203 491 rum,
1220 458 1348 493 magister
1360 457 1562 492 discipulorum,
1580 460 1607 483 et
1622 460 1766 483 excusante
1780 455 1851 482 Petro
1859 455 1892 482 di-

1132 505 1211 532 cebat.
1233 504 1352 531 formans
1366 511 1413 531 eos
1428 507 1454 530 et
1472 504 1564 530 dicens
1581 513 1587 528 :
1605 501 1669 529 Î—Ï‰Îµ
1690 510 1733 536 ego
1756 501 1808 528 ideo
1827 501 1892 535 facio,

1132 553 1162 575 ut
1177 555 1199 576 et
1216 557 1258 576 vos
1270 549 1430 576 edoceamini
1447 549 1554 575 inuicem
1573 547 1663 574 cadent
1686 547 1770 581 facere
1781 546 1812 573 â¹Â¹.
1831 546 1894 573 Sicut

1134 595 1215 629 igitur
1231 595 1256 621 in
1272 593 1316 621 illo
1337 598 1397 620 actu
1422 593 1524 620 dictum
1548 598 1591 620 est
1610 592 1682 627 quod
1699 592 1842 619 mandatum
1851 598 1893 622 est,

1133 641 1195 675 quia
1212 641 1272 668 ideo
1288 640 1354 668 facit
1373 645 1401 666 ut
1411 639 1568 667 ostenderet
1585 644 1685 671 totum;
1709 639 1744 664 ita
1763 638 1820 664 audi
1845 637 1894 672 quia

1133 687 1331 714 venitformare
1346 687 1379 713 ad
1393 686 1521 713 deitatem
1540 685 1673 712 homines.
1687 683 1845 711 Miserabiles
1855 691 1894 709 au-

1133 737 1186 758 tem
1203 731 1320 765 suntqui
1338 738 1390 757 non
1406 729 1650 765 inspiciunt;beati
1665 736 1729 756 vero
1741 729 1806 755 oculi
1817 735 1894 755 eorum

1135 777 1180 810 qui
1193 777 1297 804 vident.
1318 777 1429 804 Videtur
1441 777 1514 805 enim
1526 782 1552 804 et
1570 784 1642 804 nunc
1659 776 1784 803 Dominus
1801 776 1836 804 :si
1848 775 1895 810 quis

1133 825 1204 851 enim
1218 824 1298 851 habet
1311 824 1404 851 oculos
1419 824 1492 851 videt
1505 834 1511 851 :
1528 831 1664 858 nunquam
1688 823 1758 849 enim
1772 821 1813 848 ille
1826 821 1896 848 disce-

1098 861 1119 890 Î’
1134 871 1181 903 dit,
1195 871 1264 898 sicut
1275 870 1331 905 ipse
1346 870 1409 898 dicit
1425 879 1431 896 :
1449 869 1516 897 Ecce
1538 878 1583 904 ego
1598 869 1730 896 vobiscum
1748 875 1810 900 sunt,
1830 874 1895 901 usque

1134 917 1168 942 ad
1182 916 1428 942 consummationem
1442 915 1532 942 amuli
1543 915 1576 941 ".
1590 914 1671 941 Adest
1689 913 1812 940 Dominus
1828 912 1847 939 si
1859 911 1896 938 ha-

1135 964 1180 990 bes
1194 963 1295 994 oculos,
1309 967 1335 989 et
1349 967 1493 996 antequam
1512 960 1606 987 audias
1622 959 1706 986 vides.
1721 958 1748 985 Si
1763 962 1895 984 autemnon

1134 1009 1207 1035 vides
1221 1015 1236 1034 a
1256 1008 1409 1041 temetipso,
1435 1014 1544 1034 movere
1554 1013 1614 1032 cum
1630 1012 1662 1032 eo
1685 1004 1731 1039 qui
1749 1002 1862 1033 ostendit,
1875 1005 1896 1028 et

1134 1053 1246 1080 videbis.
1264 1051 1291 1079 Si
1308 1057 1397 1079 autem
1412 1056 1440 1079 et
1455 1059 1515 1078 cum
1531 1056 1669 1077 ostensum
1689 1048 1735 1076 tibi
1756 1047 1830 1074 fuerit
1851 1053 1895 1072 non

1134 1099 1219 1130 vides,
1253 1098 1400 1126 lamentare
1425 1097 1574 1124 caecitatem
1598 1100 1671 1122 tuam
1700 1093 1814 1121 debebis.
1835 1091 1896 1118 Sicut

1134 1144 1205 1170 enim
1220 1150 1273 1170 non
1286 1147 1373 1178 potest
1385 1141 1478 1170 oculus
1497 1142 1554 1168 sine
1570 1141 1671 1167 lumine
1689 1139 1786 1170 videre,
1801 1139 1833 1165 ita
1855 1144 1896 1163 non

1135 1194 1223 1224 potest
1240 1196 1288 1216 nec
1316 1196 1393 1216 mens
1407 1187 1466 1215 sine
1490 1187 1543 1214 Deo
1558 1187 1666 1213 vivere:
1688 1185 1800 1212 celerius
1819 1182 1897 1217 quippe

1135 1235 1286 1263 salvabitur
1301 1235 1385 1269 piscis
1400 1234 1458 1261 sine
1471 1240 1550 1267 aqua,
1566 1240 1646 1266 quam
1665 1231 1754 1258 anima
1769 1230 1821 1257 sine
1834 1228 1897 1255 Chri-

1135 1285 1186 1307 sto.
1196 1280 1265 1313 Quid
1280 1279 1366 1313 ergo?
1381 1278 1448 1305 Nutu
1463 1285 1514 1305 non
1539 1277 1632 1304 vivunt
1642 1276 1766 1312 gentiles,
1781 1280 1806 1301 et
1819 1272 1896 1303 Î¹Î¹Î¹Î¹Î¹Î™Î¹Î¹Î¹á½·,

1135 1331 1161 1353 et
1174 1325 1313 1353 haeretici?
1327 1325 1464 1357 Permitte,
1478 1324 1575 1359 inquit,
1601 1327 1721 1350 mortuos
1736 1321 1835 1355 sepelire
1849 1326 1897 1345 suo:

1134 1377 1250 1398 mortuos
1263 1373 1297 1397 ".
1315 1370 1393 1397 Venit
1409 1371 1478 1397 Deus
1491 1374 1637 1404 apportans
1657 1367 1817 1398 hominibus,
1844 1362 1897 1398 quod

1135 1417 1223 1444 nullus
1238 1417 1377 1444 hominum
1394 1416 1525 1442 adduxit:
1541 1422 1592 1442 non
1613 1414 1687 1442 enim
1711 1417 1767 1440 erat
1782 1416 1895 1439 servorum

1136 1471 1232 1499 magna
1248 1465 1360 1495 donare,
1376 1462 1421 1490 sed
1438 1469 1577 1489 servorum
1602 1465 1661 1488 erat
1680 1460 1761 1495 Regis
1777 1458 1896 1485 adventum

1137 1510 1320 1536 annuntiare:
1337 1509 1437 1535 donare
1452 1512 1542 1535 autem
1561 1507 1645 1542 ipsius
1667 1511 1730 1534 erat
1744 1504 1833 1540 Regis;
1852 1501 1896 1529 ideo

1136 1558 1163 1581 et
1177 1561 1360 1588 praecursores
1373 1553 1498 1580 dicebant
1513 1561 1519 1579 :
1535 1552 1643 1579 Veniet.
1655 1550 1715 1586 Ipse
1728 1555 1810 1577 autem
1819 1547 1857 1583 qui
1867 1547 1897 1573 lo-

1136 1600 1268 1634 qttebatur
1297 1599 1443 1626 adveniens
1472 1598 1604 1625 donavit:
1633 1604 1685 1632 per
1719 1595 1820 1630 Moysen
1839 1591 1896 1620 enim

1135 1645 1197 1672 data
1209 1649 1249 1672 est
1265 1646 1318 1676 lex,
1333 1644 1380 1671 sed
1401 1644 1467 1671 nihil
1490 1643 1590 1671 factum
1609 1648 1669 1676 est;
1690 1642 1774 1677 gratia
1788 1644 1864 1667 autem
1877 1641 1897 1664 et

1136 1691 1236 1718 veritas
1248 1698 1299 1718 non
1314 1691 1373 1718 data
1390 1694 1441 1722 est,
1454 1690 1499 1717 sed
1513 1689 1583 1716 facta
1596 1692 1646 1721 est,
1661 1692 1692 1715 et
1705 1686 1826 1715 correxit.
1838 1683 1897 1710 Sicut

1136 1737 1207 1764 enim
1225 1736 1320 1763 mulier
1336 1736 1378 1763 illa
1392 1743 1451 1770 quae
1471 1735 1572 1762 fontem
1601 1733 1742 1768 sanguinis
1766 1735 1850 1759 contra
1861 1734 1898 1754 na-

1137 1788 1223 1810 turam
1234 1782 1361 1814 habebat,
1371 1781 1481 1817 fatigata
1494 1786 1536 1808 est
1553 1779 1672 1808 medelas
1685 1779 1817 1807 hominum
1832 1773 1897 1803 susti-

1137 1835 1220 1859 nens;
1237 1827 1338 1862 profuit
1353 1831 1444 1854 autem
1461 1826 1485 1854 ei
1499 1825 1577 1858 nihil,
1591 1824 1637 1852 sed
1661 1821 1839 1851 tantummodo
1848 1826 1897 1847 con-

1136 1879 1293 1901 sumenatur
1306 1878 1332 1899 et
1345 1879 1459 1907 corpore
1478 1876 1506 1899 et
1519 1869 1694 1898 facultatibus
1709 1878 1715 1897 :
1730 1869 1765 1896 ita
1773 1864 1896 1896 secundum

1138 1919 1251 1946 formam
1272 1919 1350 1946 istam
1367 1919 1483 1945 humana
1498 1921 1594 1944 natura
1609 1915 1747 1950 accipiens
1760 1909 1874 1941 medelam
1885 1914 1897 1934 Î¹

1137 1965 1274 2000 prophetis
1287 1970 1314 1992 et
1323 1963 1507 1991 sacerdotibus
1520 1967 1546 1989 et
1565 1970 1580 1989 a
1596 1961 1652 1996 lege
1672 1962 1739 1995 ipsa,
1758 1966 1805 1986 non
1816 1961 1852 1984 est
1860 1962 1897 1982 eu-

1137 2017 1193 2038 rata
1207 2019 1213 2043 ;
1231 2011 1277 2038 sed
1303 2011 1326 2038 is
1337 2010 1382 2045 qui
1399 2009 1457 2037 sine
1470 2009 1528 2044 lege
1545 2013 1605 2036 erat
1617 2008 1802 2042 subingressus
1813 2008 1858 2034 est,
1874 2003 1897 2027 ut

1137 2056 1287 2084 abundaret
1304 2060 1455 2090 peccatum.
1472 2054 1539 2088 Quia
1565 2053 1645 2089 igitur
1661 2060 1715 2079 non
1734 2056 1790 2078 erat
1802 2046 1898 2095 hominis

1137 2102 1271 2136 corrigere
1289 2100 1425 2127 hominum
1453 2100 1590 2134 passiones
1605 2103 1632 2126 et
1645 2098 1721 2128 vitia,
1736 2097 1801 2123 Deus
1813 2096 1897 2125 accepit

1138 2147 1243 2174 infirme
1257 2148 1306 2173 hoc
1324 2147 1410 2180 ipsum
1423 2146 1494 2180 quod
1507 2145 1562 2180 jam
1574 2148 1632 2171 erat
1641 2148 1802 2171 emortuum.
1815 2144 1838 2167 et
1848 2137 1897 2178 sul}-

1138 2193 1261 2227 ingressa
1283 2196 1325 2219 est
1341 2192 1405 2224 vita,
1427 2196 1455 2217 ut
1476 2190 1616 2225 praesentia
1643 2189 1750 2216 virtutis
1768 2186 1898 2220 repercute-

1139 2244 1214 2266 retur
1230 2239 1306 2265 virus
1323 2238 1469 2272 serpentis,
1492 2238 1557 2271 Quis
1572 2245 1624 2264 non
1639 2236 1757 2264 movebit
1770 2234 1800 2260 ad
1813 2229 1898 2258 deside-

1139 2285 1207 2311 rium
1224 2283 1495 2318 Christi?Siquidem
1513 2283 1612 2311 Christi
1634 2281 1724 2309 Pater.
1737 2280 1773 2307 llli
1788 2278 1851 2305 enim
1861 2275 1897 2302 de-

1138 2336 1180 2358 cet
1193 2330 1253 2357 talis
1264 2335 1291 2357 et
1305 2335 1379 2357 tanta
1392 2330 1499 2364 largitio
1515 2339 1522 2356 :
1535 2329 1619 2356 Nemo
1638 2328 1717 2359 enim,
1729 2325 1818 2360 inquit,
1831 2323 1897 2370 potnt

1138 2378 1224 2404 venire
1237 2377 1271 2403 ad
1288 2385 1338 2408 me,
1351 2376 1401 2403 nisi
1423 2375 1503 2402 Potor
1515 2383 1586 2402 meus
1607 2373 1745 2401 attraxerit
1757 2378 1811 2398 eum
1824 2368 1898 2403 á¾³Î¹á½·á¿ÎµÎµÎ¹

1138 2423 1167 2450 in
1181 2422 1251 2450 uelis
1266 2423 1301 2449 ".
1314 2421 1370 2450 Non
1379 2422 1441 2457 quia
1451 2422 1504 2448 vim
1520 2421 1585 2448 facit
1596 2421 1676 2453 Deus,
1694 2419 1740 2447 sed
1754 2417 1811 2452 quia
1823 2414 1898 2462 dcuit!

1138 2468 1260 2496 humines
1278 2468 1415 2500 mortales,
1434 2475 1482 2502 pro
1505 2468 1603 2502 quibus
1626 2471 1740 2493 mortem
1761 2457 1898 2510 imi-tortilis

1137 2515 1265 2550 gustavit.
1285 2514 1373 2542 Nolite
1388 2515 1413 2541 in
1431 2521 1542 2541 vacuum
1561 2514 1674 2549 gratiam
1691 2517 1796 2546 ponere.
1814 2513 1859 2534 â€œ0"

1136 2547 1231 2588 somno
1243 2559 1418 2596 Evangelium
1434 2568 1441 2586 :
1458 2559 1505 2587 sed
1517 2547 1676 2594 eviÃ©ilantes
1685 2558 1831 2590 computata
1844 2547 1896 2584 quid

1137 2606 1236 2633 factum
1253 2610 1305 2638 est,
1335 2606 1399 2640 quid
1417 2610 1509 2632 natum
1536 2609 1587 2637 est,
1604 2604 1669 2639 quid
1685 2603 1816 2630 donatum.
1840 2597 1896 2645 Delli

1136 2652 1232 2679 Filium
1251 2659 1328 2679 suum
1345 2651 1418 2678 misit
1431 2659 1439 2677 :
1459 2651 1504 2685 qui
1529 2658 1582 2677 non
1596 2648 1686 2677 obedit
1701 2647 1737 2679 ei,
1751 2645 1826 2672 habet
1841 2640 1897 2685 imlif

1137 2698 1219 2726 cium.
1230 2697 1311 2730 Misit,
1327 2697 1446 2732 inquam,
1458 2684 1554 2723 Filium
1563 2702 1639 2723 suum
1651 2694 1729 2724 Deus,
1739 2689 1859 2727 justitiam
1870 2684 1896 2711 ad

1137 2745 1252 2778 iniquos,
1266 2741 1326 2772 eum
1347 2745 1390 2778 qui
1415 2744 1474 2770 sine
1497 2747 1606 2778 peccato
1619 2741 1651 2768 ad
1670 2742 1830 2775 peccatores,
1841 2733 1895 2761 obe-

1099 1529 1120 1558 C

1285 2837 1306 2852 Î´â€
1319 2835 1398 2864 Joan.
1413 2843 1450 2870 vi,
1469 2835 1511 2862 Îœ..
