2024 3208
153 172 222 200 1173

816 160 850 188 ΙΝ
870 156 1000 187 ἋΑΤΤΗ.
1021 156 1054 189 Χ,
1074 156 1118 184 54.

1700 151 1767 179 1171

152 232 270 257 dieutem
297 227 330 253 ad
360 229 545 255 contumaces,
573 223 720 260 gloriosum
748 220 780 248 ad
796 217 936 255 ignobiles,
951 219 974 247 Α
988 216 1059 243 enim
1079 213 1222 248 imaginem
1238 214 1326 246 videt;
1348 220 1396 248 per
1412 212 1569 246 imaginem,
1594 209 1767 245 principalem

151 282 212 302 eum
228 273 272 309 qui
288 273 320 299 ad
335 272 474 300 dexteram
488 271 576 298 Patris
596 270 627 297 ad
641 277 687 297 eos
702 268 746 302 qui
763 267 787 293 in
803 271 873 293 terra
892 265 934 300 ja-

151 321 260 351 ccbant,
278 319 375 346 Filium
392 318 425 345 ad
452 316 684 351 servos,jndicem
700 312 932 342 condemnandum

153 374 200 400 pro
226 366 268 393 his
288 365 333 400 qui
355 368 432 392 erattt
454 362 635 390 condemnati.
649 361 714 394 Quis
730 367 782 387 non
806 358 933 386 accenda-

153 412 213 440 tur?
232 411 297 445 Quis
321 419 373 439 nou
389 410 512 442 stupeat?
525 409 590 443 Quis
605 416 658 435 non
673 415 688 434 e
709 406 814 433 ﬂamma
826 406 874 432 ista
892 405 932 431 vi-

154 466 233 485 scera
246 458 375 484 accendat
397 456 464 483 sua?
479 455 508 484 Si
523 463 574 482 non
589 462 683 482 sumus
699 452 806 487 iapidci,
832 456 861 478 et
873 456 934 477 attte

153 510 294 530 sermones
313 510 365 530 non
387 507 508 534 movent,
524 500 625 528 deﬂere
647 507 696 526 nos
707 498 843 529 convenit,
870 496 933 531 quia

153 553 278 583 putantes
300 555 350 574 nos
370 548 472 578 vivere,
494 545 591 573 mortui
614 552 716 572 sumus.
736 543 836 577 Quibus
857 541 934 570 Jesus

153 601 206 621 non
219 593 305 627 placet
320 593 401 625 Deus,
418 593 465 620 hos
483 597 561 627 putas
572 592 635 626 quid
662 589 823 619 delectabit?
841 589 868 615 Si
884 597 932 615 au-

153 644 207 666 tem
223 639 394 674 pulchritudo
411 640 436 665 itt
453 646 535 666 carne
551 643 684 669 emortua,
700 642 728 665 et
753 637 855 672 lapides
877 643 934 670 pre-

153 686 227 717 tiosi,
241 690 267 712 et
290 685 439 720 margaritae
454 684 575 716 claritas,
592 688 680 712 movet
702 683 867 710 alacritatem
887 683 935 709 ho-

154 731 248 764 minis;
263 738 323 758 cnm
341 731 408 758 Deus
422 730 507 758 Filius
526 730 606 758 fuerit
622 731 708 762 visus,
725 737 738 756 a
754 737 806 764 quo
822 734 849 756 et
864 729 933 755 bona

153 778 203 804 ista
219 782 281 804 sttnt
294 776 376 808 facta,
394 778 527 811 quomodo
537 784 590 804 non
605 783 667 803 vere
686 776 775 803 veniet
792 774 933 810 passioilla

154 822 180 848 itt
205 821 325 853 ltomine,
341 821 375 848 de
392 829 444 856 qua
469 822 570 849 dictutn
588 826 647 849 est:
672 821 771 856 Diliges
796 820 935 846 Dominum

153 866 236 893 Deum
260 871 332 893 tuum
358 874 389 894 ex
409 867 479 894 omni
494 868 582 894 anima
597 872 651 900 tua,
669 873 691 894 et
712 875 744 894 ea:
756 867 826 894 omni
842 867 934 892 virtute

151 918 208 944 tua,
226 918 251 940 et
262 921 293 940 ex
308 913 377 940 omni
388 913 502 947 potentia
515 919 570 941 tua.
581 919 604 940 et
620 919 703 940 mente
715 918 737 940 et
751 921 827 939 sensu
842 918 886 939 tuo
893 912 934 938 πῖ

151 959 306 992 Apparente
321 958 391 985 enittt
419 957 531 984 Domino
557 957 632 990 lesu,
660 966 713 985 nou
739 957 933 992 derclinquitur

152 1010 215 1037 pars
229 1003 318 1037 aliqua
332 1003 483 1030 dilectionis
496 1003 552 1034 ulli,
573 1003 635 1037 quia
655 1010 708 1030 nott
728 1003 856 1030 dividitur
868 1003 934 1030 cha-

153 1048 219 1075 ritas
233 1048 266 1077 ad
281 1047 362 1075 De.qu
378 1053 405 1074 et
422 1048 454 1074 ad
481 1048 614 1079 homines,
631 1053 658 1075 et
672 1049 705 1075 ad
720 1053 842 1075 eutortua
874 1055 933 1082 quae

151 1094 179 1120 in
197 1097 268 1120 terra
287 1098 349 1120 sunt
370 1102 376 1120 :
390 1093 436 1120 sed
452 1093 522 1120 sicut
537 1098 679 1127 antequam
697 1098 827 1128 appareat
839 1094 889 1125 sol,
906 1098 934 1121 et

152 1138 274 1166 lucernis
294 1138 420 1170 fruimur,
441 1144 466 1166 et
485 1139 577 1166 stellas
594 1140 720 1173 patimur,
736 1145 762 1166 et
781 1139 842 1166 luna
859 1139 933 1167 dele-

151 1189 274 1218 ctamur;
290 1193 349 1212 cum
372 1191 462 1212 autem
481 1186 520 1212 sol
538 1185 618 1212 fuerit
638 1186 722 1217 visus,
740 1185 860 1220 quaedam
874 1185 934 1220 qui-

153 1230 213 1257 dem
232 1238 282 1258 non
305 1236 410 1264 parent,
434 1231 556 1264 quaedam
578 1236 666 1257 autem
693 1235 720 1257 et
753 1230 933 1264 occultantur,

152 1283 247 1303 euntes
262 1281 350 1302 aute-tt
366 1281 527 1303 convertunt
542 1275 625 1303 facies
647 1284 710 1303 suas
725 1276 758 1303 ad
782 1276 881 1310 solem;
907 1281 934 1303 et

153 1329 213 1349 cum
224 1321 307 1349 multa
317 1322 371 1350 sint
386 1323 466 1354 bona,
480 1322 572 1350 omnia
585 1323 658 1349 enitn
679 1323 748 1350 bona
763 1322 859 1349 valde:
873 1331 933 1350 cutn

152 1373 241 1395 autem
257 1369 444 1403 apparueritis
458 1376 505 1403 per
514 1375 592 1404 quem
606 1369 656 1395 ista
671 1368 753 1400 bona,
768 1370 853 1402 bona;
868 1369 934 1396 nihil

152 1421 246 1441 eorum
264 1415 333 1449 quod
358 1415 457 1442 bonum
482 1419 524 1442 est
544 1415 599 1450 jam
616 1414 750 1442 videbitur
770 1415 879 1443 bonum.
906 1415 934 1443 Si

153 1459 215 1493 quis
229 1459 296 1486 vidit
313 1459 424 1496 eﬂigicm
448 1461 533 1493 audit,
551 1461 573 1487 si
594 1461 654 1495 quis
670 1469 723 1489 non
737 1461 843 1488 videtur
856 1465 883 1489 et
907 1466 936 1488 ttt

154 1505 254 1539 videat,
282 1510 308 1533 et
335 1506 485 1533 consentiat
504 1507 546 1533 his
570 1514 630 1541 qua:
656 1507 802 1534 dicuntur:
829 1514 936 1533 autores

153 1550 225 1578 enim
243 1550 321 1577 clara:
329 1550 520 1585 pulchritudini
538 1551 717 1584 contendunt;
727 1556 855 1586 quantum
865 1552 934 1578 enim

154 1596 255 1623 bonum
267 1601 307 1624 est
322 1597 392 1630 quod
409 1596 540 1630 diligitur,
558 1600 630 1622 tanta
638 1601 665 1623 et
680 1604 804 1623 mensura
820 1600 860 1623 est
872 1597 936 1622 cha-

156 1641 254 1669 ritatis.
281 1641 308 1668 Si
335 1642 405 1669 euint
423 1641 492 1668 oculi
514 1641 613 1668 fuerint
639 1645 664 1668 itt
682 1641 752 1668 facie
777 1642 848 1672 boni,
863 1645 937 1669 tanta

157 1688 240 1716 motio
252 1687 376 1720 edicitur,
385 1692 513 1722 quantum
525 1691 551 1714 et
561 1687 630 1713 oculi
643 1687 742 1714 fuerint
754 1687 818 1713 moti
830 1694 835 1712 :
847 1687 870 1713 ei
881 1686 936 1721 (8'1)

157 1739 245 1761 autem
263 1735 334 1762 aliud
355 1734 455 1769 aliquid
472 1734 497 1760 in
520 1734 616 1766 oculis,
638 1733 788 1767 duplicatur
802 1740 876 1760 amor
892 1742 899 1760 ε
914 1733 935 1759 si

157 1786 210 1807 tota
224 1780 306 1807 facies
326 1779 406 1807 fuerit
417 1780 498 1811 bona,
511 1779 592 1806 totius
601 1779 689 1806 vultus
700 1779 818 1805 charitas
828 1786 937 1806 mens-t-

157 1831 231 1852 ratur
247 1834 253 1851 :
273 1826 294 1852 si
307 1829 395 1852 autem
409 1830 435 1852 et
447 1825 498 1852 alia
509 1826 628 1852 membra
648 1824 748 1851 fuerint
763 1825 842 1854 bona.
861 1824 937 1851 addi-

158 1874 182 1894 ta
193 1868 400 1902 pulchritudine,
417 1869 515 1896 crescit
526 1874 553 1895 et
567 1869 739 1896 desiderium.
752 1867 830 1896 Jesus
849 1873 937 1896 autem

159 1919 231 1940 tutus
256 1918 297 1940 est
311 1914 407 1945 bonus,
430 1918 457 1940 et
482 1921 545 1940 vere
559 1914 656 1945 bonus,
675 1913 737 1940 boni
757 1913 828 1941 enitu
850 1913 939 1940 Patris

157 1957 300 1990 progenies
314 1962 356 1984 est
372 1957 459 1989 bona;
488 1957 564 1991 cujus
587 1957 814 1992 pulchritudinem
839 1957 938 1985 clamat

158 2001 256 2029 cadum
275 2009 323 2036 per
334 2009 410 2029 suam
421 2002 630 2037 speciositatem.
654 2001 736 2029 Istum
756 2002 891 2030 collaudat
913 2008 939 2030 et

159 2046 223 2073 solis
235 2046 370 2080 splendor,
384 2047 464 2073 istutu
491 2047 617 2081 praedicat
639 2046 702 2074 luna
716 2051 744 2074 et
756 2047 898 2081 incipiens,
912 2053 939 2074 et

157 2093 246 2128 plena,
262 2098 288 2121 et
299 2093 435 2120 deﬁciens.
447 2093 589 2120 Stellarum
605 2093 693 2120 autem
706 2093 782 2121 cltori
796 2094 876 2121 istum
892 2101 936 2121 co-

158 2144 266 2172 ronant,
294 2139 340 2167 sed
359 2147 410 2166 tton
432 2147 514 2174 opera
542 2139 568 2165 itt
583 2139 674 2170 istum,
692 2143 739 2165 attt
754 2139 787 2166 ab
811 2138 939 2172 operibus

156 2185 240 2220 gloria
251 2185 318 2220 ejus,
333 2185 379 2212 sed
397 2192 429 2212 ex
452 2184 493 2212 sui
514 2188 619 2211 natura.
635 2183 709 2211 Mare
720 2184 800 2211 istum
815 2184 939 2212 ﬂuctibus

156 2231 276 2265 praefert,
289 2236 359 2259 terra
369 2238 429 2258 eum
442 2231 573 2258 fructibus
581 2235 694 2259 coronat
709 2234 736 2258 et
747 2229 868 2263 fioribus,
879 2231 940 2258 clto-
956 2240 978 2268 ι)

157 2285 201 2305 1·οε
213 2282 301 2305 autem
311 2278 334 2305 ei
348 2277 508 2305 etanintalia
518 2278 579 2304 dunt
592 2277 736 2317 exsultant,
751 2277 863 2304 faciunt.
873 2276 939 2304 Cum

157 2328 246 2351 autent
272 2325 349 2351 audis
373 2325 435 2359 quia
453 2324 619 2359 glorificatur
637 2323 723 2351 Filius
751 2324 784 2350 ab
804 2323 940 2356 omnibtts,

157 2371 210 2398 noli
223 2370 343 2398 oblivisci
354 2370 440 2400 Patris
448 2378 526 2404 quem
539 2370 672 2405 glorificat
686 2369 781 2396 Filius.
792 2368 844 2396 Sed
858 2369 890 2396 de
900 2369 939 2395 itt—

156 2416 301 2445 enarrabili
314 2421 341 2443 et
352 2424 405 2444 non
421 2421 483 2443 nata
499 2421 594 2443 natura
605 2416 694 2442 Patris
712 2416 737 2442 itt
753 2416 881 2442 memoria
896 2423 942 2442 ve-

157 2464 215 2490 nire
225 2463 304 2489 timor
320 2466 372 2489 est.
388 2461 455 2495 Quia
466 2469 531 2496 ergo
545 2462 588 2488 ille
605 2461 765 2488 timorabilis
777 2465 817 2487 est
833 2465 942 2495 propter

157 2509 305 2536 bonitatetn
315 2513 342 2535 et
354 2507 601 2542 superemittentetn
620 2507 823 2541 benignitatem.
839 2511 864 2533 et
879 2507 941 2540 quia

158 2562 208 2582 nos
218 2563 270 2582 non
283 2561 425 2589 possumus
433 2555 465 2581 ad
474 2554 546 2581 illum
560 2561 608 2580 nec
616 2558 704 2580 mente
717 2553 849 2587 respicere
859 2560 866 2583 ;
876 2553 943 2578 ima-

157 2601 245 2636 ginem
260 2599 317 2634 ejus
328 2600 530 2627 considerantes
548 2599 678 2626 miramur
697 2598 858 2625 indicihilem
869 2597 941 2624 illam

158 2648 283 2674 virtutem
300 2645 441 2673 Patris:et
451 2646 510 2673 ideo
531 2653 591 2672 eum
604 2645 647 2679 qui
667 2645 699 2671 ad
721 2651 769 2671 nos
785 2643 857 2670 venit
879 2650 943 2670 con-

158 2693 325 2725 siderentus,
347 2697 374 2720 et
397 2692 554 2720 habebimus
579 2692 704 2718 fructum.
729 2690 799 2717 Dicit
824 2690 896 2716 eniut
916 2694 943 2716 et

159 2740 215 2773 ipse
237 2748 242 2765 :
260 2738 287 2766 Si
306 2739 364 2772 quis
391 2747 430 2766 me
457 2738 538 2771 videt,
563 2738 629 2764 videt
651 2743 673 2764 et
699 2736 803 2764 Patrem
822 2736 844 2752 "’
864 2744 870 2764 :
895 2735 941 2769 qui

194 2794 216 2809 ’⁸
231 2794 307 2821 Dent.
318 2802 355 2827 vt,
371 2794 398 2821 5.
435 2794 457 2810 ⁵⁷
477 2793 554 2822 Joau.
569 2802 623 2828 xtv,
637 2794 662 2821 9.

196 2875 252 2908 (82)
269 2874 311 2903 Ei.
327 2875 418 2908 Forte,
435 2878 468 2904 Ii.

986 260 1117 296 agnoscit.
1131 258 1217 287 Filius
1236 258 1316 293 igitur
1334 258 1365 284 ad
1384 265 1432 284 nos
1447 257 1530 288 vettil,
1545 263 1597 282 non
1615 260 1703 282 tamen
1719 262 1768 282 nos

987 307 1021 333 ad
1043 307 1148 340 ipsum;
1170 304 1209 332 vel
1229 312 1298 331 nunc
1319 309 1407 330 autem
1430 311 1478 330 nos
1494 303 1528 329 ad
1552 302 1637 337 ipsum
1657 301 1742 328 simus
1759 308 1768 327 :

990 353 1058 379 Dens
1072 356 1165 383 vocat;
1180 355 1205 377 et
1222 350 1263 377 his
1278 350 1322 384 qui
1339 357 1390 375 untt
1408 349 1563 379 adveniunt,
1579 346 1674 374 snllicit
1689 354 1768 380 parua

987 398 1047 432 quia
1065 405 1116 424 non
1129 396 1265 423 obcdiunt.
1279 395 1363 422 Vocat
1377 395 1458 421 Deus.
1471 394 1509 421 Ad
1524 393 1599 427 qum?
1613 394 1652 419 Ad
1667 400 1697 418 ea
1710 399 1770 426 quae

988 444 1082 470 decent
1100 443 1191 469 Deum.
1216 441 1249 468 Et
1267 446 1340 468 certe
1362 440 1498 467 Abraham
1514 439 1620 465 vocavit
1641 438 1719 469 Deus,
1743 443 1770 464 et

989 488 1115 523 praecepit
1132 487 1296 522 unigenitum
1321 485 1416 513 Filium
1440 493 1516 511 smtm
1537 483 1635 511 offerre
1654 483 1716 511 sibi.
1739 482 1770 509 Et

988 536 1094 562 videtur
1110 533 1290 568 perniciosttm
1318 533 1369 560 hoc
1388 539 1459 564 essa,
1485 531 1552 558 forte
1569 531 1617 558 tibi
1629 551 1635 562 ,
1660 538 1711 556 non
1730 534 1770 556 ta-

988 587 1048 606 men
1068 578 1198 611 Abrahae;
1217 577 1350 604 Abraham
1366 576 1437 603 enim
1463 575 1566 603 lucrum
1584 575 1659 601 duxit
1674 586 1679 602 ;
1695 574 1771 600 vide-

988 626 1085 653 bantur
1116 624 1187 652 enim
1210 623 1312 657 iurgari
1339 623 1443 649 viscera
1466 625 1494 647 et
1520 619 1693 654 reiigiusitas.
1715 618 1769 646 Sed

988 671 1074 696 adhuc
1098 669 1166 703 apttd
1184 676 1232 695 nos
1245 667 1348 702 jurgari
1367 670 1496 700 possunt;
1522 665 1656 692 Abraham
1680 669 1768 690 autem

987 723 1021 741 ne
1036 713 1144 748 quidem
1162 712 1293 740 dubitatio
1319 712 1382 742 fttit,
1407 718 1455 737 nec
1479 710 1621 743 cogitatus,
1639 717 1689 736 nec
1705 708 1770 736 dila-

989 761 1025 788 tio
1040 770 1047 787 :
1064 759 1111 787 sed
1138 758 1279 786 laetabatur
1302 757 1459 788 Abraham,
1482 756 1545 790 quia
1568 755 1689 782 victurus
1711 758 1772 780 erat

989 805 1059 833 (ilius
1072 805 1130 839 ejus
1147 804 1254 831 oblatus
1270 813 1275 830 :
1292 810 1368 829 amor
1387 807 1427 829 est
1448 802 1518 828 enim
1546 801 1721 835 religiositas.
1743 799 1770 826 itt

988 860 1040 887 qua
1062 856 1090 879 et
1106 851 1226 879 cltaritas
1242 853 1426 880 mensuratur,
1440 852 1468 875 et
1488 846 1602 874 aﬂ'ectus
1625 845 1750 881 impletur
1764 855 1770 873 :

950 895 971 924 Β
986 899 1007 926 si
1032 898 1104 926 enim
1130 896 1251 924 Charitas
1277 903 1329 922 non
1349 894 1431 921 fuerit
1457 893 1560 926 otiosa,
1583 891 1674 919 omnia
1693 895 1773 918 erunt

985 945 1093 972 etiamsi
1110 943 1283 971 coalieetatus
1299 941 1398 973 fueris;
1425 945 1536 974 propter
1559 939 1682 966 titnoretn
1699 937 1771 965 cnint

986 991 1008 1018 si
1031 990 1177 1021 obedieris,
1195 989 1332 1024 perfectus
1355 995 1406 1015 nou
1429 986 1501 1016 eris;
1527 989 1636 1019 propter
1659 985 1772 1011 commi-

986 1036 1122 1063 natiouent
1149 1041 1238 1062 autem
1263 1035 1404 1070 geltennm,
1421 1033 1482 1060 mali
1500 1033 1569 1060 servi
1594 1031 1692 1058 tualttm
1708 1037 1772 1064 pro-

987 1082 1102 1116 positum
1128 1081 1240 1108 habebis
1262 1090 1268 1107 :
1295 1085 1406 1115 propter
1427 1083 1516 1106 autem
1538 1085 1618 1113 regna
1642 1076 1772 1106 caelorum

987 1131 1112 1158 voluntas
1135 1134 1177 1158 est
1204 1130 1374 1157 mercenarii.
1403 1129 1468 1162 Qua:
1494 1134 1584 1155 autem
1606 1128 1704 1154 decora
1731 1131 1773 1153 est

987 1177 1050 1204 via?
1067 1181 1175 1210 stupere
1202 1176 1321 1208 bonttm,
1347 1175 1441 1202 ntirari
1472 1174 1651 1206 immensum,
1681 1179 1774 1200 amare

989 1224 1082 1251 Deum.
1099 1222 1126 1250 Si
1147 1223 1220 1249 enim
1242 1223 1306 1254 scis,
1321 1229 1373 1249 tton
1391 1227 1466 1256 potes
1484 1229 1536 1249 non
1551 1221 1677 1255 diligere;
1693 1219 1716 1246 si
1730 1220 1773 1246 vi-

988 1270 1068 1302 disti,
1090 1276 1142 1296 non
1168 1274 1243 1303 potes
1266 1276 1318 1295 non
1348 1267 1514 1295 contrectari.
1547 1266 1620 1294 Nihil
1644 1266 1716 1293 enim
1739 1273 1774 1292 ex

987 1316 1113 1343 omnibus
1133 1322 1192 1348 quae
1215 1319 1293 1346 sunt,
1323 1321 1410 1347 neque
1435 1313 1524 1340 omnia
1550 1312 1645 1345 simul,
1668 1316 1773 1338 tantum

988 1361 1114 1392 illiciuttt,
1129 1365 1260 1395 quantum
1277 1359 1393 1387 delectat
1409 1367 1478 1386 unus
1496 1359 1616 1386 omnittm
1631 1358 1773 1385 Domintts.

988 1407 1026 1434 lta
1045 1407 1123 1434 illicit
1142 1411 1170 1433 et
1192 1406 1271 1433 Pater
1290 1406 1311 1433 si
1332 1405 1415 1432 fuerit
1429 1405 1522 1432 visus:
1540 1409 1643 1431 tantum
1661 1405 1732 1431 enim
1750 1404 1774 1431 si

989 1452 1160 1488 apparuerit,
1187 1451 1254 1479 nihil
1279 1451 1334 1485 jam
1360 1452 1421 1486 quis
1456 1450 1609 1479 sustinebit.
1635 1449 1775 1477 Videbitur

990 1504 1079 1526 autem
1094 1499 1127 1524 ab
1142 1498 1183 1525 his
1198 1497 1242 1532 qui
1263 1497 1362 1524 mundo
1380 1502 1441 1524 sttnt
1455 1497 1551 1528 corde;
1570 1496 1593 1523 si
1607 1496 1679 1523 enim
1695 1503 1773 1522 mun-

989 1543 1052 1569 dum
1076 1542 1157 1568 fuerit
1177 1549 1234 1574 cor,
1255 1541 1363 1576 effulget
1380 1542 1441 1568 inde
1466 1541 1575 1573 lumen,
1597 1545 1624 1567 et
1641 1541 1775 1568 videbitur

989 1587 1058 1621 quod
1074 1586 1193 1621 effulget,
1208 1592 1235 1613 et
1250 1587 1342 1613 statim
1360 1592 1505 1621 martyres,
1521 1586 1701 1619 confessores,
1716 1593 1775 1613 sau-

989 1632 1165 1665 ctimoniunt,
1190 1632 1349 1665 virginitas.
1376 1635 1472 1658 natura
1499 1636 1603 1658 mortua
1618 1650 1625 1662 ,
1649 1632 1771 1659 membra

988 1676 1117 1704 ct-ucifixa
1140 1685 1146 1704 :
1165 1676 1326 1704 desideriqu
1358 1676 1430 1703 enim
1451 1675 1535 1703 fervet
1565 1676 1591 1702 in
1616 1676 1727 1708 animis,
1748 1681 1777 1703 et

989 1723 1162 1758 coniungitur
1187 1722 1220 1750 ad
1245 1723 1426 1750 desideratum
1453 1732 1459 1750 :
1482 1729 1542 1749 cum
1571 1722 1642 1748 enittt
1672 1723 1776 1749 aduna-

990 1771 1059 1798 verit
1085 1771 1148 1805 quis
1175 1771 1305 1796 bonorqu
1332 1773 1497 1801 conventus,
1521 1768 1581 1795 coeli
1609 1768 1773 1802 magnitudi-

991 1824 1063 1848 neut,
1085 1823 1110 1843 et
1125 1824 1155 1843 ea
1172 1823 1231 1850 qua:
1247 1815 1272 1842 in
1291 1815 1349 1849 ipso
1369 1819 1432 1841 sunt
1449 1819 1488 1841 est
1509 1814 1691 1849 pulchritudo,
1711 1814 1775 1841 solis

990 1862 1144 1897 praedictam
1160 1862 1322 1892 claritatem,
1335 1864 1362 1888 et
1378 1860 1491 1887 aliorqu
1506 1859 1626 1887 omnium
1644 1867 1704 1893 quae
1719 1860 1775 1886 illic

989 1913 1052 1934 sunt
1069 1908 1157 1940 bona;
1175 1915 1223 1934 nec
1244 1915 1295 1933 non
1310 1911 1336 1933 et
1354 1913 1384 1932 ea
1400 1913 1461 1940 quae
1476 1906 1502 1933 in
1522 1910 1592 1932 terra
1610 1906 1774 1940 germinant,

990 1953 1097 1986 ﬂorent,
1117 1953 1315 1987 expanduutttr,
1333 1953 1491 1986 procedunt,
1514 1957 1681 1986 nascuntur;
1703 1957 1730 1979 et
1743 1959 1775 1979 ea

990 2007 1049 2034 quae
1068 2001 1095 2026 itt
1116 2006 1178 2026 aere
1195 1999 1296 2029 volant,
1318 2004 1345 2025 et
1363 1998 1388 2024 in
1405 1998 1482 2032 aquis
1504 2002 1616 2025 natant:
1632 2006 1693 2025 cum
1717 1999 1776 2026 haec

989 2045 1079 2072 omnia
1095 2044 1253 2071 adnnaverit
1266 2048 1295 2070 ut
1316 2050 1481 2077 componens
1501 2044 1527 2070 itt
1546 2051 1644 2080 unum,
1667 2052 1700 2071 ne
1716 2046 1776 2080 qui-

991 2091 1052 2118 dem
1075 2095 1150 2125 gutta
1177 2094 1206 2116 ttt
1231 2090 1264 2116 ad
1285 2089 1356 2116 illam
1381 2078 1608 2123 pulchritudinem
1630 2078 1731 2124 erunt,
1747 2096 1778 2118 ut

991 2136 1152 2164 desiderittttt
1167 2140 1277 2170 stupore
1293 2135 1379 2169 magis
1393 2135 1438 2168 sit,
1458 2141 1485 2162 et
1501 2136 1632 2169 eharitas,
1648 2141 1675 2164 et
1693 2137 1776 2163 admi-

990 2182 1071 2214 ratio,
1093 2187 1123 2208 ut
1149 2181 1208 2207 talis
1228 2181 1284 2216 jam
1308 2181 1389 2208 homo
1412 2181 1547 2209 desideret
1564 2190 1661 2209 novant
1681 2190 1777 2217 quatit-

992 2227 1053 2254 dam
1077 2227 1297 2254 constitutionem
1319 2227 1359 2253 sui
1377 2226 1538 2254 invisibilem
1558 2227 1614 2254 lieri
1634 2235 1641 2253 :
1664 2226 1775 2254 allectus

993 2272 1065 2299 enim
1085 2271 1119 2298 ad
1146 2271 1309 2298 iuvisibilem
1327 2271 1472 2298 invisibilis
1491 2271 1615 2304 habetttr,
1636 2276 1663 2298 et
1680 2272 1776 2298 solitu-

994 2318 1082 2346 dinem
1105 2318 1211 2351 quaerit.
1231 2318 1280 2351 Qui
1302 2322 1391 2344 autem
1407 2318 1440 2344 ad
1458 2318 1536 2344 istam
1558 2318 1775 2345 constitutionem

993 2364 1153 2396 occurrerit,
1170 2364 1254 2391 ttescit
1270 2364 1330 2398 quia
1353 2368 1380 2390 et
1399 2363 1496 2390 coelum
1509 2367 1535 2391 et
1553 2369 1649 2390 terratr.
1663 2371 1716 2390 non
1738 2364 1777 2391 vi-

995 2411 1054 2442 det,
1075 2418 1126 2437 ucc
1142 2411 1218 2437 novit
1237 2410 1262 2437 itt
1277 2417 1330 2444 quo
1344 2410 1369 2436 itt
1392 2414 1462 2437 terra
1477 2415 1516 2436 est
1538 2412 1615 2437 loco:
1633 2411 1715 2438 utaris
1730 2418 1778 2437 au—

995 2462 1049 2484 tem
1071 2464 1105 2483 ne
1125 2457 1230 2490 quidem
1253 2464 1356 2483 memor
1380 2461 1438 2488 est,
1462 2461 1489 2483 et
1507 2456 1616 2483 [lumina
1639 2457 1776 2491 despicit:

997 2503 1078 2530 solent
1095 2511 1148 2529 non
1166 2503 1254 2536 videt,
1276 2503 1366 2529 lunam
1385 2510 1436 2529 non
1453 2503 1615 2534 considerat,
1638 2504 1776 2530 steliaruttt

995 2557 1099 2576 utetuor
1117 2556 1169 2575 non
1190 2553 1247 2581 est;
1265 2549 1378 2583 despicit
1394 2554 1483 2576 atttettt
1497 2554 1525 2576 et
1542 2550 1697 2583 angelorum
1713 2550 1776 2577 cho-

995 2603 1058 2622 ros:
1076 2603 1144 2622 unus
1165 2595 1236 2621 enim
1254 2594 1298 2621 ille
1321 2603 1373 2621 non
1398 2595 1527 2628 permittit
1544 2595 1625 2622 dividi
1648 2596 1777 2629 visionem

994 2643 1026 2669 ad
1044 2642 1136 2669 multa.
1157 2640 1207 2674 Qui
1230 2641 1301 2667 ettitn
1319 2641 1344 2667 itt
1370 2641 1416 2667 tali
1440 2641 1632 2668 constitutione
1652 2642 1776 2673 ltabetur,

993 2687 1079 2714 nescit
1093 2686 1154 2721 quia
1166 2691 1193 2713 et
1203 2693 1311 2714 carnem
1329 2687 1418 2720 habet,
1431 2691 1459 2714 et
1474 2687 1544 2721 quod
1562 2692 1604 2714 est
1620 2688 1776 2719 maximum,

993 2741 1042 2761 HEC
1059 2733 1154 2760 anima:
1168 2741 1223 2761 511ίὲ
1243 2739 1346 2761 ntemor
1361 2738 1402 2760 εει
1424 2742 1430 2760 :
1449 2737 1521 2761 lOlUS
1542 2733 1613 2760 enim
1633 2738 1777 2762 ενειοιιςιωε
