2024 3208
295 171 362 202 “75

629 164 763 195 EUSEBII
782 160 1024 192 CIESABIENSIS
1044 160 1119 188 OPP.
1139 158 1229 186 PARS
1249 157 1293 186 IV.
1313 172 1346 178 —
1367 153 1576 185 DOGMATICA.

1822 153 1880 181 4176

290 235 317 262 ln
338 233 411 260 illum
437 234 479 258 est
501 236 581 264 quem
599 228 750 259 desiderat,
771 230 798 253 et
815 224 941 252 universa
963 223 988 250 ei
1008 226 1072 249 sunt
1086 223 1110 251 Α
1124 223 1175 247 tur.
1192 219 1262 247 Vere
1278 219 1357 246 beata
1375 221 1402 244 et
1419 216 1510 246 Petra,
1526 214 1552 241 in
1571 220 1624 248 qua
1645 219 1735 239 sumus
1753 217 1779 239 et
1796 213 1878 246 posin:

289 283 426 310 emortua,
440 281 467 304 et
486 276 524 304 illi
540 275 605 302 vivit
621 273 681 301 soli.
699 272 732 299 Et
747 270 798 299 hoc
813 275 855 298 est
879 269 944 296 illud
968 267 1073 302 insigne

288 325 360 361 quod
377 324 414 352 ait
437 322 580 359 Apostolus
599 330 606 348 :
635 319 695 346 Vivo
717 326 782 353 ego,
802 317 861 352 jam
883 324 935 343 non
958 323 1015 349 ego,
1029 315 1073 341 sed

288 371 350 399 vivit
369 371 397 397 in
414 377 455 396 me
478 367 598 396 Christus
609 367 641 392 ”.
658 364 798 392 Desiderio
813 363 884 390 cnint
906 366 977 389 totus
993 361 1069 387 devo-

289 422 364 445 ratus
384 421 413 444 et
433 423 448 442 a
465 414 609 448 semetipso
626 411 783 442 discedens,
806 409 877 436 illius
895 412 984 435 autem
1008 407 1074 434 διτα-

289 468 363 496 rtus;
385 463 453 490 bona
470 460 577 495 quidem
597 463 686 485 morte
704 461 746 484 est
763 459 896 487 mortuus,
911 455 1010 481 bonam
1026 461 1074 480 au-

289 514 343 536 tem
358 510 439 535 vitam
456 505 631 534 commutavit
645 508 673 529 ut
686 504 758 530 dicat
774 511 780 529 :
802 501 864 529 Viuo
876 501 933 536 jam
950 509 1002 527 non
1015 509 1072 536 ego.

289 554 318 582 Si
332 554 392 590 quis
405 552 540 580 unanimis
553 557 577 577 et
596 551 679 582 ipsius
698 549 795 583 lingua
809 555 850 575 est
869 547 964 580 Paulo,
985 548 1074 575 audiet

288 597 400 625 Paulqu
416 596 551 623 dicentem
566 604 573 621 :
593 593 667 626 Vica,
678 594 735 628 jam
749 601 800 620 non
815 600 870 628 ego.
882 592 935 620 Sed
949 600 1010 627 quae
1028 596 1073 619 tua

288 651 329 672 est
346 644 410 675 vita,
424 650 440 669 0
455 642 557 669 Paulo?
573 641 626 668 Sed
643 641 713 672 vivit,
731 639 826 674 inquit,
844 639 870 666 in
886 647 925 665 me
941 638 1071 665 Christus.

289 689 316 717 in
329 698 382 725 quo
396 689 461 716 vivit
475 687 612 719 Christus,
626 687 763 714 Christum
782 686 891 713 indutus
906 689 946 713 est
959 694 966 712 ε
981 685 1073 712 istius-

288 736 359 763 modi
381 735 462 762 homo
477 735 521 770 qui
538 734 648 761 Christo
665 732 776 760 indutus
792 736 844 764 est,
866 739 918 758 nott
938 731 1072 762 tunicam,

288 782 334 808 sed
356 781 424 808 sicut
441 781 541 808 ferrum
557 780 618 814 igne
640 784 711 807 lotus
735 787 782 814 per
804 783 889 805 totum
914 777 1072 810 incanduit,

289 831 360 854 totus
379 833 428 860 per
446 830 530 853 totum
552 824 720 851 illuminatus
737 828 789 856 est,
805 823 893 850 nullus
913 822 938 850 ei
956 821 1012 856 jam
1030 830 1072 849 re-

289 873 368 900 lictus
387 877 428 899 est
453 879 507 898 nou
528 877 633 902 tuotus,
658 878 710 897 non
735 869 851 896 aﬂ'ectio.
876 868 929 896 Sed
954 875 1003 895 nos
1027 868 1071 902 qui

287 918 385 946 Christi
405 925 514 946 sensum
540 917 682 949 habemus,
707 923 758 942 non
776 914 877 950 pigebit
899 921 948 940 nos
971 913 1071 944 dicere.
1089 903 1109 932 Β

288 965 350 999 quia
366 964 426 991 talis
442 964 522 991 homo
537 962 661 990 Christus
676 967 717 988 est
733 962 829 988 factus.
842 958 1071 993 Quemadmodum

288 1017 388 1042 autem,
403 1009 474 1037 sicut
488 1009 589 1036 dictum
609 1013 660 1039 est,
678 1007 808 1033 miscetur
831 1005 942 1032 aﬂeetus
965 1003 1073 1031 deside-

289 1056 373 1088 ranti,
396 1060 423 1083 et
447 1054 542 1082 oculus
567 1054 658 1081 lumett
685 1053 836 1086 suscipiens
857 1051 971 1078 eﬁicitur
995 1049 1073 1076 Iumi-

288 1110 372 1130 nosos
387 1114 392 1129 :
408 1107 435 1129 et
452 1101 569 1132 ferrum;
593 1099 692 1134 saepius
716 1099 788 1125 enim
807 1101 966 1132 repetuntur
987 1097 1071 1127 bona;

288 1153 351 1176 ante
375 1148 463 1182 ignem
488 1146 597 1181 quidem
620 1145 719 1172 ferrum
744 1147 818 1176 erat,
842 1143 867 1170 in
897 1143 956 1177 igne
983 1147 1072 1168 autem

288 1195 357 1227 ignis
373 1194 458 1228 magis
471 1200 551 1226 quant
568 1191 668 1218 ferrum
684 1195 725 1217 est
741 1189 838 1216 factus.
852 1189 949 1215 Audite
969 1188 1072 1214 deside-

287 1241 406 1268 rantium
424 1239 503 1265 verba
521 1245 553 1264 ne
569 1237 639 1264 forte
659 1241 685 1263 et
701 1243 747 1262 vos
766 1234 926 1261 moveantini
948 1234 979 1260 ad
1001 1233 1072 1260 desi-

288 1287 404 1314 deritttn.
421 1285 490 1312 Dicit
505 1284 556 1310 iste
579 1283 672 1310 ebrius
695 1289 746 1308 non
767 1282 839 1313 vino,
854 1280 900 1307 sed
919 1287 999 1314 quem
1017 1279 1074 1305 itte-

289 1331 388 1359 briat‘il
408 1331 531 1358 Christus
551 1329 705 1356 desiderio:
722 1327 789 1354 Mihi
812 1333 898 1353 autent
925 1326 992 1352 absit
1016 1325 1073 1359 gla—

286 1378 351 1405 riari
368 1377 418 1404 nisi
433 1377 461 1402 iu
482 1384 557 1402 crure
577 1374 673 1401 Christi
685 1374 706 1389 9°
722 1383 728 1400 :
747 1374 773 1400 itt
791 1373 888 1407 quibus
905 1372 942 1398 illi
959 1372 1072 1398 confun-

287 1424 396 1454 duntur,
416 1422 462 1451 alii
479 1421 650 1455 gloriantur:
667 1421 712 1454 qui
730 1419 801 1446 ettint
821 1419 913 1445 ebrius
926 1422 966 1444 est
989 1417 1074 1444 nescit

287 1466 409 1499 irrideri,
427 1467 472 1494 sed
498 1466 593 1494 irridet
610 1466 770 1497 irridentes,
793 1470 837 1492 est
858 1464 928 1491 enim
957 1469 1028 1491 totus
1047 1463 1072 1489 in

287 1515 360 1541 vino.
382 1515 410 1541 Si
426 1521 491 1548 ergo
514 1513 559 1548 qui
582 1513 608 1539 iu
624 1513 687 1538 vino
702 1517 744 1539 est
760 1519 813 1538 non
833 1511 977 1541 irridetur;
995 1508 1073 1545 putas

287 1561 334 1595 qui
349 1561 375 1587 in
392 1560 501 1587 Christo
519 1563 561 1586 cst
575 1559 625 1585 scit
637 1558 700 1592 quid
717 1562 757 1584 est
777 1556 919 1584 confusio?
936 1564 987 1582 non
1001 1556 1071 1582 enim
1086 1574 1107 1601 ε

288 1606 326 1634 ita
344 1606 428 1641 tangit
442 1606 532 1632 viuum
552 1604 698 1635 hominem,
713 1608 845 1637 quantum
863 1602 948 1636 tangit
965 1601 1071 1627 virtus:

287 1659 375 1687 neque
395 1652 430 1678 ita
449 1651 533 1686 tangit
559 1650 628 1685 ignis
655 1656 686 1676 ea
710 1656 769 1683 quae
789 1648 816 1675 in
842 1649 928 1683 ipsum
951 1654 1075 1674 Incurre-

287 1698 358 1731 rint,
378 1702 507 1732 quantum
530 1696 665 1723 illuminat
682 1695 766 1721 Filius
784 1702 831 1721 eos
857 1694 902 1728 qui
924 1701 953 1721 se
976 1693 1077 1720 fuerint

288 1742 385 1770 induti.
399 1742 466 1775 Quis
486 1747 563 1776 putas
579 1741 661 1768 habet
683 1740 821 1767 Christum
837 1740 882 1774 qui
902 1739 1075 1774 praedicatur,

291 1792 320 1814 ut
335 1793 428 1814 noscat
447 1795 477 1814 ea
501 1795 561 1822 quae
579 1786 721 1817 dicuntur?
735 1794 796 1813 cum
819 1786 892 1813 enitn
917 1794 970 1813 non
996 1786 1077 1813 fuerit

291 1833 456 1860 conscientia
472 1833 543 1860 intus
559 1840 618 1867 quae
633 1832 754 1859 sermoni
775 1836 900 1863 testetur,
916 1832 1003 1858 otiosa
1017 1833 1077 1866 ejus

290 1879 335 1913 qui
358 1879 478 1914 loquitur
502 1878 583 1906 verba
611 1879 792 1910 habebuntur,
815 1884 844 1906 et
864 1878 1006 1910 efﬁcietur,
1031 1879 1076 1912 qui

291 1924 418 1959 loquitur,
434 1925 564 1952 barbarus
579 1925 613 1953 iis
628 1926 673 1959 qui
697 1932 749 1951 non
766 1924 888 1951 audiunt.
904 1924 970 1951 Cum
987 1929 1076 1952 autem

291 1970 458 2006 praeveniens
477 1970 566 1997 anima
584 1970 764 1998 recondiderit
780 1970 844 2002 sibi,
861 1975 893 2003 et_
905 1969 978 1997 ﬁnita
998 1970 1079 1997 fuerit

292 2016 441 2050 desiderio;
460 2016 532 2044 forte
544 2021 572 2044 et
592 2016 719 2044 irascitur
737 2016 770 2043 ad
788 2016 934 2048 dicentem.
948 2016 1011 2050 quia
1026 2023 1078 2043 non

294 2066 367 2089 tanta
383 2063 576 2096 interpretatur
593 2067 693 2097 quanta
710 2063 796 2097 ipsam
813 2067 930 2090 movent.
946 2062 998 2089 Sed
1015 2070 1079 2090 con-

296 2107 387 2134 cedite
410 2107 565 2141 quicunque
588 2107 623 2133 ita
654 2107 853 2142 proposuistis;
885 2106 1079 2141 ininterpreta-

292 2153 354 2180 bilis
376 2152 447 2180 enim
472 2157 514 2180 est
529 2153 574 2187 qui
596 2153 776 2180 desideratur.
800 2153 857 2188 Ego
883 2159 951 2180 sane
973 2152 1079 2180 beatam

293 2200 353 2227 dico
368 2199 459 2231 illum,
482 2207 541 2233 qua:
558 2199 637 2233 digna
659 2198 778 2232 judicata
804 2203 847 2226 est
864 2198 947 2225 Deum
973 2202 1080 2232 portare

1126 266 1196 293 benti
1215 269 1243 292 et
1258 264 1341 292 maris
1360 263 1455 290 ﬂuctus
1474 261 1518 296 qui
1537 259 1649 295 vestigia
1664 259 1763 285 Dontitti
1781 259 1876 286 osculati

1123 317 1203 340 sunt:
1225 316 1251 339 et
1270 311 1358 346 pisces
1379 309 1424 343 qui
1451 311 1587 342 praecepto
1610 305 1696 332 educti
1714 308 1783 332 sunt.
1798 304 1879 332 Beatus

1125 364 1152 386 et
1171 358 1215 385 ille
1233 357 1316 393 piscis
1328 355 1373 390 qui
1393 354 1464 382 dedit
1481 360 1530 388 pro
1549 351 1661 379 Domino
1684 357 1796 377 censum.
1817 350 1882 378 Beata

1125 409 1153 431 et
1173 408 1244 430 terra
1270 406 1297 429 et
1322 409 1396 429 mare
1419 410 1425 428 :
1449 404 1563 434 utraque
1588 397 1658 424 enim
1683 404 1773 431 passus
1796 395 1883 423 Domini

1125 454 1311 483 susceperunt.
1332 448 1430 474 Beatus
1451 450 1478 473 et
1500 444 1646 472 Zacchazus
1664 443 1709 478 qui
1728 443 1836 470 cucurrit
1857 443 1883 469 ad

1125 497 1217 528 ﬁcum,
1231 499 1258 523 et
1276 499 1388 521 vocatus
1402 493 1434 520 ad
1449 493 1558 519 domutn
1578 494 1631 517 est.
1648 489 1681 517 Et
1700 487 1828 524 peccatrix
1848 488 1883 515 illa

1125 542 1233 574 mulier,
1255 549 1314 575 qute
1336 541 1405 567 bona
1428 537 1630 573 importunitate
1653 536 1768 570 ingressa
1792 540 1826 562 est
1849 541 1883 562 re-

1124 588 1330 616 cumbentibus:
1350 585 1533 613 contaminata
1550 583 1622 610 enim
1638 581 1767 613 introivit,
1784 585 1808 607 et
1823 588 1884 608 mun-

1124 635 1186 662 data
1206 634 1297 661 exivit.
1314 632 1384 668 Ergo
1398 638 1491 659 omnes
1512 629 1581 657 beati
1603 636 1636 655 ex
1657 628 1771 655 adventu
1791 626 1884 659 Christi,

1124 687 1151 709 et
1175 681 1271 709 mortui
1295 680 1341 714 qui
1360 679 1414 713 jam
1437 685 1490 704 non
1511 675 1625 707 mortui,
1645 679 1671 702 et
1691 668 1755 701 caeci
1773 673 1822 707 jam
1843 679 1884 698 non

1123 728 1197 759 czeci,
1213 733 1239 754 et
1257 725 1343 753 claudi
1369 725 1509 754 salientes.
1522 727 1549 750 et
1564 721 1630 748 muti
1649 719 1797 752 laudantes,
1814 723 1837 745 et
1851 718 1885 744 ille

1123 775 1167 810 qui
1183 773 1291 801 sedebat
1311 772 1343 799 ad
1360 772 1453 806 pedes,
1474 769 1519 804 qui
1535 774 1598 795 ante
1619 775 1633 794 a
1656 766 1759 801 legione
1777 763 1886 797 impulsus

1123 820 1260 847 currebat.
1283 817 1357 846 Beati
1378 817 1423 852 qui
1445 816 1471 843 in
1491 814 1593 848 nuptiis
1614 812 1739 840 biberunt
1761 810 1843 837 vinum
1860 816 1885 835 ex

1125 870 1267 902 praecepto.
1283 864 1352 898 Quid
1368 864 1439 898 {ergo
1460 868 1553 888 omnes
1574 858 1666 889 beati,
1688 862 1733 884 aut
1753 855 1851 890 quidam
1866 858 1887 881 e‘.

1124 912 1309 941 miserabiles?
1331 909 1414 939 Judas
1439 908 1510 935 enim
1539 905 1584 941 qui
1612 905 1714 931 utinam
1742 906 1818 929 natus
1844 907 1886 926 non

1123 959 1212 988 esset!
1240 963 1320 994 putas
1349 955 1412 991 quia
1443 954 1512 988 apud
1541 951 1716 985 semetipsum
1742 955 1792 975 non
1816 945 1886 974 dixit:

1124 1006 1231 1034 Utinam
1257 1011 1308 1031 tton
1327 1002 1462 1031 venisset,
1491 1004 1520 1026 ut
1541 1005 1592 1033 ego
1616 1004 1670 1024 tton
1696 990 1885 1022 condemnaret!

1122 1050 1204 1078 Putas
1225 1054 1253 1076 et
1278 1048 1362 1076 Judaei
1394 1047 1416 1073 si
1440 1045 1588 1073 voluissent
1620 1042 1735 1069 fuissent
1768 1038 1847 1070 beati,
1867 1042 1887 1064 et

1123 1095 1224 1131 pritni?
1249 1093 1316 1127 Quid
1343 1092 1426 1128 ergo?
1449 1091 1518 1124 Quia
1544 1089 1691 1116 ttoluerunt
1711 1085 1790 1114 Judxi
1808 1094 1814 1112 τ
1830 1083 1888 1110 Num

1122 1140 1295 1168 incredulitas
1317 1147 1407 1166 eorum
1438 1137 1517 1171 [idem
1543 1135 1590 1162 Dei
1622 1133 1778 1162 evacuabit?
1797 1131 1886 1158 absit’.

1122 1188 1171 1222 Qui
1188 1187 1258 1215 enim
1276 1186 1350 1213 venit
1367 1185 1399 1212 ad
1419 1183 1569 1211 faciendum
1590 1181 1670 1213 bene,
1685 1179 1758 1206 venit
1774 1176 1884 1211 siquidem

1123 1239 1150 1261 ct
1169 1234 1259 1261 lumen
1278 1232 1373 1262 oritur,
1394 1238 1446 1257 non
1471 1234 1501 1256 ut
1522 1228 1679 1260 occidamus
1702 1225 1812 1259 aliquem
1830 1231 1836 1249 :
1854 1221 1889 1248 ille

1123 1280 1194 1306 cnim
1219 1278 1304 1305 malus
1327 1281 1383 1309 est,
1411 1275 1457 1310 qui
1481 1274 1553 1302 bono
1581 1273 1666 1300 utitur
1690 1271 1768 1298 male.
1790 1268 1847 1296 Nam
1868 1273 1889 1294 et

1123 1328 1224 1354 ferrum
1248 1327 1339 1354 datuut
1364 1330 1405 1352 est
1426 1324 1458 1351 ad
1481 1323 1592 1350 cultura:
1622 1320 1754 1349 medelam
1773 1328 1780 1346 :
1801 1318 1820 1345 si
1840 1316 1888 1351 quis

1123 1380 1212 1411 autem
1229 1372 1300 1399 ferro
1318 1379 1381 1398 usus
1397 1370 1537 1402 occiderit,
1556 1377 1606 1395 non
1629 1373 1672 1395 est
1691 1365 1832 1401 culpandus
1851 1363 1887 1398 qui

1123 1409 1244 1447 donavit.
1265 1418 1404 1452 Siquidem
1421 1420 1447 1443 et
1464 1416 1533 1450 ignis
1549 1416 1582 1442 ad
1597 1421 1689 1446 curas,
1705 1413 1739 1440 ad
1754 1409 1887 1440 luminaria,

1123 1467 1156 1494 ad
1171 1465 1347 1493 excoctiones
1363 1464 1439 1490 datus
1456 1466 1497 1489 est
1515 1462 1591 1489 nobis
1610 1471 1617 1488 :
1639 1461 1663 1488 si
1687 1460 1748 1495 quis
1770 1462 1848 1485 autem
1866 1461 1890 1481 eo

1124 1514 1157 1540 ad
1179 1512 1371 1540 incendendam
1394 1509 1509 1543 proximi
1532 1509 1641 1534 domttm
1666 1507 1746 1534 fuerit
1769 1511 1842 1536 usus,
1859 1500 1891 1528 ille

1125 1558 1211 1585 malus
1229 1561 1270 1584 est
1285 1557 1330 1591 qui
1352 1556 1437 1582 utitur
1458 1554 1537 1582 male.
1558 1553 1653 1588 Neque
1676 1560 1743 1587 aqua
1762 1550 1826 1578 mala
1842 1548 1891 1583 quit

1126 1603 1308 1639 praeferantur
1324 1602 1432 1637 quidam
1447 1610 1453 1628 :
1470 1601 1492 1628 si
1511 1600 1583 1628 enim
1600 1600 1688 1634 ipsam
1712 1606 1770 1634 qua:
1785 1598 1814 1623 ad
1830 1601 1891 1622 usum

1127 1649 1270 1684 plurimum
1292 1654 1316 1676 et
1334 1649 1366 1675 ad
1386 1647 1560 1674 refectionem
1580 1647 1641 1673 data
1658 1650 1717 1678 est,
1739 1646 1829 1672 bonam
1846 1639 1892 1674 qui-

1126 1697 1198 1728 dent,
1219 1695 1288 1722 male
1310 1697 1342 1722 ad
1367 1693 1585 1721 interﬁciendum
1611 1696 1737 1724 utuntur,
1755 1689 1802 1724 ipsi
1822 1687 1892 1723 politi!

1126 1741 1271 1776 perniciosi
1287 1745 1366 1772 sunt,
1384 1747 1463 1775 quam
1487 1739 1636 1773 opiﬁcium.
1659 1738 1694 1765 Et
1714 1737 1779 1771 lapis
1795 1735 1824 1761 ad
1841 1739 1893 1760 con-

1127 1787 1301 1814 structionem
1310 1791 1350 1813 est
1363 1787 1447 1818 datus,
1467 1785 1533 1813 Cain
1543 1791 1632 1812 autem
1652 1792 1685 1812 eo
1700 1784 1733 1810 ad
1752 1779 1894 1809 interfectio—

1128 1841 1188 1861 nem
1200 1833 1292 1869 fratris
1304 1837 1345 1860 est
1355 1840 1434 1859 usus:
1447 1836 1550 1858 tantum
1560 1831 1630 1858 enim
1642 1830 1703 1857 mali
1716 1834 1777 1857 sunt
1791 1826 1831 1861 qui
1845 1827 1893 1852 sunt

1130 1878 1205 1910 ntali,
1220 1877 1282 1911 quia
1304 1877 1404 1904 bonum
1420 1876 1456 1903 ad
1473 1876 1571 1903 malum
1587 1879 1760 1902 convertunt.
1773 1871 1842 1899 Jesus
1854 1875 1893 1903 pax

1128 1929 1188 1956 est,
1209 1929 1235 1950 et
1254 1924 1327 1950 venit
1351 1922 1494 1958 paciﬁcare
1523 1929 1583 1956 qua:
1608 1921 1633 1947 in
1659 1919 1728 1947 coalo
1758 1920 1815 1945 sunt
1833 1919 1855 1942 ct
1874 1913 1894 1939 in

1130 1974 1213 1997 terra.
1230 1969 1257 1996 Si
1272 1969 1330 1996 haec
1349 1976 1414 1996 vera
1430 1973 1502 2000 sunt,
1522 1967 1591 1994 sicut
1604 1974 1688 1998 vera;
1703 1965 1765 2000 quid
1785 1962 1894 1989 iaciemus

1130 2015 1173 2042 Itis
1188 2023 1247 2050 quae
1271 2015 1341 2043 lecta
1356 2019 1419 2041 sunt
1436 2014 1533 2042 hodie?
1550 2013 1618 2040 Dicit
1633 2013 1707 2040 enim
1723 2012 1778 2045 ipse
1792 2007 1894 2036 Salvam!

1131 2062 1158 2088 itt
1180 2061 1343 2096 Evangelia:
1365 2060 1456 2087 Nolite
1472 2063 1563 2094 putare
1586 2059 1648 2093 quia
1671 2058 1727 2084 νειιί
1752 2057 1842 2082 mittere
1858 2058 1894 2084 pa-

1132 2115 1188 2133 cem.
1212 2107 1239 2134 in
1259 2112 1356 2133 terram
1371 2106 1391 2135 ³.
1416 2105 1543 2140 Nunquid
1571 2104 1614 2130 nix
1639 2103 1788 2130 calefacere
1809 2100 1895 2134 potest.

1132 2157 1179 2180 aut
1201 2153 1270 2188 ignis
1294 2153 1357 2180 dare
1376 2150 1524 2187 frigoretn?
1544 2150 1669 2184 Nunquid
1688 2156 1737 2184 pax
1758 2149 1838 2181 potest
1855 2148 1895 2169 n0"

1135 2200 1241 2227 mittere
1273 2200 1388 2234 pacein?
1416 2200 1555 2232 Quomodo
1582 2205 1647 2234 ergo
1676 2196 1733 2229 ipse
1754 2201 1802 2229 pax
1827 2189 1895 2234 dicit;

293 2247 320 2273 in
343 2251 433 2274 utero.
456 2245 512 2280 Ego
537 2250 564 2272 ct
587 2245 747 2280 prtesepium
774 2244 838 2272 illud
862 2244 959 2279 diligo,
980 2244 1006 2270 itt
1028 2251 1081 2277 quo
1096 2243 1119 2270 D
1135 2245 1226 2273 Nolite
1245 2232 1339 2280 putare
1354 2246 1417 2280 quia
1441 2245 1499 2272 ueni
1522 2232 1738 2279 pucemvmittere
1753 2240 1778 2266 in
1800 2232 1895 2264 terram!

292 2293 356 2320 vine
371 2292 486 2327 positum
502 2297 543 2319 est
560 2292 736 2318 medicamen.
750 2290 783 2317 Et
798 2297 891 2324 magos
912 2291 1005 2317 beatos
1021 2289 1081 2316 dico

291 2339 327 2366 ob
346 2339 559 2366 immutationem
584 2338 660 2365 artis.
684 2337 768 2364 Beata
782 2341 809 2364 et
833 2335 961 2367 Rachacl,
977 2341 1003 2362 et
1024 2335 1080 2370 jam

291 2391 344 2412 tton
373 2385 479 2420 ploret,
503 2385 565 2419 quia
593 2383 652 2418 ejus
677 2382 724 2410 ﬁlii
750 2387 884 2417 martyres
918 2381 1084 2408 exstiterunt

292 2431 404 2459 Christi.
429 2430 537 2458 Simeon
562 2435 652 2457 autem
676 2429 721 2456 ille
745 2432 772 2455 et
793 2429 871 2455 Anna
895 2427 955 2454 ideo
978 2426 1081 2461 gratias

295 2477 422 2511 agebant,
437 2477 499 2511 quia
523 2477 594 2510 digni
610 2475 723 2510 iudicati
746 2479 809 2502 sunt
827 2474 917 2501 videre
940 2480 1019 2507 quem
1034 2472 1081 2499 de-

294 2523 451 2551 siderabant
483 2523 560 2550 multi
593 2522 723 2557 quidem,
752 2522 878 2548 viderunt
907 2524 998 2547 autem
1028 2526 1080 2545 non

292 2576 398 2596 omnes.
412 2569 530 2597 Joannes
551 2574 641 2596 autem
658 2568 701 2595 ille
718 2568 764 2602 qui
781 2568 808 2594 in
829 2571 938 2602 pectore
957 2565 1082 2592 recubuit

303 2615 421 2648 Domini,
435 2615 498 2643 inde
512 2615 642 2642 hauriens
657 2615 735 2642 ttobis
750 2613 868 2648 loquitur
881 2622 887 2639 :
904 2611 937 2639 1η
953 2611 1082 2646 principio

291 2665 349 2688 erat
380 2660 491 2688 Verbum
521 2661 539 2688 ‘.
571 2659 668 2688 Petrus
692 2668 756 2688 vero
777 2660 822 2694 qtti
848 2667 862 2686 a
887 2658 968 2685 Patre
987 2659 1083 2692 dignus

291 2704 427 2738 judicatus
458 2704 650 2732 revetationem
685 2704 818 2738 accipere,
843 2707 871 2730 et
899 2702 990 2728 videre
1022 2708 1082 2728 eum

293 2756 372 2783 quem
395 2759 447 2777 nntt
466 2750 588 2780 videbat,
613 2754 640 2777 et
656 2756 768 2777 noscere
782 2756 842 2776 eum
859 2748 904 2782 qui
928 2747 1084 2775 occultaba—

328 2807 352 2823 "
371 2807 431 2835 Gal.
446 2816 475 2838 ll,
491 2807 536 2835 20.
574 2806 597 2823 "
614 2806 676 2834 Gai.
690 2814 727 2840 Vt,
743 2806 787 2833 ιι.
825 2806 833 2822 ¹
853 2805 932 2834 Joan.
948 2813 966 2837 t,
985 2804 1009 2832 1.

295 2848 335 2874 ttt,
351 2841 392 2868 Π.
433 2843 442 2858 ⁸
460 2843 553 2870 Matth.
568 2851 613 2873 xv.
625 2842 672 2869 24.

328 2899 386 2932 (85)
406 2899 467 2933 Ms.,
484 2899 635 2928 dtstcttscrit
655 2900 714 2927 sibi.

1048 2806 1058 2821 '
1077 2805 1154 2834 Rom.
1169 2813 1209 2840 tn,
1221 2807 1248 2835 5.

1131 2292 1165 2320 de
1180 2299 1232 2327 qua
1253 2299 1319 2319 sane
1342 2288 1442 2319 dictum
1459 2296 1516 2323 est.
1535 2296 1563 2318 et
1577 2290 1609 2317 de
1626 2296 1691 2323 quo,
1708 2287 1767 2322 Quia
1787 2283 1847 2311 veni!
1861 2286 1895 2313 Ρα-

1131 2337 1239 2372 ci/icare
1259 2345 1317 2372 quae
1332 2337 1358 2363 itt
1377 2336 1440 2363 coelo
1458 2341 1517 2363 sunt
1537 2340 1560 2362 et
1577 2335 1604 2361 in
1621 2339 1691 2360 terra
1705 2333 1725 2359 ⁸.
1741 2328 1865 2364 Siquidem
1877 2327 1896 2350 el

1131 2382 1194 2410 alibi
1213 2382 1277 2410 dicit
1291 2382 1464 2416 Evangelium
1479 2390 1487 2408 :
1513 2380 1597 2412 Venit,
1613 2388 1664 2406 non
1679 2379 1717 2405 uti
1729 2376 1824 2412 jndicet
1837 2377 1896 2416 muns

1131 2428 1211 2460 dum,
1233 2428 1278 2454 sed
1301 2433 1328 2454 ut
1352 2428 1465 2454 mundus
1486 2426 1574 2454 saluus
1594 2426 1640 2460 ﬁat
1665 2432 1711 2460 per
1733 2423 1811 2454 ipsum
1822 2420 1840 2446 ⁵.
1857 2415 1896 2448 QUi

1131 2474 1218 2502 credit
1232 2474 1353 2502 salvatnr
1366 2482 1373 2500 :
1389 2474 1432 2509 qui
1446 2478 1535 2501 autem
1549 2480 1602 2499 non
1617 2471 1704 2498 credit
1718 2468 1843 2504 judicatus
1855 2465 1896 2489 est.

1133 2521 1167 2548 Et
1188 2521 1305 2548 iterum:
1328 2519 1389 2547 Non
1408 2521 1465 2547 ueni
1485 2520 1534 2546 niti
1558 2518 1592 2545 ad
1610 2526 1668 2545 oves
1693 2515 1804 2551 perditas
1822 2512 1898 2537 domus

1138 2566 1221 2594 Israel
1240 2567 1250 2582 '
1265 2577 1270 2594 :
1287 2572 1313 2594 et
1335 2572 1410 2594 certe
1431 2566 1514 2600 magis
1533 2564 1681 2600 perierunt.
1700 2560 1768 2594 Quid
1785 2563 1842 2592 ergo
1857 2554 1897 2581 ista

1136 2613 1275 2641 contraria
1297 2612 1382 2640 sunt?
1407 2611 1474 2638 Num
1499 2615 1528 2638 ut
1554 2609 1720 2640 dividantur,
1742 2605 1834 2632 veritas
1856 2606 1897 2627 non

1137 2659 1287 2687 consentiet
1320 2658 1388 2686 sibi?
1413 2657 1440 2684 Si
1469 2658 1551 2693 igitur
1576 2655 1676 2684 veritas
1701 2649 1847 2681 discesserit
1868 2645 1897 2673 si-

1137 2705 1163 2732 bi
1179 2704 1247 2740 (85),
1267 2705 1359 2739 perdet
1371 2709 1399 2732 et
1416 2709 1558 2736 naturam;
1575 2701 1706 2730 mendacii
1730 2699 1798 2727 enint
1816 2699 1896 2740 natura

1138 2750 1164 2777 in
1180 2750 1347 2778 dissensione
1361 2754 1412 2782 est,
1427 2753 1549 2777 vernans
1563 2752 1652 2775 autem
1668 2750 1762 2773 natura
1775 2737 1897 2770 consensio

1287 2807 1297 2823 ³
1317 2806 1411 2834 Matth.
1427 2814 1454 2840 ι,
1465 2806 1509 2834 54.
1549 2805 1559 2821 ⁸
1577 2805 1679 2834 Coloss.
1693 2811 1713 2835 ι,
1728 2801 1772 2829 20.
1807 2799 1816 2814 '
1832 2796 1896 2825 mlh
