2024 3208
167 173 234 200 H77

835 175 868 203 IN
890 174 1020 203 MATTH.
1042 175 1074 207 Χ,
1093 175 1137 203 δι.

1711 175 1780 205 H78

166 234 215 258 est.
232 229 371 263 Quomodo
385 238 449 265 ergo
465 231 515 259 ista
532 231 582 259 sibi
598 233 787 260 consentient?
803 232 879 260 Jesus
901 241 949 267 pax
965 236 989 264 Α
1003 233 1028 260 in
1054 234 1123 260 rosis
1141 232 1255 260 habetur
1280 233 1439 265 diversitas,
1461 233 1489 260 iu
1515 233 1605 261 colore
1627 233 1728 261 scilicet
1752 237 1781 262 et

167 281 218 309 est,
233 281 259 303 et
279 276 336 307 ipse
356 276 420 304 dicit
439 285 447 304 :
466 276 555 304 Nolite
583 284 675 312 putare
695 280 758 314 quia
783 287 872 314 pacem
893 280 948 306 veni

167 323 267 349 mittere
288 323 314 349 in
336 327 441 349 terram.
458 323 560 350 Dictum
586 329 674 351 autem
697 325 729 352 de
741 331 773 352 eo
794 329 854 351 est-:
872 324 947 351 Venit

167 369 305 403 pacificare
325 377 354 395 ea
379 377 436 403 qnw
462 371 489 396 in
516 371 585 396 uelis
602 376 660 397 sunt
680 376 703 397 et
726 372 753 398 in
779 376 858 398 terra.
876 370 947 403 Quo-

167 416 246 442 modo
262 422 327 449 ergo
342 422 395 442 non
410 416 481 442 venit
499 423 591 449 pacem
609 417 634 442 in
654 422 752 443 terram
773 416 887 448 mittere,
903 416 947 449 qui

167 460 227 488 ideo
248 460 330 493 venit,
345 464 373 487 ut
392 465 417 487 et
434 467 464 486 ea
485 467 544 494 quin
569 461 595 487 in
619 461 696 488 cazlis
710 466 736 487 et
753 461 778 487 in
797 465 866 487 terra
889 465 950 487 sunt

166 505 329 540 paciﬁcaret,
344 510 371 532 et
386 506 419 532 atl
433 513 496 533 oves
518 507 634 540 perditas
652 507 746 533 domus
761 506 844 533 Israel
863 507 946 539 venit,

166 556 194 578 et
210 552 323 578 inventae
342 556 404 578 sunt
429 552 588 584 pereuntes?
613 552 670 578 Non
693 557 736 578 est
761 552 857 579 missus
875 552 948 587 judi-

167 604 239 629 care,
262 601 289 624 et
313 597 448 623 invenitur
468 597 657 624 condemnare.
682 596 709 624 Si
731 598 792 632 quis
813 598 950 624 desiderat

167 649 199 669 ea
219 649 278 676 qua:
303 647 366 670 sunt
388 642 493 669 Domini
519 643 643 674 edoceri,
663 643 788 677 projicial
810 643 898 668 omnia
916 650 949 669 ex

167 689 248 716 corde
265 697 324 721 suo,
338 693 366 717 et
380 689 480 716 mundo
500 689 577 716 octtlo
593 690 689 716 mt'ttlis
707 690 837 716 intendat.
851 689 950 723 Propo-

167 735 246 763 situm
264 735 370 769 quidem
387 735 431 762 Dei
444 735 488 770 qui
512 735 584 762 misit
600 735 695 762 Filium
713 743 790 762 Sllttm
808 735 860 762 tale
875 739 949 767 erat,

167 785 197 808 ut
221 780 389 807 salvarentur
411 781 542 808 homines.
554 780 710 808 Obedieutia
734 786 823 808 autem
835 781 893 815 ejus
904 781 949 815 qui

168 827 268 854 missus
287 831 328 853 est
349 834 398 858 ea,
419 832 448 853 ut
464 834 515 860 pax
531 832 604 854 esset
625 827 652 854 in
676 827 752 854 caelis
772 831 799 854 et
818 827 844 854 in
867 832 948 853 terra.

136 907 141 912 _
169 871 245 900 Unde
260 879 325 907 ergo
341 879 392 898 non
411 872 479 906 pax?
493 873 532 899 Ab
549 872 704 899 inﬁrmitate
724 871 821 906 quippe
844 879 948 903 eorum,

167 918 211 952 qui
228 925 288 958 non
313 922 456 952 potuerunt
480 918 618 952 suscipere
648 917 818 952 splendorem
843 917 951 944 lttmiuis
967 913 986 940 Β

166 963 235 990 veri.
252 962 311 996 Ipse
333 964 404 990 enim
423 970 515 997 pacem
541 963 684 997 praedicat,
707 968 734 989 et
750 963 809 989 ideo
826 962 950 989 hortatur

167 1009 219 1036 hoc
242 1008 341 1035 Paulus
364 1008 508 1042 apostolus,
528 1014 554 1036 et
578 1009 660 1035 dicit:
677 1007 737 1042 Ipse
754 1013 790 1034 est
811 1008 878 1034 enim
898 1015 951 1041 pan:

167 1060 257 1082 nostra
271 1055 290 1081 ⁷.
311 1055 410 1082 Eorum
426 1054 528 1082 scilicet
542 1055 586 1089 qui
610 1054 725 1082 credunt
741 1058 768 1081 et
789 1054 949 1088 suscipiunt,

166 1107 218 1135 pax
242 1105 293 1127 est.
317 1099 455 1133 Quomodo
473 1107 537 1134 ergo
561 1108 612 1126 non
636 1107 727 1134 parem
750 1099 832 1126 mittit
850 1099 875 1125 iu
899 1104 950 1126 ter-

167 1144 318 1172 ram?Filia
334 1146 458 1178 credidit,
473 1145 716 1180 paterincredulus
731 1146 869 1172 remansit.
884 1145 949 1177 Qua:

166 1192 367 1218 communicatio
384 1197 420 1218 ut
443 1192 514 1226 [ξαειὶ
530 1192 563 1218 ad
585 1191 756 1225 inﬁdelem“?
784 1193 857 1226 pacis
879 1192 949 1218 enim

166 1237 320 1271 praedicatio
335 1237 492 1264 divisionem
508 1241 643 1270 operatur.
660 1236 743 1263 Filius
757 1236 856 1267 ﬁdelis,
872 1241 950 1270 pater

168 1283 320 1310 incredulus
340 1290 395 1310 εει
415 1283 576 1309 necessitate
596 1283 628 1309 lis
644 1287 703 1313 est;
725 1287 752 1308 et
775 1290 834 1316 quae
852 1283 950 1316 praedi—

167 1334 244 1356 catur
257 1337 319 1364 pax,
335 1333 444 1364 operata
460 1334 502 1356 est
515 1329 682 1359 divisionem,
695 1334 721 1356 et
734 1330 831 1356 bonatn
842 1329 951 1356 divisio-

167 1383 244 1408 nem;
265 1375 290 1401 itt
307 1382 372 1409 pace
386 1379 474 1402 autem
496 1375 589 1402 salvali
612 1382 713 1402 Sumus.
733 1374 767 1402 Ut
782 1382 834 1402 non
859 1380 948 1402 autem

166 1427 215 1454 ego
230 1419 300 1447 illius
315 1420 491 1455 interpreter;
509 1420 573 1447 nihil
589 1420 660 1447 enim
677 1424 718 1447 cst
732 1421 802 1454 quod
818 1428 872 1447 non
891 1420 950 1454 ejus

167 1465 311 1492 debeamus
325 1466 437 1493 audire:
454 1465 509 1499 ipse
532 1465 596 1492 dicit
611 1475 617 1492 :
640 1464 680 1492 Ne
697 1467 793 1500 putetis
814 1466 877 1500 quia
892 1465 948 1492 veni

167 1519 255 1545 pacem
282 1511 384 1538 mittere
408 1511 435 1538 in
460 1515 567 1538 teri-ant.
591 1511 625 1538 Et
650 1512 738 1538 adhuc
765 1512 948 1538 vehementius

166 1556 240 1583 addit
252 1565 258 1582 :
273 1555 334 1582 Non
348 1557 403 1582 veni
415 1564 503 1590 parem
516 1556 627 1588 mittere,
638 1557 682 1582 sed
696 1555 811 1589 gladium
821 1555 840 1580 ³.
853 1556 948 1588 Quent-

166 1602 308 1628 admodum
323 1610 375 1628 non
399 1588 503 1636 pacem,
523 1606 551 1628 et
565 1588 790 1635 quemadmodum
815 1600 950 1634 gladium?
964 1588 986 1617 δ

173 1645 235 1673 Ven:
266 1647 334 1672 enim
372 1646 487 1672 incidere
522 1646 653 1672 hominem
695 1646 818 1672 adversus
849 1650 950 1679 patrem

164 1689 296 1716 luunt”:
322 1689 422 1723 accipio
440 1688 512 1715 enim
544 1688 627 1714 tilium
653 1688 726 1723 ejus,
749 1693 775 1715 et
799 1696 851 1715 nott
878 1688 950 1714 delc-

164 1739 255 1762 ctatur
269 1738 355 1769 pater.
373 1735 490 1761 Adverte
505 1739 592 1761 autem
607 1739 633 1762 et
649 1734 764 1769 ipsorum
780 1733 949 1760 efﬁcientiam

165 1787 338 1811 sermonum;
353 1780 415 1813 quia
437 1780 507 1806 enim
532 1781 601 1807 dixit
623 1780 738 1815 gladium
760 1779 889 1811 incidere,
903 1780 950 1806 ad-

166 1825 221 1852 dit:
233 1823 320 1850 Nolite
335 1830 427 1859 pntare
440 1826 500 1859 quia
518 1826 574 1852 veni
587 1834 676 1860 pacem
690 1825 791 1852 mittere
804 1825 829 1851 iu
841 1830 948 1851 terram.

165 1870 223 1897 Non
242 1870 356 1904 suscipit
374 1876 457 1897 terra.
480 1870 537 1897 Non
563 1871 623 1898 veni
641 1879 733 1906 pacem
752 1871 880 1898 mittere:
901 1870 951 1896 ite-

168 1925 227 1942 rum
245 1916 305 1942 audi
323 1917 348 1942 in
365 1921 463 1945 terram
477 1925 483 1943 :
499 1916 554 1950 Ego
568 1917 651 1949 enim,
665 1917 760 1951 inquit,
777 1924 869 1951 pacem
885 1924 950 1951 pra:-

166 1963 236 1992 tlico.
252 1962 298 1988 sed
323 1967 393 1988 terra
410 1969 461 1988 non
482 1963 604 1996 suscipit.
625 1962 682 1989 Non
705 1970 769 1998 ergo
792 1962 950 1990 seminantis

166 2008 331 2042 propositum
346 2016 353 2033 :
369 2007 427 2041 ipse
441 2008 513 2035 enim
529 2008 658 2034 sustinuit
675 2014 703 2035 ut
718 2008 839 2036 facerent
856 2016 946 2038 uvam,

163 2054 286 2081 fecerunt
306 2059 398 2080 autem
415 2055 515 2088 spinas.
538 2053 628 2088 Neque
647 2055 668 2081 is
687 2054 713 2081 in
732 2063 814 2082 causa
831 2060 884 2088 est,
901 2055 946 2089 qui

162 2098 297 2127 beneiecit
312 2100 418 2127 vineae:
442 2099 502 2126 Veni
518 2100 600 2133 enim,
617 2100 714 2134 inquit,
737 2101 850 2127 incidere
866 2101 950 2127 homi-

163 2154 222 2172 nem
242 2145 366 2172 adversus
382 2152 483 2180 patrem
498 2154 590 2178 suum,
610 2151 634 2173 et
653 2155 747 2173 nurum
763 2148 886 2174 adversus
908 2155 949 2173 so-

159 2193 235 2218 ‘crum
254 2200 341 2219 ειιαιη.
369 2191 414 2219 Isti
439 2200 579 2219 sermones
599 2193 680 2220 rcbtts
704 2193 767 2227 ipsis
795 2194 946 2220 ﬁrmantur.

999 280 1101 306 odore:
1123 283 1150 306 et
1172 279 1198 305 in
1216 278 1348 305 fructibus
1369 282 1412 305 est
1428 278 1555 311 varietas,
1577 283 1604 304 et
1620 278 1780 313 magnitudi-

999 325 1051 356 nis,
1065 328 1092 351 et
1111 323 1219 356 coloris,
1234 327 1261 350 et
1285 328 1390 358 gustus,
1410 328 1439 350 et
1453 328 1561 351 tactus:
1580 327 1608 350 et
1630 323 1722 350 vinum
1746 332 1778 351 ex

998 371 1053 396 vite
1068 374 1108 396 est
1130 376 1218 402 omne,
1238 369 1284 396 sed
1302 373 1395 403 gustus
1409 368 1508 395 diversi
1524 377 1531 395 :
1550 373 1576 395 et
1592 368 1657 396 olea:
1676 369 1778 396 fructus

997 415 1181 442 variticantur.
1196 415 1248 442 Sed
1261 413 1482 441 horumomnium
1495 414 1622 446 varietas,
1636 419 1663 440 et
1679 415 1781 440 anima-

999 461 1073 494 lium,
1087 466 1216 488 eteorum
1230 460 1274 495 qui
1290 468 1322 486 ex
1339 459 1394 494 ipsa
1407 464 1469 486 sunt
1484 460 1592 494 specie:
1608 467 1692 494 equus
1707 460 1779 487 enim

998 514 1068 541 equo
1084 507 1211 537 velocior,
1231 510 1257 533 et
1275 514 1326 532 non
1347 511 1461 536 tantum,
1483 509 1612 538 quantum
1632 506 1710 532 ltomo
1733 505 1781 532 ho-

1000 553 1062 580 mini
1083 563 1087 580 :
1106 552 1192 579 nullus
1216 552 1286 578 enim
1310 559 1396 587 equus
1422 551 1508 578 currit
1535 555 1683 578 retrorsutn
1705 560 1711 578 :
1732 551 1782 578 ho-

1000 599 1085 625 mines
1105 603 1192 626 autem
1209 598 1317 632 quidam
1332 602 1396 625 sunt
1415 597 1546 631 religiosi,
1563 597 1670 631 quidam
1693 597 1781 624 sacri-

999 645 1061 679 legi,
1078 645 1121 671 a'lii
1140 645 1238 678 pudici,
1254 644 1298 671 alii
1314 644 1458 676 luxuriosi,
1474 644 1518 670 alii
1534 643 1663 677 diripiunt
1678 643 1779 677 aliena,

999 691 1042 717 alii
1065 694 1193 725 spargunt
1217 697 1281 721 sua,
1306 689 1351 716 alii
1374 693 1532 724 stuprantur
1550 695 1602 714 non
1629 695 1694 714 suas
1721 695 1782 714 mu-

998 736 1088 769 lieres,
1103 737 1146 763 alii
1168 744 1201 763 ne
1222 736 1328 770 quidem
1354 743 1417 762 suas
1435 734 1604 768 contingunt.
1631 732 1690 759 Non
1708 733 1780 760 enim

1000 787 1072 810 tanta
1093 783 1237 809 diversitas
1260 785 1302 808 est
1319 787 1405 812 terrae,
1426 785 1525 814 quanta
1545 781 1660 806 varietas
1680 779 1782 805 anima-

1000 836 1079 855 rum:
1097 828 1140 855 ille
1156 828 1227 854 enim
1244 832 1346 862 martyr
1361 828 1476 860 exsistit,
1497 827 1565 853 alius
1589 825 1780 860 persequitur;

1000 879 1026 900 et
1046 879 1140 900 natura
1163 873 1270 907 quidem
1296 872 1353 907 ipsa
1377 877 1434 904 est,
1460 872 1585 898 voluntas
1613 875 1701 897 autem
1734 869 1782 896 ad-

1002 928 1078 947 versa
1097 920 1162 955 (84).
1185 919 1249 947 lude
1265 923 1306 945 est
1326 923 1354 945 ut
1377 918 1420 945 ille
1444 918 1552 951 quidem
1577 917 1609 943 ad
1635 915 1783 943 Ecclesiam

1002 970 1092 992 currat
1109 966 1255 997 mauicans,
1279 964 1348 991 alius
1371 965 1402 990 at!
1429 963 1532 998 lapides
1552 961 1670 989 oﬁ'endat
1689 968 1784 988 exsur-

1001 1019 1066 1045 gens
1086 1011 1118 1037 ad
1140 1010 1238 1037 lumen.
1261 1009 1322 1035 lude
1341 1014 1383 1036 est
1407 1015 1435 1035 ιιι
1460 1008 1502 1034 ille.
1527 1009 1631 1034 lauetur
1650 1008 1720 1042 quod
1742 1011 1785 1033 est

1002 1056 1125 1090 pudicus,
1140 1055 1209 1081 alius
1234 1054 1349 1088 gaudeat
1370 1053 1441 1088 quod
1460 1053 1486 1079 itt
1510 1052 1664 1078 libidinibus
1679 1051 1784 1078 voluta-

1003 1107 1054 1128 tur.
1074 1100 1138 1128 lude
1151 1105 1194 1127 est
1211 1105 1239 1126 ut
1257 1099 1299 1126 ille
1321 1099 1346 1125 in
1368 1098 1425 1125 foro
1441 1098 1538 1125 vendat
1557 1104 1585 1124 et
1602 1096 1783 1127 distrahatur,

1002 1147 1069 1174 alius
1089 1148 1121 1174 ad
1144 1146 1290 1172 Ecclesium
1315 1145 1426 1172 veniens
1451 1145 1622 1178 semetipsum
1652 1143 1782 1169 lucretur.

1001 1193 1064 1220 Inde
1079 1198 1119 1220 est
1135 1198 1164 1219 ut
1181 1192 1223 1219 ille
1238 1192 1323 1218 aliena
1339 1191 1419 1224 colat,
1443 1191 1509 1217 alius
1531 1191 1581 1217 sibi
1598 1195 1700 1223 parcat.
1716 1189 1779 1215 Inde

1002 1244 1045 1266 est
1061 1243 1090 1265 ut
1108 1238 1152 1264 ille
1177 1237 1278 1271 lapides
1301 1236 1426 1267 aediﬁcet,
1442 1236 1509 1262 alius
1525 1235 1636 1262 virtutes
1655 1240 1785 1268 superpo-

1002 1288 1057 1310 nat.
1071 1282 1135 1309 Inde
1152 1288 1192 1309 cst
1212 1286 1239 1308 ttt
1253 1282 1296 1308 ille
1314 1289 1411 1316 corpus
1429 1281 1559 1315 detergat,
1579 1280 1647 1306 alius
1665 1279 1783 1306 animam

1001 1329 1105 1363 perdat.
1121 1329 1169 1355 lsla
1185 1334 1226 1355 est
1244 1336 1294 1354 nou
1313 1336 1374 1362 pax,
1397 1328 1445 1354 sed
1465 1327 1617 1358 dissensio;
1635 1325 1697 1360 quia
1717 1325 1786 1352 alius

1001 1372 1080 1400 aliter
1097 1373 1189 1404 sentit,
1210 1377 1237 1400 et
1256 1372 1326 1399 alius
1344 1372 1423 1399 aliter
1448 1372 1528 1406 sapit.
1549 1371 1604 1398 Nec
1629 1371 1700 1397 enim
1723 1377 1784 1397 cum

1000 1425 1088 1446 ortum
1103 1419 1154 1446 hoc
1175 1418 1301 1445 sensibile
1321 1418 1402 1445 fuerit
1419 1418 1520 1448 lumen,
1544 1425 1637 1444 omnes
1662 1416 1786 1444 similiter

1001 1465 1159 1499 suscipiunt.
1175 1465 1226 1491 Sed
1250 1464 1286 1490 illi
1303 1464 1410 1497 quidem
1431 1463 1477 1498 qui
1498 1471 1578 1490 sanos
1597 1463 1698 1489 habent
1722 1469 1785 1488 ocu-

1001 1511 1051 1541 los,
1069 1515 1097 1537 et
1119 1514 1279 1541 occurrunt,
1304 1514 1331 1536 et
1355 1510 1513 1540 attendunt,
1535 1513 1561 1535 et
1579 1508 1723 1534 fruuntur:
1739 1506 1784 1542 qui

1002 1560 1089 1582 autem
1115 1555 1285 1581 inﬁrmantur
1307 1554 1403 1587 oculis,
1420 1555 1560 1589 corrigunt
1578 1561 1617 1585 se,
1641 1558 1667 1580 et
1684 1553 1784 1584 vitant,

1003 1606 1029 1629 et
1050 1601 1166 1635 fugiunt.
1189 1600 1254 1626 Nam
1279 1604 1306 1625 et
1335 1599 1484 1626 latronibus
1508 1607 1651 1626 onerosum
1677 1603 1719 1626 est
1743 1599 1785 1625 lu-

1003 1655 1074 1678 men,
1098 1652 1125 1674 et
1141 1645 1245 1672 furibus
1270 1653 1324 1673 non
1341 1646 1479 1677 dilectum,
1504 1649 1530 1671 ct
1557 1645 1688 1672 adulteris
1710 1644 1786 1671 odio-

1002 1701 1072 1719 sum.
1086 1692 1204 1726 Denique
1218 1695 1245 1718 et
1265 1698 1296 1717 ea
1311 1698 1371 1724 qua:
1393 1693 1487 1724 repunt
1504 1689 1622 1723 fugiunt;
1637 1693 1726 1716 ortum
1744 1694 1787 1715 est

1001 1738 1073 1766 enim
1095 1738 1202 1770 lumen;
1222 1741 1250 1764 et
1270 1737 1315 1771 qui
1338 1741 1400 1763 sunt
1422 1735 1490 1763 ebrii
1507 1743 1559 1762 non
1583 1735 1695 1761 libenter
1715 1743 1785 1761 acet-

1001 1783 1087 1818 piunt,
1100 1783 1163 1817 quia
1183 1786 1259 1815 urget
1271 1789 1317 1808 eos
1332 1781 1420 1807 lumen
1432 1787 1587 1814 exsurgere.
1603 1779 1671 1806 Sunt
1684 1786 1749 1806 sane
1760 1785 1786 1805 et

1001 1828 1122 1862 quaedam
1142 1827 1267 1854 animalia
1286 1826 1487 1860 vcrsipellioues
1501 1830 1528 1852 et
1544 1824 1650 1856 bellum,
1666 1828 1693 1851 et
1710 1832 1785 1858 qua»

1002 1881 1107 1907 cunque
1124 1873 1201 1900 istius
1217 1872 1324 1905 generis
1345 1871 1487 1901 habentur,
1508 1877 1566 1904 quae
1585 1870 1610 1896 in
1627 1873 1711 1895 totttm
1732 1875 1784 1894 non

1001 1920 1137 1946 sustinent
1163 1919 1272 1946 luminis
1289 1917 1389 1945 radios.
1411 1916 1479 1943 Sunt
1500 1921 1588 1942 autem
1607 1921 1634 1942 et
1648 1914 1784 1942 hominum

1001 1965 1076 1992 multi
1095 1964 1309 1998 versipelliones,
1324 1969 1351 1989 et
1362 1962 1596 1997 versipellionihus
1612 1960 1728 1994 pejores,
1746 1959 1784 1987 vi-

1000 2018 1071 2046 perae
1085 2010 1171 2045 magis
1181 2018 1261 2045 qttam
1276 2009 1413 2040 homines,
1426 2008 1524 2039 amari,
1534 2007 1629 2039 invidi,
1646 2005 1783 2038 malitiosi,

1000 2065 1068 2092 quos
1083 2063 1178 2083 omnes
1197 2056 1270 2088 fugat
1286 2054 1375 2082 lumen
1389 2061 1450 2080 cutn
1468 2053 1548 2079 fuerit
1568 2058 1668 2080 orttnn.
1684 2051 1783 2079 lterum

1001 2108 1091 2130 autem
1108 2109 1198 2128 sermo
1219 2101 1335 2127 recurrit
1350 2099 1381 2125 atl
1396 2100 1482 2134 ipsum
1495 2103 1645 2129 certamen,
1659 2097 1702 2124 his
1726 2105 1785 2132 qua:

1001 2150 1058 2176 heri
1076 2154 1140 2175 sunt
1158 2147 1240 2174 dicta.
1260 2147 1358 2173 lterum
1376 2145 1447 2172 enim
1462 2145 1616 2178 propositus
1628 2148 1670 2170 est
1696 2142 1785 2170 Domi-

1002 2204 1052 2222 nus
1066 2195 1156 2224 Jesus,
1173 2198 1199 2220 et
1214 2191 1351 2227 proposita
1368 2195 1429 2217 sunt
1448 2190 1499 2216 alia
1520 2190 1614 2216 tuttlta.
1631 2189 1711 2215 Pater
1728 2188 1783 2214 liti»

163 2237 260 2271 Quanti
272 2239 343 2265 enim
356 2246 386 2265 ex
397 2239 438 2265 his
447 2239 491 2272 qui
503 2239 545 2266 hic
557 2246 627 2264 nunc
643 2244 833 2270 convenerunt,
850 2239 947 2266 habent
963 2254 986 2281 Β
1001 2250 1078 2277 gans,
1095 2245 1183 2267 mater
1207 2238 1406 2268 comradicens,
1421 2243 1498 2263 soror
1518 2237 1672 2269 inerepans,
1699 2234 1784 2261 frater

162 2291 256 2310 eorutn
290 2291 348 2318 qua:
379 2285 504 2311 dicuntur
533 2284 775 2319 experimentum?
800 2285 848 2312 Est
874 2286 946 2312 enini

162 2333 239 2363 pater
258 2328 399 2363 increpans
417 2329 486 2356 ﬁlios
504 2330 538 2356 ob
559 2330 757 2362 credulitatem,
771 2334 798 2356 et
821 2331 867 2356 lilii
890 2338 946 2358 ttio-

161 2380 257 2402 nentes
276 2379 367 2409 patres
389 2375 420 2401 ad
447 2376 542 2407 tidem,
564 2380 591 2401 et
612 2375 672 2402 tilite
689 2376 816 2403 docentes
834 2382 944 2404 matres.

163 2421 190 2448 Si
208 2422 280 2448 enim
303 2426 330 2449 et
348 2429 381 2448 ex
407 2423 462 2455 ipsa
481 2425 574 2448 natura
590 2429 693 2454 omnes,
716 2423 762 2449 sed
784 2430 835 2449 non
851 2431 882 2449 ex
899 2430 946 2450 eo-

162 2469 223 2495 dem
250 2469 396 2502 proposito.
430 2468 548 2501 Denique
570 2472 598 2495 et
617 2477 648 2495 ex
675 2469 865 2502 conspersione
892 2477 943 2496 una

160 2512 290 2547 pollinis,
314 2512 435 2547 qumdam
456 2512 563 2545 quidem
596 2520 656 2546 quae
683 2513 708 2539 in
732 2513 863 2540 fermento
883 2519 945 2541 sunt

161 2558 355 2590 dissolvuntur,
374 2558 494 2592 quaedam
517 2562 605 2584 autem
621 2565 679 2591 quas
698 2558 859 2585 fermentata
882 2564 945 2586 sunt

162 2604 331 2631 continentur
351 2612 357 2630 :
374 2609 401 2630 et
418 2610 512 2630 carnes
536 2603 614 2629 aliter
633 2608 756 2630 tenentur
779 2612 838 2638 qua:
861 2605 942 2631 salem

161 2650 278 2681 habent,
299 2650 376 2675 aliter
399 2656 457 2683 qua:
472 2649 529 2675 sine
555 2648 610 2675 sale
632 2654 850 2683 corrutnpunlur.
875 2649 941 2676 Nam

160 2695 211 2723 etsi
221 2695 276 2729 ipsa
292 2699 385 2722 natura
398 2695 433 2721 sit
444 2695 545 2727 carnis,
559 2701 611 2720 non
625 2698 713 2721 tamen
726 2695 780 2729 ipsa
793 2695 941 2728 permistio.

161 2740 239 2768 Aliud
255 2741 345 2767 vinum
363 2745 405 2767 est
421 2740 478 2767 sine
495 2748 572 2776 aqua,
588 2745 614 2768 et
635 2740 706 2767 aliud
726 2749 786 2768 cum
814 2748 892 2775 aqua.
911 2741 943 2768 Et

161 2787 302 2822 ligulorum
321 2787 353 2814 ad
378 2788 566 2822 permistioues
598 2788 740 2815 diversitas
764 2788 877 2815 ltahetur
893 2797 899 2817 :
916 2795 943 2816 ct

198 2846 207 2858 '
229 2845 328 2880 Ephes.
341 2853 372 2877 tt,
387 2845 431 2872 l4.
468 2845 479 2861 ⁸
499 2844 507 2871 l
523 2846 584 2873 Cor.
601 2854 636 2880 vt,
652 2847 693 2874 15.

200 2892 255 2928 {85)
275 2892 401 2921 Adversa.
418 2893 457 2920 Au
472 2893 569 2920 diverso
583 2894 595 2920 ?

733 2848 742 2863 '
763 2847 856 2877 Matth.
873 2857 898 2882 x,
915 2849 958 2875 55.

1000 2288 1179 2323 exprobrans,
1190 2285 1259 2313 servi
1270 2288 1454 2318 exsurgentes,
1465 2281 1568 2309 ancillae
1578 2284 1782 2315 exaggerantes.

1001 2333 1192 2368 Unusquisque
1215 2332 1286 2359 enim
1301 2338 1376 2357 suam
1396 2329 1560 2355 voluntatem
1579 2331 1641 2353 ante
1668 2326 1782 2353 salutem

1000 2379 1115 2406 [iliorum
1136 2383 1304 2412 praeponens,
1337 2372 1422 2401 trahit
1452 2374 1484 2400 ad
1513 2380 1590 2399 sutttn
1615 2371 1781 2406 propositum

999 2426 1128 2460 ignorans
1143 2423 1336 2459 proditionem.
1352 2420 1506 2448 Certamina
1532 2427 1596 2453 ergo
1611 2426 1660 2452 pro
1674 2417 1782 2446 Christo

999 2471 1076 2498 nobis
1093 2474 1157 2498 sunt
1175 2479 1181 2496 :
1198 2468 1321 2495 Christus
1338 2471 1440 2493 tantum
1456 2466 1559 2491 lucrum
1573 2469 1632 2491 est:
1649 2463 1693 2490 ille
1709 2463 1780 2489 enim

998 2518 1070 2543 venit
1084 2516 1118 2543 ad
1131 2514 1288 2545 Ecclesiant,
1301 2512 1370 2539 alius
1398 2511 1525 2538 distrahit
1549 2516 1576 2536 et
1599 2510 1664 2537 emit
1682 2509 1782 2536 oblitus

998 2562 1099 2589 Christi
1119 2569 1126 2586 :
1143 2561 1188 2587 ille
1199 2559 1273 2586 audit
1290 2559 1425 2586 Christum
1440 2565 1487 2592 per
1504 2556 1647 2591 Evangelia
1667 2556 1780 2590 loquen-

999 2613 1063 2641 tem,
1077 2608 1144 2634 alius
1164 2612 1190 2633 et
1205 2606 1410 2640 adcstpedibus,
1428 2609 1455 2631 et
1468 2609 1556 2631 mente
1571 2603 1644 2630 foras
1658 2607 1783 2637 vagatur:

997 2654 1043 2680 ille
1059 2653 1128 2686 patri
1146 2653 1228 2679 donat
1244 2652 1420 2685 perditionem
1433 2658 1519 2680 suam,
1534 2650 1601 2676 alius
1619 2648 1698 2675 matri
1713 2656 1779 2675 cou-

997 2700 1081 2727 scnlit
1097 2704 1125 2726 ut
1141 2706 1193 2725 uon
1214 2697 1269 2724 Deo
1284 2697 1354 2732 quod
1367 2697 1493 2724 convenit
1507 2696 1642 2723 restituat.
1658 2695 1698 2722 Ad
1713 2694 1781 2722 mul-

999 2750 1039 2772 tos
1058 2745 1142 2779 igitur
1154 2743 1278 2771 convenit
1292 2743 1407 2778 jurgari,
1427 2747 1455 2770 ut
1472 2742 1561 2769 multa:
1575 2741 1781 2769 elﬁcianturco-

1000 2799 1082 2818 reme.
1100 2790 1141 2817 Ad
1156 2790 1290 2818 diabolum
1312 2790 1410 2842 quiplpe
1434 2792 1459 2816 et
1475 2788 1574 2816 milites
1601 2788 1679 2823 ejus:
1705 2787 1779 2815 multi

998 2850 1019 2864 ‘°
1037 2849 1100 2877 ibid.
1118 2849 1161 2876 55.
