2024 3208
285 179 296 205 1
306 174 353 206 ΙἾ9

616 175 751 204 EUSEBII
770 173 1009 203 CIESARIENSIS
1026 173 1099 200 OPP.
1121 170 1210 198 PARS
1230 169 1274 197 iV.
1294 184 1328 190 ——
1347 168 1546 196 DOGMATICA

1830 167 1894 194 H80

285 243 374 262 autem
389 239 452 262 sunt
467 239 494 260 et
512 234 566 261 isti.
580 233 694 268 Urgetur
705 241 770 259 sane
785 237 812 259 et
824 237 910 266 pater,
928 236 954 259 et
968 236 1064 261 mater,
1080 234 1102 262 Α
1117 228 1175 256 dit:
1194 232 1316 254 mortuus
1331 228 1402 254 enim
1418 231 1470 253 est.
1482 225 1568 252 Timet
1585 230 1672 252 autem
1684 226 1787 260 nequis
1799 226 1894 252 malam

285 287 312 309 et
322 281 431 312 fratres,
443 286 470 307 et
486 280 602 314 cognati,
616 284 643 306 et
655 279 745 309 amici,
760 283 787 305 et
803 278 885 310 servi,
901 284 928 305 et
946 277 1064 310 ancillae;

285 335 319 354 ex
337 328 430 354 multis
443 327 513 353 enint
528 325 636 352 tristitia
647 330 698 357 est,
719 325 780 351 ideo
795 329 824 351 ut
836 329 864 351 et
877 329 948 351 tattta
966 324 1065 350 habea-

287 379 331 401 tur
349 374 450 407 laetitia,
476 377 502 400 ct
527 373 660 399 addantur
686 371 795 405 nuptis},
824 376 852 398 et
873 370 1068 405 promissiones

286 428 366 454 opum
383 420 520 451 mortales,
533 419 580 445 sed
593 425 641 444 nec
652 422 766 444 mortua
781 427 787 445 ε
811 425 871 452 ψιω
901 417 972 444 enim
995 425 1066 444 ttun-

287 473 366 499 qttam
384 466 520 495 vixet-unt.
539 471 571 490 ne
587 464 696 498 quidem
722 468 826 490 mortua
851 468 993 494 vocentur,
1019 463 1067 490 sed

288 511 338 537 alia
353 511 435 545 pejori
452 511 659 544 nuncupatione.
676 512 727 537 Sed
739 512 764 537 iu
778 511 818 537 his
830 510 960 543 omnibus,
980 510 1067 544 inquit

286 556 441 591 Apostolus,
464 557 669 588 superrincimus
695 561 800 590 propter
815 564 872 582 eum
891 556 934 589 qui
958 563 1004 582 nos
1021 563 1067 581 ru-

288 602 428 636 perdt’lexit
447 603 478 629 “.
490 602 523 629 Et
536 602 557 629 si
583 602 642 636 quis
658 602 776 636 Apostoli
800 601 919 628 imitator
933 606 973 628 est
988 609 996 634 ;
1022 602 1067 636 qui

287 648 359 674 enim
376 648 494 674 intitatnr
512 655 585 678 eum,
607 647 726 673 imitatur
745 647 882 674 Christum
899 656 905 680 ;
924 647 1020 674 transit
1035 646 1068 673 ab

288 693 439 719 imitatione
469 693 502 719 ad
531 692 715 727 principalem.
742 693 887 726 Jurgentur
920 693 1010 720 omnia
1040 697 1068 720 ttt

287 747 467 772 coronemur;
487 740 512 766 itt
530 740 652 766 omnibus
670 740 704 765 sit
723 739 839 773 iurgium
863 740 894 765 ait
919 739 1068 773 pulchritu-

287 786 388 819 dinem,
405 786 437 812 ad
453 786 648 820 possessiones,
663 786 696 812 ad
710 786 829 818 divitias,
857 786 889 811 ad
918 791 1046 820 cognatos
1059 805 1067 818 ,

287 832 321 858 ad
339 837 453 865 patrem,
469 833 500 857 ad
520 832 687 862 matrem,ad
702 833 815 862 fratres,
833 832 866 858 ad
889 839 982 859 servos
1002 840 1010 864 ;
1041 836 1069 859 et

289 878 369 904 vicitti
384 878 584 912 impugnatores
602 878 733 905 exsistant
749 888 755 905 :
774 878 871 905 sufﬁcit
883 879 955 904 enim
979 878 1071 906 citari-

289 929 330 951 tas
354 925 432 951 unius
457 928 485 950 ut
509 925 724 958 eruperetomnia.
742 924 796 958 Ego
809 930 897 950 autent
916 929 943 951 et
959 924 1064 951 misera-

288 968 354 996 biles
366 973 440 1002 puto,
455 969 498 1003 qui
516 977 567 995 non
583 974 645 995 sunt.
672 970 774 1003 experti
802 970 951 996 istiusmodi
978 970 1070 997 turbe-

289 1015 328 1042 las
343 1020 452 1049 propter
470 1015 611 1042 Dominum
625 1015 727 1042 Jesum.
743 1015 797 1041 Illis
818 1020 908 1042 autent
926 1020 1070 1049 congratu-

289 1061 329 1087 ior
346 1062 389 1095 qui
407 1061 503 1088 habettt
517 1061 543 1087 in
566 1066 654 1087 tuente
680 1066 706 1086 et
722 1061 890 1087 conscientia
903 1068 951 1087 sua
966 1060 1068 1088 dicere.

290 1106 360 1134 Ecce
375 1106 516 1134 Dominum
536 1107 573 1134 ιιιί
592 1112 702 1141 propter
723 1106 777 1142 (85)
795 1107 920 1134 inimicus
939 1112 979 1134 est
1006 1107 1071 1134 mihi

290 1156 366 1186 pater
379 1159 464 1184 meus,
478 1153 656 1186 expugnatrix
666 1157 761 1184 mater,
778 1152 862 1180 frater
878 1153 990 1185 insistit,
1000 1153 1071 1180 servi

289 1198 473 1229 contristant,
506 1198 784 1233 ancillazjurgantur,
812 1204 839 1225 et
869 1199 957 1225 nulltts
976 1199 1072 1226 horum

293 1245 358 1272 mihi
377 1249 405 1271 ut
419 1245 543 1272 inimicus
559 1249 599 1271 est
616 1249 724 1278 propter
739 1250 810 1270 tttatn
825 1244 1009 1271 dilectionem.
1029 1243 1073 1270 Si-

291 1291 400 1326 quidem
416 1296 442 1318 et
457 1291 482 1318 in
501 1291 578 1318 bellis
596 1291 694 1318 milites
708 1296 824 1324 quantas
841 1291 932 1325 plagas
946 1291 980 1317 ob
994 1298 1071 1317 anto-

292 1344 349 1363 rem
365 1337 435 1370 regis
452 1337 605 1370 accipiunt?
618 1344 809 1370 nonnunquam
828 1337 898 1363 enim
912 1341 939 1363 et
954 1336 1072 1371 gauden-

289 1387 331 1410 tes
345 1382 489 1410 ostendunt
508 1387 536 1409 et
562 1383 720 1417 sanguinutn
741 1382 846 1413 fluxus,
875 1387 903 1409 et
934 1383 1071 1417 plagarum

290 1428 441 1460 cicatrices,
457 1435 506 1462 per
517 1435 577 1460 qua
588 1428 770 1461 experimenta
785 1427 888 1461 fulgent
905 1435 1012 1454 amores
1024 1427 1070 1461 qui

290 1473 324 1500 ad
342 1481 430 1508 regem
443 1477 504 1499 sunt
516 1472 612 1498 habiti.
625 1471 657 1498 Et
671 1477 744 1498 certe
756 1477 860 1506 querat
877 1473 1071 1506 unusquisque,

289 1524 318 1547 et
333 1519 422 1554 pigeat
441 1526 671 1553 unumquemque,
691 1522 721 1545 ut
736 1518 805 1546 alius
822 1523 950 1553 acceptus
962 1519 1008 1546 sit.
1027 1518 1072 1545 llle

1117 275 1200 302 vitam
1213 274 1287 301 vivat
1301 282 1308 301 :
1323 273 1420 300 mortui
1435 272 1505 299 enim
1521 279 1624 299 suntus.
1642 270 1708 298 Nam
1723 276 1750 298 et
1765 271 1810 306 qui
1827 279 1895 297 mor-

1117 321 1170 347 tuis
1182 319 1294 354 sepultis
1306 326 1412 346 mensas
1426 323 1563 353 apponunt
1579 322 1606 344 et
1622 325 1710 348 escas,
1726 318 1850 345 delirant.
1868 317 1895 344 Si

1117 365 1198 400 igitur
1211 372 1319 392 mensas
1335 371 1469 399 apponere
1483 363 1596 390 mortuis
1621 363 1828 390 deliramentum
1845 368 1894 396 est,

1117 414 1144 437 et
1155 409 1312 437 comminari
1323 409 1435 436 mortuis
1447 409 1536 439 irrisio
1547 415 1588 437 est
1602 417 1609 437 :
1625 414 1651 436 et
1665 413 1738 436 certe
1754 409 1897 436 adveniant

1117 459 1142 481 et
1159 455 1248 486 minze,
1264 460 1398 481 acuantur
1415 454 1506 489 gladii,
1518 459 1545 481 et
1563 455 1710 486 exercitus,
1724 458 1752 480 et
1777 453 1860 488 leges,
1872 459 1897 480 et

1118 500 1273 526 civitatibus
1289 504 1418 534 appareat
1436 499 1499 526 Jesn
1513 498 1616 527 Christi
1641 499 1746 527 Domini
1762 499 1858 531 virtus,
1871 504 1898 526 et

1119 554 1195 574 amor
1221 551 1248 572 et
1274 546 1391 573 flamma.
1415 546 1513 573 Audite
1541 546 1623 581 igitur
1648 545 1693 580 qui
1713 545 1818 572 Domini
1835 544 1896 573 Jesu

1118 592 1262 627 participes
1276 592 1465 627 mysteriarum
1479 596 1544 619 estis
1559 592 1667 618 :audite
1678 591 1824 624 Christum,
1841 592 1896 618 cul-

1119 643 1192 664 tores
1203 637 1271 671 ejus.
1285 638 1353 670 Quid
1367 638 1431 665 dicit
1450 637 1539 664 lumen
1563 638 1675 665 verum?
1687 637 1751 672 quid
1781 637 1897 672 loquitur

1120 684 1182 710 via?
1197 684 1262 718 quid
1275 684 1462 718 clamatjanua
1475 684 1486 710 '.'
1500 684 1563 718 quid
1576 683 1739 711 vociferatur
1757 683 1833 710 vita?
1849 683 1897 716 Qui

1119 730 1215 765 diligit,
1231 730 1329 765 inquit,
1342 735 1441 763 patrem
1456 734 1501 756 aut
1516 735 1624 756 matrem
1639 737 1716 763 super
1730 737 1779 761 me,
1801 736 1851 755 non
1862 734 1897 755 est

1119 783 1159 802 me
1173 776 1265 810 dignus
1278 776 1309 802 ¹¹.
1326 776 1358 802 Et
1375 783 1428 802 non
1441 775 1536 802 suiIicit
1549 775 1611 802 hoc.
1624 775 1720 802 lterum
1736 774 1807 801 enim
1819 774 1897 801 dicit:

1121 822 1154 848 Et
1168 823 1213 857 qui
1224 831 1276 849 non
1295 822 1388 855 accipit
1405 830 1509 848 crucem
1520 829 1606 853 suam,
1626 825 1649 848 et
1660 821 1775 854 sequitur
1785 828 1835 853 me,
1849 828 1898 847 non

1120 873 1156 894 est
1175 876 1214 894 me
1231 869 1325 902 dignus
1341 868 1375 894 ”.
1391 868 1442 894 lsta
1456 872 1499 895 est
1514 869 1618 894 vocatio
1639 874 1732 893 eorum
1762 866 1808 901 qui
1832 866 1900 893 mili-

1087 905 1108 932 Β
1124 919 1181 940 tare
1201 914 1357 940 desiderant
1375 913 1495 941 Christo.
1515 913 1542 940 Si
1559 913 1618 947 quis
1640 913 1721 947 igitur
1735 916 1845 947 paratus
1861 916 1902 938 est

1122 959 1253 992 crucitigi,
1269 959 1377 985 veniat:
1397 959 1418 985 si
1431 959 1491 993 quis
1505 958 1595 985 alacer
1614 963 1656 984 est
1679 957 1712 984 ad
1727 961 1852 989 mortem,
1878 957 1900 983 si

1122 1004 1182 1038 quis
1197 1009 1283 1038 potest
1295 1004 1329 1030 ad
1343 1004 1472 1039 gladium,
1486 1004 1508 1030 si
1525 1004 1587 1038 quis
1601 1003 1635 1030 ad
1651 1003 1795 1034 flammam,
1809 1003 1830 1029 si
1841 1001 1901 1036 quis

1122 1051 1156 1077 ad
1171 1051 1269 1084 ignem,
1283 1051 1306 1077 si
1322 1051 1383 1085 quis
1404 1051 1437 1077 ad
1453 1051 1599 1082 exercitus,
1612 1049 1633 1076 si
1648 1049 1709 1083 quis
1723 1049 1756 1075 ad
1776 1047 1901 1082 concupi-

1123 1097 1251 1130 scentiae,
1268 1096 1290 1123 si
1307 1097 1368 1131 quis
1382 1097 1414 1122 ad
1441 1097 1577 1128 libidines,
1603 1096 1623 1122 si
1639 1096 1699 1130 quis
1721 1095 1754 1122 ad
1777 1095 1858 1127 iram,
1879 1093 1903 1121 si

1123 1142 1184 1176 quis
1195 1143 1228 1168 ad
1241 1143 1464 1177 indignationetn,
1479 1142 1501 1169 si
1519 1142 1580 1176 quis
1592 1142 1625 1168 ad
1640 1148 1704 1175 opes
1728 1146 1756 1168 et
1774 1141 1882 1167 divitias
1893 1159 1902 1172 ,

1125 1192 1151 1214 et
1167 1188 1360 1222 possessiones,
1381 1193 1407 1215 et
1424 1187 1547 1219 aedilicia,
1569 1192 1597 1214 et
1608 1192 1785 1219 mercaturas,
1816 1190 1845 1212 et
1870 1185 1902 1212 ad

1129 1233 1294 1266 principatus
1310 1238 1336 1260 et
1351 1238 1508 1268 potestates,
1528 1233 1560 1259 ad
1577 1232 1697 1259 visibiles
1714 1237 1740 1258 et
1756 1231 1904 1258 invisibiles

1123 1279 1258 1309 inimicos,
1273 1279 1306 1305 ad
1321 1279 1432 1313 spiritus
1452 1286 1582 1313 nequam,
1596 1278 1629 1305 ad
1648 1284 1769 1310 carnem,
1785 1278 1819 1304 ad
1832 1278 1903 1311 cogi-

1124 1327 1209 1349 tatum
1227 1324 1335 1356 animat,
1351 1324 1384 1349 ad
1399 1328 1546 1349 nocturnas
1563 1322 1738 1354 ambitiones,
1757 1322 1791 1348 ad
1814 1327 1903 1349 motus

1124 1369 1297 1402 meridianos,
1315 1369 1348 1395 ad
1372 1368 1523 1402 juventutis
1538 1368 1683 1401 fervorem,
1703 1368 1736 1394 ad
1751 1367 1882 1401 impetum
1893 1387 1903 1400 ,

1125 1414 1158 1441 ad
1171 1414 1269 1441 famem
1287 1419 1313 1441 et
1328 1415 1414 1446 sitim,
1431 1414 1464 1441 ad
1481 1415 1617 1447 homines,
1633 1414 1667 1440 ad
1679 1414 1825 1448 lattguores
1838 1434 1846 1446 ,
1871 1412 1903 1439 ad

1123 1460 1265 1491 sanitates,
1282 1461 1315 1487 ad
1329 1460 1445 1487 divitias.
1463 1460 1514 1487 Per
1529 1460 1585 1487 haec
1594 1460 1666 1487 enim
1681 1460 1772 1486 omnia
1787 1459 1903 1486 vincitur

1125 1505 1288 1533 desiderium
1304 1515 1310 1533 :
1333 1507 1418 1541 magis
1431 1511 1520 1533 autem
1535 1506 1700 1533 desiderium
1716 1514 1804 1540 neque
1820 1505 1903 1532 vinci-

290 1565 399 1600 quidem
412 1565 448 1591 ita
473 1566 622 1599 proposuit,
649 1564 718 1591 alius
732 1564 810 1591 aliter
837 1564 928 1591 alacer
954 1564 1013 1591 fuit.
1037 1563 1072 1591 Ut
1085 1574 1106 1602 ρ
1125 1568 1178 1596 tur,
1194 1570 1281 1597 neque
1300 1562 1463 1594 deﬂectitur,
1484 1563 1530 1589 sed
1546 1569 1594 1597 per
1613 1562 1666 1589 ista
1692 1562 1782 1588 omnia
1799 1562 1902 1592 vincit,

291 1611 460 1637 dinumerem
476 1609 592 1644 singula,
610 1609 673 1643 quid
698 1610 770 1636 enim
797 1612 825 1635 et
841 1609 928 1636 habeo
945 1609 1070 1636 dinume-

291 1664 352 1683 rare
367 1661 477 1690 propter
494 1662 554 1682 eum
567 1656 578 1681 ?
593 1655 659 1688 Quis
685 1656 758 1682 enim
783 1663 825 1682 me
842 1662 954 1682 exosum
979 1654 1073 1682 habuit

290 1708 402 1739 propter
413 1701 569 1730 Christum?
583 1701 647 1734 Quis
665 1709 706 1728 me
721 1701 864 1734 castigavit
878 1705 987 1735 propter
999 1699 1073 1726 eum?

290 1750 357 1783 Quis
374 1757 417 1776 me
432 1754 509 1783 pater
537 1747 687 1775 abdicavit?
700 1747 765 1780 Quae
780 1752 867 1773 mater
892 1747 1005 1773 adversa
1029 1751 1072 1772 me

291 1796 356 1824 est?
374 1796 439 1829 Quis
461 1795 546 1822 frater
562 1794 707 1820 adversum
723 1800 766 1819 me
785 1791 962 1818 exsurrexit?
983 1790 1006 1817 0
1019 1790 1071 1817 mi-

288 1841 442 1871 Serabilitas
457 1847 549 1867 eorum
566 1839 613 1874 qui
628 1847 680 1866 non
695 1838 794 1865 habent
809 1837 876 1864 ista!
892 1837 967 1864 Alius
982 1840 1072 1863 autent

290 1888 366 1915 dives
380 1891 407 1915 et
420 1887 523 1922 spissus
540 1886 566 1912 itt
579 1885 686 1920 opibus,
705 1884 782 1911 laetus
799 1888 841 1910 est
855 1887 956 1914 mente,
975 1882 1038 1916 quia
1056 1889 1072 1908 a

289 1934 446 1962 civitatibus
459 1937 485 1960 et
502 1931 655 1958 nationibus
673 1931 845 1961 decantatur,
861 1928 923 1963 quia
937 1927 1072 1955 theatrum

290 1984 332 2007 est
347 1979 435 2006 factus
444 1983 471 2005 et
486 1977 590 2012 angelis
601 1981 628 2003 et
647 1975 809 2002 ltominibus.
823 1974 1015 2008 Dignus-enim
1031 1978 1073 2000 est

289 2026 335 2060 qui
347 2025 525 2056 desideratur,
542 2029 570 2050 et
586 2023 649 2057 quia
677 2022 831 2056 increpatur
844 2024 871 2048 et
889 2020 989 2053 oditur,
1010 2019 1071 2053 quia

289 2071 392 2098 inimici
406 2071 522 2098 hominis
535 2068 675 2096 domestici
699 2067 768 2101 ejus,
779 2071 807 2094 et
819 2066 881 2100 quia
898 2065 1019 2092 abscisus
1030 2068 1073 2092 est

289 2117 324 2144 ab
338 2124 370 2144 eo
381 2121 469 2151 pater,
485 2121 513 2143 et
528 2123 580 2142 ttott
593 2115 730 2142 consentit
748 2118 843 2145 mater,
858 2113 922 2147 quia
948 2112 1072 2139 noctibus

287 2167 469 2198 expugnatur,
486 2166 512 2189 et
525 2169 572 2196 per
583 2161 639 2188 dies
663 2165 821 2191 coronatur,
838 2160 903 2188 mitti
915 2165 942 2187 et
955 2160 1020 2186 meis
1031 2159 1072 2186 vi-

289 2209 410 2237 sceribus
437 2212 464 2235 et
490 2207 560 2234 ossis
575 2207 643 2233 bella
669 2214 728 2240 qua:
747 2213 795 2240 pro
810 2206 919 2233 Christo
939 2210 1011 2233 sunt.
1039 2205 1072 2232 Et

289 2254 360 2281 unde
377 2253 443 2280 mihi
461 2254 510 2280 hoc
523 2261 604 2288 supra
618 2252 776 2286 dignitatem
795 2256 836 2278 est
866 2252 963 2283 meam,
986 2256 1015 2278 ut
1030 2250 1070 2278 vel
1087 2241 1109 2267 Ῑ)

290 2300 416 2335 injuriam
432 2307 481 2335 pro
499 2299 609 2327 Christo
624 2297 796 2326 sustineam?
819 2297 899 2324 Cruci
917 2301 1007 2323 autem
1023 2297 1069 2332 figi

289 2351 317 2373 et
329 2347 437 2374 inverso
453 2346 550 2380 capite,
559 2345 630 2372 Petri
642 2344 726 2378 magis
739 2349 873 2378 estquam
889 2344 1002 2370 aliorum
1024 2344 1071 2371 ho-

289 2393 404 2419 minum.
423 2392 558 2419 Ebrietate
572 2399 638 2426 opus
651 2396 692 2418 est
704 2395 730 2417 et
741 2390 858 2421 fervore,
874 2390 1004 2416 ebrietate
1018 2399 1070 2417 non

289 2447 306 2466 a
319 2439 391 2471 vino,
405 2439 451 2465 sed
467 2446 498 2465 ea
513 2446 571 2472 qua:
585 2437 618 2465 ob
627 2444 743 2464 antorem
755 2441 797 2463 est
808 2435 917 2463 Christi.
931 2435 980 2468 Qui
997 2437 1069 2463 enim

290 2490 391 2516 amant,
404 2484 469 2511 nihil
480 2485 571 2512 vident
585 2484 636 2511 nisi
644 2491 705 2510 eum
721 2490 802 2517 quem
812 2482 934 2517 diligunt.
945 2481 1074 2509 Nesciunt

289 2531 354 2566 quia
368 2534 410 2558 est
423 2530 491 2557 alius
509 2531 535 2557 in
552 2532 646 2557 territa
665 2529 709 2556 ub‘i
725 2529 796 2556 enim
821 2529 965 2555 thesaurus
990 2527 1073 2555 fuerit

290 2577 400 2608 mentis,
419 2575 474 2603 illic
489 2581 516 2602 et
531 2576 620 2602 attima
636 2575 769 2608 habetur;
786 2574 837 2601 alia
861 2577 950 2600 autem
968 2577 1072 2600 mortua

290 2627 351 2649 Sunt
359 2622 393 2649 ei.
404 2620 432 2648 Si
447 2622 578 2656 inerepas,
589 2629 677 2649 nonne
684 2629 744 2648 eutn
752 2621 796 2655 qui
808 2620 897 2647 audit?
908 2620 935 2647 Si
945 2620 1068 2654 castigas,

290 2675 379 2695 nonne
387 2675 447 2695 cum
461 2668 505 2702 qui
519 2669 616 2695 sentit?
625 2668 674 2702 Qui
682 2667 779 2696 Christi
789 2668 859 2695 enim
869 2673 941 2699 sunt,
949 2667 1070 2695 crucifixi

291 2712 433 2740 habentur.
451 2713 520 2746 Quid
534 2713 592 2741 sine
605 2721 686 2741 causa
703 2713 828 2740 laboras?
847 2718 969 2740 mortuus
982 2713 1003 2740 si
1017 2718 1071 2741 tor-

292 2764 405 2792 queatur
420 2767 471 2787 non
488 2759 580 2792 sentit,
598 2760 679 2787 etiam
705 2759 727 2786 si
753 2759 936 2793 increpavcris
953 2766 1006 2785 non
1019 2767 1066 2785 au-

329 2805 348 2820 “
363 2805 439 2834 Rom.
456 2814 514 2839 vttt,
527 2807 571 2834 57.
611 2807 632 2822 ¹²
643 2806 738 2833 Matth.
763 2814 791 2840 x,
821 2807 864 2835 57.
903 2806 925 2822 ¹³
942 2806 1006 2834 ibid.
1020 2807 1064 2834 58.

1104 2808 1125 2823 "
1140 2809 1204 2836 ibid.
1223 2810 1266 2836 5').

1123 1613 1150 1635 et
1163 1609 1258 1634 iterum
1273 1607 1416 1633 abundans
1431 1607 1456 1633 itt
1469 1607 1660 1641 praedicatione
1680 1611 1731 1633 est.
1756 1605 1815 1633 Non
1830 1606 1901 1633 enim

1125 1658 1194 1680 tacet
1209 1652 1337 1684 Verbum,
1356 1651 1472 1679 Verbum
1484 1653 1570 1684 Deus;
1585 1659 1637 1680 non
1657 1657 1745 1679 tamen
1771 1659 1824 1679 vox
1839 1652 1904 1679 Ver-

1123 1700 1198 1732 bum,
1212 1699 1276 1733 quia
1296 1706 1344 1726 ttec
1359 1698 1477 1726 Joannes
1492 1699 1538 1733 qui
1557 1704 1668 1726 vocatus
1692 1704 1734 1726 est
1763 1706 1826 1732 vox,
1855 1706 1904 1726 τοι

1123 1750 1194 1776 erat,
1212 1745 1258 1772 sed
1275 1745 1402 1772 Joannes.
1424 1745 1493 1778 Quid
1508 1751 1597 1771 autcttt
1615 1746 1679 1772 dicit
1693 1746 1737 1779 qui
1758 1746 1830 1771 venit
1853 1745 1905 1771 sat-

1122 1799 1186 1819 vare
1197 1791 1208 1818 ?
1224 1792 1274 1824 Qui
1286 1792 1380 1818 invertit
1393 1792 1507 1818 animant
1519 1799 1603 1823 suam,
1613 1792 1702 1826 perdet
1716 1800 1775 1818 eum
1785 1791 1817 1819 “.
1825 1791 1905 1819 Forte

1123 1838 1266 1866 obscurum
1283 1839 1329 1865 tibi
1346 1837 1453 1865 videtur
1470 1837 1546 1872 quod
1559 1838 1660 1864 dictum
1673 1843 1714 1865 est
1729 1846 1737 1864 :
1754 1838 1818 1872 quia
1833 1838 1904 1864 enim

1124 1892 1176 1912 non
1192 1885 1276 1911 habes
1288 1889 1499 1916 sacramentum,
1515 1891 1601 1919 neque
1612 1891 1706 1911 omnes
1723 1884 1811 1911 omnia
1828 1883 1907 1911 intel-

1125 1930 1246 1965 ligimus,
1265 1938 1354 1966 neque
1366 1938 1462 1958 ontnes
1476 1931 1509 1958 ab
1526 1930 1651 1957 omnibus
1667 1938 1818 1962 movemur,
1846 1931 1906 1958 ideo

1121 1981 1200 2010 putas
1207 1978 1319 2004 obscura
1331 1976 1392 2009 τρυε
1399 1977 1492 2004 invenit
1501 1977 1616 2003 animum
1624 1985 1708 2010 suam,
1717 1977 1805 2011 perdet
1813 1977 1905 2010 eam",

1123 2023 1174 2050 hoc
1187 2027 1239 2054 est,
1257 2023 1303 2058 qui
1317 2023 1371 2049 vult
1391 2023 1512 2050 invenire
1538 2023 1640 2058 perdet.
1667 2023 1828 2056 Quomodo?
1843 2023 1906 2057 Quae

1123 2068 1241 2096 inventio
1249 2074 1300 2102 est,
1312 2076 1340 2096 et
1350 2077 1409 2104 quae
1422 2069 1552 2096 amissio?
1567 2069 1603 2096 De
1614 2071 1671 2104 ipsa
1683 2070 1833 2104 eademque
1846 2069 1904 2096 ani-

1123 2123 1165 2142 tua
1184 2115 1228 2150 qui
1243 2117 1403 2151 martyrium
1419 2117 1531 2150 patitur,
1562 2116 1632 2143 tollit
1660 2116 1826 2148 hominibus,
1853 2116 1905 2142 Deo

1122 2167 1212 2188 autem
1230 2162 1341 2188 invenit.
1358 2161 1411 2194 Qui
1431 2162 1572 2195 perdiderit
1586 2162 1701 2188 animum
1717 2169 1792 2188 suam
1803 2167 1906 2195 propter

1123 2216 1175 2240 me,
1204 2209 1316 2235 inueniet
1340 2217 1397 2234 eam
1412 2209 1443 2235 ".
1475 2208 1701 2242 lnterprctatione
1730 2215 1783 2235 non
1806 2201 1905 2242 indiget

1125 2262 1234 2286 sermo;
1250 2254 1294 2288 qui
1307 2254 1442 2281 desiderat
1455 2254 1510 2287 jam
1527 2254 1638 2280 audivit.
1660 2253 1715 2288 Ego
1728 2258 1818 2280 autem
1830 2260 1904 2280 com-

1125 2301 1214 2334 patior
1230 2305 1329 2327 nostra:
1347 2305 1461 2332 naturae,
1479 2300 1524 2335 qui
1541 2300 1576 2327 ita
1596 2307 1688 2327 smnus
1704 2299 1794 2334 egi-ni,
1811 2305 1902 2326 utnon

1125 2347 1261 2380 possimus
1275 2347 1391 2373 invicem
1411 2351 1505 2373 nostro
1521 2347 1613 2373 debito
1626 2347 1692 2373 dare
1711 2347 1820 2381 aliquid.
1836 2346 1902 2379 Quid

1126 2397 1214 2418 autem
1244 2396 1272 2418 et
1296 2399 1438 2426 possumus
1460 2392 1608 2419 retribuere
1630 2392 1739 2419 Christo
1766 2391 1901 2418 Domino?

1125 2437 1248 2463 Animam
1261 2445 1342 2472 quam
1362 2438 1474 2469 creavit,
1492 2445 1589 2472 corpus
1603 2437 1673 2471 quod
1702 2437 1839 2472 figuravit,
1855 2445 1902 2472 pu-

1126 2483 1244 2510 dicitiam
1265 2491 1311 2517 per
1326 2492 1407 2518 quant
1430 2484 1589 2511 beneticiunt
1615 2483 1718 2516 tribuit,
1747 2484 1903 2519 martyrium

1127 2537 1174 2564 per
1189 2531 1258 2564 quod
1271 2530 1432 2562 sanctificat,
1451 2529 1585 2564 justitiam
1609 2538 1656 2564 per
1681 2537 1762 2564 quant
1780 2530 1902 2557 honorat.

1125 2577 1189 2610 Quae
1203 2577 1324 2604 videmur
1335 2578 1359 2604 ei
1371 2578 1493 2610 reddere,
1509 2578 1593 2612 magis
1603 2578 1760 2611 accipimus.
1774 2578 1904 2605 Adveniat

1125 2624 1206 2658 igitur
1217 2623 1323 2651 ﬂamma
1332 2626 1363 2650 ad
1378 2624 1518 2655 medullas,
1531 2624 1729 2658 penetretigttis
1741 2625 1774 2650 ad
1788 2625 1902 2656 viscera,

1124 2674 1150 2695 et
1163 2670 1326 2696 accendatur
1334 2670 1423 2696 anima
1433 2670 1466 2696 ad
1476 2669 1644 2704 martyrium,
1653 2669 1686 2695 ad
1695 2668 1904 2702 confessionem.

1125 2716 1158 2742 ad
1172 2716 1340 2749 pudicitiam,
1357 2717 1390 2743 ad
1403 2715 1547 2749 justitiam,
1569 2715 1602 2741 ad
1619 2714 1846 2746 misericordiam,
1867 2714 1899 2741 ad

1124 2762 1224 2796 jeiunia
1241 2771 1248 2795 ;
1270 2768 1299 2789 ut
1313 2767 1340 2790 et
1357 2762 1478 2789 diabolus
1490 2766 1639 2796 superetur,
1654 2764 1681 2787 et
1705 2760 1840 2788 dazmones
1854 2761 1897 2787 de-

1315 2809 1337 2825 ”
1352 2809 1416 2836 ibid.

328 2851 383 2886 (35)
397 2852 466 2892 [face
483 2853 620 2892 Dominum
635 2854 673 2880 tui
689 2858 804 2889 propter,
822 2858 873 2883 etc.
892 2853 1003 2882 Videtur
1020 2855 1088 2882 verti
1107 2855 1230 2884 debuisse
1257 2855 1337 2890 Ecce,
1360 2855 1480 2890 Domine,
1496 2860 1598 2890 propter
1627 2859 1661 2888 te,
1678 2859 1743 2888 «to,
1769 2854 1838 2889 quod
1859 2857 1897 2880 est

291 2887 383 2914 Graece
397 2888 476 2914 ἒιεκα
491 2888 546 2914 rio-3.
