2024 3208
131 171 195 198 1181

131 233 290 262 struantur,
301 234 328 257 et
347 230 427 260 homo
439 239 488 266 pro
504 232 613 260 Christo
629 232 767 265 salvetur;
787 238 815 261 et
839 242 909 261 sem-

131 285 180 309 per
191 277 294 312 gratias
308 282 370 313 agat
386 277 440 305 Deo
455 278 526 306 Patri
545 287 592 314 per
605 279 777 315 unigenitum
800 280 858 314 ejus
868 280 913 307 Fi-

131 321 206 355 lium,
221 328 268 357 per
281 318 360 357 quem
374 328 414 351 est
429 324 452 351 ei
465 324 560 358 gloria,
573 325 668 358 honor,
685 326 836 361 imperium,
851 335 910 354 ma-

793 173 828 202 lN
844 174 972 202 MATTH.
995 175 1027 209 X,
1047 177 1093 204 27.

1678 181 1745 208 H82

971 236 1064 271 festas,
1078 244 1137 264 cum
1155 236 1255 272 Spiritu
1269 243 1372 271 sancto,
1387 243 1414 266 et
1433 247 1515 272 nunc.
1531 245 1559 268 et
1575 247 1692 276 semper,
1719 246 1745 269 et

967 290 1015 317 per
1030 283 1119 310 omnia
1135 283 1232 310 saecula
1246 284 1415 312 saeculorum.
1427 285 1524 313 Amen.

614 476 890 533 EUSEBII
930 478 1269 534 PAMPHILI

403 596 476 639 DE
512 595 801 641 MANDATO
841 594 1093 657 DOMINI,
1132 595 1297 649 QUOD
1334 597 1474 641 AIT:

499 689 590 726 Quod
612 690 681 720 dico
704 689 791 720 vobis
813 690 846 719 in
864 699 957 727 aure,
979 699 1077 729 supra
1097 692 1384 730 tecta‘prcedicate,

774 771 890 801 LIBER
912 771 1116 803 SEPTIMUS.

171 932 258 960 Verba
273 932 330 959 haec
345 939 404 968 qua:
418 932 487 960 lecta
499 937 574 965 sunt,
593 932 700 960 Domini
714 938 847 969 martyres
859 941 921 966 pro-
937 935 958 965 Β
976 935 1033 970 ipse
1051 936 1158 970 quidem
1174 941 1325 971 opportune
1341 941 1420 970 tacet,
1433 937 1570 971 discipulis
1582 943 1671 966 autem
1681 939 1754 974 loqui

137 981 273 1008 duxerunt
290 981 323 1007 ad
343 981 516 1014 passionem;
548 988 597 1015 per
618 981 666 1008 ltos
691 981 762 1009 enim
778 988 918 1009 sermones

137 1026 272 1054 ﬂammam
292 1027 317 1053 in
338 1035 432 1054 eorum
460 1027 617 1062 prmcordiis
643 1028 836 1054 accenderunt.
865 1020 919 1054 Per

141 1073 219 1100 istam
233 1073 380 1100 doctrinam
393 1073 479 1100 erexit
507 1081 563 1106 eos,
580 1079 608 1100 ut
631 1078 836 1100 contemnet-ent
853 1081 921 1108 ριίε-

140 1119 237 1151 sentia,
254 1123 442 1153 exspectarent
458 1124 545 1146 autent
556 1119 656 1146 futura.
667 1119 719 1146 Per
739 1119 816 1146 istam
832 1119 922 1147 erudi-

139 1165 238 1191 tionem
251 1166 366 1192 armavit
380 1173 426 1193 eos
439 1165 472 1192 ad
485 1170 610 1193 mortem.
624 1165 714 1193 Utitur
727 1170 817 1193 autem
831 1171 858 1193 et
869 1165 921 1192 ltoc

142 1211 237 1238 ordine
251 1210 505 1238 servansotllcium:
521 1211 648 1245 praecedit
662 1215 750 1238 autent
769 1211 920 1245 passionem

139 1262 289 1292 martyrum
308 1257 457 1284 constantia
471 1265 479 1284 :
493 1257 539 1291 qtti
558 1257 629 1283 enim
644 1264 696 1284 non
718 1257 857 1291 praedicat,
871 1263 922 1284 nec

140 1304 295 1336 tenebitur;
313 1304 358 1338 qui
373 1312 425 1330 non
438 1311 500 1331 cum
518 1303 613 1331 fiducia
630 1303 710 1330 fuerit
733 1304 849 1335 locutus,
872 1310 922 1330 nec

141 1350 267 1382 tristabit,
281 1350 327 1377 sed
345 1349 471 1383 priet-edit
484 1350 641 1377 constantia
664 1350 828 1383 passionem.
854 1349 922 1376 Cum

139 1395 210 1422 enim
224 1395 311 1422 anima
328 1394 360 1421 de
374 1395 491 1422 adventu
520 1394 567 1421 Dei
595 1400 638 1422 sat
664 1394 809 1427 imbuerit,
835 1394 922 1421 aderit

140 1441 212 1468 enim
227 1441 334 1468 Deusin
347 1441 520 1475 anima,qu:e
546 1441 609 1468 dum
623 1441 711 1474 capiet
737 1440 840 1472 omnia,
869 1447 922 1467 non

140 1490 230 1521 potest
245 1486 407 1513 desiderium
420 1491 510 1514 tacere
526 1495 614 1520 suurn,
631 1487 677 1514 sed
692 1487 773 1514 sentit
785 1486 857 1521 quod
873 1487 922 1513 ha-

139 1533 196 1564 bet,
211 1532 335 1567 quodque
363 1539 416 1558 non
433 1532 524 1562 habet.
549 1532 594 1567 qui
616 1539 676 1559 sese
695 1532 894 1558 iraudaverunt
907 1538 922 1558 a

142 1575 223 1607 b‘oao.
237 1578 281 1605 Ille
297 1583 386 1605 atttem
399 1578 444 1613 qui
457 1582 562 1604 amator
578 1577 623 1604 Dei
636 1582 677 1604 est
700 1579 872 1608 constitutus,
897 1580 924 1603 et

142 1623 337 1651 humanitatem
354 1627 454 1653 servat,
471 1622 561 1648 statim
574 1627 683 1656 propter
706 1621 789 1648 Deum
814 1620 922 1655 quidem

140 1669 260 1701 laetatur.
271 1673 381 1703 propter
393 1667 585 1695 humanitatem
600 1671 689 1694 autem
704 1673 756 1693 nou
769 1670 840 1693 tacet
856 1674 863 1693 :
876 1666 924 1693 lto-

141 1716 228 1744 mines
245 1720 333 1742 autem
344 1714 501 1742 beneﬁcium
515 1721 568 1741 non
581 1713 708 1746 ferentes,
722 1713 846 1748 ignorant
861 1713 924 1748 quis

141 1762 275 1789 inhabitat
299 1762 325 1788 in
348 1761 486 1795 loquente,
518 1768 571 1787 non
588 1759 680 1787 ferunt
703 1767 770 1787 sane
791 1767 842 1787 nec
855 1767 922 1787 con-

141 1808 280 1835 stantiam.
294 1806 347 1834 Sed
359 1807 428 1834 sicut
442 1805 527 1833 Judaai
541 1806 678 1841 Stephano
690 1806 777 1840 printo
791 1806 862 1833 inter
875 1805 924 1833 ho—

143 1853 230 1880 mines
241 1856 360 1886 martyre
374 1851 472 1879 Christi
490 1852 615 1886 loquente
627 1852 822 1879 obslruxerunt
841 1858 922 1879 aures

144 1905 218 1930 suas,
231 1904 264 1924 ne
279 1897 465 1930 ingrederetur
479 1897 569 1929 Deus;
596 1897 632 1923 ita
646 1902 673 1924 et
691 1897 813 1924 nonnulli
834 1895 922 1924 homi-

144 1951 208 1970 num
222 1953 229 1970 :
244 1943 307 1978 quia
320 1943 391 1969 enim
404 1943 556 1970 constantia
587 1943 724 1970 antecedit
749 1944 900 1978 passionem
916 1964 925 1977 ,

145 1990 216 2017 unde
231 1989 341 2016 deberet
355 1989 435 2016 istinc
448 1993 476 2016 et
495 1990 590 2024 incipit
616 1990 754 2022 Dominus,
766 1990 812 2023 qui
828 1989 928 2024 produ-

143 2036 183 2063 cit
198 2040 332 2071 martyres
343 2036 375 2062 ad
391 2037 552 2070 passionem.
577 2035 646 2062 Dicit
661 2036 732 2062 enim
746 2044 752 2062 :
767 2035 843 2069 Quod
867 2037 926 2062 dico

145 2082 216 2109 vobis
227 2082 253 2108 in
269 2082 392 2112 tenebris,
410 2082 438 2119 in
455 2082 554 2109 lumine
568 2082 647 2108 dicite
658 2101 666 2113 ,
685 2086 707 2108 et
731 2082 800 2116 quod
821 2082 847 2108 in
863 2089 927 2108 aure

145 2128 269 2160 audiatis,
283 2128 310 2154 in
328 2129 400 2155 tectis
414 2129 555 2162 prtcdicute
572 2129 602 2156 ¹⁶.
630 2130 766 2156 Assumite
781 2150 788 2162 ,
818 2129 906 2164 inquit
918 2149 926 2162 ,

143 2174 335 2206 constantiam,
347 2179 444 2201 exeant
454 2174 536 2202 verba
549 2181 638 2201 vestra
653 2182 737 2208 usque
752 2175 784 2202 ad
797 2176 926 2202 terminos

132 2224 243 2247 terrae:
261 2227 294 2247 ne
313 2221 424 2247 taceatis
440 2221 465 2247 id
481 2221 513 2247 de
528 2228 580 2255 qtto
596 2221 645 2255 ipsi
657 2220 725 2249 certi
738 2221 803 2249 estis
818 2221 941 2248 etiocti:.

937 1605 958 1634 C

144 2265 229 2292 nolite
254 2265 419 2293 abscondere
447 2266 596 2299 talentum;
625 2267 723 2294 mittite
745 2268 874 2301 pecunias
900 2268 927 2294 in
943 2278 966 2305 ι)

146 2311 248 2338 mensis
263 2319 269 2337 :
287 2312 393 2346 exigam
409 2313 557 2340 eninrmea
573 2313 605 2339 ad
619 2312 734 2339 salutem
756 2313 863 2340 illorum
881 2312 927 2346 qui

145 2356 248 2383 fuerint
261 2356 376 2389 operati.
394 2355 445 2383 Sed
459 2356 531 2383 dicet
545 2357 605 2390 quis
621 2364 628 2383 :
643 2356 665 2383 si
678 2356 776 2383 bontttn
789 2360 831 2383 est
845 2356 871 2383 in
889 2356 929 2382 lu-

148 2403 221 2429 tttine
234 2402 335 2434 dicere,
354 2409 402 2428 cur
416 2401 472 2435 ipse
488 2402 513 2428 in
531 2401 651 2429 tenebris
668 2406 709 2429 est
719 2401 843 2429 locutus?
868 2405 895 2428 et
905 2401 928 2428 si

147 2451 247 2479 bonum
259 2456 300 2479 est
311 2458 391 2486 supra
407 2455 477 2478 tecta
499 2452 656 2485 praedicare,
677 2459 726 2478 cur
742 2452 797 2486 ipse
821 2451 846 2477 in
864 2458 929 2478 aure

148 2499 254 2526 locutus
266 2502 307 2525 est
317 2498 328 2524 ?
340 2498 367 2524 Si
379 2497 450 2524 enim
461 2497 519 2531 ipse
531 2497 563 2524 de
576 2498 721 2532 semetipso
731 2498 821 2525 dicere
832 2498 924 2525 l‘rau...

148 2546 171 2571 is
186 2545 282 2578 utique
294 2543 350 2578 (86)
364 2551 423 2578 qna:
438 2543 494 2577 jam
506 2543 599 2570 dixere
611 2543 707 2574 Judaei.
725 2543 764 2570 Tu
787 2545 818 2571 de
836 2549 927 2571 temet-

147 2593 203 2624 ipso
215 2591 374 2625 testiﬁcaris,
385 2594 409 2617 et
419 2590 594 2617 testimonium
603 2595 677 2617 tuum
690 2598 741 2616 non
751 2595 787 2617 est
799 2598 885 2616 verum
896 2590 928 2616 ".

148 2637 187 2664 Ne
199 2638 279 2673 igitur
293 2637 350 2672 ipse
370 2636 508 2663 videretur
523 2636 651 2662 honorem
668 2635 717 2662 sibi
735 2635 877 2662 vendicare
902 2639 930 2662 et

148 2691 201 2710 non
219 2683 340 2710 veritatis
356 2689 436 2709 causa
455 2681 547 2715 loqui.
569 2687 597 2709 et
614 2689 647 2708 ne
673 2680 852 2715 przevenirent
874 2685 929 2708 sta-

149 2732 232 2756 tutam
245 2737 259 2756 a
275 2729 354 2757 Patre
365 2728 516 2763 passionem
527 2726 611 2755 Judaei
626 2727 671 2762 qui
684 2728 772 2754 omnia
782 2727 927 2760 suutausi;

971 988 1002 1008 ea
1018 985 1047 1008 et
1060 981 1180 1009 clamare
1194 982 1339 1016 pra‘cepit;
1356 990 1408 1009 non
1436 983 1533 1010 timens
1559 984 1675 1018 quippe;
1705 985 1754 1013 hoc

971 1027 1045 1054 enim
1065 1027 1246 1061 ignorantium
1263 1028 1402 1055 hominum
1421 1033 1461 1055 est
1476 1029 1633 1063 dignitatem
1647 1031 1753 1058 Domini

970 1072 1032 1100 Iesu
1045 1092 1053 1105 ,
1074 1073 1120 1100 sed
1135 1074 1303 1107 dispensans,
1314 1079 1343 1100 ut
1357 1074 1414 1108 ipse
1429 1075 1534 1109 quidem
1551 1079 1638 1102 taceat
1653 1077 1678 1103 in
1688 1081 1755 1104 tem-

972 1126 1048 1154 pore.
1067 1119 1194 1154 loquatur
1210 1125 1299 1146 autem
1314 1121 1339 1146 in
1354 1125 1485 1154 tetnpore.
1504 1120 1596 1155 Neque
1609 1121 1681 1148 enim
1707 1129 1756 1157 per

971 1164 1061 1191 omnia
1075 1167 1157 1191 tacuit
1175 1164 1304 1192 Dominus
1317 1173 1324 1197 ;
1343 1173 1375 1192 ne
1387 1170 1547 1199 putarentur
1560 1167 1645 1194 aliena
1661 1167 1751 1202 aliqua

977 1217 992 1236 a
1004 1217 1034 1237 se
1050 1209 1154 1237 discere
1170 1210 1293 1245 discipuli
1308 1219 1315 1243 ;
1333 1218 1419 1245 neque
1443 1219 1551 1246 semper
1572 1212 1677 1241 locutus
1699 1219 1752 1248 est,

972 1262 1006 1282 ne
1019 1260 1159 1289 putaretur
1174 1256 1244 1291 quod
1266 1256 1300 1284 de
1326 1264 1355 1284 se
1379 1257 1436 1291 ipse
1450 1262 1571 1285 testatur.
1598 1258 1666 1292 Quid
1683 1260 1755 1288 enitn

974 1305 1035 1328 erat
1051 1309 1160 1329 necesse
1174 1308 1200 1329 et
1214 1301 1318 1330 Joanne
1332 1310 1500 1337 praecursore
1513 1303 1524 1330 ?
1545 1303 1602 1339 Ego
1616 1325 1623 1338 ,
1648 1305 1733 1340 inquit
1746 1325 1755 1338 ,

973 1355 1023 1374 non
1039 1347 1070 1374 ab
1087 1347 1190 1375 homine
1209 1348 1310 1382 accipio
1335 1349 1515 1376 testimonium
1530 1359 1627 1382 meum.
1643 1353 1686 1378 sed
1705 1352 1756 1379 Iza-

973 1394 1017 1421 bea
1029 1394 1205 1422 testimonium
1217 1395 1302 1429 majus
1315 1404 1330 1422 a
1339 1395 1443 1422 Joanne
1459 1396 1489 1423 ¹⁸.
1499 1395 1557 1423 Non
1572 1398 1642 1423 euint
1654 1405 1755 1431 quiem,

973 1440 1069 1475 inquit,
1085 1441 1310 1475 quemadmodum
1327 1448 1376 1476 ego
1391 1442 1521 1474 suadear,
1546 1443 1593 1469 sed
1621 1443 1756 1476 quomodo

973 1494 1021 1514 vos
1036 1495 1088 1514 uon
1104 1487 1165 1514 sitis
1179 1487 1296 1522 religiosi
1310 1496 1317 1520 ;
1336 1488 1469 1522 siquidem
1497 1495 1548 1514 non
1579 1488 1689 1516 lucerna
1711 1489 1757 1516 de-

973 1532 1019 1558 bet
1034 1532 1127 1559 testari
1145 1532 1177 1559 de
1195 1532 1262 1564 sole,
1277 1532 1323 1559 sed
1338 1532 1376 1558 sol
1389 1532 1498 1559 ﬁrmare
1512 1533 1659 1561 lucernam.
1676 1534 1709 1560 Et
1723 1540 1757 1561 ne

978 1577 1038 1611 quis
1053 1577 1174 1609 miretur,
1191 1582 1270 1612 ptttas
1298 1578 1468 1605 obscuriores
1482 1579 1551 1606 etIici
1579 1579 1701 1607 lucernas
1724 1589 1757 1607 ex

975 1621 1089 1648 adventu
1103 1621 1190 1649 solis?
1204 1621 1263 1648 Non
1278 1622 1350 1649 enim
1365 1623 1436 1656 quod
1448 1628 1574 1657 putamus
1589 1624 1638 1652 hoc
1651 1631 1678 1652 et
1696 1633 1758 1659 pro-

975 1667 1058 1699 venit,
1076 1668 1122 1694 sed
1139 1668 1189 1694 hoc
1204 1667 1274 1702 qttod
1290 1675 1342 1694 non
1361 1667 1497 1694 intuetttur
1514 1674 1645 1703 superat:
1668 1669 1757 1697 lumen

974 1713 1048 1740 enim
1068 1712 1184 1740 ntinttsa
1198 1712 1292 1746 majori
1317 1712 1428 1745 lumine,
1446 1721 1498 1740 non
1523 1715 1611 1742 minus
1635 1715 1758 1742 dulcibus

976 1758 1126 1786 itttmissum
1142 1758 1240 1785 minuit
1258 1758 1429 1786 dulcedinem
1447 1767 1563 1787 eorum:
1587 1767 1675 1795 neque
1695 1768 1757 1788 cum

975 1804 1059 1832 stellae
1078 1811 1130 1831 non
1145 1808 1249 1838 parent,
1263 1809 1390 1838 tanquam
1402 1805 1553 1832 obscurata:
1568 1813 1583 1832 a
1596 1805 1697 1832 lumine
1705 1813 1759 1834 non

976 1850 1120 1883 videntur;
1143 1850 1191 1877 sed
1208 1851 1233 1876 in
1253 1849 1348 1884 pelago
1360 1850 1471 1878 luminis
1495 1851 1597 1886 positas.
1615 1852 1759 1886 discretio-

976 1903 1037 1923 nem
1049 1903 1100 1922 non
1113 1896 1241 1930 praebent.
1254 1895 1312 1923 Non
1331 1896 1468 1931 indigebat
1493 1897 1574 1932 igitur
1588 1897 1627 1925 sol
1646 1898 1759 1932 iustitia:

976 1942 1085 1969 lucerna
1101 1943 1134 1970 ad
1155 1942 1355 1975 testimonium;
1381 1943 1447 1970 dicit
1457 1944 1528 1970 enim
1548 1943 1685 1971 Joannes:
1704 1943 1760 1978 Ego

977 1994 1030 2017 ate
1044 1989 1127 2015 debeo
1142 1988 1291 2023 baptizari;
1304 1989 1350 2016 sed
1366 1989 1504 2023 indigebat
1525 1989 1634 2024 quidem
1650 1990 1695 2017 ille
1714 1990 1760 2025 qui

977 2035 1087 2062 lucerna
1102 2039 1160 2062 erat
1172 2035 1270 2062 ardens
1285 2043 1292 2062 :
1318 2034 1428 2062 lucerna
1454 2036 1604 2063 itnmissum
1620 2036 1702 2064 habet
1720 2036 1761 2062 lu-

978 2089 1055 2114 men;
1071 2089 1123 2108 non
1141 2085 1228 2108 tamen
1242 2081 1276 2109 ab
1294 2081 1366 2108 intus
1387 2081 1557 2109 ellicientiam
1570 2082 1639 2109 sicut
1661 2082 1702 2109 sol
1726 2083 1759 2110 ¹“.

971 2127 1043 2159 ‘Vos,
1064 2128 1160 2163 inquit,
1173 2128 1277 2156 modice
1292 2129 1414 2156 voluistis
1437 2129 1547 2164 gloriari
1560 2129 1586 2156 in
1604 2129 1705 2156 lumine
1719 2129 1762 2156 lu-

978 2179 1077 2204 cernae,
1090 2173 1166 2199 vobis
1180 2172 1289 2199 lucet-na
1302 2177 1344 2200 est
1356 2173 1431 2201 utilis
1448 2183 1455 2201 :
1475 2173 1512 2200 illi
1528 2179 1617 2201 autem
1633 2175 1670 2201 ita
1685 2179 1762 2201 erant

979 2218 1054 2250 caeci,
1069 2223 1097 2244 ut
1108 2225 1141 2245 tte
1157 2218 1264 2252 quidem
1275 2219 1390 2246 lttcernm
1405 2219 1525 2246 viderent
1537 2219 1618 2253 viam,
1631 2227 1718 2254 neque
1733 2220 1760 2247 in

980 2264 1081 2291 lumine
1109 2264 1277 2292 ambularent
1301 2270 1374 2293 recte
1388 2266 1430 2292 ὀε
1457 2266 1533 2298 Quod
1565 2266 1622 2292 dico
1637 2266 1707 2293 vobis
1733 2267 1760 2292 in

981 2310 1103 2341 tenebris,
1120 2310 1198 2336 dicite
1222 2312 1250 2336 in
1271 2311 1389 2343 (iunius;
1405 2312 1456 2338 hoc
1476 2315 1528 2343 est,
1554 2311 1685 2338 absconsa
1702 2319 1762 2345 quae

979 2357 1105 2383 dicuntur
1121 2356 1236 2383 clamate
1251 2365 1258 2383 :
1278 2356 1311 2382 Et
1327 2357 1431 2391 quodin
1446 2365 1509 2383 aure
1525 2357 1647 2388 audistis,
1665 2358 1762 2391 praedi-

981 2409 1037 2429 cata
1052 2404 1186 2435 intectis;
1206 2403 1336 2430 :tssutnile
1356 2403 1513 2429 constantia:
1531 2403 1665 2429 litim-iam.
1678 2404 1762 2430 Assu-

989 2456 1093 2475 matttus
1108 2453 1135 2475 et
1151 2456 1199 2475 nos
1213 2448 1403 2475 constantiam.
1419 2447 1470 2474 Sed
1497 2448 1559 2482 quid
1582 2453 1622 2475 est
1635 2449 1705 2482 quod
1722 2448 1762 2475 in-

981 2494 1124 2528 sequitur?
1155 2493 1292 2520 Timentus
1306 2492 1339 2519 ad
1357 2492 1544 2526 insequentem
1571 2492 1762 2527 suspicionem.

982 2541 1035 2567 Sed
1054 2541 1092 2567 ait
1113 2539 1242 2566 Dominus
1255 2559 1264 2572 ,
1284 2537 1374 2564 Nolite
1397 2538 1488 2564 timere
1505 2537 1537 2564 ¹¹.
1556 2537 1613 2564 Non
1629 2537 1710 2572 igitur
1732 2537 1763 2564 ti-

983 2593 1104 2613 meamus
1116 2592 1176 2612 cum
1194 2583 1372 2613 interlicimur
1388 2592 1395 2610 :
1410 2584 1466 2618 ipse
1483 2584 1553 2611 enim
1579 2583 1707 2610 Dominus
1721 2583 1762 2610 di-

982 2632 1020 2659 cit
1040 2642 1045 2659 :
1065 2630 1157 2657 Nolite
1171 2630 1262 2656 timere
1275 2637 1318 2656 eos
1331 2629 1376 2664 qui
1389 2629 1507 2656 occidunt
1524 2638 1628 2664 corpus,
1648 2631 1763 2656 animum

982 2684 1068 2706 autem
1079 2686 1128 2704 non
1139 2681 1246 2711 possunt
1257 2677 1373 2704 occidere
1382 2678 1415 2704 ".
1426 2676 1520 2703 Divisit
1533 2677 1655 2703 timorem
1665 2685 1672 2708 ;
1682 2681 1709 2704 et
1721 2679 1763 2704 ho-

984 2725 1100 2752 minibus
1114 2724 1222 2759 quidem
1236 2723 1310 2751 dedit
1321 2728 1480 2758 potestatem
1497 2723 1637 2750 adversum
1655 2731 1763 2758 corpus,

185 2787 206 2802 “‘
221 2787 313 2814 Matth.
331 2795 358 2819 ι,
374 2787 418 2814 27,
450 2786 470 2802 ¹⁷
483 2785 561 2813 Joan.
579 2793 638 2821 vni,
650 2786 693 2814 15.
724 2786 744 2802 "
760 2785 837 2814 Joan.
851 2793 877 2819 ν,
891 2785 924 2814 54

976 2785 992 2812 ἲ.
1017 2784 1037 2800 ι’
1051 2783 1143 2811 Matth.
1164 2791 1206 2816 In,
1224 2782 1265 2810 Η.
1290 2782 1313 2798 ’⁸
1329 2781 1405 2810 Joan.
1416 2780 1496 2814 v.55.
1532 2781 1553 2798 ¹¹
1569 2781 1661 2809 Matth.
1677 2789 1704 2815 ι,
1718 2780 1762 2808 27.

150 2821 173 2837 ’⁵
195 2822 260 2849 ibid.
277 2823 322 2849 28.

186 2882 241 2918 (86)
255 2882 303 2910 Ms.
320 2884 393 2916 [rutis
405 2888 468 2910 esset
486 2884 583 2917 utique.
