2024 3208
297 166 366 194 1183

631 168 765 197 EUSEBII
785 169 1023 198 CESARIENSIS
1043 169 1118 197 OPP.
1138 169 1229 198 PARS
1249 171 1292 199 IV.
1311 187 1345 192 -
1365 171 1575 200 ῡΟϐΜΑΤΙϐΔ.

1845 175 1909 202 1184

299 226 396 254 uacent
412 229 504 255 enim:
529 227 585 260 Deo
611 234 700 256 autem
725 229 866 262 conjunxit
880 230 1019 262 virtutem,
1044 231 1078 257 ti-
1092 233 1115 261 Δ
1131 238 1234 265 passer,
1252 239 1281 260 ut
1299 234 1368 267 quod
1391 234 1480 260 minus
1501 238 1560 266 est,
1585 241 1616 261 ex
1636 235 1722 269 pretio
1745 236 1907 264 ostenderet.

298 279 373 300 more
396 273 652 309 limoremejiciens,
670 280 698 302 et
714 275 808 309 majori
826 280 898 303 metu
925 276 996 311 quod
1019 281 1077 305 erat

297 320 385 347 minus
401 322 574 355 repercussit.
590 321 618 348 Si
634 322 718 354 enim,
735 322 833 355 inquit,
850 323 944 350 timere
958 327 1077 358 oportet,

297 373 348 392 non
366 365 521 399 hominem;
535 366 622 400 major
635 367 707 394 enim
721 373 762 394 est
776 367 845 394 Deus
863 377 869 394 :
893 369 940 395 sed
969 375 1077 403 pernam

296 411 391 438 mortis
401 411 543 438 adversum
558 419 658 446 corpus
685 413 764 440 limes
779 423 786 441 :
807 413 906 440 Timete
919 416 1014 450 magis,
1036 415 1077 442 in-

295 457 364 491 quit,
384 465 442 484 eum
456 458 502 491 qui
518 463 600 492 potest
614 464 638 485 et
654 460 767 487 animam
780 466 803 486 et
818 469 911 494 corpus
927 463 1034 495 perdere
1050 463 1078 489 in

296 504 438 538 gehennam
457 504 498 530 "z
525 505 679 532 ltotttinibus
694 506 765 532 enim
788 514 907 542 potestas
933 509 1076 536 adversum

295 557 405 584 corpus,
421 555 447 576 et
463 550 513 576 hoc
525 551 617 583 semel,
633 557 673 578 est
689 552 748 579 data
763 561 770 579 :
788 553 840 580 Deo
852 560 940 581 autem
961 560 1078 589 potestas

295 600 376 622 estet
389 595 531 623 adversum
547 605 644 631 corpus
659 598 728 632 quod
742 599 877 633 figuravit,
893 606 921 627 et
934 601 1077 629 adversum

296 641 413 667 animam
431 650 512 675 quatit
525 644 614 670 creavi
625 648 645 674 ι,
664 649 691 671 et
714 646 826 679 perdere
841 654 892 672 non
906 647 1076 681 simpliciter,

295 686 342 713 sed
358 687 383 713 in
398 688 529 720 geltenna.
560 688 644 722 Major
664 691 735 717 enim
754 691 834 718 timor
861 697 902 718 cst
927 695 1076 726 gehennae,

295 740 376 766 quam
392 735 496 762 mortis.
513 734 568 762 Cur
583 737 689 768 major?
708 738 769 772 quia
785 739 881 772 duplex
898 745 939 766 est
952 741 1078 774 perditio,

295 778 392 805 animae
410 784 438 806 et
454 780 575 814 corporis
590 790 595 808 :
612 782 726 816 simplex
739 788 828 810 autent
858 789 884 811 et
907 785 1055 818 corporalis
1069 806 1076 817 ,

295 832 356 859 quin
372 825 397 851 in
413 830 498 852 morte
512 827 634 854 habetur.
651 828 741 855 Primo
757 831 829 856 enim
845 836 873 858 et
897 831 920 858 si
942 833 1078 860 dividatur

296 870 457 904 periculum,
477 876 503 898 et
523 873 646 900 homines
660 875 768 909 quidem
789 883 901 910 corpus,
931 877 1000 905 Deus
1030 887 1077 905 au-

1130 276 1195 310 Qute
1215 277 1286 304 enim
1303 279 1420 312 pretiosa
1443 283 1526 312 sunt,
1542 279 1568 306 ln
1589 278 1762 307 distractione
1784 288 1866 308 unum
1882 287 1908 310 et

1129 330 1212 349 unum
1233 323 1366 355 venditur,
1393 329 1420 351 et
1446 324 1579 358 ampliore
1605 325 1690 359 pretio
1713 333 1720 352 :
1743 332 1908 360 quascunque

1128 373 1217 395 autem
1234 369 1327 396 frivola
1342 374 1388 396 aut
1403 369 1459 405 (87)
1478 370 1549 397 olera
1568 371 1699 398 habentur
1713 391 1721 403 ,
1735 373 1815 398 multa
1832 372 1907 399 simul

1132 414 1234 440 assio-io
1249 415 1450 442 venundantur.
1469 415 1567 442 Volens
1583 423 1647 450 ergo
1662 415 1770 443 frivolos
1786 425 1907 450 passeres

1129 460 1280 491 ostendere,
1301 460 1421 492 Assario,
1438 462 1532 496 ittquit,
1544 462 1599 488 'uno
1610 463 1662 488 dtto
1676 470 1799 496 passeres
1813 463 1908 489 distra-

1130 504 1242 532 huntur.
1259 506 1369 541 Accepit
1385 507 1454 540 quod
1471 512 1528 534 crat
1545 507 1695 538 minimum,
1712 513 1741 534 ut
1757 509 1908 535 hortaretur

1130 558 1177 577 eos
1194 551 1238 584 qui
1261 551 1286 578 itt
1307 551 1408 579 ltotmre
1430 552 1594 579 habebantur
1618 562 1624 580 :
1644 552 1674 579 Et
1696 561 1762 579 unus
1785 561 1818 579 ea:
1837 554 1907 588 ipsis,

1129 597 1182 630 ait,
1202 605 1253 624 non
1267 598 1335 624 cadit
1351 598 1377 625 in
1394 604 1490 625 terram
1506 599 1561 625 sine
1575 599 1656 626 Patre
1669 605 1752 626 vestro
1767 599 1811 634 qui
1824 604 1861 626 est
1882 600 1906 626 in

1130 643 1199 670 caelis
1213 644 1246 671 ".
1265 643 1293 670 Si
1311 644 1391 678 igitur
1406 653 1529 679 passeres
1548 646 1592 679 qui
1609 653 1690 680 parvo
1705 646 1791 680 pretio
1813 645 1908 672 distra-

1130 689 1239 721 huntur,
1260 691 1371 722 umbrae,
1396 696 1423 717 ut
1439 691 1475 717 ita
1495 691 1593 722 dicant,
1610 697 1636 718 et
1661 699 1710 718 nec
1734 692 1797 718 dum
1815 699 1908 718 carnes

1130 743 1182 762 non
1205 736 1349 770 capiuntur
1374 745 1461 771 neque
1480 738 1658 772 accipiuntur,
1686 746 1738 765 tton
1765 738 1834 765 dixit
1854 739 1907 767 sine

1130 781 1193 812 Deo,
1206 782 1252 808 sed
1268 781 1325 808 sine
1337 781 1415 808 Patre
1431 787 1530 814 vestro,
1547 782 1642 816 inquit,
1659 787 1687 809 ut
1704 784 1852 818 propositio
1865 792 1908 818 pa-

1130 831 1211 853 terna-
1225 826 1375 853 dilectionis
1393 828 1565 861 protenderet
1583 827 1777 859 defensionem,
1793 833 1821 855 et
1839 829 1907 856 radi-

1129 877 1205 899 caret
1219 873 1444 899 adhortationem.
1466 873 1502 899 Ita
1524 879 1552 900 et
1567 874 1593 900 in
1613 873 1665 900 alio
1682 873 1740 900 loco
1761 874 1910 902 adhortans

297 918 349 940 lem
366 920 392 942 et
407 917 524 943 animam
538 927 544 948 ς
561 927 647 953 neque
676 920 711 946 ila
735 909 846 955 “unus
860 927 901 949 εει
922 924 1012 957 umor.
1030 926 1075 952 sed
1096 909 1114 936 Β
1130 918 1321 953 frugalitatem,
1338 924 1366 945 et
1380 919 1493 952 cupiens
1511 920 1661 954 superﬂuas
1679 921 1821 947 sublevare
1835 921 1907 948 solli-

295 965 426 994 quautum
446 963 536 989 anima
551 963 736 992 ltonorahilior
765 972 815 999 est,
835 973 938 995 tantum
967 974 995 996 et
1021 978 1078 996 nta-

293 1005 336 1039 jor
349 1006 430 1034 timor
446 1013 486 1035 est
509 1016 523 1034 a
543 1009 648 1037 timore.
665 1010 734 1043 Quia
747 1012 817 1039 enim
846 1018 873 1039 et
900 1022 1007 1048 corpus.
1031 1015 1078 1041 ad-

295 1059 402 1080 versum
422 1055 493 1088 quod
510 1055 631 1083 homines
664 1058 763 1084 habent
791 1064 950 1093 potestatem
965 1081 973 1092 ,
1004 1069 1078 1088 cont-

295 1099 456 1132 preltensum
471 1105 528 1134 est;
542 1107 568 1128 ct
580 1103 631 1129 hoc
645 1103 670 1129 in
686 1105 808 1132 manibus
821 1105 866 1131 Dei
884 1112 936 1138 est,
951 1113 977 1134 et
989 1108 1077 1134 anima

295 1153 375 1179 quam
401 1146 523 1174 homines
547 1149 652 1175 etiamsi
676 1150 772 1176 vellent
794 1152 919 1178 occidere
939 1161 991 1179 noti
1015 1161 1077 1187 pos-

294 1196 364 1223 sent,
379 1197 405 1219 et
420 1198 533 1228 utraque
549 1194 606 1221 ha-c
622 1203 674 1222 non
686 1196 719 1223 ad
735 1203 860 1230 mortem,
872 1198 918 1225 sed
932 1199 964 1225 ad
976 1200 1078 1234 gehen-

295 1245 356 1264 nam
376 1238 503 1266 dicnntur
519 1240 604 1268 abire.
624 1240 813 1276 Multiplicalus
828 1244 909 1278 igitur
929 1245 1008 1272 timor
1019 1252 1078 1278 cst,

293 1287 322 1310 et
339 1284 510 1312 multitudine
531 1291 558 1312 et
573 1288 757 1321 magnitudine
768 1310 775 1320 ,
794 1289 854 1317 ideo
871 1298 936 1326 ergo
950 1292 1029 1319 timor
1047 1293 1080 1319 ti-

293 1336 395 1356 morem
412 1331 504 1358 vincit.
522 1330 574 1358 Sed
591 1332 665 1360 dices
681 1342 688 1360 :
707 1334 937 1367 Quemadmodum
953 1339 1080 1372 possibile

293 1382 334 1404 est
347 1378 435 1412 perire
455 1379 572 1406 animant
587 1380 612 1406 in
634 1381 778 1416 geltenua?
793 1383 820 1410 Si
836 1384 906 1410 enim
923 1386 1001 1419 perit.
1021 1393 1079 1411 rer.

294 1423 427 1458 rumpitur
448 1425 505 1458 ejus
523 1426 721 1454 immortalitas.
739 1428 971 1461 Quemadmodum
989 1437 1078 1458 autem

294 1473 321 1495 et
334 1470 449 1507 corpus?
465 1470 492 1496 Si
514 1471 586 1498 enim
602 1480 706 1500 vermes
721 1474 774 1500 illic
792 1479 820 1501 et
841 1476 942 1503 stridor
959 1477 1078 1504 dentium

295 1514 425 1548 habetur;
443 1523 495 1543 non
516 1517 601 1544 solunt
627 1519 716 1546 anima
738 1520 898 1548 imtttortalis
923 1530 974 1550 non
999 1524 1077 1557 perit,

295 1561 341 1588 sed
362 1569 411 1589 nec
430 1569 544 1597 corpus;
566 1564 685 1592 induitur
707 1568 777 1594 enim
802 1569 1030 1598 immortalitatem
1053 1576 1078 1598 et
1092 1579 1113 1607 (ς

293 1614 404 1642 corpus.
428 1608 455 1636 Si
475 1608 532 1636 haec
551 1610 658 1645 quidem
678 1618 820 1646 quierunt,
836 1615 930 1642 intenti
953 1623 1013 1643 esse
1033 1615 1078 1642 de-

296 1653 359 1680 bent
371 1653 405 1680 ad
421 1655 553 1682 sermonis
566 1655 700 1687 virtutem.
716 1657 778 1691 quia
793 1659 863 1692 quod
875 1666 945 1686 nunc
966 1660 1003 1686 ait
1020 1667 1079 1694 per-

295 1699 369 1732 dere,
383 1708 433 1734 pro
447 1708 480 1728 eo
494 1705 524 1728 ut
537 1701 609 1728 dicat
620 1703 726 1737 punire.
744 1709 882 1738 acceptum
898 1710 958 1737 est;
969 1705 994 1732 'si
1008 1706 1078 1732 enim

295 1746 406 1780 periret,
431 1754 483 1773 non
500 1752 573 1774 esset
597 1748 624 1775 itt
646 1749 779 1784 geltenna.
798 1750 927 1778 Gchemta
946 1752 1018 1779 enim
1040 1753 1080 1779 vi-

296 1791 414 1818 ventium
430 1799 509 1825 poena
524 1797 574 1824 est,
588 1801 640 1820 non
660 1799 748 1820 tamen
765 1794 937 1830 interetnptio
959 1797 1079 1831 perdito—

298 1843 366 1862 rum.
387 1835 454 1869 Quia
470 1837 542 1863 euim
563 1838 741 1872 perditionem
758 1839 889 1868 timebant
904 1841 949 1876 qui
966 1847 1079 1869 ntortent

296 1881 434 1908 hontinnm
450 1883 686 1917 pertimescebant,
701 1885 760 1912 ideo
771 1886 828 1919 ipso
841 1886 944 1913 timoris
957 1895 1082 1915 sermone

297 1927 383 1953 utitur
398 1927 536 1960 Dominus.
555 1933 582 1956 et
603 1930 691 1958 dicit:
720 1929 817 1958 Timete
845 1937 932 1958 autem
956 1941 1013 1959 eum
1037 1934 1081 1968 qui

297 1976 381 2005 potest
399 1976 424 1998 et
445 1973 562 2000 animant
577 1980 602 2000 et
624 1982 718 2008 corpus
737 1975 844 2008 perdere
867 1977 895 2003 in
918 1978 1032 2012 gelteuna
1047 1979 1080 2007 ³⁸.

298 2015 391 2050 Neque
401 2017 471 2043 enim
483 2018 649 2045 convertitur
659 2019 747 2046 anima
759 2021 792 2047 ad
803 2022 990 2049 mortalitatem
1004 2031 1012 2055 ;
1024 2023 1082 2051 sine

299 2060 458 2094 pmoitentia
475 2062 547 2089 enim
568 2069 632 2091 sunt
653 2064 699 2092 Dei
716 2065 796 2093 dona.
817 2065 909 2101 Neque
927 2068 1022 2095 iterum
1041 2076 1082 2096 re-

299 2107 476 2135 surrectionis
495 2109 673 2143 promissione
698 2111 865 2146 infringitur,
883 2114 931 2141 sed
948 2115 1018 2142 sicut
1035 2122 1083 2150 per

298 2152 384 2179 Adam
397 2161 491 2181 omnes
503 2155 645 2188 morimur,
659 2157 693 2183 ila
705 2162 732 2184 et
745 2165 792 2191 per
803 2159 945 2187 Dominum
962 2166 1081 2188 nostrum

299 2198 436 2225 (lltriswm
446 2207 539 2227 omnes
551 2202 724 2237 resurgimus.
733 2203 907 2232 Communem
920 2206 990 2233 enittt
1004 2206 1082 2233 istaut

301 2252 415 2272 mortem
428 2245 513 2272 Adam
528 2247 675 2275 introduxit
696 2249 730 2276 ob
746 2256 884 2283 peccatum
905 2261 911 2278 :

300 2293 354 2317 tem
369 2290 392 2317 is
405 2290 451 2324 qui
465 2292 609 2326 assumpsit
622 2292 707 2319 Adam
728 2294 760 2320 ad
776 2296 1012 2323 resurrectionem.
1036 2297 1082 2325 ille

300 2336 370 2363 enim
386 2336 430 2370 qni
448 2337 480 2364 de
498 2342 570 2364 terra
585 2343 642 2370 est,
659 2339 807 2366 introduxit
824 2347 954 2374 mortem;
971 2343 1016 2377 qui
1035 2351 1083 2370 att-

301 2386 355 2408 tettt
371 2381 511 2409 desursum
530 2384 614 2415 venit,
631 2384 780 2412 introduxit
797 2388 1032 2416 resurrectionem.
1051 2390 1084 2417 Et

301 2428 463 2455 resurrectio
484 2429 590 2464 quidem
617 2432 767 2458 communis
783 2437 825 2459 cst
842 2433 981 2467 omnibus;
999 2436 1083 2463 haere-

300 2474 372 2501 ditas
394 2480 484 2501 autent
510 2483 602 2503 eorutn
623 2478 666 2511 qui
690 2485 721 2505 ex
743 2479 850 2507 viaticis
872 2480 973 2515 aliquid
990 2482 1082 2516 profe-

301 2525 363 2546 runt
387 2521 453 2547 suis.
474 2519 652 2550 Praecesserat
669 2523 749 2557 igitur
768 2526 909 2558 adventus,
930 2528 976 2555 sed
992 2536 1082 2563 reper-

301 2566 386 2594 cussit
407 2574 466 2594 cum
486 2567 581 2600 timor;
598 2569 704 2596 solutus
719 2575 761 2597 est
780 2573 859 2599 timor
874 2581 889 2598 a
907 2573 1014 2602 timore.
1033 2574 1083 2601 Ne-

301 2612 417 2638 cessaria
437 2619 526 2640 autent
545 2621 602 2642 erat
630 2621 656 2643 et
682 2618 842 2646 adhortatio.
861 2619 926 2652 Quae
954 2621 1081 2648 adhorta-

303 2658 356 2684 tio?
373 2658 442 2686 Dicit
462 2660 590 2689 Dominus
614 2671 620 2688 :
647 2661 742 2690 Nonne
756 2664 808 2691 duo
824 2673 962 2700 passeres;
985 2667 1039 2694 duo
1055 2673 1082 2695 el

302 2711 354 2731 non
372 2705 446 2732 multi
466 2715 473 2733 :
489 2712 516 2734 et
530 2715 664 2742 passeres,
680 2715 707 2737 et
726 2718 777 2737 non
797 2712 913 2746 majores
930 2720 1012 2746 aves;
1031 2722 1082 2740 uno

302 2751 403 2777 aunrio
430 2752 614 2780 distrahuntur
635 2754 674 2781 ’³7
693 2763 780 2790 neque
804 2764 856 2784 uno
880 2758 984 2785 assario
1011 2767 1079 2787 llllllS

338 2818 360 2833 ’³
376 2818 468 2846 Matth.
486 2829 512 2854 Χ,
526 2822 570 2850 28.
609 2824 631 2840 ³⁵
645 2824 708 2851 ibid.

339 2889 394 2925 (87)
410 2891 470 2917 Aut.
486 2891 574 2926 Forte,
591 2899 628 2920 ut.

747 2826 769 2841 "
782 2826 846 2854 ibid.
864 2827 908 2854 ‘29.
947 2829 969 2844 ’θ
984 2828 1048 2856 ibid.

1088 2830 1110 2844 ⁷⁷
1125 2829 1257 2863 Matthm,
1269 2830 1312 2858 50.

1130 964 1273 996 citudines,
1298 964 1358 991 ait:
1379 965 1409 992 Si
1428 964 1515 998 fenum
1538 966 1596 1001 agri
1621 966 1691 1000 quod
1713 967 1791 993 hodie
1811 971 1862 998 est,
1885 973 1906 993 et

1129 1010 1242 1037 crastino
1259 1011 1286 1036 iu
1301 1010 1431 1037 clibanum
1446 1012 1568 1043 mittitur,
1582 1011 1650 1038 Dem
1665 1013 1701 1038 ita
1716 1013 1800 1044 vestit,
1812 1019 1906 1046 quanto

1129 1058 1211 1092 magis
1229 1065 1281 1090 vos,
1293 1057 1405 1097 prodicit
1416 1057 1477 1091 fidei
1489 1057 1531 1084 "7
1544 1057 1566 1084 A
1582 1058 1698 1084 minimis
1713 1059 1838 1085 admonet
1852 1066 1907 1091 eos,

1129 1104 1174 1137 qui
1191 1104 1292 1130 meliori
1309 1109 1372 1130 sunt
1387 1104 1516 1138 dignitate
1531 1111 1538 1130 :
1555 1104 1590 1130 ita
1608 1109 1635 1131 et
1650 1112 1721 1131 nuttc
1736 1105 1798 1139 quia
1812 1106 1908 1132 nullius

1129 1150 1206 1184 pretii
1229 1154 1290 1177 sttnt
1305 1157 1441 1185 passeres,
1466 1155 1596 1184 quantum
1623 1151 1656 1176 ad
1682 1151 1908 1184 comparationem

1129 1196 1285 1227 hominum;
1312 1203 1396 1229 parvo
1421 1200 1511 1221 autem
1534 1195 1638 1228 pretio,
1654 1200 1683 1222 ut
1709 1195 1807 1222 nullius
1834 1196 1909 1230 pretii

1129 1241 1330 1273 distrahuntur;
1354 1241 1463 1275 cupiens
1487 1247 1535 1266 nos
1550 1239 1695 1267 admouere
1709 1239 1847 1274 dignitatis
1863 1248 1909 1266 no-

1129 1291 1204 1315 stne.
1221 1286 1510 1320 producitcoustanles
1525 1285 1582 1312 ﬁeri
1605 1285 1713 1313 debere.
1732 1285 1829 1312 Nonne
1849 1287 1909 1317 duo,

1130 1332 1230 1366 inquit,
1252 1340 1368 1366 passeres
1389 1332 1491 1358 assario
1513 1331 1707 1364 distrahuntur,
1730 1337 1754 1358 et
1774 1340 1856 1358 unum
1879 1339 1910 1358 ea:

1129 1379 1191 1411 ipsis
1202 1398 1208 1409 ,
1224 1386 1276 1404 non
1294 1379 1345 1405 duo
1361 1378 1452 1410 simul,
1469 1378 1516 1404 sed
1530 1385 1611 1404 unuut
1626 1385 1658 1404 cx
1678 1377 1755 1411 ipsis,
1770 1385 1822 1404 non
1841 1378 1909 1403 cadit

1130 1425 1156 1450 in
1174 1424 1291 1450 terram?
1304 1423 1417 1458 Propter
1432 1423 1549 1450 volatum
1568 1423 1615 1455 ait,
1630 1431 1679 1456 pro
1695 1430 1727 1449 eo
1750 1428 1779 1449 ut
1799 1423 1909 1454 diceret,

1130 1478 1181 1497 ttou
1198 1470 1318 1504 capietur
1345 1471 1403 1496 sine
1429 1469 1508 1496 Patre
1528 1475 1628 1496 vestro.
1647 1468 1675 1496 Si
1694 1469 1776 1504 igitur
1796 1477 1906 1503 quornut

1131 1525 1183 1544 Il0tI
1204 1522 1246 1544 est
1266 1517 1356 1548 Pater,
1379 1524 1428 1542 nec
1447 1516 1586 1543 ntinintuttt
1611 1516 1734 1550 proditur
1755 1515 1813 1542 sine
1834 1515 1907 1549 ipso;

1131 1563 1214 1590 multo
1234 1563 1318 1597 magis
1331 1562 1405 1589 vobis
1420 1570 1534 1596 quorntn
1556 1566 1597 1588 est
1610 1561 1702 1593 Pater,
1723 1561 1852 1594 praebebit
1864 1561 1908 1587 dc-

1130 1609 1288 1636 fensionem.
1318 1609 1400 1636 Vestri
1425 1615 1526 1641 autent,
1552 1608 1655 1642 inquit.
1672 1613 1695 1634 et
1712 1607 1800 1640 capilli
1819 1607 1911 1641 capitis

1131 1656 1261 1682 numerati
1279 1656 1380 1682 sunt".
1399 1655 1491 1682 Timor
1502 1656 1534 1682 de
1546 1655 1633 1681 attitua
1650 1660 1725 1686 erat,
1739 1658 1786 1680 aut
1800 1655 1833 1681 de
1852 1661 1910 1680 σοι·-

1130 1701 1216 1735 pore?
1241 1701 1292 1729 Sed
1315 1702 1347 1728 de
1367 1702 1465 1731 anima,
1489 1701 1587 1735 inquit,
1607 1700 1690 1727 nolite
1710 1700 1804 1727 timere
1829 1708 1836 1726 :
1859 1706 1909 1726 non

1132 1752 1257 1782 poterunt
1273 1748 1355 1780 enim,
1374 1748 1422 1778 ait,
1438 1755 1472 1774 ne
1486 1747 1594 1781 quidem
1609 1747 1654 1780 qui
1672 1746 1822 1778 voluerint,
1840 1746 1909 1772 occi-

1131 1793 1194 1820 dere
1217 1793 1345 1820 animam.
1364 1793 1415 1820 Sed
1435 1793 1469 1820 de
1484 1800 1596 1827 corpore
1612 1792 1731 1819 timetis?
1744 1792 1799 1819 Nec
1817 1793 1850 1819 de
1867 1799 1912 1818 ca-

1132 1839 1204 1873 pillis
1223 1840 1320 1874 capitis
1334 1840 1415 1866 vestri
1439 1840 1534 1866 timere
1553 1839 1670 1871 debetis;
1687 1839 1818 1865 numerati
1839 1842 1909 1865 sunt.

1135 1885 1163 1912 Si
1176 1886 1258 1920 igitur
1270 1894 1356 1920 neque
1369 1886 1402 1912 de
1416 1886 1516 1917 anima,
1540 1892 1627 1920 neque
1641 1885 1673 1912 de
1688 1892 1802 1919 corpore
1815 1885 1912 1911 timere

1133 1937 1256 1967 oportet;
1277 1937 1408 1966 quantuni
1432 1933 1465 1958 ad
1488 1939 1536 1958 nos
1558 1935 1670 1965 spectat,
1689 1930 1793 1957 ablatus
1815 1934 1857 1957 est
1878 1930 1910 1956 Ii-

1137 1986 1195 2005 ntor
1211 1987 1219 2004 :
1239 1977 1323 2004 Vestri
1333 1978 1412 2009 enim.
1430 1978 1526 2012 inquit,
1539 1982 1563 2004 et
1577 1977 1667 2009 capilli
1677 1977 1770 2009 capitis
1785 1978 1911 2003 numerati

1132 2030 1204 2051 sunt.
1233 2023 1301 2051 Num
1327 2025 1413 2051 nostri
1436 2029 1538 2050 tantum
1561 2023 1667 2058 capilli?
1691 2022 1819 2050 Sabulutn
1842 2023 1911 2050 enitn

1136 2070 1220 2097 maris
1239 2070 1305 2097 latet
1321 2070 1462 2097 scientiam
1478 2068 1545 2096 Dei?
1561 2075 1608 2096 aut
1629 2069 1700 2097 enim
1724 2069 1827 2096 semina
1848 2069 1911 2102 feni,

1136 2121 1182 2143 aut
1197 2123 1293 2150 pennae
1306 2123 1444 2150 passerum
1459 2116 1635 2151 ignorantur?
1649 2115 1784 2148 Quantum
1796 2117 1866 2143 enim
1879 2116 1911 2143 ad

1134 2170 1286 2190 sermonem
1313 2167 1432 2198 spectat,
1455 2162 1560 2190 videtur
1586 2162 1690 2194 dicere,
1717 2163 1780 2196 quia
1810 2166 1913 2190 vestros

1135 2208 1217 2234 etiam
1229 2207 1342 2241 capillos
1355 2208 1428 2234 novit
1443 2207 1524 2234 Deus.
1537 2207 1597 2234 Alia
1612 2212 1701 2234 autem
1716 2215 1775 2242 quae
1787 2211 1912 2243 putantur

931 2253 1019 2279 erexit
1035 2261 1082 2280 au-
1100 2251 1121 2277 ι)
1137 2254 1349 2289 contemptibilia
1362 2261 1488 2282 essenon
1505 2253 1662 2286 contemnit,
1676 2254 1723 2281 Sed
1736 2254 1818 2280 habet
1829 2254 1913 2280 scien-

1135 2301 1199 2327 tiam
1212 2301 1343 2327 ontniunt.
1362 2300 1428 2327 Nam
1444 2305 1471 2328 et
1487 2300 1550 2328 illud
1562 2301 1632 2336 quod
1646 2300 1745 2327 dicitur
1759 2301 1786 2327 in
1798 2300 1915 2334 Scriptu~

1136 2348 1184 2380 ris,
1199 2347 1294 2374 Omnia
1308 2349 1332 2374 ei
1349 2353 1410 2374 nota
1424 2353 1483 2374 sunt
1497 2355 1506 2375 :
1524 2355 1577 2374 non
1597 2347 1689 2374 frivole
1707 2347 1814 2382 quippe,
1831 2354 1913 2381 neque

1137 2400 1198 2420 cum
1223 2393 1324 2424 labore,
1345 2398 1392 2420 aut
1418 2401 1480 2420 cuttt
1506 2394 1608 2425 dolore,
1634 2394 1681 2420 sed
1700 2393 1913 2420 inenarrabiliter

1135 2438 1224 2464 omnia
1243 2440 1370 2473 praevenit
1391 2439 1514 2466 scientia.
1536 2439 1604 2472 Quid
1620 2447 1685 2475 ergo
1701 2445 1744 2467 est
1757 2440 1826 2474 quod
1839 2448 1914 2467 acce-

1138 2484 1175 2518 pit
1189 2484 1281 2511 dicens
1297 2493 1304 2511 :
1325 2483 1407 2511 Vestri
1422 2491 1508 2512 autent
1525 2491 1549 2512 et
1566 2486 1654 2520 capilli
1676 2487 1769 2520 capitis
1785 2486 1912 2513 numerati

1136 2532 1216 2557 sunt?
1230 2531 1291 2565 quia
1311 2532 1431 2565 provisor
1446 2538 1486 2559 est
1498 2533 1581 2560 Vestri
1595 2541 1680 2568 usque
1704 2533 1737 2560 ad
1752 2534 1871 2568 capillos.
1886 2533 1913 2560 Si

1137 2576 1217 2611 igitur
1235 2578 1350 2604 animam
1363 2579 1419 2612 jam
1442 2579 1556 2606 armavit
1576 2578 1787 2612 immortalitate,
1806 2587 1912 2607 carnem

1137 2628 1224 2650 autent
1245 2632 1277 2650 cx
1296 2633 1328 2650 eo
1350 2626 1420 2659 quod
1444 2626 1582 2660 provideat
1595 2631 1622 2652 et
1640 2626 1766 2653 defendat
1781 2634 1865 2661 usque
1881 2627 1911 2652 ad

1135 2669 1262 2702 capillos;
1278 2671 1342 2704 quid
1363 2671 1522 2706 relinquitur
1540 2673 1573 2698 ad
1589 2672 1734 2699 timorem?
1749 2673 1813 2707 quid
1833 2674 1867 2699 ad
1882 2673 1912 2700 ti-

1136 2724 1238 2744 morem
1266 2718 1435 2752 relinquitur,
1464 2723 1491 2744 ut
1519 2718 1670 2745 hominibus
1697 2725 1794 2751 casus,
1825 2723 1912 2753 utpote

1134 2769 1226 2797 opum,
1239 2763 1402 2796 divitiarum,
1415 2764 1574 2796 amicorum,
1588 2768 1740 2799 parentum,
1753 2764 1911 2799 propinquo-

1352 2831 1374 2847 ’⁸
1386 2830 1478 2858 Matth.
1492 2839 1519 2864 κ,
1528 2831 1572 2859 30.
