2024 3208
150 187 216 215 1185

811 187 842 213 IN
865 187 994 216 MATTH.
1013 189 1046 222 ι,
1064 190 1109 217 27.

1698 192 1767 220 118ΰ

147 252 224 276 rum.
244 245 337 280 patria:
350 245 405 280 ipse
424 244 552 272 allectus?
566 246 628 272 Inde
647 250 688 273 est
710 250 738 272 ut
758 246 830 273 dicat
847 255 853 273 :
881 246 970 279 QubA
986 255 1048 278 ante
1061 251 1113 279 sibi
1132 259 1244 286 parcere
1265 251 1417 280 noluerunt.
1433 251 1502 285 Quid
1517 251 1590 279 enim
1607 252 1692 280 defuit
1712 253 1768 280 tllic

145 290 233 324 diligit
246 296 346 323 patrem
360 298 404 317 aut
421 297 529 318 matrem
545 300 624 326 supra
645 300 695 324 me,
709 300 761 319 non
776 298 814 320 est
831 301 871 320 me
885 295 929 320 di-

146 339 254 370 anus".
271 337 334 364 Tria
349 339 419 365 enim
445 339 493 366 ista
515 344 576 366 sttnt
599 346 658 374 quae
679 339 750 366 circa
774 347 833 371 nos,
857 344 884 366 et
903 340 929 367 in

146 383 223 412 nobis
235 388 262 410 et
278 390 369 411 nostra
382 390 465 411 sunt:
482 385 551 419 quod
569 385 640 412 enim
654 393 757 418 sumus,
773 385 863 412 anima
883 393 924 412 stt-

146 439 218 457 mtts.
236 430 263 457 Si
284 431 344 464 quis
358 436 446 458 autem
461 438 489 458 et
504 431 678 466 semetipsum
698 432 821 465 agnoscit
842 431 930 458 inten-

146 477 211 510 tius,
226 481 253 505 et
267 476 349 504 veluti
368 477 394 504 in
416 478 534 504 secundo
546 477 615 509 loro,
639 485 688 504 nos
705 485 803 512 corptts
818 484 928 509 sumus;

147 523 199 550 tria
213 531 277 558 ergo
291 528 353 550 sunt
369 531 428 558 qua:
444 524 469 550 in
489 524 564 550 nobis
578 527 638 551 sunt
656 532 663 550 :
678 531 738 558 qua:
751 529 840 551 autem
859 524 929 550 circa

146 577 207 601 ttos,
219 570 413 604 possessiones,
427 570 518 602 amici,
535 575 658 605 parentes
673 575 701 597 et
717 571 814 605 patria.
829 570 882 597 Sed
899 570 931 598 de

146 616 235 643 anima
260 616 347 644 ttullus
373 617 453 643 timor
473 621 530 648 est,
550 617 612 651 quia
637 616 798 644 immortalis
813 621 866 644 est.
892 616 929 643 De

146 670 261 696 corpore
276 662 382 690 ablatus
401 667 443 690 est
457 663 548 695 titttor,
562 662 626 697 quia
641 668 668 689 et
691 662 778 696 t-apiili
799 663 930 689 numerati

146 713 219 736 sunt.
237 709 274 736 De
289 709 331 736 his
350 713 440 736 autem
453 717 511 744 quae
522 714 598 736 extra
613 714 685 741 sunt,
699 709 764 735 dicit
776 708 926 735 Dominus:

146 755 177 783 Si
191 757 250 790 quis
265 755 395 790 reliquerit
417 761 519 790 propter
536 764 576 782 me
592 761 616 782 et
638 763 716 790 regna
730 755 853 782 calorum
863 774 871 786 ,
885 762 933 788 pa-

146 806 221 833 trem,
240 806 285 828 aut
308 807 427 833 matrem,
440 806 485 828 aut
505 801 611 834 fratres,
626 806 671 827 aut
693 801 774 835 ﬁlios,
799 805 844 827 aut
865 808 931 826 uxo-

145 854 210 880 rem,
235 853 281 874 aut
305 853 441 882 cognatos,
466 852 512 874 aut
536 848 654 879 domum,
671 848 773 874 habebit
792 852 815 873 et
833 847 860 873 in
884 846 932 873 hoc

145 894 243 920 mundo
271 893 437 927 centuplum;
462 894 490 921 in
523 894 608 929 futuro
641 899 728 920 autent
755 894 833 920 vitam
858 898 933 920 teter-

145 947 205 966 nam
218 939 249 965 ³⁰.
266 939 336 974 Ergo
351 940 421 966 nulla
438 941 546 967 occasio
559 939 686 967 derelicta
709 944 751 966 est
773 939 875 966 timori.
895 939 931 966 De

143 986 232 1013 anima
246 985 317 1013 enim
333 986 428 1013 timere
442 994 494 1014 non
508 986 591 1013 debes
608 986 734 1012 timorem
753 985 930 1016 insensatum,

144 1039 178 1059 ne
204 1033 306 1066 puteris
329 1032 469 1060 mortalem
495 1032 588 1059 dicere
607 1031 800 1058 immortalem.
823 1030 876 1058 Sed
898 1030 931 1057 de

142 1084 258 1111 corpore
274 1076 354 1103 lituos
378 1086 385 1104 :
407 1081 521 1111 possunt
543 1076 615 1103 enim
629 1076 754 1103 occidere
777 1083 784 1101 ;
809 1074 931 1102 defendit

143 1130 229 1158 usque
243 1123 276 1149 ad
292 1122 403 1156 capillos
421 1122 466 1156 qui
487 1121 602 1149 creavit.
625 1120 677 1148 Sed
692 1120 839 1147 amicitiam
854 1127 929 1154 quae-

143 1171 192 1202 ris,
206 1174 234 1196 et
252 1174 373 1204 patrem,
393 1173 419 1195 et
434 1174 547 1195 matrem
565 1176 571 1194 :
595 1172 652 1194 esto
676 1174 778 1194 memor
805 1167 863 1200 ejus
884 1165 929 1200 qui

143 1215 182 1242 ait
198 1224 204 1242 :
223 1214 274 1248 Qui
293 1215 379 1249 diligit
401 1219 500 1245 patrem
520 1218 564 1240 aut
584 1217 693 1239 matrem
709 1220 791 1245 supra
806 1220 855 1243 me,
878 1219 930 1239 non

142 1267 181 1288 est
194 1269 233 1288 me
249 1261 343 1295 dignm
356 1261 389 1287 ³¹.
405 1260 456 1287 Sed
472 1259 590 1290 divitias.
608 1263 633 1286 et
647 1259 758 1293 quaehis
776 1263 839 1285 sunt
852 1258 928 1285 simi-

144 1307 177 1334 lia
193 1307 340 1335 desideras.
357 1307 517 1341 Quicunque
538 1305 675 1339 reliquerit
693 1309 795 1339 patrem
811 1309 857 1330 aut
871 1312 928 1330 nta-

145 1358 222 1386 lt'elll,
238 1358 283 1380 alii.
296 1355 416 1385 domum,
433 1356 478 1379 aut
499 1358 666 1386 qtttecunque
689 1354 752 1377 sunt
775 1358 856 1385 supra
874 1354 928 1377 ter-

143 1407 200 1427 ram
223 1403 333 1434 propter
347 1405 389 1425 me
406 1402 432 1425 et
455 1405 536 1432 regna
551 1397 693 1429 calorum,
709 1397 862 1430 centuplum
879 1395 928 1422 lta-

141 1443 237 1472 bebit:
253 1444 323 1470 sicut
343 1443 369 1470 hi
391 1443 435 1477 qui
457 1443 592 1470 setttinant
611 1442 636 1468 lll
653 1441 750 1468 bonam
765 1446 874 1472 terram,
901 1441 927 1467 itt

143 1492 194 1517 isto
209 1490 315 1524 quidem
337 1489 436 1516 saeculo
452 1488 616 1523 centuplum.
631 1488 657 1514 itt
680 1487 770 1514 futttro
784 1492 874 1513 autem
888 1487 927 1514 vi-

142 1542 196 1562 tattt
220 1541 359 1562 aeternam.
386 1535 474 1562 Nolite
496 1541 559 1566 ergo
581 1533 686 1559 timere.
710 1533 737 1559 Si
760 1534 833 1559 enim
858 1540 926 1559 unus

141 1590 236 1617 passer
251 1589 302 1610 non
317 1581 388 1608 cadit
403 1581 428 1608 itt
443 1585 542 1608 terratn
557 1579 616 1606 sine
632 1583 708 1612 patre
725 1583 815 1604 vestro
826 1578 871 1611 qui
886 1583 927 1604 est

141 1630 167 1656 in
185 1628 275 1659 caelis,
294 1627 437 1654 multorum
461 1628 551 1652 autem
574 1630 714 1658 passerum
736 1629 783 1648 res
803 1621 928 1649 meliores

139 1676 223 1708 estis;
244 1682 297 1702 non
314 1673 395 1700 habet
418 1672 509 1699 locum
525 1670 616 1696 tintor.
639 1668 706 1702 Quia
731 1668 812 1702 igitur
825 1667 926 1694 intere.

141 1722 190 1750 mit
206 1722 340 1752 timorem.
353 1719 454 1754 reperit
471 1717 526 1753 (88)
541 1715 702 1744 constantiae
719 1714 845 1741 ftduciam
866 1721 926 1740 cum

138 1767 321 1798 confessione,
339 1770 367 1792 et
383 1766 448 1793 dicit
470 1773 476 1791 :
494 1763 585 1790 Omnis
598 1762 746 1797 quicunque
766 1768 806 1787 me
822 1759 925 1794 confes-

139 1823 183 1840 ειη
200 1813 278 1848 fuerit
293 1817 354 1838 ante
373 1812 507 1843 homines,
523 1809 567 1837 isti
590 1809 661 1836 enim
681 1812 742 1835 sunt
762 1807 807 1842 qui
828 1814 924 1842 perse-

140 1864 267 1894 quuntur,
284 1857 425 1891 conﬁtebor
439 1862 463 1883 et
483 1865 528 1890 ego
545 1863 603 1882 eum
627 1859 686 1881 ante
706 1853 815 1880 Patrem
837 1861 924 1893 meum

139 1905 232 1939 quiest
248 1904 276 1930 in
287 1904 357 1930 ιωΙὶε
374 1903 406 1930 ³¹.
422 1902 453 1929 Et
467 1903 554 1937 primo
567 1900 677 1935 quidem
692 1899 829 1933 intercipit
847 1899 927 1926 timo—

141 1958 209 1982 rem.
227 1950 345 1978 secundo
358 1953 447 1976 autem
462 1948 584 1975 immittit
600 1954 673 1982 spem
689 1955 695 1973 :
711 1946 869 1980 Quicunque
884 1952 927 1972 me

140 1996 281 2024 confessus
300 1995 382 2022 fuerit
405 1999 468 2022 ante
491 1994 623 2026 homines,
647 1992 800 2020 contuebar
823 1997 850 2019 et
876 1999 926 2027 ego

139 2050 223 2070 eum:
248 2047 313 2076 puta
336 2042 397 2076 quia
412 2040 566 2068 hominibus
588 2039 750 2066 conveniens
770 2044 812 2066 est
838 2038 922 2065 Deum

138 2089 274 2120 conﬁteri,
291 2088 374 2115 Deunt
391 2088 515 2115 homines
537 2086 675 2121 quomodo
694 2085 821 2112 convenit
843 2084 926 2112 conii-

140 2134 210 2161 teri?
224 2133 261 2160 De
275 2134 429 2160 hominibus
444 2138 473 2160 ut
486 2140 538 2159 non
554 2133 626 2159 dicat
641 2132 675 2160 ad
688 2140 735 2159 eos
753 2141 760 2159 :
776 2131 898 2159 Recedite
910 2141 925 2159 α

138 2187 188 2211 me,
204 2181 290 2206 nescio
310 2188 353 2206 vos
365 2179 403 2212 ³³;
420 2180 466 2206 sed
488 2184 516 2205 ut
536 2179 623 2213 magis
638 2179 710 2206 dicat
726 2180 758 2205 ad
774 2186 821 2206 eos
838 2187 845 2205 :
870 2177 920 2205 Ve-

139 2226 201 2257 nite,
219 2226 345 2252 benedicti
361 2225 451 2252 Patris
469 2226 518 2252 mei
532 2225 563 2252 “.
584 2225 699 2253 Intueris
720 2225 924 2259 abnegatiouem

138 2271 198 2298 Filii
211 2271 243 2298 de
258 2272 421 2304 hominibus.
441 2278 468 2299 et
485 2271 683 2300 confessionem
699 2273 743 2299 Dei
759 2273 791 2299 de
811 2272 926 2299 ltomini-
942 2287 963 2314 υ

138 2318 208 2345 bus?
228 2318 296 2345 Num
318 2318 444 2352 possibile
458 2323 499 2346 est
517 2318 542 2345 ei
563 2318 670 2349 dicere,
686 2318 777 2345 nescio
792 2317 924 2345 Patrem?

139 2363 197 2391 Scit
208 2364 306 2398 quippe
323 2368 349 2390 et
367 2364 500 2396 homines,
514 2369 541 2390 et
558 2365 607 2391 ltos
623 2369 780 2398 peccatores
794 2365 898 2398 ignorat
916 2374 921 2391 :

137 2410 351 2436 additamentum
385 2410 456 2436 enim
486 2411 536 2437 hoc
570 2410 731 2437 solutionem
763 2410 923 2445 quatstionis

137 2455 255 2489 praebet;
268 2455 331 2489 quia
347 2455 418 2481 enint
434 2459 591 2488 peccatores
605 2455 687 2490 ignoti
702 2461 774 2489 sunt,
792 2463 844 2483 non
860 2455 921 2489 quia

137 2501 306 2535 ignorantur,
330 2501 376 2528 sed
390 2501 452 2536 quia
474 2508 526 2528 non
549 2501 583 2528 ab
604 2509 636 2528 eo
657 2503 822 2529 confitentur
847 2512 853 2529 :
874 2511 922 2531 eos

136 2548 207 2575 ettim
234 2548 278 2582 qui
304 2548 381 2576 malm
404 2552 468 2575 sunt
493 2548 554 2576 vita:
579 2549 668 2576 nescit
695 2548 784 2576 sciens
807 2557 855 2577 eos
876 2549 922 2583 qui

137 2596 202 2622 sint.
223 2595 250 2622 Si
273 2595 344 2622 enim
358 2599 581 2628 computarentur
605 2595 676 2621 inter
688 2595 762 2621 vivos
777 2594 852 2626 mali,
869 2603 920 2622 non

137 2640 253 2667 venisset
266 2640 394 2667 diluvium
411 2641 460 2666 sub
478 2639 535 2667 Noe
552 2649 558 2666 :
575 2645 602 2667 et
616 2640 683 2667 alios
696 2640 803 2674 quidem
819 2647 922 2666 connu-

137 2685 252 2713 meravit
272 2693 339 2720 quos
353 2686 451 2718 salvat,
467 2694 536 2721 quos
552 2691 643 2713 autem
663 2685 761 2718 nescit,
783 2685 870 2720 perdit
892 2690 921 2713 ut

137 2736 233 2766 purget
254 2736 365 2758 terram.
385 2731 444 2758 Non
469 2739 532 2766 ergo
555 2732 649 2759 debuit
670 2732 710 2759 eis
733 2738 856 2766 parcere,
872 2731 919 2766 qui

979 298 1012 324 ad
1036 297 1192 327 patientiam
1216 297 1281 325 Dei?
1303 297 1398 324 Nonne
1425 305 1576 332 praeconem
1600 299 1766 333 paenitentiae

979 344 1121 371 constituit
1136 344 1176 372 eis
1194 343 1249 371 Noe
1271 351 1319 378 per
1332 351 1418 370 annos
1433 350 1552 376 centum,
1565 350 1696 379 quantum
1715 353 1765 372 au-

982 395 1033 417 tem
1052 390 1085 416 ad
1101 397 1177 417 suam
1203 389 1409 424 promissionem
1434 397 1483 424 per
1504 389 1573 416 cxx?
1593 389 1687 418 Nonne
1702 398 1765 418 area

981 436 1071 468 ﬁebat,
1084 435 1143 470 ipso
1156 443 1240 470 opere
1251 435 1284 462 ad
1299 435 1488 469 paenitentiam
1502 436 1614 463 hortans
1625 436 1767 464 homines?

980 485 1026 508 aut
1052 481 1186 508 modicum
1216 485 1274 508 erat
1301 489 1366 514 vas,
1395 482 1467 516 quod
1494 487 1584 516 posset
1608 483 1688 510 etiam
1717 483 1768 511 sub

982 532 1053 554 tecto
1073 526 1220 554 fabricari?
1250 526 1345 554 Nonne
1369 532 1451 554 tanta:
1474 528 1581 559 quidem
1605 528 1766 561 altitudinis,

982 577 1064 600 tanta:
1081 577 1170 600 autem
1196 573 1373 607 longitudinis
1390 577 1417 600 et
1440 573 1591 600 latitudinis
1617 575 1767 602 secundant

982 619 1155 645 mensuram?
1190 618 1388 646 Fabricabatur
1426 623 1515 645 autem
1551 625 1614 645 arca
1644 623 1674 646 ut
1703 622 1767 647 tuba

983 664 1098 690 maxima
1109 684 1117 695 ,
1128 663 1185 698 jam
1198 664 1327 691 diluvium
1347 664 1498 697 prredicans
1520 657 1694 694 futurttut,'et
1705 668 1768 691 ante

982 710 1110 738 diluvium
1124 710 1310 746 penitentiam
1324 711 1456 738 clamans.
1473 710 1501 737 Si
1519 709 1600 745 igitur
1613 718 1664 737 cxx
1690 711 1768 737 annis

983 757 1102 784 revocati
1114 764 1129 784 a
1145 757 1256 784 malitiis
1273 765 1325 784 tton
1339 761 1401 784 sunt
1412 757 1495 790 suasi,
1513 757 1563 791 ipsi
1581 757 1634 783 vim
1648 755 1768 784 fecerunt

983 809 1013 830 ut
1028 811 1108 839 supra
1120 811 1168 831 eos
1181 803 1310 831 diluvium
1324 803 1475 836 adveniret,
1492 803 1538 838 qui
1553 803 1661 830 suaderi
1676 802 1768 830 nolue-

983 850 1046 876 rint.
1061 849 1113 876 Sed
1131 849 1276 876 Sodomam
1290 849 1388 876 evertit
1399 848 1470 875 Deus
1482 870 1489 881 ,
1504 848 1567 883 quia
1587 848 1662 882 prius
1685 847 1767 875 Sodou

983 896 1055 922 initae
1070 900 1194 922 naturam
1210 903 1286 922 suam
1308 899 1497 930 corruperant.
1521 894 1554 922 Et
1570 899 1645 922 certe
1659 901 1692 922 ne
1709 894 1768 929 qui-

949 928 969 955 Β
983 941 1042 968 dem
1063 941 1123 968 istic
1139 941 1262 976 despexit
1285 941 1374 973 Deus,
1390 928 1436 968 sed
1461 948 1557 975 passus
1577 945 1619 967 est
1641 928 1769 967 Lothrob

983 987 1186 1014 contentionem
1222 992 1359 1021 pastorum
1398 987 1431 1013 ab
1471 986 1608 1012 Abraham
1637 985 1768 1020 separari.

983 1033 1062 1060 Forte
1087 1037 1175 1060 autem
1200 1038 1226 1060 et
1246 1033 1420 1060 continentia:
1439 1031 1509 1059 sales
1535 1033 1610 1059 misit
1630 1031 1663 1058 ad
1685 1031 1769 1058 Sodo-

981 1085 1052 1104 mam
1075 1077 1188 1110 Loth“,
1213 1083 1243 1105 ut
1265 1077 1323 1112 ejtts
1338 1072 1441 1112 iustitia
1468 1077 1684 1105 continerentur.
1700 1081 1729 1103 ut
1752 1084 1768 1103 a

980 1124 1045 1157 sale,
1069 1129 1097 1151 et
1120 1131 1172 1151 non
1196 1129 1446 1159 corrumperentur.
1468 1124 1506 1151 Illi
1532 1128 1622 1151 autent
1648 1128 1675 1150 et
1698 1122 1769 1150 sales

980 1170 1164 1203 calcaverunt,
1181 1175 1208 1197 et
1221 1171 1347 1198 dixerunt
1362 1173 1395 1198 ad
1414 1178 1479 1198 eum
1493 1171 1539 1205 qui
1556 1170 1699 1202 insalabat,
1714 1169 1767 1196 lla-

981 1217 1066 1244 bitare
1082 1218 1192 1249 venisti,
1212 1225 1264 1244 non
1283 1222 1373 1244 tamen
1390 1223 1417 1244 et
1436 1217 1568 1252 judicium
1584 1216 1717 1250 judicare.
1735 1216 1768 1244 Et

980 1263 1038 1290 hate
1052 1264 1173 1290 dicentes
1187 1263 1288 1296 justum
1307 1264 1449 1290 adversum
1467 1271 1495 1289 se
1508 1263 1640 1296 judicium
1663 1262 1766 1289 excita-

980 1315 1054 1342 runt,
1067 1310 1113 1344 qui
1135 1317 1186 1336 non
1203 1309 1278 1336 fuere
1298 1309 1419 1336 contenti
1440 1310 1572 1336 adversus
1584 1308 1707 1335 homines
1725 1307 1767 1334 in-

979 1356 1068 1390 digna,
1089 1356 1136 1383 sed
1159 1360 1185 1382 et
1210 1355 1533 1384 insanieruntadversus
1559 1355 1632 1389 ipsas
1659 1360 1769 1382 sanctos

979 1403 1098 1437 angelos,
1116 1401 1160 1436 qui
1182 1407 1312 1428 venerant
1327 1401 1467 1428 vindicare
1486 1400 1611 1434 iniuriam
1627 1400 1766 1427 hominum

978 1449 1012 1477 ab
1026 1449 1127 1477 eisdem
1146 1449 1304 1475 admissam.
1322 1447 1376 1474 Sed
1391 1454 1478 1482 neque
1491 1447 1546 1473 Noe
1559 1446 1681 1481 deSpexit
1695 1447 1768 1473 Deus

979 1496 1004 1523 itt
1026 1495 1144 1526 diluvio;
1169 1494 1301 1521 utunerati
1322 1494 1395 1520 enim
1413 1497 1492 1520 erant
1514 1492 1573 1525 ejus
1588 1492 1699 1526 eapiili:
1722 1499 1769 1518 ne-

978 1549 1030 1576 que
1051 1541 1117 1568 Loth
1143 1541 1211 1575 apttd
1239 1540 1394 1567 Sodomam.
1419 1540 1470 1566 Alii
1496 1544 1585 1566 autem
1608 1540 1691 1566 Dettnt
1713 1546 1765 1566 non

941 1598 961 1627 ρ
979 1591 1069 1614 tamen
1085 1587 1208 1614 homines
1225 1587 1392 1613 oﬂ‘enderuut
1406 1606 1414 1618 ,
1431 1585 1474 1620 qui
1494 1586 1704 1612 immutaverunt
1720 1585 1769 1612 ltu-

980 1639 1088 1659 manant
1111 1637 1246 1658 naturam.
1268 1631 1325 1658 Non
1343 1637 1464 1665 estergo
1488 1630 1683 1664 increpandam
1700 1629 1766 1661 Deo,

980 1678 1042 1713 quia
1063 1685 1113 1705 nec
1130 1677 1152 1704 si
1169 1677 1237 1703 tauri
1261 1676 1421 1703 occiduntur
1441 1675 1473 1702 ad
1490 1683 1583 1706 usum,
1600 1682 1688 1709 neque
1706 1675 1768 1708 quia

979 1733 1042 1753 oves
1057 1730 1084 1752 et
1098 1723 1246 1756 coltuttbte;
1266 1723 1436 1749 varilicatunt
1454 1721 1527 1748 enim
1543 1725 1585 1748 est
1607 1728 1687 1747 omne
1705 1721 1766 1758 hoc,

978 1777 1006 1799 et
1028 1771 1192 1798 abundantia
1218 1775 1259 1797 est
1284 1769 1384 1800 multa,
1408 1773 1434 1795 et
1456 1768 1507 1794 alia
1531 1767 1590 1793 aliis
1613 1766 1767 1793 necessaria

978 1823 1055 1850 sunt,
1080 1822 1106 1843 et
1124 1816 1175 1843 alia
1194 1816 1274 1842 aliter
1299 1820 1389 1841 creata
1414 1819 1486 1841 sunt.
1512 1813 1587 1840 Sicut
1609 1812 1691 1847 igitur
1718 1820 1767 1846 pro

980 1865 1063 1891 tauris
1075 1863 1120 1898 qui
1132 1863 1294 1890 occiduntur
1309 1862 1341 1888 ad
1356 1868 1433 1887 usum
1445 1867 1497 1886 non
1510 1861 1666 1893 increpatnr
1677 1858 1765 1891 Deus;

978 1913 1004 1934 et
1021 1913 1094 1933 certe
1110 1907 1177 1933 tauri
1194 1913 1246 1932 non
1264 1910 1395 1940 peccant,
1412 1912 1502 1938 neque
1518 1909 1559 1930 est
1575 1903 1763 1939 irreligiositas

979 1953 1004 1979 itt
1021 1953 1122 1983 tauris;
1138 1959 1190 1978 non
1213 1951 1298 1977 solum
1317 1957 1370 1977 non
1384 1954 1423 1976 est
1443 1949 1636 1983 increpandam
1652 1949 1686 1975 de
1701 1956 1765 1983 per-

977 1997 1111 2032 entptionc
1131 1997 1342 2031 irreligiosortmt
1354 2015 1360 2026 ,
1378 1995 1425 2022 sed
1443 2001 1469 2021 et
1487 1994 1650 2025 nttratttlunt.
1679 1994 1766 2020 Debet

977 2042 1048 2069 cnim
1072 2042 1174 2068 laudari
1202 2041 1282 2073 Detts,
1312 2042 1376 2076 quia
1409 2047 1508 2068 terram
1538 2040 1616 2074 aquis
1642 2039 1726 2066 abluit
1750 2047 1768 2066 a

978 2089 1115 2123 spnrcitiis
1141 2088 1321 2115 habitantium
1352 2097 1358 2114 :
1387 2088 1466 2114 debet
1487 2087 1607 2121 probari.
1631 2087 1694 2120 quia
1719 2094 1767 2120 per

978 2136 1066 2170 ignem
1091 2134 1218 2161 conflavit
1245 2139 1367 2161 nostram
1392 2139 1538 2165 naturam,
1563 2138 1589 2159 ut
1608 2137 1767 2160 evocaretttr

978 2186 1069 2208 nostra
1098 2181 1230 2215 legitima.
1258 2180 1295 2207 Ita
1324 2180 1410 2207 nescit
1438 2180 1508 2207 Dens
1535 2188 1602 2215 quos
1628 2188 1682 2208 non
1709 2181 1768 2207 Vult

979 2235 1073 2259 nosse,
1093 2227 1128 2253 ita
1151 2226 1286 2260 ignoravit
1301 2234 1349 2253 eos
1363 2226 1408 2260 qui
1427 2227 1478 2254 sub
1496 2225 1566 2258 Noe;
1594 2227 1629 2253 ita
1651 2227 1766 2253 nescwit

977 2279 1023 2299 eos
1038 2272 1082 2306 qui
1102 2272 1152 2298 sub
1169 2271 1250 2304 Loth,
1269 2276 1297 2298 et
1313 2279 1360 2298 eos
1378 2272 1421 2306 qtti
1439 2277 1603 2305 negaverunt
1619 2279 1680 2298 cum
1703 2276 1765 2297 ante

978 2319 1112 2351 homines,
1126 2319 1160 2345 de
1176 2318 1274 2352 quibus
1290 2309 1320 2344 et.
1331 2318 1395 2344 dicit
1412 2326 1418 2344 :
1436 2317 1590 2351 Quicunque
1604 2325 1643 2343 me
1658 2325 1765 2351 negave-

974 2365 1007 2391 rit
1020 2373 1107 2391 coram
1118 2364 1276 2395 hominibus,
1290 2363 1387 2397 negabo
1406 2367 1429 2389 et
1443 2371 1488 2396 ego
1502 2370 1559 2388 eum
1571 2371 1659 2388 caram
1681 2361 1760 2388 Patre

973 2418 1029 2436 meo
1041 2412 1086 2445 qui
1100 2415 1137 2436 est
1154 2411 1181 2436 in
1197 2410 1268 2437 caelis
1281 2410 1314 2436 ".
1331 2410 1434 2443 Negant
1451 2415 1540 2436 autem
1556 2409 1693 2436 Christum
1709 2416 1761 2435 non

973 2455 1059 2482 soluat
1077 2456 1102 2482 lll
1122 2457 1166 2490 qui
1184 2456 1210 2482 in
1227 2455 1417 2490 persecutione
1435 2459 1543 2490 negant,
1563 2454 1695 2489 siqttidcttt
1711 2462 1761 2481 ttec

976 2501 1020 2536 qui
1032 2501 1195 2529 confitentur
1207 2502 1234 2528 itt
1251 2501 1497 2536 persecutionibus,
1516 2501 1565 2536 ipsi
1578 2501 1626 2528 soli
1642 2505 1704 2528 sunt
1716 2501 1761 2534 qui

976 2548 1160 2575 conﬁtentur:
1186 2548 1232 2574 sed
1254 2547 1450 2574 descendamus
1471 2547 1503 2574 ad
1527 2547 1645 2582 negotia,
1665 2552 1694 2572 et
1720 2546 1762 2572 fu-

976 2594 1080 2628 giamus
1095 2593 1333 2628 irreligiositatetn.
1353 2593 1402 2626 Qui
1427 2598 1490 2620 sttnt
1512 2601 1576 2627 ergo
1600 2594 1644 2627 qui
1663 2597 1763 2627 negant

975 2639 1082 2672 Filium,
1099 2645 1126 2667 et
1141 2640 1198 2672 ubi,
1212 2645 1238 2667 et
1256 2640 1282 2667 itt
1297 2640 1406 2674 quibus,
1422 2640 1604 2667 advertamus.
1619 2638 1686 2667 Cum
1702 2638 1762 2673 quis

976 2686 1126 2720 ingreditur
1144 2686 1280 2713 civitatem
1299 2686 1438 2721 gentilium
1451 2705 1460 2718 ,
1484 2691 1511 2714 et
1525 2685 1655 2721 religione
1676 2691 1760 2718 expo-

976 2736 1068 2759 scente
1089 2731 1170 2759 fronti
1185 2732 1325 2767 imponere
1344 2732 1512 2768 signaculum
1528 2731 1617 2760 crucis
1633 2730 1762 2758 confusus

172 2802 195 2818 ¹⁹
206 2802 298 2830 Matth.
311 2803 391 2834 x.57.
430 2803 451 2818 "
465 2802 618 2832 Malliuxu.
631 2802 677 2831 29.
714 2802 734 2818 ³¹
754 2801 847 2830 Matth.
863 2802 927 2835 ΗΑ

1004 2802 1026 2818 ³¹
1043 2801 1233 2836 Matth.x,52.
1273 2802 1295 2818 ³³
1309 2781 1402 2830 Matth.
1421 2809 1485 2836 xxv,
1502 2801 1546 2828 12.
1595 2800 1618 2817 ³⁸
1631 2800 1695 2829 ibid.
1714 2799 1759 2826 3t.

137 2837 240 2865 u-Gett.
255 2845 312 2869 xu.
326 2838 353 2865 9.
391 2838 412 2854 "
423 2838 516 2865 Matth.
538 2846 565 2870 ι,
581 2838 625 2866 55.

173 2906 228 2940 (88)
242 2905 351 2936 licuerit.
364 2906 453 2938 Forte,
471 2906 572 2940 repetit.
