2024 3208
329 191 397 218 1187

660 191 792 220 EUSEBll
810 191 1048 220 C(ESARIENSIS
1067 192 1142 220 OPP.
1163 193 1253 221 PARS
1272 194 1314 222 IV.
1326 182 1367 215 .-—
1387 194 1596 223 DOGMATICA.

1855 200 1910 229 H88

332 240 430 282 fuerit;
445 249 489 284 qui
512 249 662 284 ingreditur
681 258 756 277 suam
774 250 998 285 gloriﬁcationem
1014 256 1042 279 et
1058 252 1110 279 vir-
1125 247 1230 287 AYBqui
1253 253 1364 287 judicii;
1389 254 1608 288 concupiscentia
1630 258 1719 283 autem
1737 263 1837 286 coenosa
1852 262 1910 296 turpi

328 298 412 321 tutem
436 295 524 322 crucis
546 296 572 322 in
590 295 677 323 fronte
693 303 744 322 non
769 296 931 329 ostenderit,
955 297 1007 324 iste
1027 298 1108 324 etiam

327 341 386 367 sine
408 345 542 368 tormento
563 342 670 376 negabit
691 346 718 368 et
736 341 912 369 sacriﬁeabit.
929 343 996 375 Quis
1015 348 1108 370 autem

326 391 354 412 et
375 385 443 413 alius
470 387 578 421 negabit
604 387 761 414 Christum?
783 387 848 414 Cum
874 388 972 423 aliquis
993 394 1106 416 vocatus

326 431 407 459 fuerit
423 433 456 459 ad
468 440 572 460 orenam
593 433 743 467 gentilium.
762 439 789 460 et
804 435 954 468 perrexerit
969 443 977 462 :
994 435 1107 462 necdum

327 479 397 505 enim
417 478 467 506 hoc
482 483 522 506 est
542 479 724 513 prohibitum;
747 480 838 506 vinum
861 485 949 508 autem
977 481 1074 508 viderit
1093 488 1108 506 a

326 527 449 550 cmnante
474 524 500 550 in
524 527 627 550 terram
653 524 752 552 efl‘undi
780 530 807 551 et
821 525 919 558 libari,
944 530 971 553 et
996 533 1109 553 accenso

325 569 491 604 blasphemio
506 569 538 595 ab
555 569 598 596 his
611 569 658 604 qui
672 577 703 596 ea
719 577 779 604 qum
795 574 859 597 sunt
877 570 983 597 Domini
1004 571 1108 605 ingrate

326 615 508 645 manducant,
525 614 658 648 coeperint
677 614 866 648 blasphemare
885 615 910 641 in
933 614 1016 642 Deum
1040 624 1047 641 :
1065 615 1108 642 ille

325 665 413 687 autem
428 663 455 686 ut
470 659 593 686 Herodes
611 665 720 694 propter
732 660 932 688 discumbentes
946 660 1027 688 fuerit
1041 668 1106 687 con-

324 703 399 731 fusus
422 709 449 731 et
473 704 600 737 tacuerit,
629 712 681 731 non
709 711 812 739 ponens
838 710 901 732 ante
924 705 1017 732 oculos
1046 713 1108 732 suos

324 749 485 782 Christum,
508 755 587 784 negat
613 749 734 784 profecto
757 758 836 783 quem
863 758 914 777 non
941 749 1107 784 respondens

323 793 478 822 conﬁtetur.
496 794 528 820 Et
550 794 609 820 ideo
631 794 695 821 dicit
711 794 838 822 Dominus
858 805 864 822 :
884 794 1036 830 Quicunque
1059 803 1106 822 ne-

324 839 423 873 gaverit
438 847 478 865 me
489 846 578 864 coram
590 838 741 865 hominibus
753 858 760 870 ,
773 838 871 872 negabo
885 844 908 865 et
920 846 966 873 ego
977 846 1035 864 eum
1047 842 1106 865 ante

325 883 432 910 Putrem
445 892 528 911 meum
544 884 589 917 qui
609 889 645 911 est
658 885 684 910 in
698 885 779 911 cretis.
792 883 876 919 Negat
888 885 958 912 enim
972 891 1033 911 eum
1047 892 1105 912 om-

1160 303 1248 325 meatu
1268 298 1400 334 jurgetur,
1424 305 1452 327 et
1476 300 1588 333 incipiat
1614 308 1756 335 suggerere
1777 307 1801 330 et
1825 304 1908 339 dicerel

1160 343 1271 376 Quando
1292 345 1343 372 erit
1356 344 1503 378 judicium?
1523 345 1632 379 quando
1656 345 1769 374 futurum
1790 349 1843 375 est?
1861 358 1911 377 num

1159 390 1211 417 hoc
1226 390 1344 424 pertinet
1366 390 1398 417 ad
1421 390 1523 417 Deum?
1545 390 1597 418 iste
1616 391 1721 426 reliquit
1741 393 1839 427 coelum,
1852 402 1873 422 et
1887 405 1910 423 ea

1159 443 1218 470 quze
1233 436 1303 462 circa
1319 443 1361 462 me
1377 440 1440 462 sunt
1455 436 1545 463 videt?
1563 436 1690 472 Suggerit
1704 438 1772 465 enim
1792 440 1847 466 talia
1859 449 1912 468 con-

1159 481 1324 516 cupiscentia
1345 491 1352 509 :
1379 483 1425 518 qui
1451 483 1534 517 igitur
1558 484 1729 511 consentiunt
1754 485 1810 518 his,
1834 494 1913 523 negant

1159 527 1253 555 Deum.
1273 527 1341 560 Quid
1368 533 1458 555 autem
1483 529 1509 556 hi
1536 529 1580 564 qui
1603 530 1763 564 perjurant?
1782 531 1832 559 Non
1855 535 1911 561 enim

1159 577 1262 600 tantum
1272 578 1382 607 peccant
1392 573 1417 600 in
1431 574 1566 602 hominem
1575 582 1652 609 quem
1663 582 1797 610 spernunt,
1808 583 1912 612 quantum

1159 618 1185 645 in
1203 618 1284 646 Deum
1298 627 1377 654 quem
1394 625 1570 647 contemnunt
1588 629 1594 647 :
1609 622 1654 655 qui
1669 622 1738 648 enim
1758 622 1912 656 juramenlum

1158 666 1316 698 contemnit,
1337 666 1418 692 Deum
1431 671 1519 700 negat.
1535 666 1611 694 Unde
1625 671 1652 694 et
1663 674 1775 701 parcens
1790 669 1857 696 nobis
1867 669 1913 696 Sal-

1159 716 1245 744 vator,
1259 711 1291 738 de
1305 711 1364 739 aliis
1388 712 1493 746 quidem
1508 713 1626 746 mandat,
1643 718 1769 748 quantum
1784 719 1809 741 et
1824 714 1911 742 deberet

1158 757 1295 783 mandare.
1315 757 1354 783 Ad
1365 756 1545 790 juramentum
1559 757 1668 785 veniens
1677 759 1712 785 ob
1724 758 1822 786 facilem
1835 759 1912 794 lingua:

1157 801 1271 836 lapsum,
1286 809 1338 829 non
1353 802 1429 834 dixit,
1441 802 1618 837 Verejurate,
1635 803 1680 831 sed
1694 803 1722 830 in
1736 808 1814 832 totum
1826 805 1913 836 ait,Ju-

1157 856 1216 875 rare
1231 848 1330 880 nolite;
1347 855 1381 875 ne
1403 848 1472 876 forte
1496 847 1584 884 lingua
1599 850 1748 877 assuefacta
1763 857 1822 877 vere
1832 849 1913 884 iurare,

1157 893 1191 920 ob
1210 893 1315 920 facilem
1340 894 1446 928 lapsum
1471 894 1512 921 sui
1535 895 1666 922 oberrans
1688 894 1878 930 periclitaretur,
1894 900 1915 924 et

324 929 366 956 nis
382 929 536 964 quicunque
552 929 670 956 audierit
688 929 910 962 blasphemantes
925 934 952 957 et
969 930 1101 956 tacuerit:

1159 926 1382 973 irreligiositatem
1401 938 1560 966 incurreret.
1581 926 1737 966 Certamina
1753 940 1828 974 igitur
1845 926 1915 975 quoti-

324 977 404 1008 negat
418 974 505 1001 omnis
521 974 676 1008 quicunque
697 975 814 1001 audierit
837 982 946 1002 crucem
956 994 964 1007 ,
979 979 1008 1001 et
1022 975 1106 1009 depo-

324 1019 409 1046 suerit
433 1019 541 1046 oculum
566 1027 644 1046 suum
660 1021 850 1048 erubescens:
875 1021 921 1054 qui
945 1020 1053 1052 dicunt,
1071 1020 1105 1047 ad

325 1071 393 1097 quos
409 1063 502 1091 dicunt
519 1071 534 1091 a
557 1064 713 1099 parentibus
730 1065 833 1100 accepi,
851 1069 979 1099 tanquam
1000 1064 1106 1100 propel-

323 1109 409 1137 lentes
431 1117 447 1136 a
468 1117 498 1137 se
518 1110 628 1142 bonum,
647 1115 675 1137 et
700 1115 729 1136 ut
752 1111 778 1137 in
805 1110 903 1138 malam
922 1111 1104 1138 ha:reditatem

324 1156 489 1188 incidentes;
516 1156 561 1190 qui
584 1161 729 1184 occurrunt
754 1156 913 1191 quibusdam
937 1156 1106 1184 venientibus

322 1202 356 1228 ad
369 1201 528 1234 Ecclesiam,
545 1206 572 1228 et
589 1202 723 1236 trepidant
740 1202 861 1237 pedibus,
875 1202 938 1236 quia
952 1206 979 1229 et
1000 1206 1104 1235 mente;

322 1246 369 1281 qui
388 1247 529 1280 ,occultant
552 1247 686 1281 jejunium
707 1251 834 1282 tanquam
857 1248 890 1274 ad
913 1247 1102 1282 opprobrium;

322 1292 369 1326 qui
385 1291 587 1320 confunduntur
606 1293 682 1320 exire
705 1293 738 1319 ad
758 1297 903 1327 martyres,
921 1293 982 1327 quia
1009 1293 1103 1320 audie-

322 1342 386 1364 runt
409 1338 537 1372 quosdam
565 1337 685 1364 dicentes
713 1337 773 1370 sibi,
800 1337 948 1364 debuerant
975 1338 1102 1372 adjuvare

322 1388 455 1418 martyres
472 1383 594 1410 Christi:
615 1383 661 1417 qui
681 1383 776 1410 nolunt
798 1383 905 1410 irrideri
927 1384 960 1410 ab
987 1384 1103 1410 homini-

323 1428 384 1459 bus,
408 1427 571 1454 sustinentes
595 1432 687 1461 utpote
710 1427 774 1453 illud
789 1427 859 1461 quod
883 1427 922 1454 ait
944 1427 1072 1462 propheta
1091 1437 1098 1454 :

324 1472 376 1504 Qui
389 1472 487 1498 habitat
508 1473 535 1498 in
556 1472 627 1498 caelis
649 1472 766 1498 irridebit
781 1480 823 1499 eos
837 1472 869 1499 ³⁷.
883 1473 994 1507 Semper
1009 1480 1100 1507 perse-

321 1517 394 1544 cutio
411 1521 462 1550 est,
484 1524 590 1551 semper
606 1517 741 1544 invisibile
760 1517 859 1544 bellum
879 1518 1003 1551 habetur,
1030 1526 1101 1545 sem-

320 1569 370 1597 per
389 1570 506 1594 coronze,
526 1570 633 1597 semper
656 1563 809 1598 abnegatio.
831 1563 917 1591 Vultis
934 1563 1027 1591 videre
1043 1571 1102 1590 cer-

1158 984 1237 1011 diana
1250 990 1311 1011 sunt
1322 985 1384 1017 ista,
1400 992 1459 1020 qua:
1473 992 1522 1019 per
1537 985 1595 1013 dies
1617 993 1648 1013 ac
1661 991 1752 1014 noctes
1766 992 1823 1017 sunt
1836 987 1913 1015 nobis:

1156 1029 1327 1064 pulchritudo
1340 1030 1411 1057 enim
1428 1031 1563 1065 proposita
1575 1035 1616 1059 est
1628 1032 1758 1064 mulieris,
1771 1037 1797 1060 et
1809 1033 1915 1069 effulgens

1157 1073 1255 1110 efﬁgies
1267 1074 1340 1102 Iesu.
1370 1075 1404 1103 Et
1435 1076 1479 1104 ille
1502 1078 1611 1112 quidem
1629 1078 1753 1105 deorsum
1780 1079 1880 1114 inspexit
1896 1085 1915 1106 et

1157 1119 1242 1154 perit;
1269 1120 1337 1147 alius
1354 1126 1440 1148 autem
1455 1130 1561 1150 sursum
1577 1124 1711 1158 respexit,
1727 1129 1753 1152 et
1765 1129 1913 1159 assumptus:

1157 1164 1202 1192 ubi
1223 1165 1294 1192 enim
1312 1173 1369 1199 cor,
1385 1167 1439 1194 illic
1465 1174 1491 1195 et
1506 1169 1599 1196 oculus
1625 1170 1751 1197 habetur.
1768 1169 1913 1205 Propositum

1156 1215 1197 1238 est
1212 1219 1276 1239 sane
1295 1217 1321 1239 et
1334 1220 1430 1240 aurum
1447 1219 1474 1241 et
1487 1213 1575 1248 Jesus,
1591 1220 1618 1242 et
1640 1223 1691 1243 non
1709 1221 1749 1243 est
1762 1217 1858 1252 quidem
1869 1223 1915 1251 pro-

1155 1255 1253 1289 positio
1281 1257 1402 1290 aaqualis.
1435 1257 1506 1290 Quid
1537 1264 1637 1291 autem,
1670 1261 1735 1295 quia
1766 1268 1812 1288 nec
1840 1261 1915 1295 aequali

1156 1301 1266 1334 utimur,
1295 1303 1342 1329 sed
1365 1303 1522 1331 decliviores
1542 1304 1673 1332 efficimur
1709 1306 1741 1333 ad
1771 1306 1874 1339 minora,
1896 1311 1915 1333 et

1155 1347 1222 1373 adeo
1236 1346 1390 1375 fraudamur
1407 1349 1441 1376 ob
1467 1356 1498 1376 ea
1512 1357 1572 1384 quin
1597 1358 1649 1378 non
1663 1351 1767 1378 vivunt.
1781 1352 1806 1379 ln
1821 1359 1915 1385 unoquo-

1155 1399 1206 1425 que
1235 1393 1314 1428 igitur
1341 1395 1491 1422 istiusmodi
1520 1401 1580 1423 actu
1599 1398 1748 1424 certamina
1767 1402 1825 1425 sunt
1838 1397 1915 1432 posita,

1154 1441 1181 1463 et
1212 1441 1358 1465 certamina
1388 1439 1544 1474 domestica,
1581 1441 1643 1476 quia
1674 1443 1710 1469 ab
1742 1442 1810 1469 intus
1839 1441 1915 1468 mulier

1154 1482 1266 1516 videtur,
1285 1489 1310 1511 et
1334 1484 1503 1519 pulchritudo
1529 1493 1562 1514 ex
1585 1488 1802 1522 concupiscentia
1825 1486 1914 1515 exarde-

1154 1528 1214 1560 scit,
1237 1534 1265 1556 et
1280 1536 1329 1556 nos
1353 1536 1490 1564 provocat,
1514 1536 1541 1559 et
1564 1532 1675 1560 ambitio
1691 1533 1814 1566 delectat,
1836 1538 1860 1561 et
1871 1540 1914 1560 ser:

1155 1582 1200 1601 mo
1227 1572 1358 1608 hortatur,
1385 1582 1411 1603 et
1436 1576 1467 1603 lis
1491 1583 1517 1604 et
1539 1577 1695 1605 colluctatio
1720 1587 1753 1607 ex
1777 1579 1830 1606 rixa
1853 1578 1914 1606 ellici-

323 1608 423 1660 ξίηηίηξι
450 1608 652 1660 [διίείοείιξιξῑιεῖ
675 1607 871 1660 Νοξξιξυηιιιιειιι
901 1608 1025 1636 θπετυυίι
1044 1610 1104 1644 quis
1117 1613 1139 1641 (ἶ
1157 1624 1210 1652 tur,
1233 1625 1261 1648 et
1275 1628 1326 1648 non
1340 1622 1471 1650 adversus
1496 1625 1653 1659 sanguinem
1668 1625 1770 1660 quippe
1784 1630 1914 1654 etearnem.

319 1653 361 1682 Ira
379 1653 522 1681 adversum
545 1654 682 1681 subditum
700 1654 768 1687 sibi;
795 1661 992 1682 remcmoratus
1010 1660 1100 1682 autem

320 1699 436 1731 Domini,
452 1700 579 1735 deposuit
589 1701 765 1728 acerbitatem
786 1709 793 1727 :
811 1700 887 1735 pejus
901 1701 972 1728 enim
989 1706 1029 1728 est
1045 1701 1101 1729 fer-

319 1746 378 1774 vori
404 1747 521 1774 incensae
548 1746 594 1774 ira:
621 1747 757 1778 resistere,
783 1754 864 1780 quam
888 1746 1002 1774 flairima:
1029 1748 1098 1782 ignis

318 1798 378 1826 qua:
391 1798 406 1817 a
427 1790 493 1818 foris
516 1790 639 1818 habetur.
660 1790 726 1823 Quia
751 1791 832 1825 igitur
858 1796 959 1826 martyr
984 1796 1025 1818 est
1044 1793 1092 1826 qui

319 1841 426 1872 propter
455 1837 540 1864 Deum
564 1838 599 1863 ad
624 1837 786 1864 exteriorem
810 1835 945 1863 ﬂammam
967 1837 1068 1864 resistit
1091 1845 1098 1863 :

319 1895 422 1925 martyr
441 1894 468 1917 et.
482 1889 558 1917 valde
571 1895 686 1925 martyr,
706 1890 751 1925 qui
769 1890 915 1925 exstinguit
928 1892 1040 1919 interius
1059 1892 1100 1919 in-

317 1936 441 1963 cendium
457 1936 564 1963 invidia:
577 1941 684 1970 propter
698 1936 837 1963 Dominum
850 1936 960 1970 Jesum;
975 1945 1098 1965 nonnun-

318 1989 398 2015 quam
417 1982 489 2008 enim
512 1981 617 2008 videtur
632 1982 732 2016 aliquid
749 1983 848 2009 bonum
874 1988 920 2010 aut
940 1984 1049 2016 malum,
1072 1990 1099 2012 et

317 2028 438 2062 exsurgit
458 2028 568 2060 invidia,
585 2035 612 2055 et
627 2035 705 2055 nemo
725 2028 814 2061 videt;
838 2029 923 2056 latent
945 2031 1017 2057 enim
1040 2038 1099 2065 quae

319 2075 391 2099 intus
404 2077 476 2100 sunt.
499 2073 566 2106 Quia
582 2078 671 2100 autem
689 2079 804 2101 testatur
820 2075 890 2102 Deus
902 2076 1043 2103 adversum
1057 2076 1098 2103 in-

318 2118 416 2145 vidiam
441 2119 475 2145 ad
501 2119 574 2145 illum
598 2120 762 2154 respiciens,
786 2121 855 2148 sicut
873 2121 1025 2157 Joses(88‘)
1043 2130 1096 2150 non

319 2163 427 2191 vidente
457 2164 568 2191 Domino
582 2164 637 2200 (89)
656 2166 701 2200 qui
713 2171 771 2193 erat
787 2168 812 2193 in
826 2171 908 2199 terra,
923 2169 956 2194 ad
978 2169 1098 2195 invisibi-

317 2209 368 2236 lem
384 2210 518 2244 respexit,
536 2215 564 2236 et
583 2211 733 2238 mercedem
754 2213 882 2247 propositi
900 2214 1025 2246 sumpsit.
1042 2214 1096 2242 lte-

317 2262 376 2283 rum
393 2256 438 2290 qui
456 2255 575 2282 refrenat
600 2255 728 2283 invidiam
751 2264 855 2293 martyr
872 2259 987 2292 exsistit,
1011 2264 1038 2287 et
1051 2261 1096 2295 qui

316 2300 457 2329 alacritate
468 2301 629 2336 judicaverit
644 2301 714 2328 male
728 2301 767 2329 de'
781 2303 863 2330 fratre
884 2303 967 2338 loqui,
981 2310 1008 2332 et
1022 2313 1090 2333 mea-

318 2350 373 2373 tum
395 2353 480 2380 usque
500 2347 532 2373 ad
557 2345 675 2381 linguam
692 2348 844 2381 protulerit,
865 2357 895 2377 os
911 2355 1001 2378 autem
1017 2359 1096 2379 suum

317 2395 428 2426 propter
443 2390 489 2418 Dei
507 2391 629 2419 timorem
654 2400 707 2420 non
725 2396 873 2428 aperuerit,
898 2396 952 2423 iste
971 2398 1096 2425 invisibi-

316 2436 379 2464 liter
391 2437 539 2464 conﬁtetur
559 2437 655 2465 Deum.
671 2438 705 2466 Et
725 2441 768 2466 cui
787 2440 891 2468 licitum
916 2447 958 2470 est
971 2442 1098 2471 fraudare

315 2487 342 2510 et
356 2490 409 2510 non
426 2483 549 2516 fraudat;
563 2488 590 2510 et
603 2484 646 2511 cui
664 2483 766 2512 licitum
781 2491 822 2513 est
838 2487 923 2515 furari
945 2488 1096 2524 eonjugium

315 2528 450 2560 alienum,
478 2533 506 2556 et
529 2529 616 2563 parcit
641 2529 667 2556 in
694 2532 821 2559 omnibus
847 2533 890 2560 his
917 2540 976 2568 qua:
1002 2534 1097 2561 oculus

315 2573 449 2601 sensibilis
474 2582 527 2601 non
556 2575 646 2608 videt,
672 2575 815 2604 invisibilis
843 2584 934 2605 autem
961 2579 1094 2612 intuetur,

315 2619 445 2655 martyria
455 2619 675 2649 etconfessiones
685 2622 828 2650 habentur.
837 2622 942 2659 Negant
955 2630 1044 2651 autem
1066 2631 1094 2651 re

315 2664 371 2700 ipsa
393 2671 420 2694 et
439 2673 520 2700 opere
537 2667 586 2699 illi,
602 2675 669 2702 quos
689 2676 750 2696 cum
768 2671 886 2698 tenuerit
904 2672 1095 2706 concupiscen-

315 2713 369 2745 tia,
396 2717 506 2747 etpost
541 2714 597 2741 haec
629 2715 734 2743 venerit
769 2716 915 2752 Scriptum
946 2717 1095 2750 memoria,

315 2758 377 2791 quia
404 2763 446 2786 est
472 2760 542 2790 Deus
568 2761 612 2796 qui
640 2762 712 2789 videt
733 2766 759 2790 et
783 2763 897 2798 judicat,
916 2769 940 2791 et
969 2763 1030 2798 quia
1057 2767 1097 2791 est

346 2825 369 2841 ³⁷
381 2825 453 2853 Psal.
467 2835 497 2860 ιι,
511 2829 536 2855 4.

348 2903 415 2939 (88’)
438 2903 523 2932 Jones.
539 2905 628 2941 Forte,
648 2906 742 2935 Moses.

1156 1667 1202 1694 sed
1216 1668 1357 1696 adversum
1377 1669 1524 1697 invisibiles
1542 1670 1668 1698 inimicos
1684 1671 1881 1699 invisibiliteret
1895 1671 1914 1697 in

1155 1711 1197 1739 his
1217 1712 1343 1740 omnibus
1358 1715 1506 1741 certamina
1522 1720 1583 1742 sunt
1608 1720 1636 1742 et
1649 1723 1762 1750 agones.
1789 1716 1848 1743 Cum
1859 1714 1913 1749 jeju’

1155 1758 1227 1786 nium
1243 1764 1270 1786 et
1281 1766 1343 1786 esca
1357 1761 1524 1795 proponitur,
1540 1769 1599 1788 cum
1612 1762 1670 1789 sitis
1684 1769 1715 1789 et
1726 1762 1857 1797 jejunium,
1867 1768 1914 1788 cum

1154 1806 1278 1839 pudicitia
1295 1811 1323 1833 et
1346 1805 1438 1838 libido,
1463 1815 1522 1834 cum
1547 1807 1668 1836 Ecclesia
1689 1815 1720 1836 et
1746 1810 1852 1840 theatra,
1868 1814 1914 1834 cum

1153 1851 1210 1878 dies
1220 1851 1323 1886 Domini
1334 1858 1360 1880 et
1372 1853 1428 1880 dies
1441 1854 1642 1887 daemoniorum,
1656 1863 1720 1882 cum
1730 1855 1834 1884 allectus
1841 1853 1868 1880 ad
1877 1854 1914 1879 b0~

1153 1898 1238 1926 mines
1252 1903 1279 1925 et
1293 1898 1411 1927 charitas
1424 1900 1456 1926 ad
1473 1901 1566 1928 Deum.
1583 1901 1616 1928 Et
1636 1901 1662 1928 in
1675 1901 1722 1929 his
1739 1901 1854 1929 omnibus
1867 1897 1914 1934 qui-

1153 1944 1215 1971 dam
1232 1944 1338 1979 quidem
1357 1951 1467 1980 negant,
1491 1946 1599 1980 quidam
1613 1952 1704 1974 autem
1721 1947 1884 1977 conﬁtentur;
1895 1948 1914 1972 et

1154 1991 1402 2025 unusquisque-sibi
1421 1997 1552 2026 procurat
1568 1991 1666 2019 bonum
1685 1997 1734 2020 aut
1747 1990 1913 2025 malum,judi-

1153 2036 1225 2062 cium
1241 2040 1286 2062 aut
1314 2036 1444 2071 requiem,
1460 2037 1610 2072 gehennam
1634 2041 1680 2064 aut
1699 2045 1778 2073 regna
1797 2038 1913 2064 caelorum-

1153 2081 1221 2114 Quid
1237 2087 1325 2109 autem
1347 2083 1372 2109 hi
1403 2083 1447 2116 qui
1466 2083 1625 2116 sortiuntur,
1651 2085 1698 2118 qui
1713 2085 1746 2111 ad
1761 2089 1832 2111 vates
1847 2082 1913 2109 idolo-

1152 2135 1209 2154 rum
1224 2128 1356 2162 pergunt?
1376 2128 1420 2155 lsti
1441 2129 1544 2156 occulte
1562 2129 1717 2156 sacriﬁcant
1741 2129 1823 2159 idolis,
1840 2133 1863 2156 et
1875 2134 1913 2153 ne-

1152 2177 1215 2207 gant
1228 2172 1324 2200 Deum.
1345 2173 1414 2207 Quid
1434 2173 1461 2201 hi
1488 2174 1534 2208 qui
1548 2176 1662 2201 credunt
1681 2176 1744 2210 quia
1758 2183 1773 2202 a
1795 2173 1869 2202 stellis
1882 2172 1912 2199 eis

1152 2219 1219 2246 mala
1237 2220 1408 2254 proveniunt,
1436 2225 1464 2246 et
1489 2219 1573 2246 fatum
1594 2227 1654 2248 esse
1668 2220 1807 2248 fatentur?
1820 2218 1878 2252 Quid
1891 2216 1912 2243 Ιιῖ

1151 2265 1196 2298 qui
1209 2265 1393 2299 auspicantur,
1409 2266 1452 2298 qui
1471 2265 1528 2292 dies
1539 2269 1566 2292 ct
1581 2272 1660 2293 voces
1672 2271 1699 2293 et
1710 2272 1803 2300 passus
1817 2265 1913 2290 vitanlei

1151 2310 1322 2336 custodiunt?
1335 2310 1388 2336 Aut
1401 2317 1453 2336 non
1476 2309 1560 2344 plena:
1574 2315 1637 2337 sunt
1654 2311 1696 2337 his
1711 2317 1804 2337 omnes
1816 2306 1912 2335 maxime

1151 2355 1278 2382 mulieres
1291 2355 1468 2383 observantes
1489 2355 1570 2382 talia?
1595 2355 1661 2388 Quis
1678 2355 1783 2383 locutus
1800 2350 1912 2385 est?qui5

1147 2409 1195 2437 per
1217 2408 1296 2428 nares
1311 2401 1435 2435 spiritum
1460 2401 1591 2436 protulit?
1605 2402 1665 2436 quis
1690 2406 1778 2428 motus
1796 2398 1850 2426 est?
1863 2402 1911 2430 qua!

1145 2448 1203 2475 avis
1219 2446 1329 2479 volavit,
1347 2452 1375 2473 et
1400 2447 1481 2480 unde,
1510 2451 1556 2474 aut
1569 2448 1715 2482 quomodo,
1740 2451 1785 2473 aut
1797 2439 1911 2479 quam“?

1145 2493 1206 2528 quis
1222 2492 1356 2520 ululavil-?
1381 2492 1469 2520 Canes
1496 2493 1626 2520 debemus
1648 2492 1786 2520 recludere
1804 2489 1871 2520 tales,
1884 2493 1910 2513 ne

1145 2539 1292 2573 procedant
1305 2545 1321 2565 e
1336 2538 1469 2565 domibus.
1483 2537 1555 2565 Fieri
1567 2538 1638 2564 cnim
1651 2545 1704 2564 non
1719 2540 1814 2572 potest,
1831 2538 1910 2560 utnon

1146 2583 1247 2619 aliquid
1262 2583 1315 2611 tale
1329 2587 1464 2610 occurrat.
1480 2582 1665 2617 Vosmetipsos
1683 2582 1804 2616 probate,
1816 2584 1840 2607 et
1853 2577 1910 2604 vidc-

1143 2629 1207 2656 bitis
1224 2630 1329 2663 quoties
1342 2630 1374 2655 ad
1395 2628 1548 2656 istiusmodi
1566 2628 1692 2656 certastis
1716 2626 1839 2661 auspicia,
1852 2629 1908 2657 quo-

1146 2674 1194 2701 ties
1211 2679 1282 2701 mota
1298 2679 1341 2701 est
1356 2673 1585 2708 concupiscentia,
1607 2674 1655 2700 sed
1669 2677 1696 2700 et
1707 2671 1831 2700 memoria
1846 2666 1886 2695 Dei
1900 2673 1905 2691 ε

1144 2725 1172 2747 et
1183 2725 1243 2747 erat
1255 2724 1402 2752 certamen,
1415 2725 1442 2747 et
1454 2721 1598 2754 contentio,
1611 2723 1638 2747 et
1648 2725 1751 2746 cursus.
1769 2717 1799 2744 Et
1811 2715 1872 2743 sicut
1885 2713 1904 2738 in

1145 2764 1279 2799 palaestris
1295 2765 1364 2792 alius
1378 2764 1524 2800 aliquando
1551 2764 1673 2799 superior
1687 2762 1798 2790 eﬂicitur
1819 2759 1874 2790 alio,
1885 2761 1905 2783 el

1174 2908 1229 2943 (89)
1245 2908 1295 2936 Ms.
1307 2909 1372 2935 sicut
1387 2907 1483 2943 Ioseph
1497 2915 1546 2935 non
1560 2907 1656 2935 ridente
1666 2905 1784 2933 Domina.
