2024 3208
151 196 222 223 “89

674 193 718 220 DE
737 191 907 220 OPERIBUS
926 191 1025 219 BONIS
1039 191 1087 218 -ET
1108 191 1220 220 MALIS.

1696 197 1766 225 “90

152 254 296 290 aliquando
306 253 416 281 inferior
428 253 511 288 iacet,
525 258 550 280 et
566 253 592 280 in
606 252 662 287 ipsa
677 252 871 280 colluctatione
882 251 936 278 ire-
951 253 973 281 Α
988 251 1030 278 nia
1064 250 1230 285 dispendium
1254 250 1452 278 obumbratum.
1481 251 1531 279 Ubi
1558 257 1599 280 est
1622 253 1768 282 hesternos

151 305 264 337 quenter
286 300 427 327 conversio
454 304 495 327 est
516 298 602 332 facta;
628 300 664 326 ita
679 302 705 326 et
723 305 819 326 sensus
836 298 933 332 saepius

151 354 212 374 cum
227 345 444 379 concupiscentia
459 345 576 372 luctatus
594 348 635 371 est
650 344 677 371 in
690 343 805 376 lectulis,
821 343 847 370 in
864 343 932 375 foro,

151 391 178 419 iu
193 390 284 424 domo,
302 390 328 417 in
345 391 468 422 theatris,
485 390 511 418 iu
533 389 717 425 lupanaribus.
740 389 772 416 Et
785 389 843 416 hch
869 388 934 416 facit

153 444 212 471 quae
234 441 262 463 et
281 436 368 463 oculis
386 435 506 463 videmus
523 435 686 463 visibiliter:
704 435 789 461 tenuit
803 433 932 469 concupi-

151 483 267 513 scentia,
285 486 313 518 et
330 480 430 516 pepulit
446 489 563 513 sensum,
581 486 608 508 et
626 480 724 508 occidit
744 480 889 515 cogitatus,
907 483 934 506 et

152 528 323 564 superposuit
351 535 381 555 se
401 529 625 562 concupiscentia.
650 528 747 555 lterum
769 531 860 554 autent
882 526 933 552 vim

152 573 257 601 faciens
278 579 375 599 sensus
398 577 536 599 correctus
563 576 612 601 est,
644 576 668 599 et
691 571 831 606 superbior
847 570 934 596 factus

152 623 204 651 est,
221 619 357 654 superavit
373 617 533 645 desiderium
555 617 724 644 libidinosum
741 623 748 642 :
765 616 860 643 horum
877 622 934 642 om-

152 665 226 693 nium
240 664 454 699 experimentum
469 663 536 697 apud
551 671 599 690 vos
614 667 667 690 est.
683 662 764 689 Scitis
779 662 850 688 enim
865 668 934 695 quo-

154 710 204 737 ties
230 709 262 736 ad
284 709 541 744 concupiscentiam,
557 708 661 743 quoties
681 707 714 734 ad
728 707 864 734 libidinem
877 706 934 733 ille-

152 756 188 783 cti
206 756 283 787 estis,
296 755 402 790 quoties
416 754 449 781 ad
463 753 616 787 avaritiam,
631 753 738 788 quoties
750 753 783 780 ad
798 752 932 785 fraudem,

152 802 259 836 quoties
273 801 305 828 ad
323 801 402 834 iram,
420 801 524 835 quoties
542 799 574 828 ad
598 799 807 833 indignationem
825 807 832 825 :
850 798 934 826 decli-

152 848 194 875 vis
204 848 276 875 enim
288 855 352 874 caro
368 847 401 874 ad
417 847 467 873 ista
479 851 520 874 est
533 847 609 879 vitia,
621 851 647 873 et
663 846 745 881 ipsius
756 845 846 872 carnis
861 852 934 872 mea-

153 897 206 921 tus.
220 892 310 920 Vincit
330 898 418 920 autem
433 893 489 920 haec
502 892 636 927 cogitatus
649 891 799 920 colluctatis
814 898 862 926 per
878 890 933 926 spi-

987 295 1053 328 dies,
1081 301 1109 323 ut
1124 296 1161 323 sis
1181 295 1310 323 sollicitus
1333 296 1365 323 de
1391 297 1541 325 hodierno?
1558 299 1600 326 ubi
1629 305 1690 327 sunt
1708 308 1769 335 quas

986 340 1044 367 heri
1068 340 1094 368 in
1121 345 1239 368 ventrem
1258 341 1338 367 missa
1363 346 1435 375 sunt,
1458 347 1487 369 ut
1514 343 1608 371 iterum
1635 353 1769 380 prmpares

986 386 1088 413 multa?
1100 385 1195 421 Figura
1211 390 1252 414 est
1264 394 1382 420 praesens
1396 388 1533 420 saeculum,
1549 393 1575 416 et
1589 397 1640 416 non
1652 392 1765 420 veritas:

987 433 1089 459 umbrze
1110 432 1230 459 volantes
1252 438 1324 459 sunt.
1345 432 1413 465 Quid
1443 434 1562 462 velocius
1587 437 1643 463 sole
1671 437 1697 464 in
1716 445 1768 472 quo

987 482 1158 504 mensuratur
1173 477 1249 504 vita?
1263 478 1402 512 Evigiiate,
1419 479 1489 512 iusti,
1503 484 1530 506 et
1549 481 1631 507 nolite
1644 489 1766 515 peccare.

987 523 1127 550 Peccatum
1155 527 1245 550 autem
1268 524 1381 551 ellicitur
1400 525 1435 551 ob
1458 526 1636 559 ignorantiam
1653 527 1710 555 Dei.
1739 529 1767 556 Si

986 568 1058 594 enim
1087 568 1193 603 agnitus
1210 569 1292 596 fuerit
1317 569 1387 596 Deus
1404 570 1448 604 qui
1465 571 1554 597 omnia
1577 572 1705 605 intuetur,
1725 581 1767 601 re-

987 614 1136 647 pcrcutitur
1151 621 1232 641 omne
1253 619 1404 648 peccatum.
1434 616 1486 642 Deo
1501 617 1572 643 enim
1591 623 1721 651 praesente
1743 625 1767 647 et

987 659 1095 687 vidente
1109 660 1170 694 quis
1181 660 1246 687 velit
1270 660 1374 687 furari?
1387 660 1436 694 Qui
1452 667 1541 689 autem
1557 663 1676 697 furatur,
1695 666 1768 699 prius

988 705 1218 740 irreligiosilatem
1235 707 1361 740 admittit,
1378 711 1405 734 ct
1426 708 1462 735 ita
1487 713 1576 736 nocet.
1595 709 1624 737 Si
1639 711 1711 737 enim
1725 719 1768 739 co-

987 752 1098 786 gitasset
1121 752 1187 780 Cain
1208 753 1271 787 quia
1286 754 1359 781 videt
1373 754 1454 786 Deus,
1476 762 1611 790 nunquam
1625 756 1768 784 accidisset

987 796 1063 829 Abel,
1078 805 1157 832 quem
1180 803 1208 825 et
1223 798 1367 833 abnegavit
1390 799 1511 828 fratrem.
1525 799 1554 828 Si
1566 800 1697 829 vidissent
1713 802 1767 829 Eva

987 847 1014 869 et
1035 842 1120 870 Adam
1135 843 1228 882 Deum,
1254 851 1305 871 non
1328 845 1460 872 vidissent
1490 846 1624 874 arborem.
1644 846 1768 881 Nunquid

987 895 1131 922 possumus
1153 889 1180 916 in
1194 890 1260 917 duas
1271 889 1354 918 facies
1370 891 1449 918 simul
1469 893 1553 919 visum
1567 893 1706 921 intendere
1722 901 1768 920 no-

153 939 246 968 ritum.
262 938 299 966 Ita
318 945 510 972 nonnunquam
526 938 649 964 videmus
663 944 806 973 pauperem
821 945 828 963 :
845 940 874 964 et
887 936 935 963 mi-
951 933 973 960 Β
985 940 1070 962 atrum
1082 935 1094 962 ἵ
1108 935 1160 963 Sed
1173 943 1226 964 non
1237 936 1348 972 suscipit
1358 937 1461 965 oculus.
1477 937 1536 965 Non
1555 946 1694 972 possumus
1705 947 1769 974 ergo

154 984 299 1012 sericordia
316 983 422 1019 quidem
445 982 541 1015 ﬂectit,
556 982 668 1010 avaritia
692 987 782 1010 autem
807 986 934 1014 revocat;

154 1032 181 1054 et
194 1027 315 1055 volumus
323 1032 498 1061 agnoscentes
509 1034 571 1054 cum
583 1034 666 1061 gener
674 1031 716 1054 est
726 1027 847 1054 misereri
860 1026 933 1062 (90);

155 1073 181 1100 id
197 1078 287 1100 autem
305 1073 376 1107 quod
400 1072 515 1099 alienum
531 1079 573 1099 est
590 1080 641 1099 tton
656 1073 730 1099 sinit.
746 1072 784 1099 lta
797 1077 934 1100 certamen

154 1122 196 1145 est
211 1118 355 1144 maximum
368 1118 392 1144 in
408 1118 556 1144 istiusmodi
569 1118 690 1150 aclibus;
707 1117 740 1144 de
755 1117 809 1144 Deo
823 1116 895 1144 enim
909 1121 936 1144 et

155 1163 188 1191 de
205 1170 356 1190 mammona
383 1168 517 1190 certamen
537 1163 661 1194 habetur,
677 1162 739 1196 quia
759 1166 787 1189 et
808 1160 936 1188 Dominus

155 1209 214 1243 ipse
227 1209 293 1235 dicit
309 1220 314 1237 :
336 1208 420 1235 Nemo
437 1214 517 1242 potest
540 1209 639 1235 duobus
662 1208 775 1235 dominis
791 1208 884 1234 servire
896 1207 935 1240 ’9;

156 1259 183 1282 et
198 1254 309 1289 opponit
326 1262 506 1281 mammonam
523 1254 618 1281 anitum
633 1253 660 1280 in
680 1253 734 1280 Deo
749 1253 866 1285 viventi;
883 1261 936 1281 non

156 1300 218 1335 quia
231 1300 440 1327 commutatione
455 1299 553 1333 aliqua,
570 1299 618 1326 sed
632 1299 693 1332 quia
706 1299 818 1326 edicitur
828 1299 854 1326 id
865 1300 936 1334 quod

155 1346 213 1374 ﬁeri
228 1353 281 1374 non
295 1346 412 1373 deberet.
429 1345 498 1381 Ergo
513 1350 645 1380 martyres
665 1345 814 1372 eﬂiciamur
832 1345 890 1378 Dei,
910 1349 936 1373 et

156 1397 208 1418 non
224 1398 316 1425 parum
333 1397 456 1424 putemus
467 1393 536 1425 quod
548 1391 586 1417 ait
601 1400 607 1417 :
620 1391 768 1424 Con/itebor
781 1395 805 1417 et
817 1398 863 1425 ego
877 1398 936 1418 eum

155 1443 244 1462 caram
260 1435 338 1462 Patre
353 1444 408 1462 meo
423 1438 467 1470 qui
486 1442 522 1464 est
537 1437 562 1463 in
578 1436 648 1463 rmlis
659 1436 692 1463 ²¹.
719 1436 771 1463 Ista
790 1437 861 1463 enim
878 1443 937 1471 quae

156 1482 201 1508 hic
221 1487 292 1513 sunt,
306 1482 445 1509 nobiscum
468 1490 520 1510 non
533 1488 660 1517 pergent;
681 1484 704 1510 si
720 1488 809 1510 autem
826 1483 936 1516 vadunt,

158 1527 333 1554 convincatur
346 1534 453 1560 sermo;
475 1535 567 1555 verum
583 1529 662 1555 isthic
679 1533 802 1562 manent;
817 1537 876 1563 qua:
888 1536 936 1556 au-

159 1577 212 1600 tem
235 1579 269 1599 ex
292 1573 356 1606 ipsis
380 1577 443 1599 sunt
463 1578 585 1607 peccata,
610 1574 748 1601 nobiscunt
761 1579 787 1600 et
813 1579 876 1600 ante
889 1581 937 1601 nos

156 1623 281 1654 pergunt.
303 1618 371 1651 Quid
387 1619 420 1645 ad
437 1618 533 1654 damna
553 1619 750 1654 properamus?
767 1618 894 1646 Venimus
909 1619 936 1646 in

157 1667 227 1692 hanc
242 1665 341 1697 vitam;
369 1668 473 1691 utamur
502 1664 611 1691 lumine.
629 1665 697 1698 Quid
727 1670 815 1692 autem
837 1664 938 1697 praebet

157 1710 246 1737 lumen
263 1711 304 1738 his
322 1711 368 1745 qui
387 1711 486 1738 habent
500 1709 613 1738 oculos?
639 1710 830 1737 Discretionem
847 1710 938 1744 utique

157 1756 335 1791 negotiorum.
356 1756 383 1783 Si
397 1756 461 1791 quid
484 1756 565 1791 igitur
587 1756 728 1783 honestum
748 1761 799 1788 est,
823 1763 881 1783 cum
899 1756 938 1784 fe-

156 1802 302 1828 stinatione
327 1805 450 1835 petatur;
475 1809 527 1829 non
545 1801 617 1829 enim
641 1806 670 1828 ut
692 1801 857 1835 decipiamus
878 1799 936 1833 vos,

157 1847 345 1882 praesidemus;
371 1855 424 1874 non
439 1849 467 1874 u‘t
485 1854 615 1882 pauperes
632 1854 678 1874 vos
692 1846 831 1878 faciamus,
845 1853 937 1872 mone-

157 1898 228 1923 mus,
245 1891 291 1918 sed
306 1891 400 1918 divites
418 1891 507 1926 potius
531 1891 560 1924 in,
572 1898 654 1925 regno
677 1890 815 1918 caelorum.
832 1889 889 1916 Non
909 1893 938 1917 ut

158 1936 315 1970 dejiciamus
327 1944 424 1971 corpus
436 1941 553 1964 vestrum
565 1937 685 1971 jejuniis,
697 1937 743 1963 sed
757 1935 939 1963 utinduatnus

159 1989 207 2009 vos
222 1981 441 2016 immortalitate;
459 1989 512 2009 non
529 1987 558 2008 ut
574 1982 729 2008 occidamus
750 1981 777 2007 in
795 1980 937 2015 martyrio,

158 2028 207 2054 sed
231 2031 261 2054 ut
285 2034 336 2054 non
359 2028 426 2054 eatis
445 2028 471 2054 in
490 2028 637 2062 gehennam
662 2034 774 2061 corpore
788 2031 816 2054 et
837 2027 938 2053 anima.

159 2071 216 2099 Non
229 2080 321 2100 sumus
339 2072 420 2107 igitur
433 2073 534 2100 inimici
552 2072 650 2105 vestri;
667 2079 718 2099 non
732 2073 803 2100 enim
819 2076 848 2099 ut
865 2072 939 2099 frau-

159 2118 255 2145 demus
269 2125 316 2144 vos
330 2118 449 2152 patribus
465 2123 494 2145 et
508 2117 601 2144 amicis
619 2118 675 2145 haec
690 2118 834 2152 loquimur,
850 2119 897 2146 sed
910 2123 939 2145 ut

159 2171 213 2191 non
227 2163 378 2190 excidatisa
393 2164 446 2191 Deo
457 2163 546 2195 Patre,
562 2163 702 2191 lucremini
719 2168 809 2191 autem
822 2168 938 2191 vosmet-

159 2210 252 2244 ipsos:
269 2209 321 2236 hoc
340 2210 410 2236 enim
422 2210 506 2237 solum
525 2214 565 2236 est
580 2209 696 2243 lucrum,
708 2210 760 2237 alia
774 2215 862 2238 autem
878 2218 937 2238 om-

953 2146 976 2176 Ι)

987 980 1014 1007 in
1029 980 1113 1008 Deum
1127 985 1154 1009 et
1170 982 1196 1008 in
1216 982 1356 1010 mulierem
1375 983 1454 1010 simul
1475 983 1566 1011 videre
1580 992 1588 1011 :
1604 984 1674 1012 sicut
1697 986 1767 1012 enim

987 1034 1066 1054 nemo
1078 1030 1166 1062 potest
1181 1028 1285 1056 duobus
1303 1028 1420 1057 dominis
1440 1030 1553 1062 servire,
1573 1031 1611 1057 ita
1626 1038 1705 1058 nemo
1722 1039 1768 1066 po-

987 1077 1040 1099 test
1057 1073 1122 1099 duos
1136 1073 1224 1100 vultus
1243 1074 1321 1101 simul
1341 1074 1483 1109 inspicere.
1499 1075 1614 1103 Tantum
1635 1084 1767 1111 propona-

985 1122 1029 1145 tur
1038 1122 1102 1145 ante
1113 1118 1205 1146 oculos
1218 1118 1297 1152 Deus,
1310 1124 1337 1147 et
1345 1120 1434 1147 omnia
1447 1121 1472 1146 in
1488 1121 1679 1156 tranquillitate
1688 1126 1764 1153 sunt;

986 1164 1032 1192 sed
1053 1171 1103 1191 nec
1133 1164 1225 1192 labore
1246 1170 1288 1192 est
1305 1172 1381 1200 opus,
1401 1165 1497 1193 sullicit
1520 1168 1590 1194 enim
1613 1167 1657 1201 qui
1679 1168 1766 1194 adest.

987 1208 1036 1242 Qui
1053 1209 1163 1243 respicit
1182 1209 1214 1235 ad
1229 1210 1322 1242 Deum,
1344 1211 1459 1245 primum
1476 1211 1583 1244 quidem
1598 1212 1678 1239 habet
1692 1212 1767 1246 adju-

988 1253 1084 1280 torium
1107 1260 1122 1280 a
1140 1258 1289 1288 praesente;
1315 1255 1432 1289 posthaec
1453 1261 1542 1283 autem
1560 1262 1587 1284 et
1610 1257 1766 1292 possibilem

987 1299 1038 1327 sibi
1053 1300 1229 1327 imitationem
1245 1305 1273 1327 et
1287 1301 1409 1328 timorem
1435 1301 1514 1335 bDﬂi;
1531 1308 1557 1330 et
1579 1303 1604 1330 in
1619 1303 1700 1330 tutela
1713 1309 1765 1336 est,

987 1349 1014 1373 et
1027 1353 1079 1373 non
1097 1346 1202 1373 aeuedit
1218 1352 1357 1381 peccatum
1375 1349 1402 1375 in
1417 1349 1477 1376 isto.
1501 1348 1586 1376 Unum
1602 1357 1635 1377 ex
1647 1350 1689 1376 his
1701 1357 1769 1385 opus

987 1395 1036 1423 est,
1058 1396 1087 1417 ut
1102 1396 1228 1419 credatur
1248 1393 1311 1427 quia
1325 1398 1367 1421 est
1392 1393 1471 1428 Deus,
1487 1401 1513 1421 et
1529 1395 1604 1422 adest
1617 1396 1726 1423 etvidet
1742 1399 1770 1423 et

987 1441 1123 1465 scrutatur
1138 1445 1167 1465 et
1191 1437 1255 1464 nihil
1270 1442 1310 1465 est
1329 1438 1399 1472 quod
1423 1446 1484 1465 eum
1508 1439 1592 1473 possit
1617 1438 1721 1472 latere;
1742 1444 1769 1466 et

987 1482 1078 1509 omnia
1099 1482 1189 1510 facilia
1207 1487 1296 1510 erunt.
1318 1482 1346 1510 Si
1372 1488 1461 1510 autem
1487 1484 1647 1511 subduxeris
1672 1484 1769 1512 funda-

988 1533 1119 1561 mentum,
1141 1529 1208 1556 nihil
1229 1528 1309 1556 stabit
1329 1536 1364 1556 ex
1380 1529 1421 1556 his
1440 1537 1498 1563 qum
1514 1531 1681 1565 superposita
1696 1535 1767 1558 sunt.

990 1572 1017 1598 Si
1033 1572 1095 1606 quis
1111 1580 1178 1607 ergo
1191 1573 1341 1608 irreligioso
1354 1575 1493 1607 proposito
1507 1575 1663 1603 subduxerit
1674 1576 1769 1609 Deum,

985 1617 1039 1651 jam
1055 1622 1084 1644 ut
1097 1619 1155 1644 sine
1173 1618 1274 1645 lumine
1294 1626 1374 1652 agens
1390 1619 1488 1654 unique
1508 1619 1627 1647 ollendit.
1645 1621 1698 1648 Sed
1709 1629 1769 1655 nos,

987 1663 1096 1695 fratres,
1113 1663 1147 1690 ad
1164 1664 1248 1690 Deum
1262 1664 1405 1696 viventem,
1418 1664 1451 1690 ad
1466 1671 1525 1691 eum
1541 1665 1586 1699 qui
1606 1671 1656 1697 est,
1673 1668 1718 1701 qui
1731 1667 1771 1695 fe-

989 1709 1024 1735 cit
1044 1709 1146 1740 omnia,
1168 1709 1213 1743 qui
1231 1707 1318 1735 salvat
1339 1709 1472 1741 universa,
1495 1716 1700 1745 convertamur;
1717 1714 1769 1740 alia

987 1752 1058 1781 enim
1073 1754 1160 1780 omnia
1171 1753 1273 1780 uanitas
1290 1754 1431 1780 sanitatum
1442 1760 1501 1781 sunt
1516 1755 1539 1771 ⁸⁰
1554 1764 1561 1782 :
1576 1756 1683 1791 sapiens
1697 1759 1768 1785 enitn

990 1803 1057 1830 erat,
1080 1800 1125 1834 qui
1136 1800 1193 1827 hac
1209 1800 1420 1834 proclantaverat
1436 1810 1443 1827 :
1460 1801 1492 1827 Et
1506 1805 1593 1838 omnia
1608 1804 1718 1837 vanitas,
1742 1810 1770 1831 ct

991 1851 1075 1871 unum
1091 1849 1133 1871 est
1148 1851 1253 1872 verum.
1280 1844 1336 1871 Non
1351 1845 1433 1878 igitur
1454 1846 1514 1873 sine
1533 1854 1612 1874 causa
1627 1854 1769 1883 erogemus

991 1894 1110 1917 nostram
1125 1891 1206 1917 vitam
1223 1899 1229 1917 :
1256 1890 1307 1918 erit
1322 1891 1392 1918 enim
1417 1896 1521 1926 tempus
1541 1900 1601 1919 cum
1618 1901 1770 1928 quaeremus

991 1936 1049 1963 dies
1069 1935 1129 1969 hos,
1146 1936 1173 1963 in
1189 1936 1287 1971 quibus
1302 1936 1356 1963 Deo
1373 1936 1511 1965 debuimus
1528 1939 1634 1975 vivere.
1650 1939 1706 1974 ipse
1723 1947 1770 1969 au-

993 1986 1044 2008 tem
1068 1982 1115 2017 qui
1136 1982 1222 2009 bonus
1238 1987 1279 2009 est
1302 1982 1383 2014 Deus,
1407 1983 1524 2010 omnium
1541 1990 1658 2012 vestrum
1684 1987 1771 2021 erigat

991 2030 1096 2056 animas
1115 2029 1148 2056 ad
1166 2029 1329 2063 agnitiortem
1351 2037 1445 2062 suam»;
1464 2031 1506 2058 cui
1530 2036 1571 2058 est
1589 2039 1636 2066 per
1650 2032 1771 2068 unigeni-

990 2079 1046 2101 tum
1060 2082 1139 2101 suum
1154 2074 1261 2106 Filium,
1283 2074 1379 2108 gleria,
1401 2075 1496 2109 honor,
1515 2077 1667 2111 imperium,
1686 2079 1771 2114 maje-

989 2124 1045 2147 stas
1058 2127 1118 2147 cum
1133 2119 1235 2154 Spiritu
1251 2124 1355 2153 sancto,
1371 2125 1398 2148 et
1411 2129 1492 2156 nunc,
1508 2127 1535 2150 et
1550 2130 1666 2158 semper,
1681 2129 1707 2151 et
1722 2132 1771 2159 per

991 2165 1080 2193 oumia
1091 2165 1188 2192 saecula
1206 2166 1375 2194 saeculorum.
1391 2167 1486 2194 Amen.

639 2374 920 2432 EUSEBII
962 2373 1301 2430 PAMPHILI

477 2495 550 2539 DE
588 2493 886 2540 OPEBIBUS
922 2494 1101 2540 BONIS
1137 2495 1211 2539 ET
1246 2493 1450 2557 MALIS,

798 2589 914 2619 LIBER
936 2589 1127 2621 OCTAVUS.

195 2740 336 2769 Multorum
354 2740 492 2768 hominum
504 2741 559 2767 vita
575 2739 600 2766 in
618 2743 690 2766 terra
706 2743 747 2766 est
759 2739 862 2774 posita;
877 2739 939 2766 eda-

161 2788 287 2814 citatibus
301 2787 371 2820 enim
386 2791 413 2814 et
423 2786 577 2813 libidinibus
594 2789 621 2812 et
637 2785 860 2820 concupiscentiis
876 2793 937 2820 gra-

198 2844 219 2860 ³⁸
233 2844 326 2871 Matth.
337 2842 427 2875 vnit.
465 2843 487 2858 "
500 2842 594 2870 Matth.
609 2850 636 2874 χ,
653 2841 696 2869 52.
735 2842 758 2857 ⁸⁸
773 2842 858 2869 Eccle.
878 2849 896 2874 ι,
916 2841 942 2870 1.

197 2901 251 2937 (9ῧ)
267 2901 327 2932 Ms.,
347 2906 525 2935 cognoscentes
544 2907 711 2934 eongenerem
724 2899 851 2927 misereri.

995 2741 1058 2773 vati,
1078 2748 1162 2774 neque
1179 2740 1312 2775 respicere
1326 2747 1431 2766 sursum
1444 2739 1476 2766 ad
1490 2738 1571 2766 Deum
1586 2744 1695 2773 possunt
1710 2740 1769 2774 quia

992 2786 1095 2819 nolunt,
1115 2794 1202 2822 neque
1213 2794 1294 2822 opera
1315 2785 1372 2820 ejus
1386 2786 1485 2818 videre,
1502 2792 1589 2820 neque
1599 2792 1631 2812 ex
1646 2786 1770 2820 operibus
