  <div class='ocr_page' id='page_1' title='image "/cluster/home/n/w/nwhite01/storage/ocr_20150623/24/njp.32101077772513/603.png"; bbox 0 0 2024 3208; ppageno 0'>
   <div class='ocr_carea' id='block_1_1' title="bbox 278 169 341 197">
    <p class='ocr_par' dir='ltr' id='par_1_1' title="bbox 278 169 341 197">
     <span class='ocr_line' id='line_1_1' title="bbox 278 169 341 197; baseline -0.016 0"><span class='ocrx_word' id='word_1_1' title='bbox 278 169 341 197; x_wconf 82' lang='grc'><strong>1191</strong></span> 
     </span>
    </p>
   </div>
   <div class='ocr_carea' id='block_1_2' title="bbox 611 165 1547 195">
    <p class='ocr_par' dir='ltr' id='par_1_2' title="bbox 611 165 1547 195">
     <span class='ocr_line' id='line_1_2' title="bbox 611 165 1547 195; baseline -0.001 -1"><span class='ocrx_word' id='word_1_2' title='bbox 611 166 745 195; x_wconf 81' lang='lat' dir='ltr'><strong>EUSEBll</strong></span> <span class='ocrx_word' id='word_1_3' title='bbox 764 165 1091 194; x_wconf 65' lang='lat' dir='ltr'><strong>CESARIENSlS-OPP.</strong></span> <span class='ocrx_word' id='word_1_4' title='bbox 1112 165 1201 194; x_wconf 78' lang='lat' dir='ltr'><strong>PARS</strong></span> <span class='ocrx_word' id='word_1_5' title='bbox 1219 167 1262 195; x_wconf 83' lang='lat' dir='ltr'><strong>IV.</strong></span> <span class='ocrx_word' id='word_1_6' title='bbox 1284 182 1317 187; x_wconf 93' lang='lat'><strong>——</strong></span> <span class='ocrx_word' id='word_1_7' title='bbox 1337 166 1547 195; x_wconf 76' lang='lat' dir='ltr'><strong>DOGMATICA.</strong></span> 
     </span>
    </p>
   </div>
   <div class='ocr_carea' id='block_1_3' title="bbox 1832 169 1897 196">
    <p class='ocr_par' dir='ltr' id='par_1_3' title="bbox 1832 169 1897 196">
     <span class='ocr_line' id='line_1_3' title="bbox 1832 169 1897 196; baseline 0 0"><span class='ocrx_word' id='word_1_8' title='bbox 1832 169 1897 196; x_wconf 66' lang='grc' dir='ltr'><strong>ΗΜ</strong></span> 
     </span>
    </p>
   </div>
   <div class='ocr_carea' id='block_1_4' title="bbox 277 222 1897 259">
    <p class='ocr_par' dir='ltr' id='par_1_4' title="bbox 277 222 1897 259">
     <span class='ocr_line' id='line_1_4' title="bbox 277 222 1897 259; baseline 0 -6"><span class='ocrx_word' id='word_1_9' title='bbox 277 225 401 259; x_wconf 81' lang='lat' dir='ltr'><strong>opificem</strong></span> <span class='ocrx_word' id='word_1_10' title='bbox 415 229 561 257; x_wconf 73' lang='lat' dir='ltr'><strong>agnoscere</strong></span> <span class='ocrx_word' id='word_1_11' title='bbox 573 231 580 249; x_wconf 87' lang='lat'>:</span> <span class='ocrx_word' id='word_1_12' title='bbox 592 223 636 250; x_wconf 90' lang='lat' dir='ltr'><strong>ubi</strong></span> <span class='ocrx_word' id='word_1_13' title='bbox 652 223 723 249; x_wconf 87' lang='lat' dir='ltr'><strong>enitn</strong></span> <span class='ocrx_word' id='word_1_14' title='bbox 737 222 849 250; x_wconf 84' lang='lat' dir='ltr'><strong>declivis</strong></span> <span class='ocrx_word' id='word_1_15' title='bbox 865 222 946 249; x_wconf 86' lang='lat' dir='ltr'><strong>fuerit</strong></span> <span class='ocrx_word' id='word_1_16' title='bbox 961 222 1061 252; x_wconf 81' lang='lat' dir='ltr'><strong>anima.</strong></span> <span class='ocrx_word' id='word_1_17' title='bbox 1077 223 1100 252; x_wconf 77' lang='grc' dir='ltr'><strong>Α</strong></span> <span class='ocrx_word' id='word_1_18' title='bbox 1114 222 1236 250; x_wconf 80' lang='lat' dir='ltr'><strong>diabolus</strong></span> <span class='ocrx_word' id='word_1_19' title='bbox 1250 229 1302 250; x_wconf 86' lang='lat' dir='ltr'><strong>uoa</strong></span> <span class='ocrx_word' id='word_1_20' title='bbox 1325 231 1385 250; x_wconf 91' lang='lat' dir='ltr'><strong>cum</strong></span> <span class='ocrx_word' id='word_1_21' title='bbox 1411 227 1489 250; x_wconf 90' lang='lat' dir='ltr'><strong>nocet</strong></span> <span class='ocrx_word' id='word_1_22' title='bbox 1513 227 1575 250; x_wconf 88' lang='lat' dir='ltr'><strong>tunc</strong></span> <span class='ocrx_word' id='word_1_23' title='bbox 1593 222 1679 250; x_wconf 90' lang='lat' dir='ltr'><strong>solum</strong></span> <span class='ocrx_word' id='word_1_24' title='bbox 1698 227 1725 250; x_wconf 92' lang='lat' dir='ltr'><strong>et</strong></span> <span class='ocrx_word' id='word_1_25' title='bbox 1745 223 1831 252; x_wconf 88' lang='lat' dir='ltr'><strong>malus</strong></span> <span class='ocrx_word' id='word_1_26' title='bbox 1847 231 1897 253; x_wconf 84' lang='lat' dir='ltr'><strong>est-</strong></span> 
     </span>
    </p>
   </div>
   <div class='ocr_carea' id='block_1_5' title="bbox 278 267 1066 302">
    <p class='ocr_par' dir='ltr' id='par_1_5' title="bbox 278 267 1066 302">
     <span class='ocr_line' id='line_1_5' title="bbox 278 267 1066 302; baseline -0.006 -4"><span class='ocrx_word' id='word_1_27' title='bbox 278 271 352 302; x_wconf 90' lang='lat' dir='ltr'><strong>illuc,</strong></span> <span class='ocrx_word' id='word_1_28' title='bbox 369 275 398 297; x_wconf 91' lang='lat' dir='ltr'><strong>ut</strong></span> <span class='ocrx_word' id='word_1_29' title='bbox 415 270 450 296; x_wconf 90' lang='lat' dir='ltr'><strong>ita</strong></span> <span class='ocrx_word' id='word_1_30' title='bbox 468 269 564 300; x_wconf 86' lang='lat' dir='ltr'><strong>dicant,</strong></span> <span class='ocrx_word' id='word_1_31' title='bbox 580 273 608 295; x_wconf 86' lang='lat' dir='ltr'><strong>et</strong></span> <span class='ocrx_word' id='word_1_32' title='bbox 621 267 736 295; x_wconf 77' lang='lat' dir='ltr'><strong>cilicitur</strong></span> <span class='ocrx_word' id='word_1_33' title='bbox 748 268 819 302; x_wconf 79' lang='lat' dir='ltr'><strong>quod</strong></span> <span class='ocrx_word' id='word_1_34' title='bbox 833 268 978 295; x_wconf 85' lang='lat' dir='ltr'><strong>desiderat.</strong></span> <span class='ocrx_word' id='word_1_35' title='bbox 991 267 1066 294; x_wconf 87' lang='lat' dir='ltr'><strong>Sicut</strong></span> 
     </span>
    </p>
   </div>
   <div class='ocr_carea' id='block_1_6' title="bbox 277 311 1067 349">
    <p class='ocr_par' dir='ltr' id='par_1_6' title="bbox 277 311 1067 349">
     <span class='ocr_line' id='line_1_6' title="bbox 277 311 1067 349; baseline -0.006 -6"><span class='ocrx_word' id='word_1_36' title='bbox 277 317 348 343; x_wconf 86' lang='lat' dir='ltr'><strong>enim</strong></span> <span class='ocrx_word' id='word_1_37' title='bbox 364 322 395 342; x_wconf 87' lang='lat' dir='ltr'><strong>ea</strong></span> <span class='ocrx_word' id='word_1_38' title='bbox 410 321 470 349; x_wconf 75' lang='lat' dir='ltr'><strong>qua:</strong></span> <span class='ocrx_word' id='word_1_39' title='bbox 484 313 517 340; x_wconf 88' lang='lat' dir='ltr'><strong>ab</strong></span> <span class='ocrx_word' id='word_1_40' title='bbox 535 313 596 347; x_wconf 75' lang='lat' dir='ltr'><strong>igne</strong></span> <span class='ocrx_word' id='word_1_41' title='bbox 610 312 746 344; x_wconf 79' lang='lat' dir='ltr'><strong>caleﬁunt,</strong></span> <span class='ocrx_word' id='word_1_42' title='bbox 762 311 923 344; x_wconf 78' lang='lat' dir='ltr'><strong>eﬂiciuntur,</strong></span> <span class='ocrx_word' id='word_1_43' title='bbox 937 318 965 338; x_wconf 88' lang='lat' dir='ltr'><strong>ttt</strong></span> <span class='ocrx_word' id='word_1_44' title='bbox 979 312 1013 338; x_wconf 88' lang='lat' dir='ltr'><strong>ita</strong></span> <span class='ocrx_word' id='word_1_45' title='bbox 1027 312 1067 338; x_wconf 89' lang='lat' dir='ltr'><strong>di-</strong></span> 
     </span>
    </p>
   </div>
   <div class='ocr_carea' id='block_1_7' title="bbox 278 357 1067 396">
    <p class='ocr_par' dir='ltr' id='par_1_7' title="bbox 278 357 1067 396">
     <span class='ocr_line' id='line_1_7' title="bbox 278 357 1067 396; baseline -0.005 -8"><span class='ocrx_word' id='word_1_46' title='bbox 278 369 350 393; x_wconf 80' lang='lat' dir='ltr'><strong>cam,</strong></span> <span class='ocrx_word' id='word_1_47' title='bbox 367 361 453 396; x_wconf 83' lang='lat' dir='ltr'><strong>ignis;</strong></span> <span class='ocrx_word' id='word_1_48' title='bbox 469 364 495 387; x_wconf 91' lang='lat' dir='ltr'><strong>et</strong></span> <span class='ocrx_word' id='word_1_49' title='bbox 509 366 568 393; x_wconf 68' lang='lat' dir='ltr'><strong>qua:</strong></span> <span class='ocrx_word' id='word_1_50' title='bbox 583 357 807 391; x_wconf 82' lang='lat' dir='ltr'><strong>odaralisjnncla</strong></span> <span class='ocrx_word' id='word_1_51' title='bbox 825 357 932 388; x_wconf 80' lang='lat' dir='ltr'><strong>fuerim.</strong></span> <span class='ocrx_word' id='word_1_52' title='bbox 947 357 1067 385; x_wconf 77' lang='lat' dir='ltr'><strong>alliciun-</strong></span> 
     </span>
    </p>
   </div>
   <div class='ocr_carea' id='block_1_8' title="bbox 280 403 1067 439">
    <p class='ocr_par' dir='ltr' id='par_1_8' title="bbox 280 403 1067 439">
     <span class='ocr_line' id='line_1_8' title="bbox 280 403 1067 439; baseline -0.006 -5"><span class='ocrx_word' id='word_1_53' title='bbox 280 412 334 439; x_wconf 92' lang='lat' dir='ltr'><strong>tur,</strong></span> <span class='ocrx_word' id='word_1_54' title='bbox 349 407 476 438; x_wconf 86' lang='lat' dir='ltr'><strong>odorata;</strong></span> <span class='ocrx_word' id='word_1_55' title='bbox 498 410 526 432; x_wconf 92' lang='lat' dir='ltr'><strong>et</strong></span> <span class='ocrx_word' id='word_1_56' title='bbox 543 412 603 439; x_wconf 76' lang='lat' dir='ltr'><strong>qua:</strong></span> <span class='ocrx_word' id='word_1_57' title='bbox 628 403 784 436; x_wconf 81' lang='lat' dir='ltr'><strong>contrariis,</strong></span> <span class='ocrx_word' id='word_1_58' title='bbox 806 403 941 430; x_wconf 82' lang='lat' dir='ltr'><strong>contraria</strong></span> <span class='ocrx_word' id='word_1_59' title='bbox 963 413 970 430; x_wconf 92' lang='lat'><strong>:</strong></span> <span class='ocrx_word' id='word_1_60' title='bbox 990 404 1025 429; x_wconf 85' lang='lat' dir='ltr'><strong>ita</strong></span> <span class='ocrx_word' id='word_1_61' title='bbox 1040 408 1067 430; x_wconf 88' lang='lat' dir='ltr'><strong>et</strong></span> 
     </span>
    </p>
   </div>
   <div class='ocr_carea' id='block_1_9' title="bbox 279 449 1067 482">
    <p class='ocr_par' dir='ltr' id='par_1_9' title="bbox 279 449 1067 482">
     <span class='ocr_line' id='line_1_9' title="bbox 279 449 1067 482; baseline -0.008 -1"><span class='ocrx_word' id='word_1_62' title='bbox 279 455 368 481; x_wconf 83' lang='lat' dir='ltr'><strong>anima</strong></span> <span class='ocrx_word' id='word_1_63' title='bbox 385 453 428 480; x_wconf 91' lang='lat' dir='ltr'><strong>ubi</strong></span> <span class='ocrx_word' id='word_1_64' title='bbox 451 451 562 479; x_wconf 82' lang='lat' dir='ltr'><strong>declivis</strong></span> <span class='ocrx_word' id='word_1_65' title='bbox 582 449 730 482; x_wconf 78' lang='lat' dir='ltr'><strong>exstiterit,</strong></span> <span class='ocrx_word' id='word_1_66' title='bbox 756 450 788 476; x_wconf 88' lang='lat' dir='ltr'><strong>ad</strong></span> <span class='ocrx_word' id='word_1_67' title='bbox 816 449 866 476; x_wconf 88' lang='lat' dir='ltr'><strong>hoc</strong></span> <span class='ocrx_word' id='word_1_68' title='bbox 883 449 1023 476; x_wconf 71' lang='lat' dir='ltr'><strong>deducitur</strong></span> <span class='ocrx_word' id='word_1_69' title='bbox 1040 454 1067 476; x_wconf 87' lang='lat' dir='ltr'><strong>et</strong></span> 
     </span>
    </p>
   </div>
   <div class='ocr_carea' id='block_1_10' title="bbox 279 495 1066 533">
    <p class='ocr_par' dir='ltr' id='par_1_10' title="bbox 279 495 1066 533">
     <span class='ocr_line' id='line_1_10' title="bbox 279 495 1066 533; baseline -0.009 -6"><span class='ocrx_word' id='word_1_70' title='bbox 279 505 386 527; x_wconf 85' lang='lat' dir='ltr'><strong>natura.</strong></span> <span class='ocrx_word' id='word_1_71' title='bbox 400 498 524 533; x_wconf 77' lang='lat' dir='ltr'><strong>Tingitur</strong></span> <span class='ocrx_word' id='word_1_72' title='bbox 550 497 620 524; x_wconf 86' lang='lat' dir='ltr'><strong>enim</strong></span> <span class='ocrx_word' id='word_1_73' title='bbox 636 496 833 527; x_wconf 86' lang='lat' dir='ltr'><strong>alacritatibus,</strong></span> <span class='ocrx_word' id='word_1_74' title='bbox 849 499 876 522; x_wconf 86' lang='lat' dir='ltr'><strong>et</strong></span> <span class='ocrx_word' id='word_1_75' title='bbox 898 495 992 522; x_wconf 85' lang='lat' dir='ltr'><strong>similis</strong></span> <span class='ocrx_word' id='word_1_76' title='bbox 1009 502 1066 520; x_wconf 92' lang='lat' dir='ltr'><strong>mo-</strong></span> 
     </span>
    </p>
   </div>
   <div class='ocr_carea' id='block_1_11' title="bbox 281 542 1066 577">
    <p class='ocr_par' dir='ltr' id='par_1_11' title="bbox 281 542 1066 577">
     <span class='ocr_line' id='line_1_11' title="bbox 281 542 1066 577; baseline -0.008 -4"><span class='ocrx_word' id='word_1_77' title='bbox 281 546 397 573; x_wconf 85' lang='lat' dir='ltr'><strong>tionibus</strong></span> <span class='ocrx_word' id='word_1_78' title='bbox 412 545 524 572; x_wconf 77' lang='lat' dir='ltr'><strong>edicitur</strong></span> <span class='ocrx_word' id='word_1_79' title='bbox 550 543 616 575; x_wconf 88' lang='lat' dir='ltr'><strong>suis,</strong></span> <span class='ocrx_word' id='word_1_80' title='bbox 634 548 660 570; x_wconf 90' lang='lat' dir='ltr'><strong>et</strong></span> <span class='ocrx_word' id='word_1_81' title='bbox 678 542 836 577; x_wconf 78' lang='lat' dir='ltr'><strong>dignitatem</strong></span> <span class='ocrx_word' id='word_1_82' title='bbox 858 546 948 576; x_wconf 84' lang='lat' dir='ltr'><strong>utpote</strong></span> <span class='ocrx_word' id='word_1_83' title='bbox 965 546 1066 568; x_wconf 62' lang='lat' dir='ltr'><strong>natura</strong></span> 
     </span>
    </p>
   </div>
   <div class='ocr_carea' id='block_1_12' title="bbox 279 586 1066 621">
    <p class='ocr_par' dir='ltr' id='par_1_12' title="bbox 279 586 1066 621">
     <span class='ocr_line' id='line_1_12' title="bbox 279 586 1066 621; baseline -0.008 -1"><span class='ocrx_word' id='word_1_84' title='bbox 279 600 333 620; x_wconf 91' lang='lat' dir='ltr'><strong>non</strong></span> <span class='ocrx_word' id='word_1_85' title='bbox 350 591 467 621; x_wconf 85' lang='lat' dir='ltr'><strong>salvans,</strong></span> <span class='ocrx_word' id='word_1_86' title='bbox 483 591 509 617; x_wconf 93' lang='lat' dir='ltr'><strong>in</strong></span> <span class='ocrx_word' id='word_1_87' title='bbox 527 589 605 616; x_wconf 88' lang='lat' dir='ltr'><strong>malis</strong></span> <span class='ocrx_word' id='word_1_88' title='bbox 623 588 739 616; x_wconf 88' lang='lat' dir='ltr'><strong>ellicitttr</strong></span> <span class='ocrx_word' id='word_1_89' title='bbox 767 588 849 615; x_wconf 86' lang='lat' dir='ltr'><strong>mala.</strong></span> <span class='ocrx_word' id='word_1_90' title='bbox 869 588 897 615; x_wconf 95' lang='lat' dir='ltr'><strong>Si</strong></span> <span class='ocrx_word' id='word_1_91' title='bbox 920 593 1009 614; x_wconf 84' lang='lat' dir='ltr'><strong>autem</strong></span> <span class='ocrx_word' id='word_1_92' title='bbox 1033 586 1066 614; x_wconf 87' lang='lat' dir='ltr'><strong>ad</strong></span> 
     </span>
    </p>
   </div>
   <div class='ocr_carea' id='block_1_13' title="bbox 280 632 1065 672">
    <p class='ocr_par' dir='ltr' id='par_1_13' title="bbox 280 632 1065 672">
     <span class='ocr_line' id='line_1_13' title="bbox 280 632 1065 672; baseline -0.009 -7"><span class='ocrx_word' id='word_1_93' title='bbox 280 646 310 666; x_wconf 85' lang='lat' dir='ltr'><strong>ea</strong></span> <span class='ocrx_word' id='word_1_94' title='bbox 338 645 399 672; x_wconf 84' lang='lat' dir='ltr'><strong>quae</strong></span> <span class='ocrx_word' id='word_1_95' title='bbox 421 643 501 672; x_wconf 84' lang='lat' dir='ltr'><strong>supra</strong></span> <span class='ocrx_word' id='word_1_96' title='bbox 525 643 553 663; x_wconf 90' lang='lat' dir='ltr'><strong>se</strong></span> <span class='ocrx_word' id='word_1_97' title='bbox 567 639 630 662; x_wconf 92' lang='lat' dir='ltr'><strong>sunt</strong></span> <span class='ocrx_word' id='word_1_98' title='bbox 654 635 812 668; x_wconf 80' lang='lat' dir='ltr'><strong>respexerit,</strong></span> <span class='ocrx_word' id='word_1_99' title='bbox 837 641 943 661; x_wconf 86' lang='lat' dir='ltr'><strong>sursum</strong></span> <span class='ocrx_word' id='word_1_100' title='bbox 960 632 1065 664; x_wconf 68' lang='lat' dir='ltr'><strong>euecta,</strong></span> 
     </span>
    </p>
   </div>
   <div class='ocr_carea' id='block_1_14' title="bbox 279 679 1065 715">
    <p class='ocr_par' dir='ltr' id='par_1_14' title="bbox 279 679 1065 715">
     <span class='ocr_line' id='line_1_14' title="bbox 279 679 1065 715; baseline -0.009 -4"><span class='ocrx_word' id='word_1_101' title='bbox 279 684 456 712; x_wconf 86' lang='lat' dir='ltr'><strong>constituitur</strong></span> <span class='ocrx_word' id='word_1_102' title='bbox 483 683 516 709; x_wconf 86' lang='lat' dir='ltr'><strong>ad</strong></span> <span class='ocrx_word' id='word_1_103' title='bbox 533 689 563 709; x_wconf 88' lang='lat' dir='ltr'><strong>ea</strong></span> <span class='ocrx_word' id='word_1_104' title='bbox 582 689 640 715; x_wconf 85' lang='lat' dir='ltr'><strong>qtue</strong></span> <span class='ocrx_word' id='word_1_105' title='bbox 658 686 685 708; x_wconf 89' lang='lat' dir='ltr'><strong>et</strong></span> <span class='ocrx_word' id='word_1_106' title='bbox 707 681 871 708; x_wconf 77' lang='lat' dir='ltr'><strong>desideravit</strong></span> <span class='ocrx_word' id='word_1_107' title='bbox 889 688 896 706; x_wconf 85' lang='lat'><strong>:</strong></span> <span class='ocrx_word' id='word_1_108' title='bbox 921 679 1065 706; x_wconf 88' lang='lat' dir='ltr'><strong>multormn</strong></span> 
     </span>
    </p>
   </div>
   <div class='ocr_carea' id='block_1_15' title="bbox 280 728 1065 762">
    <p class='ocr_par' dir='ltr' id='par_1_15' title="bbox 280 728 1065 762">
     <span class='ocr_line' id='line_1_15' title="bbox 280 728 1065 762; baseline -0.009 -3"><span class='ocrx_word' id='word_1_109' title='bbox 280 733 350 760; x_wconf 90' lang='lat' dir='ltr'><strong>enim</strong></span> <span class='ocrx_word' id='word_1_110' title='bbox 367 730 537 759; x_wconf 81' lang='lat' dir='ltr'><strong>conversatio</strong></span> <span class='ocrx_word' id='word_1_111' title='bbox 562 737 615 757; x_wconf 90' lang='lat' dir='ltr'><strong>non</strong></span> <span class='ocrx_word' id='word_1_112' title='bbox 630 729 780 760; x_wconf 83' lang='lat' dir='ltr'><strong>hominum,</strong></span> <span class='ocrx_word' id='word_1_113' title='bbox 802 728 848 755; x_wconf 88' lang='lat' dir='ltr'><strong>sed</strong></span> <span class='ocrx_word' id='word_1_114' title='bbox 868 735 994 762; x_wconf 83' lang='lat' dir='ltr'><strong>pecorum</strong></span> <span class='ocrx_word' id='word_1_115' title='bbox 1014 730 1065 752; x_wconf 84' lang='lat' dir='ltr'><strong>est.</strong></span> 
     </span>
    </p>
   </div>
   <div class='ocr_carea' id='block_1_16' title="bbox 280 773 1066 810">
    <p class='ocr_par' dir='ltr' id='par_1_16' title="bbox 280 773 1066 810">
     <span class='ocr_line' id='line_1_16' title="bbox 280 773 1066 810; baseline -0.009 -5"><span class='ocrx_word' id='word_1_116' title='bbox 280 778 352 805; x_wconf 80' lang='lat' dir='ltr'><strong>Nihil</strong></span> <span class='ocrx_word' id='word_1_117' title='bbox 369 778 440 804; x_wconf 87' lang='lat' dir='ltr'><strong>enim</strong></span> <span class='ocrx_word' id='word_1_118' title='bbox 463 776 533 803; x_wconf 82' lang='lat' dir='ltr'><strong>aliud</strong></span> <span class='ocrx_word' id='word_1_119' title='bbox 559 776 689 810; x_wconf 79' lang='lat' dir='ltr'><strong>cogitant.</strong></span> <span class='ocrx_word' id='word_1_120' title='bbox 714 773 764 802; x_wconf 86' lang='lat' dir='ltr'><strong>nisi</strong></span> <span class='ocrx_word' id='word_1_121' title='bbox 782 778 811 801; x_wconf 92' lang='lat' dir='ltr'><strong>ut</strong></span> <span class='ocrx_word' id='word_1_122' title='bbox 827 773 1000 803; x_wconf 82' lang='lat' dir='ltr'><strong>manducent,</strong></span> <span class='ocrx_word' id='word_1_123' title='bbox 1019 777 1066 799; x_wconf 86' lang='lat' dir='ltr'><strong>aut</strong></span> 
     </span>
    </p>
   </div>
   <div class='ocr_carea' id='block_1_17' title="bbox 279 818 1066 857">
    <p class='ocr_par' dir='ltr' id='par_1_17' title="bbox 279 818 1066 857">
     <span class='ocr_line' id='line_1_17' title="bbox 279 818 1066 857; baseline -0.01 -5"><span class='ocrx_word' id='word_1_124' title='bbox 279 823 385 856; x_wconf 87' lang='lat' dir='ltr'><strong>bibant,</strong></span> <span class='ocrx_word' id='word_1_125' title='bbox 401 827 446 850; x_wconf 89' lang='lat' dir='ltr'><strong>attt</strong></span> <span class='ocrx_word' id='word_1_126' title='bbox 459 822 576 857; x_wconf 85' lang='lat' dir='ltr'><strong>rapiant,</strong></span> <span class='ocrx_word' id='word_1_127' title='bbox 595 825 641 848; x_wconf 91' lang='lat' dir='ltr'><strong>attt</strong></span> <span class='ocrx_word' id='word_1_128' title='bbox 655 820 833 852; x_wconf 79' lang='lat' dir='ltr'><strong>fraudentur;</strong></span> <span class='ocrx_word' id='word_1_129' title='bbox 857 819 882 846; x_wconf 93' lang='lat' dir='ltr'><strong>in</strong></span> <span class='ocrx_word' id='word_1_130' title='bbox 899 819 940 846; x_wconf 89' lang='lat' dir='ltr'><strong>Itis</strong></span> <span class='ocrx_word' id='word_1_131' title='bbox 955 818 1027 844; x_wconf 89' lang='lat' dir='ltr'><strong>enim</strong></span> <span class='ocrx_word' id='word_1_132' title='bbox 1039 823 1066 845; x_wconf 88' lang='lat' dir='ltr'><strong>et</strong></span> 
     </span>
    </p>
   </div>
   <div class='ocr_carea' id='block_1_18' title="bbox 281 865 1062 900">
    <p class='ocr_par' dir='ltr' id='par_1_18' title="bbox 281 865 1062 900">
     <span class='ocr_line' id='line_1_18' title="bbox 281 865 1062 900; baseline -0.008 -3"><span class='ocrx_word' id='word_1_133' title='bbox 281 871 384 900; x_wconf 85' lang='lat' dir='ltr'><strong>vivunt.</strong></span> <span class='ocrx_word' id='word_1_134' title='bbox 397 869 419 896; x_wconf 92' lang='lat' dir='ltr'><strong>si</strong></span> <span class='ocrx_word' id='word_1_135' title='bbox 445 873 534 895; x_wconf 84' lang='lat' dir='ltr'><strong>tanton</strong></span> <span class='ocrx_word' id='word_1_136' title='bbox 560 871 588 894; x_wconf 87' lang='lat' dir='ltr'><strong>et</strong></span> <span class='ocrx_word' id='word_1_137' title='bbox 603 868 684 894; x_wconf 88' lang='lat' dir='ltr'><strong>vitam</strong></span> <span class='ocrx_word' id='word_1_138' title='bbox 702 867 781 893; x_wconf 87' lang='lat' dir='ltr'><strong>istam</strong></span> <span class='ocrx_word' id='word_1_139' title='bbox 801 865 973 900; x_wconf 87' lang='lat' dir='ltr'><strong>oportetjam</strong></span> <span class='ocrx_word' id='word_1_140' title='bbox 986 865 1037 892; x_wconf 84' lang='lat' dir='ltr'><strong>dici</strong></span> <span class='ocrx_word' id='word_1_141' title='bbox 1056 873 1062 891; x_wconf 77' lang='grc' dir='ltr'>ε</span> 
     </span>
    </p>
   </div>
   <div class='ocr_carea' id='block_1_19' title="bbox 281 904 1103 946">
    <p class='ocr_par' dir='ltr' id='par_1_19' title="bbox 281 904 1103 946">
     <span class='ocr_line' id='line_1_19' title="bbox 281 904 1103 946; baseline -0.006 -3"><span class='ocrx_word' id='word_1_142' title='bbox 281 923 334 944; x_wconf 83' lang='grc' dir='ltr'>ιιοιι</span> <span class='ocrx_word' id='word_1_143' title='bbox 347 915 511 943; x_wconf 69' lang='lat' dir='ltr'><strong>subicientes</strong></span> <span class='ocrx_word' id='word_1_144' title='bbox 533 913 605 940; x_wconf 80' lang='lat' dir='ltr'><strong>enim</strong></span> <span class='ocrx_word' id='word_1_145' title='bbox 629 913 706 940; x_wconf 87' lang='lat' dir='ltr'><strong>malis</strong></span> <span class='ocrx_word' id='word_1_146' title='bbox 733 913 774 939; x_wconf 87' lang='lat' dir='ltr'><strong>his</strong></span> <span class='ocrx_word' id='word_1_147' title='bbox 791 920 851 946; x_wconf 70' lang='lat' dir='ltr'><strong>qua:</strong></span> <span class='ocrx_word' id='word_1_148' title='bbox 875 920 889 938; x_wconf 90' lang='lat' dir='ltr'><strong>a</strong></span> <span class='ocrx_word' id='word_1_149' title='bbox 912 911 978 939; x_wconf 86' lang='lat' dir='ltr'><strong>foris</strong></span> <span class='ocrx_word' id='word_1_150' title='bbox 993 916 1066 944; x_wconf 90' lang='lat' dir='ltr'><strong>sunt,</strong></span> <span class='ocrx_word' id='word_1_151' title='bbox 1082 904 1103 931; x_wconf 76' lang='grc' dir='ltr'><strong><em>Β</em></strong></span> 
     </span>
    </p>
   </div>
   <div class='ocr_carea' id='block_1_20' title="bbox 280 958 1068 996">
    <p class='ocr_par' dir='ltr' id='par_1_20' title="bbox 280 958 1068 996">
     <span class='ocr_line' id='line_1_20' title="bbox 280 958 1068 996; baseline -0.006 -7"><span class='ocrx_word' id='word_1_152' title='bbox 280 961 333 996; x_wconf 90' lang='lat' dir='ltr'><strong>iam</strong></span> <span class='ocrx_word' id='word_1_153' title='bbox 350 966 376 989; x_wconf 85' lang='lat' dir='ltr'><strong>et</strong></span> <span class='ocrx_word' id='word_1_154' title='bbox 390 968 499 988; x_wconf 87' lang='lat' dir='ltr'><strong>carnem</strong></span> <span class='ocrx_word' id='word_1_155' title='bbox 515 967 591 987; x_wconf 84' lang='lat' dir='ltr'><strong>suam</strong></span> <span class='ocrx_word' id='word_1_156' title='bbox 608 960 795 986; x_wconf 78' lang='lat' dir='ltr'><strong>contaminare</strong></span> <span class='ocrx_word' id='word_1_157' title='bbox 810 958 934 991; x_wconf 85' lang='lat' dir='ltr'><strong>student;</strong></span> <span class='ocrx_word' id='word_1_158' title='bbox 950 958 989 985; x_wconf 86' lang='lat' dir='ltr'><strong>sic</strong></span> <span class='ocrx_word' id='word_1_159' title='bbox 1003 965 1068 993; x_wconf 78' lang='lat' dir='ltr'><strong>gau-</strong></span> 
     </span>
    </p>
   </div>
   <div class='ocr_carea' id='block_1_21' title="bbox 281 1003 1068 1037">
    <p class='ocr_par' dir='ltr' id='par_1_21' title="bbox 281 1003 1068 1037">
     <span class='ocr_line' id='line_1_21' title="bbox 281 1003 1068 1037; baseline -0.006 -3"><span class='ocrx_word' id='word_1_160' title='bbox 281 1007 345 1034; x_wconf 88' lang='lat' dir='ltr'><strong>dent</strong></span> <span class='ocrx_word' id='word_1_161' title='bbox 361 1005 433 1033; x_wconf 89' lang='lat' dir='ltr'><strong>enim</strong></span> <span class='ocrx_word' id='word_1_162' title='bbox 451 1005 477 1032; x_wconf 92' lang='lat' dir='ltr'><strong>itt</strong></span> <span class='ocrx_word' id='word_1_163' title='bbox 496 1004 585 1037; x_wconf 87' lang='lat' dir='ltr'><strong>malis,</strong></span> <span class='ocrx_word' id='word_1_164' title='bbox 601 1008 629 1030; x_wconf 94' lang='lat' dir='ltr'><strong>ut</strong></span> <span class='ocrx_word' id='word_1_165' title='bbox 657 1003 757 1031; x_wconf 91' lang='lat' dir='ltr'><strong>inituici</strong></span> <span class='ocrx_word' id='word_1_166' title='bbox 781 1003 832 1030; x_wconf 85' lang='lat' dir='ltr'><strong>sibi</strong></span> <span class='ocrx_word' id='word_1_167' title='bbox 846 1011 853 1035; x_wconf 83' lang='lat'>;</span> <span class='ocrx_word' id='word_1_168' title='bbox 870 1007 897 1029; x_wconf 91' lang='lat' dir='ltr'><strong>et</strong></span> <span class='ocrx_word' id='word_1_169' title='bbox 911 1011 971 1029; x_wconf 92' lang='lat' dir='ltr'><strong>cum</strong></span> <span class='ocrx_word' id='word_1_170' title='bbox 985 1003 1068 1030; x_wconf 89' lang='lat' dir='ltr'><strong>dcbe-</strong></span> 
     </span>
    </p>
   </div>
   <div class='ocr_carea' id='block_1_22' title="bbox 282 1047 1069 1086">
    <p class='ocr_par' dir='ltr' id='par_1_22' title="bbox 282 1047 1069 1086">
     <span class='ocr_line' id='line_1_22' title="bbox 282 1047 1069 1086; baseline -0.006 -8"><span class='ocrx_word' id='word_1_171' title='bbox 282 1055 343 1078; x_wconf 89' lang='lat' dir='ltr'><strong>rent</strong></span> <span class='ocrx_word' id='word_1_172' title='bbox 356 1050 459 1086; x_wconf 72' lang='lat' dir='ltr'><strong>lugere,</strong></span> <span class='ocrx_word' id='word_1_173' title='bbox 477 1050 540 1084; x_wconf 86' lang='lat' dir='ltr'><strong>quia</strong></span> <span class='ocrx_word' id='word_1_174' title='bbox 557 1057 609 1076; x_wconf 92' lang='lat' dir='ltr'><strong>non</strong></span> <span class='ocrx_word' id='word_1_175' title='bbox 626 1049 693 1075; x_wconf 86' lang='lat' dir='ltr'><strong>bene</strong></span> <span class='ocrx_word' id='word_1_176' title='bbox 707 1048 811 1080; x_wconf 85' lang='lat' dir='ltr'><strong>vivunt,</strong></span> <span class='ocrx_word' id='word_1_177' title='bbox 830 1047 954 1075; x_wconf 65' lang='lat' dir='ltr'><strong>laetantur</strong></span> <span class='ocrx_word' id='word_1_178' title='bbox 971 1047 996 1074; x_wconf 93' lang='lat' dir='ltr'><strong>in</strong></span> <span class='ocrx_word' id='word_1_179' title='bbox 1010 1055 1069 1074; x_wconf 88' lang='lat' dir='ltr'><strong>nta-</strong></span> 
     </span>
    </p>
   </div>
   <div class='ocr_carea' id='block_1_23' title="bbox 282 1094 1067 1129">
    <p class='ocr_par' dir='ltr' id='par_1_23' title="bbox 282 1094 1067 1129">
     <span class='ocr_line' id='line_1_23' title="bbox 282 1094 1067 1129; baseline -0.005 -5"><span class='ocrx_word' id='word_1_180' title='bbox 282 1096 315 1124; x_wconf 89' lang='lat' dir='ltr'><strong>lis</strong></span> <span class='ocrx_word' id='word_1_181' title='bbox 330 1101 358 1124; x_wconf 89' lang='lat' dir='ltr'><strong>et</strong></span> <span class='ocrx_word' id='word_1_182' title='bbox 375 1097 516 1123; x_wconf 86' lang='lat' dir='ltr'><strong>tristantur</strong></span> <span class='ocrx_word' id='word_1_183' title='bbox 533 1096 559 1122; x_wconf 91' lang='lat' dir='ltr'><strong>iu</strong></span> <span class='ocrx_word' id='word_1_184' title='bbox 581 1095 657 1122; x_wconf 89' lang='lat' dir='ltr'><strong>bonis</strong></span> <span class='ocrx_word' id='word_1_185' title='bbox 672 1104 678 1122; x_wconf 90' lang='lat'>:</span> <span class='ocrx_word' id='word_1_186' title='bbox 695 1095 828 1129; x_wconf 87' lang='lat' dir='ltr'><strong>duplicent</strong></span> <span class='ocrx_word' id='word_1_187' title='bbox 847 1099 937 1128; x_wconf 82' lang='lat' dir='ltr'><strong>utpote</strong></span> <span class='ocrx_word' id='word_1_188' title='bbox 958 1094 1067 1122; x_wconf 64' lang='lat' dir='ltr'><strong>caecita-</strong></span> 
     </span>
    </p>
   </div>
   <div class='ocr_carea' id='block_1_24' title="bbox 283 1139 1068 1175">
    <p class='ocr_par' dir='ltr' id='par_1_24' title="bbox 283 1139 1068 1175">
     <span class='ocr_line' id='line_1_24' title="bbox 283 1139 1068 1175; baseline -0.005 -6"><span class='ocrx_word' id='word_1_189' title='bbox 283 1147 337 1169; x_wconf 87' lang='lat' dir='ltr'><strong>tem</strong></span> <span class='ocrx_word' id='word_1_190' title='bbox 357 1142 498 1173; x_wconf 65' lang='lat' dir='ltr'><strong>ltabentes,</strong></span> <span class='ocrx_word' id='word_1_191' title='bbox 524 1146 551 1168; x_wconf 87' lang='lat' dir='ltr'><strong>et</strong></span> <span class='ocrx_word' id='word_1_192' title='bbox 577 1141 647 1175; x_wconf 88' lang='lat' dir='ltr'><strong>quod</strong></span> <span class='ocrx_word' id='word_1_193' title='bbox 672 1141 806 1167; x_wconf 87' lang='lat' dir='ltr'><strong>malorum</strong></span> <span class='ocrx_word' id='word_1_194' title='bbox 835 1148 888 1167; x_wconf 90' lang='lat' dir='ltr'><strong>non</strong></span> <span class='ocrx_word' id='word_1_195' title='bbox 917 1139 1068 1174; x_wconf 73' lang='lat' dir='ltr'><strong>intelligunt</strong></span> 
     </span>
    </p>
   </div>
   <div class='ocr_carea' id='block_1_25' title="bbox 284 1183 1069 1220">
    <p class='ocr_par' dir='ltr' id='par_1_25' title="bbox 284 1183 1069 1220">
     <span class='ocr_line' id='line_1_25' title="bbox 284 1183 1069 1220; baseline -0.004 -7"><span class='ocrx_word' id='word_1_196' title='bbox 284 1187 425 1219; x_wconf 74' lang='lat' dir='ltr'><strong>malitiam,</strong></span> <span class='ocrx_word' id='word_1_197' title='bbox 441 1191 467 1213; x_wconf 86' lang='lat' dir='ltr'><strong>et</strong></span> <span class='ocrx_word' id='word_1_198' title='bbox 488 1185 559 1220; x_wconf 89' lang='lat' dir='ltr'><strong>quod</strong></span> <span class='ocrx_word' id='word_1_199' title='bbox 578 1186 710 1213; x_wconf 87' lang='lat' dir='ltr'><strong>bonorutn</strong></span> <span class='ocrx_word' id='word_1_200' title='bbox 732 1192 784 1212; x_wconf 91' lang='lat' dir='ltr'><strong>non</strong></span> <span class='ocrx_word' id='word_1_201' title='bbox 808 1189 948 1212; x_wconf 88' lang='lat' dir='ltr'><strong>assumunt</strong></span> <span class='ocrx_word' id='word_1_202' title='bbox 962 1183 1069 1211; x_wconf 86' lang='lat' dir='ltr'><strong>fruitio-</strong></span> 
     </span>
    </p>
   </div>
   <div class='ocr_carea' id='block_1_26' title="bbox 283 1231 1069 1266">
    <p class='ocr_par' dir='ltr' id='par_1_26' title="bbox 283 1231 1069 1266">
     <span class='ocr_line' id='line_1_26' title="bbox 283 1231 1069 1266; baseline -0.005 -5"><span class='ocrx_word' id='word_1_203' title='bbox 283 1241 363 1266; x_wconf 76' lang='lat' dir='ltr'><strong>nem;</strong></span> <span class='ocrx_word' id='word_1_204' title='bbox 379 1237 546 1261; x_wconf 90' lang='lat' dir='ltr'><strong>concurrunt</strong></span> <span class='ocrx_word' id='word_1_205' title='bbox 559 1233 630 1258; x_wconf 91' lang='lat' dir='ltr'><strong>enim</strong></span> <span class='ocrx_word' id='word_1_206' title='bbox 644 1231 787 1258; x_wconf 85' lang='lat' dir='ltr'><strong>adversum</strong></span> <span class='ocrx_word' id='word_1_207' title='bbox 801 1238 842 1263; x_wconf 87' lang='lat' dir='ltr'><strong>se,</strong></span> <span class='ocrx_word' id='word_1_208' title='bbox 856 1235 881 1257; x_wconf 84' lang='lat' dir='ltr'><strong>et</strong></span> <span class='ocrx_word' id='word_1_209' title='bbox 895 1231 946 1257; x_wconf 89' lang='lat' dir='ltr'><strong>sibi</strong></span> <span class='ocrx_word' id='word_1_210' title='bbox 961 1236 1069 1258; x_wconf 88' lang='lat' dir='ltr'><strong>contra-</strong></span> 
     </span>
    </p>
   </div>
   <div class='ocr_carea' id='block_1_27' title="bbox 283 1277 1070 1314">
    <p class='ocr_par' dir='ltr' id='par_1_27' title="bbox 283 1277 1070 1314">
     <span class='ocr_line' id='line_1_27' title="bbox 283 1277 1070 1314; baseline -0.004 -8"><span class='ocrx_word' id='word_1_211' title='bbox 283 1280 323 1306; x_wconf 86' lang='lat' dir='ltr'><strong>ria</strong></span> <span class='ocrx_word' id='word_1_212' title='bbox 345 1283 500 1314; x_wconf 89' lang='lat' dir='ltr'><strong>operantur.</strong></span> <span class='ocrx_word' id='word_1_213' title='bbox 522 1277 636 1305; x_wconf 89' lang='lat' dir='ltr'><strong>Plurimi</strong></span> <span class='ocrx_word' id='word_1_214' title='bbox 660 1277 732 1304; x_wconf 92' lang='lat' dir='ltr'><strong>enim</strong></span> <span class='ocrx_word' id='word_1_215' title='bbox 762 1284 951 1310; x_wconf 86' lang='lat' dir='ltr'><strong>nonnunquam</strong></span> <span class='ocrx_word' id='word_1_216' title='bbox 979 1284 1070 1311; x_wconf 84' lang='lat' dir='ltr'><strong>proce-</strong></span> 
     </span>
    </p>
   </div>
   <div class='ocr_carea' id='block_1_28' title="bbox 283 1321 1070 1359">
    <p class='ocr_par' dir='ltr' id='par_1_28' title="bbox 283 1321 1070 1359">
     <span class='ocr_line' id='line_1_28' title="bbox 283 1321 1070 1359; baseline -0.005 -7"><span class='ocrx_word' id='word_1_217' title='bbox 283 1326 351 1353; x_wconf 89' lang='lat' dir='ltr'><strong>duttt</strong></span> <span class='ocrx_word' id='word_1_218' title='bbox 366 1325 431 1358; x_wconf 63' lang='lat' dir='ltr'><strong>laeti,</strong></span> <span class='ocrx_word' id='word_1_219' title='bbox 452 1325 514 1359; x_wconf 86' lang='lat' dir='ltr'><strong>quia</strong></span> <span class='ocrx_word' id='word_1_220' title='bbox 529 1328 650 1351; x_wconf 87' lang='lat' dir='ltr'><strong>ventrem</strong></span> <span class='ocrx_word' id='word_1_221' title='bbox 671 1321 808 1356; x_wconf 81' lang='lat' dir='ltr'><strong>replerunt</strong></span> <span class='ocrx_word' id='word_1_222' title='bbox 829 1329 917 1353; x_wconf 88' lang='lat' dir='ltr'><strong>sttunt,</strong></span> <span class='ocrx_word' id='word_1_223' title='bbox 934 1327 961 1349; x_wconf 90' lang='lat' dir='ltr'><strong>et</strong></span> <span class='ocrx_word' id='word_1_224' title='bbox 981 1326 1070 1349; x_wconf 88' lang='lat' dir='ltr'><strong>mente</strong></span> 
     </span>
    </p>
   </div>
   <div class='ocr_carea' id='block_1_29' title="bbox 284 1368 1070 1404">
    <p class='ocr_par' dir='ltr' id='par_1_29' title="bbox 284 1368 1070 1404">
     <span class='ocr_line' id='line_1_29' title="bbox 284 1368 1070 1404; baseline -0.004 -6"><span class='ocrx_word' id='word_1_225' title='bbox 284 1371 410 1398; x_wconf 81' lang='lat' dir='ltr'><strong>exierunt</strong></span> <span class='ocrx_word' id='word_1_226' title='bbox 423 1378 472 1397; x_wconf 87' lang='lat' dir='ltr'><strong>sua</strong></span> <span class='ocrx_word' id='word_1_227' title='bbox 493 1369 548 1404; x_wconf 86' lang='grc'><strong>(91)</strong></span> <span class='ocrx_word' id='word_1_228' title='bbox 568 1378 574 1396; x_wconf 84' lang='lat'><strong>:</strong></span> <span class='ocrx_word' id='word_1_229' title='bbox 591 1374 615 1396; x_wconf 87' lang='lat' dir='ltr'><strong>et</strong></span> <span class='ocrx_word' id='word_1_230' title='bbox 632 1369 739 1395; x_wconf 89' lang='lat' dir='ltr'><strong>beatutn</strong></span> <span class='ocrx_word' id='word_1_231' title='bbox 763 1368 832 1394; x_wconf 84' lang='lat' dir='ltr'><strong>diem</strong></span> <span class='ocrx_word' id='word_1_232' title='bbox 857 1369 950 1395; x_wconf 88' lang='lat' dir='ltr'><strong>dicunt</strong></span> <span class='ocrx_word' id='word_1_233' title='bbox 971 1368 997 1395; x_wconf 92' lang='lat' dir='ltr'><strong>in</strong></span> <span class='ocrx_word' id='word_1_234' title='bbox 1015 1376 1070 1403; x_wconf 87' lang='lat' dir='ltr'><strong>quo</strong></span> 
     </span>
    </p>
   </div>
   <div class='ocr_carea' id='block_1_30' title="bbox 285 1414 1070 1443">
    <p class='ocr_par' dir='ltr' id='par_1_30' title="bbox 285 1414 1070 1443">
     <span class='ocr_line' id='line_1_30' title="bbox 285 1414 1070 1443; baseline -0.004 0"><span class='ocrx_word' id='word_1_235' title='bbox 285 1424 338 1443; x_wconf 89' lang='lat' dir='ltr'><strong>tton</strong></span> <span class='ocrx_word' id='word_1_236' title='bbox 356 1417 491 1443; x_wconf 78' lang='lat' dir='ltr'><strong>vixerunt.</strong></span> <span class='ocrx_word' id='word_1_237' title='bbox 519 1414 577 1441; x_wconf 85' lang='lat' dir='ltr'><strong>Vita</strong></span> <span class='ocrx_word' id='word_1_238' title='bbox 593 1414 664 1442; x_wconf 89' lang='lat' dir='ltr'><strong>enim</strong></span> <span class='ocrx_word' id='word_1_239' title='bbox 692 1414 831 1440; x_wconf 82' lang='lat' dir='ltr'><strong>hominum</strong></span> <span class='ocrx_word' id='word_1_240' title='bbox 848 1414 897 1440; x_wconf 90' lang='lat' dir='ltr'><strong>ista</strong></span> <span class='ocrx_word' id='word_1_241' title='bbox 914 1419 956 1440; x_wconf 83' lang='lat' dir='ltr'><strong>est</strong></span> <span class='ocrx_word' id='word_1_242' title='bbox 976 1418 1005 1440; x_wconf 91' lang='lat' dir='ltr'><strong>ttt</strong></span> <span class='ocrx_word' id='word_1_243' title='bbox 1026 1422 1070 1440; x_wconf 91' lang='lat' dir='ltr'><strong>ra-</strong></span> 
     </span>
    </p>
   </div>
   <div class='ocr_carea' id='block_1_31' title="bbox 285 1459 1069 1495">
    <p class='ocr_par' dir='ltr' id='par_1_31' title="bbox 285 1459 1069 1495">
     <span class='ocr_line' id='line_1_31' title="bbox 285 1459 1069 1495; baseline -0.005 -5"><span class='ocrx_word' id='word_1_244' title='bbox 285 1463 359 1490; x_wconf 80' lang='lat' dir='ltr'><strong>tione</strong></span> <span class='ocrx_word' id='word_1_245' title='bbox 382 1465 504 1492; x_wconf 85' lang='lat' dir='ltr'><strong>utantur,</strong></span> <span class='ocrx_word' id='word_1_246' title='bbox 527 1461 590 1495; x_wconf 87' lang='lat' dir='ltr'><strong>quia</strong></span> <span class='ocrx_word' id='word_1_247' title='bbox 611 1465 639 1488; x_wconf 89' lang='lat' dir='ltr'><strong>et</strong></span> <span class='ocrx_word' id='word_1_248' title='bbox 652 1459 825 1486; x_wconf 86' lang='lat' dir='ltr'><strong>rationabiles</strong></span> <span class='ocrx_word' id='word_1_249' title='bbox 846 1459 985 1486; x_wconf 87' lang='lat' dir='ltr'><strong>habentur.</strong></span> <span class='ocrx_word' id='word_1_250' title='bbox 1002 1460 1069 1486; x_wconf 92' lang='lat' dir='ltr'><strong>Cum</strong></span> 
     </span>
    </p>
   </div>
   <div class='ocr_carea' id='block_1_32' title="bbox 285 1505 1069 1537">
    <p class='ocr_par' dir='ltr' id='par_1_32' title="bbox 285 1505 1069 1537">
     <span class='ocr_line' id='line_1_32' title="bbox 285 1505 1069 1537; baseline -0.004 -2"><span class='ocrx_word' id='word_1_251' title='bbox 285 1512 375 1535; x_wconf 91' lang='lat' dir='ltr'><strong>autem</strong></span> <span class='ocrx_word' id='word_1_252' title='bbox 391 1507 505 1535; x_wconf 88' lang='lat' dir='ltr'><strong>obrutus</strong></span> <span class='ocrx_word' id='word_1_253' title='bbox 532 1505 612 1533; x_wconf 88' lang='lat' dir='ltr'><strong>fuerit</strong></span> <span class='ocrx_word' id='word_1_254' title='bbox 635 1513 742 1537; x_wconf 79' lang='lat' dir='ltr'><strong>sensus,</strong></span> <span class='ocrx_word' id='word_1_255' title='bbox 768 1505 875 1532; x_wconf 91' lang='lat' dir='ltr'><strong>transiit</strong></span> <span class='ocrx_word' id='word_1_256' title='bbox 903 1505 962 1533; x_wconf 88' lang='lat' dir='ltr'><strong>sine</strong></span> <span class='ocrx_word' id='word_1_257' title='bbox 988 1513 1069 1532; x_wconf 83' lang='lat' dir='ltr'><strong>causa</strong></span> 
     </span>
    </p>
   </div>
   <div class='ocr_carea' id='block_1_33' title="bbox 286 1551 1070 1587">
    <p class='ocr_par' dir='ltr' id='par_1_33' title="bbox 286 1551 1070 1587">
     <span class='ocr_line' id='line_1_33' title="bbox 286 1551 1070 1587; baseline -0.003 -6"><span class='ocrx_word' id='word_1_258' title='bbox 286 1554 353 1586; x_wconf 87' lang='lat' dir='ltr'><strong>dies,</strong></span> <span class='ocrx_word' id='word_1_259' title='bbox 368 1558 395 1581; x_wconf 88' lang='lat' dir='ltr'><strong>et</strong></span> <span class='ocrx_word' id='word_1_260' title='bbox 408 1561 460 1580; x_wconf 91' lang='lat' dir='ltr'><strong>non</strong></span> <span class='ocrx_word' id='word_1_261' title='bbox 474 1553 554 1580; x_wconf 83' lang='lat' dir='ltr'><strong>debet</strong></span> <span class='ocrx_word' id='word_1_262' title='bbox 568 1551 718 1587; x_wconf 88' lang='lat' dir='ltr'><strong>computari</strong></span> <span class='ocrx_word' id='word_1_263' title='bbox 735 1553 761 1578; x_wconf 91' lang='lat' dir='ltr'><strong>in</strong></span> <span class='ocrx_word' id='word_1_264' title='bbox 775 1552 840 1585; x_wconf 85' lang='lat' dir='ltr'><strong>vita,</strong></span> <span class='ocrx_word' id='word_1_265' title='bbox 867 1552 894 1578; x_wconf 93' lang='lat' dir='ltr'><strong>in</strong></span> <span class='ocrx_word' id='word_1_266' title='bbox 907 1559 960 1586; x_wconf 94' lang='lat' dir='ltr'><strong>quo</strong></span> <span class='ocrx_word' id='word_1_267' title='bbox 975 1559 1070 1579; x_wconf 82' lang='lat' dir='ltr'><strong>sensus</strong></span> 
     </span>
    </p>
   </div>
   <div class='ocr_carea' id='block_1_34' title="bbox 285 1597 1069 1635">
    <p class='ocr_par' dir='ltr' id='par_1_34' title="bbox 285 1597 1069 1635">
     <span class='ocr_line' id='line_1_34' title="bbox 285 1597 1069 1635; baseline -0.004 -7"><span class='ocrx_word' id='word_1_268' title='bbox 285 1607 340 1628; x_wconf 89' lang='lat' dir='ltr'><strong>nmt</strong></span> <span class='ocrx_word' id='word_1_269' title='bbox 357 1600 475 1635; x_wconf 78' lang='lat' dir='ltr'><strong>respexit</strong></span> <span class='ocrx_word' id='word_1_270' title='bbox 495 1599 528 1626; x_wconf 88' lang='lat' dir='ltr'><strong>ad</strong></span> <span class='ocrx_word' id='word_1_271' title='bbox 553 1606 682 1633; x_wconf 89' lang='lat' dir='ltr'><strong>superna.</strong></span> <span class='ocrx_word' id='word_1_272' title='bbox 699 1597 806 1625; x_wconf 83' lang='lat' dir='ltr'><strong>Utinam</strong></span> <span class='ocrx_word' id='word_1_273' title='bbox 834 1602 923 1624; x_wconf 85' lang='lat' dir='ltr'><strong>autem</strong></span> <span class='ocrx_word' id='word_1_274' title='bbox 939 1605 1024 1632; x_wconf 84' lang='lat' dir='ltr'><strong>nequc</strong></span> <span class='ocrx_word' id='word_1_275' title='bbox 1036 1599 1069 1625; x_wconf 86' lang='lat' dir='ltr'><strong>ad</strong></span> 
     </span>
    </p>
   </div>
   <div class='ocr_carea' id='block_1_35' title="bbox 285 1643 1070 1679">
    <p class='ocr_par' dir='ltr' id='par_1_35' title="bbox 285 1643 1070 1679">
     <span class='ocr_line' id='line_1_35' title="bbox 285 1643 1070 1679; baseline -0.003 -7"><span class='ocrx_word' id='word_1_276' title='bbox 285 1646 382 1678; x_wconf 87' lang='lat' dir='ltr'><strong>vitam,</strong></span> <span class='ocrx_word' id='word_1_277' title='bbox 393 1653 481 1679; x_wconf 87' lang='lat' dir='ltr'><strong>neque</strong></span> <span class='ocrx_word' id='word_1_278' title='bbox 493 1645 524 1672; x_wconf 92' lang='lat' dir='ltr'><strong>ad</strong></span> <span class='ocrx_word' id='word_1_279' title='bbox 542 1644 641 1671; x_wconf 82' lang='lat' dir='ltr'><strong>malam</strong></span> <span class='ocrx_word' id='word_1_280' title='bbox 658 1644 763 1671; x_wconf 86' lang='lat' dir='ltr'><strong>videret</strong></span> <span class='ocrx_word' id='word_1_281' title='bbox 778 1643 847 1678; x_wconf 78' lang='grc'><strong>(92).</strong></span> <span class='ocrx_word' id='word_1_282' title='bbox 861 1643 939 1670; x_wconf 88' lang='lat' dir='ltr'><strong>Aliud</strong></span> <span class='ocrx_word' id='word_1_283' title='bbox 947 1648 988 1670; x_wconf 85' lang='lat' dir='ltr'><strong>est</strong></span> <span class='ocrx_word' id='word_1_284' title='bbox 999 1643 1070 1670; x_wconf 88' lang='lat' dir='ltr'><strong>enim</strong></span> 
     </span>
    </p>
   </div>
   <div class='ocr_carea' id='block_1_36' title="bbox 286 1688 1071 1722">
    <p class='ocr_par' dir='ltr' id='par_1_36' title="bbox 286 1688 1071 1722">
     <span class='ocr_line' id='line_1_36' title="bbox 286 1688 1071 1722; baseline -0.004 -4"><span class='ocrx_word' id='word_1_285' title='bbox 286 1692 403 1718; x_wconf 87' lang='lat' dir='ltr'><strong>otiosum</strong></span> <span class='ocrx_word' id='word_1_286' title='bbox 419 1697 479 1717; x_wconf 84' lang='lat' dir='ltr'><strong>esse</strong></span> <span class='ocrx_word' id='word_1_287' title='bbox 494 1698 508 1716; x_wconf 90' lang='lat' dir='ltr'><strong>a</strong></span> <span class='ocrx_word' id='word_1_288' title='bbox 522 1689 593 1716; x_wconf 89' lang='lat' dir='ltr'><strong>malo</strong></span> <span class='ocrx_word' id='word_1_289' title='bbox 605 1693 632 1716; x_wconf 87' lang='lat' dir='ltr'><strong>et</strong></span> <span class='ocrx_word' id='word_1_290' title='bbox 646 1689 728 1720; x_wconf 90' lang='lat' dir='ltr'><strong>bono,</strong></span> <span class='ocrx_word' id='word_1_291' title='bbox 747 1694 773 1715; x_wconf 90' lang='lat' dir='ltr'><strong>et</strong></span> <span class='ocrx_word' id='word_1_292' title='bbox 786 1696 845 1715; x_wconf 84' lang='lat' dir='ltr'><strong>esse</strong></span> <span class='ocrx_word' id='word_1_293' title='bbox 863 1693 990 1722; x_wconf 88' lang='lat' dir='ltr'><strong>tattquam</strong></span> <span class='ocrx_word' id='word_1_294' title='bbox 1006 1688 1071 1715; x_wconf 91' lang='lat' dir='ltr'><strong>dor-</strong></span> 
     </span>
    </p>
   </div>
   <div class='ocr_carea' id='block_1_37' title="bbox 288 1735 1069 1770">
    <p class='ocr_par' dir='ltr' id='par_1_37' title="bbox 288 1735 1069 1770">
     <span class='ocr_line' id='line_1_37' title="bbox 288 1735 1069 1770; baseline -0.003 -6"><span class='ocrx_word' id='word_1_295' title='bbox 288 1737 415 1764; x_wconf 75' lang='lat' dir='ltr'><strong>mientem</strong></span> <span class='ocrx_word' id='word_1_296' title='bbox 428 1741 475 1763; x_wconf 82' lang='lat' dir='ltr'><strong>aut</strong></span> <span class='ocrx_word' id='word_1_297' title='bbox 485 1741 619 1763; x_wconf 90' lang='lat' dir='ltr'><strong>tnortuum</strong></span> <span class='ocrx_word' id='word_1_298' title='bbox 632 1743 639 1768; x_wconf 85' lang='lat'><strong>;</strong></span> <span class='ocrx_word' id='word_1_299' title='bbox 656 1740 684 1762; x_wconf 90' lang='lat' dir='ltr'><strong>et</strong></span> <span class='ocrx_word' id='word_1_300' title='bbox 697 1735 771 1762; x_wconf 85' lang='lat' dir='ltr'><strong>aliud</strong></span> <span class='ocrx_word' id='word_1_301' title='bbox 787 1735 853 1762; x_wconf 79' lang='lat' dir='ltr'><strong>bonc</strong></span> <span class='ocrx_word' id='word_1_302' title='bbox 873 1735 977 1770; x_wconf 80' lang='lat' dir='ltr'><strong>quidem</strong></span> <span class='ocrx_word' id='word_1_303' title='bbox 991 1736 1069 1769; x_wconf 84' lang='lat' dir='ltr'><strong>mori,</strong></span> 
     </span>
    </p>
   </div>
   <div class='ocr_carea' id='block_1_38' title="bbox 287 1781 1072 1816">
    <p class='ocr_par' dir='ltr' id='par_1_38' title="bbox 287 1781 1072 1816">
     <span class='ocr_line' id='line_1_38' title="bbox 287 1781 1072 1816; baseline -0.001 -6"><span class='ocrx_word' id='word_1_304' title='bbox 287 1783 358 1810; x_wconf 73' lang='lat' dir='ltr'><strong>utan</strong></span> <span class='ocrx_word' id='word_1_305' title='bbox 373 1787 461 1810; x_wconf 85' lang='lat' dir='ltr'><strong>autem</strong></span> <span class='ocrx_word' id='word_1_306' title='bbox 479 1783 578 1809; x_wconf 85' lang='lat' dir='ltr'><strong>vivere.</strong></span> <span class='ocrx_word' id='word_1_307' title='bbox 598 1781 630 1808; x_wconf 76' lang='lat' dir='ltr'><strong>Et</strong></span> <span class='ocrx_word' id='word_1_308' title='bbox 645 1789 732 1816; x_wconf 86' lang='lat' dir='ltr'><strong>neque</strong></span> <span class='ocrx_word' id='word_1_309' title='bbox 755 1786 850 1808; x_wconf 86' lang='lat' dir='ltr'><strong>natura</strong></span> <span class='ocrx_word' id='word_1_310' title='bbox 874 1782 989 1810; x_wconf 86' lang='lat' dir='ltr'><strong>hominis</strong></span> <span class='ocrx_word' id='word_1_311' title='bbox 1009 1789 1072 1809; x_wconf 84' lang='lat' dir='ltr'><strong>sua-</strong></span> 
     </span>
    </p>
   </div>
   <div class='ocr_carea' id='block_1_39' title="bbox 287 1828 1072 1863">
    <p class='ocr_par' dir='ltr' id='par_1_39' title="bbox 287 1828 1072 1863">
     <span class='ocr_line' id='line_1_39' title="bbox 287 1828 1072 1863; baseline -0.003 -6"><span class='ocrx_word' id='word_1_312' title='bbox 287 1831 332 1857; x_wconf 85' lang='lat' dir='ltr'><strong>det</strong></span> <span class='ocrx_word' id='word_1_313' title='bbox 344 1836 400 1859; x_wconf 84' lang='lat' dir='ltr'><strong>eos.</strong></span> <span class='ocrx_word' id='word_1_314' title='bbox 417 1835 503 1863; x_wconf 84' lang='lat' dir='ltr'><strong>neque</strong></span> <span class='ocrx_word' id='word_1_315' title='bbox 520 1828 677 1862; x_wconf 80' lang='lat' dir='ltr'><strong>Scriptura:</strong></span> <span class='ocrx_word' id='word_1_316' title='bbox 695 1833 721 1855; x_wconf 89' lang='lat' dir='ltr'><strong>et</strong></span> <span class='ocrx_word' id='word_1_317' title='bbox 734 1832 844 1861; x_wconf 80' lang='lat' dir='ltr'><strong>errant;</strong></span> <span class='ocrx_word' id='word_1_318' title='bbox 858 1836 945 1863; x_wconf 85' lang='lat' dir='ltr'><strong>neque</strong></span> <span class='ocrx_word' id='word_1_319' title='bbox 956 1837 1072 1863; x_wconf 68' lang='lat' dir='ltr'><strong>praesen-</strong></span> 
     </span>
    </p>
   </div>
   <div class='ocr_carea' id='block_1_40' title="bbox 289 1874 1072 1911">
    <p class='ocr_par' dir='ltr' id='par_1_40' title="bbox 289 1874 1072 1911">
     <span class='ocr_line' id='line_1_40' title="bbox 289 1874 1072 1911; baseline 0 -9"><span class='ocrx_word' id='word_1_320' title='bbox 289 1877 336 1908; x_wconf 89' lang='lat' dir='ltr'><strong>tia,</strong></span> <span class='ocrx_word' id='word_1_321' title='bbox 349 1883 435 1911; x_wconf 86' lang='lat' dir='ltr'><strong>neque</strong></span> <span class='ocrx_word' id='word_1_322' title='bbox 448 1875 536 1902; x_wconf 80' lang='lat' dir='ltr'><strong>futura</strong></span> <span class='ocrx_word' id='word_1_323' title='bbox 552 1875 673 1901; x_wconf 84' lang='lat' dir='ltr'><strong>suadent.</strong></span> <span class='ocrx_word' id='word_1_324' title='bbox 690 1874 815 1907; x_wconf 70' lang='lat' dir='ltr'><strong>Quaedam</strong></span> <span class='ocrx_word' id='word_1_325' title='bbox 836 1875 906 1901; x_wconf 88' lang='lat' dir='ltr'><strong>ettittt</strong></span> <span class='ocrx_word' id='word_1_326' title='bbox 927 1876 1072 1910; x_wconf 82' lang='lat' dir='ltr'><strong>reprelien-</strong></span> 
     </span>
    </p>
   </div>
   <div class='ocr_carea' id='block_1_41' title="bbox 288 1922 1072 1957">
    <p class='ocr_par' dir='ltr' id='par_1_41' title="bbox 288 1922 1072 1957">
     <span class='ocr_line' id='line_1_41' title="bbox 288 1922 1072 1957; baseline -0.003 -6"><span class='ocrx_word' id='word_1_327' title='bbox 288 1924 392 1951; x_wconf 89' lang='lat' dir='ltr'><strong>sionetn</strong></span> <span class='ocrx_word' id='word_1_328' title='bbox 411 1922 539 1957; x_wconf 66' lang='lat' dir='ltr'><strong>praebent,</strong></span> <span class='ocrx_word' id='word_1_329' title='bbox 554 1922 677 1956; x_wconf 72' lang='lat' dir='ltr'><strong>qua-datu</strong></span> <span class='ocrx_word' id='word_1_330' title='bbox 693 1925 782 1948; x_wconf 89' lang='lat' dir='ltr'><strong>autent</strong></span> <span class='ocrx_word' id='word_1_331' title='bbox 801 1927 910 1956; x_wconf 85' lang='lat' dir='ltr'><strong>propter</strong></span> <span class='ocrx_word' id='word_1_332' title='bbox 924 1930 997 1957; x_wconf 82' lang='lat' dir='ltr'><strong>spent</strong></span> <span class='ocrx_word' id='word_1_333' title='bbox 1012 1930 1072 1949; x_wconf 90' lang='lat' dir='ltr'><strong>sur-</strong></span> 
     </span>
    </p>
   </div>
   <div class='ocr_carea' id='block_1_42' title="bbox 288 1967 1074 2000">
    <p class='ocr_par' dir='ltr' id='par_1_42' title="bbox 288 1967 1074 2000">
     <span class='ocr_line' id='line_1_42' title="bbox 288 1967 1074 2000; baseline -0.001 -4"><span class='ocrx_word' id='word_1_334' title='bbox 288 1977 347 1997; x_wconf 88' lang='lat' dir='ltr'><strong>sum</strong></span> <span class='ocrx_word' id='word_1_335' title='bbox 366 1969 514 1996; x_wconf 81' lang='lat' dir='ltr'><strong>adducunt.</strong></span> <span class='ocrx_word' id='word_1_336' title='bbox 543 1967 668 1995; x_wconf 85' lang='lat' dir='ltr'><strong>Videmus</strong></span> <span class='ocrx_word' id='word_1_337' title='bbox 683 1967 753 1994; x_wconf 88' lang='lat' dir='ltr'><strong>enim</strong></span> <span class='ocrx_word' id='word_1_338' title='bbox 768 1971 795 1994; x_wconf 91' lang='lat' dir='ltr'><strong>et</strong></span> <span class='ocrx_word' id='word_1_339' title='bbox 815 1969 977 2000; x_wconf 85' lang='lat' dir='ltr'><strong>morientes;</strong></span> <span class='ocrx_word' id='word_1_340' title='bbox 1000 1969 1074 1996; x_wconf 90' lang='lat' dir='ltr'><strong>vide-</strong></span> 
     </span>
    </p>
   </div>
   <div class='ocr_carea' id='block_1_43' title="bbox 289 2014 1072 2049">
    <p class='ocr_par' dir='ltr' id='par_1_43' title="bbox 289 2014 1072 2049">
     <span class='ocr_line' id='line_1_43' title="bbox 289 2014 1072 2049; baseline 0 -7"><span class='ocrx_word' id='word_1_341' title='bbox 289 2023 349 2042; x_wconf 90' lang='lat' dir='ltr'><strong>mus</strong></span> <span class='ocrx_word' id='word_1_342' title='bbox 368 2019 395 2042; x_wconf 90' lang='lat' dir='ltr'><strong>et</strong></span> <span class='ocrx_word' id='word_1_343' title='bbox 407 2014 526 2049; x_wconf 87' lang='lat' dir='ltr'><strong>septtltos</strong></span> <span class='ocrx_word' id='word_1_344' title='bbox 540 2019 566 2040; x_wconf 87' lang='lat' dir='ltr'><strong>et</strong></span> <span class='ocrx_word' id='word_1_345' title='bbox 582 2022 634 2041; x_wconf 93' lang='lat' dir='ltr'><strong>non</strong></span> <span class='ocrx_word' id='word_1_346' title='bbox 651 2016 779 2049; x_wconf 78' lang='lat' dir='ltr'><strong>sepultos,</strong></span> <span class='ocrx_word' id='word_1_347' title='bbox 794 2021 821 2042; x_wconf 88' lang='lat' dir='ltr'><strong>et</strong></span> <span class='ocrx_word' id='word_1_348' title='bbox 840 2023 886 2042; x_wconf 83' lang='lat' dir='ltr'><strong>eos</strong></span> <span class='ocrx_word' id='word_1_349' title='bbox 901 2015 944 2049; x_wconf 89' lang='lat' dir='ltr'><strong>qtti</strong></span> <span class='ocrx_word' id='word_1_350' title='bbox 962 2015 1072 2048; x_wconf 84' lang='lat' dir='ltr'><strong>deﬂent,</strong></span> 
     </span>
    </p>
   </div>
   <div class='ocr_carea' id='block_1_44' title="bbox 289 2061 1074 2093">
    <p class='ocr_par' dir='ltr' id='par_1_44' title="bbox 289 2061 1074 2093">
     <span class='ocr_line' id='line_1_44' title="bbox 289 2061 1074 2093; baseline -0.001 -5"><span class='ocrx_word' id='word_1_351' title='bbox 289 2065 316 2088; x_wconf 87' lang='lat' dir='ltr'><strong>et</strong></span> <span class='ocrx_word' id='word_1_352' title='bbox 329 2061 431 2093; x_wconf 81' lang='lat' dir='ltr'><strong>dolent,</strong></span> <span class='ocrx_word' id='word_1_353' title='bbox 446 2065 472 2087; x_wconf 90' lang='lat' dir='ltr'><strong>et</strong></span> <span class='ocrx_word' id='word_1_354' title='bbox 488 2061 686 2088; x_wconf 79' lang='lat' dir='ltr'><strong>lamentantur:</strong></span> <span class='ocrx_word' id='word_1_355' title='bbox 697 2068 758 2088; x_wconf 87' lang='lat' dir='ltr'><strong>vere</strong></span> <span class='ocrx_word' id='word_1_356' title='bbox 773 2061 808 2088; x_wconf 83' lang='lat' dir='ltr'><strong>ita</strong></span> <span class='ocrx_word' id='word_1_357' title='bbox 820 2069 911 2088; x_wconf 90' lang='lat' dir='ltr'><strong>sumus</strong></span> <span class='ocrx_word' id='word_1_358' title='bbox 923 2066 951 2087; x_wconf 92' lang='lat' dir='ltr'><strong>ut</strong></span> <span class='ocrx_word' id='word_1_359' title='bbox 966 2069 1018 2089; x_wconf 92' lang='lat' dir='ltr'><strong>non</strong></span> <span class='ocrx_word' id='word_1_360' title='bbox 1035 2062 1074 2088; x_wconf 83' lang='lat' dir='ltr'><strong>vi-</strong></span> 
     </span>
    </p>
   </div>
   <div class='ocr_carea' id='block_1_45' title="bbox 289 2105 1075 2142">
    <p class='ocr_par' dir='ltr' id='par_1_45' title="bbox 289 2105 1075 2142">
     <span class='ocr_line' id='line_1_45' title="bbox 289 2105 1075 2142; baseline 0 -8"><span class='ocrx_word' id='word_1_361' title='bbox 289 2107 384 2134; x_wconf 78' lang='lat' dir='ltr'><strong>dentes</strong></span> <span class='ocrx_word' id='word_1_362' title='bbox 400 2114 457 2133; x_wconf 87' lang='lat' dir='ltr'><strong>eos.</strong></span> <span class='ocrx_word' id='word_1_363' title='bbox 473 2105 511 2132; x_wconf 90' lang='lat' dir='ltr'><strong>lta</strong></span> <span class='ocrx_word' id='word_1_364' title='bbox 533 2106 604 2133; x_wconf 87' lang='lat' dir='ltr'><strong>enim</strong></span> <span class='ocrx_word' id='word_1_365' title='bbox 617 2111 740 2142; x_wconf 88' lang='lat' dir='ltr'><strong>putamus</strong></span> <span class='ocrx_word' id='word_1_366' title='bbox 753 2107 833 2134; x_wconf 90' lang='lat' dir='ltr'><strong>vitam</strong></span> <span class='ocrx_word' id='word_1_367' title='bbox 853 2115 913 2135; x_wconf 89' lang='lat' dir='ltr'><strong>esse</strong></span> <span class='ocrx_word' id='word_1_368' title='bbox 926 2114 996 2140; x_wconf 82' lang='lat' dir='ltr'><strong>eam,</strong></span> <span class='ocrx_word' id='word_1_369' title='bbox 1014 2115 1075 2142; x_wconf 63' lang='lat' dir='ltr'><strong>qua:</strong></span> 
     </span>
    </p>
   </div>
   <div class='ocr_carea' id='block_1_46' title="bbox 290 2152 1075 2186">
    <p class='ocr_par' dir='ltr' id='par_1_46' title="bbox 290 2152 1075 2186">
     <span class='ocr_line' id='line_1_46' title="bbox 290 2152 1075 2186; baseline 0.003 -7"><span class='ocrx_word' id='word_1_370' title='bbox 290 2159 343 2179; x_wconf 89' lang='lat' dir='ltr'><strong>non</strong></span> <span class='ocrx_word' id='word_1_371' title='bbox 358 2152 464 2179; x_wconf 87' lang='lat' dir='ltr'><strong>estvita</strong></span> <span class='ocrx_word' id='word_1_372' title='bbox 479 2160 486 2178; x_wconf 89' lang='lat'><strong>:</strong></span> <span class='ocrx_word' id='word_1_373' title='bbox 503 2159 563 2178; x_wconf 89' lang='lat' dir='ltr'><strong>ttattt</strong></span> <span class='ocrx_word' id='word_1_374' title='bbox 584 2157 611 2178; x_wconf 84' lang='lat' dir='ltr'><strong>et</strong></span> <span class='ocrx_word' id='word_1_375' title='bbox 628 2153 820 2180; x_wconf 80' lang='lat' dir='ltr'><strong>tuattdttcanles</strong></span> <span class='ocrx_word' id='word_1_376' title='bbox 834 2153 964 2186; x_wconf 68' lang='lat' dir='ltr'><strong>laedimur,</strong></span> <span class='ocrx_word' id='word_1_377' title='bbox 982 2159 1008 2180; x_wconf 88' lang='lat' dir='ltr'><strong>et</strong></span> <span class='ocrx_word' id='word_1_378' title='bbox 1024 2154 1075 2181; x_wconf 88' lang='lat' dir='ltr'><strong>ite-</strong></span> 
     </span>
    </p>
   </div>
   <div class='ocr_carea' id='block_1_47' title="bbox 292 2198 1075 2234">
    <p class='ocr_par' dir='ltr' id='par_1_47' title="bbox 292 2198 1075 2234">
     <span class='ocr_line' id='line_1_47' title="bbox 292 2198 1075 2234; baseline 0.001 -8"><span class='ocrx_word' id='word_1_379' title='bbox 292 2207 350 2227; x_wconf 92' lang='lat' dir='ltr'><strong>rum</strong></span> <span class='ocrx_word' id='word_1_380' title='bbox 368 2199 563 2226; x_wconf 81' lang='lat' dir='ltr'><strong>desideramus.</strong></span> <span class='ocrx_word' id='word_1_381' title='bbox 589 2199 639 2232; x_wconf 77' lang='lat' dir='ltr'><strong>Qui</strong></span> <span class='ocrx_word' id='word_1_382' title='bbox 655 2198 808 2226; x_wconf 85' lang='lat' dir='ltr'><strong>libidinibus</strong></span> <span class='ocrx_word' id='word_1_383' title='bbox 822 2207 921 2234; x_wconf 85' lang='lat' dir='ltr'><strong>corpus</strong></span> <span class='ocrx_word' id='word_1_384' title='bbox 941 2201 1075 2228; x_wconf 85' lang='lat' dir='ltr'><strong>maculant</strong></span> 
     </span>
    </p>
   </div>
   <div class='ocr_carea' id='block_1_48' title="bbox 1117 268 1897 302">
    <p class='ocr_par' dir='ltr' id='par_1_48' title="bbox 1117 268 1897 302">
     <span class='ocr_line' id='line_1_48' title="bbox 1117 268 1897 302; baseline 0.006 -8"><span class='ocrx_word' id='word_1_385' title='bbox 1117 268 1163 294; x_wconf 85' lang='lat' dir='ltr'><strong>sed</strong></span> <span class='ocrx_word' id='word_1_386' title='bbox 1178 268 1240 298; x_wconf 84' lang='lat' dir='ltr'><strong>quia</strong></span> <span class='ocrx_word' id='word_1_387' title='bbox 1256 269 1395 302; x_wconf 84' lang='lat' dir='ltr'><strong>proposuit</strong></span> <span class='ocrx_word' id='word_1_388' title='bbox 1413 276 1520 302; x_wconf 86' lang='lat' dir='ltr'><strong>nocere,</strong></span> <span class='ocrx_word' id='word_1_389' title='bbox 1543 269 1624 296; x_wconf 84' lang='lat' dir='ltr'><strong>habet</strong></span> <span class='ocrx_word' id='word_1_390' title='bbox 1638 269 1767 297; x_wconf 80' lang='lat' dir='ltr'><strong>malitiam</strong></span> <span class='ocrx_word' id='word_1_391' title='bbox 1783 277 1812 298; x_wconf 89' lang='lat' dir='ltr'><strong>et</strong></span> <span class='ocrx_word' id='word_1_392' title='bbox 1824 277 1897 299; x_wconf 79' lang='lat' dir='ltr'><strong>ante-</strong></span> 
     </span>
    </p>
   </div>
   <div class='ocr_carea' id='block_1_49' title="bbox 1118 312 1897 348">
    <p class='ocr_par' dir='ltr' id='par_1_49' title="bbox 1118 312 1897 348">
     <span class='ocr_line' id='line_1_49' title="bbox 1118 312 1897 348; baseline 0.006 -9"><span class='ocrx_word' id='word_1_393' title='bbox 1118 321 1197 348; x_wconf 89' lang='lat' dir='ltr'><strong>quam</strong></span> <span class='ocrx_word' id='word_1_394' title='bbox 1217 312 1324 340; x_wconf 82' lang='lat' dir='ltr'><strong>elliciat.</strong></span> <span class='ocrx_word' id='word_1_395' title='bbox 1349 313 1382 340; x_wconf 85' lang='lat' dir='ltr'><strong>Et</strong></span> <span class='ocrx_word' id='word_1_396' title='bbox 1406 313 1523 348; x_wconf 82' lang='lat' dir='ltr'><strong>maligno</strong></span> <span class='ocrx_word' id='word_1_397' title='bbox 1546 313 1645 341; x_wconf 77' lang='lat' dir='ltr'><strong>sufﬁcit</strong></span> <span class='ocrx_word' id='word_1_398' title='bbox 1659 315 1760 342; x_wconf 84' lang='lat' dir='ltr'><strong>malitia</strong></span> <span class='ocrx_word' id='word_1_399' title='bbox 1779 323 1839 343; x_wconf 79' lang='lat' dir='ltr'><strong>sua.</strong></span> <span class='ocrx_word' id='word_1_400' title='bbox 1856 317 1897 344; x_wconf 90' lang='lat' dir='ltr'><strong>Si-</strong></span> 
     </span>
    </p>
   </div>
   <div class='ocr_carea' id='block_1_50' title="bbox 1116 360 1898 396">
    <p class='ocr_par' dir='ltr' id='par_1_50' title="bbox 1116 360 1898 396">
     <span class='ocr_line' id='line_1_50' title="bbox 1116 360 1898 396; baseline 0.006 -10"><span class='ocrx_word' id='word_1_401' title='bbox 1116 360 1223 394; x_wconf 88' lang='lat' dir='ltr'><strong>quidem</strong></span> <span class='ocrx_word' id='word_1_402' title='bbox 1238 365 1266 386; x_wconf 90' lang='lat' dir='ltr'><strong>et</strong></span> <span class='ocrx_word' id='word_1_403' title='bbox 1290 366 1428 395; x_wconf 79' lang='lat' dir='ltr'><strong>agrotans,</strong></span> <span class='ocrx_word' id='word_1_404' title='bbox 1444 360 1550 387; x_wconf 89' lang='lat' dir='ltr'><strong>etiamsi</strong></span> <span class='ocrx_word' id='word_1_405' title='bbox 1568 367 1620 387; x_wconf 92' lang='lat' dir='ltr'><strong>non</strong></span> <span class='ocrx_word' id='word_1_406' title='bbox 1640 361 1796 396; x_wconf 79' lang='lat' dir='ltr'><strong>castigetur,</strong></span> <span class='ocrx_word' id='word_1_407' title='bbox 1811 367 1898 391; x_wconf 87' lang='lat' dir='ltr'><strong>tamen</strong></span> 
     </span>
    </p>
   </div>
   <div class='ocr_carea' id='block_1_51' title="bbox 1118 405 1898 441">
    <p class='ocr_par' dir='ltr' id='par_1_51' title="bbox 1118 405 1898 441">
     <span class='ocr_line' id='line_1_51' title="bbox 1118 405 1898 441; baseline 0.004 -10"><span class='ocrx_word' id='word_1_408' title='bbox 1118 406 1198 432; x_wconf 84' lang='lat' dir='ltr'><strong>habet</strong></span> <span class='ocrx_word' id='word_1_409' title='bbox 1210 405 1309 432; x_wconf 89' lang='lat' dir='ltr'><strong>malum</strong></span> <span class='ocrx_word' id='word_1_410' title='bbox 1326 405 1482 440; x_wconf 79' lang='lat' dir='ltr'><strong>languorem</strong></span> <span class='ocrx_word' id='word_1_411' title='bbox 1496 415 1503 432; x_wconf 88' lang='lat'><strong>:</strong></span> <span class='ocrx_word' id='word_1_412' title='bbox 1520 406 1555 433; x_wconf 89' lang='lat' dir='ltr'><strong>ita</strong></span> <span class='ocrx_word' id='word_1_413' title='bbox 1570 411 1597 433; x_wconf 85' lang='lat' dir='ltr'><strong>et</strong></span> <span class='ocrx_word' id='word_1_414' title='bbox 1609 407 1654 440; x_wconf 89' lang='lat' dir='ltr'><strong>qui</strong></span> <span class='ocrx_word' id='word_1_415' title='bbox 1671 407 1779 441; x_wconf 74' lang='lat' dir='ltr'><strong>languet</strong></span> <span class='ocrx_word' id='word_1_416' title='bbox 1792 409 1879 434; x_wconf 81' lang='lat' dir='ltr'><strong>anima</strong></span> <span class='ocrx_word' id='word_1_417' title='bbox 1889 429 1898 441; x_wconf 88' lang='lat'><strong>,</strong></span> 
     </span>
    </p>
   </div>
   <div class='ocr_carea' id='block_1_52' title="bbox 1116 451 1898 490">
    <p class='ocr_par' dir='ltr' id='par_1_52' title="bbox 1116 451 1898 490">
     <span class='ocr_line' id='line_1_52' title="bbox 1116 451 1898 490; baseline 0.004 -13"><span class='ocrx_word' id='word_1_418' title='bbox 1116 451 1222 478; x_wconf 87' lang='lat' dir='ltr'><strong>etiantsi</strong></span> <span class='ocrx_word' id='word_1_419' title='bbox 1242 459 1293 478; x_wconf 87' lang='lat' dir='ltr'><strong>tton</strong></span> <span class='ocrx_word' id='word_1_420' title='bbox 1311 451 1408 479; x_wconf 84' lang='lat' dir='ltr'><strong>missus</strong></span> <span class='ocrx_word' id='word_1_421' title='bbox 1421 451 1503 479; x_wconf 83' lang='lat' dir='ltr'><strong>fuerit</strong></span> <span class='ocrx_word' id='word_1_422' title='bbox 1518 452 1544 479; x_wconf 93' lang='lat' dir='ltr'><strong>in</strong></span> <span class='ocrx_word' id='word_1_423' title='bbox 1563 453 1726 487; x_wconf 74' lang='lat' dir='ltr'><strong>gehennam,</strong></span> <span class='ocrx_word' id='word_1_424' title='bbox 1741 459 1829 490; x_wconf 73' lang='lat' dir='ltr'><strong>tamen</strong></span> <span class='ocrx_word' id='word_1_425' title='bbox 1840 462 1898 488; x_wconf 91' lang='lat' dir='ltr'><strong>pro-</strong></span> 
     </span>
    </p>
   </div>
   <div class='ocr_carea' id='block_1_53' title="bbox 1116 497 1899 530">
    <p class='ocr_par' dir='ltr' id='par_1_53' title="bbox 1116 497 1899 530">
     <span class='ocr_line' id='line_1_53' title="bbox 1116 497 1899 530; baseline 0.001 -6"><span class='ocrx_word' id='word_1_426' title='bbox 1116 502 1193 524; x_wconf 82' lang='lat' dir='ltr'><strong>curat</strong></span> <span class='ocrx_word' id='word_1_427' title='bbox 1207 497 1256 523; x_wconf 93' lang='lat' dir='ltr'><strong>sibi</strong></span> <span class='ocrx_word' id='word_1_428' title='bbox 1270 497 1382 523; x_wconf 88' lang='lat' dir='ltr'><strong>malum.</strong></span> <span class='ocrx_word' id='word_1_429' title='bbox 1399 497 1465 530; x_wconf 89' lang='lat' dir='ltr'><strong>Quis</strong></span> <span class='ocrx_word' id='word_1_430' title='bbox 1488 502 1578 525; x_wconf 87' lang='lat' dir='ltr'><strong>autem</strong></span> <span class='ocrx_word' id='word_1_431' title='bbox 1595 501 1623 524; x_wconf 90' lang='lat' dir='ltr'><strong>et</strong></span> <span class='ocrx_word' id='word_1_432' title='bbox 1641 497 1817 525; x_wconf 81' lang='lat' dir='ltr'><strong>exhortatur?</strong></span> <span class='ocrx_word' id='word_1_433' title='bbox 1831 498 1899 525; x_wconf 89' lang='lat' dir='ltr'><strong>Tan-</strong></span> 
     </span>
    </p>
   </div>
   <div class='ocr_carea' id='block_1_54' title="bbox 1117 542 1899 578">
    <p class='ocr_par' dir='ltr' id='par_1_54' title="bbox 1117 542 1899 578">
     <span class='ocr_line' id='line_1_54' title="bbox 1117 542 1899 578; baseline 0.004 -10"><span class='ocrx_word' id='word_1_434' title='bbox 1117 546 1172 569; x_wconf 90' lang='lat' dir='ltr'><strong>tum</strong></span> <span class='ocrx_word' id='word_1_435' title='bbox 1183 545 1225 569; x_wconf 88' lang='lat' dir='ltr'><strong>est</strong></span> <span class='ocrx_word' id='word_1_436' title='bbox 1238 542 1310 569; x_wconf 91' lang='lat' dir='ltr'><strong>ettittt</strong></span> <span class='ocrx_word' id='word_1_437' title='bbox 1331 543 1431 569; x_wconf 88' lang='lat' dir='ltr'><strong>malum</strong></span> <span class='ocrx_word' id='word_1_438' title='bbox 1447 542 1557 576; x_wconf 89' lang='lat' dir='ltr'><strong>malum,</strong></span> <span class='ocrx_word' id='word_1_439' title='bbox 1582 543 1658 578; x_wconf 87' lang='lat' dir='ltr'><strong>cujus</strong></span> <span class='ocrx_word' id='word_1_440' title='bbox 1676 548 1839 571; x_wconf 88' lang='lat' dir='ltr'><strong>tentamenta</strong></span> <span class='ocrx_word' id='word_1_441' title='bbox 1855 552 1899 578; x_wconf 74' lang='lat' dir='ltr'><strong>ge-</strong></span> 
     </span>
    </p>
   </div>
   <div class='ocr_carea' id='block_1_55' title="bbox 1118 588 1899 623">
    <p class='ocr_par' dir='ltr' id='par_1_55' title="bbox 1118 588 1899 623">
     <span class='ocr_line' id='line_1_55' title="bbox 1118 588 1899 623; baseline 0.003 -8"><span class='ocrx_word' id='word_1_442' title='bbox 1118 589 1232 616; x_wconf 88' lang='lat' dir='ltr'><strong>hennam</strong></span> <span class='ocrx_word' id='word_1_443' title='bbox 1253 593 1360 623; x_wconf 86' lang='lat' dir='ltr'><strong>parant.</strong></span> <span class='ocrx_word' id='word_1_444' title='bbox 1375 588 1479 616; x_wconf 85' lang='lat' dir='ltr'><strong>Etcum</strong></span> <span class='ocrx_word' id='word_1_445' title='bbox 1492 590 1549 616; x_wconf 66' lang='lat' dir='ltr'><strong>haac</strong></span> <span class='ocrx_word' id='word_1_446' title='bbox 1569 589 1606 616; x_wconf 86' lang='lat' dir='ltr'><strong>ita</strong></span> <span class='ocrx_word' id='word_1_447' title='bbox 1624 590 1690 622; x_wconf 86' lang='lat' dir='ltr'><strong>sint,</strong></span> <span class='ocrx_word' id='word_1_448' title='bbox 1706 597 1754 617; x_wconf 91' lang='lat' dir='ltr'><strong>nos</strong></span> <span class='ocrx_word' id='word_1_449' title='bbox 1769 595 1857 618; x_wconf 85' lang='lat' dir='ltr'><strong>tamen</strong></span> <span class='ocrx_word' id='word_1_450' title='bbox 1872 595 1899 617; x_wconf 92' lang='lat' dir='ltr'><strong>ut</strong></span> 
     </span>
    </p>
   </div>
   <div class='ocr_carea' id='block_1_56' title="bbox 1117 634 1899 669">
    <p class='ocr_par' dir='ltr' id='par_1_56' title="bbox 1117 634 1899 669">
     <span class='ocr_line' id='line_1_56' title="bbox 1117 634 1899 669; baseline 0.003 -8"><span class='ocrx_word' id='word_1_451' title='bbox 1117 634 1218 663; x_wconf 85' lang='lat' dir='ltr'><strong>inimici</strong></span> <span class='ocrx_word' id='word_1_452' title='bbox 1237 635 1350 669; x_wconf 87' lang='lat' dir='ltr'><strong>proprii,</strong></span> <span class='ocrx_word' id='word_1_453' title='bbox 1373 635 1407 661; x_wconf 86' lang='lat' dir='ltr'><strong>ita</strong></span> <span class='ocrx_word' id='word_1_454' title='bbox 1428 634 1551 662; x_wconf 82' lang='lat' dir='ltr'><strong>videmur</strong></span> <span class='ocrx_word' id='word_1_455' title='bbox 1562 635 1663 662; x_wconf 88' lang='lat' dir='ltr'><strong>vivere.</strong></span> <span class='ocrx_word' id='word_1_456' title='bbox 1684 635 1729 662; x_wconf 86' lang='lat' dir='ltr'><strong>ille</strong></span> <span class='ocrx_word' id='word_1_457' title='bbox 1745 636 1816 663; x_wconf 92' lang='lat' dir='ltr'><strong>enim</strong></span> <span class='ocrx_word' id='word_1_458' title='bbox 1830 636 1899 663; x_wconf 57' lang='lat' dir='ltr'><strong>laeta—</strong></span> 
     </span>
    </p>
   </div>
   <div class='ocr_carea' id='block_1_57' title="bbox 1117 680 1899 716">
    <p class='ocr_par' dir='ltr' id='par_1_57' title="bbox 1117 680 1899 716">
     <span class='ocr_line' id='line_1_57' title="bbox 1117 680 1899 716; baseline 0.003 -10"><span class='ocrx_word' id='word_1_459' title='bbox 1117 684 1171 712; x_wconf 88' lang='lat' dir='ltr'><strong>tttr,</strong></span> <span class='ocrx_word' id='word_1_460' title='bbox 1186 680 1248 714; x_wconf 87' lang='lat' dir='ltr'><strong>quia</strong></span> <span class='ocrx_word' id='word_1_461' title='bbox 1266 680 1393 707; x_wconf 85' lang='lat' dir='ltr'><strong>mentitus</strong></span> <span class='ocrx_word' id='word_1_462' title='bbox 1409 680 1501 712; x_wconf 80' lang='lat' dir='ltr'><strong>latuit;</strong></span> <span class='ocrx_word' id='word_1_463' title='bbox 1523 681 1591 708; x_wconf 92' lang='lat' dir='ltr'><strong>alitts</strong></span> <span class='ocrx_word' id='word_1_464' title='bbox 1611 681 1718 716; x_wconf 78' lang='lat' dir='ltr'><strong>gaudet,</strong></span> <span class='ocrx_word' id='word_1_465' title='bbox 1732 681 1795 715; x_wconf 89' lang='lat' dir='ltr'><strong>quia</strong></span> <span class='ocrx_word' id='word_1_466' title='bbox 1807 688 1899 715; x_wconf 86' lang='lat' dir='ltr'><strong>prove-</strong></span> 
     </span>
    </p>
   </div>
   <div class='ocr_carea' id='block_1_58' title="bbox 1117 727 1898 762">
    <p class='ocr_par' dir='ltr' id='par_1_58' title="bbox 1117 727 1898 762">
     <span class='ocr_line' id='line_1_58' title="bbox 1117 727 1898 762; baseline -0.003 -8"><span class='ocrx_word' id='word_1_467' title='bbox 1117 728 1157 754; x_wconf 86' lang='lat' dir='ltr'><strong>nit</strong></span> <span class='ocrx_word' id='word_1_468' title='bbox 1171 727 1196 754; x_wconf 87' lang='lat' dir='ltr'><strong>ei</strong></span> <span class='ocrx_word' id='word_1_469' title='bbox 1215 728 1352 762; x_wconf 87' lang='lat' dir='ltr'><strong>decipere.</strong></span> <span class='ocrx_word' id='word_1_470' title='bbox 1376 727 1409 754; x_wconf 86' lang='lat' dir='ltr'><strong>Et</strong></span> <span class='ocrx_word' id='word_1_471' title='bbox 1429 727 1539 754; x_wconf 86' lang='lat' dir='ltr'><strong>avaritia</strong></span> <span class='ocrx_word' id='word_1_472' title='bbox 1553 727 1656 754; x_wconf 86' lang='lat' dir='ltr'><strong>lucrum</strong></span> <span class='ocrx_word' id='word_1_473' title='bbox 1673 732 1765 762; x_wconf 87' lang='lat' dir='ltr'><strong>putata</strong></span> <span class='ocrx_word' id='word_1_474' title='bbox 1781 731 1823 754; x_wconf 87' lang='lat' dir='ltr'><strong>est</strong></span> <span class='ocrx_word' id='word_1_475' title='bbox 1840 734 1898 753; x_wconf 89' lang='lat' dir='ltr'><strong>cum</strong></span> 
     </span>
    </p>
   </div>
   <div class='ocr_carea' id='block_1_59' title="bbox 1116 771 1899 807">
    <p class='ocr_par' dir='ltr' id='par_1_59' title="bbox 1116 771 1899 807">
     <span class='ocr_line' id='line_1_59' title="bbox 1116 771 1899 807; baseline -0.003 -7"><span class='ocrx_word' id='word_1_476' title='bbox 1116 773 1151 800; x_wconf 87' lang='lat' dir='ltr'><strong>sit</strong></span> <span class='ocrx_word' id='word_1_477' title='bbox 1165 773 1308 806; x_wconf 81' lang='lat' dir='ltr'><strong>damnum;</strong></span> <span class='ocrx_word' id='word_1_478' title='bbox 1324 777 1352 800; x_wconf 85' lang='lat' dir='ltr'><strong>et</strong></span> <span class='ocrx_word' id='word_1_479' title='bbox 1372 772 1454 800; x_wconf 89' lang='lat' dir='ltr'><strong>libido</strong></span> <span class='ocrx_word' id='word_1_480' title='bbox 1470 773 1602 807; x_wconf 85' lang='lat' dir='ltr'><strong>voluptas,</strong></span> <span class='ocrx_word' id='word_1_481' title='bbox 1620 780 1680 800; x_wconf 91' lang='lat' dir='ltr'><strong>cum</strong></span> <span class='ocrx_word' id='word_1_482' title='bbox 1705 772 1740 800; x_wconf 81' lang='lat' dir='ltr'><strong>sit</strong></span> <span class='ocrx_word' id='word_1_483' title='bbox 1757 772 1846 799; x_wconf 91' lang='lat' dir='ltr'><strong>luctus</strong></span> <span class='ocrx_word' id='word_1_484' title='bbox 1860 771 1899 799; x_wconf 82' lang='lat' dir='ltr'><strong>his</strong></span> 
     </span>
    </p>
   </div>
   <div class='ocr_carea' id='block_1_60' title="bbox 1115 818 1897 854">
    <p class='ocr_par' dir='ltr' id='par_1_60' title="bbox 1115 818 1897 854">
     <span class='ocr_line' id='line_1_60' title="bbox 1115 818 1897 854; baseline -0.001 -8"><span class='ocrx_word' id='word_1_485' title='bbox 1115 819 1161 854; x_wconf 88' lang='lat' dir='ltr'><strong>qui</strong></span> <span class='ocrx_word' id='word_1_486' title='bbox 1187 820 1295 853; x_wconf 83' lang='lat' dir='ltr'><strong>sapiunt</strong></span> <span class='ocrx_word' id='word_1_487' title='bbox 1312 819 1389 846; x_wconf 89' lang='lat' dir='ltr'><strong>bene.</strong></span> <span class='ocrx_word' id='word_1_488' title='bbox 1419 819 1451 846; x_wconf 85' lang='lat' dir='ltr'><strong>Et</strong></span> <span class='ocrx_word' id='word_1_489' title='bbox 1467 825 1597 846; x_wconf 89' lang='lat' dir='ltr'><strong>conversa</strong></span> <span class='ocrx_word' id='word_1_490' title='bbox 1623 823 1686 845; x_wconf 87' lang='lat' dir='ltr'><strong>sunt</strong></span> <span class='ocrx_word' id='word_1_491' title='bbox 1707 818 1785 846; x_wconf 91' lang='lat' dir='ltr'><strong>nobis</strong></span> <span class='ocrx_word' id='word_1_492' title='bbox 1798 819 1897 849; x_wconf 88' lang='lat' dir='ltr'><strong>omnia.</strong></span> 
     </span>
    </p>
   </div>
   <div class='ocr_carea' id='block_1_61' title="bbox 1116 864 1900 900">
    <p class='ocr_par' dir='ltr' id='par_1_61' title="bbox 1116 864 1900 900">
     <span class='ocr_line' id='line_1_61' title="bbox 1116 864 1900 900; baseline 0 -9"><span class='ocrx_word' id='word_1_493' title='bbox 1116 865 1178 899; x_wconf 87' lang='lat' dir='ltr'><strong>quia</strong></span> <span class='ocrx_word' id='word_1_494' title='bbox 1193 864 1413 899; x_wconf 88' lang='lat' dir='ltr'><strong>circumscriptus</strong></span> <span class='ocrx_word' id='word_1_495' title='bbox 1436 872 1451 891; x_wconf 85' lang='lat' dir='ltr'><strong>a</strong></span> <span class='ocrx_word' id='word_1_496' title='bbox 1467 864 1546 891; x_wconf 87' lang='lat' dir='ltr'><strong>nobis</strong></span> <span class='ocrx_word' id='word_1_497' title='bbox 1559 868 1600 892; x_wconf 88' lang='lat' dir='ltr'><strong>est</strong></span> <span class='ocrx_word' id='word_1_498' title='bbox 1611 864 1754 900; x_wconf 83' lang='lat' dir='ltr'><strong>cogitatus.</strong></span> <span class='ocrx_word' id='word_1_499' title='bbox 1782 864 1814 891; x_wconf 88' lang='lat' dir='ltr'><strong>Et</strong></span> <span class='ocrx_word' id='word_1_500' title='bbox 1829 871 1900 892; x_wconf 85' lang='lat' dir='ltr'><strong>certe</strong></span> 
     </span>
    </p>
   </div>
   <div class='ocr_carea' id='block_1_62' title="bbox 1118 910 1901 946">
    <p class='ocr_par' dir='ltr' id='par_1_62' title="bbox 1118 910 1901 946">
     <span class='ocr_line' id='line_1_62' title="bbox 1118 910 1901 946; baseline -0.001 -8"><span class='ocrx_word' id='word_1_501' title='bbox 1118 910 1188 946; x_wconf 83' lang='lat' dir='ltr'><strong>cogit</strong></span> <span class='ocrx_word' id='word_1_502' title='bbox 1201 915 1229 938; x_wconf 88' lang='lat' dir='ltr'><strong>et</strong></span> <span class='ocrx_word' id='word_1_503' title='bbox 1240 911 1378 938; x_wconf 91' lang='lat' dir='ltr'><strong>contendit</strong></span> <span class='ocrx_word' id='word_1_504' title='bbox 1390 918 1496 944; x_wconf 86' lang='lat' dir='ltr'><strong>sensus,</strong></span> <span class='ocrx_word' id='word_1_505' title='bbox 1518 915 1547 937; x_wconf 93' lang='lat' dir='ltr'><strong>ut</strong></span> <span class='ocrx_word' id='word_1_506' title='bbox 1560 918 1613 937; x_wconf 90' lang='lat' dir='ltr'><strong>non</strong></span> <span class='ocrx_word' id='word_1_507' title='bbox 1624 910 1748 944; x_wconf 84' lang='lat' dir='ltr'><strong>ejiciatur</strong></span> <span class='ocrx_word' id='word_1_508' title='bbox 1761 918 1777 937; x_wconf 87' lang='lat' dir='ltr'><strong>a</strong></span> <span class='ocrx_word' id='word_1_509' title='bbox 1792 917 1901 945; x_wconf 51' lang='lat' dir='ltr'><strong>posses.</strong></span> 
     </span>
    </p>
   </div>
   <div class='ocr_carea' id='block_1_63' title="bbox 1118 956 1900 992">
    <p class='ocr_par' dir='ltr' id='par_1_63' title="bbox 1118 956 1900 992">
     <span class='ocr_line' id='line_1_63' title="bbox 1118 956 1900 992; baseline -0.004 -7"><span class='ocrx_word' id='word_1_510' title='bbox 1118 958 1193 986; x_wconf 83' lang='lat' dir='ltr'><strong>sicne</strong></span> <span class='ocrx_word' id='word_1_511' title='bbox 1209 965 1266 985; x_wconf 90' lang='lat' dir='ltr'><strong>sua.</strong></span> <span class='ocrx_word' id='word_1_512' title='bbox 1286 957 1353 984; x_wconf 89' lang='lat' dir='ltr'><strong>Nam</strong></span> <span class='ocrx_word' id='word_1_513' title='bbox 1369 957 1419 984; x_wconf 88' lang='lat' dir='ltr'><strong>etsi</strong></span> <span class='ocrx_word' id='word_1_514' title='bbox 1438 956 1620 992; x_wconf 87' lang='lat' dir='ltr'><strong>unusquisque</strong></span> <span class='ocrx_word' id='word_1_515' title='bbox 1642 961 1764 984; x_wconf 91' lang='lat' dir='ltr'><strong>nostrum</strong></span> <span class='ocrx_word' id='word_1_516' title='bbox 1778 956 1900 983; x_wconf 90' lang='lat' dir='ltr'><strong>obruitur</strong></span> 
     </span>
    </p>
   </div>
   <div class='ocr_carea' id='block_1_64' title="bbox 1119 1001 1901 1038">
    <p class='ocr_par' dir='ltr' id='par_1_64' title="bbox 1119 1001 1901 1038">
     <span class='ocr_line' id='line_1_64' title="bbox 1119 1001 1901 1038; baseline -0.005 -7"><span class='ocrx_word' id='word_1_517' title='bbox 1119 1011 1132 1031; x_wconf 91' lang='lat' dir='ltr'><strong>a</strong></span> <span class='ocrx_word' id='word_1_518' title='bbox 1147 1003 1318 1038; x_wconf 84' lang='lat' dir='ltr'><strong>passionibus</strong></span> <span class='ocrx_word' id='word_1_519' title='bbox 1333 1003 1470 1036; x_wconf 89' lang='lat' dir='ltr'><strong>vitiorum,</strong></span> <span class='ocrx_word' id='word_1_520' title='bbox 1484 1008 1571 1030; x_wconf 86' lang='lat' dir='ltr'><strong>tamen</strong></span> <span class='ocrx_word' id='word_1_521' title='bbox 1587 1002 1620 1030; x_wconf 90' lang='lat' dir='ltr'><strong>ad</strong></span> <span class='ocrx_word' id='word_1_522' title='bbox 1644 1002 1695 1029; x_wconf 88' lang='lat' dir='ltr'><strong>alia</strong></span> <span class='ocrx_word' id='word_1_523' title='bbox 1709 1009 1804 1029; x_wconf 87' lang='lat' dir='ltr'><strong>sensus</strong></span> <span class='ocrx_word' id='word_1_524' title='bbox 1815 1001 1901 1035; x_wconf 78' lang='lat' dir='ltr'><strong>digni-</strong></span> 
     </span>
    </p>
   </div>
   <div class='ocr_carea' id='block_1_65' title="bbox 1121 1047 1901 1083">
    <p class='ocr_par' dir='ltr' id='par_1_65' title="bbox 1121 1047 1901 1083">
     <span class='ocr_line' id='line_1_65' title="bbox 1121 1047 1901 1083; baseline -0.003 -7"><span class='ocrx_word' id='word_1_525' title='bbox 1121 1054 1201 1076; x_wconf 88' lang='lat' dir='ltr'><strong>tatent</strong></span> <span class='ocrx_word' id='word_1_526' title='bbox 1220 1056 1297 1076; x_wconf 86' lang='lat' dir='ltr'><strong>suam</strong></span> <span class='ocrx_word' id='word_1_527' title='bbox 1313 1049 1453 1076; x_wconf 83' lang='lat' dir='ltr'><strong>vindicans</strong></span> <span class='ocrx_word' id='word_1_528' title='bbox 1469 1053 1579 1083; x_wconf 86' lang='lat' dir='ltr'><strong>apparet</strong></span> <span class='ocrx_word' id='word_1_529' title='bbox 1595 1059 1601 1076; x_wconf 90' lang='lat'>:</span> <span class='ocrx_word' id='word_1_530' title='bbox 1620 1053 1648 1075; x_wconf 89' lang='lat' dir='ltr'><strong>ut</strong></span> <span class='ocrx_word' id='word_1_531' title='bbox 1660 1053 1735 1082; x_wconf 88' lang='lat' dir='ltr'><strong>puta,</strong></span> <span class='ocrx_word' id='word_1_532' title='bbox 1758 1055 1809 1075; x_wconf 91' lang='lat' dir='ltr'><strong>non</strong></span> <span class='ocrx_word' id='word_1_533' title='bbox 1823 1047 1901 1074; x_wconf 86' lang='lat' dir='ltr'><strong>video</strong></span> 
     </span>
    </p>
   </div>
   <div class='ocr_carea' id='block_1_66' title="bbox 1120 1092 1901 1126">
    <p class='ocr_par' dir='ltr' id='par_1_66' title="bbox 1120 1092 1901 1126">
     <span class='ocr_line' id='line_1_66' title="bbox 1120 1092 1901 1126; baseline -0.003 -5"><span class='ocrx_word' id='word_1_534' title='bbox 1120 1103 1177 1121; x_wconf 83' lang='lat' dir='ltr'><strong>mea</strong></span> <span class='ocrx_word' id='word_1_535' title='bbox 1199 1095 1281 1126; x_wconf 89' lang='lat' dir='ltr'><strong>mala,</strong></span> <span class='ocrx_word' id='word_1_536' title='bbox 1300 1095 1347 1121; x_wconf 90' lang='lat' dir='ltr'><strong>sed</strong></span> <span class='ocrx_word' id='word_1_537' title='bbox 1363 1094 1450 1120; x_wconf 86' lang='lat' dir='ltr'><strong>aliena</strong></span> <span class='ocrx_word' id='word_1_538' title='bbox 1471 1093 1539 1120; x_wconf 85' lang='lat' dir='ltr'><strong>mala</strong></span> <span class='ocrx_word' id='word_1_539' title='bbox 1565 1095 1684 1121; x_wconf 87' lang='lat' dir='ltr'><strong>irascens</strong></span> <span class='ocrx_word' id='word_1_540' title='bbox 1700 1092 1840 1121; x_wconf 88' lang='lat' dir='ltr'><strong>consentio</strong></span> <span class='ocrx_word' id='word_1_541' title='bbox 1862 1092 1901 1119; x_wconf 90' lang='lat' dir='ltr'><strong>in-</strong></span> 
     </span>
    </p>
   </div>
   <div class='ocr_carea' id='block_1_67' title="bbox 1121 1139 1902 1176">
    <p class='ocr_par' dir='ltr' id='par_1_67' title="bbox 1121 1139 1902 1176">
     <span class='ocr_line' id='line_1_67' title="bbox 1121 1139 1902 1176; baseline -0.005 -8"><span class='ocrx_word' id='word_1_542' title='bbox 1121 1141 1212 1168; x_wconf 88' lang='lat' dir='ltr'><strong>teriori</strong></span> <span class='ocrx_word' id='word_1_543' title='bbox 1231 1141 1342 1174; x_wconf 90' lang='lat' dir='ltr'><strong>homini,</strong></span> <span class='ocrx_word' id='word_1_544' title='bbox 1366 1140 1416 1176; x_wconf 81' lang='lat' dir='ltr'><strong>legi</strong></span> <span class='ocrx_word' id='word_1_545' title='bbox 1431 1145 1521 1175; x_wconf 87' lang='lat' dir='ltr'><strong>utpote</strong></span> <span class='ocrx_word' id='word_1_546' title='bbox 1544 1140 1600 1167; x_wconf 83' lang='lat' dir='ltr'><strong>Dei.</strong></span> <span class='ocrx_word' id='word_1_547' title='bbox 1619 1139 1651 1166; x_wconf 88' lang='lat' dir='ltr'><strong>Et</strong></span> <span class='ocrx_word' id='word_1_548' title='bbox 1667 1140 1728 1174; x_wconf 81' lang='lat' dir='ltr'><strong>quia</strong></span> <span class='ocrx_word' id='word_1_549' title='bbox 1753 1139 1842 1165; x_wconf 87' lang='lat' dir='ltr'><strong>anima</strong></span> <span class='ocrx_word' id='word_1_550' title='bbox 1855 1145 1902 1165; x_wconf 84' lang='lat' dir='ltr'><strong>na-</strong></span> 
     </span>
    </p>
   </div>
   <div class='ocr_carea' id='block_1_68' title="bbox 1120 1184 1901 1221">
    <p class='ocr_par' dir='ltr' id='par_1_68' title="bbox 1120 1184 1901 1221">
     <span class='ocr_line' id='line_1_68' title="bbox 1120 1184 1901 1221; baseline -0.004 -7"><span class='ocrx_word' id='word_1_551' title='bbox 1120 1194 1178 1215; x_wconf 84' lang='lat' dir='ltr'><strong>tura</strong></span> <span class='ocrx_word' id='word_1_552' title='bbox 1191 1187 1275 1221; x_wconf 81' lang='lat' dir='ltr'><strong>magis</strong></span> <span class='ocrx_word' id='word_1_553' title='bbox 1292 1186 1383 1221; x_wconf 85' lang='lat' dir='ltr'><strong>juncta</strong></span> <span class='ocrx_word' id='word_1_554' title='bbox 1398 1191 1439 1213; x_wconf 83' lang='lat' dir='ltr'><strong>est</strong></span> <span class='ocrx_word' id='word_1_555' title='bbox 1454 1186 1541 1219; x_wconf 91' lang='lat' dir='ltr'><strong>bonis,</strong></span> <span class='ocrx_word' id='word_1_556' title='bbox 1558 1186 1619 1221; x_wconf 89' lang='lat' dir='ltr'><strong>quia</strong></span> <span class='ocrx_word' id='word_1_557' title='bbox 1634 1186 1691 1213; x_wconf 90' lang='lat' dir='ltr'><strong>odit</strong></span> <span class='ocrx_word' id='word_1_558' title='bbox 1706 1185 1792 1212; x_wconf 87' lang='lat' dir='ltr'><strong>malos</strong></span> <span class='ocrx_word' id='word_1_559' title='bbox 1802 1189 1830 1212; x_wconf 90' lang='lat' dir='ltr'><strong>et</strong></span> <span class='ocrx_word' id='word_1_560' title='bbox 1843 1184 1901 1212; x_wconf 80' lang='lat' dir='ltr'><strong>lau-</strong></span> 
     </span>
    </p>
   </div>
   <div class='ocr_carea' id='block_1_69' title="bbox 1119 1232 1903 1268">
    <p class='ocr_par' dir='ltr' id='par_1_69' title="bbox 1119 1232 1903 1268">
     <span class='ocr_line' id='line_1_69' title="bbox 1119 1232 1903 1268; baseline -0.004 -7"><span class='ocrx_word' id='word_1_561' title='bbox 1119 1236 1164 1261; x_wconf 87' lang='lat' dir='ltr'><strong>dat</strong></span> <span class='ocrx_word' id='word_1_562' title='bbox 1185 1234 1280 1265; x_wconf 89' lang='lat' dir='ltr'><strong>bonos,</strong></span> <span class='ocrx_word' id='word_1_563' title='bbox 1303 1233 1399 1268; x_wconf 79' lang='lat' dir='ltr'><strong>duplex</strong></span> <span class='ocrx_word' id='word_1_564' title='bbox 1413 1233 1596 1260; x_wconf 76' lang='lat' dir='ltr'><strong>tesumonium</strong></span> <span class='ocrx_word' id='word_1_565' title='bbox 1617 1233 1697 1260; x_wconf 86' lang='lat' dir='ltr'><strong>habet</strong></span> <span class='ocrx_word' id='word_1_566' title='bbox 1711 1232 1743 1260; x_wconf 86' lang='lat' dir='ltr'><strong>ad</strong></span> <span class='ocrx_word' id='word_1_567' title='bbox 1758 1238 1903 1266; x_wconf 89' lang='lat' dir='ltr'><strong>utrumque</strong></span> 
     </span>
    </p>
   </div>
   <div class='ocr_carea' id='block_1_70' title="bbox 1119 1278 1902 1313">
    <p class='ocr_par' dir='ltr' id='par_1_70' title="bbox 1119 1278 1902 1313">
     <span class='ocr_line' id='line_1_70' title="bbox 1119 1278 1902 1313; baseline -0.004 -6"><span class='ocrx_word' id='word_1_568' title='bbox 1119 1286 1146 1307; x_wconf 91' lang='lat' dir='ltr'><strong>et</strong></span> <span class='ocrx_word' id='word_1_569' title='bbox 1177 1280 1306 1307; x_wconf 90' lang='lat' dir='ltr'><strong>malorum</strong></span> <span class='ocrx_word' id='word_1_570' title='bbox 1331 1285 1357 1306; x_wconf 90' lang='lat' dir='ltr'><strong>et</strong></span> <span class='ocrx_word' id='word_1_571' title='bbox 1382 1279 1523 1306; x_wconf 91' lang='lat' dir='ltr'><strong>bonorutn.</strong></span> <span class='ocrx_word' id='word_1_572' title='bbox 1548 1278 1648 1313; x_wconf 78' lang='lat' dir='ltr'><strong>Duplex</strong></span> <span class='ocrx_word' id='word_1_573' title='bbox 1675 1278 1734 1305; x_wconf 91' lang='lat' dir='ltr'><strong>ideo</strong></span> <span class='ocrx_word' id='word_1_574' title='bbox 1759 1278 1821 1312; x_wconf 86' lang='lat' dir='ltr'><strong>quia</strong></span> <span class='ocrx_word' id='word_1_575' title='bbox 1837 1278 1902 1311; x_wconf 89' lang='lat' dir='ltr'><strong>odit,</strong></span> 
     </span>
    </p>
   </div>
   <div class='ocr_carea' id='block_1_71' title="bbox 1119 1323 1901 1360">
    <p class='ocr_par' dir='ltr' id='par_1_71' title="bbox 1119 1323 1901 1360">
     <span class='ocr_line' id='line_1_71' title="bbox 1119 1323 1901 1360; baseline -0.004 -7"><span class='ocrx_word' id='word_1_576' title='bbox 1119 1327 1222 1353; x_wconf 84' lang='lat' dir='ltr'><strong>etiamsi</strong></span> <span class='ocrx_word' id='word_1_577' title='bbox 1241 1326 1297 1360; x_wconf 89' lang='lat' dir='ltr'><strong>ipsa</strong></span> <span class='ocrx_word' id='word_1_578' title='bbox 1312 1333 1365 1353; x_wconf 92' lang='lat' dir='ltr'><strong>ttott</strong></span> <span class='ocrx_word' id='word_1_579' title='bbox 1383 1325 1551 1352; x_wconf 87' lang='lat' dir='ltr'><strong>commodum</strong></span> <span class='ocrx_word' id='word_1_580' title='bbox 1564 1331 1641 1351; x_wconf 91' lang='lat' dir='ltr'><strong>suum</strong></span> <span class='ocrx_word' id='word_1_581' title='bbox 1654 1327 1745 1357; x_wconf 81' lang='lat' dir='ltr'><strong>amat;</strong></span> <span class='ocrx_word' id='word_1_582' title='bbox 1759 1328 1787 1350; x_wconf 90' lang='lat' dir='ltr'><strong>et</strong></span> <span class='ocrx_word' id='word_1_583' title='bbox 1799 1331 1833 1350; x_wconf 86' lang='lat' dir='ltr'><strong>ex</strong></span> <span class='ocrx_word' id='word_1_584' title='bbox 1852 1323 1901 1350; x_wconf 88' lang='lat' dir='ltr'><strong>hoc</strong></span> 
     </span>
    </p>
   </div>
   <div class='ocr_carea' id='block_1_72' title="bbox 1119 1369 1898 1406">
    <p class='ocr_par' dir='ltr' id='par_1_72' title="bbox 1119 1369 1898 1406">
     <span class='ocr_line' id='line_1_72' title="bbox 1119 1369 1898 1406; baseline -0.004 -7"><span class='ocrx_word' id='word_1_585' title='bbox 1119 1373 1235 1399; x_wconf 87' lang='lat' dir='ltr'><strong>ostendit</strong></span> <span class='ocrx_word' id='word_1_586' title='bbox 1252 1372 1314 1406; x_wconf 88' lang='lat' dir='ltr'><strong>quia</strong></span> <span class='ocrx_word' id='word_1_587' title='bbox 1330 1379 1382 1398; x_wconf 90' lang='lat' dir='ltr'><strong>non</strong></span> <span class='ocrx_word' id='word_1_588' title='bbox 1396 1371 1547 1398; x_wconf 86' lang='lat' dir='ltr'><strong>delectatur</strong></span> <span class='ocrx_word' id='word_1_589' title='bbox 1561 1376 1657 1397; x_wconf 86' lang='lat' dir='ltr'><strong>natura</strong></span> <span class='ocrx_word' id='word_1_590' title='bbox 1670 1369 1728 1403; x_wconf 89' lang='lat' dir='ltr'><strong>ejus</strong></span> <span class='ocrx_word' id='word_1_591' title='bbox 1742 1370 1776 1396; x_wconf 89' lang='lat' dir='ltr'><strong>ad</strong></span> <span class='ocrx_word' id='word_1_592' title='bbox 1794 1369 1898 1397; x_wconf 88' lang='lat' dir='ltr'><strong>tttalum.</strong></span> 
     </span>
    </p>
   </div>
   <div class='ocr_carea' id='block_1_73' title="bbox 1120 1414 1900 1452">
    <p class='ocr_par' dir='ltr' id='par_1_73' title="bbox 1120 1414 1900 1452">
     <span class='ocr_line' id='line_1_73' title="bbox 1120 1414 1900 1452; baseline -0.005 -8"><span class='ocrx_word' id='word_1_593' title='bbox 1120 1418 1148 1444; x_wconf 89' lang='lat' dir='ltr'><strong>Si</strong></span> <span class='ocrx_word' id='word_1_594' title='bbox 1163 1418 1242 1452; x_wconf 73' lang='lat' dir='ltr'><strong>igitur</strong></span> <span class='ocrx_word' id='word_1_595' title='bbox 1264 1417 1364 1449; x_wconf 78' lang='lat' dir='ltr'><strong>anima,</strong></span> <span class='ocrx_word' id='word_1_596' title='bbox 1388 1421 1417 1443; x_wconf 91' lang='lat' dir='ltr'><strong>ut</strong></span> <span class='ocrx_word' id='word_1_597' title='bbox 1434 1421 1575 1443; x_wconf 86' lang='lat' dir='ltr'><strong>ostensum</strong></span> <span class='ocrx_word' id='word_1_598' title='bbox 1589 1419 1641 1447; x_wconf 89' lang='lat' dir='ltr'><strong>est,</strong></span> <span class='ocrx_word' id='word_1_599' title='bbox 1666 1415 1700 1442; x_wconf 89' lang='lat' dir='ltr'><strong>ad</strong></span> <span class='ocrx_word' id='word_1_600' title='bbox 1724 1414 1825 1441; x_wconf 88' lang='lat' dir='ltr'><strong>bonum</strong></span> <span class='ocrx_word' id='word_1_601' title='bbox 1842 1421 1900 1449; x_wconf 86' lang='lat' dir='ltr'><strong>pro—</strong></span> 
     </span>
    </p>
   </div>
   <div class='ocr_carea' id='block_1_74' title="bbox 1120 1461 1902 1495">
    <p class='ocr_par' dir='ltr' id='par_1_74' title="bbox 1120 1461 1902 1495">
     <span class='ocr_line' id='line_1_74' title="bbox 1120 1461 1902 1495; baseline -0.004 -5"><span class='ocrx_word' id='word_1_602' title='bbox 1120 1463 1215 1490; x_wconf 83' lang='lat' dir='ltr'><strong>clivior</strong></span> <span class='ocrx_word' id='word_1_603' title='bbox 1228 1467 1278 1494; x_wconf 81' lang='lat' dir='ltr'><strong>est,</strong></span> <span class='ocrx_word' id='word_1_604' title='bbox 1295 1470 1342 1489; x_wconf 89' lang='lat' dir='ltr'><strong>cur</strong></span> <span class='ocrx_word' id='word_1_605' title='bbox 1359 1470 1411 1488; x_wconf 93' lang='lat' dir='ltr'><strong>non</strong></span> <span class='ocrx_word' id='word_1_606' title='bbox 1432 1462 1457 1488; x_wconf 95' lang='lat' dir='ltr'><strong>in</strong></span> <span class='ocrx_word' id='word_1_607' title='bbox 1478 1462 1535 1488; x_wconf 80' lang='lat' dir='ltr'><strong>suis</strong></span> <span class='ocrx_word' id='word_1_608' title='bbox 1550 1461 1658 1488; x_wconf 86' lang='lat' dir='ltr'><strong>manet?</strong></span> <span class='ocrx_word' id='word_1_609' title='bbox 1671 1466 1780 1495; x_wconf 89' lang='lat' dir='ltr'><strong>propter</strong></span> <span class='ocrx_word' id='word_1_610' title='bbox 1796 1461 1902 1495; x_wconf 78' lang='lat' dir='ltr'><strong>placibi-</strong></span> 
     </span>
    </p>
   </div>
   <div class='ocr_carea' id='block_1_75' title="bbox 1120 1507 1904 1544">
    <p class='ocr_par' dir='ltr' id='par_1_75' title="bbox 1120 1507 1904 1544">
     <span class='ocr_line' id='line_1_75' title="bbox 1120 1507 1904 1544; baseline -0.003 -8"><span class='ocrx_word' id='word_1_611' title='bbox 1120 1509 1221 1536; x_wconf 86' lang='lat' dir='ltr'><strong>litatetn</strong></span> <span class='ocrx_word' id='word_1_612' title='bbox 1238 1509 1336 1544; x_wconf 89' lang='lat' dir='ltr'><strong>quippe</strong></span> <span class='ocrx_word' id='word_1_613' title='bbox 1347 1509 1387 1535; x_wconf 89' lang='lat' dir='ltr'><strong>sui</strong></span> <span class='ocrx_word' id='word_1_614' title='bbox 1405 1517 1412 1535; x_wconf 88' lang='lat'><strong>:</strong></span> <span class='ocrx_word' id='word_1_615' title='bbox 1430 1507 1479 1534; x_wconf 88' lang='lat' dir='ltr'><strong>sibi</strong></span> <span class='ocrx_word' id='word_1_616' title='bbox 1496 1508 1567 1535; x_wconf 89' lang='lat' dir='ltr'><strong>enint</strong></span> <span class='ocrx_word' id='word_1_617' title='bbox 1583 1508 1699 1542; x_wconf 84' lang='lat' dir='ltr'><strong>placere,</strong></span> <span class='ocrx_word' id='word_1_618' title='bbox 1718 1507 1834 1534; x_wconf 80' lang='lat' dir='ltr'><strong>leuebra:</strong></span> <span class='ocrx_word' id='word_1_619' title='bbox 1843 1513 1904 1534; x_wconf 85' lang='lat' dir='ltr'><strong>sunt</strong></span> 
     </span>
    </p>
   </div>
   <div class='ocr_carea' id='block_1_76' title="bbox 1121 1554 1902 1590">
    <p class='ocr_par' dir='ltr' id='par_1_76' title="bbox 1121 1554 1902 1590">
     <span class='ocr_line' id='line_1_76' title="bbox 1121 1554 1902 1590; baseline -0.001 -8"><span class='ocrx_word' id='word_1_620' title='bbox 1121 1557 1233 1588; x_wconf 73' lang='lat' dir='ltr'><strong>animm;</strong></span> <span class='ocrx_word' id='word_1_621' title='bbox 1253 1556 1299 1582; x_wconf 87' lang='lat' dir='ltr'><strong>sed</strong></span> <span class='ocrx_word' id='word_1_622' title='bbox 1323 1563 1382 1590; x_wconf 79' lang='lat' dir='ltr'><strong>qua:</strong></span> <span class='ocrx_word' id='word_1_623' title='bbox 1408 1555 1477 1589; x_wconf 85' lang='lat' dir='ltr'><strong>apud</strong></span> <span class='ocrx_word' id='word_1_624' title='bbox 1492 1554 1615 1581; x_wconf 79' lang='lat' dir='ltr'><strong>homines</strong></span> <span class='ocrx_word' id='word_1_625' title='bbox 1637 1559 1767 1588; x_wconf 88' lang='lat' dir='ltr'><strong>putantur</strong></span> <span class='ocrx_word' id='word_1_626' title='bbox 1790 1554 1902 1589; x_wconf 82' lang='lat' dir='ltr'><strong>placida,</strong></span> 
     </span>
    </p>
   </div>
   <div class='ocr_carea' id='block_1_77' title="bbox 1122 1599 1903 1631">
    <p class='ocr_par' dir='ltr' id='par_1_77' title="bbox 1122 1599 1903 1631">
     <span class='ocr_line' id='line_1_77' title="bbox 1122 1599 1903 1631; baseline -0.003 -3"><span class='ocrx_word' id='word_1_627' title='bbox 1122 1601 1286 1629; x_wconf 88' lang='lat' dir='ltr'><strong>contrariattt</strong></span> <span class='ocrx_word' id='word_1_628' title='bbox 1315 1601 1414 1628; x_wconf 87' lang='lat' dir='ltr'><strong>habent</strong></span> <span class='ocrx_word' id='word_1_629' title='bbox 1429 1600 1573 1631; x_wconf 80' lang='lat' dir='ltr'><strong>virtutem;</strong></span> <span class='ocrx_word' id='word_1_630' title='bbox 1596 1600 1686 1627; x_wconf 87' lang='lat' dir='ltr'><strong>odium</strong></span> <span class='ocrx_word' id='word_1_631' title='bbox 1710 1599 1782 1626; x_wconf 91' lang='lat' dir='ltr'><strong>enitn</strong></span> <span class='ocrx_word' id='word_1_632' title='bbox 1797 1604 1824 1627; x_wconf 89' lang='lat' dir='ltr'><strong>et</strong></span> <span class='ocrx_word' id='word_1_633' title='bbox 1850 1607 1903 1627; x_wconf 91' lang='lat' dir='ltr'><strong>non</strong></span> 
     </span>
    </p>
   </div>
   <div class='ocr_carea' id='block_1_78' title="bbox 1124 1647 1904 1684">
    <p class='ocr_par' dir='ltr' id='par_1_78' title="bbox 1124 1647 1904 1684">
     <span class='ocr_line' id='line_1_78' title="bbox 1124 1647 1904 1684; baseline -0.005 -9"><span class='ocrx_word' id='word_1_634' title='bbox 1124 1649 1285 1684; x_wconf 85' lang='lat' dir='ltr'><strong>placibililas</strong></span> <span class='ocrx_word' id='word_1_635' title='bbox 1298 1654 1349 1675; x_wconf 89' lang='lat' dir='ltr'><strong>est.</strong></span> <span class='ocrx_word' id='word_1_636' title='bbox 1368 1647 1396 1674; x_wconf 87' lang='lat' dir='ltr'><strong>Si</strong></span> <span class='ocrx_word' id='word_1_637' title='bbox 1412 1648 1484 1674; x_wconf 90' lang='lat' dir='ltr'><strong>enim</strong></span> <span class='ocrx_word' id='word_1_638' title='bbox 1505 1653 1566 1673; x_wconf 86' lang='lat' dir='ltr'><strong>vere</strong></span> <span class='ocrx_word' id='word_1_639' title='bbox 1581 1653 1713 1679; x_wconf 82' lang='lat' dir='ltr'><strong>amemus,</strong></span> <span class='ocrx_word' id='word_1_640' title='bbox 1731 1653 1784 1672; x_wconf 87' lang='lat' dir='ltr'><strong>non</strong></span> <span class='ocrx_word' id='word_1_641' title='bbox 1797 1650 1904 1672; x_wconf 81' lang='lat' dir='ltr'><strong>contra-</strong></span> 
     </span>
    </p>
   </div>
   <div class='ocr_carea' id='block_1_79' title="bbox 1124 1691 1906 1730">
    <p class='ocr_par' dir='ltr' id='par_1_79' title="bbox 1124 1691 1906 1730">
     <span class='ocr_line' id='line_1_79' title="bbox 1124 1691 1906 1730; baseline -0.001 -9"><span class='ocrx_word' id='word_1_642' title='bbox 1124 1695 1164 1722; x_wconf 87' lang='lat' dir='ltr'><strong>ria</strong></span> <span class='ocrx_word' id='word_1_643' title='bbox 1178 1702 1238 1730; x_wconf 79' lang='lat' dir='ltr'><strong>qua:</strong></span> <span class='ocrx_word' id='word_1_644' title='bbox 1249 1702 1319 1721; x_wconf 85' lang='lat' dir='ltr'><strong>nunc</strong></span> <span class='ocrx_word' id='word_1_645' title='bbox 1333 1694 1410 1720; x_wconf 91' lang='lat' dir='ltr'><strong>nobis</strong></span> <span class='ocrx_word' id='word_1_646' title='bbox 1423 1693 1554 1719; x_wconf 85' lang='lat' dir='ltr'><strong>donamus</strong></span> <span class='ocrx_word' id='word_1_647' title='bbox 1566 1693 1736 1720; x_wconf 82' lang='lat' dir='ltr'><strong>donaremus.</strong></span> <span class='ocrx_word' id='word_1_648' title='bbox 1751 1691 1808 1719; x_wconf 83' lang='lat' dir='ltr'><strong>Non</strong></span> <span class='ocrx_word' id='word_1_649' title='bbox 1823 1691 1906 1720; x_wconf 85' lang='lat' dir='ltr'><strong>ebrie-</strong></span> 
     </span>
    </p>
   </div>
   <div class='ocr_carea' id='block_1_80' title="bbox 1126 1739 1905 1774">
    <p class='ocr_par' dir='ltr' id='par_1_80' title="bbox 1126 1739 1905 1774">
     <span class='ocr_line' id='line_1_80' title="bbox 1126 1739 1905 1774; baseline -0.003 -6"><span class='ocrx_word' id='word_1_650' title='bbox 1126 1746 1206 1768; x_wconf 89' lang='lat' dir='ltr'><strong>tatem</strong></span> <span class='ocrx_word' id='word_1_651' title='bbox 1221 1741 1328 1774; x_wconf 83' lang='lat' dir='ltr'><strong>quippe,</strong></span> <span class='ocrx_word' id='word_1_652' title='bbox 1350 1739 1395 1766; x_wconf 86' lang='lat' dir='ltr'><strong>sed</strong></span> <span class='ocrx_word' id='word_1_653' title='bbox 1413 1739 1545 1774; x_wconf 85' lang='lat' dir='ltr'><strong>jejunium</strong></span> <span class='ocrx_word' id='word_1_654' title='bbox 1567 1747 1573 1765; x_wconf 89' lang='lat'>:</span> <span class='ocrx_word' id='word_1_655' title='bbox 1591 1745 1643 1764; x_wconf 92' lang='lat' dir='ltr'><strong>non</strong></span> <span class='ocrx_word' id='word_1_656' title='bbox 1662 1739 1776 1771; x_wconf 89' lang='lat' dir='ltr'><strong>theatra,</strong></span> <span class='ocrx_word' id='word_1_657' title='bbox 1795 1739 1843 1766; x_wconf 86' lang='lat' dir='ltr'><strong>sed</strong></span> <span class='ocrx_word' id='word_1_658' title='bbox 1859 1745 1905 1766; x_wconf 85' lang='lat' dir='ltr'><strong>et:-</strong></span> 
     </span>
    </p>
   </div>
   <div class='ocr_carea' id='block_1_81' title="bbox 1125 1784 1907 1819">
    <p class='ocr_par' dir='ltr' id='par_1_81' title="bbox 1125 1784 1907 1819">
     <span class='ocr_line' id='line_1_81' title="bbox 1125 1784 1907 1819; baseline -0.003 -5"><span class='ocrx_word' id='word_1_659' title='bbox 1125 1787 1234 1815; x_wconf 87' lang='lat' dir='ltr'><strong>clesiatn</strong></span> <span class='ocrx_word' id='word_1_660' title='bbox 1259 1795 1266 1813; x_wconf 83' lang='lat'>:</span> <span class='ocrx_word' id='word_1_661' title='bbox 1290 1793 1343 1812; x_wconf 93' lang='lat' dir='ltr'><strong>non</strong></span> <span class='ocrx_word' id='word_1_662' title='bbox 1367 1785 1477 1819; x_wconf 88' lang='lat' dir='ltr'><strong>lapides,</strong></span> <span class='ocrx_word' id='word_1_663' title='bbox 1495 1785 1541 1811; x_wconf 88' lang='lat' dir='ltr'><strong>sed</strong></span> <span class='ocrx_word' id='word_1_664' title='bbox 1560 1784 1641 1811; x_wconf 89' lang='lat' dir='ltr'><strong>Deunt</strong></span> <span class='ocrx_word' id='word_1_665' title='bbox 1670 1793 1677 1812; x_wconf 90' lang='lat'>:</span> <span class='ocrx_word' id='word_1_666' title='bbox 1702 1793 1754 1812; x_wconf 90' lang='lat' dir='ltr'><strong>non</strong></span> <span class='ocrx_word' id='word_1_667' title='bbox 1771 1784 1842 1819; x_wconf 88' lang='lat' dir='ltr'><strong>lites,</strong></span> <span class='ocrx_word' id='word_1_668' title='bbox 1861 1785 1907 1813; x_wconf 86' lang='lat' dir='ltr'><strong>sed</strong></span> 
     </span>
    </p>
   </div>
   <div class='ocr_carea' id='block_1_82' title="bbox 1125 1830 1906 1870">
    <p class='ocr_par' dir='ltr' id='par_1_82' title="bbox 1125 1830 1906 1870">
     <span class='ocr_line' id='line_1_82' title="bbox 1125 1830 1906 1870; baseline -0.004 -9"><span class='ocrx_word' id='word_1_669' title='bbox 1125 1842 1218 1870; x_wconf 87' lang='lat' dir='ltr'><strong>pacem</strong></span> <span class='ocrx_word' id='word_1_670' title='bbox 1238 1843 1244 1860; x_wconf 93' lang='lat'>:</span> <span class='ocrx_word' id='word_1_671' title='bbox 1262 1840 1314 1860; x_wconf 91' lang='lat' dir='ltr'><strong>non</strong></span> <span class='ocrx_word' id='word_1_672' title='bbox 1332 1831 1516 1870; x_wconf 86' lang='lat' dir='ltr'><strong>homicidium,</strong></span> <span class='ocrx_word' id='word_1_673' title='bbox 1534 1831 1579 1858; x_wconf 84' lang='lat' dir='ltr'><strong>sed</strong></span> <span class='ocrx_word' id='word_1_674' title='bbox 1596 1831 1704 1857; x_wconf 87' lang='lat' dir='ltr'><strong>tutelam</strong></span> <span class='ocrx_word' id='word_1_675' title='bbox 1721 1830 1815 1858; x_wconf 81' lang='lat' dir='ltr'><strong>salutis</strong></span> <span class='ocrx_word' id='word_1_676' title='bbox 1832 1839 1840 1858; x_wconf 87' lang='lat'><strong>:</strong></span> <span class='ocrx_word' id='word_1_677' title='bbox 1855 1838 1906 1858; x_wconf 93' lang='lat' dir='ltr'><strong>non</strong></span> 
     </span>
    </p>
   </div>
   <div class='ocr_carea' id='block_1_83' title="bbox 1126 1876 1908 1913">
    <p class='ocr_par' dir='ltr' id='par_1_83' title="bbox 1126 1876 1908 1913">
     <span class='ocr_line' id='line_1_83' title="bbox 1126 1876 1908 1913; baseline -0.006 -6"><span class='ocrx_word' id='word_1_678' title='bbox 1126 1880 1343 1911; x_wconf 83' lang='lat' dir='ltr'><strong>fornicationem,</strong></span> <span class='ocrx_word' id='word_1_679' title='bbox 1359 1878 1406 1906; x_wconf 85' lang='lat' dir='ltr'><strong>sed</strong></span> <span class='ocrx_word' id='word_1_680' title='bbox 1420 1877 1587 1913; x_wconf 90' lang='lat' dir='ltr'><strong>pudicitiam.</strong></span> <span class='ocrx_word' id='word_1_681' title='bbox 1602 1876 1630 1903; x_wconf 91' lang='lat' dir='ltr'><strong>Si</strong></span> <span class='ocrx_word' id='word_1_682' title='bbox 1646 1877 1716 1904; x_wconf 88' lang='lat' dir='ltr'><strong>eniut</strong></span> <span class='ocrx_word' id='word_1_683' title='bbox 1730 1877 1908 1911; x_wconf 82' lang='lat' dir='ltr'><strong>nosmetipsos</strong></span> 
     </span>
    </p>
   </div>
   <div class='ocr_carea' id='block_1_84' title="bbox 1125 1923 1907 1957">
    <p class='ocr_par' dir='ltr' id='par_1_84' title="bbox 1125 1923 1907 1957">
     <span class='ocr_line' id='line_1_84' title="bbox 1125 1923 1907 1957; baseline -0.006 -4"><span class='ocrx_word' id='word_1_684' title='bbox 1125 1933 1291 1957; x_wconf 87' lang='lat' dir='ltr'><strong>amaretuus,</strong></span> <span class='ocrx_word' id='word_1_685' title='bbox 1304 1933 1367 1952; x_wconf 91' lang='lat' dir='ltr'><strong>vere</strong></span> <span class='ocrx_word' id='word_1_686' title='bbox 1383 1927 1546 1952; x_wconf 87' lang='lat' dir='ltr'><strong>donaremus</strong></span> <span class='ocrx_word' id='word_1_687' title='bbox 1558 1923 1635 1951; x_wconf 91' lang='lat' dir='ltr'><strong>nobis</strong></span> <span class='ocrx_word' id='word_1_688' title='bbox 1649 1923 1729 1951; x_wconf 89' lang='lat' dir='ltr'><strong>bona.</strong></span> <span class='ocrx_word' id='word_1_689' title='bbox 1755 1923 1822 1956; x_wconf 86' lang='lat' dir='ltr'><strong>Quia</strong></span> <span class='ocrx_word' id='word_1_690' title='bbox 1836 1923 1907 1949; x_wconf 89' lang='lat' dir='ltr'><strong>enim</strong></span> 
     </span>
    </p>
   </div>
   <div class='ocr_carea' id='block_1_85' title="bbox 1126 1967 1908 2004">
    <p class='ocr_par' dir='ltr' id='par_1_85' title="bbox 1126 1967 1908 2004">
     <span class='ocr_line' id='line_1_85' title="bbox 1126 1967 1908 2004; baseline -0.006 -5"><span class='ocrx_word' id='word_1_691' title='bbox 1126 1973 1242 2004; x_wconf 88' lang='lat' dir='ltr'><strong>odimus,</strong></span> <span class='ocrx_word' id='word_1_692' title='bbox 1257 1973 1387 1998; x_wconf 82' lang='lat' dir='ltr'><strong>donamus</strong></span> <span class='ocrx_word' id='word_1_693' title='bbox 1412 1974 1439 1997; x_wconf 88' lang='lat' dir='ltr'><strong>et</strong></span> <span class='ocrx_word' id='word_1_694' title='bbox 1462 1976 1638 2004; x_wconf 89' lang='lat' dir='ltr'><strong>procuramus</strong></span> <span class='ocrx_word' id='word_1_695' title='bbox 1663 1968 1740 1995; x_wconf 88' lang='lat' dir='ltr'><strong>nobis</strong></span> <span class='ocrx_word' id='word_1_696' title='bbox 1760 1967 1841 1995; x_wconf 84' lang='lat' dir='ltr'><strong>mala.</strong></span> <span class='ocrx_word' id='word_1_697' title='bbox 1857 1967 1908 1995; x_wconf 88' lang='lat' dir='ltr'><strong>Sed</strong></span> 
     </span>
    </p>
   </div>
   <div class='ocr_carea' id='block_1_86' title="bbox 1127 2014 1907 2050">
    <p class='ocr_par' dir='ltr' id='par_1_86' title="bbox 1127 2014 1907 2050">
     <span class='ocr_line' id='line_1_86' title="bbox 1127 2014 1907 2050; baseline -0.008 -4"><span class='ocrx_word' id='word_1_698' title='bbox 1127 2020 1198 2046; x_wconf 86' lang='lat' dir='ltr'><strong>sicut</strong></span> <span class='ocrx_word' id='word_1_699' title='bbox 1211 2022 1322 2050; x_wconf 88' lang='lat' dir='ltr'><strong>matres,</strong></span> <span class='ocrx_word' id='word_1_700' title='bbox 1338 2018 1373 2043; x_wconf 89' lang='lat' dir='ltr'><strong>ita</strong></span> <span class='ocrx_word' id='word_1_701' title='bbox 1386 2021 1413 2043; x_wconf 91' lang='lat' dir='ltr'><strong>et</strong></span> <span class='ocrx_word' id='word_1_702' title='bbox 1431 2023 1506 2042; x_wconf 88' lang='lat' dir='ltr'><strong>mens</strong></span> <span class='ocrx_word' id='word_1_703' title='bbox 1515 2015 1636 2042; x_wconf 88' lang='lat' dir='ltr'><strong>ltabetur.</strong></span> <span class='ocrx_word' id='word_1_704' title='bbox 1652 2015 1825 2048; x_wconf 70' lang='lat' dir='ltr'><strong>Qumcunque</strong></span> <span class='ocrx_word' id='word_1_705' title='bbox 1838 2014 1907 2041; x_wconf 90' lang='lat' dir='ltr'><strong>enim</strong></span> 
     </span>
    </p>
   </div>
   <div class='ocr_carea' id='block_1_87' title="bbox 1127 2060 1908 2097">
    <p class='ocr_par' dir='ltr' id='par_1_87' title="bbox 1127 2060 1908 2097">
     <span class='ocr_line' id='line_1_87' title="bbox 1127 2060 1908 2097; baseline -0.006 -6"><span class='ocrx_word' id='word_1_706' title='bbox 1127 2070 1229 2092; x_wconf 87' lang='lat' dir='ltr'><strong>matres</strong></span> <span class='ocrx_word' id='word_1_707' title='bbox 1246 2067 1356 2097; x_wconf 88' lang='lat' dir='ltr'><strong>parcent</strong></span> <span class='ocrx_word' id='word_1_708' title='bbox 1373 2062 1429 2089; x_wconf 91' lang='lat' dir='ltr'><strong>suis</strong></span> <span class='ocrx_word' id='word_1_709' title='bbox 1447 2062 1518 2094; x_wconf 89' lang='lat' dir='ltr'><strong>ftliis,</strong></span> <span class='ocrx_word' id='word_1_710' title='bbox 1531 2069 1583 2088; x_wconf 89' lang='lat' dir='ltr'><strong>tton</strong></span> <span class='ocrx_word' id='word_1_711' title='bbox 1601 2061 1738 2088; x_wconf 89' lang='lat' dir='ltr'><strong>mittentes</strong></span> <span class='ocrx_word' id='word_1_712' title='bbox 1750 2068 1797 2087; x_wconf 92' lang='lat' dir='ltr'><strong>eos</strong></span> <span class='ocrx_word' id='word_1_713' title='bbox 1809 2060 1842 2087; x_wconf 87' lang='lat' dir='ltr'><strong>ad</strong></span> <span class='ocrx_word' id='word_1_714' title='bbox 1854 2066 1908 2087; x_wconf 91' lang='lat' dir='ltr'><strong>stu-</strong></span> 
     </span>
    </p>
   </div>
   <div class='ocr_carea' id='block_1_88' title="bbox 1129 2107 1909 2143">
    <p class='ocr_par' dir='ltr' id='par_1_88' title="bbox 1129 2107 1909 2143">
     <span class='ocr_line' id='line_1_88' title="bbox 1129 2107 1909 2143; baseline -0.008 -4"><span class='ocrx_word' id='word_1_715' title='bbox 1129 2112 1188 2141; x_wconf 82' lang='lat' dir='ltr'><strong>dia;</strong></span> <span class='ocrx_word' id='word_1_716' title='bbox 1214 2111 1247 2137; x_wconf 89' lang='lat' dir='ltr'><strong>ad</strong></span> <span class='ocrx_word' id='word_1_717' title='bbox 1275 2110 1419 2136; x_wconf 85' lang='lat' dir='ltr'><strong>utilitatem</strong></span> <span class='ocrx_word' id='word_1_718' title='bbox 1442 2108 1540 2143; x_wconf 86' lang='lat' dir='ltr'><strong>quippe</strong></span> <span class='ocrx_word' id='word_1_719' title='bbox 1565 2108 1626 2134; x_wconf 90' lang='lat' dir='ltr'><strong>dttm</strong></span> <span class='ocrx_word' id='word_1_720' title='bbox 1644 2107 1771 2134; x_wconf 88' lang='lat' dir='ltr'><strong>vidcntttr</strong></span> <span class='ocrx_word' id='word_1_721' title='bbox 1799 2107 1909 2139; x_wconf 85' lang='lat' dir='ltr'><strong>donare,</strong></span> 
     </span>
    </p>
   </div>
   <div class='ocr_carea' id='block_1_89' title="bbox 1128 2153 1909 2189">
    <p class='ocr_par' dir='ltr' id='par_1_89' title="bbox 1128 2153 1909 2189">
     <span class='ocr_line' id='line_1_89' title="bbox 1128 2153 1909 2189; baseline -0.009 -4"><span class='ocrx_word' id='word_1_722' title='bbox 1128 2161 1228 2185; x_wconf 86' lang='lat' dir='ltr'><strong>nocent</strong></span> <span class='ocrx_word' id='word_1_723' title='bbox 1247 2167 1252 2183; x_wconf 93' lang='lat'>:</span> <span class='ocrx_word' id='word_1_724' title='bbox 1274 2157 1308 2182; x_wconf 92' lang='lat' dir='ltr'><strong>ita</strong></span> <span class='ocrx_word' id='word_1_725' title='bbox 1326 2160 1354 2183; x_wconf 89' lang='lat' dir='ltr'><strong>et</strong></span> <span class='ocrx_word' id='word_1_726' title='bbox 1370 2162 1419 2182; x_wconf 90' lang='lat' dir='ltr'><strong>nos</strong></span> <span class='ocrx_word' id='word_1_727' title='bbox 1433 2162 1480 2189; x_wconf 85' lang='lat' dir='ltr'><strong>per</strong></span> <span class='ocrx_word' id='word_1_728' title='bbox 1493 2154 1641 2181; x_wconf 67' lang='lat' dir='ltr'><strong>caecitatem</strong></span> <span class='ocrx_word' id='word_1_729' title='bbox 1668 2153 1765 2180; x_wconf 88' lang='lat' dir='ltr'><strong>tttentis</strong></span> <span class='ocrx_word' id='word_1_730' title='bbox 1785 2157 1909 2187; x_wconf 80' lang='lat' dir='ltr'><strong>putantes</strong></span> 
     </span>
    </p>
   </div>
   <div class='ocr_carea' id='block_1_90' title="bbox 1131 2199 1909 2237">
    <p class='ocr_par' dir='ltr' id='par_1_90' title="bbox 1131 2199 1909 2237">
     <span class='ocr_line' id='line_1_90' title="bbox 1131 2199 1909 2237; baseline -0.008 -7"><span class='ocrx_word' id='word_1_731' title='bbox 1131 2203 1232 2237; x_wconf 89' lang='lat' dir='ltr'><strong>aliquid</strong></span> <span class='ocrx_word' id='word_1_732' title='bbox 1256 2201 1332 2228; x_wconf 91' lang='lat' dir='ltr'><strong>nobis</strong></span> <span class='ocrx_word' id='word_1_733' title='bbox 1354 2201 1465 2231; x_wconf 84' lang='lat' dir='ltr'><strong>donare,</strong></span> <span class='ocrx_word' id='word_1_734' title='bbox 1490 2199 1638 2234; x_wconf 87' lang='lat' dir='ltr'><strong>decipimus</strong></span> <span class='ocrx_word' id='word_1_735' title='bbox 1659 2206 1708 2226; x_wconf 90' lang='lat' dir='ltr'><strong>nos</strong></span> <span class='ocrx_word' id='word_1_736' title='bbox 1725 2203 1752 2225; x_wconf 89' lang='lat' dir='ltr'><strong>et</strong></span> <span class='ocrx_word' id='word_1_737' title='bbox 1771 2206 1909 2225; x_wconf 88' lang='lat' dir='ltr'><strong>nocetuus.</strong></span> 
     </span>
    </p>
   </div>
   <div class='ocr_carea' id='block_1_91' title="bbox 290 2245 1908 2282">
    <p class='ocr_par' dir='ltr' id='par_1_91' title="bbox 290 2245 1908 2282">
     <span class='ocr_line' id='line_1_91' title="bbox 290 2245 1908 2282; baseline -0.005 -4"><span class='ocrx_word' id='word_1_738' title='bbox 290 2251 319 2273; x_wconf 71' lang='grc' dir='ltr'><strong>ει</strong></span> <span class='ocrx_word' id='word_1_739' title='bbox 334 2246 429 2273; x_wconf 61' lang='lat' dir='ltr'><strong>alii“)!!!</strong></span> <span class='ocrx_word' id='word_1_740' title='bbox 447 2249 554 2277; x_wconf 56' lang='lat' dir='ltr'><strong>nocet&quot;,</strong></span> <span class='ocrx_word' id='word_1_741' title='bbox 573 2252 624 2271; x_wconf 79' lang='lat'><strong>&quot;0“</strong></span> <span class='ocrx_word' id='word_1_742' title='bbox 644 2246 772 2271; x_wconf 68' lang='grc' dir='ltr'><strong>τεεεάιηιι</strong></span> <span class='ocrx_word' id='word_1_743' title='bbox 785 2252 800 2271; x_wconf 69' lang='grc'><strong>³</strong></span> <span class='ocrx_word' id='word_1_744' title='bbox 817 2253 904 2278; x_wconf 71' lang='lat' dir='ltr'><strong>&quot;0H;</strong></span> <span class='ocrx_word' id='word_1_745' title='bbox 928 2247 973 2273; x_wconf 80' lang='lat' dir='ltr'><strong>sed</strong></span> <span class='ocrx_word' id='word_1_746' title='bbox 990 2252 1017 2273; x_wconf 82' lang='lat' dir='ltr'><strong>el</strong></span> <span class='ocrx_word' id='word_1_747' title='bbox 1028 2254 1073 2273; x_wconf 78' lang='lat' dir='ltr'><strong>aC-</strong></span> <span class='ocrx_word' id='word_1_748' title='bbox 1091 2254 1114 2282; x_wconf 78' lang='grc' dir='ltr'>ι)</span> <span class='ocrx_word' id='word_1_749' title='bbox 1129 2250 1161 2277; x_wconf 89' lang='grc' dir='ltr'>Ει</span> <span class='ocrx_word' id='word_1_750' title='bbox 1176 2253 1248 2275; x_wconf 81' lang='lat' dir='ltr'><strong>certe</strong></span> <span class='ocrx_word' id='word_1_751' title='bbox 1262 2248 1402 2274; x_wconf 90' lang='lat' dir='ltr'><strong>incurruttt</strong></span> <span class='ocrx_word' id='word_1_752' title='bbox 1420 2245 1497 2272; x_wconf 91' lang='lat' dir='ltr'><strong>nobis</strong></span> <span class='ocrx_word' id='word_1_753' title='bbox 1510 2249 1537 2272; x_wconf 91' lang='lat' dir='ltr'><strong>et</strong></span> <span class='ocrx_word' id='word_1_754' title='bbox 1554 2245 1700 2272; x_wconf 84' lang='lat' dir='ltr'><strong>adveniunt</strong></span> <span class='ocrx_word' id='word_1_755' title='bbox 1717 2252 1908 2279; x_wconf 84' lang='lat' dir='ltr'><strong>nonnunquam</strong></span> 
     </span>
    </p>
   </div>
   <div class='ocr_carea' id='block_1_92' title="bbox 291 2291 1076 2326">
    <p class='ocr_par' dir='ltr' id='par_1_92' title="bbox 291 2291 1076 2326">
     <span class='ocr_line' id='line_1_92' title="bbox 291 2291 1076 2326; baseline -0.001 -6"><span class='ocrx_word' id='word_1_756' title='bbox 291 2293 402 2325; x_wconf 84' lang='lat' dir='ltr'><strong>cedunt,</strong></span> <span class='ocrx_word' id='word_1_757' title='bbox 427 2296 457 2319; x_wconf 87' lang='lat' dir='ltr'><strong>ut</strong></span> <span class='ocrx_word' id='word_1_758' title='bbox 485 2299 601 2325; x_wconf 85' lang='lat' dir='ltr'><strong>aucupes</strong></span> <span class='ocrx_word' id='word_1_759' title='bbox 621 2291 763 2323; x_wconf 87' lang='lat' dir='ltr'><strong>tttalnrutn,</strong></span> <span class='ocrx_word' id='word_1_760' title='bbox 792 2291 904 2318; x_wconf 89' lang='lat' dir='ltr'><strong>tnttltum</strong></span> <span class='ocrx_word' id='word_1_761' title='bbox 934 2292 1076 2326; x_wconf 71' lang='lat' dir='ltr'><strong>vigilantes</strong></span> 
     </span>
    </p>
   </div>
   <div class='ocr_carea' id='block_1_93' title="bbox 292 2336 1077 2373">
    <p class='ocr_par' dir='ltr' id='par_1_93' title="bbox 292 2336 1077 2373">
     <span class='ocr_line' id='line_1_93' title="bbox 292 2336 1077 2373; baseline -0.001 -8"><span class='ocrx_word' id='word_1_762' title='bbox 292 2345 340 2373; x_wconf 86' lang='lat' dir='ltr'><strong>per</strong></span> <span class='ocrx_word' id='word_1_763' title='bbox 366 2343 471 2365; x_wconf 89' lang='lat' dir='ltr'><strong>ttoctem</strong></span> <span class='ocrx_word' id='word_1_764' title='bbox 488 2337 556 2364; x_wconf 88' lang='lat' dir='ltr'><strong>ntale</strong></span> <span class='ocrx_word' id='word_1_765' title='bbox 583 2345 589 2363; x_wconf 90' lang='lat'>:</span> <span class='ocrx_word' id='word_1_766' title='bbox 607 2342 652 2362; x_wconf 90' lang='lat' dir='ltr'><strong>attt</strong></span> <span class='ocrx_word' id='word_1_767' title='bbox 671 2338 742 2363; x_wconf 85' lang='lat' dir='ltr'><strong>enim</strong></span> <span class='ocrx_word' id='word_1_768' title='bbox 759 2336 948 2364; x_wconf 88' lang='lat' dir='ltr'><strong>ambitionibus</strong></span> <span class='ocrx_word' id='word_1_769' title='bbox 974 2338 1077 2372; x_wconf 87' lang='lat' dir='ltr'><strong>inquie-</strong></span> 
     </span>
    </p>
   </div>
   <div class='ocr_carea' id='block_1_94' title="bbox 294 2383 1076 2417">
    <p class='ocr_par' dir='ltr' id='par_1_94' title="bbox 294 2383 1076 2417">
     <span class='ocr_line' id='line_1_94' title="bbox 294 2383 1076 2417; baseline 0 -6"><span class='ocrx_word' id='word_1_770' title='bbox 294 2389 394 2416; x_wconf 87' lang='lat' dir='ltr'><strong>tantur,</strong></span> <span class='ocrx_word' id='word_1_771' title='bbox 417 2389 463 2410; x_wconf 88' lang='lat' dir='ltr'><strong>attt</strong></span> <span class='ocrx_word' id='word_1_772' title='bbox 483 2391 497 2410; x_wconf 86' lang='lat' dir='ltr'><strong>a</strong></span> <span class='ocrx_word' id='word_1_773' title='bbox 516 2383 739 2417; x_wconf 85' lang='lat' dir='ltr'><strong>concupiscentiis</strong></span> <span class='ocrx_word' id='word_1_774' title='bbox 756 2383 914 2415; x_wconf 90' lang='lat' dir='ltr'><strong>illicitttttur,</strong></span> <span class='ocrx_word' id='word_1_775' title='bbox 936 2387 1009 2411; x_wconf 86' lang='lat' dir='ltr'><strong>auta</strong></span> <span class='ocrx_word' id='word_1_776' title='bbox 1029 2391 1076 2411; x_wconf 88' lang='lat' dir='ltr'><strong>c0-</strong></span> 
     </span>
    </p>
   </div>
   <div class='ocr_carea' id='block_1_95' title="bbox 290 2429 1078 2466">
    <p class='ocr_par' dir='ltr' id='par_1_95' title="bbox 290 2429 1078 2466">
     <span class='ocr_line' id='line_1_95' title="bbox 290 2429 1078 2466; baseline 0 -9"><span class='ocrx_word' id='word_1_777' title='bbox 290 2430 467 2466; x_wconf 72' lang='lat' dir='ltr'><strong>gitationibus</strong></span> <span class='ocrx_word' id='word_1_778' title='bbox 483 2429 561 2456; x_wconf 85' lang='lat' dir='ltr'><strong>malis</strong></span> <span class='ocrx_word' id='word_1_779' title='bbox 579 2430 743 2457; x_wconf 81' lang='lat' dir='ltr'><strong>excitantur.</strong></span> <span class='ocrx_word' id='word_1_780' title='bbox 764 2429 790 2456; x_wconf 88' lang='lat' dir='ltr'><strong>Si</strong></span> <span class='ocrx_word' id='word_1_781' title='bbox 806 2434 895 2456; x_wconf 86' lang='lat' dir='ltr'><strong>autem</strong></span> <span class='ocrx_word' id='word_1_782' title='bbox 917 2434 944 2456; x_wconf 91' lang='lat' dir='ltr'><strong>et</strong></span> <span class='ocrx_word' id='word_1_783' title='bbox 971 2435 1078 2464; x_wconf 83' lang='lat' dir='ltr'><strong>oportet</strong></span> 
     </span>
    </p>
   </div>
   <div class='ocr_carea' id='block_1_96' title="bbox 293 2471 1077 2510">
    <p class='ocr_par' dir='ltr' id='par_1_96' title="bbox 293 2471 1077 2510">
     <span class='ocr_line' id='line_1_96' title="bbox 293 2471 1077 2510; baseline -0.001 -7"><span class='ocrx_word' id='word_1_784' title='bbox 293 2476 428 2510; x_wconf 72' lang='lat' dir='ltr'><strong>cogitatus</strong></span> <span class='ocrx_word' id='word_1_785' title='bbox 444 2475 546 2507; x_wconf 88' lang='lat' dir='ltr'><strong>vocari,</strong></span> <span class='ocrx_word' id='word_1_786' title='bbox 562 2479 589 2501; x_wconf 91' lang='lat' dir='ltr'><strong>et</strong></span> <span class='ocrx_word' id='word_1_787' title='bbox 609 2475 734 2501; x_wconf 89' lang='lat' dir='ltr'><strong>nteditata</strong></span> <span class='ocrx_word' id='word_1_788' title='bbox 760 2481 807 2508; x_wconf 91' lang='lat' dir='ltr'><strong>per</strong></span> <span class='ocrx_word' id='word_1_789' title='bbox 823 2480 928 2501; x_wconf 74' lang='lat' dir='ltr'><strong>noctem</strong></span> <span class='ocrx_word' id='word_1_790' title='bbox 950 2471 1077 2502; x_wconf 81' lang='lat' dir='ltr'><strong>féSIinant</strong></span> 
     </span>
    </p>
   </div>
   <div class='ocr_carea' id='block_1_97' title="bbox 292 2521 1076 2558">
    <p class='ocr_par' dir='ltr' id='par_1_97' title="bbox 292 2521 1076 2558">
     <span class='ocr_line' id='line_1_97' title="bbox 292 2521 1076 2558; baseline -0.003 -9"><span class='ocrx_word' id='word_1_791' title='bbox 292 2522 450 2558; x_wconf 84' lang='lat' dir='ltr'><strong>procedere,</strong></span> <span class='ocrx_word' id='word_1_792' title='bbox 469 2526 497 2547; x_wconf 94' lang='lat' dir='ltr'><strong>ut</strong></span> <span class='ocrx_word' id='word_1_793' title='bbox 514 2527 544 2547; x_wconf 88' lang='lat' dir='ltr'><strong>ea</strong></span> <span class='ocrx_word' id='word_1_794' title='bbox 557 2528 616 2555; x_wconf 73' lang='lat' dir='ltr'><strong>qua:</strong></span> <span class='ocrx_word' id='word_1_795' title='bbox 627 2527 674 2554; x_wconf 90' lang='lat' dir='ltr'><strong>per</strong></span> <span class='ocrx_word' id='word_1_796' title='bbox 688 2525 793 2548; x_wconf 89' lang='lat' dir='ltr'><strong>ttoctetn</strong></span> <span class='ocrx_word' id='word_1_797' title='bbox 809 2521 960 2556; x_wconf 75' lang='lat' dir='ltr'><strong>cogitarunt</strong></span> <span class='ocrx_word' id='word_1_798' title='bbox 976 2521 1076 2548; x_wconf 86' lang='lat' dir='ltr'><strong>admit-</strong></span> 
     </span>
    </p>
   </div>
   <div class='ocr_carea' id='block_1_98' title="bbox 295 2566 1075 2602">
    <p class='ocr_par' dir='ltr' id='par_1_98' title="bbox 295 2566 1075 2602">
     <span class='ocr_line' id='line_1_98' title="bbox 295 2566 1075 2602; baseline -0.003 -7"><span class='ocrx_word' id='word_1_799' title='bbox 295 2572 351 2595; x_wconf 79' lang='lat' dir='ltr'><strong>tant</strong></span> <span class='ocrx_word' id='word_1_800' title='bbox 368 2573 495 2602; x_wconf 83' lang='lat' dir='ltr'><strong>tanquam</strong></span> <span class='ocrx_word' id='word_1_801' title='bbox 523 2567 677 2601; x_wconf 77' lang='lat' dir='ltr'><strong>ignorantes</strong></span> <span class='ocrx_word' id='word_1_802' title='bbox 697 2577 703 2594; x_wconf 87' lang='lat'><strong>:</strong></span> <span class='ocrx_word' id='word_1_803' title='bbox 726 2567 789 2601; x_wconf 87' lang='lat' dir='ltr'><strong>quia</strong></span> <span class='ocrx_word' id='word_1_804' title='bbox 813 2568 857 2601; x_wconf 87' lang='lat' dir='ltr'><strong>qui</strong></span> <span class='ocrx_word' id='word_1_805' title='bbox 875 2566 939 2593; x_wconf 86' lang='lat' dir='ltr'><strong>facit</strong></span> <span class='ocrx_word' id='word_1_806' title='bbox 963 2567 1075 2599; x_wconf 89' lang='lat' dir='ltr'><strong>maluttt,</strong></span> 
     </span>
    </p>
   </div>
   <div class='ocr_carea' id='block_1_99' title="bbox 293 2612 1077 2648">
    <p class='ocr_par' dir='ltr' id='par_1_99' title="bbox 293 2612 1077 2648">
     <span class='ocr_line' id='line_1_99' title="bbox 293 2612 1077 2648; baseline -0.003 -7"><span class='ocrx_word' id='word_1_807' title='bbox 293 2613 408 2647; x_wconf 72' lang='lat' dir='ltr'><strong>amplius</strong></span> <span class='ocrx_word' id='word_1_808' title='bbox 424 2613 504 2640; x_wconf 88' lang='lat' dir='ltr'><strong>habet</strong></span> <span class='ocrx_word' id='word_1_809' title='bbox 530 2612 639 2644; x_wconf 84' lang='lat' dir='ltr'><strong>malum.</strong></span> <span class='ocrx_word' id='word_1_810' title='bbox 659 2620 740 2647; x_wconf 85' lang='lat' dir='ltr'><strong>quant</strong></span> <span class='ocrx_word' id='word_1_811' title='bbox 763 2613 786 2640; x_wconf 92' lang='lat' dir='ltr'><strong>is</strong></span> <span class='ocrx_word' id='word_1_812' title='bbox 812 2613 859 2647; x_wconf 91' lang='lat' dir='ltr'><strong>qui</strong></span> <span class='ocrx_word' id='word_1_813' title='bbox 886 2620 900 2639; x_wconf 85' lang='lat' dir='ltr'><strong>a</strong></span> <span class='ocrx_word' id='word_1_814' title='bbox 919 2619 948 2640; x_wconf 92' lang='lat' dir='ltr'><strong>se</strong></span> <span class='ocrx_word' id='word_1_815' title='bbox 975 2613 1077 2648; x_wconf 89' lang='lat' dir='ltr'><strong>patitur</strong></span> 
     </span>
    </p>
   </div>
   <div class='ocr_carea' id='block_1_100' title="bbox 295 2658 1077 2693">
    <p class='ocr_par' dir='ltr' id='par_1_100' title="bbox 295 2658 1077 2693">
     <span class='ocr_line' id='line_1_100' title="bbox 295 2658 1077 2693; baseline -0.001 -7"><span class='ocrx_word' id='word_1_816' title='bbox 295 2659 404 2687; x_wconf 85' lang='lat' dir='ltr'><strong>malum.</strong></span> <span class='ocrx_word' id='word_1_817' title='bbox 426 2658 503 2686; x_wconf 87' lang='lat' dir='ltr'><strong>Sicut</strong></span> <span class='ocrx_word' id='word_1_818' title='bbox 526 2659 598 2685; x_wconf 88' lang='lat' dir='ltr'><strong>enim</strong></span> <span class='ocrx_word' id='word_1_819' title='bbox 617 2658 686 2692; x_wconf 74' lang='lat' dir='ltr'><strong>ignis</strong></span> <span class='ocrx_word' id='word_1_820' title='bbox 700 2658 751 2685; x_wconf 91' lang='lat' dir='ltr'><strong>alia</strong></span> <span class='ocrx_word' id='word_1_821' title='bbox 767 2659 874 2693; x_wconf 87' lang='lat' dir='ltr'><strong>quidem</strong></span> <span class='ocrx_word' id='word_1_822' title='bbox 890 2659 1033 2690; x_wconf 89' lang='lat' dir='ltr'><strong>comburit,</strong></span> <span class='ocrx_word' id='word_1_823' title='bbox 1049 2659 1077 2686; x_wconf 90' lang='lat' dir='ltr'><strong>in</strong></span> 
     </span>
    </p>
   </div>
   <div class='ocr_carea' id='block_1_101' title="bbox 294 2703 1074 2738">
    <p class='ocr_par' dir='ltr' id='par_1_101' title="bbox 294 2703 1074 2738">
     <span class='ocr_line' id='line_1_101' title="bbox 294 2703 1074 2738; baseline -0.001 -7"><span class='ocrx_word' id='word_1_824' title='bbox 294 2705 440 2738; x_wconf 72' lang='lat' dir='ltr'><strong>semetipso</strong></span> <span class='ocrx_word' id='word_1_825' title='bbox 467 2707 555 2730; x_wconf 85' lang='lat' dir='ltr'><strong>autem</strong></span> <span class='ocrx_word' id='word_1_826' title='bbox 579 2703 702 2730; x_wconf 85' lang='lat' dir='ltr'><strong>ardorem</strong></span> <span class='ocrx_word' id='word_1_827' title='bbox 730 2703 969 2738; x_wconf 84' lang='lat' dir='ltr'><strong>iucendii&#39;primus</strong></span> <span class='ocrx_word' id='word_1_828' title='bbox 985 2703 1074 2737; x_wconf 81' lang='lat' dir='ltr'><strong>habet,</strong></span> 
     </span>
    </p>
   </div>
   <div class='ocr_carea' id='block_1_102' title="bbox 297 2748 1076 2784">
    <p class='ocr_par' dir='ltr' id='par_1_102' title="bbox 297 2748 1076 2784">
     <span class='ocr_line' id='line_1_102' title="bbox 297 2748 1076 2784; baseline 0.003 -10"><span class='ocrx_word' id='word_1_829' title='bbox 297 2748 333 2775; x_wconf 69' lang='lat' dir='ltr'><strong>ita</strong></span> <span class='ocrx_word' id='word_1_830' title='bbox 345 2753 372 2776; x_wconf 89' lang='lat' dir='ltr'><strong>et</strong></span> <span class='ocrx_word' id='word_1_831' title='bbox 383 2749 483 2776; x_wconf 87' lang='lat' dir='ltr'><strong>tnalitia</strong></span> <span class='ocrx_word' id='word_1_832' title='bbox 497 2750 614 2784; x_wconf 88' lang='lat' dir='ltr'><strong>primum</strong></span> <span class='ocrx_word' id='word_1_833' title='bbox 629 2749 796 2784; x_wconf 77' lang='lat' dir='ltr'><strong>possidentes</strong></span> <span class='ocrx_word' id='word_1_834' title='bbox 807 2754 896 2776; x_wconf 90' lang='lat' dir='ltr'><strong>ttocet.</strong></span> <span class='ocrx_word' id='word_1_835' title='bbox 919 2748 1037 2784; x_wconf 85' lang='lat' dir='ltr'><strong>Denique</strong></span> <span class='ocrx_word' id='word_1_836' title='bbox 1049 2755 1076 2776; x_wconf 87' lang='lat' dir='ltr'><strong>et</strong></span> 
     </span>
    </p>
   </div>
   <div class='ocr_carea' id='block_1_103' title="bbox 343 2860 782 2896">
    <p class='ocr_par' dir='ltr' id='par_1_103' title="bbox 343 2860 782 2896">
     <span class='ocr_line' id='line_1_103' title="bbox 343 2860 782 2896; baseline 0 -8"><span class='ocrx_word' id='word_1_837' title='bbox 343 2860 387 2896; x_wconf 89' lang='lat' dir='ltr'><strong>9i)</strong></span> <span class='ocrx_word' id='word_1_838' title='bbox 402 2860 451 2896; x_wconf 57' lang='lat' dir='ltr'><strong>bis.</strong></span> <span class='ocrx_word' id='word_1_839' title='bbox 465 2866 546 2888; x_wconf 78' lang='lat' dir='ltr'><strong>mente</strong></span> <span class='ocrx_word' id='word_1_840' title='bbox 560 2862 712 2889; x_wconf 63' lang='lat' dir='ltr'><strong>exstiterunt</strong></span> <span class='ocrx_word' id='word_1_841' title='bbox 725 2869 782 2889; x_wconf 77' lang='lat' dir='ltr'><strong>tua.</strong></span> 
     </span>
    </p>
   </div>
   <div class='ocr_carea' id='block_1_104' title="bbox 343 2895 1070 2930">
    <p class='ocr_par' dir='ltr' id='par_1_104' title="bbox 343 2895 1070 2930">
     <span class='ocr_line' id='line_1_104' title="bbox 343 2895 1070 2930; baseline -0.003 -6"><span class='ocrx_word' id='word_1_842' title='bbox 343 2895 389 2929; x_wconf 77' lang='lat'><strong>9&#39;2)</strong></span> <span class='ocrx_word' id='word_1_843' title='bbox 403 2895 451 2923; x_wconf 78' lang='lat' dir='ltr'><strong>Ms.</strong></span> <span class='ocrx_word' id='word_1_844' title='bbox 469 2896 502 2921; x_wconf 81' lang='lat' dir='ltr'><strong>ad</strong></span> <span class='ocrx_word' id='word_1_845' title='bbox 525 2898 622 2923; x_wconf 86' lang='lat' dir='ltr'><strong>malam</strong></span> <span class='ocrx_word' id='word_1_846' title='bbox 644 2897 733 2923; x_wconf 76' lang='lat' dir='ltr'><strong>vitam.</strong></span> <span class='ocrx_word' id='word_1_847' title='bbox 751 2896 831 2924; x_wconf 75' lang='lat' dir='ltr'><strong>Forte</strong></span> <span class='ocrx_word' id='word_1_848' title='bbox 854 2895 994 2930; x_wconf 71' lang='lat' dir='ltr'><strong>legendum</strong></span> <span class='ocrx_word' id='word_1_849' title='bbox 1017 2900 1070 2929; x_wconf 85' lang='lat' dir='ltr'><strong>est,</strong></span> 
     </span>
    </p>
   </div>
   <div class='ocr_carea' id='block_1_105' title="bbox 1129 2289 1910 2328">
    <p class='ocr_par' dir='ltr' id='par_1_105' title="bbox 1129 2289 1910 2328">
     <span class='ocr_line' id='line_1_105' title="bbox 1129 2289 1910 2328; baseline -0.006 -6"><span class='ocrx_word' id='word_1_850' title='bbox 1129 2300 1156 2322; x_wconf 90' lang='lat' dir='ltr'><strong>et</strong></span> <span class='ocrx_word' id='word_1_851' title='bbox 1173 2295 1284 2328; x_wconf 79' lang='lat' dir='ltr'><strong>vestigia</strong></span> <span class='ocrx_word' id='word_1_852' title='bbox 1306 2293 1448 2323; x_wconf 90' lang='lat' dir='ltr'><strong>bonorum,</strong></span> <span class='ocrx_word' id='word_1_853' title='bbox 1462 2296 1489 2318; x_wconf 89' lang='lat' dir='ltr'><strong>et</strong></span> <span class='ocrx_word' id='word_1_854' title='bbox 1510 2295 1649 2326; x_wconf 74' lang='lat' dir='ltr'><strong>gustamus</strong></span> <span class='ocrx_word' id='word_1_855' title='bbox 1663 2289 1806 2325; x_wconf 88' lang='lat' dir='ltr'><strong>aliquoties</strong></span> <span class='ocrx_word' id='word_1_856' title='bbox 1821 2295 1848 2317; x_wconf 90' lang='lat' dir='ltr'><strong>et</strong></span> <span class='ocrx_word' id='word_1_857' title='bbox 1863 2298 1910 2317; x_wconf 87' lang='lat' dir='ltr'><strong>nos</strong></span> 
     </span>
    </p>
   </div>
   <div class='ocr_carea' id='block_1_106' title="bbox 1128 2336 1910 2372">
    <p class='ocr_par' dir='ltr' id='par_1_106' title="bbox 1128 2336 1910 2372">
     <span class='ocr_line' id='line_1_106' title="bbox 1128 2336 1910 2372; baseline -0.008 -4"><span class='ocrx_word' id='word_1_858' title='bbox 1128 2340 1332 2369; x_wconf 88' lang='lat' dir='ltr'><strong>delectationetn</strong></span> <span class='ocrx_word' id='word_1_859' title='bbox 1345 2345 1378 2365; x_wconf 80' lang='lat' dir='ltr'><strong>ex</strong></span> <span class='ocrx_word' id='word_1_860' title='bbox 1395 2336 1532 2372; x_wconf 89' lang='lat' dir='ltr'><strong>pudicitia.</strong></span> <span class='ocrx_word' id='word_1_861' title='bbox 1556 2336 1585 2364; x_wconf 90' lang='lat' dir='ltr'><strong>Si</strong></span> <span class='ocrx_word' id='word_1_862' title='bbox 1601 2341 1692 2364; x_wconf 88' lang='lat' dir='ltr'><strong>autem</strong></span> <span class='ocrx_word' id='word_1_863' title='bbox 1706 2341 1733 2364; x_wconf 87' lang='lat' dir='ltr'><strong>et</strong></span> <span class='ocrx_word' id='word_1_864' title='bbox 1748 2337 1910 2364; x_wconf 88' lang='lat' dir='ltr'><strong>voluerimus</strong></span> 
     </span>
    </p>
   </div>
   <div class='ocr_carea' id='block_1_107' title="bbox 1127 2382 1910 2421">
    <p class='ocr_par' dir='ltr' id='par_1_107' title="bbox 1127 2382 1910 2421">
     <span class='ocr_line' id='line_1_107' title="bbox 1127 2382 1910 2421; baseline -0.005 -9"><span class='ocrx_word' id='word_1_865' title='bbox 1127 2392 1300 2421; x_wconf 85' lang='lat' dir='ltr'><strong>perseverare</strong></span> <span class='ocrx_word' id='word_1_866' title='bbox 1313 2384 1338 2410; x_wconf 92' lang='lat' dir='ltr'><strong>in</strong></span> <span class='ocrx_word' id='word_1_867' title='bbox 1355 2387 1445 2418; x_wconf 83' lang='lat' dir='ltr'><strong>gustu,</strong></span> <span class='ocrx_word' id='word_1_868' title='bbox 1459 2387 1486 2409; x_wconf 85' lang='lat' dir='ltr'><strong>et</strong></span> <span class='ocrx_word' id='word_1_869' title='bbox 1498 2389 1664 2416; x_wconf 88' lang='lat' dir='ltr'><strong>comparare,</strong></span> <span class='ocrx_word' id='word_1_870' title='bbox 1681 2386 1810 2416; x_wconf 91' lang='lat' dir='ltr'><strong>quantum</strong></span> <span class='ocrx_word' id='word_1_871' title='bbox 1831 2382 1910 2408; x_wconf 54' lang='lat' dir='ltr'><strong>velte.</strong></span> 
     </span>
    </p>
   </div>
   <div class='ocr_carea' id='block_1_108' title="bbox 1128 2427 1908 2465">
    <p class='ocr_par' dir='ltr' id='par_1_108' title="bbox 1128 2427 1908 2465">
     <span class='ocr_line' id='line_1_108' title="bbox 1128 2427 1908 2465; baseline -0.006 -7"><span class='ocrx_word' id='word_1_872' title='bbox 1128 2432 1244 2459; x_wconf 90' lang='lat' dir='ltr'><strong>tnentior</strong></span> <span class='ocrx_word' id='word_1_873' title='bbox 1254 2435 1297 2457; x_wconf 91' lang='lat' dir='ltr'><strong>est</strong></span> <span class='ocrx_word' id='word_1_874' title='bbox 1307 2431 1426 2457; x_wconf 87' lang='lat' dir='ltr'><strong>suavitas</strong></span> <span class='ocrx_word' id='word_1_875' title='bbox 1440 2437 1473 2457; x_wconf 83' lang='lat' dir='ltr'><strong>ex</strong></span> <span class='ocrx_word' id='word_1_876' title='bbox 1486 2430 1625 2465; x_wconf 87' lang='lat' dir='ltr'><strong>pudicitia,</strong></span> <span class='ocrx_word' id='word_1_877' title='bbox 1637 2436 1717 2463; x_wconf 92' lang='lat' dir='ltr'><strong>quam</strong></span> <span class='ocrx_word' id='word_1_878' title='bbox 1731 2436 1763 2455; x_wconf 88' lang='lat' dir='ltr'><strong>ea</strong></span> <span class='ocrx_word' id='word_1_879' title='bbox 1777 2435 1835 2462; x_wconf 63' lang='lat' dir='ltr'><strong>qua;</strong></span> <span class='ocrx_word' id='word_1_880' title='bbox 1848 2435 1863 2454; x_wconf 88' lang='lat' dir='ltr'><strong>a</strong></span> <span class='ocrx_word' id='word_1_881' title='bbox 1883 2427 1908 2453; x_wconf 91' lang='lat' dir='ltr'><strong>li-</strong></span> 
     </span>
    </p>
   </div>
   <div class='ocr_carea' id='block_1_109' title="bbox 1128 2474 1910 2509">
    <p class='ocr_par' dir='ltr' id='par_1_109' title="bbox 1128 2474 1910 2509">
     <span class='ocr_line' id='line_1_109' title="bbox 1128 2474 1910 2509; baseline -0.005 -5"><span class='ocrx_word' id='word_1_882' title='bbox 1128 2477 1222 2505; x_wconf 90' lang='lat' dir='ltr'><strong>bidine</strong></span> <span class='ocrx_word' id='word_1_883' title='bbox 1240 2477 1322 2504; x_wconf 89' lang='lat' dir='ltr'><strong>venit.</strong></span> <span class='ocrx_word' id='word_1_884' title='bbox 1340 2476 1465 2503; x_wconf 88' lang='lat' dir='ltr'><strong>Suavitas</strong></span> <span class='ocrx_word' id='word_1_885' title='bbox 1479 2477 1550 2502; x_wconf 88' lang='lat' dir='ltr'><strong>enim</strong></span> <span class='ocrx_word' id='word_1_886' title='bbox 1565 2483 1598 2502; x_wconf 77' lang='lat' dir='ltr'><strong>ex</strong></span> <span class='ocrx_word' id='word_1_887' title='bbox 1612 2474 1740 2509; x_wconf 86' lang='lat' dir='ltr'><strong>pudicitia</strong></span> <span class='ocrx_word' id='word_1_888' title='bbox 1754 2474 1812 2501; x_wconf 90' lang='lat' dir='ltr'><strong>sine</strong></span> <span class='ocrx_word' id='word_1_889' title='bbox 1827 2474 1910 2508; x_wconf 71' lang='lat' dir='ltr'><strong>pinni-</strong></span> 
     </span>
    </p>
   </div>
   <div class='ocr_carea' id='block_1_110' title="bbox 1129 2521 1910 2555">
    <p class='ocr_par' dir='ltr' id='par_1_110' title="bbox 1129 2521 1910 2555">
     <span class='ocr_line' id='line_1_110' title="bbox 1129 2521 1910 2555; baseline -0.004 -6"><span class='ocrx_word' id='word_1_890' title='bbox 1129 2522 1211 2550; x_wconf 89' lang='lat' dir='ltr'><strong>tentia</strong></span> <span class='ocrx_word' id='word_1_891' title='bbox 1221 2527 1273 2554; x_wconf 89' lang='lat' dir='ltr'><strong>est,</strong></span> <span class='ocrx_word' id='word_1_892' title='bbox 1282 2521 1452 2548; x_wconf 86' lang='lat' dir='ltr'><strong>immaculata</strong></span> <span class='ocrx_word' id='word_1_893' title='bbox 1461 2527 1513 2555; x_wconf 88' lang='lat' dir='ltr'><strong>est,</strong></span> <span class='ocrx_word' id='word_1_894' title='bbox 1523 2521 1708 2553; x_wconf 86' lang='lat' dir='ltr'><strong>immutabilis,</strong></span> <span class='ocrx_word' id='word_1_895' title='bbox 1717 2521 1826 2552; x_wconf 89' lang='lat' dir='ltr'><strong>tuunda,</strong></span> <span class='ocrx_word' id='word_1_896' title='bbox 1834 2527 1910 2554; x_wconf 87' lang='lat' dir='ltr'><strong>pura,</strong></span> 
     </span>
    </p>
   </div>
   <div class='ocr_carea' id='block_1_111' title="bbox 1128 2566 1907 2602">
    <p class='ocr_par' dir='ltr' id='par_1_111' title="bbox 1128 2566 1907 2602">
     <span class='ocr_line' id='line_1_111' title="bbox 1128 2566 1907 2602; baseline -0.004 -7"><span class='ocrx_word' id='word_1_897' title='bbox 1128 2572 1231 2601; x_wconf 85' lang='lat' dir='ltr'><strong>sancta,</strong></span> <span class='ocrx_word' id='word_1_898' title='bbox 1241 2573 1267 2594; x_wconf 92' lang='lat' dir='ltr'><strong>et</strong></span> <span class='ocrx_word' id='word_1_899' title='bbox 1279 2569 1389 2594; x_wconf 90' lang='lat' dir='ltr'><strong>nomine</strong></span> <span class='ocrx_word' id='word_1_900' title='bbox 1400 2573 1427 2594; x_wconf 92' lang='lat' dir='ltr'><strong>et</strong></span> <span class='ocrx_word' id='word_1_901' title='bbox 1440 2575 1521 2602; x_wconf 85' lang='lat' dir='ltr'><strong>opere</strong></span> <span class='ocrx_word' id='word_1_902' title='bbox 1533 2572 1560 2594; x_wconf 88' lang='lat' dir='ltr'><strong>et</strong></span> <span class='ocrx_word' id='word_1_903' title='bbox 1570 2567 1686 2594; x_wconf 87' lang='lat' dir='ltr'><strong>actibus.</strong></span> <span class='ocrx_word' id='word_1_904' title='bbox 1698 2567 1736 2593; x_wconf 79' lang='lat' dir='ltr'><strong>Ex</strong></span> <span class='ocrx_word' id='word_1_905' title='bbox 1745 2566 1855 2594; x_wconf 82' lang='lat' dir='ltr'><strong>libidine</strong></span> <span class='ocrx_word' id='word_1_906' title='bbox 1866 2574 1907 2592; x_wconf 88' lang='lat' dir='ltr'><strong>au-</strong></span> 
     </span>
    </p>
   </div>
   <div class='ocr_carea' id='block_1_112' title="bbox 1131 2613 1911 2648">
    <p class='ocr_par' dir='ltr' id='par_1_112' title="bbox 1131 2613 1911 2648">
     <span class='ocr_line' id='line_1_112' title="bbox 1131 2613 1911 2648; baseline -0.003 -8"><span class='ocrx_word' id='word_1_907' title='bbox 1131 2618 1183 2641; x_wconf 90' lang='lat' dir='ltr'><strong>tem</strong></span> <span class='ocrx_word' id='word_1_908' title='bbox 1197 2621 1288 2646; x_wconf 81' lang='lat' dir='ltr'><strong>suave.</strong></span> <span class='ocrx_word' id='word_1_909' title='bbox 1304 2618 1390 2648; x_wconf 86' lang='lat' dir='ltr'><strong>turpe,</strong></span> <span class='ocrx_word' id='word_1_910' title='bbox 1405 2614 1602 2646; x_wconf 86' lang='lat' dir='ltr'><strong>absconditum,</strong></span> <span class='ocrx_word' id='word_1_911' title='bbox 1620 2613 1680 2640; x_wconf 87' lang='lat' dir='ltr'><strong>sine</strong></span> <span class='ocrx_word' id='word_1_912' title='bbox 1695 2613 1803 2645; x_wconf 80' lang='lat' dir='ltr'><strong>ﬁducia,</strong></span> <span class='ocrx_word' id='word_1_913' title='bbox 1819 2617 1911 2639; x_wconf 87' lang='lat' dir='ltr'><strong>conta-</strong></span> 
     </span>
    </p>
   </div>
   <div class='ocr_carea' id='block_1_113' title="bbox 1132 2658 1910 2694">
    <p class='ocr_par' dir='ltr' id='par_1_113' title="bbox 1132 2658 1910 2694">
     <span class='ocr_line' id='line_1_113' title="bbox 1132 2658 1910 2694; baseline -0.004 -7"><span class='ocrx_word' id='word_1_914' title='bbox 1132 2660 1273 2691; x_wconf 87' lang='lat' dir='ltr'><strong>minatum,</strong></span> <span class='ocrx_word' id='word_1_915' title='bbox 1286 2660 1421 2687; x_wconf 88' lang='lat' dir='ltr'><strong>turbidutn</strong></span> <span class='ocrx_word' id='word_1_916' title='bbox 1431 2664 1457 2686; x_wconf 90' lang='lat' dir='ltr'><strong>et</strong></span> <span class='ocrx_word' id='word_1_917' title='bbox 1466 2667 1579 2694; x_wconf 87' lang='lat' dir='ltr'><strong>corpore</strong></span> <span class='ocrx_word' id='word_1_918' title='bbox 1589 2664 1614 2686; x_wconf 88' lang='lat' dir='ltr'><strong>et</strong></span> <span class='ocrx_word' id='word_1_919' title='bbox 1623 2660 1724 2690; x_wconf 86' lang='lat' dir='ltr'><strong>anima.</strong></span> <span class='ocrx_word' id='word_1_920' title='bbox 1735 2666 1796 2686; x_wconf 91' lang='lat' dir='ltr'><strong>cum</strong></span> <span class='ocrx_word' id='word_1_921' title='bbox 1808 2658 1910 2689; x_wconf 89' lang='lat' dir='ltr'><strong>timorel</strong></span> 
     </span>
    </p>
   </div>
   <div class='ocr_carea' id='block_1_114' title="bbox 1129 2706 1908 2740">
    <p class='ocr_par' dir='ltr' id='par_1_114' title="bbox 1129 2706 1908 2740">
     <span class='ocr_line' id='line_1_114' title="bbox 1129 2706 1908 2740; baseline -0.003 -8"><span class='ocrx_word' id='word_1_922' title='bbox 1129 2713 1190 2732; x_wconf 88' lang='lat' dir='ltr'><strong>cutn</strong></span> <span class='ocrx_word' id='word_1_923' title='bbox 1205 2706 1319 2739; x_wconf 90' lang='lat' dir='ltr'><strong>turbela,</strong></span> <span class='ocrx_word' id='word_1_924' title='bbox 1335 2713 1395 2732; x_wconf 84' lang='lat' dir='ltr'><strong>cum</strong></span> <span class='ocrx_word' id='word_1_925' title='bbox 1409 2706 1552 2740; x_wconf 83' lang='lat' dir='ltr'><strong>sanguine,</strong></span> <span class='ocrx_word' id='word_1_926' title='bbox 1565 2713 1624 2732; x_wconf 78' lang='lat' dir='ltr'><strong>Cum</strong></span> <span class='ocrx_word' id='word_1_927' title='bbox 1638 2710 1753 2732; x_wconf 87' lang='lat' dir='ltr'><strong>tremore</strong></span> <span class='ocrx_word' id='word_1_928' title='bbox 1767 2712 1851 2732; x_wconf 80' lang='lat' dir='ltr'><strong>suave</strong></span> <span class='ocrx_word' id='word_1_929' title='bbox 1863 2708 1908 2731; x_wconf 69' lang='grc' dir='ltr'><strong>θεί-</strong></span> 
     </span>
    </p>
   </div>
   <div class='ocr_carea' id='block_1_115' title="bbox 1129 2749 1901 2787">
    <p class='ocr_par' dir='ltr' id='par_1_115' title="bbox 1129 2749 1901 2787">
     <span class='ocr_line' id='line_1_115' title="bbox 1129 2749 1901 2787; baseline -0.003 -10"><span class='ocrx_word' id='word_1_930' title='bbox 1129 2749 1358 2783; x_wconf 85' lang='lat' dir='ltr'><strong>Quemadmudutn</strong></span> <span class='ocrx_word' id='word_1_931' title='bbox 1369 2759 1433 2787; x_wconf 75' lang='lat' dir='ltr'><strong>ergo</strong></span> <span class='ocrx_word' id='word_1_932' title='bbox 1439 2751 1538 2779; x_wconf 90' lang='lat' dir='ltr'><strong>suave?</strong></span> <span class='ocrx_word' id='word_1_933' title='bbox 1546 2751 1575 2778; x_wconf 94' lang='lat' dir='ltr'><strong>Si</strong></span> <span class='ocrx_word' id='word_1_934' title='bbox 1584 2751 1644 2786; x_wconf 91' lang='lat' dir='ltr'><strong>quis</strong></span> <span class='ocrx_word' id='word_1_935' title='bbox 1652 2756 1740 2779; x_wconf 85' lang='lat' dir='ltr'><strong>autem</strong></span> <span class='ocrx_word' id='word_1_936' title='bbox 1749 2751 1865 2778; x_wconf 85' lang='lat' dir='ltr'><strong>suaviter</strong></span> <span class='ocrx_word' id='word_1_937' title='bbox 1872 2753 1901 2775; x_wconf 80' lang='lat' dir='ltr'><strong>de</strong></span> 
     </span>
    </p>
   </div>
   <div class='ocr_carea' id='block_1_116' title="bbox 1128 2855 1906 2895">
    <p class='ocr_par' dir='ltr' id='par_1_116' title="bbox 1128 2855 1906 2895">
     <span class='ocr_line' id='line_1_116' title="bbox 1128 2855 1906 2895; baseline -0.005 -9"><span class='ocrx_word' id='word_1_938' title='bbox 1128 2865 1227 2886; x_wconf 82' lang='lat' dir='ltr'><strong>ulmum</strong></span> <span class='ocrx_word' id='word_1_939' title='bbox 1245 2866 1330 2887; x_wconf 72' lang='lat' dir='ltr'><strong>autem</strong></span> <span class='ocrx_word' id='word_1_940' title='bbox 1350 2867 1430 2895; x_wconf 72' lang='lat' dir='ltr'><strong>neque</strong></span> <span class='ocrx_word' id='word_1_941' title='bbox 1449 2866 1483 2886; x_wconf 84' lang='lat' dir='ltr'><strong>aa</strong></span> <span class='ocrx_word' id='word_1_942' title='bbox 1496 2864 1597 2892; x_wconf 80' lang='lat' dir='ltr'><strong>viuum,</strong></span> <span class='ocrx_word' id='word_1_943' title='bbox 1614 2866 1695 2894; x_wconf 74' lang='lat' dir='ltr'><strong>neque</strong></span> <span class='ocrx_word' id='word_1_944' title='bbox 1711 2858 1744 2884; x_wconf 79' lang='lat' dir='ltr'><strong>ad</strong></span> <span class='ocrx_word' id='word_1_945' title='bbox 1762 2858 1860 2884; x_wconf 74' lang='lat' dir='ltr'><strong>malum</strong></span> <span class='ocrx_word' id='word_1_946' title='bbox 1874 2855 1906 2882; x_wconf 77' lang='lat' dir='ltr'><strong>oi-</strong></span> 
     </span>
    </p>
   </div>
   <div class='ocr_carea' id='block_1_117' title="bbox 1125 2899 1201 2922">
    <p class='ocr_par' dir='ltr' id='par_1_117' title="bbox 1125 2899 1201 2922">
     <span class='ocr_line' id='line_1_117' title="bbox 1125 2899 1201 2922; baseline 0 -1"><span class='ocrx_word' id='word_1_947' title='bbox 1125 2902 1154 2922; x_wconf 82' lang='lat' dir='ltr'><strong>ve</strong></span> <span class='ocrx_word' id='word_1_948' title='bbox 1157 2899 1193 2921; x_wconf 78' lang='lat' dir='ltr'><strong>ret</strong></span> <span class='ocrx_word' id='word_1_949' title='bbox 1195 2914 1201 2921; x_wconf 88' lang='lat'><strong>.</strong></span> 
     </span>
    </p>
   </div>
  </div>
