2024 3208
148 170 219 199 “93

695 169 740 197 DE
758 168 929 198 OPERIBUS
948 167 1048 196 BONIS
1067 168 1111 196 ET
1130 167 1246 195 MALlS.

1704 168 1774 198 H94

149 230 241 260 lectari
257 231 343 266 cupit,
361 239 426 260 vere
440 233 592 261 secundum
619 231 745 267 Apostoli
764 238 858 260 vocem
888 231 937 258 ha-
951 232 974 261 Α
989 238 1053 258 num
1069 229 1202 262 mulieris,
1218 233 1247 257 et
1260 227 1393 264 decerpsit
1417 228 1452 256 de
1478 230 1575 256 arbore
1597 229 1727 262 fructum,
1745 235 1772 258 et

148 277 193 304 bet
211 277 291 303 viam.
308 276 396 304 Suave
416 281 458 304 est
474 277 546 304 enim
560 276 583 304 si
600 276 734 305 liberetur
753 276 816 311 quis
833 284 848 304 a
865 284 934 304 con-

988 277 1013 303 vi
1028 277 1057 304 in
1073 275 1132 310 ejus
1144 283 1192 304 ore
1203 275 1331 310 imposuit
1343 284 1351 302 :
1366 275 1413 303 sed
1426 275 1558 310 scriptum
1571 280 1623 308 est,
1637 276 1698 310 quia
1713 283 1772 304 mu-

147 321 265 354 {usione,
281 329 296 349 a
314 322 429 354 turbela,
449 330 463 349 a
481 323 646 358 suspicione.
676 323 723 351 Isti
745 324 819 351 enim
838 323 934 352 oculus
953 316 1037 369 Klier
1059 329 1140 349 suasa
1165 321 1302 356 protendit
1325 327 1436 348 manum
1460 321 1494 348 ad
1521 322 1655 354 arborem,
1684 326 1712 349 et
1739 329 1772 349 os

148 375 202 395 non
216 367 294 395 laetus
306 372 358 401 est,
375 369 424 396 sed
442 369 576 403 sapientia
605 369 738 404 gaudens,
762 373 791 396 et
816 369 890 396 visus
909 372 936 397 et

147 420 232 447 purus
257 417 284 440 et
304 413 431 441 mundus.
460 413 512 442 Ubi
533 418 622 442 autem
643 410 813 442 conscientia
839 414 933 449 fuerit,

146 457 336 492 circumspicit
352 459 445 486 oculus
472 466 506 486 ne
524 459 585 494 quis
606 460 695 492 vidit:
721 460 779 488 sitit
796 468 856 494 cor,
871 468 934 496 pro-

146 506 208 537 pter
233 501 289 537 (93)
314 509 348 530 ea
373 509 434 538 quae
454 504 620 538 suspicatur,
640 510 668 532 et
692 505 719 532 in
744 505 869 541 plurimis
890 511 934 534 tu—

148 547 200 575 tela
215 546 277 583 ’(94)
294 553 348 581 est,
374 553 402 576 et
425 556 478 576 non
507 555 549 578 est
573 551 625 579 iste
654 552 799 579 suavitatis
824 558 932 586 gusms.

146 592 218 626 Quid
232 594 306 621 enim
321 601 403 621 suave
418 599 460 622 est
474 595 502 622 in
515 595 554 623 ira
569 596 581 624 ἲ
602 601 630 623 et
648 602 722 625 certe
742 597 934 626 contendimus

147 643 175 667 et
191 638 238 667 ira:
257 640 398 667 adversum
412 647 463 668 nos
476 642 590 670 donare.
608 642 679 676 Quid
695 651 779 672 suave
794 648 837 672 est
854 645 880 672 in
895 645 934 672 in-

146 685 218 712 vidia
237 684 482 721 (95)?Tabescunt
507 687 579 722 enim
600 694 627 716 et
652 696 726 722 ossa,
751 695 780 718 et
798 698 885 723 mens,
905 695 933 718 et

146 730 264 758 medulla
285 731 475 772 invidentium.
491 733 545 761 Sed
565 734 588 762 si
610 740 775 770 apparerent
790 736 932 771 passiones

146 784 207 804 cum
225 777 331 812 ﬂerent,
347 786 400 806 non
415 784 508 808 essent
523 781 676 816 passiones.
693 781 855 811 Sicutenim
878 784 930 810 do-

146 823 206 850 lens
224 819 317 852 oculus
333 832 385 852 non
405 826 486 858 videt,
508 831 536 854 et
553 828 579 854 in
598 832 730 863 quantum
755 828 840 862 dolet,
870 833 932 856 tan-

147 875 203 898 tum
217 875 244 899 et
261 878 276 898 a
289 871 393 899 visione
408 871 575 906 impeditur:
591 873 629 901 ita
644 878 672 901 et
686 873 778 901 anima
793 881 854 909 qua:
871 881 932 909 pas-

145 916 237 944 siones
260 917 386 950 incurrit,
411 925 464 945 non
480 918 602 946 intuetur
625 919 800 954 ignominiam
827 927 930 948 suam:

145 962 281 997 siquidem
300 971 348 991 nec
361 962 453 991 ebrius
467 964 550 992 sentit
563 972 624 992 cum
643 965 782 993 irridetur.
800 965 932 1001 Evigilate

145 1007 229 1042 igitur
253 1012 281 1035 et
308 1008 479 1042 resipiscite;
502 1009 700 1037 confundimini
725 1010 846 1044 quia'ab
870 1009 932 1038 aliis

146 1053 276 1080 ediscitis.
297 1053 456 1090 Quicunque
468 1054 541 1082 enim
558 1059 621 1089 post
637 1055 792 1089 passionem
815 1062 930 1090 percus-

144 1103 241 1126 serunt
257 1106 304 1127 eor
314 1100 490 1135 poenitentes,
505 1100 612 1128 liberati
628 1105 703 1128 sunt.
725 1101 753 1128 Si
769 1105 859 1128 autem
876 1108 930 1128 non

146 1148 349 1178 percusserunt,
373 1145 486 1172 necdum
513 1145 621 1173 liberati
644 1147 679 1174 ab
706 1146 839 1173 ebrietate
855 1151 929 1174 sunt.

146 1189 200 1216 Sed
213 1189 339 1217 illicimur
353 1190 412 1217 visu
425 1190 458 1217 ad
476 1191 703 1226 pulchritudinem
714 1191 848 1219 vultuum.
860 1191 930 1224 Quid

146 1234 214 1263 coelo
230 1240 272 1262 est
287 1235 394 1269 melius,
408 1236 494 1271 quid?
517 1236 613 1265 Melius
628 1241 670 1265 est
684 1238 798 1265 credere
816 1237 871 1264 Deo
888 1237 930 1264 di-

145 1281 216 1308 centi
235 1289 242 1308 :
259 1281 384 1316 Respicite
401 1283 429 1310 iu
443 1282 526 1309 altum
538 1283 624 1310 Deum
640 1283 724 1311 oculis
737 1283 837 1316 vestris,
853 1288 877 1310 et
893 1283 930 1310 oi-

144 1326 203 1353 dote
216 1327 275 1361 quis
292 1327 410 1354 condidit
428 1328 517 1354 omnia
533 1328 585 1355 ista
600 1329 634 1355 “.
648 1328 717 1362 Quid
734 1329 769 1356 ita
787 1328 930 1364 pulchrum

144 1371 172 1398 in
186 1372 264 1400 oculo
274 1377 316 1399 est
332 1373 462 1405 mulieris,
478 1379 608 1408 quantum
625 1374 664 1401 sol
680 1374 761 1402 habet
775 1375 801 1401 in
819 1373 929 1409 fulgori-

144 1418 285 1446 bussuis?
302 1418 371 1452 Quid
389 1419 424 1446 ita
444 1419 522 1447 ﬂoret
536 1420 560 1447 in
577 1420 668 1448 fronte
693 1420 814 1452 mortali,
842 1428 929 1455 quan-

147 1469 203 1490 tum
224 1465 251 1491 in
272 1464 344 1491 omni
368 1465 437 1491 coelo
455 1465 578 1500 splendet
596 1466 669 1500 quod
683 1466 808 1493 videtur?
824 1465 886 1500 quia
903 1469 930 1493 et

147 1508 207 1534 aliis
223 1502 342 1535 varietas
357 1509 501 1542 vestigium
523 1509 603 1536 illicit
627 1514 657 1535 ut
673 1509 767 1536 stellzc.
793 1509 847 1536 Sed
861 1509 930 1536 forte

986 366 1112 401 aperiens
1137 373 1226 399 suum,
1249 366 1362 393 immisit
1388 365 1517 394 fructum.
1547 366 1654 395 Utinam
1679 371 1769 395 autem

986 412 1151 440 fuissetvis!
1172 413 1213 440 vis
1238 412 1309 440 enim
1338 419 1392 440 non
1415 416 1544 447 procurat
1569 417 1695 447 mortem,
1722 413 1769 440 sed

986 460 1034 486 dat
1049 464 1078 487 ut
1091 460 1256 495 ignoscatur.
1273 459 1327 487 Sed
1342 459 1569 494 quemadmodum
1585 459 1714 494 scriptum
1730 463 1771 486 est

985 505 1133 539 videamus,
1164 510 1194 533 ut
1225 505 1333 534 edoceri
1364 505 1500 540 possimus
1523 508 1654 539 quantum
1681 509 1771 540 potest

985 552 1117 580 diabolus.
1130 551 1284 580 Amicitiam
1300 551 1387 584 ﬂuxit,
1400 551 1519 579 ostendit
1531 550 1769 585 pulchritudinem,

984 597 1079 630 suasit,
1092 597 1228 632 promisit,
1244 596 1305 625 ideo
1322 596 1384 631 quia
1398 596 1452 624 vim
1466 597 1557 624 facere
1574 603 1628 624 non
1651 596 1768 624 valebat.

983 642 1017 670 Et
1032 645 1103 669 nu‘ne
1118 641 1195 669 multi
1214 642 1328 669 suadent
1341 641 1404 673 sibi,
1420 641 1483 676 quia
1511 636 1661 667 tr'abuntur
1674 647 1690 668 a
1707 641 1768 674 qui—

983 687 1106 715 busdam.
1125 687 1165 714 Illi
1180 687 1252 714 enim
1267 688 1312 722 qui
1326 687 1393 715 l’oris
1405 691 1480 719 sunt,
1505 686 1574 714 forte
1600 690 1689 714 autem
1716 686 1768 712 ali-

983 733 1029 768 qui
1046 737 1073 761 et
1087 741 1121 761 ex
1138 733 1180 761 his
1194 733 1239 767 qui
1257 733 1329 761 intus
1342 737 1416 767 sunt,
1429 737 1525 767 putant
1535 740 1566 762 se
1587 739 1602 760 a
1626 732 1712 761 stellis
1729 736 1769 760 at-

983 778 1067 812 trahi,
1079 777 1178 805 malum
1192 776 1263 804 malo
1276 781 1423 809 curantes;
1437 781 1534 805 etcum
1547 777 1679 806 deberent
1691 784 1767 805 suam

984 825 1113 852 malitiam
1127 823 1263 856 conﬁteri,
1281 823 1355 852 aliud
1373 823 1461 860 majus
1486 822 1585 850 malum
1602 822 1766 857 praecedenti

984 870 1055 898 malo
1071 874 1267 905 supraponunt.
1280 870 1441 898 Creaturam
1457 869 1557 904 quippe
1576 868 1694 904 propriis
1710 876 1769 896 ma-

982 915 1015 942 lis
1030 915 1257 948 coutaminantes,
1269 914 1342 942 aliud
1361 919 1452 942 autem
1466 920 1526 941 cum
1541 913 1662 948 superati
1674 920 1689 940 a
1703 920 1768 940 con-

982 961 1157 996 cupiscentiis
1173 960 1285 994 fuerint,
1302 960 1459 989 remiserint
1473 964 1562 987 autem
1581 959 1671 987 fenum
1690 959 1763 994 cogi-

983 1012 1055 1035 tatus
1068 1007 1121 1040 sui,
1135 1011 1231 1042 putant
1246 1006 1405 1034 inﬁrmitate
1419 1005 1577 1040 frequenter
1591 1012 1620 1033 se
1635 1005 1718 1038 vinci,
1740 1010 1768 1033 et

982 1060 1036 1080 non
1056 1060 1105 1080 suo
1129 1053 1268 1087 proposito
1294 1052 1455 1088 negligenti.
1480 1051 1509 1078 Si
1523 1051 1584 1086 quis
1598 1055 1688 1078 autem
1706 1051 1765 1078 vult

982 1101 1106 1125 naturam
1121 1104 1278 1132 agnoscere,
1296 1105 1349 1124 non
1367 1097 1409 1124 his
1425 1104 1485 1132 qua:
1502 1096 1656 1132 praescribit
1681 1105 1766 1132 agno-

982 1147 1060 1175 scat;
1082 1142 1143 1177 quia
1163 1150 1211 1171 nec
1227 1142 1307 1170 debet
1332 1143 1452 1170 accusari
1470 1142 1568 1178 regalis
1586 1151 1711 1171 nummus
1732 1143 1767 1170 ab

982 1189 1114 1217 adultero.
1142 1189 1217 1216 Illam
1239 1188 1426 1217 fortitudinem
1445 1193 1549 1217 natum
1568 1193 1595 1216 et
1616 1189 1763 1224 cogitatum

982 1235 1083 1267 videat,
1101 1242 1162 1262 cum
1185 1235 1407 1270 concupiscentia
1434 1234 1570 1269 hortatur,
1595 1242 1656 1262 cum
1684 1235 1766 1263 libido

982 1285 1069 1315 rogat,
1086 1284 1114 1307 et
1131 1287 1184 1308 nox
1199 1280 1371 1308 occasionem
1385 1280 1487 1315 prmbet
1501 1289 1507 1307 :
1531 1280 1668 1315 quomodo
1689 1280 1764 1315 cogi-

982 1330 1055 1353 tatus
1071 1333 1086 1353 e
1099 1330 1193 1353 contra
1206 1326 1340 1354 obstruit:
1356 1325 1419 1360 quia
1432 1326 1495 1352 etin
1510 1325 1681 1360 passionibus
1696 1333 1765 1352 mar-

983 1375 1082 1407 tyrum,
1099 1378 1195 1398 manus
1208 1371 1314 1406 quidem
1331 1371 1445 1403 radunt,
1463 1371 1533 1398 oculi
1549 1375 1640 1398 autem
1657 1371 1764 1398 minan-

981 1420 1035 1450 tur,
1051 1421 1078 1444 et
1095 1417 1189 1444 dentes
1205 1417 1267 1444 dum
1284 1416 1401 1444 strident
1424 1421 1536 1449 terrent,
1557 1420 1584 1444 et
1608 1418 1725 1452 tyranni,
1741 1423 1767 1445 et

980 1463 1071 1499 gladii,
1087 1467 1113 1490 et
1130 1463 1209 1497 ignis,
1222 1467 1249 1490 et
1263 1462 1336 1490 mille
1349 1463 1454 1498 species
1468 1463 1565 1491 mortis
1583 1468 1764 1498 apponuntur,

981 1514 1008 1536 et
1021 1508 1156 1543 cogitatus
1169 1515 1222 1535 non
1242 1507 1372 1536 ﬂectitur.
1387 1508 1440 1536 Sed
1454 1508 1523 1536 alius
1541 1508 1631 1536 victus
1643 1514 1685 1537 est
1698 1517 1705 1536 :
1719 1509 1765 1535 sed

146 1554 168 1580 si
181 1558 276 1581 essent
290 1553 317 1580 iu
331 1553 430 1586 medio,
444 1557 472 1579 ut
487 1553 520 1579 ad
535 1553 765 1587 comparationem
785 1552 855 1585 dico,
882 1553 931 1580 ali-
944 1564 965 1592 ρ
983 1560 1035 1579 ιιοη
1053 1560 1067 1579 a
1084 1553 1163 1580 victis
1183 1553 1280 1580 debent
1298 1553 1405 1586 agmina
1424 1554 1553 1581 militaria
1571 1554 1700 1588 iudicari.
1721 1555 1766 1582 liie

146 1599 242 1626 mimice
256 1599 388 1631 diversae;
403 1603 429 1625 et
446 1598 469 1626 si
488 1597 616 1635 possibile
630 1595 702 1624 esset
715 1601 742 1624 et
759 1598 858 1624 artium
872 1597 931 1632 pul—

147 1644 315 1672 chritudines
330 1644 404 1679 poni,
420 1644 604 1670 adunarentur
617 1647 706 1669 autem
722 1646 749 1670 et
763 1642 854 1670 omnia
871 1643 930 1670 aui-

148 1690 238 1722 malia,
254 1694 279 1717 et
295 1694 491 1725 proponeretur
507 1688 587 1716 lectio
601 1688 657 1724 (96)
673 1688 791 1716 :‘statim
805 1688 880 1722 porci
897 1687 930 1715 ad

146 1741 250 1763 stercus
263 1740 416 1768 currerent,
431 1742 524 1762 mures
538 1734 570 1761 ad
583 1733 635 1761 alia
651 1733 803 1761 istiusmodi
830 1740 930 1760 conve-

146 1782 248 1810 nientia
263 1782 313 1809 sibi
328 1787 355 1810 et
367 1782 455 1808 amica
471 1790 478 1808 :
495 1781 563 1808 asini
588 1784 690 1814 autem,
708 1784 736 1807 et
751 1779 803 1806 alia
820 1787 880 1814 qua:
894 1779 930 1806 ita

146 1831 209 1855 sunt
223 1827 298 1854 tarda
316 1827 454 1860 animalia,
482 1827 527 1854 illa
551 1827 661 1861 quidem
683 1826 776 1853 fenum
796 1829 928 1860 peterent,

145 1873 198 1900 alia
211 1873 245 1900 ad
261 1880 294 1901 ea
311 1879 372 1908 quae
391 1876 554 1899 consuerunt
571 1871 765 1906 sejungerent.
780 1869 866 1898 Homo
882 1878 929 1896 au-

145 1922 200 1945 tem
217 1917 373 1953 dignitatem
395 1917 513 1944 hominis
526 1917 636 1944 salvans
652 1916 685 1943 ad
700 1921 772 1944 artes
795 1920 928 1948 curreret,

145 1969 171 1990 et
186 1964 219 1990 ad
234 1962 388 1997 spectacula
402 1962 500 1989 artium
515 1965 683 1996 properaret.
710 1960 740 1988 Si
765 1960 825 1995 quis
838 1964 929 1987 autem

146 2013 218 2036 esset
240 2009 322 2036 homo
342 2015 406 2035 vere
430 2012 456 2035 et
481 2007 599 2035 hominis
612 2007 721 2035 salvans
737 2014 866 2039 sensum;
881 2007 928 2033 de-

146 2054 262 2089 spiciens
278 2060 305 2081 et
317 2054 444 2081 deridens
461 2053 628 2088 relinqueret
647 2053 741 2087 utique
766 2051 929 2079 sollicitudi-

145 2107 206 2127 nem
221 2100 404 2134 propositam;
421 2097 571 2132 respiceret
590 2101 681 2124 autem
697 2103 806 2124 sursutn
824 2096 857 2123 ad
870 2102 929 2123 coe-

146 2145 212 2176 lum,
224 2148 252 2170 et
266 2143 368 2170 videret
382 2150 442 2177 quae
457 2143 484 2169 in
498 2142 570 2170 etelo
590 2146 617 2169 et
643 2141 770 2176 superius
789 2141 860 2168 coelo
881 2141 930 2168 ha-

145 2190 253 2221 bentur,
281 2196 335 2216 non
360 2188 446 2216 oculis
468 2187 514 2215 sed
541 2191 642 2220 mente,
666 2191 693 2214 et
713 2193 767 2213 non
791 2189 929 2220 pateretur

146 2237 271 2263 deorsum
300 2235 326 2262 in
348 2241 428 2262 coeno
451 2233 579 2260 volutari.
598 2232 651 2260 Sed
677 2232 741 2266 quid
770 2232 902 2259 faciemus
917 2231 929 2258 Ἰ
945 2224 966 2251 Ῑ)

147 2282 216 2309 Deus
231 2281 353 2315 superius
366 2280 435 2307 coelo
449 2284 490 2306 est
511 2283 539 2306 et
563 2277 673 2313 ubique.
691 2277 815 2305 Mortalia
839 2281 929 2304 autem

146 2328 217 2355 circa
234 2327 304 2353 latus
319 2325 446 2358 illiciunt,
463 2329 490 2352 et
503 2331 591 2359 neque
607 2323 740 2354 dicentes,
767 2329 855 2356 neque
881 2329 930 2348 au-

145 2373 252 2400 dientes
274 2370 426 2399 excitamur
448 2377 463 2396 a
485 2376 581 2397 somno
602 2377 610 2402 ;
637 2369 684 2396 sed
707 2368 777 2395 sicut
800 2375 862 2395 cera
885 2371 931 2393 aut

146 2418 285 2453 plumbum
300 2416 417 2444 infusum
432 2415 543 2442 auribus
561 2414 661 2442 nostris
673 2413 783 2441 obturat
796 2413 931 2440 sermonis

148 2466 310 2499 ingressum,
322 2466 349 2489 et
364 2461 514 2488 clamamus
533 2460 593 2487 sine
610 2466 691 2487 causa
706 2467 713 2485 :
731 2459 841 2485 trahunt
858 2458 929 2485 enim

147 2517 208 2544 qua:
223 2510 364 2536 attrahunt
377 2514 429 2534 non
445 2513 506 2533 cum
521 2506 558 2537 vi,
575 2504 709 2539 siquidem
736 2510 786 2531 nec
812 2504 901 2538 pisces
915 2511 929 2530 a

148 2555 251 2590 laqueis
274 2561 335 2581 cum
353 2552 379 2579 vi
395 2552 543 2580 trahuntur
567 2550 687 2585 quandiu
711 2553 738 2576 et
760 2549 929 2582 capiuntur:

146 2607 233 2635 neque
247 2599 370 2627 diabolus
386 2599 438 2625 vim
454 2597 519 2624 facit
534 2595 700 2627 hominibus,
718 2594 765 2621 sed
794 2594 928 2620 hortatur.

146 2645 204 2672 Non
217 2646 289 2673 enim
301 2645 431 2679 scriptum
449 2647 501 2674 est,
526 2643 588 2676 quia
604 2640 709 2674 accepit
727 2638 848 2666 diabolus
868 2645 928 2665 ma-

182 2705 203 2721 “
218 2704 269 2732 lsa.
282 2713 326 2738 xu,
339 2700 383 2732 26.
422 2703 444 2718 ⁵³
457 2702 507 2730 lsa.
521 2709 549 2734 v,
566 2701 593 2727 ι.
632 2699 654 2715 ⁵³
667 2697 732 2726 ibid.

182 2751 238 2786 (95)
249 2751 310 2786 315.,
324 2750 390 2786 γωίῇ
401 2757 446 2777 cor
462 2753 576 2786 propter.

183 2782 238 2819 (96)
253 2785 356 2812 Tutela.
368 2782 585 2819 Forte,‘turbeia.

182 2815 238 2856 (:95)
252 2819 316 2852 Ms”
329 2819 392 2852 quid
406 2826 485 2845 suave
497 2821 534 2844 est
546 2817 575 2843 in
587 2815 682 2842 inuidia
695 2815 707 2840 .’

308 2867 442 2895 l‘ATnOL.
467 2864 526 2894 (in.
550 2863 664 2893 XXIV.

983 1597 1054 1624 enim
1072 1597 1117 1632 qui
1135 1598 1222 1624 victus
1238 1602 1288 1630 est,
1302 1598 1406 1625 ordinis
1419 1599 1505 1626 aciem
1531 1599 1654 1633 dimisit;
1675 1600 1709 1628 ab
1724 1601 1767 1628 his

983 1647 1072 1669 autem
1088 1642 1133 1676 qui
1154 1645 1292 1676 superant,
1308 1642 1406 1669 debent
1428 1643 1538 1677 agnosci
1557 1646 1677 1677 agmines
1695 1645 1765 1672 mili-

984 1693 1064 1715 tares.
1079 1687 1145 1721 Quia
1162 1695 1249 1722 neque
1261 1695 1277 1715 a
1294 1688 1373 1716 caecis
1388 1687 1483 1715 oculus
1501 1688 1655 1724 judicatur,
1678 1698 1765 1725 neque

982 1739 996 1759 a
1014 1733 1103 1760 surdis
1120 1733 1205 1765 auris,
1220 1741 1309 1770 neque
1324 1734 1358 1761 ab
1371 1734 1566 1769 aegrotantibus
1589 1739 1697 1768 natura,
1715 1743 1765 1763 nec

982 1779 1016 1806 ab
1030 1779 1208 1807 iniructuosis
1230 1780 1373 1808 arboribus
1394 1773 1478 1815 culpa
1488 1784 1593 1808 natura;
1616 1781 1696 1808 debet
1719 1789 1763 1808 as-

982 1824 1049 1851 cribi
1064 1834 1071 1851 -.
1089 1825 1153 1860 quia
1169 1832 1220 1852 nec
1235 1825 1334 1852 mortui
1349 1825 1471 1853 homines
1484 1825 1609 1853 homines
1623 1831 1698 1859 sunt,
1715 1833 1764 1853 uec

983 1870 1007 1896 in
1028 1870 1096 1897 vivis
1111 1870 1253 1905 irreligiosi
1268 1875 1295 1898 et
1309 1871 1393 1905 impii,
1409 1879 1496 1906 neque
1515 1876 1656 1907 assumpta
1689 1872 1764 1900 delc-

982 1915 1064 1943 ctatio
1086 1916 1238 1944 libidinosis
1261 1921 1412 1951 reputatur.
1438 1916 1500 1945 Haec
1521 1917 1592 1944 euim
1619 1922 1661 1945 est
1682 1925 1763 1945 noxa.

981 1961 1014 1988 Et
1029 1961 1130 1988 utinam
1143 1961 1281 1996 expediret
1296 1962 1394 1996 aliquid
1407 1969 1506 1994 sermo,
1524 1966 1589 1989 utet
1606 1963 1703 1990 iterum
1715 1963 1764 1990 lle-

981 2010 1032 2034 rct.
1059 2006 1128 2040 Quia
1154 2007 1226 2034 enim
1254 2014 1446 2041 nonnunquam
1470 2011 1600 2041 putantur
1626 2014 1764 2035 sermones

981 2051 1132 2079 contrarios
1161 2052 1195 2079 ob
1225 2053 1420 2087 spectatiouem
1445 2052 1501 2087 (97)
1527 2052 1630 2080 fructus
1654 2053 1764 2086 aﬂ'erre,

982 2097 1051 2125 sicut
1072 2097 1146 2133 ,Deus
1167 2097 1250 2125 Israel
1263 2097 1373 2132 culpans
1393 2097 1477 2124 dicit:
1494 2096 1615 2125 Sustinui
1627 2103 1654 2125 ut
1669 2099 1764 2133 faceret

981 2150 1068 2176 uvam,
1098 2143 1158 2176 fecit
1182 2147 1270 2169 autem
1286 2143 1375 2177 spinas
1397 2142 1439 2175 “;
1460 2143 1614 2171 exhortatio
1643 2145 1763 2179 quaedam

981 2188 1098 2216 edicitur
1119 2188 1152 2215 ad
1181 2187 1342 2220 docendum,
1369 2195 1401 2215 eo
1426 2188 1498 2222 quod
1526 2196 1578 2216 non
1601 2189 1764 2217 iructilicant

982 2234 1073 2261 verba.
1092 2233 1230 2268 Siquidem
1241 2237 1269 2260 et
1281 2232 1336 2260 illic
1348 2233 1414 2260 dicit
1428 2233 1498 2260 Deus
1511 2241 1519 2260 :
1533 2234 1629 2260 Omnia
1642 2242 1764 2268 quiscun-

982 2287 1031 2314 que
1045 2279 1121 2305 debui
1133 2278 1217 2313 facere
1232 2278 1283 2312 [cci
1299 2278 1380 2305 vinea:
1397 2286 1461 2305 mea
1476 2277 1509 2304 δ’.
1527 2277 1594 2310 Quia
1613 2278 1686 2305 enim
1700 2286 1765 2306 con-

984 2324 1081 2351 trarius
1094 2324 1288 2358 exspectationi
1304 2324 1392 2351 attulit
1406 2323 1520 2355 fructus,
1536 2323 1584 2355 ait,
1608 2323 1762 2351 Subducam

983 2369 1094 2397 imbrem
1111 2370 1143 2396 ab
1152 2377 1183 2396 ea
1197 2377 1204 2396 :
1220 2369 1312 2403 utquid
1328 2368 1399 2404 enim
1409 2367 1513 2402 pluvias
1528 2367 1553 2394 ei
1567 2367 1650 2395 vinem
1670 2368 1696 2395 in
1710 2375 1763 2402 qua

984 2422 1035 2442 non
1052 2418 1201 2449 exsurgunt
1213 2413 1334 2440 fructus?
1350 2410 1383 2440 Et
1395 2412 1458 2444 alia,
1475 2412 1573 2448 inquit,
1586 2413 1678 2440 omnia
1693 2421 1764 2447 qum-

983 2466 1089 2494 cunque
1103 2459 1153 2486 feci
1170 2458 1202 2485 ad
1216 2457 1452 2485 iructllicationem
1468 2456 1535 2490 ejus,
1553 2457 1675 2492 qumdam
1700 2459 1761 2492 qui—

984 2505 1043 2532 dem
1062 2503 1192 2535 aul‘eram,
1208 2502 1329 2537 quaadam
1347 2506 1436 2529 autent
1454 2505 1584 2534 evertam,
1601 2506 1630 2528 ut
1649 2509 1701 2529 nou
1714 2509 1760 2529 cu-

983 2547 1089 2575 stodita:
1112 2548 1195 2581 spina:
1216 2551 1243 2574 et
1264 2546 1350 2576 imbre
1365 2545 1458 2581 rigata:
1483 2545 1626 2574 ﬂorescant
1644 2554 1652 2574 :
1668 2552 1714 2573 aut
1729 2553 1764 2574 ex

984 2593 1100 2628 negotiis
1115 2598 1160 2619 aut
1174 2600 1207 2619 ex
1223 2591 1372 2625 Scripturis
1395 2592 1584 2619 condiseamus
1602 2592 1762 2627 religiosita-

983 2643 1047 2666 tem.
1066 2638 1088 2665 A
1109 2638 1223 2673 negotiis
1239 2637 1346 2672 quidem
1360 2638 1498 2665 videamus
1509 2637 1632 2665 mortalia
1649 2641 1678 2664 ut
1693 2645 1765 2665 mor-

1018 2740 1074 2775 (96)
1090 2739 1184 2775 Lectio.
1218 2738 1298 2775 Forte
1312 2739 1413 2775 electio.

1018 2772 1075 2809 (97)
1103 2773 1196 2800 Grmce
1220 2772 1301 2801 fuisse
1332 2774 1449 2807 videtur,
1480 2773 1556 2809 παρὰ
1587 2773 1765 2809 προσδοκίαν,

982 2813 1076 2845 pra’ter
1087 2809 1316 2842 exspectationem.

1565 2854 1604 2886 38
