2024 3208
303 169 371 197 i195

302 228 376 259 talia,
396 224 563 254 transeuntia
577 229 605 252 ιιι
617 225 782 253 transeuntia

301 279 342 300 sta
367 277 412 300 aut
439 272 592 305 inhonesta,
611 271 651 298 vel
668 279 682 297 a
700 271 814 305 negatiis
837 276 865 298 et
882 270 1012 304 alitteris
1030 271 1086 305 (98)

302 319 460 351 vitte.,Deus
477 323 588 352 propter
604 317 818 345 misericordiam
834 317 875 344 sui
891 317 986 344 scribit
1000 317 1088 344 homi-

302 372 352 392 nes
367 363 552 391 inobedientes
563 369 625 390 esse
639 369 693 389 non
709 362 820 390 debere.
841 361 924 389 Putas
939 361 1088 396 fatigantur

303 410 412 444 quidam
428 416 488 436 esse
499 408 611 444 pudici?
627 407 684 435 Non
700 409 796 435 mirum
810 413 900 435 autem
916 407 938 434 si
951 406 1089 434 libidinosi

305 465 359 485 non
376 456 467 484 satiati
481 457 537 491 jam
555 460 675 483 cessant.
695 455 724 483 Si
743 456 815 483 enim
828 456 869 482 his
880 455 927 489 qui
944 455 1011 482 bene
1024 461 1089 481 cur-

303 509 369 533 runt
390 505 467 532 labor
488 507 540 535 est,
566 503 608 530 his
625 503 670 538 qui
690 503 760 529 male
775 506 889 529 currunt
913 508 961 528 cur
976 500 1089 528 satietas

304 559 357 579 non
381 549 521 577 habetur?
545 548 685 584 Fatigatur
700 548 762 582 quis
786 547 891 574 faciens
906 547 996 580 bene;
1019 545 1090 573 male

304 601 393 623 autem
408 595 512 622 faciens
533 601 586 621 non
598 593 736 620 satiatur?
763 592 855 627 Equus
874 592 900 619 in
921 598 1003 618 cursu
1031 590 1088 618 etii-

303 641 375 668 citur
390 639 490 666 sudans
504 647 512 672 ;
528 643 556 666 et
565 638 653 666 malus
670 645 784 666 currens
799 642 879 672 putas
892 643 944 663 non
961 635 1092 671 fatigatur

305 687 332 712 in
343 685 459 713 sudore?
468 685 527 712 Non
539 685 609 712 enim
623 687 726 711 tantum
736 683 864 718 exprimit
872 688 968 710 cursus
979 688 1090 716 equum,

304 735 435 766 quantum
449 737 495 758 eos
512 730 558 765 qui
583 729 686 756 malitia
711 733 835 756 utuntur.
858 727 969 755 Cessate
984 734 1000 754 a
1015 726 1093 753 mali-

304 777 351 804 tiis
373 776 484 809 vestris,
511 778 539 802 et
565 775 663 802 iterum
686 774 811 802 odientcs
834 773 934 799 malum
946 771 1092 807 jungimini

304 822 387 849 bono.
408 820 466 848 Non
482 819 591 854 prodest
608 819 713 846 malitia
727 819 818 850 malo;
835 817 936 845 malum
948 817 1021 844 enim
1038 821 1091 847 est,

305 867 412 895 etiamsi
426 867 575 894 sentiamus
595 870 641 892 aut
655 872 709 893 non
725 865 888 892 sentiamus.
904 863 989 898 Magis
1002 866 1091 890 autem

636 165 768 194 EUSEBH
788 162 1025 192 (ZESARIENSIS
1044 162 1120 192 OPP.
1141 162 1231 189 PARS
1251 162 1294 189 IV.
1311 178 1344 183 —
1363 153 1574 189 DOG‘M'ATICA.

1850 161 1906 189 1116

806 235 812 251 :
838 232 889 251 non
909 224 984 252 vides
1002 225 1085 252 hone-
1101 229 1123 257 Α
1137 224 1226 252 visio!
1245 223 1289 250 ubi
1316 227 1378 250 sunt
1398 222 1491 250 oculi?
1510 229 1527 249 o
1549 221 1628 249 bona
1654 220 1844 248 adhortationis
1857 228 1908 248 seu-

1139 271 1203 298 snsl
1223 269 1267 297 ubi
1281 269 1399 297 sensus?
1413 268 1457 296 ubi
1475 266 1633 302 cogitatus?
1659 264 1729 299 Quid
1748 265 1908 300 reprehendi-

1141 317 1176 344 sti
1194 315 1238 342 illa
1252 315 1263 341 τ
1279 314 1344 349 quid
1363 313 1495 349 agnovisti
1514 312 1636 339 in-istis?
1654 311 1698 338 ubi
1711 311 1909 339 annminuscur-

1139 369 1197 393 sus,
1212 366 1242 388 ut
1258 366 1286 388 et
1297 367 1454 395 perseveres
1470 359 1496 386 in
1519 357 1646 393 praesenti
1659 360 1741 391 anno
1759 357 1785 383 in
1802 364 1873 383 emno
1887 362 1909 384 to

1139 408 1251 435 volvens
1274 407 1286 434 3
1314 406 1358 434 ubi
1384 411 1447 433 sunt
1473 412 1535 439 quae
1562 403 1730 431 manducain
1760 407 1819 429 ante
1841 403 1909 429 istum

1140 454 1222 486 diem,
1240 458 1270 480 ut
1295 451 1408 480 festines
1431 450 1488 486 (99)
1514 455 1542 477 et
1561 449 1664 476 hodie?
1678 456 1759 484 quem
1774 448 1880 475 fructum
1896 455 1910 475 a

1141 499 1255 526 libidine
1281 497 1423 533 accepisti,
1452 502 1481 524 ut
1510 496 1610 523 iterum
1635 494 1669 521 ad
1697 494 1782 527 ipsam
1800 492 1912 527 iniuriam

1142 543 1258 572 curras?
1284 543 1312 570 Si
1340 547 1430 569 autem
1459 549 1510 569 nos
1534 540 1640 568 hortari
1664 544 1755 567 vestra
1777 538 1912 566 obedientia

1141 590 1234 623 vultis,
1250 588 1395 616 ostendere
1411 587 1450 624 (1)
1464 588 1521 622 ipso
1543 593 1626 621 opere
1653 585 1758 612 fructus
1783 582 1912 610 sermonis.

1142 635 1219 663 Nunc
1234 640 1324 661 autem
1344 638 1372 661 et
1387 640 1434 660 vos
1456 631 1636 659 adhortamini
1659 638 1667 657 :
1682 629 1731 657 sed
1755 634 1854 662 tempus
1869 634 1913 654 non

1143 681 1286 716 permittit.
1311 679 1383 706 Deus
1397 683 1487 706 autem
1511 677 1606 704 liberet
1618 683 1666 703 vos
1679 675 1714 702 ab
1729 675 1801 701 omni
1817 673 1912 705 malitia,

1143 730 1170 753 et
1195 724 1298 760 repleat
1323 731 1373 751 vos
1398 723 1455 750 suis
1479 721 1569 753 bonis,
1587 726 1616 748 ut
1632 719 1753 747 all'eratis
1774 718 1881 746 fructum
1892 718 1913 744 in

1143 771 1293 798 centesimo
1308 773 1335 797 et
1349 768 1518 803 sexagesimo
1535 771 1563 794 et
1581 766 1719 793 tricesimo
1733 771 1852 794 numero.
1875 770 1914 798 per

1143 816 1284 844 Christum
1313 814 1383 848 eius,
1409 819 1459 848 per
1483 818 1564 846 quem
1587 814 1631 838 est
1654 810 1711 837 Deo
1733 808 1805 836 Patri
1829 808 1911 844 gloria,

1144 863 1242 894 honor,
1269 859 1424 895 imperium,
1452 858 1593 892 maiestas,
1617 863 1679 884 cum
1702 855 1803 890 Spiritu
1822 858 1914 886 sancto,

307 913 489 941 sentientibus
509 911 624 946 simplex
647 914 699 943 cst,
726 917 779 938 non
797 909 979 937 sentientibus
1003 913 1092 936 autem
1109 898 1129 925 Β
1146 913 1172 936 et
1190 914 1262 935 nunc
1285 910 1312 934 et
1332 911 1450 939 semper,
1469 909 1496 932 et
1517 911 1565 939 per
1585 901 1677 930 omnia
1706 900 1801 929 uacula
1818 899 1915 928 saeculo-

307 959 416 994 duplex.
435 957 563 992 Respicite
584 957 611 983 in
631 956 716 983 altum
737 956 822 983 oculis
842 955 945 987 vestris,
960 959 985 981 et
1008 954 1093 981 videte

306 1005 365 1039 quia
385 1003 519 1031 constituit
534 1003 622 1029 omnia
639 1003 690 1029 ista
709 1002 741 1029 “.
755 1001 776 1029 0
796 1002 873 1029 bona:
892 999 1089 1028 adhortationis

1147 960 1216 981 rum.
1230 952 1326 978 Anien.

325 1061 1913 1085 Ν

307 1079 364 1096 δε

460 1084 920 1094 —————.—._————_.

1099 1080 1250 1087 ____.——

797 1174 1077 1234 EUSEBII
1115 1171 1460 1229 PAMPHILI

704 1295 793 1339 DE
846 1291 1255 1340 OPERIBUS
1307 1288 1550 1336 BONIS

755 1389 809 1419 Ex
823 1386 970 1426 Epistola
985 1386 1080 1417 Pauli
1093 1386 1134 1416 ad
1148 1385 1330 1417 Corinthio:
1345 1384 1494 1421 secunda,

986 1468 1104 1500 LIBER
1126 1468 1268 1498 NONUS.

346 1622 585 1653 Resurrectionem
612 1619 719 1648 Domini
745 1623 773 1648 et
795 1622 949 1654 regressum
974 1617 1033 1651 ejus
1060 1616 1095 1644 ad
1110 1618 1132 1648 c
1150 1619 1233 1642 tutem
1249 1618 1381 1649 quantum
1397 1614 1430 1641 ad
1445 1619 1508 1641 eum
1524 1613 1571 1649 qui
1589 1612 1745 1641 videbatur.
1763 1611 1794 1640 Et
1807 1618 1855 1638 xxx
1867 1609 1919 1637 totis

310 1669 395 1698 caelos
411 1668 477 1703 ipsis
491 1666 577 1695 oculis
604 1664 728 1692 videntes
751 1663 877 1699 apostoli,
900 1661 1097 1690 dubitationem

311 1723 392 1751 quam
420 1712 661 1748 ante-passionem
686 1711 824 1738 habebant
851 1709 1047 1743 deposuerunt,
1071 1710 1099 1733 et

312 1768 420 1789 omnem
438 1757 660 1787 incredulitatem
678 1763 693 1782 a
710 1762 740 1783 se
754 1754 926 1790 pepulerunt.
946 1752 1006 1787 Ipso
1025 1752 1099 1780 enim

312 1808 373 1834 visu
389 1805 441 1833 sibi
456 1805 524 1832 satis
541 1803 674 1831 facientes
692 1801 754 1836 quia
767 1799 917 1827 resurrexit
942 1802 970 1826 et
994 1805 1100 1825 assum-

312 1857 375 1887 ptus
388 1851 421 1878 ad
437 1850 521 1878 cmlos
533 1852 576 1876 est
595 1847 736 1880 Dominus,
751 1845 796 1872 alii
811 1852 860 1879 pro
872 1844 932 1872 aliis
945 1843 1034 1871 etl'ecti
1047 1850 1100 1870 no-

314 1900 437 1924 scuntur.
452 1894 549 1922 Petrus
560 1892 633 1920 enim
651 1898 698 1926 pro
709 1890 875 1925 iuramentis
896 1893 924 1916 et
940 1887 1100 1923 abnegatio-

315 1942 406 1972 nibus,
425 1946 515 1974 praeco
541 1937 632 1966 mundi
657 1935 768 1963 effectus
781 1938 832 1962 est.
859 1929 933 1960 Visio
948 1933 1020 1960 enim
1038 1939 1101 1959 cum

317 1986 500 2014 ﬁrmissimam
517 1988 622 2019 petram
635 1981 735 2014 ell'ecit,
752 1981 789 2008 ita
806 1984 836 2006 ut
850 1978 876 2006 in
890 1986 951 2006 eum
966 1984 993 2005 et
1007 1977 1101 2005 Eccle-

319 2034 360 2059 sia
375 2031 566 2062 aediﬁcaretur,
581 2033 608 2056 et
621 2028 679 2063 ipse
692 2030 796 2061 martyr
819 2024 964 2052 exsisteret
985 2022 1098 2051 Christi.

322 2077 442 2108 Thomas
460 2081 577 2109 quoque,
595 2072 639 2108 qui
657 2076 685 2099 et
710 2075 771 2106 post
795 2069 1036 2102 resurrectionem,
1052 2075 1102 2095 an-

320 2128 428 2156 tequam
444 2120 657 2154 experimentum
674 2118 820 2151 acciperet,
837 2115 936 2143 dubius
953 2119 1024 2148 erat,
1040 2110 1102 2149 quia

322 2167 397 2195 misit
412 2165 509 2200 digitos
523 2170 586 2191 suos
602 2163 629 2189 in
652 2161 830 2190 foraminibus
845 2160 998 2190 clavorum.
1016 2163 1045 2186 et
1062 2157 1102 2186 si-

316 2213 400 2242 bimet
418 2210 469 2246 ipsi
486 2209 554 2237 satis
568 2207 642 2240 fecit,
658 2207 799 2234 Dominum
813 2213 875 2232 eum
889 2209 917 2232 et
934 2204 1018 2232 Deum
1035 2210 1103 2231 con-

318 2259 410 2286 fessus
435 2259 486 2284 est.
511 2254 578 2283 Erat
602 2252 675 2280 enim
695 2250 853 2279 incredibile
866 2251 949 2277 Deum
963 2249 1105 2277 advenisse

317 2306 345 2332 in
359 2309 482 2339 corpore,
498 2305 525 2329 et
535 2300 673 2331 hominem
688 2297 772 2325 videri
789 2296 930 2325 caelestem
944 2304 952 2322 :
965 2290 1028 2322 erat
1050 2303 1103 2322 non
1120 2291 1142 2318 D

319 2350 494 2381 credendum,
511 2347 574 2383 quia
587 2354 621 2374 ex
635 2345 739 2381 virgine
763 2347 823 2371 erat
841 2341 968 2380 nativiias
984 2340 1042 2375 ejus
1061 2348 1104 2368 se-

318 2397 435 2425 cundum
445 2402 566 2423 carnem.
573 2394 620 2422 lsti
630 2394 703 2421 enirn
712 2389 885 2419 conscientiae
893 2387 1104 2416 satisfactionem

320 2442 377 2471 sola
402 2440 520 2468 habebat
532 2446 592 2474 quae
607 2435 847 2473 pepereratvirgo.
869 2433 990 2460 Necdum
1017 2437 1105 2459 autem

320 2492 419 2515 natura
441 2483 604 2516 testabatur,
631 2489 719 2517 neque
744 2484 831 2510 mater
858 2478 977 2506 habebat
1004 2476 1105 2510 aliquid

319 2533 373 2569 tale
397 2530 553 2564 semetipsa,
578 2535 665 2562 neque
687 2527 720 2554 de
743 2526 785 2555 bis
804 2532 864 2560 quae
888 2524 1026 2553 deorsum,
1058 2521 1106 2548 sed

319 2578 413 2606 omnia
428 2579 507 2604 erant
520 2573 700 2602 incredibilia.
716 2572 810 2601 Gratia
823 2570 896 2599 enim
912 2573 972 2597 erat
997 2568 1106 2595 inenar-

321 2622 426 2654 rabilis,
441 2625 468 2648 et
484 2618 650 2654 indulgentia
666 2615 844 2645 incredibilis.
866 2613 926 2643 Alia
941 2612 1013 2640 enim
1028 2614 1108 2638 erant

322 2675 383 2702 quas
394 2666 575 2695 videbantur:
600 2663 646 2700 qui
670 2662 743 2690 enim
768 2661 920 2693 videbatur,
936 2665 1000 2686 vere
1013 2661 1042 2684 et
1057 2657 1106 2684 ho-

323 2715 424 2741 minem
451 2711 622 2741 ostendebat.
647 2709 719 2736 Nihil
743 2709 816 2736 enim
842 2705 984 2735 diﬂ‘erebat
1007 2704 1041 2732 ab
1055 2703 1108 2731 alio

324 2759 434 2789 homine
451 2762 583 2793 quantum
598 2755 631 2783 ad
644 2755 750 2783 visum:
766 2755 829 2789 quia
850 2750 1007 2781 continebat
1024 2750 1110 2778 virtu-

359 2805 383 2820 ⁸⁸
401 2805 450 2832 lsa.
466 2812 511 2836 ιι..
531 2803 576 2830 26.

430 2849 556 2889 Γραφῶν,
573 2847 729 2889 scripturis.

356 2881 416 2920 {99)
431 2881 459 2913 Id
478 2881 530 2915 est,
545 2881 656 2917 epularis
682 2881 740 2910 Vox
754 2881 879 2909 barbara.

1149 1658 1229 1685 annis
1245 1665 1299 1686 non
1318 1657 1420 1686 fecerat
1437 1659 1554 1694 signum,
1576 1662 1606 1685 ut
1630 1658 1722 1693 primo
1745 1656 1861 1684 suaderet
1873 1662 1915 1682 no-

1149 1704 1192 1732 bis
1211 1704 1274 1738 quia
1300 1711 1413 1731 carnem
1444 1703 1601 1739 assumpsit,
1625 1707 1653 1731 et
1676 1703 1834 1731 concederet
1854 1699 1915 1728 carni

1150 1749 1280 1784 prolicere
1295 1749 1322 1777 in
1337 1754 1429 1781 aetate,
1443 1753 1471 1776 et
1482 1756 1535 1776 non
1557 1748 1590 1776 de
1613 1754 1643 1776 se
1669 1747 1802 1783 suspicari
1816 1745 1878 1781 quod
1894 1749 1917 1771 et

1150 1795 1322 1829 suspicavere
1335 1794 1444 1829 quidam
1460 1793 1581 1822 hmretici
1597 1802 1604 1821 :
1617 1798 1644 1821 et
1665 1794 1719 1821 ista
1733 1790 1916 1827 dispensatione

1151 1841 1222 1869 facta
1241 1841 1376 1876 praebebat
1391 1846 1418 1868 et
1441 1841 1493 1868 hoc
1515 1839 1748 1868 incredulitatem.
1767 1837 1836 1866 Nihil
1856 1836 1917 1864 enim

1153 1887 1269 1923 amplius
1293 1887 1439 1920 putabatur
1457 1893 1527 1919 esse,
1553 1893 1635 1921 quam
1663 1884 1687 1912 is
1711 1885 1757 1920 qui
1785 1883 1918 1911 videbatur.

1151 1929 1220 1961 Nam
1247 1937 1274 1961 et
1306 1933 1340 1960 ad
1365 1933 1529 1967 baptismum
1552 1929 1664 1958 Joannis
1687 1926 1920 1961 veniebanbaptl'

1153 1987 1240 2008 smum
1260 1983 1349 2006 autern
1367 1985 1419 2005 non
1442 1982 1501 2005 erat
1520 1976 1632 2011 simplex
1654 1985 1661 2003 :
1680 1974 1842 2011 ptenitentiz
1860 1971 1920 1999 enim

1153 2029 1214 2053 erat
1223 2024 1397 2059 baptismum,
1409 2023 1535 2056 quodque
1548 2021 1637 2048 adhuc.
1649 2021 1737 2056 magis
1747 2019 1873 2047 hominem
1883 2022 1920 2043 ω·

1154 2071 1291 2102 tendebat,
1309 2076 1391 2104 quam
1410 2075 1471 2095 eum
1487 2067 1534 2102 qui
1549 2066 1743 2094 occultabatur
1766 2065 1792 2092 in
1814 2062 1918 2091 homine.

1156 2118 1240 2146 Erant
1258 2117 1340 2152 igitur
1354 2117 1405 2144 ista
1427 2116 1622 2151 impedimenta
1639 2114 1713 2147 ﬁdei,
1729 2120 1788 2147 qua
1807 2109 1918 2138 videban.

1156 2168 1211 2196 tur,
1228 2170 1288 2198 quas
1303 2163 1414 2194 hebant,
1428 2169 1502 2194 esca,
1526 2167 1650 2192 somnus,
1676 2158 1815 2194 provectio
1837 2153 1918 2184 anatis,

1156 2209 1183 2236 in
1200 2213 1271 2236 terra
1284 2207 1477 2239 deambulatio.
1500 2206 1528 2234 Si
1548 2210 1639 2233 autem
1652 2204 1732 2232 vellet
1746 2209 1773 2232 et
1786 2202 1863 2229 Mater
1885 2199 1919 2225 tli-

1156 2261 1228 2286 cere,
1244 2254 1312 2287 Quia
1325 2253 1402 2287 virgo
1419 2260 1532 2280 manens
1555 2259 1618 2278 eum
1641 2251 1723 2278 enixa
1752 2256 1809 2277 sum
1825 2256 1832 2281 ;
1852 2244 1919 2273 ttnitﬂ

1159 2300 1281 2327 mulieris
1297 2303 1391 2326 contra
1406 2303 1533 2326 naturam
1559 2296 1743 2324 testimonium
1758 2295 1843 2322 minus
1863 2289 1921 2317 Vale-

1159 2349 1211 2378 ret,
1223 2349 1251 2371 et
1265 2345 1381 2371 maxime
1398 2344 1469 2378 apud
1486 2342 1604 2370 Judaaos.
1627 2341 1676 2369 His
1690 2341 1772 2376 igitur
1791 2337 1865 2366 tantis
1881 2335 1921 2362 im-

1160 2389 1323 2424 pedimentis
1339 2388 1494 2416 constitutis
1514 2387 1547 2414 ad
1562 2387 1652 2420 ﬁdem,
1667 2387 1785 2413 arduum
1813 2386 1866 2409 erat
1885 2386 1922 2405 su-

1159 2435 1226 2468 scipi
1240 2433 1457 2468 praedicationem
1471 2442 1478 2461 :
1494 2436 1521 2460 et
1537 2431 1653 2459 maxime
1669 2431 1731 2466 quia
1741 2430 1783 2464 qui
1800 2426 1922 2454 videbatur

1159 2486 1213 2506 non
1227 2483 1285 2505 erat
1299 2479 1347 2513 qui
1364 2483 1392 2505 et
1404 2476 1560 2505 dicebatur:
1575 2477 1793 2511 praedicationem
1805 2468 1923 2507 praebebat

1160 2524 1229 2552 nihil
1245 2525 1343 2559 suscipi
1362 2524 1461 2552 debere
1475 2531 1536 2559 quae
1560 2522 1721 2550 videbantur
1740 2529 1746 2548 :
1767 2518 1868 2547 credere
1883 2521 1922 2540 au-

1162 2575 1216 2598 tem
1241 2569 1303 2604 quia
1329 2569 1356 2596 in
1381 2568 1515 2603 principio
1543 2572 1602 2594 erat
1623 2565 1754 2597 Verbum,
1776 2568 1801 2591 et
1821 2559 1922 2604 Verbum

1161 2619 1220 2642 erat
1242 2602 1350 2645 vivens,
1376 2602 1404 2642 et
1428 2602 1498 2641 Deus
1523 2617 1581 2640 erat
1605 2609 1746 2643 Verbum;
1763 2609 1817 2636 haec
1838 2604 1867 2633 ad
1886 2602 1922 2630 illa

1160 2667 1220 2694 quae
1234 2659 1458 2694 inspiciebantur,
1475 2657 1577 2684 nullam
1591 2654 1751 2683 videbantur
1763 2652 1856 2680 habere
1868 2653 1921 2694 coii-

1161 2691 1327 2732 setisiorrem.
1352 2703 1586 2737 Quemadmodum
1603 2707 1670 2737 ergo
1688 2700 1715 2728 id
1737 2697 1807 2734 quod
1821 2691 1918 2737 incredi:

1163 2750 1216 2777 bile
1235 2754 1276 2777 est
1291 2734 1405 2777 edicitur
1420 2747 1560 2782 credibile,
1584 2734 1649 2783 ipse
1664 2745 1728 2775 dicit
1748 2742 1867 2772 Dominus
1881 2734 1919 2766 τε

1201 2840 1240 2876 ιι)
1254 2839 1359 2874 Melius,
1371 2839 1507 2867 ostmditc.
