2024 3208
138 166 208 194 1197

794 167 836 194 DE
856 165 1026 194 OPERIBUS
1046 165 1153 193 BONIS.

1699 167 1765 194 1198

138 233 217 259 opera
234 233 286 251 mm
302 224 372 258 furia
390 228 448 259 qna'
462 224 552 251 nullus
567 224 635 252 alius
648 222 723 259 facit,
735 225 814 253 nolite
826 225 931 252 credere
945 228 968 254 Α
982 224 1030 258 qui
1045 223 1127 250 etiam
1142 222 1287 249 mandabat
1302 222 1404 249 curatis
1424 229 1457 249 ne
1475 222 1594 250 dicerent
1611 222 1691 250 alicui
1705 230 1766 257 qua

138 271 204 298 milii
223 271 256 298 “.
279 271 355 299 Sicttt
383 272 454 298 enim
480 271 553 305 quod
575 271 720 298 videbatur
740 272 822 298 dabat
847 271 927 298 ﬁdem

137 317 201 351 quia
228 316 310 343 homo
338 321 409 348 erat,
439 316 474 342 ita
503 317 567 342 dum
591 320 764 351 operaretur,
791 316 929 351 prabebat

137 363 304 397 agnitionem
332 364 395 398 quia
424 362 505 390 Deus.
531 362 697 396 Dormiebat,
719 363 927 390 describebatur

138 409 221 436 homo
233 417 241 442 ;
260 408 396 436 suscitans
404 414 494 435 autem
508 413 642 441 mortuos,
655 409 819 435 ostendebat
831 409 924 436 Deum.

138 454 197 481 Non
214 455 288 482 enim
304 462 416 482 somnus
431 454 541 488 quidem
557 456 720 490 suggerebat
744 454 861 482 hominis
879 461 928 480 na-

137 504 238 532 turam,
253 501 418 528 resurrectio
433 504 523 527 autem
540 505 708 527 mortuorum
729 508 783 528 non
799 500 928 527 ostende-

138 548 184 573 bat
203 546 286 573 Deum
299 546 389 572 vivum
400 554 432 573 ex
446 547 554 573 vivente
567 546 621 573 Deo
635 555 641 572 :
660 553 746 580 neque
759 546 927 573 manducans

137 592 247 625 quidem
269 591 415 619 exhibebat
442 592 590 625 hominem,
621 599 654 619 ex
681 592 776 626 pani-is
799 592 871 619 enim
887 591 926 626 (2)

137 634 254 668 panibus
279 642 394 668 pascens
418 635 501 662 millia
538 635 677 662 hominum
702 644 754 662 non
779 635 929 663 exhibebat

139 680 222 706 Deum
244 688 251 706 :
278 688 366 714 neque
391 681 451 708 navi
479 682 588 716 quidem
611 682 740 716 navigare
767 681 929 709 ostendebat

136 726 295 758 hominem;
325 726 351 753 in
371 727 493 754 summis
510 732 600 754 autem
626 728 754 755 [luctibus
776 728 926 761 ambulare,

137 778 192 797 non
217 770 377 798 ostendebat
398 772 481 799 Deum
512 773 604 800 maris.
632 773 685 800 Sed
709 774 780 801 sicut
802 773 928 801 humanm

137 819 243 842 natura:
262 815 430 843 formabatur
447 817 628 845 utdiceretur
650 817 742 850 homo,
769 819 804 845 ita
828 818 928 845 divini-

138 861 203 887 tatis
220 861 278 894 ejus
291 868 373 896 opera
388 862 590 890 abscondebam
602 868 629 891 et
641 864 790 892 hominem.
808 863 860 891 Sed
877 865 926 890 ad-

137 905 274 932 mirabilia
293 906 401 940 quidem
415 914 475 941 quze
489 912 555 934 ante
570 908 723 942 passionem
742 916 819 936 suam
842 908 925 936 l‘acie—
942 897 962 923 Β

137 951 194 982 bat,
212 951 372 979 ostendebat
389 952 452 986 quia
474 953 574 980 divinas
591 954 702 982 virtutis
723 960 795 982 esset
824 955 924 982 adven-

138 1001 182 1023 tus
201 1006 208 1023 :
229 997 263 1024 de
278 998 476 1026 resurrectione
504 1006 593 1027 autem
611 999 669 1034 ejus
686 1001 759 1036 signa
782 1008 842 1035 quae
856 1009 926 1036 pne-

137 1045 290 1075 cesserant,
307 1041 359 1070 non
374 1043 501 1070 omnibus
521 1044 687 1071 exhibebant
713 1046 882 1072 virtutem‘et
895 1045 926 1072 ﬁ—

137 1087 199 1114 dem
218 1088 427 1115 resurrectionis
439 1089 508 1123 ejus,
524 1089 570 1116 sed
588 1096 657 1123 opus
673 1094 733 1117 erat
756 1090 818 1117 aliis
842 1090 926 1124 signis

137 1141 198 1167 qua!
217 1141 248 1161 ea
264 1133 406 1161 ﬁrmarent
427 1143 434 1160 :
462 1134 526 1168 quia
539 1142 594 1162 non
608 1135 696 1162 solum
718 1142 837 1169 prmsens
850 1141 926 1162 ante-

137 1187 218 1213 quam
237 1183 376 1213 pateretur
387 1184 517 1214 operatus
534 1184 576 1207 cst
589 1180 725 1208 mirabilia
738 1188 745 1207 ε
760 1181 807 1208 sed
823 1181 886 1215 quia
899 1186 926 1208 et

136 1229 258 1251 mortuos
278 1225 432 1257 suscitavit,
455 1229 482 1252 et
507 1226 565 1259 ipse
593 1233 738 1261 resurgens
753 1226 923 1254 miriﬁcatur.

135 1269 189 1297 tbi
202 1277 266 1304 ergo
282 1270 332 1296 ista
348 1273 410 1297 sunt
425 1270 560 1297 mirabilia
581 1277 641 1305 quae
667 1275 727 1305 post
747 1274 926 1300 resurrectio-
940 1268 942 1270 ⁷

135 1323 198 1342 nem
231 1321 310 1343 erant
340 1316 464 1344 facienda
489 1317 500 1343 ἲ
529 1324 617 1351 neque
653 1317 724 1344 enim
751 1318 924 1353 semetipsum

135 1361 236 1388 mundo
259 1362 389 1394 ostendit.
414 1368 502 1397 neque
520 1361 631 1390 Judazis.
661 1361 690 1389 Si
715 1362 798 1396 igitur
811 1370 863 1390 non
878 1371 925 1391 os-

136 1407 221 1433 tendit
236 1408 427 1441 semetipsum,
440 1407 577 1442 quomodo
587 1412 675 1442 potest
686 1408 747 1442 quis
759 1408 850 1436 dicere
862 1408 924 1443 quia

136 1452 240 1478 faciens
259 1452 394 1479 mirabilia
419 1453 578 1481 credibilem
607 1454 672 1481 fecit
693 1454 924 1481 resurrectionem

135 1504 212 1523 suam
225 1497 237 1522 ?
252 1496 351 1524 Iudaeis
368 1498 440 1524 enim
453 1499 628 1532 semetipsum
645 1507 696 1526 non
717 1500 922 1531 demonstravit,

135 1549 171 1570 ne
187 1542 283 1577 duplex
301 1543 334 1570 ab
350 1543 390 1570 eis
403 1543 592 1577 irreligiositas
610 1548 775 1571 tentaretur;
798 1544 852 1570 Sed
871 1551 923 1570 non
938 1559 959 1585 ρ

136 1592 262 1622 poterant
280 1588 389 1615 nolente
403 1588 470 1620 Deo,
488 1593 515 1615 et
527 1595 579 1615 non
592 1588 756 1615 concedente
769 1587 922 1621 Unigenito,

137 1633 255 1660 secundo
275 1641 337 1661 eum
351 1633 459 1669 afﬁgere
473 1633 546 1661 cruci
561 1643 567 1660 :
581 1633 715 1667 siquidem
733 1639 784 1660 nec
809 1632 924 1666 primam

136 1679 278 1706 audaciam
296 1679 484 1714 perfecissent,
507 1678 558 1706 nisi
582 1678 665 1706 Pater
686 1678 877 1709 concessisset,
898 1683 925 1705 et

135 1724 221 1751 Filius
241 1725 420 1760 permisisset.
443 1725 496 1752 Sed
522 1725 629 1752 interim
645 1724 862 1751 alacritas—mala
877 1724 925 1750 du-

136 1769 198 1803 plex
218 1769 358 1797 habuisset
374 1770 487 1796 malitia:
510 1769 628 1796 fructum
648 1777 654 1796 :
674 1767 731 1795 sive
747 1768 820 1795 enim
835 1768 925 1803 allige-

137 1819 199 1840 rent
217 1814 326 1847 iterum,
342 1814 400 1841 sive
416 1821 471 1841 non
487 1813 638 1849 alligarent,
649 1813 749 1840 vellent
764 1818 870 1845 autem;
885 1813 925 1840 in-

137 1860 217 1887 terim
231 1860 281 1894 ipsi
299 1859 432 1894 duplicem
445 1860 578 1887 haherent
596 1859 778 1893 iniquitatem.
794 1858 861 1886 Erat
877 1866 926 1886 au-

137 1909 193 1932 tem
204 1906 311 1940 etquod
324 1905 404 1932 ﬁebat
421 1905 541 1932 secundo
553 1903 736 1939 superﬂuum:
751 1905 835 1932 semel
846 1904 919 1932 enim

137 1951 306 1978 reconditum
322 1955 387 1978 erat-
396 1955 425 1977 ut
437 1950 605 1985 dispensatio
614 1949 798 1984 compleretur
812 1958 818 1977 :
829 1950 852 1977 si
865 1950 925 1984 qui-

137 1998 199 2024 dem
215 2004 264 2024 nec
283 1996 412 2031 possibile
429 2000 487 2023 erat
499 2000 560 2031 post
574 1995 802 2023 resurrectionem
826 2003 925 2030 corpus

138 2043 212 2077 quod
223 2042 279 2076 jam
295 2041 526 2069 immortalitatem
552 2041 640 2068 fuerat
664 2041 804 2075 adeptum,
822 2041 922 2067 itennn

140 2089 282 2116 incurrere
296 2093 421 2115 mortem.
439 2086 492 2114 Sed
510 2087 581 2114 sicut
593 2086 711 2113 animam
732 2087 821 2114 nullus
836 2091 926 2121 potest

136 2134 260 2161 occidere
277 2133 339 2168 quia
354 2137 396 2160 est
408 2132 579 2164 immortalis.
591 2132 630 2159 ita
646 2138 673 2160 et
681 2139 790 2167 corpus,
805 2139 866 2160 cum
883 2133 925 2159 in-

135 2180 230 2207 dulum
267 2178 348 2206 fuerit
385 2178 606 2211 immortalitate,
636 2179 715 2206 istam
743 2178 926 2213 habetlpost

979 269 1051 304 passi
1068 268 1183 296 fuissent
1197 267 1265 294 bene
1282 267 1332 302 (5).
1345 267 1625 296 Conservabat-enim
1649 268 1766 303 dignitav

979 318 1033 341 tem
1049 312 1268 344 resurrectionis,
1289 316 1316 340 et
1331 313 1508 348 regressionis
1524 320 1581 341 suae
1595 313 1629 340 ad
1643 313 1764 344 Patrem.

979 363 1004 386 et
1019 359 1152 386 adventus
1165 358 1282 393 Spiritus
1293 358 1391 386 sancti.
1410 358 1480 392 Quid
1500 359 1572 386 enim
1593 359 1679 394 magis
1700 367 1764 386 sua-

979 404 1060 431 debat
1074 403 1222 438 discipulos
1239 403 1310 437 ejus,
1330 403 1352 430 si
1370 403 1427 438 ipse
1448 402 1550 431 faceret
1567 403 1656 439 signa,
1677 409 1723 432 aut
1742 406 1764 432 si

978 456 1011 476 ex
1028 448 1094 483 ipsis
1106 448 1239 482 prasberet
1251 448 1376 475 virtutem
1389 447 1478 475 facere
1491 448 1594 483 majora
1609 457 1691 484 quam
1708 449 1766 484 ipse

978 493 1112 522 faciebat?
1127 494 1214 529 Ipsum
1229 494 1301 521 enim
1324 493 1415 521 facere
1432 494 1519 529 signa,
1536 498 1565 521 ut
1583 500 1646 529 puta
1667 495 1766 530 ejicere

978 539 1111 567 daemoriia
1127 546 1141 566 a
1157 539 1319 574 c0rporibus
1340 539 1484 574 possessis,
1506 545 1662 574 suspectum
1685 549 1700 567 a
1716 540 1767 568 Ju-

979 585 1043 613 daeis
1053 585 1166 619 estquia
1184 585 1210 611 in
1228 584 1380 612 Beelzebub
1393 585 1444 612 hoc
1457 585 1531 612 facit.
1545 585 1661 620 Cupiens
1673 592 1765 614 autem

979 638 1092 666 arguere
1105 631 1167 665 quia
1182 630 1228 657 Dei
1242 637 1322 664 opera
1336 630 1451 665 principi
1468 630 1663 657 daemoniorum
1676 632 1765 658 ascri-

978 677 1045 704 bunt
1061 677 1157 709 Judaei.
1183 681 1210 704 et
1233 675 1352 703 maxime
1371 683 1403 703 ea
1427 683 1488 710 quae
1511 676 1655 703 adversum
1675 676 1764 711 ipsum

977 723 1126 758 principem
1146 722 1340 750 daemoniorum
1355 725 1382 748 et
1396 721 1456 756 ejus
1473 722 1622 749 exercitum
1644 721 1756 754 ﬁebant,

978 768 1090 795 adduxit
1105 768 1130 794 in
1147 767 1265 795 medium
1284 768 1318 794 de
1334 766 1474 801 discipulis
1493 767 1560 798 suis,
1583 770 1615 796 et,
1628 766 1696 794 dixit
1712 775 1719 793 :
1735 767 1767 794 Si

977 822 1023 848 ego
1039 814 1065 840 in
1086 813 1228 840 Beelzebub
1245 813 1322 848 ejicio
1339 813 1481 844 dwmonia,
1504 813 1553 846 filii
1575 813 1653 840 uestri
1671 813 1698 840 in
1715 820 1767 847 quo

978 860 1084 894 ejiciunt
1104 859 1145 885 “‘l
1161 858 1218 886 Hoc
1232 863 1284 892 est,
1301 859 1344 886 isti
1362 860 1414 885 mei
1439 858 1563 893 discipuli
1574 859 1619 892 qui
1638 866 1673 886 ex
1690 859 1767 886 vobis

977 911 1051 938 sunt,
1068 906 1093 932 iu
1109 912 1161 940 quo
1180 902 1310 938 ejiciunt?
1325 904 1391 938 Quia
1410 904 1494 939 igitur
1513 911 1544 932 ea
1566 911 1628 939 qua:
1649 904 1684 930 ab
1706 904 1766 939 ipso

979 952 1087 982 ﬁebant,
1106 955 1217 986 propter
1239 950 1372 977 malitiam
1397 949 1603 984 suscipientiqu
1627 949 1764 976 aliis.ha-

978 994 1078 1021 hebant
1098 994 1282 1028 suspiciones;
1302 993 1442 1028 discipulis
1462 994 1518 1021 suis
1544 994 1634 1021 omnia
1657 1001 1766 1021 conser-

978 1039 1067 1070 vabat.
1085 1043 1114 1065 ut
1141 1046 1280 1073 praecones
1303 1038 1513 1067 resurrectionis
1534 1043 1655 1066 mortuos
1679 1039 1767 1067 susci-

978 1089 1075 1117 tantes,
1098 1093 1184 1113 caecos
1207 1085 1338 1113 facientes
1365 1086 1474 1120 videre,
1503 1086 1607 1114 claudis
1632 1087 1766 1114 donantes

977 1131 1127 1164 ambulare,
1140 1136 1166 1158 et
1179 1132 1298 1166 leprosos
1310 1132 1499 1166 emundantes,
1511 1139 1668 1160 sermonum
1679 1133 1768 1168 digni-

978 1181 1057 1204 tatem
1085 1184 1132 1211 per
1160 1177 1292 1204 mirabilia
1319 1178 1504 1205 ostenderent.
1535 1178 1604 1210 Quid
1629 1179 1701 1206 enim
1728 1179 1765 1206 ita

977 1226 1081 1256 poterat
1093 1221 1212 1249 Lazarus
1228 1227 1288 1256 post
1301 1226 1419 1256 quatuor
1429 1223 1487 1250 dies
1507 1230 1653 1257 resurgens
1664 1231 1679 1250 a
1692 1231 1767 1250 mor-

978 1269 1032 1296 tuis
1050 1269 1169 1305 praabere
1184 1269 1218 1296 ad
1231 1269 1309 1296 ﬁdem
1327 1269 1369 1296 his
1383 1269 1428 1304 qui
1443 1269 1579 1302 viderant,
1589 1277 1671 1304 quam
1692 1274 1721 1296 ut
1739 1277 1768 1296 et

979 1317 1028 1352 ipsi
1042 1316 1164 1351 discipuli
1183 1324 1245 1343 cum
1265 1316 1333 1344 alios
1350 1316 1516 1344 suscitarent
1538 1323 1586 1352 per
1606 1317 1768 1350 semetipsos

978 1367 1099 1390 mortuos
1120 1361 1295 1396 pratbebant?
1313 1361 1346 1389 Et
1367 1362 1430 1397 quid
1455 1362 1508 1390 tale
1523 1363 1555 1390 ad
1575 1361 1655 1390 ﬁdem
1670 1363 1766 1392 valuit.

979 1412 1007 1434 ut
1027 1407 1156 1434 Dominus
1170 1414 1221 1434 non
1243 1406 1356 1434 edoctus
1378 1407 1485 1435 litteras
1503 1407 1616 1442 legeret,
1635 1413 1767 1442 quantum

980 1453 1074 1481 Petrus
1090 1461 1142 1480 non
1161 1453 1272 1480 edoctus
1283 1453 1403 1488 linguam
1417 1453 1510 1485 ullam,
1528 1453 1597 1480 forte
1610 1460 1643 1480 ne
1659 1453 1768 1487 quidem

977 1499 1143 1533 etpatriam,
1167 1499 1236 1526 bene
1257 1499 1331 1526 omni
1358 1499 1515 1533 loqueretur
1536 1499 1637 1534 lingua,
1661 1504 1688 1526 et
1707 1507 1768 1526 om-

978 1551 1039 1570 nem
1057 1544 1181 1571 audiret?
1199 1545 1277 1571 Unde
1290 1549 1317 1571 et
1331 1545 1436 1572 Lazaro
1461 1550 1629 1579 resurgente,
1655 1548 1680 1571 et
1706 1544 1767 1571 aliis

979 1588 1124 1623 aliquantis
1150 1589 1265 1615 mortuis
1284 1589 1422 1616 suscitatis
1448 1589 1529 1616 etiam
1548 1589 1627 1616 cacis
1651 1590 1766 1617 vidsnti-

979 1634 1040 1665 bus,
1059 1634 1106 1661 sed
1118 1637 1146 1660 et
1161 1633 1206 1660 illo
1221 1633 1268 1668 qui
1292 1633 1327 1660 ita
1349 1633 1439 1660 fuerat
1464 1641 1544 1661 natus
1567 1634 1714 1668 recipiente
1728 1634 1768 1660 vi-

979 1685 1049 1711 sum,
1062 1678 1117 1705 imo
1132 1677 1300 1712 accipiente,
1322 1678 1475 1705 emundatis
1493 1677 1576 1705 etiam
1592 1678 1715 1712 plurimis
1728 1678 1768 1704 le-

979 1724 1078 1757 prosis.
1107 1728 1135 1751 et
1164 1723 1267 1751 sanatis
1298 1723 1419 1751 millibus
1454 1723 1611 1757 hominum,
1652 1724 1769 1758 negabat

980 1769 1086 1803 Petrus,
1097 1775 1124 1798 et
1138 1770 1248 1804 iurabat
1262 1777 1295 1798 ne
1307 1769 1415 1804 quidem
1437 1772 1466 1796 ut
1482 1769 1618 1797 hominem
1638 1776 1668 1796 se
1683 1769 1767 1796 scire.

979 1815 1047 1850 Quia
1064 1821 1154 1844 autem
1169 1817 1243 1845 venit
1269 1817 1389 1852 Spiritus
1410 1820 1520 1844 sanctus
1539 1815 1638 1843 missus
1656 1823 1669 1842 a
1688 1815 1766 1847 Filio,

980 1867 1007 1889 et
1018 1862 1142 1890 coell‘ecit
1165 1862 1237 1890 intus
1253 1862 1427 1890 sanctiﬁcans
1442 1862 1547 1893 virttis,
1565 1861 1634 1889 alius
1649 1869 1700 1896 pro
1715 1861 1768 1888 alia

981 1907 1067 1935 factus
1087 1908 1194 1940 Petrus,
1217 1913 1245 1936 et
1264 1909 1319 1943 jam
1343 1907 1445 1942 Spiritu
1470 1907 1633 1941 baptizatus,
1651 1914 1703 1934 non
1725 1914 1769 1934 so-

980 1953 1034 1980 lum
1050 1961 1102 1980 non
1116 1958 1196 1988 negat
1210 1954 1243 1981 ad
1253 1961 1345 1981 vocem
1356 1953 1461 1988 puellae,
1473 1954 1519 1981 sed
1538 1957 1566 1980 et
1584 1953 1656 1980 omni
1673 1952 1770 1987 populo

980 1997 1083 2025 resistit
1103 2007 1110 2024 τ
1127 2002 1154 2026 et
1169 1998 1214 2033 qui
1237 2003 1317 2026 antea
1344 2006 1373 2025 se
1397 1998 1592 2030 abscondebat,
1616 2004 1688 2024 nunc
1707 2005 1770 2024 cum

981 2042 1078 2070 ﬁducia
1094 2043 1127 2070 ad
1145 2043 1276 2071 terminos
1293 2051 1379 2078 usque
1393 2048 1474 2070 terra
1493 2043 1634 2077 praedicat,
1648 2047 1676 2069 et
1689 2043 1770 2069 docet

980 2088 1132 2116 universos.
1148 2088 1187 2116 Ita
1204 2089 1337 2117 adventus
1353 2089 1472 2124 Spiritus
1483 2089 1583 2122 sancti,
1598 2089 1645 2123 qui
1663 2088 1771 2124 ingres-

981 2139 1028 2160 sus
1051 2133 1138 2160 estin
1167 2133 1324 2168 discipulos,
1351 2139 1379 2161 et
1400 2133 1507 2166 eﬂecit,
1534 2133 1767 2161 resurrectionem

982 2177 1088 2206 Domini
1101 2183 1129 2206 et
1143 2179 1356 2213 assumptionem
1378 2179 1463 2207 visam
1487 2179 1656 2214 praedicavit,
1673 2185 1700 2206 et
1712 2179 1771 2213 ejus

137 2226 363 2252 resurrectionem
375 2224 593 2260 promissionem.
604 2223 681 2257 Quod
692 2224 763 2251 enim
773 2223 926 2251 immortale
943 2233 965 2260 ι)
981 2224 1108 2251 virtutem
1127 2225 1309 2252 annuntiavit.
1331 2225 1398 2253 Cum
1414 2225 1486 2252 enim
1504 2225 1627 2252 coeﬁ'ecit
1639 2224 1769 2258 Spiritus.

136 2272 303 2305 indulgentis
317 2271 419 2298 lactant
433 2275 486 2301 est.
500 2278 552 2298 non
568 2274 657 2305 potest
669 2271 723 2305 iam
739 2270 926 2304 interemptio-

136 2324 198 2343 nem
214 2317 248 2343 ab
259 2316 412 2343 hominibus
426 2315 602 2350 patiJudaﬁs
623 2315 705 2350 igitur
718 2319 780 2350 post
803 2322 927 2342 resurre-

136 2362 237 2389 tionem
259 2369 312 2388 non
336 2368 365 2388 se
385 2362 527 2388 ostendere
548 2361 703 2392 Dominum,
730 2361 868 2395 parcentis
884 2363 927 2388 est

135 2409 236 2436 ludatis
250 2417 257 2436 :
272 2408 317 2443 qui
338 2408 408 2435 enim
434 2407 648 2442 Hierosolymam
670 2406 787 2438 deﬂevit,
809 2413 926 2441 procur-

135 2463 198 2482 rere
224 2454 339 2490 duplicia
356 2454 444 2485 mala;
467 2461 520 2480 non
541 2446 632 2481 facere
654 2457 745 2480 autem
770 2453 857 2488 signa,
881 2457 928 2480 aut

136 2500 272 2527 modicum
288 2500 351 2534 quid
371 2499 510 2534 discipulis
522 2498 676 2529 ostendere,
689 2503 718 2524 ut
731 2502 794 2532 puta
809 2497 925 2532 piscium

136 2544 228 2571 subito
239 2543 438 2571 multitudinem
451 2548 569 2578 captam,
582 2547 629 2570 aut
644 2542 717 2570 aliud
733 2542 835 2577 aliquid
852 2543 922 2575 tale;

135 2598 189 2617 non
210 2584 270 2617 erat
291 2589 481 2617 ostentationis
500 2593 616 2623 tempus,
638 2595 725 2622 neque
748 2587 924 2621 semetipsum

135 2635 314 2662 ostendentis.
332 2633 425 2668 Neque
439 2633 511 2661 enim
529 2640 590 2660 cum
611 2632 712 2660 laceret
736 2635 800 2659 ante
820 2632 924 2666 passio-

136 2687 198 2707 nem
226 2679 360 2708 mirabilia
389 2679 534 2710 Dominus,
561 2682 703 2705 ostentans
730 2684 759 2704 se
789 2676 924 2712 faciebat,

171 2770 193 2786 “
207 2770 285 2801 Joan.
296 2778 324 2802 ι,
337 2771 388 2802 57;
405 2777 449 2803 xv,
462 2768 506 2796 25.
545 2768 567 2784 “
583 2768 649 2796 Luc.
665 2776 703 2802 si,
722 2767 762 2796 i9.

186 2831 212 2865 Ξ)
233 2830 320 2857 Enim.
338 2830 432 2862 Forte.
446 2834 542 2856 autent.

173 2831 213 2903 £3)
235 2865 344 2894 Phrasis
362 2865 468 2897 Grtcea,
489 2865 542 2891 ἂτιε

982 2274 1180 2297 trausmutatus
1197 2275 1239 2298 est
1259 2271 1378 2298 Petrus:
1402 2275 1473 2298 totus
1496 2270 1606 2303 clamat,
1629 2269 1686 2303 jam
1715 2277 1768 2297 non

981 2323 1093 2350 negans,
1112 2316 1158 2343 sed
1179 2316 1329 2350 praedicans
1351 2316 1531 2344 Salvatorem.
1549 2315 1705 2350 Stephanus
1719 2323 1769 2342 au-

983 2365 1036 2388 tem
1048 2365 1076 2389 et
1091 2361 1148 2396 ipse
1169 2361 1232 2389 silet
1249 2362 1281 2389 ad
1303 2362 1413 2397 lapides.
1441 2366 1469 2388 et
1494 2361 1636 2388 Dominum
1662 2369 1771 2389 annth

982 2406 1041 2438 tiat,
1055 2413 1135 2441 quem
1160 2407 1193 2434 ad
1210 2407 1350 2434 dexteram
1371 2407 1460 2434 Patris
1479 2410 1596 2433 stantem
1619 2413 1772 2441 conspexe-

979 2457 1021 2478 rat
1045 2459 1052 2478 :
1080 2455 1108 2479 et
1131 2452 1202 2479 alius
1228 2452 1300 2479 aliud
1328 2451 1514 2486 eloquebatur,
1533 2457 1561 2479 et
1582 2452 1643 2480 sine
1667 2452 1768 2480 solatio

978 2501 1056 2524 erant
1075 2498 1178 2532 negotia
1200 2497 1367 2524 Judmorum.
1399 2497 1476 2525 Sicut
1512 2499 1584 2525 enim
1615 2498 1642 2525 in
1668 2498 1771 2524 diluvio

980 2542 1090 2570 interim
1111 2543 1219 2576 quidem
1243 2542 1298 2570 Noe
1319 2550 1371 2569 non
1393 2543 1557 2571 credebatur
1577 2544 1640 2571 dum
1669 2543 1772 2570 iaceret

981 2594 1073 2615 aream
1091 2599 1096 2615 :
1114 2595 1173 2616 cum
1190 2593 1280 2616 autent
1297 2588 1388 2616 subito
1402 2593 1488 2617 totum
1510 2589 1609 2617 cmlum
1632 2589 1771 2616 emitteret

982 2633 1087 2667 ﬂuvios,
1104 2639 1175 2661 terra
1194 2638 1283 2662 autem
1301 2640 1441 2664 eructaret
1451 2643 1547 2672 aquas,
1558 2639 1586 2663 et
1598 2635 1661 2663 inde
1677 2638 1770 2662 arctoo

985 2684 1061 2708 retur
1075 2681 1250 2709 incredulitas
1275 2686 1303 2710 et
1321 2682 1353 2710 de
1368 2682 1438 2711 ccelo
1453 2686 1479 2710 et
1496 2682 1528 2710 ds
1548 2686 1620 2709 terra
1639 2681 1673 2708 ab
1693 2680 1772 2716 aquis

235 2865 344 2894 Phrasis
362 2858 468 2897 Graeca,
489 2865 568 2891 ast-la
584 2858 613 2890 εὖ
633 2864 665 2891 iv
688 2864 798 2899 ἔπαθον,
815 2872 874 2900 quas
892 2865 925 2894 be

982 2864 1022 2892 cia
1034 2863 1210 2898 accepissent.
