2024 3208
316 135 382 163 H99

311 199 339 220 ut
359 191 552 227 praefocaretur
574 191 642 224 :pita
663 194 689 217 et
719 197 766 223 per
782 189 919 223 apostolos
936 188 1021 216 Judaei
1051 197 1098 216 au-

307 238 496 273 gustiabantnr
525 244 577 264 non
603 236 756 266 credentes,
785 239 813 262 et
841 235 1012 262 admirabilia
1032 236 1100 262 imii-

308 288 442 318 guantes:
461 282 582 310 videntes
596 283 667 309 enim
689 282 732 308 isti
745 288 778 308 ne
791 281 829 316 (4)
844 281 953 316 quidem
978 286 1098 309 mortuos

306 330 454 357 suscitatos
486 329 519 355 ab
548 328 678 362 Apostolo
706 332 901 362 exsurgentes,
932 336 981 362 per
1017 329 1098 355 alium

308 374 420 401 claudos
439 373 619 404 ambulantes,
641 380 688 407 per
711 372 825 400 alterum
842 373 894 400 alia
919 373 995 407 signa
1023 381 1098 401 com-

309 420 394 455 pleta,
410 424 439 447 et
450 427 498 454 per
514 419 596 446 alium
615 417 722 453 linguas
740 419 882 446 audientes
900 418 1044 453 plurimas;
1055 426 1099 446 ar-

307 467 373 493 ctati
390 466 522 493 meatibus
535 465 689 493 istiusmodi
704 465 924 500 signorum,qu:e
944 466 976 493 de
991 473 1097 493 sursum

308 511 439 547 apostolis
451 511 558 538 fuerant
569 512 680 543 donata,
695 511 788 538 eadem
802 519 861 546 qua:
874 511 900 538 in
916 516 987 538 terra
1004 512 1098 538 viden-

309 564 348 585 tes
366 557 509 589 mirabilia,
535 557 579 590 qui
597 556 654 583 ausi
678 555 787 583 fuerant
808 557 967 591 magistrum
991 556 1098 592 adigere

307 604 392 635 cruci,
412 602 509 630 incerti
525 607 602 630 erant
625 604 690 637 quid
711 602 834 630 facerent
861 603 1002 637 discipulis
1024 604 1095 637 ejus.

299 651 362 683 ‘Qua
377 651 461 684 igitur
479 649 512 677 de
525 657 618 678 causa.
635 649 685 677 sub
696 648 842 684 prxsentia
852 648 962 682 quidem
978 648 1095 681 Domini,

296 701 331 723 ret
348 695 462 730 apostoli
479 695 636 722 dubitantes
647 694 750 722 fuerint
763 694 908 728 aliquoties
920 693 1028 721 oblatos
1040 693 1094 721 sibi

299 749 357 768 'uon
385 741 506 775 potuisse
528 747 642 771 curare;
666 743 728 774 post
750 739 979 766 resurrectionem
1005 744 1095 765 autem

304 792 331 814 et
363 787 466 821 majora
492 793 572 820 quam
605 786 733 812 Dominus
761 784 825 812 fecit
849 784 925 818 signa
953 783 1041 810 facere
1056 784 1095 818 (5)

304 833 451 867 discipuli?
466 833 516 859 sub
532 832 590 866 ejus
599 834 670 859 enim
688 831 832 866 prtcsentia
847 831 907 858 ideo
924 830 989 857 nihil
1005 830 1094 857 facere

303 883 462 913 potuerunt,
481 878 543 913 quia
557 879 702 913 oportebat
715 877 844 912 ampliora
866 877 944 911 signa
960 877 992 903 ad
1011 876 1094 903 satis-

304 924 450 951 factionem
477 923 683 950 resurrectionis
709 923 823 949 scrvari.
850 921 878 948 Si
898 922 970 948 enim
997 921 1092 948 antici-

303 974 400 1005 pantes
413 969 463 996 sub
484 969 627 1003 praesentia
653 967 758 995 Domini
782 967 928 1001 fecissent;
950 975 1010 1001 qua:
1031 972 1092 1002 post

303 1015 530 1042 resurrectionem
557 1013 614 1047 ejus
638 1013 735 1041 fecisse
761 1013 898 1046 videntur,
917 1013 1092 1040 habebantet

303 1061 356 1089 ista
375 1061 516 1088 destruere
531 1059 628 1092 Judaei,
648 1064 778 1094 quantum
792 1059 824 1086 ad
841 1060 912 1094 ipsos
934 1064 961 1086 et
978 1059 1036 1086 aliis
1059 1067 1091 1086 ea

301 1107 393 1134 valere
409 1106 618 1141 suspicionibus.
634 1105 713 1133 Nunc
726 1110 815 1132 autem
831 1113 884 1133 non
900 1110 1022 1140 possunt.
1035 1105 1092 1132 Sub

301 1152 444 1187 praesentia
460 1151 532 1179 enim
546 1151 652 1178 Domini
667 1159 749 1178 unum
763 1152 912 1178 daemonem
926 1151 1025 1186 ejicere
1037 1159 1090 1178 non

292 1203 426 1234 poterant
443 1197 556 1232 apostoli
577 1206 585 1224 :
600 1202 661 1231 post
676 1197 896 1224 resurrectionen
911 1201 1001 1224 autem
1019 1196 1089 1231 ejus,

300 1252 354 1272 non
369 1244 455 1272 solum
465 1243 512 1276 illi,
526 1244 572 1270 sed
587 1247 614 1269 et
625 1243 651 1270 hi
664 1243 710 1277 qui
725 1243 759 1269 ab
775 1243 827 1270 illis
839 1243 916 1270 istius
929 1243 1034 1270 virtutis
1047 1251 1090 1271 se-

299 1298 361 1317 men
378 1293 549 1324 acceperuut,
560 1288 681 1323 ejiciunt.
689 1289 718 1315 Si
730 1289 802 1316 enim
815 1293 841 1316 et
850 1289 930 1316 dubia
943 1293 1022 1316 erant
1031 1297 1090 1322 quae

298 1340 363 1364 ante
395 1335 549 1371 passionem
569 1335 796 1369 praedicabantur,
828 1336 1031 1370 protensionem
1050 1334 1088 1369 (6)

300 1379 394 1407 habuit
410 1379 585 1407 incredulitas
600 1379 730 1412 majorem
744 1384 803 1412 post
814 1381 980 1413 passionem.
998 1380 1087 1407 lucre-

300 1426 454 1454 dibilissimi
468 1426 540 1454 enim
555 1425 653 1455 Juda'i,
665 1429 796 1458 ponentes
814 1425 864 1452 sibi
884 1426 1040 1452 scandalum
1058 1426 1085 1452 in

299 1471 356 1506 ipsa
372 1471 496 1505 passione
509 1470 625 1501 Domini,
640 1470 767 1497 dicebant
783 1478 790 1495 :
813 1469 844 1497 Si
863 1469 951 1496 Filius
970 1470 1018 1496 Dei
1037 1475 1086 1504 eu,

299 1516 438 1543 descendat
454 1523 524 1542 nimo
533 1515 565 1542 de
575 1523 651 1542 cruce
662 1516 696 1541 ⁸⁷.
715 1515 744 1542 Si
757 1515 828 1542 enim
840 1522 893 1542 non
906 1515 1086 1550 descenderit,

636 130 779 158 ‘EUSEBII
801 130 1039 158 (Z/ESAIHENSIS
1057 130 1132 158 OPP.
1153 130 1243 157 PARS
1262 131 1305 158 IV.
1325 144 1357 150 —
1377 131 1587 159 DOGM.\TICA.

1854 140 1905 167 ηὶο

1151 189 1208 215 Non
1220 190 1292 216 enim
1310 190 1443 218 insomnia
1459 195 1538 218 erant
1555 191 1630 225 regni
1647 198 1708 225 spes
1726 201 1732 218 :
1752 194 1793 220 sed
1807 201 1905 231 suspecta

1151 234 1249 261 fuisset
1274 235 1442 268 praedicatio,
1470 236 1492 263 si
1518 243 1600 269 regna
1631 236 1740 270 quidem
1760 239 1906 272 praedicarent

1150 281 1280 313 omlestia,
1294 282 1326 308 de
1350 282 1391 309 his
1411 287 1499 309 autem
1523 290 1614 310 essent
1642 284 1747 311 solliciti
1768 293 1820 318 quae
1835 288 1856 315 in
1869 290 1907 317 hac

1150 328 1203 354 vita
1221 328 1356 355 habentur
1379 337 1386 355 :
1405 330 1451 356 scd
1469 330 1560 356 statim
1587 331 1713 365 operibus
1737 328 1867 362 formantes
1878 337 1907 371 (9)

1150 374 1316 406 suasionem,
1333 375 1451 408 umlique
1471 375 1503 402 ad
1525 383 1604 402 unam
1620 378 1789 404 concordiam
1811 380 1906 407 conﬂue-

1149 419 1226 447 bant.
1243 419 1364 453 Apostoli
1381 420 1488 454 quidem
1502 428 1550 455 per
1568 421 1701 449 mirabilia
1718 423 1908 459 tirrnabantprae-

1149 465 1311 492 dicationem
1328 474 1334 492 :
1347 466 1488 493 credentes
1500 471 1603 498 autem,
1628 475 1660 494 ex
1673 476 1705 496 eo
1720 470 1787 503 quod
1802 471 1908 498 distrahe-

1148 510 1212 536 bant
1226 518 1272 536 sua
1286 531 1293 543 ,
1309 517 1341 538 ex
1364 519 1397 538 eo
1417 512 1487 546 quod
1502 512 1593 539 omnia
1611 513 1709 540 dabant
1729 516 1870 547 praesentia,
1883 525 1907 544 ex

1147 563 1180 582 eo
1201 557 1272 590 quod
1297 558 1387 584 omnia
1405 558 1439 584 ad
1460 565 1541 592 regna
1568 558 1701 585 caelorum
1718 560 1907 595 transferebant;

1147 606 1212 628 ante
1227 602 1372 629 adventum
1388 603 1472 637 ipsius
1487 603 1562 637 regni
1578 603 1756 631 testabantur.
1774 605 1817 632 His
1836 606 1908 641 itaque

1147 646 1232 680 gestis
1255 652 1410 681 repetamus
1438 655 1559 680 sensum,
1583 654 1610 675 et
1638 650 1776 678 videamus
1801 652 1841 686 qui
1862 658 1909 680 erat

1148 697 1213 719 tunc
1226 693 1294 726 apud
1310 691 1527 728 Hierosolymam
1545 697 1644 725 status.
1659 702 1718 729 qua:
1742 695 1847 728 turbela,
1862 697 1908 730 quis

1147 737 1237 764 fervor
1253 737 1444 764 insanientium
1456 737 1610 765 Iudaeorum
1625 748 1632 766 :
1649 739 1791 777 siquidqu
1802 746 1828 768 et
1846 742 1884 768 iilii
1897 749 1908 769 ι

1146 784 1268 816 putribus
1292 783 1450 810 recedentes
1482 784 1591 811 sibilant
1618 785 1650 811 ad
1677 785 1768 818 ﬁdem,
1787 790 1811 813 et
1833 787 1908 814 filiae

1148 829 1253 855 sinibus
1269 833 1385 855 matrum
1403 829 1436 855 ad
1453 829 1532 856 [idem
1548 830 1695 856 currebant
1711 830 1818 862 Christi.
1831 837 1855 858 et
1865 837 1909 858 tur-

1108 888 1130 915 Β
1145 873 1203 900 bcla
1216 877 1275 900 erat
1288 874 1358 908 apud
1371 874 1494 901 infideles
1509 874 1620 909 ubique.
1641 875 1688 902 Ille
1714 877 1783 903 enim
1796 877 1910 904 irasceba-

1146 924 1189 945 tur
1209 919 1273 949 fdio,
1296 919 1357 953 quia
1388 920 1536 954 sapientior
1562 921 1632 954 patri
1657 929 1707 948 suo
1729 923 1861 957 apparuit:
1875 923 1910 950 illa

1144 970 1233 992 autem
1254 965 1398 998 abjiciebat
1426 965 1519 998 tilium,
1546 966 1608 1000 quia
1635 967 1731 995 matris
1756 968 1910 996 incredulitas

1144 1018 1196 1036 non
1223 1011 1411 1038 conscntiebat
1437 1011 1516 1044 ﬁdeij;
1553 1016 1580 1039 et
1595 1012 1680 1040 frater
1696 1014 1843 1041 minabatur
1865 1014 1910 1040 fr:-

1144 1060 1176 1083 tn
1190 1065 1196 1087 ;
1209 1057 1264 1091 jam
1290 1063 1379 1084 autem
1398 1064 1425 1085 et
1439 1058 1565 1086 dominus
1593 1066 1683 1085 servo.
1702 1059 1772 1094 Ignis
1792 1060 1856 1086 enim
1876 1059 1910 1086 ille

1142 1110 1221 1136 quem
1236 1103 1311 1130 misit
1322 1103 1453 1131 Dominus
1465 1104 1556 1138 Jesu‘s,
1580 1105 1685 1140 aliquos
1708 1106 1814 1139 quidem
1828 1106 1910 1139 tetigit,

1143 1147 1248 1182 aliquos
1265 1153 1355 1175 autem
1370 1149 1503 1183 despexit,
1519 1155 1546 1177 et
1559 1150 1683 1184 implevit
1702 1151 1804 1178 turbela
1828 1151 1908 1178 civita-

1144 1199 1208 1226 tem,
1224 1194 1310 1227 vicos,
1325 1195 1450 1230 regiones
1467 1200 1494 1223 et
1511 1196 1615 1223 domos.
1632 1196 1699 1223 Erat
1721 1202 1806 1224 autent
1825 1196 1911 1224 turbela

1141 1238 1300 1272 quibusdam
1318 1240 1426 1274 quidem
1442 1241 1476 1268 ad
1490 1241 1601 1272 bonum,
1615 1242 1780 1276 quibusdam
1795 1247 1874 1269 autem
1885 1242 1912 1268 ad

1141 1284 1239 1318 duplex
1252 1285 1362 1312 malum.
1382 1285 1502 1312 Illienim
1521 1287 1566 1320 qui
1589 1286 1786 1321 ﬁgurabantur,
1803 1291 1826 1314 et
1836 1294 1911 1319 perse-

1140 1331 1274 1357 cutionem
1287 1331 1467 1363 sustinebant,
1480 1336 1575 1359 etcum
1598 1332 1690 1359 laetitia
1711 1334 1799 1360 omnia
1809 1333 1841 1360 ob
1850 1339 1911 1367 spem

1139 1376 1214 1410 regni
1230 1376 1350 1403 caelestis
1363 1377 1551 1410 patiebantur;
1565 1378 1633 1404 mala
1648 1386 1709 1412 quae
1718 1378 1879 1412 putabantur,
1891 1377 1911 1404 in

1138 1419 1217 1447 bonis
1241 1421 1291 1448 sibi
1311 1421 1447 1448 thesauris
1469 1423 1659 1450 recondebam.
1682 1423 1839 1458 Quicunque
1854 1421 1911 1448 enim

1138 1465 1299 1492 videbantur
1312 1466 1397 1501 legem
1419 1467 1559 1494 vindicare
1581 1467 1697 1502 Moysei,
1713 1468 1777 1502 legis
1794 1473 1912 1494 sermones

1138 1510 1296 1544 ignorantes
1313 1512 1449 1538 contraria
1471 1512 1520 1547 legi
1537 1513 1730 1546 operabantur.
1748 1513 1797 1540 Per
1807 1520 1836 1540 ea
1853 1511 1912 1538 enim

301 1561 348 1588 sed
363 1563 485 1587 mortuus
501 1559 590 1590 fuerit,
606 1559 740 1594 inquiunt,
753 1564 858 1586 mortua
879 1560 932 1587 erit
943 1564 970 1587 et
984 1561 1082 1588 virtus.
1100 1554 1120 1582 C
1137 1564 1197 1590 qua:
1212 1556 1405 1591 gloriabantur,
1412 1567 1460 1593 per
1471 1559 1526 1593 ipsa
1540 1562 1766 1595 etarguebantur.
1777 1561 1836 1586 Erat
1845 1559 1910 1593 igitur

297 1606 367 1640 Quia
385 1613 450 1640 ergo
467 1606 557 1639 passio
574 1605 707 1640 protendit
729 1605 768 1639 (7)
787 1612 880 1632 eorum
907 1606 1084 1634 incredulita-

300 1657 365 1682 tem,
381 1651 484 1685 majora
503 1654 592 1677 autem
609 1650 686 1685 signa
704 1650 858 1678 elﬁciuntur
872 1658 921 1685 per
939 1652 1086 1686 discipulos

298 1697 332 1723 ad
350 1696 582 1724 confirmationem
598 1696 728 1723 adventus
749 1696 827 1730 ejus;
842 1697 927 1731 magis
946 1703 1035 1725 autem
1053 1701 1087 1727 ad

298 1742 531 1770 conﬁrmationem
566 1741 733 1768 incredibilis
758 1743 988 1777 resurrectionis,
1016 1745 1088 1772 acci-

299 1787 405 1822 pientes
422 1786 634 1814 satisfactionem
659 1794 691 1813 οι
717 1788 834 1815 adventu
854 1788 971 1823 Spiritus
986 1790 1086 1822 sancti,

300 1838 327 1860 et
345 1832 457 1868 apostoli
482 1831 585 1859 fuerant
615 1833 715 1863 vocati,
742 1834 835 1860 statim
857 1834 986 1867 operibus
1017 1835 1085 1868 ipsis

299 1878 476 1905 ostendebant
505 1883 635 1912 quantum
668 1883 757 1912 posset
788 1880 931 1912 praesentia
969 1880 1088 1914 Spiritus

298 1922 399 1950 sancti.
413 1921 508 1949 ‘Primo
518 1922 627 1956 quidem
640 1924 702 1957 quia
713 1923 776 1950 dum
795 1928 886 1950 essent
903 1924 992 1956 multi,
1005 1933 1086 1952 unum

297 1971 376 1993 erant
391 1966 486 2001 spiritu
512 1971 540 1993 et
563 1967 653 1994 anima
674 1975 680 1992 :
705 1968 768 2002 quia
793 1975 862 1994 unus
880 1972 908 1995 et
935 1969 1004 1996 idem
1029 1975 1088 1997 erat

298 2011 426 2045 Spiritus,
443 2012 487 2046 qui
507 2013 555 2039 has
568 2012 727 2040 eflicientias
749 2013 898 2041 dividebat.
917 2013 993 2041 Sicut
1014 2016 1086 2042 enim

297 2054 401 2088 lapides
419 2060 446 2082 et
469 2057 567 2084 lateres
582 2057 657 2084 multi
681 2057 818 2091 conjuncti
844 2062 871 2085 et
893 2060 1035 2094 compositi
1060 2061 1086 2088 in

298 2098 448 2125 aediﬁcatus
465 2099 504 2134 (8)
523 2107 605 2127 nullm
623 2106 651 2128 et
676 2102 797 2129 membra
832 2102 911 2137 plura
951 2110 1087 2139 przecepto

299 2144 459 2172 ardificantis
473 2145 499 2172 in
512 2151 591 2172 unam
609 2147 796 2181 compaginem
815 2149 973 2176 aduuantur
990 2159 997 2176 :
1012 2151 1049 2178 ita
1061 2155 1087 2178 et

299 2189 414 2223 apostoli
433 2197 488 2217 uno
511 2190 640 2223 baptiaati
660 2190 762 2224 Spiritu
783 2193 978 2226 separationem
994 2195 1086 2222 multi-

298 2235 401 2263 tudinis
420 2236 613 2269 deposueruut.
637 2236 836 2270 Conjunctione
857 2244 946 2266 autem
973 2241 1085 2274 spiritus

297 2279 408 2312 arctati,
427 2287 509 2307 unum
532 2285 610 2307 erant
627 2289 723 2309 omnes
738 2286 766 2309 et
785 2283 881 2317 spiritu
899 2289 927 2311 et
952 2286 1043 2312 anima
1058 2290 1085 2313 et

296 2326 477 2354 consensione
495 2331 523 2353 et
546 2327 704 2354 concordia.
733 2328 766 2355 Et
794 2336 847 2356 non
878 2329 964 2357 solum
991 2331 1018 2358 in
1043 2331 1085 2359 his

295 2379 358 2404 qua:
372 2370 406 2398 ab
420 2372 491 2399 intus
500 2377 563 2400 sunt
578 2381 674 2406 unum,
688 2374 736 2400 sed
749 2373 830 2401 etiam
845 2379 873 2402 et
887 2376 920 2402 ab
935 2376 977 2403 bis
992 2384 1052 2411 quae
1068 2385 1084 2404 a

298 2417 366 2445 foris
379 2422 453 2449 sunt,
469 2418 668 2452 pradicabatur
678 2427 773 2447 eorum
787 2420 878 2447 anima
889 2426 915 2448 et
927 2424 1083 2450 concordia.

296 2464 458 2498 Quicunque
467 2465 552 2497 enim,
567 2465 667 2500 inquit,
691 2474 772 2501 agros
791 2467 930 2495 habebant
954 2473 1002 2496 aut
1017 2469 1084 2498 alias

296 2509 439 2544 opes,jam
453 2517 506 2538 non
529 2518 577 2538 sua
598 2512 728 2546 putabant
753 2520 813 2547 qua:
837 2513 980 2548 aliquando
1005 2519 1083 2542 erant

297 2562 361 2589 sua;
375 2555 422 2583 sed
437 2555 464 2582 in
480 2563 624 2584 commune
637 2556 818 2591 proferentes,
831 2563 858 2585 et
874 2559 940 2593 ipsis
955 2559 1082 2594 operibus

296 2607 370 2634 spem
397 2601 600 2633 confirmanlcs,
629 2602 816 2630 distrahebant
837 2611 926 2639 agros,
944 2606 1084 2632 venunda-

296 2643 362 2673 bant
385 2654 460 2680 opes,
489 2647 675 2674 distrahebant
697 2649 786 2676 omnia
809 2656 870 2684 quae
898 2649 1082 2684 possidebant.

332 2693 354 2708 ⁸⁷
372 2694 465 2721 Matth.
486 2702 571 2725 xxvu.
589 2695 634 2721 40.

332 2738 371 2769 (Η
386 2738 436 2766 Na.
455 2738 534 2766 Forte
544 2749 623 2767 nunc.

389 2772 496 2810 ﬂuere.
514 2774 605 2809 Forte,
622 2775 718 2810 fucat}.

343 2805 370 2837 6)
389 2807 536 2836 Ἐπίτασιν.

322 2842 370 2880 ι(Ἰ)
393 2842 544 2870 Ἣπιτείνει.

1114 1601 1237 1633 _'Juda:is
1256 1603 1312 1636 ipsa
1331 1604 1432 1630 veritas
1459 1611 1521 1630 uox.
1546 1604 1825 1633 lnterfeceruutenim
1836 1609 1860 1632 et
1874 1604 1913 1631 ob-

1135 1647 1290 1682 jurgarunt,
1306 1653 1334 1675 et
1346 1648 1520 1676 descendenti
1533 1649 1565 1676 de
1579 1657 1660 1677 cruce
1674 1651 1803 1677 dixerunt
1815 1650 1848 1678 ei.
1870 1654 1914 1675 non

1137 1694 1287 1721 descendit.
1311 1695 1454 1722 Descendit
1477 1700 1567 1722 autem
1585 1693 1618 1722 ad
1640 1695 1758 1730 inferos,
1775 1701 1804 1723 et
1826 1695 1913 1729 majora

1137 1744 1180 1767 est
1205 1744 1343 1774 operatus.
1383 1740 1412 1767 Si
1446 1741 1519 1768 enim
1551 1741 1744 1770 descendisset
1776 1743 1808 1769 de
1837 1747 1913 1770 cruce.

1137 1790 1265 1819 poterant
1280 1786 1370 1813 dicere
1383 1786 1446 1820 quia
1462 1787 1612 1813 moriturus
1627 1792 1671 1814 est
1694 1788 1721 1814 in
1741 1795 1774 1814 eo
1785 1786 1848 1822 (10),
1863 1791 1913 1811 cum

1138 1838 1190 1858 non
1208 1835 1280 1858 esset
1299 1837 1434 1859 mortuus.
1455 1832 1586 1860 Malitiose
1596 1834 1668 1860 enim
1687 1837 1717 1861 et
1735 1833 1850 1861 Iudaica:
1869 1838 1915 1858 ma-

1138 1877 1304 1904 chinationis
1317 1883 1376 1905 erat
1391 1879 1536 1913 suspicari,
1554 1884 1583 1905 ut
1596 1879 1680 1906 etiam
1694 1880 1752 1907 hac
1763 1879 1914 1912 ﬁngerentet

1138 1922 1272 1949 audirent.
1287 1921 1364 1949 Nunc
1378 1927 1468 1950 autem
1491 1923 1555 1957 quia
1578 1931 1667 1958 neque
1690 1924 1799 1951 diabolo
1826 1929 1914 1957 propo-

1138 1967 1212 1994 nenti
1237 1968 1375 2001 possibilia
1397 1969 1538 1999 obediuut,
1562 1976 1649 2004 neque
1663 1968 1724 2003 ejus
1746 1969 1807 1995 [iliis
1826 1968 1866 2002 qui
1880 1973 1916 1992 v0-

1137 2011 1240 2039 luntate
1256 2012 1316 2047 ejus
1332 2013 1378 2040 filii
1407 2014 1588 2046 habebantur,
1613 2015 1732 2049 praebuit
1750 2015 1820 2049 quod
1845 2011 1915 2040 loculi

1138 2063 1211 2086 sunt.
1227 2057 1294 2085 Cum
1311 2059 1382 2086 enim
1399 2065 1490 2094 posset
1509 2060 1686 2094 descendere,
1710 2069 1764 2088 non
1781 2058 1915 2090 descendit,

1138 2111 1173 2131 ne
1192 2104 1365 2132 intercideret
1390 2106 1601 2139 dispensationis
1628 2114 1735 2140 curam,
1758 2114 1841 2141 neque
1859 2111 1916 2140 pra-

1138 2149 1216 2177 bcret
1240 2150 1340 2178 Judmis
1368 2156 1397 2177 ut
1415 2151 1508 2178 iisdem
1535 2152 1659 2179 obedisse
1685 2154 1831 2180 videretur.
1857 2149 1917 2184 Quid

1140 2196 1211 2222 enim
1227 2201 1286 2223 erat
1305 2196 1439 2223 dimcilius
1453 2204 1468 2224 e
1489 2204 1570 2224 cruce
1590 2198 1759 2226 descendere
1771 2199 1863 2229 Deum,
1875 2200 1914 2222 aut

1137 2241 1172 2267 ab
1193 2242 1288 2270 inferis
1313 2243 1460 2271 ascendere
1484 2244 1637 2271 viventem?
1653 2245 1727 2278 Ergo
1753 2252 1806 2272 non
1821 2249 1917 2279 propter

1138 2288 1384 2322 impossibilitatem
1401 2290 1541 2317 excusatio
1555 2291 1668 2322 exstitit,
1683 2291 1733 2319 sed
1753 2297 1857 2325 propter
1869 2289 1917 2315 dis-

1138 2334 1325 2367 pensationem
1339 2335 1483 2369 permissio
1501 2337 1580 2362 morti
1594 2336 1653 2367 fuit,
1673 2342 1704 2363 ut
1719 2338 1821 2371 majora
1836 2340 1916 2362 osten-

1137 2380 1213 2407 deret
1227 2388 1308 2414 quam
1325 2381 1361 2408 illl
1384 2382 1486 2416 precati
1511 2387 1583 2410 sunt.
1616 2382 1672 2418 Ego
1699 2388 1790 2410 autem
1814 2382 1917 2409 libenter

1137 2430 1229 2452 mente
1255 2433 1366 2453 recurro
1391 2427 1424 2454 ad
1449 2427 1525 2460 illud,
1549 2436 1610 2455 cum
1630 2429 1722 2457 adhuc
1749 2437 1841 2456 recens
1867 2431 1917 2455 erat

1137 2471 1229 2506 passio
1242 2471 1357 2504 Christi,
1374 2481 1470 2501 recens
1485 2474 1566 2501 etiam
1587 2479 1614 2501 et
1626 2473 1785 2502 Iudaeorum
1804 2473 1914 2502 audacia.

1137 2516 1236 2545 Petrus
1247 2518 1319 2545 enim
1335 2519 1495 2557 loquebatur
1510 2527 1562 2547 non
1579 2528 1609 2547 ea
1622 2528 1683 2554 qua:
1697 2526 1763 2548 ante
1776 2521 1915 2555 passionem

1139 2563 1257 2596 dicebat,
1277 2569 1305 2591 et
1322 2565 1436 2598 apostoli
1454 2566 1633 2598 testabantur,
1649 2571 1679 2593 et
1690 2566 1777 2594 Judaei
1793 2566 1916 2595 dolebant.

1138 2613 1165 2634 et
1181 2608 1237 2642 jam
1263 2617 1317 2637 non
1342 2609 1477 2637 habebant
1503 2611 1547 2637 cui
1571 2616 1720 2646 crogarent
1745 2611 1876 2646 pecunias,
1892 2613 1918 2634 ut

1141 2654 1305 2681 resurrectio
1318 2655 1502 2682 occultaretur
1517 2665 1523 2682 :
1543 2656 1640 2684 milites
1654 2657 1729 2684 enim
1746 2656 1916 2685 custodientes

1171 2747 1209 2775 (8)
1227 2745 1286 2775 Μελ..
1297 2746 1427 2780 adiﬁciis.

1170 2780 1207 2812 (9)
1225 2780 1284 2810 Μς..
1300 2781 1444 2814 (inuentes.

1169 2815 1223 2849 (lUi
1241 2815 1290 2842 lt’o.
1310 2815 1389 2843 Forte
1403 2825 1443 2844 ea.
