2024 3208
140 208 208 239 {iiii

800 207 844 234 DE
863 205 1034 236 OPERIBUS
1054 205 1165 233 BONIS;

1699 208 1772 236 ηυξ

141 270 307 301 acceperant
323 266 386 299 ista,
403 266 474 294 sicut
493 271 519 293 ct
543 263 664 302 proditor
687 265 780 295 Iudas.
799 266 928 294 Sciebant
942 268 968 299 Α
982 268 1110 296 cedonas.
1126 265 1190 299 Quae
1213 269 1302 293 autem
1317 266 1457 300 probatio?
1473 267 1535 301 quia
1563 267 1681 295 tribulati
1708 275 1763 294 non

139 313 214 342 enim
236 311 319 339 Judaei
331 312 474 339 adversum
487 319 516 339 se
534 312 628 347 duplas
647 313 710 340 dare
725 313 861 348 pecunias.
877 313 927 340 De-

139 358 238 386 derunt
254 361 280 383 et
291 353 490 391 ad-negandam
505 358 712 385 resurrectionis
726 357 803 385 ﬁdem
818 367 824 385 :
840 357 927 385 sciunt

140 405 239 438 quippe
254 408 280 430 et
298 404 364 430 dare
389 403 469 435 male,
487 408 514 430 et
529 404 654 437 accipere
672 411 723 430 non
740 404 818 431 bene.
837 403 927 437 Siqui-

140 450 200 476 dum
217 454 245 476 et
261 449 360 482 Joseph
387 449 569 476 distralicntes
592 454 754 484 acceperunt
778 457 829 476 non
848 449 926 482 bene,

137 501 165 522 ut
193 496 335 522 Dominum
359 502 439 521 causa
459 496 620 530 proditionis
647 501 781 526 emerunt.
798 501 826 522 et
845 497 927 523 alme-

138 543 248 575 gat‘one
273 541 482 567 resurrectionis
509 542 652 568 adversarii
673 548 701 568 se
724 545 925 574 compararunt.

138 585 166 612 la
184 587 252 612 mala
269 587 339 613 enim
355 587 515 613 mercatoria
527 588 659 618 meditati,
678 588 856 620 perditionem
876 587 927 614 sibi

138 638 318 667 procurarunt
335 637 502 665 perpetuam.
518 633 569 660 Sed
585 633 616 659 ad
630 633 726 660 Jttdatn
751 634 859 668 quidem
886 634 928 660 l'u-

141 686 197 704 retu
220 678 271 704 vim
302 678 435 704 habebant
463 678 598 712 perunire;
628 679 660 704 ad
687 687 747 704 eum
776 683 863 705 autem
882 679 928 712 qui

139 724 254 751 (licebat.
279 723 397 749 Pecunia
420 729 447 750 et
470 731 563 749 aurum
589 731 640 750 non
666 728 707 750 est
732 724 808 755 mihi,
828 724 926 751 nullam

140 769 258 795 habebat
278 768 378 795 malitia
404 769 542 800 virtutem,
571 771 618 795 sed
650 770 865 804 augustabantur
881 777 925 796 sa-

139 814 265 841 cerdotes
275 814 435 847 eLpopulus.
449 818 476 839 et
489 813 592 840 turbela
605 818 664 840 erat
677 813 818 840 bonorum.
834 814 927 848 Neque

139 860 211 886 enim
226 866 305 892 quem
326 859 587 892 comprehemleruut
598 859 654 892 jam
671 859 820 891 habebant,
838 867 928 894 neque

137 912 217 939 quem
228 905 417 931 detinuerunt:
428 905 545 938 undique
561 905 633 932 enim
647 905 759 939 spiritus
774 905 927 932 scaturieus

979 317 1121 343 cesserunt
1139 311 1278 339 cluat-itali.
1301 310 1351 344 Qui
1378 312 1450 339 enim
1475 320 1528 340 non
1557 313 1726 346 tribulatur,‘
1742 314 1766 341 sl

980 359 1237 389 subministraverit,
1263 357 1360 385 similis
1380 363 1422 384 est
1437 357 1473 384 illi
1496 359 1542 392 qui
1562 359 1624 386 dum
1651 360 1766 386 mandtk

978 411 1033 438 cat,
1050 413 1080 432 ea
1097 412 1156 439 qua:
1178 403 1347 437 superaverit
1370 403 1460 430 donat.
1486 404 1536 437 Qui
1563 411 1652 432 autent
1681 405 1768 432 adhuc

978 450 1061 479 esurit
1092 454 1117 476 et
1145 449 1307 483 compatitur
1326 457 1341 474 e
1367 456 1436 481 pane
1459 456 1519 480 suo,
1544 449 1588 476 ille
1611 454 1652 476 est
1676 449 1767 476 fratris

979 501 1082 524 atuator
1098 504 1104 522 :
1117 495 1248 528 siquidem
1262 499 1288 521 et
1303 494 1353 519 sub
1371 494 1482 520 Domino
1494 493 1569 526 Iesu,
1584 496 1766 529 cumquidam

980 543 1121 569 mitterent
1138 541 1219 567 multa
1242 541 1268 566 in
1293 541 1391 575 templo
1416 547 1447 566 ex
1473 541 1514 567 his
1532 548 1592 574 qum.
1619 541 1765 572 habebam,

980 589 1058 615 vidua
1078 588 1130 613 duo
1149 588 1258 613 mittens
1278 586 1381 612 minuta
1401 593 1495 612 omnes
1516 587 1654 619 superavit
1671 587 1698 613 in
1718 587 1766 613 do.

980 635 1031 660 nis.
1050 634 1080 660 Et
1096 637 1169 659 certe
1187 633 1249 666 quid
1262 637 1338 658 erant
1356 632 1399 658 illa
1420 632 1472 657 duo
1487 632 1589 658 minuta
1610 639 1669 666 qua:
1688 632 1766 658 ridua

980 678 1074 705 misit?
1088 677 1223 710 Quantum
1239 677 1272 702 ad
1287 683 1342 702 rem
1359 676 1468 711 quidem
1485 677 1551 703 satis
1567 685 1648 711 parva
1664 686 1671 703 :
1686 685 1770 710 quan-

981 730 1035 751 tum
1055 725 1086 750 ad
1104 723 1269 750 alacritatem
1291 726 1381 748 autem
1404 722 1481 749 valde
1497 731 1603 758 magna.
1618 723 1678 749 Non
1694 722 1767 748 enim

979 770 1011 796 ad
1032 769 1058 795 id
1090 769 1225 802 inspicere
1249 767 1379 794 debemus
1401 768 1474 802 quod
1500 768 1592 794 datum
1609 773 1662 799 est,
1680 769 1726 795 sed
1745 769 1768 795 si

979 816 1042 850 quid
1057 815 1145 841 eidem
1170 814 1326 841 derelictum
1348 818 1398 840 est.
1423 813 1455 840 Et
1470 813 1509 840 ita
1530 814 1705 842 admirabilis
1725 814 1769 841 ille

979 861 1024 894 qui
1040 864 1160 894 superat.
1174 859 1233 886 Non
1246 859 1344 892 quippe
1355 859 1530 892 qua-rendam
1543 863 1584 885 est
1596 859 1618 885 si
1632 859 1779 886 modicum,

979 910 1020 933 est
1035 906 1104 940 quod
1120 913 1135 930 a
1156 905 1235 931 vidua
1251 906 1340 935 datur.
1358 905 1404 931 sed
1421 904 1442 930 si
1467 904 1568 937 aliquid
1588 905 1612 931 ei
1643 905 1770 932 relictum

138 949 296 976 fonticabztt.
314 949 346 975 Et
359 948 454 976 Petrus
468 949 667 983 quidemistinc
684 949 793 976 aliunde
807 950 886 981 alius,
899 955 926 977 et
943 949 964 976 Β
979 955 1030 977 cst.
1052 950 1080 976 Si
1096 950 1167 976 enim
1186 949 1255 976 tacta
1272 949 1356 975 l'uerit
1369 949 1537 983 comparatio
1552 949 1585 976 de
1598 949 1637 975 eis
1648 956 1708 983 qua}
1722 956 1767 975 re—

139 996 208 1023 alter
224 1003 257 1021 ex
271 994 314 1021 illa
330 999 417 1028 parte,
429 999 454 1021 et
477 995 522 1028 qui
537 997 650 1021 necdum
670 995 822 1021 crediderat
836 996 926 1022 initia-

138 1042 185 1067 bat
198 1041 327 1068 clamare.
345 1041 458 1068 Etillius
470 1040 577 1074 quidem
590 1039 670 1071 ﬁlius,
687 1040 796 1066 alterius
809 1040 873 1070 tilia,
889 1040 928 1066 al-

139 1087 224 1114 terius
244 1086 360 1121 conjux;
382 1091 405 1113 el
421 1086 493 1112 illius
510 1086 605 1112 domus
620 1086 676 1119 ipse
691 1085 885 1118 paterfamilias
901 1089 928 1112 et

139 1139 235 1159 servus
269 1138 295 1159 et
317 1131 416 1158 famula
447 1131 521 1167 (ll);
542 1131 660 1164 undique
680 1130 796 1165 Spiritus
822 1130 928 1157 fructus

139 1177 304 1205 scaluriebat
331 1185 407 1205 suus.
437 1177 494 1204 Non
525 1182 628 1203 tantum
656 1176 727 1202 enim
754 1177 928 1211 permittebat

138 1222 239 1250 Iudaeis
256 1223 401 1253 visionem,
417 1228 548 1257 quantum
569 1222 747 1256 perditionem
768 1229 925 1255 agnoscere.

139 1267 202 1295 Haec
214 1276 274 1294 cum
299 1268 335 1295 ita
360 1268 455 1296 tierent
480 1269 549 1302 apud
569 1268 705 1299 Iudaeam;
728 1272 836 1301 oportet
855 1268 926 1294 enim

139 1314 280 1341 ostendere
296 1321 345 1340 nos
365 1314 435 1341 ttnde
449 1315 483 1340 ad
503 1314 553 1341 hos
567 1321 660 1340 sumus
679 1314 803 1340 conversi
821 1321 927 1340 sermo-

139 1367 203 1393 nes;
224 1360 280 1395 jam
306 1368 359 1387 non
383 1364 441 1387 erat
462 1360 590 1394 possibile
615 1359 656 1387 his
681 1360 726 1394 qui
755 1360 927 1387 crediderant

139 1405 260 1436 Christo,
292 1405 362 1440 apud
388 1404 507 1432 Judmam
536 1405 630 1440 pasci:
648 1405 779 1439 siquidem
807 1405 830 1432 si
856 1409 928 1432 esset

138 1451 200 1485 quis
214 1451 295 1482 titius,
311 1450 473 1482 ejiciebatur
493 1458 508 1477 e
531 1452 611 1478 domo
637 1451 700 1485 quia
723 1451 811 1478 lactus
840 1451 930 1478 fuerat

138 1495 227 1522 ﬁdelis
247 1496 291 1522 :si
305 1496 400 1527 frater,
423 1504 476 1522 non
503 1497 620 1524 habebat
642 1498 793 1531 portionem
810 1497 927 1524 haeredi-

141 1541 217 1572 tatis,
246 1540 308 1574 quia
334 1539 390 1573 jam
415 1540 532 1567 habebat
558 1546 662 1575 partem
686 1542 760 1576 regni
784 1542 926 1568 ctelestis:

138 1589 166 1613 et
199 1584 261 1612 lilia:
288 1584 503 1616 abdicabantur,
530 1590 558 1612 et
590 1585 660 1612 servi
696 1585 927 1617 emcndabantur,

981 996 1043 1023 licta
1058 999 1132 1028 sunt,
1152 995 1275 1022 invenies
1299 995 1395 1022 divites
1419 995 1527 1029 quidem
1553 995 1619 1022 nihil
1641 995 1766 1028 dedisse;

978 1041 1057 1074 plura
1075 1043 1147 1068 enim
1169 1046 1232 1069 sunt
1246 1049 1307 1076 (μηδ
1324 1041 1420 1068 relicta
1435 1045 1499 1067 sunt
1521 1041 1576 1072 eis;
1596 1041 1703 1067 viduam
1720 1048 1771 1068 au-

980 1092 1033 1115 tem
1058 1092 1147 1114 .totam
1177 1087 1338 1114 substantiae
1364 1086 1521 1114 facuhatem
1550 1087 1666 1115 dedisse.
1698 1087 1770 1121 Ergo

979 1133 1047 1160 nihil
1067 1134 1152 1168 magis
1170 1138 1221 1164 est,
1238 1134 1260 1160 si
1279 1133 1339 1167 quis
1354 1133 1458 1159 habens
1474 1133 1555 1160 donat
1571 1142 1579 1162 :
1599 1134 1644 1161 sed
1661 1133 1683 1161 εἰ
1706 1133 1767 1167 quis

980 1187 1032 1206 non
1058 1179 1150 1211 habet,
1170 1183 1249 1212 urget
1275 1179 1436 1205 charitatem
1461 1183 1490 1205 ut
1516 1179 1606 1206 faciat.
1628 1179 1665 1206 lla
1679 1185 1707 1206 et
1722 1178 1767 1205 illa

979 1225 1069 1256 vidua,
1092 1231 1152 1258 quia
1168 1223 1287 1257 suscepit
1303 1223 1387 1249 Ellam
1402 1223 1527 1250 infamem
1549 1223 1618 1258 (l5),
1636 1231 1651 1250 a
1667 1223 1771 1258 pugillo

979 1272 1088 1307 pollinis
1105 1271 1240 1305 primitias
1258 1270 1374 1297 oﬂerens
1393 1271 1542 1304 prophetae,
1564 1275 1591 1297 et
1613 1271 1671 1305 ipsa
1691 1275 1767 1305 pasta

979 1321 1017 1344 est
1033 1321 1058 1344 et
1075 1316 1133 1351 plus
1148 1316 1254 1342 czeteris
1268 1315 1370 1342 habuit.
1384 1315 1422 1342 lta
1440 1319 1467 1342 et
1483 1315 1656 1347 Macedones,
1673 1315 1719 1349 qui
1737 1313 1777 1341 in.

978 1362 1062 1389 multo
1084 1362 1269 1394 experimento
1288 1360 1469 1387 tribulationis
1485 1359 1568 1394 :quia
1590 1360 1663 1387 enim
1682 1360 1777 1387 multa-

979 1411 1038 1434 erat
1048 1407 1117 1441 apud
1132 1407 1190 1433 illos
1202 1406 1341 1432 tribulatio
1357 1405 1508 1432 irtediarum
1520 1414 1528 1438 ;
1540 1405 1683 1432 incurrunt
1693 1404 1766 1431 enim

979 1458 1172 1486 nonnunquam
1198 1451 1263 1477 tales
1284 1450 1438 1476 hominibus
1459 1449 1665 1480 tribulationes;
1689 1448 1767 1474 altis-

978 1498 1046 1524 sima
1058 1497 1195 1524 tribulatio
1212 1503 1345 1522 summam
1362 1495 1523 1522 charitatem
1540 1494 1658 1521 ostendit
1673 1504 1680 1521 :
1704 1495 1767 1528 quia

979 1541 1006 1567 in
1022 1540 1103 1566 multo
1116 1540 1304 1573 experimento,
1321 1539 1421 1572 inquit,
1436 1539 1617 1565 tribulationis
1629 1538 1770 1565 abundau-

980 1586 1016 1611 tia
1026 1585 1116 1618 gaudii
1126 1592 1216 1610 eorum
1226 1584 1260 1610 δε.
1281 1583 1417 1616 Quantum
1435 1584 1508 1610 enim
1521 1584 1558 1610 ad
1573 1590 1639 1617 opes
1651 1588 1767 1617 spectat,

138 1631 303 1659 sustinentes
342 1637 438 1664 pronas
467 1630 531 1664 quia
566 1629 668 1657 ﬁdeles.
700 1629 762 1657 llaec
792 1637 852 1656 cum
886 1630 924 1657 ita
939 1628 960 1656 ς
981 1629 1118 1656 tribulatio
1134 1629 1244 1656 erateis
1263 1637 1269 1655 :
1285 1633 1416 1662 quantum
1433 1633 1521 1655 autem
1542 1629 1576 1654 ad
1591 1629 1766 1661 cbaritatem,

138 1681 293 1709 agerentur,
311 1674 405 1709 etjam
420 1682 473 1701 non
494 1674 650 1702 sutIicerent
669 1675 761 1702 fideles
785 1675 854 1709 apud
875 1674 925 1702 Ju-

137 1722 222 1748 dteam
248 1726 361 1755 pascere
387 1720 588 1747 multitudinem
613 1719 781 1746 credentium
798 1719 923 1750 Christo;

137 1765 249 1801 apostoli
267 1765 444 1800 praedicantes
455 1766 576 1800 gentium
592 1765 816 1800 complacuerunt
829 1769 857 1792 et
874 1765 926 1792 hoc

139 1812 241 1839 donare
258 1811 381 1839 lidelibus
391 1811 436 1846 qui
452 1812 478 1838 iu
489 1811 615 1846 gentibus
631 1811 815 1844 habebantur,
830 1815 858 1838 ut
871 1811 925 1838 col-

138 1857 253 1893 ligerent
270 1858 402 1891 quasdam
420 1857 546 1891 pecunias
559 1861 588 1883 et
608 1863 683 1890 opes,
695 1861 722 1884 et
736 1857 875 1884 mitterent
892 1857 926 1884 ad

136 1902 256 1929 Judaaam
280 1902 456 1929 credentibus
472 1902 581 1929 Christo
597 1911 604 1929 :
620 1906 650 1929 ut
667 1910 713 1930 eos
733 1910 802 1936 quos
815 1902 926 1929 abdica-

137 1952 233 1975 verant
250 1951 378 1985 parentes
393 1947 428 1974 ob
439 1946 530 1980 ﬁdem,
550 1954 596 1974 eos
616 1952 759 1982 pascereut
772 1952 866 1982 gentes
879 1954 928 1975 ne-

136 1992 258 2021 cessaria
268 1992 446 2020 destinantes.
460 1992 493 2019 Et
506 1992 670 2028 colligebant
687 1994 818 2028 pecunias
830 1994 877 2028 qui
891 2001 926 2021 ex

136 2038 262 2073 gentibus
274 2039 308 2066 ob
323 2038 468 2064 alimonias
482 2037 586 2065 scilicet
604 2043 762 2065 sanctorum
787 2039 836 2073 qui
853 2039 926 2073 apud

136 2083 352 2119 Hierosolymam
365 2083 552 2110 morabantur.
574 2083 609 2111 Et
627 2083 678 2110 ista
700 2091 773 2111 nunc
796 2091 858 2119 pars
884 2087 926 2111 est

134 2137 196 2164 quae
219 2129 299 2156 hodie
325 2129 394 2156 lecta
417 2129 444 2157 in
470 2128 591 2163 Eptstola
615 2128 702 2161 Pauli,
725 2130 853 2156 videtur:
871 2137 924 2156 non

134 2175 212 2202 valde
239 2182 303 2202 cara
336 2174 413 2210 (l2),
445 2175 517 2201 sicut
558 2175 630 2202 facta
668 2179 733 2202 sunt
765 2183 825 2210 quae
863 2179 925 2203 ante

134 2221 277 2254 praedicata
302 2224 374 2247 sunt.
402 2220 600 2254 Evangelizans
614 2220 696 2254 igitur
711 2220 857 2254 Apostolus
873 2221 925 2248 Co-

134 2267 249 2294 :iuthios
278 2274 326 2301 per
359 2266 472 2293 aliorqu
511 2265 738 2297 sollicitudinem,
768 2271 869 2300 eosque
891 2266 924 2293 ad

133 2310 250 2338 similem
278 2310 457 2336 imitationem
482 2309 641 2342 adhortans,
673 2313 702 2336 ut
725 2309 852 2337 alacriter
871 2311 924 2337 im-

133 2357 268 2390 pertirent
305 2355 430 2382 ﬁdelibus
469 2356 514 2390 qui
551 2355 621 2390 apud
661 2354 783 2383 Judzeam
825 2360 924 2390 erant,

133 2402 234 2436 quique
270 2401 386 2428 abdicati
420 2408 436 2427 a
468 2401 525 2427 suis
557 2401 719 2428 necessariis
755 2401 922 2437 indigebant,

132 2454 184 2474 nec
209 2446 277 2473 ullas
306 2445 503 2481 promissioues
525 2445 651 2473 Judaicas
674 2452 720 2473 aut
749 2447 923 2476 hacreditates

133 2491 270 2519 habebant.
288 2500 294 2518 :
316 2491 377 2517 ideo
391 2491 516 2517 scribens
531 2490 565 2517 ad
582 2498 629 2517 eos
651 2490 751 2518 Paulus
769 2492 804 2518 ita
829 2493 892 2519 dicit
912 2501 930 2520 ιη

134 2537 233 2565 Natant
247 2542 334 2564 autem
352 2536 422 2563 vobis
442 2537 521 2570 facio,
539 2536 646 2570 fratres,
664 2537 777 2570 gratiam
796 2537 844 2563 Dei
863 2545 922 2571 qua:

132 2584 196 2610 data
210 2587 248 2610 est
264 2584 290 2610 in
307 2582 432 2609 Ecclesiis
449 2581 624 2614 Macedouitc,
646 2581 709 2616 quia
730 2582 757 2607 in
775 2581 856 2608 multo
877 2590 922 2608 ea:-

132 2630 276 2663 perimento
291 2628 468 2654 tribulationis
483 2627 647 2654 abundantia
664 2627 755 2661 gaudii
777 2633 878 2659 eorum,
897 2631 922 2653 et

132 2674 264 2700 attiuima
276 2678 416 2708 paupertas
434 2679 524 2699 eorum
541 2672 683 2699 abundavit
699 2673 725 2698 in
739 2671 845 2698 divitias
858 2673 923 2699 sim-

131 2719 257 2754 plicitatis
274 2727 364 2746 eorum
378 2719 412 2748 “.
430 2719 559 2746 Scribeus
577 2718 725 2745 Corinthiis
744 2718 840 2751 probat
863 2718 920 2745 Ma-

167 2789 191 2805 “
203 2788 223 2814 Il
236 2788 298 2815 Cor.
317 2797 375 2820 vut,
389 2789 444 2823 ΗΞ.
483 2789 505 2804 δ’
521 2787 583 2816 ibid.
599 2788 625 2815 2.
663 2788 686 2804 “
700 2787 765 2815 ibid.
804 2788 825 2804 “
839 2788 902 2816 ibid.
916 2788 942 2816 ἂι

167 2859 192 2894 (ί
201 2858 224 2885 li
239 2858 300 2889 Ms.,
319 2859 432 2894 futui/ia.

170 2894 226 2928 (1‘2)
242 2893 323 2921 Cum.
341 2893 431 2925 Fut'ir,
449 2894 532 2920 clum.

939 2296 963 2324 D

977 1675 1114 1711 gaudium.
1133 1675 1202 1702 Dare
1223 1675 1294 1703 enim
1311 1683 1344 1702 ex
1360 1675 1402 1702 his
1417 1682 1476 1709 qua:
1491 1675 1548 1709 ipse
1563 1682 1615 1701 non
1631 1675 1722 1705 habet,
1738 1681 1766 1702 et

977 1729 1037 1748 cum
1050 1722 1147 1756 gaudio
1159 1722 1235 1754 dare,
1250 1723 1306 1749 haec
1325 1726 1366 1748 est
1378 1729 1482 1748 summa
1502 1721 1649 1749 credulitas
1662 1721 1696 1749 de
1707 1728 1765 1749 c0-

978 1766 1092 1794 lcstibus
1111 1767 1212 1802 regnis.
1237 1767 1355 1802 Cupiens
1371 1774 1435 1802 ergo
1453 1768 1598 1794 ostendere
1620 1766 1767 1801 Apostolus

977 1816 1078 1846 quanta
1102 1812 1142 1839 eis
1162 1816 1220 1839 erat
1245 1812 1389 1847 angustia,
1415 1815 1442 1838 et
1465 1817 1595 1847 quantum
1613 1811 1766 1846 gaudebant

978 1857 1072 1885 dantes
1097 1864 1131 1885 ex
1148 1864 1180 1885 eo
1195 1857 1265 1891 quod
1292 1865 1344 1884 non
1359 1856 1515 1889 habebant;
1542 1857 1569 1883 in
1593 1857 1677 1883 multo
1700 1856 1766 1883 dicit

977 1903 1162 1938 experimento
1178 1903 1361 1930 tribulationis
1375 1902 1542 1929 abundantia
1555 1902 1645 1937 gaudii
1657 1909 1768 1933 eorum,

978 1953 1005 1976 et
1020 1948 1151 1976 altissima
1176 1952 1322 1983 paupertas
1336 1955 1444 1975 eorum.
1463 1947 1602 1975 Altissima
1619 1952 1773 1982 paupertas

979 1994 1108 2021 radicitus
1123 2001 1170 2021 eos
1186 1994 1252 2021 nihil
1264 1994 1366 2021 habere
1379 1994 1525 2027 signiﬁcat.
1548 1993 1708 2025 Abundavit,
1722 1993 1766 2019 in-

979 2041 1048 2075 quit,
1064 2041 1091 2066 in
1105 2040 1204 2067 divitiis
1223 2040 1402 2074 simplicitatis
1426 2048 1526 2067 eorum.
1541 2039 1623 2066 Multa
1642 2039 1766 2074 probatio

979 2085 1159 2113 tribulationis
1175 2094 1182 2112 :
1197 2086 1246 2113 sed
1270 2086 1411 2113 abundans
1422 2104 1430 2117 ,
1451 2085 1549 2119 inquit,
1565 2085 1693 2120 gaudium
1719 2092 1766 2112 eo-

978 2135 1084 2164 rum,et
1099 2130 1229 2158 altissima
1248 2135 1393 2165 paupertas
1409 2138 1502 2158 eorutn
1520 2139 1527 2157 :
1544 2134 1572 2157 et
1587 2130 1765 2161 abundantia,

978 2177 1083 2211 inquit,
1102 2176 1258 2203 divitiarum
1274 2176 1458 2211 simplicitatis
1474 2183 1577 2203 eorum.
1591 2176 1631 2203 Ab
1645 2176 1767 2202 adversis

978 2223 1081 2257 accepit
1104 2222 1343 2256 comparationem,
1367 2221 1513 2249 ostendens
1528 2221 1590 2255 quia
1607 2220 1688 2246 multa
1705 2221 1774 2254 qui«

978 2267 1038 2294 dem
1053 2267 1193 2295 tribulatio
1205 2271 1265 2294 erat
1280 2267 1352 2301 apud
1372 2274 1420 2294 eos
1435 2266 1596 2296 inediarum,
1618 2271 1671 2291 non
1690 2269 1772 2291 tanta-

978 2318 1066 2340 autem
1083 2317 1215 2347 quantum
1240 2317 1267 2340 et
1290 2311 1429 2348 gaudium.
1455 2311 1488 2338 Et
1510 2309 1641 2337 altissima
1655 2310 1766 2344 quidem

977 2364 1139 2394 paupertas,
1163 2359 1211 2386 sed
1225 2359 1325 2387 divitiae
1339 2356 1531 2391 simplicitatis,
1546 2356 1609 2389 quia
1621 2355 1765 2382 secundant

977 2406 1100 2432 virtutem
1115 2404 1298 2432 testimonium
1311 2402 1444 2437 perhibeo,
1458 2405 1483 2428 et
1499 2409 1576 2434 super
1588 2401 1653 2427 vires
1665 2401 1699 2427 ⁵ο.
1711 2401 1766 2427 Hec

977 2452 1050 2478 enim
1074 2455 1135 2483 est,
1160 2455 1187 2478 et
1200 2449 1375 2477 tribulatione
1395 2447 1538 2474 voluntarii
1563 2446 1694 2472 fuerunt:
1713 2453 1765 2472 non

976 2497 1030 2523 vim
1054 2495 1148 2530 passi,
1167 2494 1213 2521 sed
1228 2501 1288 2520 cum
1311 2492 1394 2520 multa
1411 2491 1604 2518 exhortatione
1618 2491 1766 2517 obsecran-

977 2545 1028 2567 tes.
1044 2540 1102 2567 Non
1121 2539 1206 2567 solum
1223 2539 1295 2566 enim
1318 2546 1334 2564 a
1360 2537 1439 2564 nobis
1456 2544 1509 2564 non
1524 2540 1586 2563 sunt
1609 2535 1765 2565 obsecrati,

977 2586 1023 2613 sed
1039 2590 1066 2613 et
1082 2585 1132 2620 ipsi
1145 2586 1335 2612 obsccrarunt.
1356 2583 1409 2611 Sed
1425 2590 1484 2609 cum
1500 2581 1594 2613 multa,
1607 2581 1704 2615 inquit,
1720 2587 1770 2605 εις

976 2630 1125 2657 hortatione
1150 2630 1313 2656 obsecrantes
1338 2632 1461 2663 rogantes
1477 2635 1523 2654 nos
1534 2626 1567 2653 ⁵¹.
1596 2625 1664 2659 Quia
1692 2625 1767 2652 enim

976 2683 1038 2702 cum
1064 2675 1146 2702 multa
1168 2674 1356 2702 obsecratione
1374 2673 1476 2700 dictum
1489 2693 1497 2705 ,
1514 2671 1626 2699 dubium
1652 2670 1766 2697 videba-

977 2726 1032 2754 tur,
1050 2725 1141 2748 utrum
1156 2719 1315 2747 Macedones
1331 2723 1472 2754 rogassent
1490 2717 1628 2752 apostolos
1641 2715 1767 2750 suscipe-

1014 2858 1069 2893 (13)
1085 2857 1227 2892 Infamem.
1243 2857 1334 2891 Forte,
1351 2857 1375 2884 iu
1390 2856 1471 2891 [enim
