2024 3208
268 201 337 229 1205

604 198 736 226 EUSEBII
757 197 993 225 CESARIENSIS
1013 196 1088 224 OPP.
1109 196 1199 225 PARS
1219 196 1263 224 IV.
1284 212 1319 216 -—
1339 195 1548 225 DOGMATICA.

1827 196 1839 224 i
1844 197 1894 226 204

266 267 298 288 re
311 259 345 287 ab
360 258 425 294 Ipsis
443 264 501 293 quae
512 257 674 289 olierebant,
692 260 738 282 aut
755 255 868 290 apostoli
883 255 1056 286 Macedonas.
1076 257 1098 286 Λ
1114 256 1293 288 manducans,
1303 255 1444 282 nobiscum
1454 255 1602 282 dormiens.
1612 254 1649 282 Ex
1671 255 1748 283 nobis
1762 261 1893 291 sputatus.

266 310 297 334 ut
307 311 368 332 sese
379 301 528 339 ponderent
543 303 576 329 ad
594 302 722 334 dandum,
732 301 792 328 ideo
801 301 880 328 dicit:
894 301 961 327 Cum
973 300 1055 326 multa

265 350 450 379 exhortatione
473 349 637 375 obsecrantes
650 355 708 378 nos,
732 347 871 381 offerentes
884 346 1011 381 gaudium
1032 350 1055 371 et

265 394 477 422 communionem
503 392 643 419 ministerii
660 392 729 426 quod
744 392 774 425 ﬁt
799 392 826 418 in
850 397 965 418 sanctos.
998 390 1055 417 Non

266 441 338 467 enim
351 439 438 475 rogari
452 438 513 473 quis
529 437 608 465 debet
625 439 658 464 ad
675 437 906 467 misericordiam,
918 437 964 464 sed
979 443 1058 471 roga-

267 493 297 513 re
312 485 401 520 potius
417 488 446 511 ut
461 483 645 511 communicet
662 482 723 510 aliis
744 492 750 509 :
767 487 792 509 et
809 491 860 509 non
883 484 950 509 sicut
967 490 1058 516 spera-

266 533 349 558 vimus
362 531 404 562 ";
423 533 585 564 superarunt
604 529 677 555 enim
694 533 721 556 et
737 533 857 555 nostram
874 528 1057 562 exspectatio-

268 584 340 604 nem.
359 576 427 609 Quid
441 582 506 610 ergo
517 575 530 602 τ
544 575 695 602 Senserunt
712 574 825 609 apostoli
842 574 959 608 inopiam
969 573 1059 601 Mace-

269 622 377 653 donum,
399 626 425 648 et
440 621 547 655 pigebat
564 628 611 648 eos
625 621 716 648 dicere
729 620 829 654 aliquid
843 629 850 652 ;
865 620 995 653 apostolis
1008 627 1057 646 au-

270 671 322 693 tent
343 666 494 693 tacentibus
505 673 558 692 non
573 665 701 692 tacebant
712 665 758 699 qui
771 665 997 696 obsecrabantur,
1013 665 1058 691 sed

268 713 419 746 semetipsos
431 732 438 743 ,
455 711 543 750 inquit
564 731 572 744 ,
594 712 723 738 dederunt
740 711 826 745 primo
854 710 964 737 Domino
975 730 982 742 ,
1000 710 1059 737 dein

268 762 292 784 et
306 757 379 784 nobis
404 765 450 791 per
463 757 623 783 voluntatem
646 756 694 783 Dei
709 764 716 781 :
733 756 785 782 hoc
809 760 869 786 est,
886 756 986 782 donum
1012 755 1059 782 Dei

268 803 343 830 venit
357 803 389 830 ad
407 810 464 834 eos,
479 803 590 829 hortans
612 809 660 829 eos
671 801 703 828 ad
719 809 802 836 opera
819 802 901 834 bona,
916 806 945 828 ut
963 802 1059 828 exhor-

268 853 353 874 temur
368 846 466 878 Titum,
481 852 508 873 ut
524 847 746 881 quemadmodum
755 847 843 881 εανρὶι,
855 848 893 874 ita
905 851 929 873 et
940 847 1059 880 perficiat

268 894 295 919 in
306 901 350 919 vos
371 892 483 927 gratiam
495 892 572 919 istam
584 892 618 918 ⁸³.
633 891 702 924 Quid
710 892 761 919 sibi
777 892 835 919 vult
851 897 878 918 ut
895 893 1061 918 exhortamur
1091 898 1094 902 ·

271 937 358 965 Titum
375 938 387 965 .’
410 937 477 971 Quia
497 938 568 965 enim
584 957 591 970 ,
614 938 720 972 inquit,
742 938 862 965 vidimus
886 937 1060 965 Macedonum
1077 932 1098 959 Β

270 983 377 1010 divitias
394 983 597 1017 simplicitatis;
614 989 643 1010 ut
660 991 713 1010 tton
729 983 904 1011 vinceremiui
930 983 956 1010 in
972 982 1059 1013 bonis,

271 1029 426 1064 rogavimus
445 1028 536 1056 Titum
552 1029 644 1056 venire
669 1029 703 1056 ad
719 1036 767 1056 vos
779 1048 786 1061 ,
807 1034 834 1056 et
849 1036 930 1063 pares
943 1036 990 1056 vos
1005 1027 1061 1054 eiii-

271 1083 335 1103 cere
350 1075 382 1102 ad
400 1075 574 1106 Macedonas,
591 1079 618 1101 et
635 1075 774 1102 exhortari
792 1082 825 1101 ne
842 1074 1032 1109 relinquamini
1047 1081 1061 1100 a

271 1121 375 1149 divitiis
389 1121 482 1156 gratia:
508 1121 608 1155 hujus:
624 1119 659 1147 Et
681 1121 749 1147 sicut
774 1122 800 1147 iu
824 1121 895 1147 omni
920 1120 1061 1146 abundatis

271 1167 335 1202 ﬁde,
348 1173 370 1194 et
383 1175 511 1199 sermone,
521 1172 548 1193 et
561 1166 669 1193 scientia
679 1187 686 1199 ,
701 1171 724 1193 et
738 1167 809 1192 omni
821 1166 1000 1192 sollicitudine
1013 1187 1019 1198 ,
1038 1171 1061 1192 et

271 1214 379 1247 insuper
391 1217 476 1239 vestra
493 1214 521 1238 in
544 1221 590 1239 nos
606 1212 743 1244 charitate,
770 1216 835 1238 utet
862 1213 888 1237 in
909 1213 960 1238 hac
977 1212 1062 1246 gratia

272 1258 411 1286 abundetis
427 1258 460 1285 ".
477 1258 504 1284 In
521 1258 592 1289 aliis,
614 1258 712 1291 inquit,
733 1258 861 1284 omnibus
882 1257 1063 1283 circumveni-

273 1305 328 1332 tis:
347 1309 376 1330 ut
396 1312 449 1331 non
467 1308 557 1330 autem
574 1303 821 1330 circumvenientes
847 1302 874 1329 in
894 1302 967 1334 aliis,
984 1302 1063 1329 dere-

273 1350 432 1384 linquamini
451 1349 478 1376 in
497 1349 671 1382 quibusdam,
686 1347 874 1379 etexuatniui,
896 1347 988 1381 rogavi
1015 1347 1062 1374 Ti-

276 1401 342 1427 tum,
359 1401 389 1422 ut
402 1395 428 1422 in
445 1394 573 1421 omnibus
596 1393 742 1427 primatum
760 1394 875 1420 teneatis
890 1403 896 1420 :
916 1393 976 1419 Non
987 1393 1063 1426 quasi

274 1441 406 1473 imperans
420 1439 489 1470 dico,
503 1439 549 1465 sed
562 1443 667 1471 prapter
683 1438 798 1464 aliorum
811 1438 1062 1470 sollicitudinem",

276 1486 327 1512 hoc
342 1489 383 1511 est
403 1483 578 1510 Macedonum
603 1483 720 1509 alienum
737 1490 743 1509 :
761 1483 782 1510 si
807 1484 955 1510 secundum
977 1483 1063 1518 impe-

276 1530 346 1557 rium
363 1529 439 1563 ﬁunt,
456 1528 618 1556 videbuntur
635 1535 667 1554 ex
694 1528 855 1555 necessitate
871 1527 928 1554 fieri
940 1548 948 1559 ,
962 1533 988 1555 ct
1010 1535 1064 1554 non

277 1577 379 1604 habent
400 1576 517 1603 fructum
543 1583 549 1600 :
573 1574 620 1601 sed
636 1579 744 1608 propter
769 1573 881 1600 aliorttm
902 1573 1064 1601 sollicitudi-

275 1630 337 1649 nem
352 1642 359 1654 ,
373 1627 396 1648 et
412 1626 505 1648 vestra!
518 1620 656 1646 cliaritatis
678 1619 813 1653 ingenium
832 1619 973 1654 probamus
991 1626 999 1645 :
1014 1620 1065 1647 hoc

275 1672 334 1698 est,
350 1667 527 1693 admonemus
543 1673 592 1692 vos
618 1665 796 1692 Macedonum
821 1665 973 1692 claritatem
995 1664 1064 1700 (li).

277 1717 307 1740 ut
320 1712 461 1739 audientes
476 1712 509 1738 ad
527 1711 644 1738 similem
667 1710 785 1737 veniatis
799 1710 899 1737 zelum.
916 1710 983 1742 Quia
1000 1717 1065 1745 ergo

278 1758 311 1785 de
327 1756 447 1791 pecuniis
462 1756 611 1790 propositio
633 1760 691 1782 erat
703 1775 710 1787 .
728 1760 755 1782 et
771 1755 805 1782 de
826 1755 953 1790 operibus
967 1755 1063 1787 bonis;

278 1802 391 1836 cupiens
412 1809 459 1828 eos
478 1801 576 1829 docere
591 1801 736 1835 Apostolus
760 1801 822 1836 quia
840 1801 904 1828 nihil
923 1801 997 1835 digni
1024 1805 1065 1826 at-

277 1854 331 1880 que
346 1847 401 1882 (l5)
422 1847 556 1882 recepturi
583 1847 668 1880 estis,
687 1851 715 1873 et
739 1847 801 1881 quia
826 1847 852 1874 in
877 1846 920 1873 his
938 1846 1067 1873 Dominus

277 1893 351 1927 prior
366 1892 448 1926 coepit
461 1912 469 1924 ,
483 1897 510 1920 et
527 1892 648 1920 debitum
670 1892 808 1919 reddimus
834 1896 861 1919 et
879 1899 931 1919 non
950 1891 1066 1927 gratiam

278 1938 512 1971 praesemiuamus,
528 1937 594 1964 dicit
611 1945 617 1963 :
635 1937 717 1965 Scitis
737 1938 807 1964 enim
820 1937 935 1971 gratiam
959 1936 1066 1964 Domini

279 1984 361 2011 nostri
382 1983 446 2011 Jesu
470 1982 588 2016 Christi,
605 1983 668 2017 quia
693 1987 802 2017 propter
825 1991 872 2010 nos
887 1983 962 2016 inops
980 1982 1068 2017 factus

278 2033 327 2062 est,
340 2036 397 2056 cum
412 2029 483 2056 diues
496 2033 561 2055 esset
578 2028 612 2056 ".
625 2028 693 2061 Quia
707 2029 778 2056 enim
791 2029 823 2056 de
838 2029 961 2063 pecuniis
973 2029 1069 2056 dandis

1078 1596 1100 1624 C

277 2078 338 2100 erat
353 2074 485 2102 eisermo
497 2094 504 2105 .
521 2074 630 2109 pigebat
647 2079 736 2102 autem
757 2074 855 2101 divites
878 2074 938 2110 (16)
951 2075 1067 2108 aperiri;
1082 2099 1087 2102 _

278 2118 402 2152 opposuit
417 2118 572 2152 Dominum,
585 2120 631 2154 qui
648 2127 712 2147 vere
729 2120 813 2151 dives.
831 2120 909 2154 inops
923 2127 973 2154 pro
989 2120 1068 2147 nobis

279 2164 369 2191 factus
387 2169 440 2196 est,
453 2169 483 2192 ut
500 2164 533 2191 ad
549 2165 726 2193 imitationem
755 2166 800 2193 Dei
818 2167 964 2194 suscitaret
979 2166 1067 2193 homi-

280 2219 339 2238 nes.
351 2210 434 2238 Scitis
446 2211 525 2244 enim,
538 2211 636 2246 inquit,
655 2212 770 2246 gratiam
788 2211 895 2238 Domini
908 2213 991 2239 nostri
1004 2212 1069 2239 Iesu

1109 310 1123 329 a
1146 301 1223 329 nobis
1234 305 1275 328 est
1291 305 1392 332 tentus,
1413 307 1427 326 a
1444 300 1521 327 nobis
1544 299 1750 332 condemnatus,
1765 307 1892 335 quantum

1106 347 1140 374 ad
1157 350 1281 372 naturam
1307 345 1466 371 humanam.
1489 343 1618 371 Proﬁciat
1642 349 1732 371 autem
1758 351 1847 373 sermo
1862 347 1894 374 ad

1107 396 1216 419 czetera.
1233 390 1362 424 Iniuriam
1375 397 1472 423 passus
1486 393 1537 421 est,
1562 396 1648 416 caesus
1661 394 1711 421 est,
1725 395 1832 424 sputum
1849 399 1894 418 ac-

1108 438 1300 474 cepit,-illusus
1312 442 1365 469 est,
1378 436 1473 463 aliisue
1485 440 1526 463 est
1540 436 1625 467 cruci,
1640 436 1674 463 fel
1690 441 1717 463 et
1733 442 1838 463 acetum
1856 436 1896 464 bi-

1109 485 1159 511 bit.
1175 484 1406 517 Qnidinvenietur
1421 482 1446 509 in
1459 486 1670 509 commutatione
1686 487 1767 508 tantae
1781 482 1894 517 gratim!

1108 529 1191 556 Istam
1206 529 1288 563 igitur
1303 527 1419 562 gratiam
1441 534 1490 553 nos
1502 527 1650 553 admonens
1666 527 1896 561 Apostolus,hor—

1110 579 1182 601 tatur
1206 574 1238 601 ad
1256 581 1336 607 opera
1361 573 1442 599 bona.
1461 572 1542 599 Scitis
1557 573 1637 603 enim,
1658 573 1754 606 inquit,
1781 575 1894 608 gratiam

1109 619 1215 646 Domini
1229 619 1313 646 nostri
1326 617 1391 645 Jcsu
1406 617 1517 650 Clu-isti,
1533 619 1594 652 quia
1615 624 1722 652 propter
1739 627 1793 650 vos,
1805 624 1832 645 et
1845 628 1896 647 non

1109 670 1221 700 propter
1236 672 1275 697 se,
1293 664 1367 697 inops
1392 663 1479 698 factus
1502 669 1539 690 est
1557 672 1616 690 cum
1629 669 1694 690 esset
1713 665 1795 696 dices,
1814 670 1841 691 ut
1855 674 1896 692 vos

1109 711 1181 737 illius
1198 711 1289 745 inopia
1302 711 1395 736 divites
1408 709 1498 735 essetis
1514 709 1548 736 ⁸⁷.
1560 708 1588 736 Si
1605 710 1662 736 hzec
1680 709 1741 737 fecit
1758 712 1896 744 magister,

1111 757 1161 783 ista
1186 756 1345 783 condiscant
1364 755 1510 789 discipuli,
1530 760 1553 781 et
1576 755 1727 787 consilium,
1743 756 1840 790 inquit,
1873 758 1898 783 in

1111 801 1160 828 isto
1174 801 1207 827 do
1223 800 1247 816 "
1264 809 1271 827 :
1288 800 1338 827 hoc
1352 803 1403 830 est,
1420 799 1453 825 ad
1464 798 1644 825 imitationem
1656 799 1758 826 Christi
1772 807 1898 834 provoco.

1112 848 1169 875 Hoc
1184 849 1253 874 enim
1274 847 1345 874 vobis
1364 851 1401 873 est
1424 846 1498 872 utile.
1528 845 1593 870 Illud
1618 845 1690 871 enim
1713 852 1766 871 non
1794 844 1900 872 Christo

1111 899 1171 920 erat
1197 893 1273 923 utile,
1293 893 1389 927 quique
1407 900 1458 918 non
1485 892 1571 918 solum
1592 890 1699 924 facere,
1727 892 1771 916 sed
1791 895 1814 916 et
1839 891 1901 917 ulle

1113 939 1226 971 coepistis
1249 939 1280 964 ab
1299 945 1370 964 anno
1384 937 1480 971 priore.
1507 937 1610 963 Facere
1630 943 1682 962 tton
1698 941 1739 962 est
1757 936 1844 970 majus
1856 941 1901 962 aut

1112 986 1181 1013 velle
1198 985 1252 1020 (l8)
1268 984 1336 1011 illle
1348 989 1439 1010 autem
1452 983 1537 1017 majus
1554 989 1615 1010 csse
1629 983 1721 1009 dicens
1734 982 1802 1009 velle
1819 990 1899 1016 quam

1112 1032 1212 1061 facere.
1233 1031 1270 1058 ita
1284 1037 1345 1057 cum
1376 1030 1417 1056 eis
1445 1029 1565 1063 loquitur
1580 1036 1629 1062 per
1654 1027 1807 1062 epistolam.
1834 1028 1899 1060 Quid

1111 1079 1153 1102 est
1164 1082 1228 1109 ergo
1242 1074 1314 1108 quod
1327 1073 1425 1100 dicitur
1437 1072 1470 1099 ad
1484 1079 1543 1104 eos,
1559 1079 1627 1106 quos
1638 1072 1762 1099 hortatur
1774 1073 1807 1098 ad
1822 1079 1900 1106 opera

1111 1120 1203 1148 bona?
1226 1120 1294 1153 Quia
1317 1119 1389 1145 enim
1405 1118 1542 1145 iaciebant
1560 1118 1681 1151 quidem,
1698 1125 1750 1144 non
1766 1117 1902 1144 habebant

1113 1170 1202 1192 autem
1215 1173 1230 1191 e
1250 1172 1296 1191 sua
1324 1164 1456 1192 electione
1472 1169 1500 1191 ut
1525 1164 1596 1192 ultro
1615 1163 1752 1196 facerent;
1779 1164 1901 1190 hortatur

1112 1218 1158 1238 eos
1177 1215 1205 1236 ut
1223 1210 1293 1238 ultro
1317 1215 1511 1245 proponerent,
1530 1210 1579 1236 hoc
1601 1215 1642 1237 est
1660 1215 1690 1236 ut
1706 1217 1758 1237 non
1774 1210 1901 1236 admone-

1113 1261 1216 1289 rentur,
1233 1257 1279 1284 sed
1295 1261 1324 1283 ut
1335 1256 1406 1283 ultro
1433 1256 1614 1290 complerent.
1629 1256 1681 1288 Qui
1697 1264 1748 1282 non
1764 1255 1849 1282 solum
1863 1255 1901 1288 {n-

1113 1311 1179 1333 cerr,
1193 1302 1288 1336 inquit,
1303 1302 1348 1328 sed
1362 1307 1385 1328 et
1398 1302 1461 1329 velle
1482 1302 1598 1335 cmpistis
1616 1301 1648 1327 ab
1671 1309 1740 1328 anno
1756 1301 1844 1335 priore
1857 1301 1879 1316 "
1893 1308 1900 1326 :

1115 1347 1194 1374 Num:
1218 1355 1279 1373 vero
1306 1352 1330 1373 et
1357 1347 1428 1381 [acto
1447 1347 1562 1381 perﬁcite
1590 1355 1598 1373 :
1628 1352 1655 1373 ut
1682 1347 1900 1382 quemadmodum

1113 1397 1249 1426 promptus
1263 1392 1368 1418 animus
1383 1397 1420 1418 est
1434 1392 1575 1419 vaiuntatis
1590 1412 1597 1424 ,
1622 1393 1659 1418 ita
1674 1398 1696 1418 et
1710 1392 1843 1426 perﬁciat!"
1873 1399 1901 1418 xv

1114 1444 1144 1463 eo
1165 1437 1235 1470 quod
1248 1436 1347 1463 habetis
1364 1437 1397 1463 °°.
1413 1436 1547 1464 Prteccdit
1560 1441 1701 1472 promptus
1714 1438 1825 1463 animus
1843 1444 1900 1471 pcr-

1116 1483 1272 1510 feetionem.
1288 1483 1339 1516 Qui
1364 1483 1435 1510 enitn
1453 1483 1561 1510 nolebat
1581 1484 1646 1510 dare
1670 1489 1718 1509 sua
1735 1503 1741 1512 ,
1757 1483 1902 1509 necessita-

1117 1535 1170 1557 tem
1192 1537 1244 1556 non
1259 1529 1377 1556 habebat
1404 1529 1600 1564 compulsionis
1615 1529 1768 1562 :siquidem
1787 1536 1840 1555 non
1856 1535 1902 1554 es-

1118 1575 1188 1602 actio
1201 1575 1247 1602 sed
1265 1575 1414 1602 admonitio
1431 1579 1500 1606 erat,
1515 1580 1543 1601 ut
1557 1575 1784 1609 quemadmodum
1814 1581 1900 1608 prom-

1117 1627 1179 1657 ptus
1196 1622 1302 1649 animus
1320 1627 1361 1648 est
1376 1621 1536 1652 voluntatis,
1563 1621 1598 1648 ita
1614 1625 1640 1648 et
1657 1620 1804 1655 pcrliciatis
1820 1627 1852 1646 ex
1873 1627 1903 1647 eo

1117 1666 1188 1701 quod
1204 1667 1319 1694 habetis.
1341 1666 1417 1700 Quod
1432 1667 1503 1693 enim
1525 1666 1546 1693 si
1563 1671 1704 1700 protnplus
1725 1670 1766 1692 est
1780 1665 1901 1700 quidem,

1117 1720 1169 1739 non
1185 1712 1285 1739 habent
1301 1716 1403 1744 autent,
1416 1716 1444 1739 et
1461 1711 1548 1738 defuit
1562 1716 1590 1738 ut
1609 1711 1770 1745 perﬁceret;
1790 1718 1841 1737 non
1856 1710 1902 1737 de-

1118 1759 1211 1786 relicta
1235 1763 1277 1786 est
1298 1759 1356 1794 ejus
1372 1759 1508 1785 voluntas.
1536 1757 1674 1790 Quaeritur
1693 1757 1766 1784 enim
1783 1764 1835 1783 non
1847 1756 1905 1790 quis

1117 1805 1181 1839 quid
1198 1805 1308 1837 habeat,
1324 1804 1371 1831 sed
1386 1804 1447 1838 quis
1462 1803 1525 1837 qttid
1539 1803 1615 1829 velit.
1631 1802 1699 1835 Quid
1712 1806 1803 1828 autem
1817 1802 1840 1828 si
1854 1809 1903 1828 non

1118 1850 1197 1877 habet
1212 1850 1284 1884 quis,
1296 1849 1467 1884 descripserit
1481 1853 1569 1875 autem
1592 1848 1642 1875 sibi
1657 1853 1683 1875 et
1706 1849 1816 1880 dixerit,
1835 1848 1905 1882 quia,

1118 1896 1140 1924 si
1153 1896 1318 1931 possiderem
1337 1899 1440 1922 tantum
1455 1915 1462 1926 ,
1481 1898 1567 1921 totum
1594 1894 1687 1922 darem
1717 1894 1879 1929 pauperibus
1895 1893 1907 1919 ?

1119 1946 1248 1976 quantum
1265 1942 1299 1968 ad
1313 1940 1482 1968 alacritatem
1505 1940 1613 1974 quidem
1629 1944 1732 1974 spectat
1747 1960 1754 1973 ,
1778 1944 1806 1967 et
1822 1940 1907 1974 possi-

1119 1987 1164 2014 det
1177 1991 1204 2013 et
1229 1986 1312 2014 dedit.
1339 1985 1434 2014 Omnis
1450 1986 1521 2013 enim
1535 1986 1638 2013 fructus
1654 1985 1680 2012 in
1697 1985 1839 2012 alacritate
1869 1989 1906 2011 est

1119 2032 1233 2067 positus.
1251 2031 1449 2066 Nonnunquam
1478 2032 1550 2059 enim
1577 2032 1623 2067 qui
1640 2031 1727 2064 dant,
1756 2031 1907 2058 mercedem

1120 2084 1173 2104 non
1189 2077 1310 2109 habent,
1337 2081 1465 2111 tanquam
1481 2076 1604 2103 dederint
1621 2087 1626 2103 :
1642 2077 1689 2112 qui
1704 2081 1792 2102 autem
1810 2083 1907 2110 propo-

1120 2126 1246 2154 suerunt,
1261 2129 1342 2156 super
1357 2122 1462 2150 dantes.
1476 2121 1547 2155 Quid
1560 2122 1632 2148 enim
1655 2121 1677 2148 si
1703 2122 1748 2148 dat
1762 2121 1859 2156 aliquis
1883 2125 1909 2147 et

1121 2167 1298 2194 murmurat?
1318 2167 1383 2201 quid
1420 2167 1441 2193 si
1467 2167 1588 2200 praebet,
1613 2166 1714 2201 pigrior
1730 2171 1820 2193 autem
1846 2165 1911 2192 est?

1120 2211 1189 2244 Quid
1208 2218 1298 2239 autem
1314 2213 1336 2239 si
1366 2220 1418 2239 non
1449 2212 1532 2239 habet
1559 2211 1639 2246 quis,
1666 2212 1723 2238 vult
1750 2211 1863 2238 tamen?
1883 2215 1909 2236 ut

280 2256 464 2292 CItristi,qu.ia
485 2261 590 2291 propter
606 2265 652 2284 nos
665 2257 739 2290 inops
756 2256 841 2290 [actus
860 2261 896 2284 est
914 2265 973 2284 eum
998 2262 1067 2284 esset
1085 2269 1107 2296 ο
1121 2258 1350 2292 quemadmodum
1369 2262 1511 2292 promptus
1535 2261 1577 2283 est
1589 2278 1596 2290 ,
1615 2257 1701 2290 inquit
1715 2277 1723 2289 ,
1740 2257 1848 2283 animus
1863 2262 1910 2282 vo-

281 2303 361 2335 dit'es,
378 2307 406 2328 ut
422 2301 495 2329 illius
505 2301 597 2335 inopia
608 2310 650 2329 vos
662 2301 754 2328 divites
764 2302 862 2329 essetis.
880 2301 907 2329 Si
927 2303 984 2329 haec
1001 2303 1071 2330 Deus

282 2353 391 2382 propter
406 2347 541 2382 homines,
555 2355 606 2374 nec
618 2346 747 2382 aequalia;
769 2347 792 2374 si
807 2351 895 2374 tamen
914 2352 957 2375 est
971 2348 1072 2382 aliquid

281 2393 396 2428 aequale.
415 2393 481 2427 Quis
494 2394 565 2421 enim
581 2398 702 2420 nostrum
718 2397 807 2429 potest
822 2401 837 2420 a
850 2393 904 2421 Deo
922 2393 977 2429 (l7)
993 2395 1073 2422 homo

282 2440 340 2467 ﬂeri
353 2439 367 2466 τ
383 2438 421 2466 Ita
436 2440 507 2466 enim
523 2439 600 2466 ﬂeret
620 2438 732 2473 wquale,
758 2439 780 2466 si
800 2444 890 2467 tamen
905 2444 932 2467 et
948 2447 1014 2467 crux
1029 2448 1073 2468 sc-

281 2489 413 2519 queretur
441 2485 486 2512 tali
509 2489 615 2511 natura.
642 2484 676 2512 Et
701 2485 788 2512 teneri
803 2485 876 2512 enim
890 2505 898 2518 ,
913 2489 940 2513 et
964 2490 1071 2519 sputum

283 2530 418 2564 accipere.
430 2534 458 2556 et
474 2529 560 2562 illudi,
576 2534 603 2556 et
617 2529 806 2562 condemnari,
819 2535 847 2557 et
856 2530 936 2562 mori,
952 2530 1072 2557 debitum

282 2575 393 2609 quidem
412 2579 517 2602 tantum
543 2579 652 2609 poterat
679 2582 740 2603 esse
758 2583 766 2604 :
787 2575 845 2603 haec
872 2579 962 2602 autem
984 2575 1074 2603 dimit-

284 2625 355 2654 tens,
371 2624 399 2648 et
424 2628 500 2649 suam
517 2620 630 2656 gloriam
651 2621 820 2648 abscondens
834 2641 841 2653 ,
855 2621 1002 2656 assumpsit
1025 2629 1075 2649 no-

284 2669 368 2694 stram
385 2666 596 2702 ignobilitatem.
611 2666 753 2694 nobiscum
770 2666 921 2701 ambulans,
935 2667 1075 2695 nobiscum

1123 2303 1234 2330 luutatis
1247 2323 1254 2336 ,
1279 2303 1315 2330 ita
1334 2307 1362 2330 et
1378 2303 1528 2337 perliciatis
1544 2310 1577 2329 es
1597 2310 1630 2329 eo
1654 2302 1725 2335 quod
1751 2302 1866 2329 habetis.
1883 2299 1912 2327 Si

1122 2349 1192 2376 enim
1216 2342 1342 2375 alacritas
1357 2349 1492 2382 proposita
1509 2352 1566 2380 est;
1592 2352 1619 2374 ut
1644 2355 1677 2374 ex
1696 2355 1726 2374 eo
1750 2348 1819 2382 quod
1837 2347 1911 2374 habet

1124 2394 1179 2426 det,
1193 2399 1299 2429 accepta
1313 2399 1350 2421 est
1364 2394 1386 2410 οι
1401 2403 1408 2420 :
1422 2399 1526 2421 tantum
1551 2397 1691 2428 promptus
1706 2394 1813 2421 animus
1823 2394 1869 2424 sit,
1886 2397 1913 2420 et

1125 2443 1222 2466 caetera
1239 2443 1388 2472 sequuntur
1402 2446 1454 2465 non
1468 2446 1501 2466 ex
1516 2446 1549 2466 eo
1565 2441 1635 2473 quod
1653 2446 1705 2465 non
1722 2438 1812 2465 habet.
1830 2439 1913 2466 Nemo

1126 2485 1208 2518 enim,
1237 2484 1336 2519 inquit,
1353 2485 1451 2519 quaerit
1466 2484 1536 2518 quod
1561 2492 1613 2512 non
1637 2484 1721 2511 habes
1733 2504 1741 2516 ,
1772 2484 1820 2511 sed
1833 2492 1866 2511 ex
1883 2491 1914 2510 eo

1127 2531 1198 2566 quod
1212 2531 1308 2559 habes.
1325 2530 1382 2558 Non
1400 2532 1470 2558 enim
1483 2531 1534 2558 hoc
1544 2535 1598 2563 est,
1615 2531 1713 2565 inquit,
1727 2530 1800 2565 quod
1815 2531 1914 2565 quaari-

1128 2581 1172 2604 tur
1183 2585 1198 2604 a
1217 2577 1305 2610 nobis,
1322 2582 1352 2604 ut
1365 2584 1415 2604 vos
1435 2577 1542 2611 quidem
1557 2576 1737 2608 evacuemini,
1754 2575 1799 2602 alii
1826 2580 1914 2602 autem

1128 2622 1259 2650 ditentur.
1273 2622 1335 2649 Non
1345 2622 1415 2650 enim
1430 2628 1458 2649 ut
1476 2622 1536 2649 aliis
1551 2622 1730 2656 refrigerium,
1744 2621 1815 2648 uobis
1830 2626 1916 2647 autem

1129 2667 1264 2695 tribulatio
1282 2667 1315 2695 sit
1330 2675 1340 2694 :
1354 2668 1400 2695 sed
1417 2667 1561 2695 secundum
1573 2666 1762 2702 equalitatem,
1780 2666 1879 2700 inquit,
1890 2666 1916 2691 in

320 2756 343 2792 Ἴ
356 2756 448 2786 IICor.
464 2758 559 2792 vttt,5.
592 2759 616 2774 "
637 2759 702 2786 ibid.
716 2759 742 2786 6.
781 2759 804 2775 ⁵⁸
817 2759 918 2788 ibid.7.
951 2760 1083 2788 "ibid.8.
1121 2761 1144 2776 ⁸⁸
1161 2759 1226 2787 ibid.
1241 2759 1268 2786 9.
1306 2758 1328 2773 "
1345 2757 1409 2785 ibid.
1439 2757 1462 2774 ⁸⁸
1478 2755 1541 2783 ibid.
1558 2755 1599 2782 10.
1626 2755 1649 2770 "
1667 2753 1732 2781 ibid.
1755 2754 1777 2770 ⁵⁸
1795 2754 1859 2781 ibid.
1875 2752 1914 2780 Η.

287 2789 308 2805 ⁵⁸
326 2791 392 2819 ibid.
411 2792 454 2820 12.

322 2836 379 2869 (Ν)
393 2836 556 2866 Claritatem.
571 2838 654 2867 Forte
665 2839 830 2866 charitatem.

323 2869 369 2905 (15
393 2872 485 2906 Atque.
501 2873 581 2901 Forte
597 2875 630 2900 ad
644 2882 674 2901 ett
705 2883 757 2901 me.

325 2872 381 2943 ςιοξ
393 2907 564 2942 Ανσιγισθαὶ,
580 2909 607 2937 id
622 2914 673 2943 est,
687 2883 789 2937 ioculo:
806 2909 877 2943 apevi

325 2906 381 2943 (ιϐ)
393 2907 564 2942 Ανσιγισθαὶ,
580 2909 607 2937 id
622 2914 673 2943 est,
689 2906 789 2937 loculus
806 2909 920 2943 apevirs.

1243 2838 1271 2865 ld
1282 2842 1332 2870 est,
1347 2843 1378 2864 ex
1398 2837 1462 2868 Deo,
1479 2836 1533 2863 ἀπὸ
1551 2836 1630 2863 Θεοῦ.

1244 2874 1295 2901 Aut
1309 2872 1381 2901 velle.
1398 2872 1478 2916 Forte
1495 2879 1573 2904 (mam
1588 2870 1661 2904 velle,
1678 2870 1695 2904 ἢ
1706 2869 1804 2897 θέλειν.

1171 2838 1226 2909 iiii
