2024 3208
141 172 209 202 i205

756 176 801 203 DE
821 177 992 205 OPEIKIBUS
1013 177 1122 208 BONtS.

1695 187 1767 217 1206

137 229 260 265 prmenti
274 234 388 263 tentpore
404 230 435 257 ε’.
457 229 512 257 Non
528 250 536 262 .
563 230 650 265 inquit
665 251 672 264 ,
689 232 741 260 hoc
760 233 821 262 dico
833 254 841 266 .
859 235 927 262 Date
943 237 965 265 Α
980 235 1068 262 dinem
1084 242 1203 263 nostram
1216 237 1248 264 ".
1261 236 1288 264 lit
1312 244 1362 271 qua
1379 245 1408 266 re
1421 239 1460 267 sic
1474 247 1522 268 nos
1536 242 1709 276 arctavimus,
1726 253 1761 272 ne

137 276 228 304 omnia
242 283 302 309 quae
319 276 423 303 habetis
437 295 445 309 ,
468 282 494 303 et
509 284 556 304 vos
572 277 707 306 eﬂicimini
727 287 861 314 pauperes
874 301 882 312 ,
902 287 930 308 et

137 322 206 349 alios
219 322 312 349 ditate.
333 321 386 349 Sed
406 324 470 357 quid
486 324 553 351 aio?
568 325 617 357 Qui
632 325 713 352 habet
730 327 796 353 duas
812 327 927 360 tunicas,

136 369 235 396 habeat
260 377 341 396 unatn
355 390 362 402 ,
377 369 422 396 det
439 374 528 397 atttem
545 378 597 397 noti
617 371 727 399 habenti
749 380 842 403 unam,
860 379 884 400 et
900 373 929 400 lit

136 415 287 448 aequalitas.
317 414 368 441 Sed
384 423 416 441 ea;
436 417 597 449 wqualitate,
619 417 725 451 inqttit,
752 418 779 444 in
805 419 928 452 prmsenti

136 462 262 493 tempore.
289 459 317 487 In
349 461 485 494 prtcseuti.
517 461 611 494 inquit,
630 462 681 489 vita
702 468 789 490 vestra
808 465 928 490 abundat

136 506 170 533 ad
187 506 291 532 illoruut
309 506 438 540 inopiam.
452 506 502 540 Qui
519 507 610 539 habet,
636 508 743 543 inquit,
769 509 835 536 duas
851 510 925 537 tuni-

137 560 194 585 cas,
207 561 287 580 unam
311 553 473 588 superﬂuam
485 575 493 586 ,
516 555 539 582 is
554 556 600 590 qtti
617 564 666 583 nec
682 565 762 583 unam
779 557 857 585 habet
873 567 927 585 non

137 597 260 630 lrandet;
277 605 304 625 ιιι
320 607 372 625 una
393 605 436 626 ttta
462 600 596 634 superﬂua
623 610 674 628 non
694 603 730 630 sit
744 603 792 629 tibi
815 604 925 636 inutilis,

136 642 182 671 sed
202 644 246 670 tial
262 644 315 670 alio
331 644 411 671 utilis.
424 644 474 672 Sea
486 653 518 672 ea:
527 647 676 680 wquulitate
691 648 718 674 in
729 650 850 682 pra'senti
865 656 928 676 tem-

136 696 200 723 pore
212 693 297 715 uestra
319 690 481 716 abunddntia
493 691 610 726 suppleat
631 692 737 719 illorum
756 694 869 728 inopiam
887 695 928 722 ⁶³;

137 733 189 761 ltoc
205 739 246 760 est
258 754 265 765 ,
284 735 403 761 abundat
426 736 467 762 his
484 737 528 770 qui
545 744 576 763 ex
593 738 718 772 gentibus
732 745 794 766 sunt
812 749 819 766 :
837 741 927 767 mitta-

137 784 181 806 tur
198 779 240 806 his
252 780 297 813 qui
318 786 381 807 sunt
404 781 473 815 apud
489 780 609 810 Judaeum
623 803 631 814 .
647 785 692 818 qui
717 791 829 820 propter
842 786 922 814 Citri-

135 829 206 852 atum
223 826 437 859 persecutionum
452 827 587 855 sustinent
601 839 607 855 :
625 835 651 856 ut
676 835 700 857 et
719 831 826 858 illorum
843 833 926 858 abun-

135 870 239 902 dantia,
255 871 368 905 spiritus
385 877 478 905 utpote
493 874 589 908 gratia.
606 874 639 901 sit
652 876 684 902 ad
700 882 796 902 vestrae
807 877 924 910 inopiam

982 281 1045 314 quis
1062 288 1112 308 nos
1128 282 1264 314 vituperet
1280 282 1306 309 itt
1328 283 1379 310 hac
1401 284 1577 320 amplitudine
1602 295 1662 321 quae
1686 289 1767 316 inini-

980 329 1084 352 stratur
1110 333 1158 361 per
1182 335 1243 355 nos.
1267 327 1334 361 Quia
1353 328 1425 355 enim
1456 330 1581 365 colligere
1606 333 1735 365 pecunias
1752 342 1767 360 a

979 369 1110 398 fratribus
1121 376 1246 407 accaptas
1261 372 1404 400 videbatur
1413 373 1489 400 malis
1502 375 1684 410 suspicionem
1692 377 1766 409 dare,

979 413 1046 443 dicit
1059 415 1119 441 idco
1138 416 1199 448 quia
1215 416 1387 444 sollicitiores
1402 417 1532 451 eligentes
1548 420 1669 448 misimus
1683 429 1689 447 :
1705 423 1766 456 quia

979 459 1169 494 circumspecti
1183 461 1284 489 luimus
1303 470 1334 489 ne
1354 462 1415 496 quis
1428 464 1638 496 reprehenderet
1655 466 1681 492 id
1696 468 1767 501 quod

979 505 1079 538 ﬁebat;
1101 515 1135 533 ne
1148 508 1208 541 quis
1220 506 1304 535 Jttdas
1316 509 1444 535 inventus
1456 508 1604 543 iuraretur,
1619 515 1647 537 et
1663 513 1767 547 vitupe-

978 557 1052 578 raret
1076 553 1254 580 ministerium
1277 559 1410 582 nostrum.
1435 555 1607 583 Proridemus
1623 556 1690 582 enim
1708 566 1767 591 qua:

978 597 1045 624 bona
1061 604 1132 631 sunt,
1154 607 1205 625 non
1228 605 1330 626 tantum
1347 609 1436 628 corant
1465 601 1517 628 Deo
1542 602 1586 635 qtti
1601 602 1675 628 norit
1701 610 1767 630 cou-

978 645 1130 677 scientiam,
1151 645 1197 672 sed
1217 651 1241 672 et
1254 654 1344 673 coram
1371 647 1520 674 hominibus
1535 648 1558 664 “
1575 657 1582 674 :
1600 652 1628 674 ut
1646 655 1679 674 ne
1694 649 1766 682 quis,

979 689 1075 723 inquit.
1090 692 1260 717 occasionem
1283 692 1420 727 acciperet
1435 692 1621 724 vituperandi.
1643 691 1766 719 Misimus

978 739 1064 761 autem
1086 742 1145 760 cum
1162 735 1215 761 illis
1232 739 1255 761 et
1273 735 1383 769 fratrem
1401 743 1533 768 nostrum,
1549 746 1627 772 quem
1644 739 1767 772 probavi-

977 789 1035 807 mus
1049 781 1076 807 in
1092 781 1182 807 multis
1206 790 1275 816 sirpe
1298 783 1442 809 sollicitant
1458 791 1514 810 esse
1529 784 1562 810 ".
1579 784 1675 811 Statim
1693 785 1765 812 enim

978 825 1023 858 qtti
1047 825 1164 852 dedisset
1179 827 1308 860 pecunias
1328 832 1434 861 poterat
1463 835 1523 855 esse
1545 834 1687 862 suspectus
1703 830 1766 863 quia

978 870 1023 903 qui
1041 869 1138 904 aceipit
1156 871 1287 901 lttcratur.
1302 877 1328 899 et
1343 880 1395 899 non
1414 873 1517 907 perfert
1533 876 1565 901 ad
1587 882 1642 901 rem
1659 875 1691 902 ad
1705 883 1767 909 quas

135 915 208 947 ﬁdei.
223 920 252 943 ιη
266 916 312 944 na;
331 917 472 952 mquam”
485 927 491 944 ε
506 926 554 945 vos
568 927 601 946 εχ
616 920 659 947 ιηε
674 928 733 954 (μη
750 922 856 949 habetis
876 929 920 956 pe.
942 917 963 946 Β
978 915 1061 948 dedit,
1073 923 1100 943 et
1114 917 1216 951 pigrior
1232 917 1399 945 el'liciehatur
1410 919 1442 945 ad
1459 918 1576 945 dandum
1592 928 1600 946 :
1616 920 1675 947 ideo
1692 928 1766 947 com-

135 963 232 995 cuniis,
246 964 283 990 illi
299 970 331 990 ex
345 964 445 998 quibus
455 964 554 992 habent
569 966 658 993 donis.
671 966 819 995 Etillorum
834 969 923 1004 inopia

134 1009 285 1043 replebitur
305 1013 395 1036 vestra
409 1010 597 1044 abundantia;
614 1018 701 1039 vestra
725 1018 814 1041 autem
834 1015 923 1050 inopia

135 1052 299 1080 abundantia
321 1053 356 1080 sit
369 1053 488 1086 illorum,
506 1061 534 1081 ιιι
553 1056 598 1082 llat
611 1057 770 1091 aequalitas;
796 1060 925 1093 pecunia-

134 1105 195 1125 rum
212 1098 320 1132 quidem
335 1106 348 1125 a
369 1100 445 1127 vobis
461 1100 487 1127 in
502 1100 571 1134 illos,
587 1102 764 1131 donationum
786 1109 874 1132 autem
890 1107 924 1133 ab

133 1141 188 1169 iiiis
205 1142 231 1169 in
250 1150 296 1169 vos
308 1163 315 1174 ,
335 1144 402 1170 sicut
429 1146 554 1178 scriptum
573 1152 640 1178 est:
658 1147 709 1180 Qui
728 1150 857 1183 multum,
873 1159 924 1178 non

134 1188 297 1219 abumltwit,‘
316 1193 339 1214 et
355 1188 400 1222 qui
418 1189 561 1221 modicum,
578 1199 629 1217 non
645 1193 729 1225 defuit
742 1194 783 1219 illi
798 1195 831 1221 “.
851 1195 924 1222 Scri-

135 1237 209 1265 ptum
227 1237 278 1264 est,
293 1234 353 1267 quia
372 1235 499 1268 populus,
517 1236 579 1262 dum
601 1238 741 1265 transisset
757 1247 842 1271 mare,
854 1245 925 1267 esset

134 1275 162 1302 in
181 1277 309 1310 deserto,
333 1283 361 1305 et
385 1286 473 1313 neque
500 1280 648 1307 seminaret
676 1289 765 1316 neque
791 1288 922 1317 meleret;

134 1321 207 1348 Deus
231 1323 345 1351 reddens
368 1326 452 1352 vicem
479 1325 549 1359 patri
573 1333 666 1354 eorum
683 1327 846 1362 Abraham,
874 1338 924 1365 pro

134 1374 226 1394 mensa
242 1369 343 1396 scilicet
361 1370 404 1397 illa
425 1378 485 1405 quin
499 1377 640 1407 susceptos
653 1373 765 1408 angelos
778 1375 859 1409 pavit,
874 1383 924 1410 pro

134 1419 202 1446 pane
224 1414 296 1447 quod
310 1415 412 1449 angelis
424 1417 558 1451 apposuit,
574 1425 671 1452 panem
687 1420 843 1453 angelorum
854 1429 923 1456 pra:-

135 1458 193 1484 bttit
209 1459 270 1486 ﬁliis
283 1460 399 1486 Abrahae
413 1481 420 1492 ,
439 1469 487 1494 pro
502 1469 534 1488 eo
549 1465 619 1497 quod
637 1465 693 1499 ipse
708 1467 811 1500 angelis
827 1475 923 1500 panem

133 1504 273 1531 hominum
298 1505 324 1531 itt
354 1508 525 1540 susceptione
556 1516 732 1542 opposuerat.
763 1511 815 1538 Isto
842 1513 924 1547 igitur

134 1548 223 1576 fructu
248 1557 352 1578 manna:
377 1551 531 1578 advenienti
555 1553 588 1579 de
607 1554 677 1580 caelo
700 1555 792 1581 exibat
809 1556 923 1590 popttlus

133 1595 263 1629 colligens
274 1601 369 1630 parata
392 1604 440 1631 pro
457 1603 537 1623 eursu
550 1597 667 1624 Abrabte
681 1604 707 1625 et
718 1600 824 1627 sudore.
843 1601 923 1627 Colli-

134 1646 228 1675 geutes
243 1646 332 1668 autent
355 1646 383 1669 ιιι
396 1641 481 1669 Judaei
497 1649 549 1669 non
568 1642 738 1671 sumciebant
755 1645 780 1671 in
797 1653 922 1673 mensura

134 1692 194 1717 qua
220 1685 327 1713 fuerant
344 1692 479 1721 pra-cepta
494 1688 623 1723 colligere
637 1709 644 1720 ,
666 1690 712 1715 sed
740 1690 850 1723 quidam
864 1698 922 1717 om-

134 1730 216 1764 plius,
231 1731 275 1757 alii
297 1733 386 1759 minus
399 1733 563 1766 colligebant
577 1741 694 1768 manna;
720 1735 859 1762 venientes
873 1744 921 1762 au-

134 1780 186 1801 tem
199 1781 227 1802 ut
241 1782 440 1810 mensurarettt,
457 1779 489 1805 ad
507 1779 693 1813 aequalitatem
717 1782 924 1808 adducebantur

132 1820 221 1847 inviti.
239 1821 287 1855 Qui
306 1823 378 1848 enitn
394 1824 470 1857 plura
487 1824 633 1860 collegerat
656 1826 682 1852 in
704 1834 840 1859 mensura,
863 1835 922 1854 am-

133 1866 202 1899 plius
215 1874 267 1893 non
283 1868 399 1895 habebat
413 1877 420 1901 ;
436 1870 480 1903 qtti
504 1875 594 1897 autem
619 1871 719 1903 minus,
737 1872 804 1899 nihil
818 1872 922 1899 minue-

132 1911 213 1937 batur
227 1919 287 1938 cum
308 1919 507 1941 mensurarent.
539 1915 591 1942 Ista
618 1916 700 1951 igitur
717 1918 923 1952 comparatione

131 1960 282 1990 opportune
297 1965 361 1984 usus
376 1963 417 1985 est
433 1959 579 1993 Apostolus
593 1961 700 1994 dicens,
715 1962 782 1989 sicut
796 1963 923 1997 scriptum

130 2005 170 2029 est
185 2009 194 2028 :
212 2001 265 2034 Qui
284 2002 407 2035 multum,
426 2013 478 2031 non
502 2006 664 2038 abundavit;
686 2012 711 2034 et
723 2008 768 2041 qui
780 2008 922 2040 modicum,

130 2055 184 2074 non
205 2048 289 2081 defuit
306 2048 356 2076 illi.
372 2049 422 2082 Qui
449 2051 521 2077 enim
547 2052 660 2079 multutn
687 2053 795 2087 collegit
814 2061 922 2086 manna,

131 2100 185 2120 non
204 2093 369 2127 abundavit;
388 2097 570 2124 mensurando
586 2098 656 2124 enim
685 2098 718 2125 ad
743 2098 922 2132 aequalitatem

131 2139 207 2165 venit
224 2145 270 2167 :et
286 2141 332 2175 qui
357 2142 493 2168 modicum
521 2142 652 2177 collegit,
675 2150 728 2170 non
748 2143 833 2170 defuit
857 2143 895 2170 illi
914 2153 921 2177 ;

132 2185 195 2212 dum
210 2192 416 2214 mensuraretur
428 2188 511 2219 enim.
525 2188 679 2223 replebatur
695 2189 718 2216 ei
733 2190 804 2224 quod
820 2189 921 2218 deerat.

976 961 1086 987 mendat
1102 969 1150 988 eos
1163 961 1207 995 qtti
1225 962 1300 990 missi
1313 967 1386 995 sunt,
1405 968 1433 989 ιιι
1451 970 1502 990 11011
1515 963 1702 991 destrttcretur
1716 965 1766 992 do-

975 1006 1098 1033 nantium
1121 1007 1260 1034 alacritas.
1282 1007 1406 1035 Misimus
1431 1014 1519 1035 autem
1533 1028 1539 1040 ,
1562 1009 1621 1041 ait,
1637 1018 1695 1036 cttnt
1712 1010 1766 1038 illis

975 1053 1083 1086 fratrem
1107 1058 1224 1080 nostrum
1245 1061 1321 1087 quem
1343 1053 1509 1087 probavimus
1537 1055 1564 1080 in
1590 1054 1679 1080 multis
1698 1063 1767 1088 sirpe

975 1096 1120 1123 sollicitum
1138 1105 1205 1128 esse,
1223 1105 1292 1123 nunc
1311 1103 1397 1124 autem
1411 1096 1593 1124 solticitiorem
1608 1098 1766 1132 conﬁdentia

975 1142 1058 1169 utulta
1073 1143 1099 1169 iu
1117 1151 1170 1174 vos,
1183 1143 1236 1170 sive
1248 1151 1294 1177 pro
1312 1143 1372 1169 Tito
1387 1143 1432 1174 qui
1444 1147 1482 1170 est
1500 1144 1589 1170 socius
1604 1151 1676 1170 meus
1699 1148 1723 1170 et
1740 1144 1766 1170 in

976 1189 1045 1216 vobis
1061 1190 1168 1224 adjutor
1189 1190 1221 1216 ad
1243 1197 1361 1223 pra-setis
1376 1190 1555 1217 ministerium
1569 1210 1577 1222 ,
1589 1191 1642 1218 sive
1670 1191 1766 1224 fratres

976 1234 1058 1260 nostri
1074 1234 1184 1266 apostoli
1201 1233 1379 1260 Ecclesiarum
1393 1234 1486 1268 gloria
1504 1233 1614 1261 Christi.
1630 1235 1699 1269 Ergo
1712 1243 1765 1262 tton

976 1287 1024 1306 vos
1037 1280 1126 1315 pigeat
1143 1280 1175 1307 ad
1188 1281 1410 1312 ostentationem,
1424 1281 1529 1315 quaesit
1542 1281 1662 1308 charitas
1677 1286 1766 1309 vestra

974 1329 1001 1351 et
1017 1330 1107 1352 nostra
1123 1325 1207 1359 gloria
1222 1333 1271 1359 pro
1294 1326 1381 1353 vobis.
1399 1326 1603 1354 Przevenientes
1619 1327 1703 1360 enim,
1724 1327 1766 1353 in-

974 1370 1045 1405 quit,
1064 1370 1171 1404 gloriati
1196 1379 1291 1398 smnus
1309 1372 1334 1398 in
1351 1372 1412 1399 illos
1425 1373 1601 1399 ostendentes
1627 1372 1652 1399 in
1669 1372 1765 1400 faciem

975 1415 1160 1443 Ecclesiarum
1182 1427 1187 1444 :
1201 1421 1228 1443 et
1244 1417 1366 1444 homines
1378 1417 1486 1452 quidem
1501 1418 1712 1445 commendavit.
1730 1418 1767 1445 De

978 1460 1048 1494 ipso‘
1064 1465 1155 1488 autent
1182 1461 1290 1493 negotio
1306 1461 1453 1488 exhortans
1474 1468 1521 1488 eos
1535 1462 1600 1489 dicit
1614 1471 1621 1489 :
1640 1462 1710 1489 Nam
1735 1463 1769 1489 de

975 1505 1122 1530 ministerio
1137 1505 1207 1538 quod
1222 1506 1251 1538 ﬁt
1268 1505 1295 1530 in
1317 1509 1424 1531 sanctos
1442 1505 1517 1539 ipsos
1534 1506 1579 1540 qui
1606 1511 1683 1532 erant
1698 1507 1767 1541 apud

976 1547 1191 1582 Hierosolymam
1204 1567 1212 1580 ,
1228 1556 1260 1574 ca:
1275 1549 1422 1574 abundanti
1445 1554 1483 1575 est
1507 1550 1571 1575 mihi
1594 1551 1708 1577 scribere
1722 1559 1769 1577 uo-

937 1582 957 1609 C
976 1593 1015 1618 bis
1031 1593 1063 1619 7°.
1076 1592 1131 1620 Cur
1144 1600 1176 1619 ex
1195 1592 1367 1619 abundanti?
1384 1592 1446 1619 Scio
1465 1595 1532 1620 enim
1550 1600 1697 1627 promptum
1706 1598 1766 1623 ani-

975 1646 1045 1664 mum
1061 1644 1182 1664 vestrum.
1199 1637 1283 1671 Quem
1300 1645 1351 1664 non
1369 1637 1456 1664 soltttn
1471 1639 1537 1671 scio,
1554 1641 1600 1666 sed
1620 1646 1644 1666 et
1667 1643 1700 1667 dc
1715 1649 1767 1675 quo

974 1682 1074 1717 glorior
1082 1683 1114 1709 de
1124 1683 1193 1710 vobis
1205 1687 1275 1716 apud
1290 1681 1461 1714 Macedonas,
1472 1683 1535 1718 quia
1546 1684 1646 1710 Achaia
1659 1693 1767 1719 pra'pa-

975 1733 1034 1754 ruta
1047 1733 1084 1755 est
1099 1729 1131 1755 ab
1145 1737 1214 1755 anno
1229 1729 1327 1762 priore.
1345 1728 1379 1755 Et
1395 1735 1447 1754 non
1462 1729 1523 1755 dico
1537 1736 1600 1763 quia
1616 1730 1766 1757 secundum

974 1774 1173 1801 inundationem
1199 1773 1376 1801 Macedonum
1404 1775 1509 1801 debetis
1528 1782 1577 1800 vos
1601 1774 1766 1808 adhortari;

975 1821 1022 1847 sed
1040 1819 1176 1847 wmulatio
1193 1825 1279 1846 vestra
1301 1825 1424 1853 prouocat
1438 1820 1578 1854 plurimos.
1599 1820 1670 1853 Ergo
1683 1821 1768 1848 nolite

976 1866 1032 1893 lieri
1050 1865 1162 1892 secundi
1179 1865 1224 1892 sed
1243 1865 1322 1899 pritni
1339 1886 1346 1898 ,
1373 1865 1504 1892 habentes
1524 1865 1710 1892 secundarios.
1738 1866 1766 1893 Si

975 1911 1058 1946 igitur
1073 1919 1129 1939 non
1151 1915 1192 1937 est
1207 1918 1319 1938 necesse
1341 1911 1475 1943 scribere,
1493 1911 1557 1945 quid
1575 1910 1661 1938 ntittis
1678 1911 1690 1937 τ
1705 1911 1768 1938 Misi

976 1962 1063 1984 autem
1076 1957 1191 1991 fratres.
1207 1964 1237 1983 ne
1252 1956 1279 1983 in
1291 1965 1321 1983 eo
1332 1957 1401 1991 quod
1414 1956 1563 1991 gloriumttr
1573 1956 1604 1983 de
1618 1956 1769 1987 vabis,eva-

974 2008 1066 2030 citetur
1079 2003 1106 2028 in
1120 2002 1169 2028 hac
1180 2006 1276 2036 parte;
1291 2006 1330 2033 ut,
1342 2001 1564 2036 quemadmodum
1577 2001 1706 2035 dixeram,
1720 2010 1768 2036 pit-

975 2050 1026 2076 rati
1038 2049 1095 2076 sitis
1105 2048 1139 2074 '“.
1154 2048 1281 2075 Dubietas
1305 2047 1376 2074 enim
1393 2055 1401 2074 :
1416 2046 1467 2080 Ne,
1485 2048 1507 2073 si
1519 2048 1635 2074 verterint
1648 2067 1655 2079 ,
1670 2048 1768 2082 inquit,

975 2103 1075 2122 mecum
1088 2093 1256 2126 Macedones,
1270 2099 1293 2120 ct
1310 2093 1454 2120 invenerint
1471 2101 1515 2120 vos
1532 2094 1688 2127 imperator,
1701 2102 1767 2121 cou-

976 2140 1120 2174 fundamur
1143 2147 1212 2170 nos;
1228 2139 1363 2173 quomodo
1381 2146 1430 2165 nos
1445 2139 1490 2173 qui
1519 2139 1602 2166 fuerit
1624 2139 1767 2174 gloriatus,

975 2192 1020 2213 aut
1035 2187 1140 2214 dicatur
1154 2186 1191 2213 ita
1205 2191 1232 2212 ut
1246 2194 1298 2212 non
1312 2185 1432 2211 dicamus
1445 2193 1489 2211 vos
1507 2185 1534 2211 in
1550 2186 1698 2212 substantia
1714 2186 1767 2211 ista

132 2230 170 2257 Ita
190 2235 218 2258 et
241 2239 313 2259 nunc
327 2232 374 2259 liat
399 2233 539 2267 aequalitas
559 2242 591 2260 cx
607 2241 705 2261 manna
720 2235 771 2262 isto
790 2236 850 2262 ﬁdei
870 2245 876 2263 ε
895 2240 923 2263 et

975 2232 1181 2268 gloriﬁcationis
1209 2231 1281 2258 dico.
1311 2230 1498 2257 Necessarium
1524 2238 1585 2262 ergo
1618 2229 1767 2256 existimavi

132 2275 231 2309 quibus
255 2277 394 2304 abundant
417 2285 483 2312 opes
499 2298 506 2310 ,
522 2279 633 2305 mittant
649 2279 691 2306 his
706 2280 750 2313 qui
775 2280 897 2314 indigent
913 2288 921 2306 :

132 2321 230 2355 quibus
242 2326 331 2349 autem
346 2324 468 2350 abundat
483 2325 581 2358 gratia,
596 2325 799 2352 communicent
818 2325 859 2352 his
876 2325 922 2360 qui

133 2375 185 2394 nou
196 2368 426 2403 habeutgraliatn.
439 2369 547 2397 Gratias
556 2375 642 2397 autent
653 2371 705 2398 Deo
718 2372 764 2406 qui
776 2371 924 2398 dediteant-

132 2416 190 2440 dent
208 2414 413 2441 sollicitudinem
433 2424 481 2450 pro
496 2417 566 2443 vobis
586 2419 611 2443 iu
627 2419 704 2444 corde
724 2417 777 2444 Titi
793 2419 815 2434 ⁸⁵
835 2428 840 2444 ;
857 2426 923 2452 quo-

134 2460 204 2486 niam
222 2460 428 2488 exhortationem
441 2462 546 2496 quidem
568 2464 680 2496 suscepit
693 2471 702 2495 ;
716 2464 761 2490 sed
776 2472 833 2490 cum
847 2461 925 2490 solti'a'

132 2505 212 2531 titior
225 2511 289 2532 esset
310 2507 342 2533 de
359 2507 449 2539 vobis,
474 2508 543 2534 ultro
567 2509 700 2542 profectus
720 2515 757 2534 est
785 2510 818 2535 ad
834 2517 876 2535 vos
889 2509 920 2535 “.

133 2548 228 2576 Omnia
250 2550 329 2582 ultro,
359 2551 520 2579 Macedones
536 2552 616 2585 ultro,
633 2552 710 2580 Titus
728 2553 808 2579 ultro.
833 2552 922 2579 Eliici-

133 2595 211 2628 mini,
236 2595 334 2630 inquit,
350 2601 378 2624 et
395 2604 444 2624 vos
459 2597 540 2624 ultro.
561 2597 626 2625 Post
639 2599 696 2626 hinc
709 2603 799 2626 autem
816 2598 881 2626 dicit
894 2602 921 2626 et

133 2647 213 2673 quem
225 2649 287 2668 cuin
311 2642 405 2669 eodem
424 2643 540 2674 miserit,
561 2647 587 2670 et
603 2643 715 2671 laudans
727 2652 774 2672 eos
799 2645 921 2672 testimo.

133 2686 187 2712 niis
203 2689 395 2717 commendans
407 2698 476 2725 quos
492 2690 614 2721 miserat,
628 2691 701 2718 addit
718 2698 726 2718 :
742 2691 775 2717 In
792 2692 841 2717 hac
859 2698 921 2725 gra-

133 2734 171 2758 tia
188 2726 356 2762 ministratur
367 2744 413 2770 per
431 2745 478 2764 nos
492 2738 519 2764 in
541 2737 654 2773 gloriam
665 2737 725 2770 Dei,
747 2742 771 2764 et
788 2737 920 2765 sollicitu-

527 2839 549 2855 “
570 2838 634 2867 ibid.
648 2839 692 2866 22.
745 2838 768 2854 “
784 2839 847 2866 ibiul.
866 2839 907 2866 l5.

535 2874 623 2902 ,1.2.
662 2874 683 2891 ⁷¹
696 2874 761 2902 ibid.
785 2875 810 2902 5.
850 2875 907 2902 7’ib

696 2883 761 2903 lDlU.
785 2883 810 2902 ο.

170 2839 192 2855 ⁶¹
205 2839 226 2866 ll
236 2838 299 2866 Cor.
309 2847 369 2870 vni,
387 2839 428 2871 15.
447 2840 487 2867 Η.

125 2873 159 2915 ξ’
174 2874 238 2902 ibid.
256 2874 297 2901 Η.
338 2875 359 2891 ⁷⁰
375 2874 395 2902 ll
421 2876 482 2903 Cor.
502 2882 541 2909 ix,
558 2874 623 2910 l,2.

962 2840 983 2856 “
1001 2839 1063 2867 ibid.
1085 2838 1127 2867 16.

850 2876 870 2890 ⁷⁵
882 2875 946 2903 ibid.
966 2875 992 2903 5.

977 2286 1069 2312 rogare
1082 2278 1177 2311 fratres
1189 2281 1216 2303 ut
1230 2282 1339 2311 pergant
1356 2275 1391 2302 ad
1405 2284 1459 2309 vos,
1485 2280 1508 2302 et
1531 2279 1680 2309 prwpai'ent
1704 2279 1766 2301 ante

976 2325 1133 2360 promissam
1162 2322 1366 2350 benedictionem
1396 2329 1447 2347 non
1471 2320 1547 2354 quasi
1575 2320 1714 2346 avaritiam
1729 2320 1764 2345 τ’.

977 2371 1029 2404 Qui
1046 2371 1118 2398 enim
1138 2370 1195 2401 dat,
1216 2368 1314 2402 accipit
1329 2367 1432 2401 magis;
1449 2371 1476 2393 et
1498 2365 1543 2400 qui
1556 2365 1664 2392 videtur
1680 2365 1766 2392 dona-

963 2425 1017 2450 .re,
1034 2416 1213 2443 bencdicitur.
1228 2413 1411 2447 Pratparatam
1427 2416 1518 2438 autetn
1531 2418 1600 2442 esse.
1618 2410 1716 2446 inquit,
1727 2411 1765 2437 ita

975 2467 1004 2490 ut
1017 2461 1232 2490 benedictionem
1248 2467 1300 2486 non
1316 2459 1393 2494 quasi
1418 2458 1571 2485 avaritiam.
1585 2456 1624 2484 Ne
1642 2457 1703 2492 quis
1715 2464 1766 2491 pti-

976 2512 1024 2541 tet,
1041 2508 1089 2540 ait,
1104 2506 1244 2533 avaritiam
1258 2512 1318 2532 esse
1329 2505 1400 2539 quod
1411 2504 1542 2540 accipitur
1562 2504 1595 2530 ad
1608 2504 1761 2531 necessita-

978 2557 1031 2580 tem
1048 2556 1215 2580 sanctorum.
1230 2550 1289 2577 Hoc
1303 2555 1393 2577 autem
1407 2550 1467 2577 dico
1484 2550 1608 2585 quoniam
1620 2550 1664 2584 qui
1687 2556 1765 2583 parce

976 2588 1195 2632 seminat'ﬁtarce
1206 2602 1230 2623 et
1241 2601 1316 2624 metet
1329 2603 1338 2622 :
1356 2596 1402 2629 qui
1418 2596 1528 2623 seminat
1544 2594 1761 2624 benedictionem.

977 2643 1180 2671 benedictionem
1199 2647 1223 2669 et
1240 2647 1326 2669 metet.
1343 2641 1526 2676 Unusquisque
1545 2641 1612 2668 sicut
1628 2640 1764 2674 proposuit

977 2691 1055 2718 corde
1070 2690 1152 2724 faciat
1164 2689 1198 2715 ".
1227 2688 1284 2715 Non
1298 2688 1370 2716 enini
1386 2687 1472 2715 virtus
1496 2694 1563 2721 opus
1575 2691 1632 2719 est,
1646 2686 1694 2713 sed
1708 2685 1766 2712 ani-

978 2744 1038 2764 mus
1066 2740 1218 2771 promptus.
1247 2733 1479 2768 Quemadmodum
1507 2739 1571 2768 ergo
1594 2732 1674 2760 debet
1703 2731 1765 2766 quis

1182 2840 1210 2855 °"
1225 2838 1289 2866 ibid.
1305 2838 1345 2865 17.
1384 2835 1484 2865 “ibid.
1505 2836 1544 2864 l9.
1600 2835 1622 2852 ⁶⁹
1635 2835 1699 2864 ibid.
1717 2834 1762 2861 2|.

1032 2874 1054 2890 ⁷⁸
1070 2874 1135 2902 ibid.
1152 2874 1178 2901 6.
