3968 6510
1296 531 2971 561 *Ἣ

1240 682 2541 866 ΕΥΣΕΒΙΟΥ
3513 654 3522 700 ‘

1441 985 1667 1071 ΤΟΥ
1720 986 2314 1078 ΠΑΜΦῘΛΟΥ

855 1174 1167 1306 ΕΙΣ
1277 1179 1804 1314 ΤΟΥΣ
1909 1182 2893 1327 ΨΑΛΜΟΥΣ

1551 1411 1687 1465 ΛΠΟ
1724 1413 1850 1466 ΡΙΘ¹
1888 1416 2012 1470 ΕΩΣ
2047 1418 2172 1472 PN'.

2372 1520 2383 1551 δ

692 1911 696 1915 ,
991 1753 1746 1914 EUSEBII
1830 1761 2742 1927 PAMPHILI

597 2042 2101 2186 COMMENTARIORUM
2180 2063 2342 2187 IN
2421 2063 3135 2201 PSALMOS

1619 2311 1658 2351 Δ
1702 2310 1857 2354 CXIX
1900 2314 1982 2355 AD
2027 2314 2100 2357 CL

846 2449 1245 2524 RELIQUUE
1286 2453 1811 2518 SUPERSTITES
1854 2459 1936 2545 ΙΝ
1979 2460 2392 2527 CODICIBUS
2436 2467 2883 2537 VATICANIS.

402 2609 514 2683 (Ex
544 2610 869 2669 Bibliotheca
895 2630 1026 2671 nova
1052 2613 1277 2669 Patrum
1314 2616 1609 2673 cardinalis
1640 2618 1845 2691 Angelo
1888 2621 2015 2691 ΜΑι,
2048 2634 2085 2679 t.
2131 2624 2219 2692 IV,
2262 2642 2315 2696 p.
2351 2628 2438 2685 67.
2468 2629 2597 2703 Ejus
2624 2636 2997 2705 praefationem
3034 2646 3299 2715 superiori

1568 2722 1713 2769 tomo
1742 2718 2148 2790 pmmisimus.)

780 3002 1070 3058 ΨΑΛΜΟΣ
1110 3006 1258 3061 ΡΙΘ¹.

674 3092 813 3163 ’ῼδὴ
844 3094 961 3148 τῶν
993 3097 1367 3166 ἀναϐαθμῶν.

285 3184 358 3236 Οἱ
390 3186 793 3250 καταπεσόντες
826 3188 945 3259 duo
978 3189 1086 3241 τῶν
1129 3189 1222 3242 τοῦ
1267 3188 1402 3244 Θεοῦ
1436 3191 1637 3257 καλῶν,
1668 3194 1801 3249 ἀνα-

215 3273 499 3329 ϐαίνουσιν
529 3278 621 3330 ἐπὶ
646 3277 839 3343 ταῦτα,
875 3281 1391 3351 παρασκευάσαντες
1426 3285 1505 3346 είς
1536 3286 1635 3354 τὴν
1668 3287 1802 3340 ἀνά-

213 3368 383 3423 Εασιν
410 3370 661 3434 ἑαυτούς·
688 3370 785 3442 τὴν
813 3368 904 3426 οὖν
928 3373 1280 3445 παρασκευὴν
1307 3374 1503 3439 ἱκανῶς
1532 3375 1804 3442 ἐπιδείξας

214 3459 243 3510 ὁ
286 3462 601 3532 Ψαλμῳδὸς
649 3464 735 3517 διὰ
789 3464 885 3517 τοῦ
938 3464 1151 3536 πρώτου
1201 3464 1416 3536 ψαλμοῦ
1462 3467 1669 3536 εἰσάγει
1702 3468 1801 3540 τὴν

212 3553 487 3607 ἀνάδασιν
512 3554 611 3626 τὴν
639 3555 727 3609 διὰ
759 3556 865 3609 τῶν
893 3556 1139 3626 θλίψεων.

660 3740 798 3795 Ἀπὸ
836 3742 1122 3810 γλώσσης
1148 3742 1374 3809 δολίας.

290 3830 589 3883 Τουτέστιν
633 3831 735 3885 ἀπὸ
788 3833 969 3905 πάσης
1018 3834 1359 3904 ψευδοδοξίας
1416 3835 1508 3889 καὶ
1552 3835 1794 3907 ἀπάτης⁶

210 3924 400 3976 δεῖται
466 3922 571 3994 γὰρ
616 3925 644 3975 ὁ
689 3927 747 3977 ὲν
780 3925 921 3996 ἀρχῇ
982 3929 1264 3998 προκοπῆς
1313 3927 1594 3997 τυγχάνων
1651 3930 1797 3993 ὅπως

216 4014 418 4085 μηδεὶς
450 4016 607 4069 αὐτὸν
643 4017 1074 4088 παραλογίζηται
1108 4020 1165 4071 ἐν
1201 4017 1567 4091 πιθανολογίᾳ.

649 4201 709 4254 Tt
744 4200 947 4269 δοθείη
979 4204 1085 4255 ’σοι
1104 4218 1123 4264 ;
1151 4220 1204 4255 κ.
1238 4218 1289 4256 τ.
1321 4201 1371 4258 λ.

294 4294 637 4358 Ἔπαγούσας
670 4297 698 4349 ὁ
721 4296 890 4365 Λόγος
919 4296 1012 4349 τοῦ
1046 4295 1507 4369 προσευξάμενον,
1536 4298 1678 4353 κατὰ
1709 4298 1789 4364 τὸ,

1837 3017 1882 3071 Α

2423 3017 2745 3078 PSALMUS
2783 3022 2966 3083 CXIX.

2262 3110 2423 3168 Vens.
2457 3114 2507 3166 1.
2537 3114 2813 3170 Canticum
2845 3118 3125 3188 graduum.

1977 3199 2081 3267 Qui
2115 3216 2145 3253 a
2175 3201 2267 3257 Dei
2300 3206 2457 3259 bonis
2482 3207 2824 3274 exciderunt,
2849 3213 2916 3264 ad
2945 3211 3059 3267 hac
3091 3213 3267 3271 denuo
3292 3230 3473 3272 assur-

1904 3302 2056 3364 gunt,
2115 3295 2160 3350 si
2211 3297 2277 3350 ad
2331 3297 2638 3369 hujusmodi
2696 3303 3066 3359 ascensionem
3115 3316 3286 3373 semet
3320 3324 3469 3364 com-

1902 3389 2237 3455 paraverint.
2312 3390 2461 3446 Hanc
2522 3408 2650 3465 ergo
2720 3397 3168 3465 prmparationem
3241 3415 3353 3470 pra:
3411 3416 3472 3458 se

1905 3477 2087 3535 ferens
2143 3480 2464 3549 Psalmista,
2537 3488 2713 3557 primo
2779 3488 2882 3543 hoc
2942 3492 3205 3559 graduum
3262 3492 3473 3563 psalmo

1902 3570 2311 3638 ascensionem,
2384 3590 2505 3645 quae
2580 3593 2678 3648 per
2744 3578 3153 3638 tribulationem
3198 3582 3301 3649 ﬁt,
3369 3598 3469 3639 ex-

1899 3661 2074 3731 ponit.

1988 3738 1989 3741 ¹
2282 3752 2447 3810 Vens.
2481 3755 2537 3810 2.
2588 3758 2631 3811 Α
2669 3758 2849 3831 lingua
2875 3762 3081 3817 dolosa.

1970 3844 2024 3898 ld
2081 3855 2164 3902 est
2213 3846 2282 3901 ab
2331 3849 2479 3903 omni
2529 3849 2706 3906 fallaci
2752 3855 3018 3909 sententia
3045 3864 3099 3909 et
3126 3856 3462 3925 deceptione.

1900 3935 2124 4006 Oportet
2176 3940 2319 3994 enim
2377 3957 2501 3997 eum
2568 3944 2657 4011 qui
2723 3945 2936 4000 initium
2997 3946 3315 4017 proﬁciendi
3384 3950 3466 4002 fa-

1898 4030 2014 4096 cit,
2066 4046 2097 4085 a
2144 4032 2362 4089 nemine
2413 4032 2565 4089 falsis
2627 4037 3065 4106 persuasionibus
3115 4040 3167 4093 in
3220 4054 3462 4095 errorem

1896 4122 2108 4179 abducL

2215 4214 2378 4269 Vens.
2411 4215 2463 4269 ’5.
2510 4216 2649 4281 Quid
2682 4217 2835 4270 detur
2869 4219 3008 4271 tibi?
3036 4229 3144 4275 etc.

1964 4301 2165 4356 Audito
2185 4313 2377 4358 orante
2391 4304 2733 4369 Deus,veluti
2755 4306 2906 4370 illud,
2922 4308 3105 4363 Adhuc
3128 4320 3176 4363 te
3200 4309 3461 4381 loquente,

208 4387 344 4440 Ἔτι
392 4386 733 4453 λαλοῦντός
781 4403 918 4451 σου,
966 4367 1100 4441 ὶδοὺή
1143 4367 1399 4458 πάρειμι,
1440 4390 1788 4465 ἀποκρίνεται

1907 4411 2009 4450 ecce
2060 4396 2246 4450 adsum
2275 4398 2292 4427 ¹
2317 4438 2332 4463 ,
2366 4398 2658 4468 respondet
2682 4399 2754 4461 ei,
2793 4401 3028 4471 dicitque
3062 4421 3075 4457 :
3114 4403 3288 4461 Macte
3338 4407 3461 4460 ani-

206 4479 363 4549 αὐτῷ
402 4479 494 4532 καί
524 4495 659 4549 φησι
679 4496 691 4509 ·
720 4478 943 4550 Θάρσει,
971 4472 1015 4531 ὦ
1052 4473 1226 4544 οὗτος,
1263 4478 1417 4544 εἰδὼς
1438 4481 1518 4535 ὃτι
1554 4482 1792 4554 προστά-

203 4589 308 4644 την
338 4574 435 4626 καὶ
462 4574 780 4644 ὑπὲρμαχον
831 4573 970 4644 ἔχεις
1010 4573 1262 4639 δυνατὸν,
1295 4575 1479 4641 ὅπλοις
1509 4576 1789 4648 χρώμενον

204 4665 347 4739 ὑπὲρ
376 4666 473 4735 σοῦ
503 4665 646 4719 κατὰ
676 4665 784 4720 τῶν
814 4664 920 4719 σῶν
954 4666 1225 4738 πολεμίων
1250 4685 1261 4697 ·
1295 4666 1507 4740 βέληιτε
1530 4669 1637 4741 γὰρ
1660 4667 1788 4739 ἡκό-

200 4775 369 4827 νησεν
399 4760 520 4811 κατ’
546 4758 725 4811 αὐτῶν
747 4799 761 4822 ,
809 4759 902 4811 καὶ
946 4758 1219 4830 ἄνθρακας
1248 4760 1542 4831 ἡτοίμασεν
1588 4762 1787 4833 ἐρημο-

205 4852 395 4915 ποιοὺς
442 4852 523 4915 είς
568 4852 789 4915 αὐτοὺς,
840 4852 1215 4923 μετελεύσεται
1270 4854 1328 4905 ὲν
1360 4855 1478 4918 ταῖς
1524 4857 1645 4908 κατ’
1695 4856 1790 4909 αύ-

205 4940 317 4993 τῷν
344 4941 673 5012 τιμωρίαις
706 4942 758 4994 τί
799 4937 891 4995 οὖν
931 4942 1092 4995 πλέον
1127 4944 1297 5005 αἰτεῖς
1337 4941 1554 5013 δοθῆναί
1600 4960 1716 5009 σοι;
1752 4942 1784 5014 ἢ

207 5032 260 5084 τί
285 5032 443 5105 Θέλῃς
472 5032 827 5103 προστιθέναι
863 5051 943 5087 σοι
976 5033 1114 5104 μετὰ
1140 5034 1238 5104 τὴν
1267 5031 1533 5104 τοσαύτην
1566 5034 1661 5087 τοῦ
1690 5039 1789 5088 Δυ-

204 5124 364 5179 νατοῦ
402 5124 547 5177 κατὰ
574 5124 683 5177 τῶν
709 5124 919 5179 ἀσεϐῶν
949 5126 1338 5197 παρασκευήν;

444 5215 609 5268 Μετὰ
629 5214 747 5270 τῶν
782 5216 1187 5287 σκηνωμάτων
1213 5213 1412 5284 Κηδάρ
1442 5216 1540 5288 (1).

266 5306 463 5378 Κηδὰρ
496 5306 668 5374 πάγος
697 5309 890 5375 γενεᾶς
904 5307 1125 5361 δύναται
1143 5308 1237 5361 καὶ
1262 5307 1569 5378 σκοτασμός
1587 5324 1601 5339 ⁸
1624 5308 1776 5362 Κατ-

192 5400 484 5470 εσκήνωσα
512 5393 625 5463 οὖν,
661 5400 813 5470 φησὶ,
846 5399 985 5472 μετὰ
1011 5400 1118 5454 τῶν
1147 5400 1519 5471 σκηνωμάτων
1537 5398 1631 5453 τοῦ
1649 5417 1775 5453 σκο-

192 5489 427 5561 τασμοῦ,
462 5491 602 5561 ὅπερ
632 5492 748 5544 ἐστὶ
774 5490 865 5545 τοῦ
903 5491 1151 5562 σώματος
1180 5491 1272 5545 τοῦ
1314 5490 1544 5544 θανάτου
1563 5508 1577 5521 ο
1622 5491 1770 5563 καὶὴ

188 5581 332 5653 ψυχή
371 5600 473 5653 μου
504 5584 669 5656 αὐτὴ,
701 5586 856 5655 φησι,
894 5584 1063 5638 πολλὰ
1093 5584 1378 5647 πλεονάκις
1419 5582 1766 5657 παρῴκησεν.

260 5694 276 5723 ¹
307 5692 413 5748 lsa.
450 5711 607 5762 ιγιιι,
651 5696 685 5752 9

1888 4502 1997 4554 mo,
2031 4502 2065 4543 ο
2104 4488 2297 4555 homo;
2346 4491 2488 4544 nosti
2520 4491 2666 4544 enim
2712 4492 2946 4547 validum
2996 4504 3047 4550 te
3096 4505 3462 4565 protectorem

1886 4577 2330 4649 defensoremque
2360 4582 2580 4650 habere,
2614 4584 2781 4638 armis
2818 4601 2914 4651 pro
2943 4597 2996 4642 te
3042 4589 3305 4644 adversus
3356 4592 3459 4646 ho-

1884 4677 1996 4725 stes
2022 4670 2389 4725 decertantem
2419 4690 2431 4727 :
2474 4688 2599 4727 nam
2648 4675 2873 4744 sagittas
2900 4688 3084 4734 contra
3113 4681 3257 4749 ipsos
3292 4683 3459 4748 acuit,

1885 4760 2242 4817 desolatorios
2269 4765 2536 4819 carbones
2565 4766 2821 4822 adversus
2850 4784 2945 4823 eos
2981 4774 3227 4840 paravit,
3271 4782 3327 4828 et
3370 4773 3458 4828 in-

1886 4858 2125 4907 structus
2162 4853 2443 4922 SUppliciis
2471 4867 2731 4912 venturus
2764 4868 2869 4916 est.
2893 4859 3031 4927 Quid
3076 4878 3205 4931 ergo
3239 4863 3459 4931 insuper

1886 4939 1981 4995 tibi
2025 4940 2142 4996 dari
2193 4944 2473 5014 postulas?
2522 4946 2606 5000 vel
2649 4948 2908 5018 quidnam
2964 4951 3060 5006 tibi
3121 4954 3241 5009 addi
3295 4952 3452 5018 velis,

1883 5037 2006 5097 post
2062 5041 2275 5088 tantum
2327 5037 2566 5105 potentis
2619 5036 2712 5092 Dei
2754 5048 2947 5095 contra
2997 5042 3193 5113 impios
3221 5057 3454 5113 appara-

1886 5127 1999 5175 tum
2023 5121 2048 5174 ?

2170 5214 2334 5270 Vens.
2362 5216 2414 5271 5.
2443 5216 2573 5270 Cum
2600 5220 2954 5277 tabernaculis
2978 5222 3169 5279 Cedar.

1955 5300 2130 5359 Cedar
2149 5307 2271 5375 gelu
2301 5310 2668 5378 generationis
2694 5320 2747 5367 et
2770 5314 3122 5393 obscuritatis
3153 5313 3449 5385 signiﬁcat.

1885 5390 2135 5451 Habitavi
2164 5398 2369 5469 itaque,
2399 5402 2494 5466 ait,
2522 5405 2572 5456 in
2602 5390 2964 5461 tabernaculis
2991 5406 3366 5472 obscuritatis,
3390 5406 3452 5464 id

1883 5497 1966 5543 est
1994 5487 2047 5543 in
2087 5492 2301 5547 mortali
2331 5508 2564 5565 corpore
2594 5514 2608 5550 :
2641 5509 2697 5553 et
2728 5499 2911 5553 anima
2953 5515 3069 5555 mea
3126 5500 3241 5572 ipsa
3282 5516 3447 5571 saepe,

1881 5580 2073 5652 inquit,
2105 5584 2302 5656 diuque
2327 5587 2504 5645 incola
2544 5590 2666 5649 fuit.

257 5811 335 5883 (Ι)
372 5813 543 5872 Recte
581 5814 710 5870 cod.
746 5815 810 5872 C.
846 5817 1216 5872 tantummodo
1261 5820 1382 5876 sic:
1442 5820 1500 5872 ὐ
1536 5819 1788 5884 Εὐσέϐιος

1912 5819 2012 5891 δάρ
2040 5821 2398 5893 ἑρμηνεύεται
2435 5828 2787 5897 σκοτασμόν
2825 5826 2877 5899 (a
2902 5827 3053 5900 Tm).

556 5914 831 5976 ΡΑτιιοι..
865 5915 984 5976 Gn.
1031 5914 1264 5978 XXIV.

3102 5928 3131 5986 1
