3968 6504
549 424 607 480 Η
1248 427 1512 483 EUSEBII
1552 428 2013 485 CESARIENSlS
2045 429 2193 485 OPP.
2234 430 2414 487 PARS
2451 434 2537 490 Ill.
2581 468 2643 478 -
2683 435 3083 492 EXEGETICA.
3682 450 3749 503 η

1068 520 1385 577 PSALMUS
1411 522 1571 577 CXX.

2168 608 2170 613 τ
2751 520 3034 585 trames
3072 534 3200 587 PK'.

740 610 901 665 Vens.
929 612 977 664 1.
1012 610 1199 665 Levavi
1221 614 1397 667 oculos
1425 632 1562 668 meos
1594 616 1647 668 in
1676 627 1893 670 montes.

2168 610 2170 613 ’
2363 615 2507 687 Ἦρα
2542 620 2682 686 τοὺς
2716 623 3055 690 ὀφθαλμούς
3080 641 3199 691 μου
3232 626 3319 690 είς
3345 624 3415 679 τὰ
3454 626 3578 695 ὅρη.

612 702 690 756 Ab
719 702 897 757 hostili
927 704 1189 759 servitute
1222 707 1521 773 expeditus,
1555 719 1718 777 atque
1750 709 1804 761 in
1838 710 1946 777 ipsa
1978 711 2060 780 jar

2277 712 2333 763 Ὀ
2359 711 2455 782 τῆς
2481 710 2717 775 δουλείας
2754 713 2857 766 ὑπὸ
2885 715 2995 775 τοῖς
3027 713 3237 785 ἐχθροῖς
3267 716 3620 786 ἀπαλλαγεὶς,
3656 719 3752 774 καὶ¹

540 798 621 850 via
647 798 989 859 constitutus,
1023 813 1139 864 qnze
1167 798 1232 851 ad
1264 799 1354 852 Dei
1382 801 1655 855 civitatem
1702 801 1872 865 ducit,
1907 802 2060 855 oculo

2192 801 2310 854 κατ’
2338 802 2503 873 αὑτὴν
2548 803 2648 873 ἤδη
2678 803 2913 871 γεγονὼς
2948 806 3045 873 τὴν
3089 805 3207 858 ὁδὸν
3244 808 3342 878 τὴν
3384 809 3618 875 ἄγουσαν
3656 811 3748 863 ἐπὶ

537 892 603 944 ad
642 901 852 945 montes
886 893 982 945 hac
1018 891 1135 943 illac
1170 892 1386 954 attollit,
1419 895 1714 947 observans
1742 906 1902 963 atque
1932 893 2060 947 vesti

2188 894 2284 965 τὴν
2308 894 2401 947 τοῦ
2423 894 2555 947 Θεοῦ
2582 896 2751 959 πόλιν,
2779 898 2889 950 ἄνω
2914 899 3037 959 τοὺς
3064 897 3373 969 ὀφθαλμοὺς
3399 895 3500 954 ὧδε
3528 904 3747 956 κάκεῖσε

535 996 666 1051 gans
687 1023 702 1047 ,
737 983 1003 1036 undenam
1046 981 1145 1035 sibi
1187 982 1443 1036 auxilium
1467 984 1536 1037 sit
1561 984 1889 1039 adfuturum.
1922 984 2089 1041 Porro

532 1074 743 1128 cunctis
767 1073 944 1127 mundi
976 1071 1218 1143 partibus
1250 1088 1314 1128 ac
1343 1076 1746 1130 summitatibus
1762 1077 2082 1145 exploratis,

534 1166 675 1219 nulla
704 1166 755 1219 in
792 1181 849 1220 re
887 1165 1128 1220 sensibili
1155 1180 1269 1220 rem
1294 1167 1575 1236 quaesitam
1600 1168 1883 1238 comperit.
1912 1168 2087 1225 Mente

535 1258 698 1324 igitur
734 1259 1033 1328 animmque
1057 1260 1229 1313 oculis
1268 1260 1333 1313 ad
1373 1270 1645 1314 auctorem
1673 1272 2085 1333 creatoremque

533 1364 709 1404 rerum
733 1351 968 1405 omnium
992 1354 1327 1421 confugiens.
1357 1352 1429 1407 ibi
1456 1352 1617 1414 sistit,
1635 1352 2084 1422 alterumquehoc

528 1442 794 1496 canticum
816 1444 1046 1496 concinit
1065 1445 1249 1499 dicens
1274 1462 1286 1498 :
1311 1443 1577 1497 Auxilium
1591 1460 1759 1497 meum
1785 1462 1815 1498 a
1840 1443 2077 1509 Domino,

524 1535 615 1603 qui
642 1533 760 1603 fecit
785 1534 966 1587 cretum
991 1544 1039 1588 et
1066 1545 1279 1591 terram.
1630 1516 1641 1539 Ἰ

837 1695 997 1749 \‘tztts.
1031 1696 1082 1749 5.
1123 1696 1374 1749 Dominus
1408 1697 1665 1750 custodiet
1698 1708 1763 1751 te.

589 1781 722 1837 Eum
769 1788 861 1853 qui
915 1799 1129 1855 semper
1161 1786 1226 1839 ad
1278 1785 1441 1840 Deum
1493 1795 1721 1855 spectat,
1767 1788 1880 1857 ipse
1948 1788 2075 1858 vigil

2187 988 2267 1049 είς
2317 985 2382 1039 τά
2420 987 2519 1059 ὅρη
2566 988 2798 1059 ἐπαίρει,
2836 989 3108 1041 κατανοῶν
3153 994 3245 1043 καὶ
3283 993 3747 1064 πολυπραγμονῶν

2189 1076 2349 1128 πόθεν
2393 1076 2540 1147 αὑτῷ
2578 1077 2693 1145 ἥξει
2739 1076 2984 1148 βοήθεια*
3039 1078 3107 1131 τὰ
3155 1079 3293 1150 μέρη
3336 1080 3392 1133 δὲ
3426 1082 3602 1135 πάντα
3652 1082 3745 1137 τοῦ

2184 1166 2386 1235 κόσμου
2438 1168 2531 1219 καὶ
2581 1167 2651 1220 τὰ
2708 1167 2812 1239 ὕψη
2870 1169 3258 1241 περιαθρήσας,
3306 1172 3363 1224 ἐν
3417 1173 3588 1225 οὑδενὶ
3638 1174 3746 1228 τῶν

2182 1259 2450 1331 αἰσθητῶν
2483 1258 2722 1331 εὑρίσκει
2750 1262 2811 1313 τὸ
2852 1262 3179 1333 ζητούμενον
3200 1279 3213 1293 ο
3260 1263 3335 1333 νῷ
3364 1264 3419 1316 δὲ
3448 1266 3540 1317 καὶ
3567 1264 3743 1336 ψυχῆς

2180 1349 2472 1419 ὀφθαλμοῖς
2502 1350 2594 1401 ἐπ)⁴
2629 1350 2718 1402 τὸν
2752 1354 2977 1422 ποιητὴν
3017 1352 3090 1421 (‘2)
3133 1353 3225 1405 καὶ
3261 1353 3587 1426 δημιουργὸν
3636 1356 3742 1408 τῶν

2178 1442 2314 1493 ὅλων
2348 1440 2691 1512 ἀναδραμὼν,
2719 1443 2947 1497 ἐνταῦθα
2978 1444 3209 1510 ἵσταται,
3237 1446 3329 1499 καὶ
3363 1446 3457 1517 τὴν
3487 1447 3743 1519 δευτέραν

2179 1532 2319 1604 ᾠδὴν
2353 1533 2465 1605 ᾅδει
2497 1532 2669 1601 λέγων
2687 1550 2700 1563 ο
2745 1534 2815 1587 Ἠ
2833 1535 3083 1604 βοήθειά
3099 1554 3218 1604 μου
3234 1537 3389 1604 παρὰ
3404 1539 3620 1607 Κυρίου
3634 1540 3741 1594 τοῦ

2180 1625 2549 1694 ποιήσαντος
2565 1626 2673 1680 τὸν
2688 1627 2946 1695 οὐρανόν
2961 1628 3055 1680 καὶ
3078 1627 3191 1695 τὴν
3206 1629 3341 1697 γῆν.

2646 1718 2857 1785 Κύριος
2884 1718 3086 1787 φυλάξ
3094 1736 3139 1771 ει
3168 1736 3261 1773 σε.

2245 1803 2347 1858 Τὸν
2382 1804 2670 1869 διαπαντὸς
2716 1808 2793 1870 είς
2842 1807 2931 1860 τὸν
2979 1808 3109 1860 Θεὸν
3170 1809 3455 1881 ἀφορῶντα
3504 1811 3663 1875 αὑτὸς
3708 1812 3740 1865 ὁ

519 1875 752 1929 custodit
778 1870 938 1940 Icus,
972 1877 1195 1947 ejusque
1234 1877 1511 1931 dexteram
1556 1879 1785 1950 protegit
1830 1894 2060 1945 manum,

2177 1896 2380 1958 ἄῦπνος
2419 1895 2672 1964 φυλάττει
2706 1896 2856 1960 Θεὸς,
2882 1899 2975 1951 καὶ
3004 1898 3190 1951 τούτου
3236 1902 3331 1971 τὴν
3371 1900 3548 1965 δεξιὰν
3581 1903 3741 1973 χεῖρα

516 1968 640 2036 quia
660 1978 715 2023 et
743 1969 829 2024 ille
858 1971 1096 2025 dexteris
1128 1974 1334 2025 actibus
1364 1974 1547 2036 utitur,
1595 1982 1649 2025 et
1696 1972 1942 2028 inimicos
1974 1990 2069 2028 sua

516 2059 735 2114 dextera
791 2060 1023 2131 repellit.
1091 2061 1252 2117 Certe
1312 2062 1417 2118 Deo
1471 2064 1791 2119 dilectorum
1839 2064 2068 2121 dextera:

516 2149 835 2204 insidiantur
870 2150 1209 2219 potissimum
1241 2153 1440 2207 hostes.
1490 2152 1581 2205 Sic
1638 2154 1819 2222 itaque
1868 2153 2067 2207 dictum

519 2238 617 2293 fuit
649 2256 662 2293 :
697 2237 765 2292 Et
789 2240 942 2295 Iesus
967 2243 1181 2295 indutus
1207 2254 1316 2296 erat
1350 2244 1569 2297 restibus
1591 2244 1839 2309 sordidis,
1870 2244 2070 2297 stabat-

509 2346 609 2399 que
649 2331 889 2386 diabolus
939 2350 969 2385 a
1024 2334 1224 2388 dextris
1273 2323 1386 2403 ejus
1430 2339 1473 2393 ¹.
1514 2366 1585 2378 -
1615 2335 1889 2403 Przecipue
1940 2351 2067 2390 vero

511 2421 653 2478 Deus
704 2439 734 2478 a
783 2424 1019 2495 nequitia
1089 2435 1295 2492 tuetur,
1352 2428 1560 2484 etiamsi
1613 2427 1751 2483 forte
1799 2428 2065 2482 exteriora

512 2524 693 2571 nostra
729 2531 822 2571 seu
862 2532 1059 2587 corpus
1106 2518 1327 2590 amigat.
1378 2519 1740 2586 Quamobrem
1764 2528 1817 2573 et
1843 2519 1908 2574 de
1932 2518 2066 2574 Jobo

510 2609 783 2663 mandavit
812 2626 826 2663 :
857 2610 1097 2664 Animam
1143 2612 1255 2680 ejus
1289 2622 1491 2666 tantum
1517 2630 1661 2667 serva
1690 2612 1728 2667 ³.
1759 2611 1928 2666 Porro
1949 2612 2066 2665 ani-

510 2713 593 2752 ma
623 2698 822 2770 indiget
862 2701 1050 2765 tutela,
1122 2718 1242 2757 cum
1272 2704 1393 2757 vita:
1421 2706 1600 2758 exitus
1635 2714 1847 2772 tempus
1872 2705 2063 2769 instat,

2174 1984 2384 2048 σκέπει,
2440 1985 2533 2039 an
2581 1987 2780 2052 δεξιαῖς
2837 1987 3064 2052 πράξεσι
3119 1990 3419 2060 χρωμένου,
3471 1992 3564 2044 καὶ
3612 1993 3737 2054 τοὺς

2169 2079 2393 2149 ἐχθροὺς
2418 2079 2727 2143 ἐλαύνοντος
2754 2082 2818 2151 τῇ
2846 2081 3037 2133 ἐαυτοῦ
3064 2082 3213 2152 δεξιᾷ
3231 2099 3243 2111 ·
3275 2083 3508 2153 μάλιστα
3532 2082 3638 2154 γὰρ
3666 2086 3730 2153 τῇ

2167 2169 2313 2242 δεξιᾷ
2336 2171 2440 2224 τῶν
2471 2170 2729 2240 θεοφιλῶν
2751 2172 3116 2225 ἐπιδουλεύειν
3145 2174 3436 2243 πειρῶνται
3459 2176 3507 2227 οί
3530 2174 3731 2245 ἐχθροί*

2166 2262 2307 2315 οὕτω
2351 2262 2482 2331 γοῦν
2528 2264 2773 2334 εἴρηταιο
2811 2264 2917 2316 Καὶ
2967 2264 3194 2330 Ἰησοῦς
3237 2261 3316 2333 ἦν
3343 2263 3732 2333 ἐνδεδυμένος

2166 2353 2360 2422 ἱμάτια
2385 2353 2645 2422 ῥυπαρὰ,
2680 2354 2776 2407 καὶ
2807 2358 2839 2407 ό
2867 2353 3140 2420 διάϐολος
3167 2354 3402 2420 ἑστήκει
3419 2356 3485 2409 ἐκ
3514 2354 3723 2419 δεξιῶν

2164 2442 2371 2496 αὑτοῦ.
2410 2473 2478 2484 —
2515 2443 2762 2497 Μάλιστα
2805 2444 2862 2496 δὲ
2895 2444 3024 2507 Θεὸς
3066 2445 3172 2498 ἀπὸ
3214 2444 3409 2508 κακίας
3450 2446 3728 2515 φυλάττει,

2164 2533 2267 2587 κᾶν
2301 2532 2369 2586 τὰ
2398 2534 2552 2597 ἐκτὸς
2583 2534 2615 2603 ἢ
2645 2535 2706 2588 τὸ
2740 2535 2896 2605 σῶμα
2927 2534 3066 2606 λυπῇ
3089 2552 3103 2565 ⁸
3124 2537 3247 2607 περὶ
3280 2536 3407 2606 γοῦν
3444 2536 3559 2590 Ἰὼϐ
3591 2555 3730 2610 παρ-

2169 2624 2409 2695 ήγγειλε·
2446 2626 2653 2693 Μάνην
2692 2624 2808 2693 τὴν
2867 2625 3078 2694 ψυχὴν
3102 2627 3285 2680 αὑτοῦ
3326 2627 3725 2695 διαφύλαξον·

2161 2716 2331 2771 δεῖται
2359 2716 2416 2769 δέ
2453 2716 2697 2786 φυλακῆς
2740 2719 2773 2788 ἡ
2806 2716 2950 2787 ψυχὴ
2996 2717 3137 2769 κατά
3171 2717 3261 2769 τὸν
3293 2717 3394 2786 τῆς
3424 2716 3597 2781 ἐξόδου
3630 2715 3724 2770 τοῦ

452 2782 468 2797 ’
506 2802 561 2849 et
617 2809 738 2849 cum
801 2794 867 2848 ad
929 2794 1020 2848 Dei
1079 2796 1355 2849 civitatem
1388 2795 1491 2849 iter
1521 2794 1717 2862 carpit.
1751 2793 1887 2860 Quid
1918 2795 2060 2847 enim

2168 2805 2278 2876 βίου
2305 2782 2620 2877 καιρὸν,καὶ
2647 2782 2787 2860 κατά
2801 2782 3123 2877 τὴντείσοδον
3137 2807 3231 2879 τὴν
3250 2810 3327 2870 είς
3352 2782 3451 2877 τὴν
3474 2807 3564 2859 τοῦ
3594 2806 3725 2859 Θεοῦ

506 2886 749 2955 proderit
783 2924 799 2949 ,
858 2884 903 2940 si
953 2886 1220 2956 quispiam
1276 2888 1328 2941 in
1381 2886 1554 2941 medio
1607 2886 1803 2941 itinere
1862 2886 2060 2941 cadens

2168 2899 2317 2952 πόλιν
2337 2916 2350 2929 ’
2393 2898 2445 2951 τί
2476 2898 2584 2971 γὰρ
2614 2899 2802 2969 ὄφελος
2825 2901 2872 2952 εί
2916 2902 2971 2953 ἐν
3003 2899 3151 2971 μέσῳ
3185 2900 3285 2970 τῆς
3310 2899 3424 2953 ὁδοῦ
3449 2900 3623 2953 πεσών
3642 2917 3726 2962 τις

509 2976 735 3047 pereat?
790 2975 975 3046 Itaque
1043 2978 1311 3033 neminem
1361 2988 1488 3032 ante
1549 2993 1775 3032 mortem
1844 2978 2059 3031 bcatmn

2168 2990 2439 3055 ἀπώλετο;
2468 2992 2547 3044 διὸ
2592 2992 2665 3063 μὴ
2709 2991 3019 3063 μακαρίσῃς
3050 2991 3333 3062 ἄνθρωπον
3367 2992 3471 3063 πρὸ
3504 2992 3599 3062 τῆς
3639 3008 3724 3043 τε-

508 3070 677 3124 dicas.

2168 3082 2355 3151 λευτῆς
2391 3082 2577 3135 αὑτοῦ.

714 3158 878 3214 Vens.
912 3160 965 3216 6.
997 3159 1117 3228 _Per
1164 3160 1300 3213 diem
1347 3159 1426 3213 sol
1475 3175 1575 3211 non
1618 3168 1728 3211 uret
1777 3167 1845 3211 te.

2397 3172 2635 3241 Ἡμέρας
2668 3175 2701 3225 ὁ
2730 3172 2901 3239 ἥλιος
2933 3173 3004 3225 οὐ
3036 3173 3365 3240 σινγκαύσει
3394 3189 3485 3225 σε.

572 3250 855 3320 Splendida
877 3255 1043 3307 IIIIDCS
1069 3254 1207 3307 baud
1224 3268 1316 3305 eos
1339 3252 1467 3306 sinit
1491 3252 1571 3305 uri
1600 3250 1732 3314 sole,
1755 3250 1846 3319 qui
1865 3254 1928 3303 ad
1950 3249 2056 3304 De-

2226 3266 2437 3335 Νεφέλη
2456 3264 2683 3336 φωτεινὴ
2708 3264 2806 3316 οὑκ
2830 3264 2895 3333 ἐᾷ
2926 3261 3272 3331 συγκαίεσθαι
3295 3262 3397 3315 ὑπὸ
3419 3262 3566 3332 ἡλίου
3599 3264 3724 3327 τοὺς

502 3360 589 3395 nm
619 3354 866 3413 pergunt.
888 3343 1112 3415 l’ariqne
1135 3344 1340 3398 ratione
1356 3359 1509 3411 opem
1530 3343 1654 3409 fert,
1674 3346 1965 3413 quominus
1987 3359 2055 3399 ne

2168 3359 2297 3411 κατὰ
2325 3356 2454 3409 Θεὸν
2485 3355 2764 3418 ὁδεύοντας
2782 3370 2796 3385 ·
2824 3354 2917 3408 καὶ
2944 3353 3289 3421 ἀναλογοῦντι
3314 3354 3513 3424 ταύτης
3536 3354 3724 3425 βοηθεῖ

500 3451 527 3487 a
565 3444 823 3490 nocturno
841 3436 1053 3505 quidem
1084 3432 1334 3486 luminari
1356 3433 1733 3487 detrimentum
1757 3432 2051 3504 patiantur.

1017 3524 1336 3580 PSALML’S
1362 3523 1543 3581 CXXI.

504 3620 660 3677 Vens.
687 3621 737 3674 1.
760 3618 989 3674 Lwtulus
1009 3635 1122 3673 sum
1151 3622 1202 3672 in
1225 3619 1305 3671 Itis
1334 3635 1448 3686 qua:
1469 3621 1607 3673 dicta
1631 3630 1750 3673 sunt
1776 3619 1919 3684 milii,
1945 3628 2051 3672 etc.

569 3714 703 3770 Dum
742 3714 825 3768 via
858 3714 1215 3783 proﬁciscitur
1242 3714 1307 3767 ad
1335 3713 1499 3768 Deum
1540 3715 1791 3780 ducente,
1838 3715 2055 3783 cognito

496 3807 612 3878 ejus
663 3806 914 3869 termino,
973 3804 1169 3873 gainlio
1219 3805 1474 3875 repletur,
1534 3806 1832 3859 futurarum
1874 3821 2051 3857 rerum

498 3897 683 3952 nuntio
726 3897 927 3950 audito.
977 3895 1154 3962 Quare
1199 3905 1253 3949 et
1298 3896 1575 3965 praedicat,
1609 3911 1666 3950 se
1701 3897 1871 3949 bonos
1896 3911 2051 3964 egre-

496 3991 721 4059 giosque
755 3988 1045 4057 magistros
1078 3995 1293 4040 nactum
1320 4002 1460 4055 esse,
1490 3987 1579 4056 qui
1624 3986 1724 4040 sibi
1773 3986 1956 4040 aiunt:
1989 3984 2052 4037 In

492 4081 704 4135 domum
730 4079 944 4133 Domini
972 4079 1179 4132 ibimus.
1208 4077 1434 4145 Ideoque
1457 4078 1625 4146 magis
1651 4076 1890 4144 festinat,
1913 4077 2049 4130 viam

492 4188 614 4225 cum
646 4170 842 4241 gaudio
873 4168 1432 4241 carpens.—lllorum
1478 4169 1568 4237 qui
1615 4168 1887 4240 Babylone
1937 4169 2053 4222 red-

493 4265 641 4316 ibant
664 4278 790 4333 pars
830 4264 1019 4334 major,
1058 4265 1285 4333 populus
1316 4260 1558 4315 novellus
1585 4271 1703 4315 erat
1738 4262 1789 4315 in
1828 4261 1935 4329 ipsa
1969 4276 2053 4328 ge-

493 4354 638 4406 nitus
666 4351 957 4423 Babylone.
1002 4351 1165 4406 Pauci
1197 4367 1323 4406 vero
1354 4350 1573 4419 quidam
1608 4349 1753 4404 inter
1778 4365 1870 4403 eos
1899 4360 2052 4402 erant

492 4446 652 4512 prisci
677 4446 798 4510 viri,
840 4461 998 4499 senes
1047 4445 1359 4509 admodum,
1386 4444 1475 4511 qui
1505 4442 1892 4513 Hierosolymis
1918 4442 2045 4495 illnc

491 4536 902 4601 descenderant,
937 4545 1012 4599 et,
1047 4536 1381 4605 septuaginta
1425 4536 1496 4588 ibi
1542 4534 1697 4588 anuis
1743 4535 2048 4598 transactis,

2157 3449 2236 3512 είς
2254 3447 2313 3501 τὸ
2341 3446 2474 3517 μηδέ
2508 3445 2614 3498 ὑπὸ
2641 3443 2953 3514 νυκτερινοῦ
2984 3443 3266 3515 φωστῆρος
3296 3443 3482 3498 παθεῖν
3501 3444 3719 3509 αὑτούς.

2683 3536 2971 3588 ΨΑΛΜΟΣ
3020 3536 3197 3589 PKA'.
3415 3580 3420 3586 .

2260 3630 2622 3697 Εὐφράνθητε
2652 3626 2751 3679 ἐπὶ
2795 3626 2919 3691 τοῖς
2950 3628 3213 3693 εἰρηκόσι
3239 3644 3359 3695 μοι,
3395 3644 3449 3679 κ.
3479 3644 3528 3679 τ.
3560 3626 3610 3680 λ.

2225 3722 2335 3792 Τὴν
2359 3720 2479 3773 ὁδὸν
2523 3719 2750 3789 βαδίζων
2778 3718 2875 3787 τὴν
2906 3718 2995 3770 ἐπὶ
3023 3717 3111 3769 τὸν
3150 3718 3279 3770 Θεὸν
3309 3718 3561 3785 ἄγουσαν,
3594 3733 3719 3769 παι-

2153 3812 2435 3881 δευόμενος
2475 3810 2602 3881 περὶ
2651 3806 2746 3862 τοῦ
2795 3807 2981 3872 τέλους
3019 3808 3208 3877 αὑτῆς,
3258 3808 3589 3879 εὐφροσύνης
3630 3807 3718 3861 ἐπ’

2153 3906 2287 3975 αὑτῇ
2331 3906 2395 3975 τῇ
2446 3902 2553 3956 τῶν
2597 3901 2893 3973 μελλόντων
2936 3901 3070 3971 ἀκοῇ
3122 3898 3453 3969 πληροῦται·
3499 3899 3578 3951 διὸ
3624 3900 3716 3952 καὶ

2153 3996 2401 4067 ὁμολογεῖ
2426 3993 2604 4048 καλῶν
2638 3993 2732 4047 καὶ
2775 3991 2994 4061 ἀγαθῶν
3031 3991 3364 4044 διδασκάλων
3396 3989 3574 4059 τυχὼν
3609 3990 3717 4042 τῶν

2154 4085 2449 4157 εἰρηκότων
2479 4082 2645 4154 αὐτῷ’
2681 4084 2786 4147 Εἰς
2818 4078 2983 4134 οἷκον
3017 4079 3233 4147 Κυρίου
3261 4078 3713 4147 πορευσώμεθαθ

2152 4179 2245 4232 καὶ
2278 4176 2473 4247 μᾶλλον
2503 4174 2796 4242 ἐπείγεται,
2825 4171 2923 4243 τὴν
2972 4171 3193 4243 πορείαν
3228 4170 3344 4240 μετ’
3376 4168 3715 4239 εὐφροσύνης

2152 4266 2485 4338 ποιούμενος.
2530 4295 2596 4306 ——
2641 4264 2759 4317 Τῶν
2808 4262 3132 4315 ἐπανιόντων
3164 4260 3271 4315 ἀπὸ
3318 4259 3650 4322 Βαϐυλῶνος,
3687 4262 3719 4313 ὸ

2156 4361 2252 4431 μὲν
2295 4359 2456 4423 πολὺς
2511 4358 2630 4421 νέος
2675 4352 2743 4427 ἦν
2790 4356 2914 4420 λαὸς
2948 4358 3004 4409 ἐν
3037 4355 3172 4425 αὐτῇ
3222 4352 3498 4424 γεννηθεὶς
3540 4352 3715 4405 Βαϐυ-

2152 4450 2313 4503 λῶνι·
2365 4450 2583 4521 βραχεῖς
2623 4448 2680 4502 δέ
2712 4466 2856 4512 τινες
2898 4448 2955 4501 ἐν
2989 4448 3170 4509 αὑτοῖς
3220 4444 3465 4515 ὑπῆρχον
3498 4443 3715 4496 παλαιοὶ

2153 4542 2342 4613 ἄνδρες
2368 4542 2461 4595 καὶ
2494 4541 2697 4611 σφόδρα
2730 4538 3108 4611 πρεσϐύτεροι,
3138 4538 3188 4589 οἱ
3220 4536 3327 4589 ἀπὸ
3369 4534 3717 4605 Ἰερουσαλὴμ

491 4638 675 4696 postea
723 4644 843 4683 cum
883 4644 1020 4684 novo
1055 4628 1250 4698 p0pulo
1302 4627 1734 4681 revertebantur.
1773 4624 1833 4678 Ili
1866 4635 2044 4679 autem

2168 4633 2583 4705 ιαταὸεὸηκότες
2610 4634 2741 4693 ἐκεῖ,
2778 4630 2871 4683 καὶ
2909 4629 3339 4701 παραμείναντες
3371 4626 3462 4679 τὸν
3488 4624 3719 4695 ἐϐδομή-

490 4735 520 4770 a
555 4732 693 4773 novo
718 4718 914 4788 populo
950 4714 1305 4785 interrogati,
1339 4730 1573 4785 quonam
1609 4714 1711 4767 iter
1738 4715 2042 4777 tenderent,

2168 4742 2311 4778 ιοντα
2328 4725 2405 4777 ἔτι
2423 4725 2519 4791 ιε’)
2548 4723 2755 4793 χρόνον,
2787 4721 2902 4793 μεθ’
2932 4721 2989 4773 ὃν
3019 4720 3353 4790 ὑπέστρεφον
3372 4719 3484 4788 ἅμα
3514 4716 3589 4785 τῷ
3612 4716 3719 4785 νέῳ

492 4809 813 4878 respondent
828 4810 1222 4879 quodammodo
1242 4808 1448 4861 aientes
1470 4824 1482 4860 :
1506 4804 1573 4859 In
1594 4806 1805 4858 domum
1834 4805 2044 4859 Domini

2168 4809 2301 4881 λαῷ·
2352 4810 2553 4861 τούτων
2611 4808 2789 4860 τοίνυν
2847 4806 3211 4878 ἐρωτωμένων
3257 4806 3404 4877 παρὰ
3452 4804 3546 4860 τοῦ
3593 4802 3715 4855 νέου

490 4902 699 4955 ibimus.
759 4902 985 4965 Rursus,
1043 4902 1147 4956 hoc
1204 4902 1410 4963 audito.
1464 4913 1635 4953 novus
1682 4896 1769 4952 ille
1823 4899 2048 4968 populus

2168 4901 2280 4954 tuo?)
2332 4902 2463 4954 ὅπου
2510 4899 2609 4969 τὴν
2665 4897 2889 4968 πορείαν
2949 4900 3211 4957 ποιοῖντο,
3260 4893 3718 4965 ἀποκρινομένους

487 4993 842 5058 exhilaratus,
871 4994 1049 5049 denuo
1076 4992 1343 5047 sciscitari
1367 4992 1599 5054 videtur,
1634 4991 1902 5044 undenam
1940 4990 2046 5044 illis

2168 4992 2310 5047 ›ἱονεὶ
2353 4990 2445 5045 καὶ
2486 4989 2742 5058 λέγοντας
2769 5008 2780 5019 ·
2822 4992 2924 5055 Εἰς
2968 4986 3136 5043 οἶκον
3174 4988 3390 5055 Κιιριόυ
3418 4984 3716 5053 πορευσώ-

490 5087 604 5141 lnec
662 5086 847 5140 notitia
874 5085 1054 5140 esset?
1098 5083 1162 5137 Hi
1211 5099 1370 5151 porro
1422 5082 1790 5152 respondent:
1834 5081 2045 5137 Smntes

2168 5087 2315 5137 αεθα.
2360 5082 2480 5135 Ἐπὶ
2509 5080 2565 5133 δὲ
2594 5080 2816 5154 τοιαύτῃ
2845 5083 2980 5151 ἀκοῇ
3028 5081 3116 5133 τὸν
3154 5080 3271 5131 νέον
3309 5078 3436 5130 λαὸν
3476 5077 3713 5147 εὐφραν-

486 5187 633 5229 erant
657 5178 808 5246 pedes
844 5176 1009 5229 nostri
1048 5175 1101 5227 in
1154 5174 1304 5226 atriis
1340 5172 1635 5227 Jerusalem
1664 5188 1686 5235 ;
1716 5171 1766 5226 lii
1798 5172 2048 5224 nimirum

2168 5173 2331 5236 ἱέντα,
2362 5172 2607 5243 δεύτερον
2635 5172 2881 5238 ἐξετάσαι
2910 5171 3071 5223 πόθεν
3097 5172 3209 5231 τοῖς
3240 5168 3488 5235 λέγουσιν
3519 5167 3552 5235 ἡ
3578 5162 3714 5231 γνῶ-

487 5268 586 5337 ipsi
634 5269 797 5338 pedes
834 5268 923 5337 qui
964 5267 1237 5322 vobiscum
1266 5280 1407 5318 nunc
1431 5264 1773 5333 gradiuntur,
1801 5263 1854 5315 in
1887 5264 2043 5315 atriis

484 5361 611 5414 oiim
664 5368 865 5413 stetere
942 5357 1263 5412 Jerusalem.
1314 5356 1675 5422 Quamobrem
1730 5354 1809 5407 rei
1871 5356 2039 5423 probo

488 5449 713 5513 conscii,
740 5462 860 5503 eam
895 5449 1041 5502 vobis
1070 5450 1380 5503 tutntiamus
1414 5464 1427 5501 :
1459 5463 1580 5500 nam
1615 5456 1668 5501 et
1695 5447 2044 5501 aediﬁciorum

491 5543 641 5594 urbis
682 5541 967 5603 rationem,
1027 5541 1253 5608 ejusque
1301 5550 1483 5612 typum
1546 5553 1610 5592 ac
1659 5538 2041 5607 propemodum

495 5634 941 5695 delineationeui,
994 5634 1249 5685 memoria
1306 5640 1560 5686 accurate
1613 5639 1873 5685 tenemus.
1925 5629 2042 5683 Non

561 5718 774 5778 "Zacb.
825 5740 907 5789 ιιι,
962 5725 1014 5779 ’5.
1093 5722 1239 5780 'Job
1287 5741 1351 5789 ιι,
1392 5726 1447 5780 6.

554 5819 630 5889 (ﬁl
658 5819 768 5872 Duo
791 5818 948 5871 codd.
974 5818 1221 5889 Σωτῆρα.

2156 5282 2270 5330 σις;
2302 5265 2439 5327 Τοὺς
2468 5264 2525 5317 δὲ
2557 5263 2952 5335 ἀποκρίνασθαι
2988 5262 3121 5332 πρὸς
3140 5260 3355 5324 αὑτοὺς,
3392 5259 3484 5312 καὶ
3514 5256 3709 5307 εἰπεῖν’

2165 5354 2448 5422 Ἐστῶτες
2498 5350 2658 5425 ἦσαν
2698 5358 2751 5408 οἱ
2780 5353 2961 5417 πόδες
3009 5352 3175 5421 ἡμῶν
3218 5352 3287 5405 ἐν
3331 5349 3459 5414 ταῖς
3500 5343 3712 5409 αὐλαῖς

2164 5445 2586 5515 Ἰερουσαλήμο
2640 5446 2731 5498 καὶ
2762 5446 2812 5498 οί
2859 5444 3016 5507 πόδες
3059 5436 3204 5496 οὗτοι
3241 5445 3287 5495 οἱ
3332 5439 3426 5493 νῦν
3480 5432 3712 5490 ἐνταῦθα

2151 5537 2265 5607 ἅμα
2310 5538 2435 5607 ὑμῖν
2471 5535 2802 5607 βαδίζοντες,
2854 5535 3084 5599 ἐστῶτές
3131 5551 3255 5588 ποτε
3311 5530 3601 5599 ἐτύγχανον
3655 5530 3711 5577 ὲν

2150 5635 2269 5695 ταῖς
2325 5632 2513 5694 αὐλαῖς
2573 5632 2955 5703 Ἰερουσαλήμ·
3009 5632 3132 5685 ὅθεν
3182 5626 3421 5699 ἀκριόῶς
3476 5622 3708 5686 εἰδότες,

556 5874 652 5959 (‘2‘)
705 5874 1146 5958 Ἑϐδομήκοντᾶ
1187 5890 1291 5943 ἔτι.
1336 5887 1425 5944 Sic
1462 5887 1588 5943 editi
1630 5905 1642 5941 :
1690 5898 1745 5940 ut
1799 5888 1938 5942 forte
1974 5886 2060 5953 legi

2168 5900 2250 5938 um
2274 5884 2343 5939 sit
2378 5883 2862 5949 ἐδδομηκονταετῆ.
2895 5882 3052 5936 Εοιτ.
