3968 6562
487 468 556 526 {5
1187 463 1454 521 EUSEBII
1492 464 1959 522 CESARIENSIS
1995 466 2144 523 OPP.
2180 466 2363 527 PARS
2398 471 2487 528 Ill.
2524 504 2594 515 —
2630 473 3039 534 EXEGETICA.
3651 488 3717 544 18

485 588 799 643 concinens.
826 585 994 642 Porro
1020 587 1092 641 ita
1123 588 1366 643 seniores
1387 589 1581 643 docent
1601 588 2030 643 adolescentulos

2155 591 2308 658 νέους
2331 595 2381 647 οί
2421 596 2805 666 γεγηρακότες,
2846 599 2940 651 καὶ
2970 600 3019 652 οἱ
3054 588 3292 671 μαθηταὶ
3320 600 3713 659 ὑπακούουσινο

483 681 573 750 qui
617 680 1003 750 discipulorum
1037 679 1209 734 instar
1241 682 1568 735 auscultant.
1611 680 1793 736 lsraeli
1842 692 2047 747 autem,

486 776 650 828 Deum
699 774 836 827 intra
891 787 949 827 se
998 772 1318 840 possidenti,
1358 773 1537 827 dicere
1592 773 1885 844 congruit:
1925 772 2047 827 Nisi

482 865 738 919 Dominus
813 864 999 933 [uisset
1061 865 1117 916 in
1176 864 1345 919 nobis.
1414 863 1732 935 Hujusmodi
1779 872 1897 919 eral
1947 865 2047 920 sub

483 958 666 1026 Moyse
742 954 952 1021 Israel,
1019 955 1104 1009 cui
1176 955 1509 1009 dicebatur:
1566 953 1697 1021 Sile,
1750 966 1798 1011 et
1868 956 2043 1022 audi,

480 1046 674 1102 Israel.
723 1048 981 1103 Dominus
1041 1064 1135 1117 pro
1182 1049 1323 1102 vobis
1373 1050 1657 1119 pugnabit,
1697 1060 1743 1103 et
1798 1065 1883 1102 vos
1925 1048 2045 1102 sile-

481 1140 604 1193 bitis
637 1139 676 1192 ⁸.

656 1232 818 1286 Vsus.
846 1231 901 1286 3.
937 1230 1185 1287 Fortasse
1212 1234 1350 1287 vivas
1395 1232 1733 1302 deglutissent
1761 1250 1875 1288 nos.

545 1320 888 1376 Calamitatis
925 1332 1157 1391 tempus,
1183 1323 1430 1391 quamvis
1455 1323 1527 1377 sit
1556 1323 1866 1385 vehemens,
1898 1322 2043 1377 nihi-

479 1412 715 1467 lominus
745 1413 1006 1466 torrentis
1041 1413 1214 1467 instar
1256 1414 1419 1468 breve
1449 1422 1551 1468 est.

757 1502 917 1558 Vens.
950 1502 1001 1557 6.
1034 1503 1349 1558 Benedictus
1375 1504 1650 1570 Dominus,
1688 1514 1796 1563 etc.

546 1597 722 1665 Quem
748 1612 877 1651 vero
905 1596 1125 1651 laudare
1154 1598 1477 1667 bymnisque
1511 1599 1791 1654 celebrare
1831 1590 2041 1667 oporte-

475 1689 588 1753 bat,
615 1696 900 1759 propterea
952 1688 1092 1753 quod
1115 1689 1307 1755 praeda:
1330 1705 1434 1744 non
1460 1687 1720 1744 fuerimus
1736 1691 2039 1746 hominibus

475 1785 564 1852 qui
602 1783 869 1852 deglutire
897 1797 994 1836 nos
1019 1780 1295 1846 volebant,
1330 1782 1431 1836 nisi
1470 1782 1750 1837 Dominum
1777 1783 1865 1853 qui
1899 1783 2038 1852 apud

474 1888 576 1929 nos
609 1874 736 1927 est?
775 1872 966 1941 Utique
995 1871 1069 1925 illi
1101 1873 1167 1926 ad
1206 1882 1487 1940 capturam
1522 1884 1757 1927 nostram
1798 1886 2035 1940 ruentes,

2165 682 2378 755 Ἰσραὴλ
2415 684 2471 738 δὲ
2503 686 2596 739 τοῦ
2649 686 2862 758 ἔχοντος
2898 691 2956 743 ὲν
2997 691 3172 762 ἑαυτῷ
3212 692 3303 745 τὸν
3337 693 3488 758 Θεὸν,
3522 697 3583 749 τὸ
3622 696 3715 750 δύο

2149 771 2339 826 νασθαι
2362 772 2558 843 λέγειν’
2575 778 2645 829 Εὶ
2664 777 2750 846 μὴ
2780 777 2865 831 ὅτι
2893 776 3105 848 Κύριος
3130 778 3208 852 ἦν
3232 783 3301 835 ἐν
3322 784 3483 853 ἡμῖν.
3529 786 3716 842 Τοιοῦ-

2145 877 2236 926 τος
2264 858 2332 933 ἦν
2364 866 2392 916 6
2432 866 2534 919 ὑπὸ
2578 869 2855 932 Μωῡσέως
2891 870 3181 941 γενόμενος
3238 872 3472 946 Ἰσραὴλ,
3511 869 3555 946 ᾧ
3602 879 3717 933 ἐλέ-

2145 971 2270 1023 γετο
2288 972 2301 984 ·
2332 955 2548 1021 Σιώπα,
2572 959 2669 1012 καὶ
2698 958 2900 1024 ἄκουε,
2942 960 3209 1030 Ἰσραήλο
3240 965 3338 1019 καὶ
3366 962 3580 1034 Κύριος
3607 982 3715 1021 πο-

2144 1043 2393 1114 λεμήσει
2425 1046 2577 1115 ὑπὲρ
2602 1048 2789 1118 ὑμῶν,
2826 1050 2925 1104 καὶ
2954 1051 3122 1121 ὑμεῖς
3152 1054 3503 1124 σιγηξσεσθε.

2430 1229 2568 1296 Ἄρα
2598 1226 2817 1296 ζῶντας
2842 1231 2918 1285 ἂν
2941 1232 3225 1288 κατέπιον
3254 1233 3429 1305 ἡμᾶς.
3512 1262 3517 1265 -

2212 1314 2321 1368 Καὶ
2372 1318 2400 1369 6
2439 1320 2821 1390 περιστατικδς
2860 1320 2917 1374 δὲ
2964 1323 3172 1394 καιρὸς,
3224 1326 3273 1377 εἰ
3317 1326 3410 1378 καὶ
3462 1324 3710 1399 σφοδρὸς,

2142 1408 2277 1462 ἀλλὰ
2308 1411 2604 1483 χειμάρρου
2638 1412 2791 1486 δίκην
2829 1414 3204 1489 ὀλιγοχρόνιος.

2498 1504 2843 1573 Εὐλογητὸς
2868 1509 3101 1576 Κύριος,
3140 1526 3195 1563 κ.
3222 1526 3272 1563 τ.
3308 1509 3355 1563 λ.

2213 1591 2321 1643 Καὶ
2339 1593 2459 1645 τίνα
2489 1596 2730 1663 εὐλογεῖν
2764 1598 2857 1651 καὶ
2884 1599 3069 1669 ὑμνεῖν
3103 1599 3210 1653 ἔδει
3249 1602 3342 1654 ἐπὶ
3364 1601 3440 1673 τῷ
3468 1603 3542 1675 μὴ
3570 1603 3709 1658 ἁλῶ-

2140 1699 2226 1735 ναι
2262 1687 2374 1748 τοῖς
2435 1686 2779 1758 βουλομένοις
2827 1688 3033 1755 ζῶντας
3070 1697 3357 1747 καταπιεῖν
3406 1697 3554 1765 ἡμᾶς
3610 1698 3708 1751 ἀν-

2139 1772 2396 1845 θρώποις,
2429 1777 2459 1849 ἢ
2491 1780 2580 1832 τὸν
2624 1781 2823 1851 Κύριον
2854 1783 2944 1835 τὸν
2971 1783 3098 1836 ὅντα
3122 1776 3180 1838 ἐν
3211 1786 3375 1857 ἡμῖν;
3412 1789 3474 1839 Ol
3514 1787 3606 1840 ἐπὶ
3647 1788 3709 1841 τὸ

2140 1865 2399 1937 θηρεῦσαι
2429 1870 2574 1939 ἡμᾶς
2602 1871 2963 1943 ὁρμήσαντες,
2995 1874 3081 1927 ἵνα
3118 1877 3503 1945 καταφάγωσιν
3538 1878 3705 1948 ἡμᾶς,

473 1972 533 2016 ιιι
561 1978 659 2016 nos
685 1962 1029 2024 devorarent,
1071 1960 1297 2015 consilia
1349 1975 1446 2015 sua
1499 1963 1727 2030 exsequi
1769 1962 1907 2016 haud
1946 1978 2035 2032 po-

2150 1957 2197 2008 )ύ
2238 1957 2545 2030 δεδύνηνται
2580 1961 2655 2025 ὡς
2682 1961 2937 2017 ἔσπευδον
2984 1965 3274 2020 διαθεῖναι·
3318 1966 3709 2040 ὲξηγριωμένοι

477 2058 717 2106 luerunt.
770 2048 1091 2117 Exasperati
1141 2049 1284 2103 enim
1338 2050 1543 2103 crudeli
1592 2052 1774 2107 animo
1830 2052 2034 2118 leones,

471 2142 727 2196 dentibus
754 2142 866 2195 suis
894 2157 991 2195 nos
1021 2155 1217 2210 capere
1246 2139 1516 2205 avebant;
1544 2143 1638 2197 sed
1672 2153 1847 2197 tamen
1873 2159 2037 2211 scopo

472 2246 573 2286 suo
604 2230 767 2302 potiri
798 2230 1179 2301 nequiverunt,
1212 2230 1353 2284 haud
1378 2246 1475 2285 nos
1508 2232 1612 2287 illis
1644 2224 1888 2287 tradente
1932 2235 2036 2289 Do'

473 2324 619 2377 mino
651 2341 664 2377 :
696 2324 781 2377 cui
811 2326 975 2377 etiam
1004 2322 1397 2388 benedicimus,
1425 2323 1515 2392 qui
1546 2339 1644 2378 nos
1674 2339 1703 2377 a
1735 2316 2037 2383 furentibus

466 2415 721 2470 hostibus
742 2413 1001 2467 liberavit.

954 2505 1275 2561 PSALMUS
1313 2502 1548 2560 CXXIV.

752 2598 913 2653 Vens.
945 2598 998 2652 9..
1037 2597 1237 2652 Montes
1270 2600 1325 2653 in
1365 2600 1589 2652 circuitu
1618 2598 1753 2669 ejus.

528 2689 661 2746 διιωο
694 2690 850 2745 aiunt
879 2692 969 2760 qui
1012 2692 1167 2761 longa
1203 2705 1423 2745 emensa
1464 2691 1545 2743 via
1591 2692 1663 2744 ad
1696 2690 2035 2745 matcrialem

456 2781 762 2838 Jerusalem
805 2783 1006 2838 reversi
1053 2791 1213 2848 sunt,
1265 2797 1360 2835 ceu
1404 2780 1517 2847 jam
1560 2780 1613 2834 in
1665 2790 1779 2836 tuto
1824 2782 2034 2836 consti-

468 2876 589 2942 tuti,
623 2890 722 2930 nec
753 2884 859 2928 tam
884 2877 1001 2929 loco
1030 2890 1191 2945 quam
1220 2873 1415 2928 ﬁducia
1446 2888 1572 2944 erga
1606 2872 1895 2927 Dominum
1920 2873 2035 2927 ala-

458 2982 624 3030 cres;
658 2966 803 3035 quod
828 2982 956 3021 sane
984 2966 1180 3020 melius
1210 2974 1293 3019 est
1320 2980 1481 3035 quam
1517 2964 1665 3018 urbis
1695 2965 2031 3020 Hierusalem

465 3058 752 3115 iucolatus.
778 3057 1048 3111 Praeterea
1084 3056 1304 3109 ubinam
1342 3056 1535 3110 melius
1567 3070 1630 3109 se
1677 3055 1902 3111 haberet
1937 3072 2033 3125 po-

464 3148 661 3218 pulus?
702 3148 835 3202 Nam
872 3148 1045 3203 locum
1072 3148 1289 3216 quidem
1315 3147 1673 3202 circumstare
1708 3159 1915 3204 montes
1943 3150 2029 3204 bic

464 3242 755 3307 dicuntur;
805 3240 985 3312 populi
1029 3249 1233 3305 autem,
1281 3238 1436 3308 cujus
1462 3255 1625 3295 causa
1663 3242 1828 3295 etiam
1877 3242 2028 3299 locus

464 3332 786 3397 honoratur,
821 3349 943 3388 vere
972 3332 1118 3389 Deus
1148 3342 1230 3389 est
1272 3344 1478 3400 custos,
1506 3333 1775 3405 simulque
1823 3335 1950 3404 loci,
1981 3340 2025 3392 si

464 3428 623 3482 modo
653 3427 877 3495 populus
906 3426 1098 3495 dignus
1130 3425 1311 3480 fuerit.

566 3517 723 3572 Vens.
757 3516 809 3573 5.
856 3516 1090 3598 Abducet
1129 3515 1384 3598 Dominus
1423 3532 1544 3570 cum
1596 3521 1932 3587 aperantibus

1071 3595 1420 3655 iniquitatem.

539 3674 773 3731 Verbum
805 3676 1025 3730 abducet
1052 3675 1143 3731 hic
1175 3677 1447 3746 signiﬁcat
1481 3680 1687 3744 tradet;
1719 3694 1909 3751 nempe
1937 3684 2029 3736 ab-

463 3769 623 3822 ducet
651 3769 702 3823 iu
736 3768 1135 3823 immunditiam
1160 3783 1320 3837 quam
1351 3768 1456 3823 sibi
1491 3769 1791 3837 elegerunt,
1822 3772 1875 3826 in
1906 3788 2030 3843 pas-

460 3864 640 3917 siones
680 3862 998 3932 ignominia:
1028 3863 1422 3933 reprobamque
1463 3871 1731 3927 mentem,
1765 3874 1824 3918 ut
1868 3877 2031 3936 agant

460 3974 578 4029 qua:
610 3960 830 4013 minime
856 3967 1090 4029 oportet.

955 4050 1077 4104 PSA
1091 4051 1274 4108 LMUS
1322 4052 1534 4109 CXXV.

462 4139 621 4196 Vens.
655 4142 705 4195 l.
732 4139 862 4194 Cum
895 4154 1209 4196 converteret
1238 4141 1491 4196 Dominus
1513 4144 1863 4211 captivitatem
1880 4142 2026 4197 Sion.

526 4234 772 4303 Apostoli
805 4235 1175 4289 vmicinantur
1203 4235 1316 4288 haec
1349 4236 1419 4288 de
1451 4249 1509 4290 se
1540 4236 1741 4288 dictum
1780 4236 1845 4289 iri
1874 4245 1925 4291 et
1964 4237 2030 4288 de

454 4328 743 4394 gentibus;
795 4328 989 4382 deinde
1040 4343 1129 4381 res
1160 4337 1451 4381 eventuras
1506 4327 1701 4381 semini
1750 4335 1804 4380 et
1845 4326 2027 4380 messi.

456 4416 615 4473 Certe
647 4416 868 4473 Davidis
904 4428 1147 4487 tempore
1175 4418 1317 4473 nulla
1352 4418 1641 4488 captivitas
1665 4415 1801 4485 fuit;
1835 4433 2028 4487 quam-

2138 2049 2245 2122 γὰρ
2278 2052 2325 2103 οἱ
2350 2050 2630 2123 ὠμόθυμοι
2669 2054 2877 2119 λέοντες
2904 2060 3017 2120 τοῖς
3047 2057 3256 2111 ὀδοῦσιν
3294 2058 3471 2111 αὐτῶν
3509 2058 3705 2130 θηρεῦ-

2139 2157 2227 2194 σαι
2263 2144 2407 2213 ἡμᾶς
2447 2144 2748 2215 ἐγλίχοντο·
2796 2146 2909 2199 ἀλλ’
2948 2148 3047 2201 οὐκ
3091 2150 3353 2219 ἐπέτυχον
3400 2149 3494 2203 τοῦ
3538 2167 3707 2204 σπου-

2136 2233 2451 2305 δαςομένου,
2494 2237 2567 2308 μὴ
2608 2237 2787 2301 δόντος
2820 2240 2968 2309 ἡμᾶς
3007 2238 3102 2292 τοῦ
3137 2240 3340 2312 Κυρίου
3363 2258 3376 2270 ·
3402 2239 3461 2293 ὃν
3491 2242 3585 2294 καὶ
3612 2242 3705 2294 εύ-

2137 2323 2398 2397 λογοῦμεν
2451 2328 2753 2399 ῥυσάμενον
2799 2330 2945 2400 ἡμᾶς
2991 2329 3097 2382 ἀπὸ
3141 2329 3249 2382 τῶν
3303 2330 3536 2399 φονικῶν
3583 2330 3706 2384 καθ’

2138 2414 2171 2485 ἡ
2179 2414 2292 2485 μῶν
2317 2415 2687 2472 διατεθέντων.

2665 2510 2955 2565 ΨΑΛΜΟΣ
2983 2513 3151 2565 ΡΚΔ’.

2612 2604 2751 2671 Ὄρη
2783 2604 2984 2667 κύκλῳ
3009 2603 3219 2672 αὐτῆς.

2206 2690 2390 2746 Ταῦτά
2426 2710 2595 2767 φασιν
2640 2695 2689 2746 οἱ
2735 2693 2878 2764 μετὰ
2923 2695 3020 2766 τὴν
3058 2696 3275 2767 μακρὰν
3321 2697 3705 2762 ἐπανελθόντες

2133 2782 2437 2854 ὁδοιπορίαν
2485 2785 2576 2837 ἐπὶ
2606 2784 2705 2858 τὴν
2744 2785 3009 2857 αἰσθητὴν
3067 2787 3443 2861 Ἰερουσαλὴμ,
3491 2791 3567 2855 ὡς
3601 2792 3703 2863 ἤδη

2135 2873 2316 2926 λοιπὸν
2360 2875 2418 2928 ὲν
2450 2876 2716 2948 ἀσφαλείᾳ
2765 2878 3065 2948 γενόμενοι,
3096 2881 3156 2933 οὐ
3206 2880 3284 2952 τῷ
3326 2884 3496 2952 τόπῳ,
3535 2885 3601 2954 τῇ
3648 2883 3704 2937 δὲ

2135 2965 2454 3037 πεποιθήσει
2500 2967 2593 3020 τοῦ
2635 2968 2839 3040 Κυρίου
2894 2968 3242 3041 θαῤῥοῦντες’
3290 2973 3422 3046 δηδὴ
3459 2976 3703 3046 κρεῖττον

2132 3059 2225 3111 τοῦ
2253 3064 2525 3113 κατοικεῖν
2575 3062 2960 3136 Ἰερουσαλήμ·
2998 3067 3093 3119 καὶ
3129 3067 3252 3120 ἐπεὶ
3308 3068 3467 3122 τοῦτο
3486 3068 3563 3138 (5)
3598 3068 3701 3121 ποῦ

2135 3152 2395 3220 κρείττων
2444 3148 2511 3224 ἦν
2553 3154 2580 3206 ὁ
2625 3153 2783 3219 λαός;
2827 3156 2918 3209 τοῦ
2970 3157 3069 3227 μὲν
3116 3157 3281 3211 τόπου
3333 3159 3432 3229 ὄρη
3486 3159 3702 3227 λέγεται

2133 3246 2343 3316 κύκλῳο
2389 3247 2487 3300 τοῦ
2519 3248 2575 3300 δὲ
2616 3247 2766 3315 λαοῦ,
2799 3249 2864 3303 δι’
2899 3249 2957 3302 ὃν
2990 3252 3083 3303 καὶ¹
3121 3252 3149 3303 6
3188 3250 3349 3314 τόπος
3390 3253 3699 3323 τετίμηται,

2131 3335 2298 3400 ὅντως
2330 3339 2359 3390 6
2384 3336 2534 3403 Θεὸς,
2573 3340 2601 3391 6
2634 3341 2727 3392 καὶ
2758 3338 2849 3393 τὸν
2880 3339 3042 3394 τόπον
3072 3340 3374 3410 φυλάττων,
3422 3341 3510 3394 ὅτε
3549 3340 3701 3408 ἄξιος

2129 3428 2157 3480 6
2190 3427 2334 3491 λαός.

2144 3517 2382 3583 Ἀπάξει
2435 3520 2647 3587 Κύριος
2717 3520 2869 3645 μὲτὰ
2932 3520 3054 3644 [tam
3119 3521 3517 3592 ἐργαζομένων
3584 3522 3703 3592 τὴν

2816 3608 2927 3645 νοιι
2953 3609 3049 3645 αν.

2816 3608 3049 3660 νομιαν.

2202 3679 2276 3733 Τό
2317 3679 2551 3746 ἀπάξει,
2590 3681 2648 3735 τὸ
2670 3683 3009 3751 παραδώσει
3041 3684 3215 3755 δηλοῖ·
3236 3688 3313 3750 είς
3343 3687 3439 3759 τὴν
3454 3685 3699 3755 ἀκαθαρο

2132 3772 2250 3825 σίαν
2287 3774 2353 3843 ἢν
2387 3773 2607 3838 εἴλοντο,
2640 3776 2719 3839 εἰς
2772 3776 2919 3848 πάθη
2950 3795 3011 3831 τε
3055 3780 3277 3851 ἀτιμίας
3313 3782 3403 3834 καὶ
3445 3780 3701 3851 ἀδόκιμον

2130 3863 2272 3928 νοῦν,
2308 3866 2477 3917 ποιεῖν
2511 3864 2579 3916 τὰ
2606 3865 2679 3937 μὴ
2709 3865 3039 3936 καθήκοντα.

2657 4045 2951 4098 ΨΑΛΜΟΣ
2983 4035 3155 4098 ΡΚΕ’.

2143 4134 2237 4186 Ἐν
2252 4133 2330 4200 τῷ
2349 4134 2702 4203 ἐπιστρέψαι
2724 4137 2944 4204 Κύριον
2961 4136 3075 4204 τὴν
3098 4138 3509 4206 αἰχμαλωσίαν
3532 4137 3698 4192 Σιών.

2200 4228 2264 4279 Οἱ
2308 4228 2594 4281 ἀπόστολοι
2642 4228 2814 4283 ταῦτα
2860 4227 3292 4300 προφητεύονται
3342 4228 3515 4295 λέξειν
3569 4234 3701 4302 περὶ

2131 4320 2334 4373 ἑαυτῶν
2365 4320 2587 4375 καὶτῶν
2615 4322 2671 4375 ὲν
2700 4324 2810 4385 τοῖς
2843 4320 3041 4387 ἔθνεσι,
3078 4322 3172 4375 καὶ
3205 4323 3341 4394 μετὰ
3368 4324 3539 4377 ταῦτα
3566 4325 3703 4378 ἀπο-

2131 4412 2409 4480 φανεῖσθαι
2440 4416 2569 4487 περ“ι
2598 4413 2797 4485 σπόρου
2830 4414 2925 4467 καὶ
2956 4413 3241 4485 θερισμοῦ’
3273 4414 3414 4468 κατὰ
3448 4416 3572 4480 τοὺς
3603 4413 3701 4468 τοῦ

457 4510 647 4564 obrem
680 4511 746 4565 de
784 4510 1013 4580 spiritali
1054 4509 1290 4565 fortasse
1335 4524 1516 4565 sermo
1551 4518 1656 4563 est.
1703 4508 1854 4563 Alius
1886 4510 2029 4565 dicet

2150 4505 2290 4558 ὶαὸὶδ
2317 4506 2539 4578 χρόνους
2571 4508 2670 4560 οὐκ
2695 4502 2761 4578 ἦν
2794 4509 2826 4579 ἠ
2863 4506 3207 4579 αἱχμαλωσία
3230 4523 3243 4537 ·
3276 4507 3418 4576 τάχα
3449 4503 3541 4561 οὖν
3575 4508 3703 4579 περ’.

455 4604 570 4657 haec
601 4602 917 4671 prophetice
949 4602 1249 4670 signiﬁcari
1284 4601 1487 4656 futura.
1515 4599 1719 4670 Nempe
1754 4600 2025 4671 aliquanta

2150 4599 2230 4669 πῆς
2258 4600 2453 4670 νοητῆς
2474 4600 2650 4653 ταῦτά
2677 4616 2839 4670 φησιν
2860 4618 2872 4630 ·
2897 4603 3012 4670 ἐρεῖ
3027 4600 3083 4652 δὲ
3114 4598 3291 4662 ἀλλος,
3322 4599 3403 4651 ὅτι
3436 4616 3705 4671 προφητι-

452 4694 791 4764 captivorum
828 4710 953 4765 pars
989 4692 1263 4764 Babylone
1313 4693 1508 4758 redux,
1573 4700 1890 4761 recuperata
1928 4689 2023 4746 Je-

2150 4690 2239 4755 ιῶς
2266 4690 2327 4744 τὸ
2360 4690 2548 4762 μέλλον
2581 4691 2832 4762 δηλοῦται
2862 4692 2979 4763 (5⁸).
2998 4722 3066 4731 —
3086 4689 3263 4761 Μέρος
3290 4706 3343 4742 τι
3372 4691 3472 4759 τῆς
3498 4692 3704 4761 αἰχμα-

455 4787 711 4852 rusalem,
752 4789 819 4841 de
866 4788 934 4842 iis
966 4788 1057 4857 qui
1091 4785 1359 4857 Babylone
1409 4792 1801 4850 remanserant,
1847 4784 2023 4839 canti—

2150 4782 2329 4847 uoolag
2358 4784 2649 4837 ὲπανελθὸν
2671 4783 2781 4837 ἀπὸ
2807 4784 2907 4854 τῆς
2938 4782 3276 4850 Βαϐυλῶνος,
3307 4784 3401 4837 καὶ
3430 4783 3703 4836 ἀπολαὸὸν

449 4895 575 4934 cum
609 4881 709 4934 hoc
744 4895 849 4933 non
886 4879 1005 4933 sine
1032 4879 1173 4933 bona
1206 4877 1613 4946 exspectatione
1656 4877 1766 4931 Deo
1791 4875 2020 4931 extollit.

2150 4878 2227 4950 τὴν
2267 4879 2637 4951 Ἰερουσαλὴμ,
2673 4880 2800 4949 περὶ
2832 4878 2939 4932 τῶν
2985 4878 3394 4948 ἁπομεινάντων
3436 4878 3493 4928 ὲν
3527 4875 3705 4928 Βαϐυ-

448 4971 615 5026 Aiunt
635 4986 764 5041 ergo
794 4970 1029 5025 nondum
1058 4985 1216 5025 suum
1242 4968 1498 5040 gaudium
1516 4981 1636 5023 esse
1661 4967 2023 5037 completum;

2150 4970 2258 5023 uIJVt
2286 4970 2383 5041 τὴν
2412 4971 2774 5042 προκειμένην
2969 4970 3053 5021 ἐπ’
3086 4967 3317 5037 ἀγαθαῖς
3360 4966 3705 5038 προσδοκίαις

449 5066 568 5121 fore
599 5076 804 5129 autem,
839 5078 962 5119 cum
992 5062 1244 5117 universa
1271 5063 1419 5117 natio
1457 5076 1528 5116 ex
1573 5060 1757 5117 hostili
1805 5059 2025 5129 regione

2150 5061 2442 5132 ὶναπέμπει
2466 5077 2483 5095 ⁶
2526 5063 2660 5129 φασὶ
2702 5062 2758 5114 δὲ
2781 5102 2795 5125 ,
2832 5064 2913 5115 ὅτι
2941 5060 3093 5114 οὔπω
3133 5060 3228 5130 μὲν
3258 5057 3478 5121 τελείως
3504 5056 3573 5111 τὰ
3602 5057 3704 5125 τῆς

448 5160 517 5213 ad
551 5158 827 5226 propriam
874 5156 1113 5215 redierit.
1166 5153 1317 5208 Hauc
1357 5153 1616 5208 nimirum
1654 5151 1757 5207 loci
1803 5163 2021 5207 senten-

2150 5153 2404 5226 ιιμετέρας
2434 5156 2609 5225 χαρᾶς
2645 5154 3031 5224 πεπλήρωται·
3065 5152 3218 5204 ἔσται
3246 5150 3303 5203 δὲ
3336 5149 3495 5202 τοῦτο
3527 5150 3613 5202 ὅτε
3643 5148 3705 5201 τὸ

451 5252 581 5304 tiam
614 5250 807 5319 reliqui
833 5251 1155 5313 interpretes
1192 5246 1427 5300 sistunt:
1467 5260 1590 5300 nam
1618 5258 1738 5312 pro.
1769 5242 1898 5310 [acti
1929 5258 2023 5294 su-

2150 5244 2240 5296 τᾶν
2281 5241 2432 5307 ἔθνος
2469 5244 2582 5296 ἀπὸ
2622 5244 2717 5314 τῆς
2767 5243 3027 5313 πολεμίας
3071 5242 3163 5294 ἐπὶ
3208 5242 3308 5311 τὴν
3355 5239 3560 5294 οἰκείαν
3600 5239 3704 5307 γῆν

448 5360 566 5398 mus
588 5344 722 5396 sicut
763 5342 1055 5405 consolati,
1099 5338 1442 5394 concorditer
1473 5352 1663 5391 omnes
1701 5337 1889 5389 aiunt:
1935 5333 2023 5402 fa-

2150 5336 2396 5408 .πανέλθῃ
2415 5353 2428 5367 ο
2456 5337 2658 5409 ταύτην
2686 5337 2742 5391 δὲ
2770 5338 2868 5409 τὴν
2897 5337 3135 5390 διάνοιαν
3167 5334 3495 5406 παρίστησιν
3529 5332 3562 5401 ἠ
3594 5330 3705 5382 τῶν

448 5436 521 5488 cti
543 5451 724 5488 sumus
763 5438 909 5504 quasi
941 5434 1295 5493 somniantes;
1334 5446 1437 5484 non
1470 5439 1649 5483 autent
1683 5442 1811 5481 vera
1857 5425 2021 5479 liber-

2150 5430 2327 5483 .omd'w
2355 5429 2618 5501 ἑρμηνεία
2640 5447 2653 5460 ο
2672 5431 2792 5483 ἀντὶ
2819 5430 2926 5501 γὰρ
2951 5427 3066 5493 τοῦ,
3091 5426 3456 5498 ἐγενήθημεν
3490 5423 3568 5487 ὡς
3594 5438 3706 5491 πᾳ·-

446 5536 613 5583 tatem
678 5536 921 5582 nostram
967 5527 1176 5581 visione
1239 5532 1563 5593 spectantes.
1626 5518 1798 5574 Porro
1846 5517 2020 5571 instar

2150 5522 2570 5588 θακεκλημένοι,
2591 5520 2891 5592 συμφώνως
2924 5522 2975 5573 οἱ
2995 5520 3193 5584 πάντες
3226 5513 3707 5587 φασὶν,ἐγ·ενήθη-

445 5635 589 5675 verae
616 5619 1026 5688 perspicuaeque
1050 5616 1272 5672 visionis
1294 5614 1396 5670 erit
1424 5614 1605 5667 laalitia
1634 5620 1842 5677 nostra,
1870 5617 2017 5679 post-

2150 5628 2235 5663 ter
2261 5612 2341 5677 ὡς
2375 5614 2877 5684 ἐνυπνιαζόμενοι,
2904 5613 3017 5668 ἀλλ’
3051 5614 3149 5683 οὐχ
3189 5611 3335 5680 ῦπαρ
3360 5606 3456 5679 τὴν
3485 5604 3703 5659 ἐλευθε-

530 5716 552 5745 ⁶
588 5714 757 5769 Exod.
791 5729 904 5781 xlv,
946 5714 1035 5767 Η.

520 5813 598 5880 (3)
654 5810 807 5865 Ἐπεὶ
859 5809 1063 5880 τοῦτο,
1126 5808 1397 5876 lnterpres
1442 5806 1641 5877 legisse
1689 5805 1907 5860 videtur
1955 5803 2048 5880 Eni.
2217 5803 2317 5880 (ῥ’)
2356 5800 2638 5856 Nonnullis
2671 5800 2954 5880 Patribus,
2993 5795 3447 5880 quigradualium
3477 5806 3696 5880 quoque

448 5870 654 5953 τούτῷ,
704 5882 786 5937 vel
832 5884 924 5933 ἐπὶ
976 5879 1225 5943 τούτοις,
1273 5870 1331 5931 ut
1383 5886 1437 5932 et
1489 5870 1758 5933 sententia
1813 5876 2035 5947 postulat

2150 5870 2477 5953 psalmorum
2536 5883 2815 5953 auctorem
2896 5871 3152 5926 Davidem
3223 5870 3700 5926 existimaverunt,

455 5941 616 6009 um;
642 5941 651 5946 ’
1214 5941 1219 5943 “
1815 5941 1829 5947 ⁷
2151 5941 2299 5999 nunc
2334 5946 2562 6002 addatur
2589 5941 2873 5998 Eusebius.
