3968 6556
327 422 405 476 l7
1469 419 1971 476 COMMENTARIA
2010 420 2077 475 1N
2117 416 2455 475 PSALMOS.
3519 416 3586 472 18

322 544 467 609 ρίαν
495 542 649 613 ήμῶν
694 541 1119 614 φανταζόμενοι·
1155 542 1306 596 ἔσται
1343 543 1397 595 δὲ
1440 542 1588 615 ὕπαρ
1621 544 1714 597 καὶ
1764 544 1921 613 ἐναρ-

2035 558 2188 609 quam
2225 540 2416 610 reliqui
2468 552 2681 610 quoque
2722 537 2918 591 fratres
2968 536 3137 592 nostri
3191 552 3219 591 a
3272 536 3587 606 captivitate

319 633 442 703 τὴς
461 632 613 702 ήμῶν
636 633 668 702 ἡ
688 632 853 704 χαρὰ,
874 632 1094 687 ἐπειδὰν
1121 632 1213 685 καὶ
1240 633 1289 684 οἰ
1316 631 1493 686 λοιποὶ
1519 632 1675 703 ήμῶν
1699 631 1915 701 ἀδελφοὶ

320 724 451 777 ἀπὸ
488 724 585 792 τῆς
626 723 1005 794 αἰχμαλωσίας
1057 722 1441 777 ἐπανέλθωσιν·
1497 724 1581 792 ἐφ’
1624 717 1668 791 ᾧ
1709 725 1804 777 καὶ
1847 722 1916 777 τὰ

322 813 466 885 ἔθνη
505 812 870 888 μακαριοῦσιν
905 814 1074 885 ἡμᾶς,
1099 815 1176 878 ὡς
1202 815 1309 870 [δια
1334 814 1466 887 μέλη
1496 817 1911 888 κομισαμένους·

323 904 392 957 ἓν
424 906 533 977 γὰρ
560 907 620 959 τὸ
645 905 808 977 σῶμα
838 907 947 961 τῶν
979 907 1320 978 σωζομένων.

525 996 663 1049 Τότε
692 996 972 1064 ἐπλήσθη
1006 995 1193 1064 χαρᾶς
1221 995 1287 1048 τὸ
1321 995 1515 1064 στόμα
1548 995 1739 1065 ἡμῶν.

406 1084 550 1147 Τοὺς
577 1084 843 1152 λέγοντας
875 1087 951 1158 (4)
982 1088 1051 1141 τά
1090 1088 1210 1143 θεῖα
1257 1089 1341 1159 ἐφ’
1376 1084 1457 1153 οἷς
1502 1088 1715 1162 καρπός
1758 1089 1919 1144 πνεύ-

327 1190 532 1243 ματος,
571 1177 717 1247 χαρά
763 1179 874 1240 τοῖς
920 1178 1210 1231 ἀκούουσιν
1240 1180 1301 1232 τὸ
1348 1180 1447 1250 μὲν
1492 1180 1665 1251 στόμα
1710 1181 1918 1250 γίνεται

325 1268 433 1319 καὶ
475 1268 769 1340 ἐπληρώθη
822 1272 1029 1339 χαρᾶς,
1078 1272 1110 1341 ἡ
1159 1271 1216 1324 δὲ
1265 1271 1484 1340 γλῶσσα
1523 1256 1917 1341 ἀγαλλιάσεως,

326 1359 429 1425 ἀφ’
457 1352 534 1412 ὧν
569 1362 655 1429 ῥεῖ
682 1360 825 1430 χαρά
852 1362 945 1413 καὶ
973 1361 1292 1430 ἀγαλλίασις
1310 1380 1322 1393 ·
1363 1363 1567 1418 τούτων
1599 1365 1655 1418 δὲ
1701 1365 1917 1437 γινομέ-

326 1467 463 1515 νων,
494 1452 545 1503 οἰ
574 1451 684 1504 ἀπὸ
717 1451 824 1504 τῶν
862 1452 1032 1505 ἐθνῶν
1064 1453 1437 1525 διδασκόμενοι
1468 1454 1919 1528 λέγουσιν·⁹Εμε-

324 1543 533 1609 γάλυνε
582 1542 788 1615 Κύριος
827 1544 921 1598 τοῦ
963 1545 1186 1616 ποιῆσαι
1238 1548 1355 1618 μετ’
1389 1547 1600 1602 αὐτῶν·
1646 1548 1742 1602 καὶ
1791 1548 1919 1620 περὶ

328 1633 548 1687 ἑαυτῶν
578 1635 637 1687 δέ
660 1653 821 1704 φασιν
842 1636 1307 1707 εὐχαριστοῦντες·
1326 1639 1687 1709 Ἑμεγάλυνε
1704 1642 1919 1709 Κύριος

328 1724 446 1778 τοῦ
462 1724 716 1793 ποιῆσαι
737 1727 865 1796 μεθ’
882 1726 1069 1796 ἡμῶν·
1117 1729 1453 1800 ἐγενήθημεν
1481 1730 1913 1803 εὐφραινόμενοι.

343 1816 483 1870 Ἐπὶ
510 1816 607 1887 μὲν
624 1816 744 1870 τῶν
766 1817 1048 1887 ποταμῶν
1065 1817 1424 1885 Βαϐυλῶνος
1439 1820 1801 1891 ἐκαθίσαμεν
1820 1822 1919 1875 καὶ

2024 633 2223 687 fuerint
2269 632 2496 689 reversi.
2539 634 2711 698 Quam
2766 644 2879 683 rem
2928 638 3113 700 gentes
3166 643 3381 698 quoque
3431 627 3587 681 nobis

2021 725 2456 795 gratulabuntur,
2488 740 2584 780 ceu
2635 723 2725 794 qui
2768 723 3008 776 membra
3063 730 3245 775 nostra
3295 734 3586 788 recupera-

2021 818 2277 873 verimus.
2320 816 2500 875 Unum
2538 816 2739 888 quippe
2769 814 3099 869 salvatorum
3142 811 3421 866 hominum
3463 824 3587 866 cor-

2023 927 2121 981 pus
2152 921 2255 966 est.

2086 1000 2248 1055 Vens.
2285 1001 2341 1056 τὶ.
2375 998 2521 1054 Tunc
2556 998 2807 1068 repletum
2841 1007 2913 1051 est
2946 995 3139 1066 gaudio
3177 1010 3232 1047 os
3266 1003 3521 1047 nostrum.

2096 1094 2317 1159 Eorum,
2347 1094 2438 1163 qui
2466 1092 2650 1146 divina
2675 1091 3025 1161 eloquuntur,
3064 1089 3115 1141 in
3142 1088 3339 1155 quibus
3366 1087 3586 1154 spiritus

2025 1190 2230 1245 l'rnctus
2261 1196 2368 1252 est,
2398 1186 2650 1258 gaudium
2682 1184 3027 1239 audientibus
3054 1189 3203 1235 creat
3235 1195 3299 1233 ος
3331 1178 3585 1249 jucundi-

2028 1290 2136 1335 tate
2168 1279 2494 1341 redundans,
2527 1286 2582 1331 et
2616 1274 2796 1342 lingua
2828 1272 3019 1326 nilliuit
3046 1271 3427 1326 exsultatione.
3458 1267 3587 1333 Quae

2024 1385 2144 1425 cum
2194 1367 2306 1422 Iieri
2345 1376 2533 1437 gentes
2576 1372 2945 1435 cognoscunt,
2979 1363 3174 1415 aiunt:
3228 1359 3588 1430 Magniﬁcavit

2026 1458 2287 1514 Dominus
2335 1455 2516 1510 facere
2559 1469 2681 1508 eum
2714 1453 2813 1507 eis.
2849 1450 2961 1505 lmo
3003 1459 3057 1505 et
3098 1450 3165 1505 de
3206 1464 3265 1503 se
3294 1450 3424 1517 ipsis
3462 1462 3584 1503 cum

2025 1544 2319 1614 gratiarum
2382 1542 2596 1597 actione
2642 1540 2871 1595 dicunt:
2922 1538 3281 1609 Magniﬁcavit
3332 1536 3587 1591 Dominus

2027 1638 2196 1707 facere
2239 1636 2543 1699 nobiscum;
2580 1633 2808 1702 ideoque
2858 1632 3019 1686 laetati
3066 1646 3273 1687 sumus.
3316 1627 3385 1683 Et
3432 1644 3589 1699 super

2024 1730 2246 1799 ﬂumina
2276 1728 2493 1798 quidem
2524 1726 2809 1799 Babylonis
2848 1724 3036 1792 (Judati
3065 1723 3333 1794 inquiunt)
3362 1722 3588 1776 sedimus

2026 1837 2088 1873 ac
2117 1820 2354 1889 [ierimus
2381 1822 2441 1886 ";
2478 1834 2601 1875 cum
2628 1828 2810 1874 autem
2844 1816 2987 1872 Deus
3017 1816 3261 1886 captivos
3290 1815 3587 1880 revocavit,

327 1908 756 1977 ἐκλαύσαμεν·
796 1910 854 1962 ἐν
902 1909 959 1962 δὲ
1002 1908 1080 1980 τῷ
1106 1909 1428 1980 ἐπιπρέψαι
1461 1912 1552 1964 τὸν
1582 1910 1786 1983 Κύριον
1823 1913 1920 1984 τὴν

2035 1910 2273 1979 repletum
2305 1922 2381 1966 est
2414 1911 2611 1982 gaudio
2641 1926 2697 1964 os
2737 1922 2969 1963 nostrum
2993 1908 3032 1960 ⁸.
3067 1907 3282 1962 Similes
3310 1920 3471 1976 porro
3508 1906 3587 1958 lo-

330 2001 735 2071 αἰχμαλωσίαν,
765 1999 1043 2069 ἐπλήσθη
1078 2000 1265 2071 χαρᾶς
1314 2003 1375 2056 τὸ
1420 2004 1613 2073 στόμα
1643 2004 1917 2075 ἠμῶν(5)·

347 2093 547 2147 Ἔπὰν
571 2091 919 2162 ποιήσωμεν
947 2091 1028 2177 τῷ
1064 2094 1311 2163 στόματι
1354 2095 1640 2163 φυλακήν
1660 2113 1674 2126 ο
1721 2098 1815 2150 καὶ
1838 2096 1919 2160 τὸ,

331 2185 535 2253 Στόμα
566 2183 802 2238 δικαίου
848 2182 1076 2254 μελετᾷ
1125 2186 1382 2254 σοφίαν·
1441 2187 1535 2240 καὶ
1577 2188 1658 2249 τὸ,
1699 2188 1924 2257 Ἀνοιγε

331 2276 454 2328 σὸν
499 2279 718 2345 στόμα,
769 2276 932 2347 λέγει
991 2278 1166 2342 Θεός·
1214 2277 1308 2331 καὶ
1358 2278 1551 2348 ὅμοια·
1612 2279 1682 2333 Τὸ
1731 2282 1925 2349 στόμα

332 2365 508 2434 ἡμῶν
525 2367 753 2437 ἀνέῳτο
773 2367 925 2435 πρὸς
944 2365 1121 2437 ὑμᾶς,
1147 2369 1470 2437 Κορίνθιοι·
1498 2369 1618 2423 τότε
1640 2369 1925 2439 ἀληθεύον-

330 2474 426 2521 τες
451 2459 701 2529 φήσομεν
718 2476 731 2489 ·
756 2459 891 2512 Τότε
912 2457 1191 2527 ἐπλήσθη
1214 2459 1403 2528 χαρᾶς
1426 2460 1493 2513 τὸ
1516 2462 1708 2528 στόμα
1733 2460 1919 2530 ἡμῶν.

334 2550 447 2603 Καὶ
481 2552 600 2620 μετ’
634 2550 811 2619 ὀλίγα·
865 2550 1036 2605 Ἕπάν
1073 2550 1129 2604 δέ
1187 2551 1510 2623 φυλάξωμεν
1532 2553 1629 2616 τὰς
1657 2552 1808 2616 ὁδοὺς
1828 2553 1922 2606 τοῦ

337 2642 413 2709 μὴ
449 2642 809 2713 ἁμαρτάνειν,
835 2642 955 2695 τότε
1004 2641 1423 2714 πληρωθήσεται
1450 2646 1482 2715 ή
1516 2642 1737 2713 γλῶσσα
1766 2644 1922 2715 ἡμῶν

333 2731 747 2799 ἀγαλλιάσεως·
788 2731 1031 2805 ἐπλήσθη
1075 2732 1130 2785 δὲ
1184 2734 1359 2804 χαρᾶς
1411 2734 1504 2786 καὶ
1551 2734 1612 2785 τὸ
1657 2732 1920 2787 Φίλιππου

336 2826 535 2895 στόμα,
584 2826 675 2878 ὅτε
712 2825 929 2893 ἀνοίξας
972 2826 1033 2879 τὸ
1064 2827 1236 2896 στόμα
1270 2825 1455 2891 αὐτοῦ,
1492 2828 1584 2879 καὶ
1622 2826 1924 2898 ἀρξάμενος

334 2917 445 2970 ἀπὸ
468 2916 586 2980 τοῦ,
629 2918 725 2982 Ὡς
748 2919 1045 2985 πρόϐατον
1064 2917 1164 2970 ἐπὶ
1192 2916 1440 2987 σφαγὴν
1476 2916 1655 2986 ἤχθη,
1689 2918 1923 2988 εὐηγγε-

336 3009 526 3062 λίσατο
552 3007 643 3061 τὸν
686 3007 891 3079 Ἰησοῦν
916 3008 996 3079 τῷ
1025 3007 1263 3079 εὐνούχῳ
1291 3008 1527 3061 Αἰθίοπι.

439 3100 809 3171 Ἔμεγὰλυνε
839 3102 1051 3169 Κύριος
1073 3101 1182 3155 τοῦ
1213 3100 1461 3170 ποιῆσαι
1479 3103 1607 3170 μεθ’
1639 3100 1825 3171 ἡμῶν.

416 3190 706 3262 ’Δνωτέρω
742 3191 839 3261 μὲν
862 3189 936 3254 ὡς
962 3191 1060 3261 ήδη
1095 3191 1430 3262 ἐπιστροφῆς
1460 3190 1565 3244 ἀπὸ
1594 3191 1692 3262 τῆς
1723 3192 1923 3261 αἰχμα-

2022 2007 2266 2060 eutiones
2299 2013 2459 2060 sunt:
2508 2002 2641 2059 Cum
2684 2018 2932 2073 ponemus
2982 2004 3063 2057 ori
3119 2002 3478 2067 custodiam’;
3511 2010 3588 2064 et,

2025 2095 2098 2152 Os
2122 2096 2257 2165 justi
2282 2098 2567 2151 meditatur
2600 2097 2914 2164 sapientiam
2940 2095 3013 2147 ¹⁰ε
3038 2103 3115 2158 et,
3145 2093 3300 2161 Aperi
3335 2108 3392 2146 os
3421 2101 3587 2151 tuum,

2024 2187 2151 2240 dicit
2183 2187 2435 2241 Dominus
2458 2187 2531 2251 “;
2570 2188 2782 2255 aliaque
2807 2184 3109 2252 hnjnsmodi
3135 2201 3148 2236 :
3170 2182 3353 2247 veluti,
3395 2181 3465 2234 Os
3498 2196 3593 2232 nc-

2022 2290 2187 2332 strum
2216 2288 2357 2347 patet
2380 2279 2449 2332 ad
2477 2295 2588 2341 vos,
2613 2277 2872 2332 Corinthii
2898 2281 2963 2332 ¹².
2994 2278 3129 2332 Tum
3160 2291 3286 2330 vero
3310 2275 3587 2329 dicemus:

2027 2370 2172 2424 Tunc
2198 2371 2448 2438 repletum
2477 2380 2552 2424 est
2585 2371 2781 2440 gaudio
2815 2387 2872 2423 os
2902 2380 3157 2424 nostrum.
3191 2367 3257 2421 Et
3291 2365 3477 2435 paucis
3511 2366 3593 2416 in-

2026 2464 2270 2533 terjeCtis
2292 2483 2305 2519 :
2327 2464 2463 2519 Cum
2498 2462 2917 2518 custodierimns
2941 2465 3057 2516 vias
3093 2470 3329 2522 nostras,
3357 2472 3423 2513 ne
3456 2457 3594 2513 forte

2024 2571 2347 2625 peccemus,
2388 2566 2519 2611 tunc
2552 2555 2730 2626 lingua
2780 2565 2962 2609 nostra
3010 2553 3306 2625 replebitur
3352 2548 3591 2606 exsulta-

2026 2650 2194 2706 tione.
2224 2647 2434 2703 Gaudio
2469 2662 2685 2718 quoque
2716 2646 2946 2717 Philippi
2985 2660 3047 2701 os
3085 2644 3430 2706 redundavit,
3467 2656 3593 2695 cum

2023 2738 2154 2793 illud
2192 2739 2462 2809 aperiens,
2496 2738 2863 2808 incipiensque
2885 2752 2915 2791 a
2943 2737 3122 2792 verbis
3157 2735 3285 2801 illis,
3320 2734 3592 2804 Tanquam

2024 2831 2131 2884 ovis
2184 2832 2254 2882 ad
2293 2831 2606 2884 occisionem
2650 2829 2839 2883 ductus
2895 2839 2971 2885 est
3019 2830 3081 2891 ",
3109 2827 3291 2883 Jesum
3346 2826 3595 2881 eunucho

2025 2922 2263 2993 :Ethiopi
2285 2921 2674 2992 evangelizavit
2704 2922 2792 2974 η’.

2061 3014 2228 3072 Vsus.
2259 3014 2312 3068 ὃ.
2354 3013 2717 3085 Magni/icauit
2761 3012 3018 3066 Dominus
3052 3011 3225 3081 facere
3264 3010 3555 3064 nobiscum.

2096 3105 2358 3176 Superius
2402 3121 2502 3161 ceu
2543 3116 2667 3175 post
2709 3103 2938 3158 reditum
2993 3119 3021 3156 a
3064 3102 3415 3173 captivitate,
3464 3100 3593 3155 dicti

2032 3199 2182 3253 fuere
2223 3198 2332 3253 duo
2370 3197 2647 3253 versiculi.
2693 3196 2844 3251 Nunc
2874 3205 3127 3263 tanquam
3165 3193 3342 3248 adhuc
3391 3192 3445 3246 in
3501 3206 3595 3245 ca-

331 3282 543 3345 λωσίας
589 3282 904 3353 γινομένης,
960 3282 1204 3353 εἴρηνται
1246 3283 1295 3335 οἰ
1342 3281 1436 3334 δύο
1478 3282 1681 3352 στίχοι·
1740 3280 1836 3335 νῦν
1864 3281 1921 3335 δὲ

2035 3292 2283 3360 ptivitate
2309 3291 2583 3356 detentus,
2611 3291 2730 3345 haec
2756 3291 2829 3344 ait
2852 3288 3156 3359 Propheta;
3190 3297 3348 3340 antea
3376 3284 3594 3355 quidem

332 3374 414 3438 ὡς
449 3373 529 3426 ἔτι
557 3376 616 3425 ἐν
645 3372 990 3443 αἰχμαλωσίᾳ
1015 3372 1112 3435 ὢν,
1152 3371 1325 3426 ταῦτά
1352 3388 1516 3441 φησιν
1545 3373 1573 3425 ὁ
1608 3372 1921 3443 Προφήτης,

333 3464 399 3517 τὸ
428 3464 527 3535 μὲν
541 3464 804 3536 πρότερον
822 3463 1199 3534 προφητεύων,
1226 3459 1399 3534 οἶμαι,
1415 3464 1543 3535 περὶ
1564 3462 1673 3516 τῶν
1701 3465 1927 3517 ἀποστό-

334 3554 471 3619 λων,
505 3554 568 3608 τδ
598 3556 655 3608 δὲ
686 3554 936 3627 δεύτερον
964 3557 1028 3607 ἐκ
1058 3554 1350 3626 προσώπου
1376 3555 1549 3624 λέγων
1579 3554 1686 3608 τῶν
1721 3555 1889 3610 ἐθνῶν
1907 3573 1920 3586 ·

335 3646 449 3699 τῶν
465 3647 573 3719 γὰρ
595 3648 652 3701 ἐν
667 3649 778 3710 τοῖς
800 3646 1008 3700 έθνεσίν
1029 3647 1175 3701 ἐστιν
1204 3648 1271 3702 τὰ
1286 3647 1394 3701 ἀπὸ
1423 3646 1541 3711 τοῦ,
1573 3645 1927 3716 Ἐμεηάλιννε

338 3740 558 3805 Κύριος
587 3738 694 3793 τοῦ
734 3739 983 3808 ποιῆσαι
1019 3742 1149 3810 μεθ’
1174 3740 1364 3813 ἡμῶν,
1402 3742 1509 3806 ἐως
1553 3742 1671 3808 τοῦ,
1702 3743 1781 3809 ὡς
1808 3759 1927 3812 χει-

336 3830 608 3901 μὰρῤους
637 3833 708 3886 ἐν
740 3832 823 3899 τῷ
854 3834 1024 3901 νότῳ.

406 3924 826 3993 Ἐπίστρεψον,
856 3926 1062 3993 Κύριε,
1088 3923 1205 3994 τὴν
1231 3926 1647 3995 αἰχμαλωσίαν
1684 3923 1868 3993 ήμῶν.

425 4013 761 4077 ’Δκολούθως
787 4014 883 4067 καὶ
909 4013 1082 4070 ταῦτα
1114 4014 1464 4087 προσέθηκαν
1504 4017 1616 4079 τοῖς
1649 4011 1887 4086 πρώτοις
1909 4030 1922 4044 ·

341 4106 405 4160 οὐ
430 4104 542 4174 γὰρ
569 4104 1042 4177 ἀναισθητοῦντες,
1062 4107 1217 4177 φησὶ,
1234 4107 1331 4177 τῆς
1361 4108 1439 4170 εἰς
1467 4107 1612 4177 ἡμᾶς
1644 4106 1745 4175 ήδη
1773 4088 1929 4173 γενοξ

256 4248 263 4258 ,
347 4197 516 4267 μένης
550 4196 887 4268 εὐεργεσίας,
930 4198 1103 4253 ταῦτά
1136 4214 1338 4269 φαμεν,
1369 4196 1482 4249 ἀλλ’
1512 4194 1921 4266 ὁμολογοῦντες,

343 4288 423 4340 ὅτι
453 4288 670 4359 μεγάλα
717 4288 817 4359 μὲν
851 4288 1071 4360 ἐποίησε
1118 4288 1235 4360 μεθ’
1279 4286 1437 4361 ἡμῶν
1462 4288 1490 4339 ό
1524 4285 1676 4350 Θεὸς,
1708 4286 1800 4339 καὶ
1828 4285 1926 4357 ήδη

343 4381 651 4451 γεγόναμεν
700 4383 759 4434 ἐν
813 4382 1154 4455 εὐφροσύνῃ·
1197 4382 1340 4436 οὓτω
1384 4382 1442 4435 δὲ
1494 4380 1729 4452 ἔχοντες,
1780 4381 1930 4450 ὅμως

278 4455 289 4465 ’
343 4472 485 4543 ὑπὲρ
518 4472 627 4525 τῶν
662 4472 1007 4527 καταλοίπων
1043 4473 1219 4545 μελῶν
1246 4472 1402 4544 ἡμῶν
1429 4471 1662 4543 δεόμεθα
1692 4471 1785 4527 καὶ
1820 4472 1929 4524 ἰκε-

341 4564 575 4632 τεύομεν
600 4563 849 4632 λέγοντες
871 4582 885 4594 ·
934 4564 1350 4633 Ἐπίστρεψον,
1368 4564 1568 4632 Κύριε,
1588 4562 1703 4632 τὴν·
1720 4565 1930 4632 αἰχμα-

341 4654 578 4706 λωσίαν
609 4653 779 4723 ἡμῶν
802 4654 881 4720 ὠς
907 4654 1263 4724 χειμάρῤους
1294 4653 1365 4707 ἐν
1402 4651 1481 4719 τῷ
1510 4654 1664 4719 νότῳ
1682 4668 1695 4683 ·
1728 4652 1927 4705 ἄτοπον

341 4745 452 4817 γὰρ
470 4747 600 4810 τοὺς
636 4747 736 4817 μὲν
762 4747 860 4818 τῆς
907 4746 1057 4810 θείας
1084 4745 1336 4815 γνώσεως
1380 4745 1799 4817 ἐστερημένους,
1827 4744 1925 4815 τὴν

339 4838 423 4902 εἰς
478 4839 628 4909 ἡμᾶς
690 4839 1062 4909 γεγενημένην
1114 4837 1523 4909 φιλανθρωπίαν
1580 4836 1920 4906 θαυμάζειν,

340 4929 489 4998 ἡμᾶς
509 4928 570 4983 δὲ
589 4930 719 4993 τοὺς
738 4930 835 5001 τῆς
851 4930 1133 4993 εὐσεϐείας
1174 4930 1559 5001 τετυχηκότας,
1603 4927 1925 5000 ἀχαριστίαν

341 5023 540 5074 νοσεῖν.

561 5114 629 5165 Οἱ
659 5112 1013 5181 σπείροντες
1041 5113 1113 5164 ἐν
1142 5111 1456 5181 δάκρυσιν,
1490 5127 1544 5165 κ.
1582 5127 1635 5163 τ.
1667 5109 1716 5163 λ.

424 5203 484 5255 'O
512 5204 755 5275 σπείρων
784 5206 844 5257 ἐν
870 5203 1123 5275 δάκρυσι,
1154 5206 1233 5268 εἰς
1255 5204 1315 5258 τὸ
1340 5202 1557 5274 πνεῦμα
1580 5201 1793 5273 σπείρει
1817 5198 1924 5253 τῶν

340 5294 436 5346 ἐπὶ
480 5297 595 5358 τοῖς
643 5294 873 5366 δάκρυσι
906 5295 1356 5367 μακαριζομένων
1376 5315 1389 5327 ·
1422 5298 1479 5349 ἐν
1509 5294 1823 5365 ἀγαλλιάσει
1867 5293 1925 5347 δὲ

343 5385 550 5459 θερίζει
580 5386 727 5458 ζωὴν
752 5387 992 5456 αἰώνιον,
1020 5392 1050 5443 ό
1077 5390 1361 5459 τυγγάνων
1400 5389 1500 5461 ἤδη
1532 5388 1625 5441 τοῦ
1656 5387 1819 5458 γελᾷν
1847 5385 1925 5457 τῷ

339 5478 639 5550 πνεύματι.
655 5512 721 5521 -
738 5480 863 5543 Τοῖς
888 5483 1014 5553 περὶ
1036 5481 1143 5534 τῶν
1166 5479 1367 5534 λοιπῶν
1393 5478 1748 5551 αἰχμαλώτων
1773 5480 1927 5549 αἰτή-

342 5588 470 5625 σασι
504 5572 567 5625 τὸ
587 5572 741 5627 Θείον
757 5574 1110 5646 ἀποκρίνεται
1128 5575 1208 5637 τὸ,
1223 5573 1509 5642 Μακάριοι
1533 5576 1586 5625 οἰ
1607 5572 1923 5638 κλαίοντες

2037 3385 2107 3439 de
2156 3384 2439 3451 apostolis,
2482 3395 2539 3438 ut
2588 3393 2739 3454 puto,
2775 3384 3077 3438 vaticinans
3101 3422 3115 3443 ,
3140 3380 3331 3434 deinde
3369 3391 3496 3431 vero
3529 3391 3597 3430 ex

2030 3475 2372 3530 ethnicorum
2411 3489 2639 3545 persona
2682 3475 2928 3543 loquens.
2976 3473 3222 3542 Namque
3253 3470 3604 3526 ethnicorum

2026 3576 2152 3623 sunt
2171 3571 2356 3635 verba,
2377 3585 2406 3622 a
2441 3568 2800 3639 Magniﬁcavit
2831 3567 3087 3623 Dominus
3102 3566 3275 3637 facere
3304 3562 3596 3624 nobiscum,

2027 3674 2199 3731 usque
2230 3660 2295 3715 ad
2316 3702 2330 3727 ,
2368 3660 2501 3715 sicut
2532 3671 2735 3716 torrens
2778 3664 2833 3715 in
2871 3670 3069 3714 austro.

2060 3928 2223 3983 Vens.
2254 3925 2309 3981 4.
2346 3926 2618 3991 Converte,
2651 3926 2889 3990 Domine,
2919 3924 3270 3991 captivitatem
3307 3930 3560 3974 nostram.

2098 4019 2471 4075 Consentanea
2494 4016 2922 4087 praacedentibus
2941 4017 3056 4071 haec
3069 4014 3423 4084 subiungunt.
3446 4009 3597 4065 liaud
3708 4028 3711 4029 ν

2028 4110 2291 4181 equidem
2314 4110 2501 4167 collati
2541 4109 2698 4165 nobis
2724 4108 2974 4164 beneﬁcii
3002 4107 3346 4161 immemores
3375 4103 3487 4155 haec
3521 4102 3602 4152 ili-

2029 4209 2242 4271 cimus,
2279 4202 2371 4259 sed
2404 4202 2629 4272 grandia
2675 4202 2958 4256 nobiscum
2990 4197 3186 4253 fecisse
3216 4197 3382 4251 Demn
3428 4190 3603 4247 faten-

2031 4310 2133 4363 tes,
2163 4296 2359 4368 gandio
2385 4292 2682 4349 eﬂerimur.
2724 4291 2910 4345 Nihilo
2947 4298 3127 4345 tamen
3158 4287 3339 4341 minus
3379 4298 3477 4355 pro
3513 4298 3601 4337 re.

2029 4389 2194 4460 liquis
2218 4384 2494 4445 tmembris
2532 4382 2738 4437 nostris
2777 4396 2999 4436 oramus
3024 4423 3038 4447 ,
3094 4377 3479 4449 supplicesque
3520 4375 3605 4427 di-

2030 4483 2237 4538 cimus:
2266 4478 2539 4541 Converte,
2556 4474 2799 4539 Domine,
2821 4474 3178 4542 captivitatem
3208 4479 3467 4532 nostram,
3498 4468 3604 4521 sic-

2032 4584 2088 4628 ut
2118 4583 2320 4627 torrens
2350 4570 2404 4623 in
2435 4575 2641 4621 austro.
2668 4565 2980 4621 Absurdum
3018 4563 3163 4618 enim
3195 4561 3355 4625 foret,
3394 4561 3439 4615 si
3477 4559 3606 4614 dum

2033 4663 2236 4720 ethnici
2272 4661 2468 4716 divinae
2518 4658 2723 4713 notitia:
2753 4656 2962 4725 ignari,
3008 4654 3355 4711 clementiam
3402 4652 3456 4706 in
3506 4664 3606 4703 nos

2033 4756 2281 4812 collatam
2323 4752 2700 4814 admirantur,
2750 4762 2851 4801 nos
2887 4761 3075 4801 veram
3117 4744 3441 4813 religionem
3488 4756 3605 4795 sor-

2042 4846 2151 4911 titi,
2189 4841 2388 4915 ingrati
2415 4841 2579 4897 animi
2623 4838 2814 4894 morbo
2842 4836 3233 4891 laboraremus.

2198 5109 2362 5164 Vens.
2399 5106 2454 5160 5.
2489 5105 2593 5171 Qui
2631 5103 2889 5157 seminam
2926 5101 2985 5154 in
3011 5096 3283 5168 lacrymis,
3325 5102 3429 5147 etc.

2102 5202 2203 5270 Qui
2233 5198 2467 5256 seminat
2497 5197 2551 5251 in
2580 5194 2858 5265 lacrymis,
2889 5191 3189 5248 secundum
3224 5186 3476 5254 spiritum
3513 5196 3604 5235 se-

2034 5294 2204 5348 minat
2237 5292 2449 5346 illorum
2473 5288 2565 5359 qui
2594 5288 2664 5342 ob
2691 5286 2960 5357 lacrymas
2985 5280 3127 5337 beati
3151 5279 3441 5341 dicuntur;
3474 5288 3599 5328 cum

2028 5385 2384 5442 exsultatione
2400 5390 2579 5438 autem
2601 5382 2767 5436 vitam
2790 5388 3046 5433 aeternam
3058 5374 3246 5440 metit;
3271 5369 3465 5438 quippe
3489 5368 3602 5435 qui,

2030 5488 2089 5534 ut
2132 5478 2323 5545 spirittt
2375 5476 2581 5540 rideat,
2613 5472 2724 5543 jam
2774 5478 3099 5527 consecutus
3147 5476 3250 5520 est.
3286 5490 3354 5503 —-
3388 5461 3456 5515 lis
3512 5459 3605 5527 qui

2030 5584 2130 5640 pro
2164 5567 2388 5637 reliquis
2416 5567 2647 5636 captivis
2669 5571 2914 5625 orarunt,
2948 5562 3090 5616 Deus
3118 5553 3409 5626 respondet
3443 5548 3608 5605 etiam

412 5683 432 5751 τ
486 5682 632 5736 Pal.
679 5699 919 5751 cxxxvr,
957 5685 1007 5740 i.
1084 5686 1107 5717 ⁸
1150 5684 1293 5741 Psal.
1346 5701 1522 5749 cxxv,
1568 5683 1623 5737 2.
1716 5686 1737 5718 ο
1787 5682 1927 5738 Psal.
1963 5698 2196 5749 xxxvm,
2230 5682 2287 5736 2.
2366 5681 2408 5713 ¹⁰
2443 5680 2588 5735 Psal.
2639 5693 2826 5745 xxxvi,
2876 5676 2966 5735 50.
3044 5674 3085 5706 “
3122 5671 3265 5729 Psal.
3327 5664 3605 5732 un.“-

346 5753 388 5785 ι’
414 5750 451 5805 ιι
487 5754 614 5806 Cor.
660 5768 736 5819 vt,
774 5756 861 5810 Η.
941 5757 983 5789 ¹³
1015 5755 1123 5814 lsa.
1156 5770 1275 5823 LIII,
1310 5757 1364 5810 7.
1447 5756 1511 5788 "'
1534 5758 1658 5813 Act.
1703 5771 1832 5821 vm,
1864 5753 1960 5810 55.

420 5870 498 5938 (4)
533 5867 611 5925 Ita
636 5870 796 5926 codd.

2103 5864 2181 5936 (5)
2213 5862 2375 5919 Deest
2412 5858 2637 5931 aliquid.
