3968 6504
494 384 562 440 10
1176 382 1440 441 EUSEBII
1476 381 1949 438 CESARIENSIS
1985 381 2134 439 OPP.
2174 382 2350 438 PARS
2388 382 2478 439 Ill.
2519 414 2588 424 —
2620 382 3025 450 EXEGETICA.
3646 384 3723 441 20

494 505 587 560 illo
616 522 630 557 :
667 504 818 559 Beati
853 506 945 573 qui
974 504 1171 573 lugent,
1212 505 1335 576 quia
1365 502 1605 557 ridebunt
1631 503 1694 557 “.
1723 504 1875 571 Quod
1926 505 1967 558 si
2012 505 2037 557 i‘t

2154 504 2241 557 ὅτι
2272 505 2438 559 αὐτοὶ
2462 503 2844 574 γελάσονται·
2881 506 3017 576 ὅπερ
3042 505 3089 558 εἰ
3118 506 3431 575 ποιήσουσιν
3456 506 3503 559 οἱ
3522 508 3578 559 ἐν
3606 508 3721 561 Βα-

497 598 700 651 facient
737 596 827 665 qui
857 596 1125 668 Babylone
1156 596 1333 651 adhuc
1371 606 1517 662 sunt,
1558 598 1751 652 bonam
1784 613 1931 667 spem
1973 597 2053 651 lu-

495 689 670 753 gendo
714 696 958 741 serentes
984 725 999 749 ,
1034 686 1288 753 gaudium
1340 696 1572 752 metcnt;
1628 687 1878 758 lacrymis
1918 703 2051 756 quas

496 777 749 831 fuderunt
771 793 1007 832 amorem
1041 778 1277 847 indepti,
1313 790 1366 833 et
1417 779 1615 833 reditus
1662 780 1910 849 gaudium
1963 795 2049 833 re-

495 869 727 937 cepturi.
759 868 826 923 Et
869 869 912 924 si
947 871 1162 938 quidem
1213 884 1433 939 germen
1467 870 1679 939 aliquod
1710 885 1849 925 verae
1885 871 2051 939 pieta-

496 962 566 1015 tis
608 960 980 1022 servaverint,
1043 960 1252 1014 animas
1317 975 1444 1014 suas
1491 960 1655 1015 veluti
1708 960 2044 1024 excoleutes,

494 1057 720 1112 multum
770 1056 823 1110 in
874 1056 1047 1111 reditu
1093 1056 1327 1111 fructum
1390 1056 1705 1126 percipient.
1756 1054 1935 1123 Usque
1982 1056 2049 1110 ad

495 1151 597 1205 hoc
637 1152 925 1219 septimum
957 1148 1228 1204 canticum
1260 1189 1274 1212 ,
1308 1149 1375 1203 de
1404 1149 1629 1217 captivis
1670 1146 1867 1201 Judzeis
1912 1148 2051 1202 vati-

493 1241 634 1295 cinia
662 1240 902 1295 fuerunt.

976 1327 1294 1385 PSALMUS
1325 1329 1554 1382 CXXVI.

563 1421 866 1474 Secundum
917 1419 1233 1476 llebraicatn
1277 1421 1569 1475 editionem
1618 1435 1911 1491 omnesque
1962 1423 2045 1475 in-

491 1519 778 1575 terpretes,
808 1524 1044 1579 praesens
1096 1512 1366 1566 canticum
1407 1510 1710 1567 Salomonis
1735 1524 1819 1568 est
1859 1514 2040 1581 (sicuti

487 1599 575 1653 alii
616 1601 738 1654 aliis
764 1600 1130 1656 inscribuntur
1161 1604 1473 1658 auctoribus
1503 1604 1744 1676 psalmi),
1776 1608 1919 1672 quod
1957 1607 2044 1661 di—

484 1700 626 1743 ctum
666 1691 763 1744 fuit
789 1706 853 1746 eo
884 1702 1123 1763 tempore
1151 1709 1258 1761 quo
1284 1694 1538 1765 tetnpium
1569 1696 1871 1751 mdiﬁcavit.
1908 1696 2040 1751 Nam

483 1797 602 1834 rum
638 1780 811 1837 Judaei
860 1784 929 1837 ob
956 1784 1075 1851 ejus
1101 1783 1312 1840 aedilicii
1362 1786 1555 1840 molem
1597 1786 1751 1841 valde
1792 1788 2036 1856 superbi-

2152 593 2369 657 6υλῶνι,
2400 593 2608 663 ἀγαθὰς
2640 596 2859 660 ἐλπίδας
2904 596 2971 648 δι’
2999 590 3073 648 ὧν
3105 596 3345 649 κλαίουσι
3380 597 3717 668 σπείροντες,

2151 686 2418 757 θεριοῦσιν
2472 686 2826 755 ἀγαλλίασιν·
2900 686 3020 738 ἀντὶ
3069 686 3315 757 δακρύων
3365 686 3505 757 ἅπερ
3558 686 3719 756 ἔσχον

2148 774 2520 846 ἀγαπώμενοι,
2540 774 2816 846 δεξόμενοι
2847 776 2941 846 τὴν
2966 775 3063 845 τῆς
3087 776 3343 829 ἐπανόδου
3372 775 3546 847 χαράν
3570 792 3583 805 ·
3620 778 3721 829 καὶ

2148 868 2195 919 εἰ
2225 866 2343 920 τότε
2370 867 2541 939 βραχύ
2570 884 2623 920 τι
2656 868 2874 939 σπέρμα
2900 867 3204 931 θεοσεϐείας
3234 868 3545 937 ἐφύλαττον,
3578 868 3719 920 ἀλλὰ

2148 956 2244 1020 τὰς
2258 957 2464 1011 ἑαυτῶν
2487 959 2603 1011 ἐκεῖ
2627 958 2802 1028 ψυχὰς
2818 960 3251 1030 γεωργήσαντες,
3283 958 3508 1021 πολλοὺς
3543 961 3715 1011 ἐπαν-

2151 1051 2317 1113 ιόντες
2344 1052 2546 1104 οἴσουσι
2605 1051 2731 1114 τοὺς
2761 1052 3024 1121 καρπούς.
3059 1050 3236 1122 Μέχρι
3264 1051 3360 1120 τῆς
3397 1052 3445 1114 ζ’
3472 1049 3616 1129 ᾠδῆς
3643 1049 3716 1102 τὰ

2148 1138 2409 1209 περὶτῶν
2449 1142 2514 1193 ἐκ
2562 1141 2857 1211 περιτομῆς
2892 1139 3248 1210 αἰχμαλώτων
3287 1138 3711 1211 προεθεσπίσθη.

2672 1317 2966 1368 ΨΑΑΜΟΣ
2989 1317 3178 1383 Ριιεῖι.

2212 1405 2366 1459 Κατὰ
2393 1404 2455 1457 τὸ
2494 1404 2777 1475 Ἐὁραῖκὺν
2804 1406 2896 1457 καὶ
2922 1405 3046 1469 τοὺς
3072 1403 3512 1476 ἑρμηνεύσαντας
3537 1405 3711 1459 ἄπαν-

2143 1512 2257 1558 τας,
2292 1498 2325 1565 ἡ
2362 1495 2610 1566 παροῦσα
2641 1495 2736 1548 νῦν
2766 1496 2875 1567 ᾠδὴ
2916 1496 3255 1566 Σολομῶντὸς
3318 1500 3464 1551 ἐστιν
3504 1497 3713 1569 (ὥσπερ

2142 1586 2287 1639 ἄλλοι
2319 1586 2492 1639 ἄλλων
2526 1587 2661 1639 εἰσὶν
2692 1588 3157 1659 ἐπιγεγραμμένοι
3183 1588 3407 1659 ψαλμοὶ)
3444 1607 3712 1661 προφητι-

2142 1678 2251 1741 κῶς
2272 1680 2361 1732 ὑπ’
2384 1679 2546 1732 αὐτοῦ
2562 1680 2810 1750 λεχθεῖσα
2824 1681 3058 1752 ὁπηνίκα
3073 1683 3161 1735 τὸν
3177 1682 3303 1736 ναὸν
3318 1682 3707 1746 κατεσκεύαζε·

2139 1770 2247 1821 τῶν
2295 1769 2404 1841 γὰρ
2457 1770 2726 1824 Ἰουδαίων
2761 1773 3303 1844 μεγαλοφρονούντων
3352 1776 3446 1828 ἐπὶ
3486 1776 3566 1846 τῷ
3606 1776 3711 1847 τῆς

482 1882 623 1937 rent,
670 1872 783 1941 ipse
835 1874 1015 1929 divino
1048 1874 1252 1945 Spiritu
1292 1876 1593 1945 praevidens
1638 1893 1939 1946 supremam
1976 1880 2037 1931 il-

2141 1862 2480 1934 κατασκευῆς
2535 1864 2749 1935 ὀχυρῷ,
2808 1864 2935 1937 θείῳ
2987 1866 3261 1937 Πνεύματι
3317 1868 3553 1940 συνορῶν
3607 1868 3710 1939 τὴν

484 1963 590 2017 lius
620 1965 1029 2034 desolationem,
1083 1983 1290 2023 necnon
1330 1968 1564 2024 futuram
1594 1971 1883 2025 Ecclesiatn
1923 1987 2042 2041 quse

487 2071 515 2106 a
571 2055 799 2111 Domino
837 2067 948 2112 toto
984 2061 1117 2113 orbe
1152 2067 1414 2113 terrarum
1440 2060 1751 2116 aediﬁcanda
1780 2076 1930 2125 erat,
1966 2064 2039 2117 fa-

484 2158 569 2199 cta
597 2162 718 2200 cum
752 2156 1035 2204 exstructo
1063 2151 1261 2219 templo
1287 2154 1708 2221 comparatione,
1734 2154 1874 2207 illam
1900 2169 2039 2222 prm-

483 2236 586 2290 iert
630 2239 907 2308 magisque
949 2242 1274 2305 admiratur,
1322 2259 1432 2296 rem
1474 2255 1795 2312 prtesentem
1832 2246 2041 2315 vitupe-

482 2342 612 2381 rans
646 2345 741 2383 ceu
790 2332 1159 2399 temporalem,
1189 2348 1363 2401 neque
1414 2334 1497 2388 vel
1529 2336 1799 2406 paulisper
1839 2338 2041 2405 absque

483 2415 578 2468 Dei
624 2419 867 2473 custodia
908 2420 1241 2474 duraturam.
1274 2421 1401 2487 Qum
1436 2439 1576 2477 nunc
1612 2435 1912 2494 opportune
1953 2441 2041 2481 ce-

478 2509 611 2561 cinit
631 2508 828 2565 Judaeis
852 2511 1125 2582 Babylone
1154 2516 1436 2584 regressis,
1479 2526 1534 2570 et
1563 2519 1879 2572 restituendi
1912 2529 2040 2574 tem-

478 2600 547 2669 pli
587 2603 865 2670 studiosis,
912 2615 1073 2673 atque
1112 2606 1180 2661 ob
1212 2623 1331 2663 eam
1367 2624 1480 2663 rem
1530 2608 1668 2663 fastu
1719 2610 1896 2666 elatis.
1948 2613 2040 2666 Ait

478 2710 609 2763 ergo
636 2711 648 2745 :
690 2695 751 2751 Si
777 2707 952 2753 tamen
980 2700 1239 2755 Dominus
1272 2702 1618 2767 custodierit;
1653 2718 1776 2757 nam
1819 2706 2040 2758 custode

478 2788 786 2851 recedente,
827 2788 1100 2844 desertum
1144 2792 1269 2853 ﬁet.
1309 2802 1363 2847 et
1410 2793 1614 2859 quaevis
1646 2794 1922 2849 hominum
1954 2809 2040 2849 se-

477 2873 678 2928 dulitas
722 2891 859 2931 vana
916 2880 1041 2933 erit.
1095 2878 1159 2933 Et
1214 2882 1395 2949 templi
1444 2882 1659 2950 quidem
1713 2891 2036 2937 Structorem

475 2964 607 3019 dicit
659 2966 979 3033 Dominum;
1038 2972 1185 3025 urbis
1229 2983 1406 3024 autem
1458 2974 1812 3028 aediﬁcatores
1862 2975 2036 3027 bomi-

475 3072 593 3118 nes,
634 3064 728 3111 sed
774 3060 940 3115 Deum
973 3065 1269 3118 custodem.
1308 3063 1445 3119 Utile
1483 3064 1582 3120 hoc
1611 3066 1810 3120 dictum
1847 3066 2040 3120 adver-

474 3160 572 3203 sus
598 3153 863 3219 snperbiae
895 3155 1267 3224 cogitationes.

640 3329 800 3384 Vens.
841 3329 896 3384 2.
938 3330 1042 3396 Qui
1081 3332 1412 3385 manducetis
1439 3349 1623 3401 panem
1653 3332 1873 3387 doloris.

548 3444 843 3497 Tbeodotio
875 3454 930 3499 et
958 3446 1142 3512 quinta
1163 3448 1350 3510 editio,
1376 3463 1561 3515 panem
1583 3448 1868 3511 idolorum,
1897 3448 2035 3502 scri-

471 3546 719 3605 pserunt.
760 3536 826 3590 Et
856 3540 1066 3600 merito,
1104 3552 1336 3605 namque
1382 3536 1674 3592 Hebraicus
1719 3547 1899 3592 textus
1940 3540 2035 3593 ba—

473 3629 583 3689 bet,
614 3626 904 3695 irreligiose
936 3644 1108 3697 agere,
1154 3628 1421 3695 quomodo
1446 3627 1568 3680 aliis
1620 3628 1784 3681 etiam
1822 3628 1873 3681 in
1901 3627 2033 3682 locis

472 3718 673 3771 idolum
709 3717 1122 3788 interpretatum
1170 3719 1433 3774 videmus.
1468 3719 1729 3774 Prrevidct
1770 3729 1949 3772 autem
1982 3719 2034 3772 in

472 3810 662 3879 spiritu
700 3808 953 3866 Salomon
999 3814 1113 3865 l'ore
1160 3823 1216 3864 ut
1261 3811 1349 3878 qui
1391 3812 1645 3880 templum
1690 3827 1719 3865 a
1751 3826 1808 3865 se
1846 3811 2036 3864 condi-

472 3912 583 3953 tum
637 3903 901 3966 incolent,
942 3902 1099 3958 idolis
1147 3903 1420 3967 studeant,
1473 3906 1744 3957 dtemonas
1790 3904 1927 3956 intra
1976 3902 2036 3955 il-

474 3993 560 4048 lud
609 3996 868 4050 colentes.
928 3995 1015 4048 Ait
1067 4011 1194 4065 ergo
1247 4010 1303 4049 se
1332 4003 1462 4064 post
1514 3996 1856 4058 abscessum,
1911 3995 2034 4048 illnc

468 4088 646 4139 denuo
686 4088 1024 4152 rediturum,
1076 4098 1239 4157 atque
1285 4089 1333 4141 id
1377 4103 1443 4141 ex
1490 4087 1772 4142 intervallo
1821 4101 2033 4151 semper

470 4178 765 4230 iacturum.
808 4177 947 4245 Quid
988 4181 1131 4234 enim
1162 4183 1385 4251 prpdest
1442 4178 1615 4233 locum
1663 4177 1917 4232 bonorari
1964 4177 2033 4228 ab

471 4268 560 4329 iis,
597 4269 686 4336 qui
726 4270 795 4324 ob
838 4271 1194 4327 idololatriam
1236 4272 1415 4340 procul
1465 4286 1524 4325 se
1555 4272 1662 4324 Deo
1707 4267 2034 4323 removent?

444 4348 624 4413 ‘Unde
668 4360 1025 4429 Symmachus
1054 4364 1223 4416 dixit:
1266 4362 1467 4417 Vanum
1510 4373 1584 4416 est
1631 4363 1773 4415 vobis
1811 4360 2029 4413 matuti-

470 4464 562 4501 nos
622 4466 835 4519 surgere
889 4453 959 4504 ad
1020 4454 1395 4518 habitandum,
1444 4454 1520 4507 vel
1568 4453 1634 4505 ad
1687 4453 1905 4521 hymnos
1947 4452 2031 4504 di-

468 4542 679 4593 rendos.

947 4633 1071 4688 PSA
1084 4633 1269 4690 LMUS
1297 4633 1550 4689 CXXVII.

537 4720 913 4779 Consentanee
952 4726 1217 4794 superiori
1264 4728 1477 4781 cantico
1525 4727 1737 4781 vocatio
1788 4728 2027 4798 gentium

469 4816 519 4868 in
563 4818 813 4885 praesenti
849 4818 1192 4886 prmdicatnr.
1221 4818 1320 4885 Qui
1349 4834 1478 4890 ergo
1506 4820 1697 4873 timent
1726 4821 2028 4884 Dominum,

468 4906 668 4960 diversi
713 4922 835 4961 esse
882 4910 1135 4964 dicuntur
1182 4912 1247 4965 ab
1298 4913 1533 4975 israele,
1581 4924 1633 4965 et
1687 4930 1714 4965 ιι
1769 4914 2030 4968 nobiliore

473 4998 609 5065 apud
644 4997 896 5052 lsraelcm
937 5003 1147 5063 ordine,
1193 5004 1243 5055 id
1293 5015 1373 5055 est
1418 5006 1756 5059 sacerdotali.
1803 5007 2031 5062 Demon-

473 5098 647 5141 strant
698 5088 749 5143 id
801 5092 965 5146 verba
1024 5093 1155 5147 illa:
1213 5094 1428 5149 Israelis
1489 5099 1672 5150 domus
1709 5099 1931 5165 speravit
1975 5098 2029 5150 in

474 5177 695 5233 Domino
724 5181 787 5234 ¹⁸.
830 5183 893 5238 Ει
940 5196 1165 5252 postea:
1216 5186 1475 5242 Timentes
1523 5190 1807 5242 Dominum
1851 5206 2030 5257 spera-

468 5282 647 5322 rerunt
682 5272 736 5325 in
768 5290 827 5325 eo
852 5274 913 5326 ιδ.
949 5275 1012 5328 Ει
1045 5292 1263 5329 rursus:
1310 5275 1563 5330 Dominus
1607 5280 1772 5331 nostri
1812 5294 2027 5338 memor,

469 5361 725 5415 benedixit
758 5366 927 5420 nobis.
959 5365 1237 5420 Benedixit
1269 5368 1445 5421 domui
1480 5367 1718 5433 Israelis,
1755 5370 2028 5423 “benedixit

467 5453 643 5502 domui
700 5452 923 5507 Anronis
976 5456 1041 5510 ".
1098 5458 1159 5510 Et
1200 5474 1362 5511 mox:
1408 5457 1686 5512 Benedixit
1732 5458 2028 5511 timentibus

468 5541 752 5595 Dominum
790 5543 854 5596 ¹⁸.
894 5543 972 5597 Ex
1004 5563 1196 5601 norma
1232 5550 1396 5619 igitur
1420 5550 1797 5615 prmdictarum
1834 5548 2027 5603 dictio-

542 5695 587 5727 “
620 5697 749 5754 Luc.
784 5716 862 5764 v1,
900 5699 989 5754 9.1.
1070 5705 1111 5735 ³³
1137 5704 1277 5763 Psal.
1309 5724 1461 5771 cxm,
1486 5708 1539 5763 9.
1617 5711 1660 5741 ”
1687 5708 1814 5763 ibid.
1846 5709 1928 5761 Η.

536 5819 614 5889 ((3)
636 5820 717 5872 Al.
751 5820 1183 5890 προθεσπίζεται.

2064 4543 2112 4598 ο

2140 1955 2371 2025 ἐσχάτην
2408 1955 2642 2026 ἐρημίαν
2691 1956 2877 2019 αὑτοῦ,
2924 1959 3018 2011 καὶ
3059 1958 3156 2030 τὴν
3207 1959 3311 2012 ὑπὸ
3358 1959 3451 2012 τοῦ
3503 1961 3708 2031 Κυρίου

2143 2045 2438 2116 μέλλουσαν
2468 2047 2792 2118 Ἐκκλησίαν
2844 2049 2965 2102 καθ’
3017 2050 3141 2121 ὅλης
3184 2050 3573 2121 οἰκοδομεῖσθαι
3608 2051 3710 2122 τῆς

2138 2138 2477 2210 οἰκουμένης,
2499 2140 2939 2210 ἀντιπαρατιθεὶς
2966 2145 3029 2212 τῇ
3059 2144 3186 2213 παρ’
3208 2142 3371 2196 αὐτοῦ
3396 2148 3706 2217 κατασκευῇ

2100 2232 2103 2237 λ
2138 2228 2232 2281 τοῦ
2260 2228 2409 2297 ναοῦ,
2440 2232 2654 2304 ἐκείνην
2678 2250 2740 2285 τε
2772 2233 3050 2303 προκρίνει
3085 2236 3179 2287 καὶ
3212 2236 3574 2307 ύπεράγαται,
3606 2237 3707 2307 τὴν

2138 2321 2256 2374 τότε
2308 2322 2606 2394 παρουσίαν
2653 2324 2889 2394 ἐλέγχων
2936 2325 3011 2389 ὡς
3059 2327 3390 2399 πρόσκαιρον
3427 2328 3519 2381 καὶ
3572 2328 3707 2398 μηδὲ

2140 2415 2275 2484 πρὸς
2310 2413 2479 2485 βραχὺ
2513 2416 2902 2486 συνισταμένην
2935 2416 3060 2469 ἄνευ
3089 2417 3224 2470 Θεοῦ
3257 2419 3532 2489 φυλακῆς·
3565 2418 3708 2490 ἅπερ

2138 2504 2232 2559 νῦν
2264 2507 2342 2568 εἰς
2374 2507 2562 2577 καιρὸν
2598 2502 2696 2580 ᾖσε
2740 2508 2847 2560 τῶν
2888 2511 2951 2561 ἑκ
3003 2508 3322 2573 Βαϐυλῶνος
3357 2511 3709 2576 ἐπανιόντων,

2139 2597 2544 2651 ἐσπουδακότων
2577 2600 2705 2671 περὶ
2726 2600 2823 2671 τὴν
2849 2601 3128 2654 ἀνάκτισιν
3156 2602 3246 2655 τοῦ
3273 2602 3423 2665 ναοῦ,
3462 2604 3553 2657 καὶ
3579 2620 3708 2673 φρο-

2138 2689 2370 2742 νούντων
2402 2690 2492 2742 ἐπὶ¹
2510 2690 2681 2762 τούτῳ
2700 2691 2907 2761 μεγάλα
2950 2691 3067 2762 μέν.
3104 2694 3165 2745 Εἰ
3190 2693 3296 2764 γάρ
3324 2712 3504 2765 φησιν,
3537 2694 3706 2747 ἘΟ-τ’

2139 2782 2215 2835 ἂν
2246 2786 2277 2836 ό
2313 2784 2525 2851 Κύριος
2556 2783 2827 2853 φυλάττῃ
2856 2826 2869 2847 ,
2899 2786 2992 2838 τοῦ
3038 2787 3093 2839 δὲ
3143 2787 3377 2855 φύλακος
3419 2787 3703 2857 ἀναχωρή-

2141 2890 2349 2938 σαντος,
2375 2874 2577 2946 ἔρημος
2604 2874 2776 2939 ἔσται,
2819 2878 3053 2947 ματαίας
3084 2879 3345 2950 ἐσομένης
3373 2879 3470 2948 τῆς
3512 2878 3571 2942 ἐξ
3609 2879 3704 2931 ἀν-

2139 2966 2370 3037 θρώπων
2399 2966 2663 3036 σπουδῆς·
2699 2969 2792 3021 ἐπὶ
2853 2970 2950 3039 μὲν
2986 2969 3076 3023 τοῦ
3107 2970 3258 3033 ναοῦ,
3287 2970 3564 3040 οἰκοδόμον
3596 2972 3707 3023 sic-

2139 3056 2260 3123 άγει
2293 3058 2383 3110 τὸν
2420 3057 2621 3129 Κύριον
2640 3075 2653 3087 ·
2686 3060 2777 3111 ἐπὶ
2808 3060 2865 3113 δὲ
2894 3061 2993 3129 τῆς
3010 3061 3234 3125 πόλεως,
3254 3060 3569 3132 ἀνθρώπους
3606 3061 3705 3131 μὲν

2137 3147 2468 3218 οἰκοδόμους,
2499 3147 2712 3217 φύλακα
2744 3148 2799 3202 δέ
2827 3150 2918 3203 τὸν
2953 3151 3083 3205 Θεόν
3106 3168 3118 3181 ·
3152 3150 3418 3222 χρήσιμον
3449 3152 3510 3205 τὸ
3542 3154 3703 3223 ῥητὸν

2139 3241 2272 3310 πρὸς
2302 3241 2424 3303 τοὺς
2452 3241 2548 3311 τῆς
2578 3240 2950 3311 ὑπερηφανίας
2975 3241 3284 3311 λογισμούς.

2466 3335 2541 3385 .οὶ
2569 3333 2873 3398 ἐσθίοντες
2904 3332 3083 3400 ἄρτον
3114 3333 3358 3401 ὀδύνης.

2203 3443 2510 3503 Θεοδοτίων,
2542 3445 2635 3497 καὶ
2671 3447 2703 3515 ἡ
2743 3452 2783 3497 ε’
2822 3444 3003 3513 ἄρτον
3032 3445 3291 3501 εἰδώλων
3328 3447 3592 3513 ἐξέδωκαν
3622 3450 3699 3501 εί-

2135 3533 2305 3597 κότως
2324 3553 2335 3565 ·
2369 3535 2427 3588 τὸ
2457 3535 2564 3607 γὰρ
2605 3536 2891 3608 Ἑϐραῖκὸν
2918 3539 2978 3591 τὸ
3001 3539 3241 3593 ἀσεϐεῖν
3268 3539 3397 3611 ἔχει,
3443 3542 3577 3612 ὅπερ
3608 3542 3702 3594 καὶ

2135 3626 2192 3676 ἐν
2243 3625 2447 3697 ἑτέροις
2502 3625 2754 3679 εἴδωλον
2802 3627 3191 3698 ἑρμηνεύεται·
3247 3630 3456 3700 προορᾷ
3504 3630 3561 3683 δέ
3625 3629 3701 3699 τῷ

2137 3716 2407 3786 πλεύματι
2447 3716 2715 3787 Σολομῶν,
2765 3718 2840 3782 ώς
2882 3720 2931 3771 οἱ
2986 3719 3266 3790 μέλλοντες
3294 3720 3459 3773 οἰκεῖν
3485 3720 3574 3773 τὸν
3610 3721 3701 3773 ὑπ’

2133 3806 2297 3861 αὑτοῦ
2329 3808 2609 3879 γινόμενον
2643 3804 2809 3872 οἷκον,
2844 3810 3081 3874 εἰδώλοις
3112 3811 3548 3883 προσκείσονται,
3583 3812 3699 3865 δαί-

2138 3917 2259 3970 μοσι
2301 3900 2647 3971 λατρεύοντες
2688 3904 2745 3955 ἑν
2785 3904 2961 3974 αύτῷ·
3003 3904 3147 3973 λέγει
3186 3906 3382 3967 τοίνυν,
3428 3906 3563 3975 μετὰ
3602 3906 3701 3976 τὴν

2133 3991 2477 4063 ἀναχώρησιν
2504 3989 2659 4057 αὖθις
2684 3996 2775 4047 ἐπὶ
2802 3994 2987 4048 τοῦτον
3041 3995 3232 4059 ἐλθεῖν,
3260 3998 3362 4048 -καὶ
3388 3996 3542 4048 τοῦτο
3573 4014 3697 4048 συν-

2131 4085 2270 4154 εχῶς
2294 4087 2357 4138 ἐκ
2377 4085 2778 4157 διαλειμμάτων
2804 4090 2990 4141 ποιεῖν’
3008 4086 3061 4139 τί
3085 4086 3191 4157 γὰρ
3217 4088 3405 4156 ὄφελος
3427 4087 3515 4140 τὸν
3539 4088 3699 4140 τόπον

2130 4180 2313 4250 τιμᾷν,
2342 4181 2455 4242 τοῖς
2479 4179 2564 4231 διὰ
2594 4180 2691 4251 τῆς
2716 4179 3153 4250 εἰδωλολατρείας
3184 4181 3545 4253 μακρύνουσιν
3576 4180 3696 4232 ἑαυ-
3758 4220 3765 4227 .

2131 4270 2255 4331 τοὺς
2290 4268 2384 4322 τοῦ
2418 4269 2582 4333 Θεοῦ;
2622 4270 2784 4322 Ὅθεν
2827 4271 2856 4323 ὁ
2908 4270 3198 4341 Σύμμαχος
3250 4271 3388 4342 ἔφη·
3439 4269 3699 4326 Μάταιον

2135 4361 2275 4430 ὑμῖν
2304 4361 2373 4426 ἐξ
2407 4362 2619 4430 ὄρθρου
2649 4363 3007 4417 ἀνίστασθαι
3040 4365 3126 4428 εἰς
3152 4364 3218 4418 τὸ
3244 4364 3504 4428 οἰκῆσαι,
3539 4363 3577 4431 ἢ
3611 4365 3699 4428 εἰς

2130 4451 2196 4505 τὸ
2228 4452 2506 4522 ὑμνῆσαι.

2666 4629 2957 4681 ΨΛᾹΜΟΣ
2988 4629 3155 4681 PKZ'.

2216 4720 2545 4784 Ἀκολούθως
2597 4723 2663 4790 τῇ
2717 4720 2821 4791 πρὸ
2871 4719 3071 4788 ταύτης
3128 4716 3237 4788 ᾠδῇ
3280 4720 3313 4788 ἠ
3361 4718 3550 4788 κλησις
3590 4716 3697 4770 τῶν

2131 4811 2299 4864 ἐθνῶν
2326 4811 2412 4864 διὰ
2440 4810 2638 4879 ταύτης
2666 4808 2995 4879 κηρύσσεται
3026 4808 3121 4877 (6)·
3148 4811 3197 4860 οἱ
3219 4807 3348 4874 γοῦν
3376 4806 3538 4875 φοόού
3548 4822 3697 4875 μενοι

2132 4903 2221 4956 τὸν
2250 4902 2471 4974 Κύριον,
2511 4903 2685 4973 ’ἑτεροι
2713 4901 2959 4969 λέγονται
2986 4895 3124 4954 εἶναι
3147 4900 3298 4972 παρὰ
3329 4899 3417 4953 τὸν
3462 4898 3694 4969 Ἰσραὴλ,

2136 4996 2227 5046 καὶ
2266 4994 2415 5064 παρὰ
2456 4993 2517 5045 τὸ
2556 4994 2798 5064 κρεῖττον
2842 4994 2899 5045 ἐν
2944 4992 3021 5063 τῷ
3064 4992 3275 5062 Ἰσραὴλ
3316 4990 3524 5060 τάγμα,
3557 4990 3699 5059 λέγω

2134 5084 2190 5137 δὲ
2210 5083 2267 5135 τὺ
2292 5083 2559 5153 ἱερατικὸν
2578 5098 2591 5111 ·
2615 5082 2765 5152 δηλοῖ
2784 5081 2840 5134 δὲ
2865 5082 3021 5134 τοῦτο
3035 5082 3062 5134 ὁ
3078 5082 3297 5149 φάσκων
3318 5080 3473 5150 λόγος
3488 5098 3500 5110 ·
3526 5077 3699 5146 Οἶκος

2150 5173 2392 5240 Ἰσραὴλ
2431 5173 2693 5242 ἤλπισεν
2732 5172 2829 5225 ἐπὶ
2876 5174 3126 5240 Κύριον·
3163 5173 3256 5225 καὶ
3309 5173 3449 5243 μετὰ
3493 5173 3692 5227 ταῦτα·

2140 5270 2201 5319 Ol
2229 5267 2577 5335 φοϐούμενοι
2613 5264 2719 5318 τὸν
2757 5266 2975 5333 Κύριον
3032 5265 3302 5332 ἤλπισαν
3329 5266 3426 5318 ἐπὶ
3453 5268 3694 5334 Κύριον·

2135 5361 2228 5412 καὶ
2280 5359 2471 5412 πάλιν·
2534 5358 2746 5427 Κύριος
2795 5358 3088 5426 μνησθεὶς
3144 5357 3312 5428 ἡμῶν
3364 5360 3697 5427 εὐλόγησεν

2134 5449 2320 5521 ἡμᾶς·
2366 5452 2662 5519 εὐλόγησε
2710 5447 2817 5501 τὸν
2858 5445 3024 5501 οἶκον
3080 5448 3355 5517 Ἰσραήλ·
3405 5449 3697 5517 εὐλόγησδ

2132 5545 2239 5599 τὸν
2283 5540 2453 5597 οἷκον
2510 5542 2762 5610 Ἀαρών·
2808 5542 2900 5595 καὶ
2954 5541 3089 5613 μετὰ
3138 5540 3336 5596 ταῦτα·
3383 5540 3696 5608 Εὑλόγησδ

2011 5708 2050 5739 ⁸⁷
2076 5706 2202 5762 ibid.
2238 5706 2320 5760 12.
2404 5705 2444 5736 ⁸⁸
2467 5703 2593 5759 ibid.
2629 5704 2708 5757 i3.
