  <div class='ocr_page' id='page_1' title='image "/cluster/home/n/w/nwhite01/storage/ocr_20150623/24/hvd.32044019207729/017.png"; bbox 0 0 3968 6504; ppageno 0'>
   <div class='ocr_carea' id='block_1_1' title="bbox 518 370 3768 449">
    <p class='ocr_par' dir='ltr' id='par_1_1' title="bbox 518 370 3768 449">
     <span class='ocr_line' id='line_1_1' title="bbox 518 370 3768 449; baseline -0.007 0"><span class='ocrx_word' id='word_1_1' title='bbox 518 393 590 449; x_wconf 69' lang='lat'><strong>23</strong></span> <span class='ocrx_word' id='word_1_2' title='bbox 1221 389 1490 446; x_wconf 77' lang='lat' dir='ltr'><strong>EUSEBII</strong></span> <span class='ocrx_word' id='word_1_3' title='bbox 1526 386 2002 445; x_wconf 67' lang='lat' dir='ltr'><strong>CESARIENSIS</strong></span> <span class='ocrx_word' id='word_1_4' title='bbox 2038 383 2189 441; x_wconf 87' lang='lat' dir='ltr'><strong>OPP.</strong></span> <span class='ocrx_word' id='word_1_5' title='bbox 2227 383 2406 441; x_wconf 77' lang='lat' dir='ltr'><strong>PARS</strong></span> <span class='ocrx_word' id='word_1_6' title='bbox 2443 382 2534 439; x_wconf 86' lang='lat' dir='ltr'><strong>III.</strong></span> <span class='ocrx_word' id='word_1_7' title='bbox 2572 413 2640 424; x_wconf 96' lang='lat'><strong>—</strong></span> <span class='ocrx_word' id='word_1_8' title='bbox 2676 378 3086 439; x_wconf 76' lang='lat' dir='ltr'><strong>EXEGETICA.</strong></span> <span class='ocrx_word' id='word_1_9' title='bbox 3687 370 3768 426; x_wconf 62' lang='lat'><em>26</em></span> 
     </span>
    </p>
   </div>
   <div class='ocr_carea' id='block_1_2' title="bbox 989 490 2556 560">
    <p class='ocr_par' dir='ltr' id='par_1_2' title="bbox 989 502 2156 560">
     <span class='ocr_line' id='line_1_2' title="bbox 989 502 2156 560; baseline 0.001 -3"><span class='ocrx_word' id='word_1_10' title='bbox 989 502 1307 560; x_wconf 78' lang='lat' dir='ltr'><strong>PSALMUS</strong></span> <span class='ocrx_word' id='word_1_11' title='bbox 1346 503 1626 559; x_wconf 81' lang='lat' dir='ltr'><strong>CXXVIII.</strong></span> <span class='ocrx_word' id='word_1_12' title='bbox 2108 503 2156 558; x_wconf 80' lang='grc' dir='ltr'><strong>Α</strong></span> 
     </span>
    </p>
   </div>
   <div class='ocr_carea' id='block_1_3' title="bbox 1647 490 3214 560">
    <p class='ocr_par' dir='ltr' id='par_1_3' title="bbox 2108 490 3214 558">
     <span class='ocr_line' id='line_1_3' title="bbox 2108 490 3214 558; baseline -0.014 0"><span class='ocrx_word' id='word_1_13' title='bbox 2108 503 2156 558; x_wconf 79' lang='grc' dir='ltr'><strong>Α</strong></span> <span class='ocrx_word' id='word_1_14' title='bbox 2718 494 3008 549; x_wconf 79' lang='grc' dir='ltr'><strong>ΨΔΛΜΟΣ</strong></span> <span class='ocrx_word' id='word_1_15' title='bbox 3036 490 3214 545; x_wconf 81' lang='grc' dir='ltr'><strong>ΡΚΗ’.</strong></span> 
     </span>
    </p>
   </div>
   <div class='ocr_carea' id='block_1_4' title="bbox 690 573 2257 664">
    <p class='ocr_par' dir='ltr' id='par_1_4' title="bbox 690 591 2257 664">
     <span class='ocr_line' id='line_1_4' title="bbox 690 591 2257 664; baseline -0.006 -11"><span class='ocrx_word' id='word_1_16' title='bbox 690 596 856 655; x_wconf 69' lang='lat' dir='ltr'><strong>Vsus.</strong></span> <span class='ocrx_word' id='word_1_17' title='bbox 889 597 945 650; x_wconf 74' lang='grc'><strong>4.</strong></span> <span class='ocrx_word' id='word_1_18' title='bbox 975 595 1226 649; x_wconf 77' lang='lat' dir='ltr'><strong>Dominus</strong></span> <span class='ocrx_word' id='word_1_19' title='bbox 1246 594 1426 664; x_wconf 84' lang='lat' dir='ltr'><strong>justus</strong></span> <span class='ocrx_word' id='word_1_20' title='bbox 1449 596 1674 649; x_wconf 84' lang='lat' dir='ltr'><strong>concidit</strong></span> <span class='ocrx_word' id='word_1_21' title='bbox 1700 597 1917 649; x_wconf 86' lang='lat' dir='ltr'><strong>cervices</strong></span> <span class='ocrx_word' id='word_1_22' title='bbox 2179 591 2257 644; x_wconf 76' lang='lat' dir='ltr'><strong>Kv&#39;</strong></span> 
     </span>
    </p>
   </div>
   <div class='ocr_carea' id='block_1_5' title="bbox 2192 573 3759 664">
    <p class='ocr_par' dir='ltr' id='par_1_5' title="bbox 2192 573 3759 658">
     <span class='ocr_line' id='line_1_5' title="bbox 2192 573 3759 658; baseline -0.011 -14"><span class='ocrx_word' id='word_1_23' title='bbox 2192 591 2393 658; x_wconf 78' lang='grc' dir='ltr'>Κύριος</span> <span class='ocrx_word' id='word_1_24' title='bbox 2431 588 2659 654; x_wconf 80' lang='grc' dir='ltr'>δίκαιος</span> <span class='ocrx_word' id='word_1_25' title='bbox 2690 587 3034 653; x_wconf 71' lang='grc' dir='ltr'><strong>συνέκοψεν</strong></span> <span class='ocrx_word' id='word_1_26' title='bbox 3072 579 3336 650; x_wconf 81' lang='grc' dir='ltr'><strong>αὐχένας</strong></span> <span class='ocrx_word' id='word_1_27' title='bbox 3367 573 3759 646; x_wconf 75' lang='grc' dir='ltr'>ἁμαρτωλῶν.</span> 
     </span>
    </p>
   </div>
   <div class='ocr_carea' id='block_1_6' title="bbox 1126 668 3759 753">
    <p class='ocr_par' dir='ltr' id='par_1_6' title="bbox 1126 668 3759 753">
     <span class='ocr_line' id='line_1_6' title="bbox 1126 668 3759 753; baseline -0.005 -20"><span class='ocrx_word' id='word_1_28' title='bbox 1126 674 1478 733; x_wconf 68' lang='grc' dir='ltr'><strong>Ρεεεατοτυηιο</strong></span> <span class='ocrx_word' id='word_1_29' title='bbox 1735 752 1743 753; x_wconf 17' lang='lat'><em>7</em></span> <span class='ocrx_word' id='word_1_30' title='bbox 1911 751 1940 753; x_wconf 13' lang='grc' dir='ltr'><strong>μᾷ</strong></span> <span class='ocrx_word' id='word_1_31' title='bbox 2249 682 2455 745; x_wconf 77' lang='grc' dir='ltr'><strong>Πάντες</strong></span> <span class='ocrx_word' id='word_1_32' title='bbox 2481 681 2588 753; x_wconf 81' lang='grc' dir='ltr'>γὰρ</span> <span class='ocrx_word' id='word_1_33' title='bbox 2616 678 2963 743; x_wconf 82' lang='grc' dir='ltr'>οἱδιὼξαντες</span> <span class='ocrx_word' id='word_1_34' title='bbox 2990 674 3151 729; x_wconf 72' lang='grc' dir='ltr'>κακοὶ</span> <span class='ocrx_word' id='word_1_35' title='bbox 3179 671 3366 733; x_wconf 88' lang='grc' dir='ltr'>κακῶς</span> <span class='ocrx_word' id='word_1_36' title='bbox 3401 668 3759 723; x_wconf 78' lang='grc' dir='ltr'><strong>ἀπολοῦνται.</strong></span> 
     </span>
    </p>
   </div>
   <div class='ocr_carea' id='block_1_7' title="bbox 589 751 2156 842">
    <p class='ocr_par' dir='ltr' id='par_1_7' title="bbox 589 751 2078 824">
     <span class='ocr_line' id='line_1_7' title="bbox 589 751 2078 824; baseline -0.007 -12"><span class='ocrx_word' id='word_1_37' title='bbox 589 756 783 812; x_wconf 83' lang='lat' dir='ltr'><strong>Cuncti</strong></span> <span class='ocrx_word' id='word_1_38' title='bbox 812 753 1201 824; x_wconf 91' lang='lat' dir='ltr'><strong>enimimprohi</strong></span> <span class='ocrx_word' id='word_1_39' title='bbox 1234 764 1606 822; x_wconf 75' lang='lat' dir='ltr'><strong>persecutores</strong></span> <span class='ocrx_word' id='word_1_40' title='bbox 1642 752 1781 808; x_wconf 85' lang='lat' dir='ltr'><strong>male</strong></span> <span class='ocrx_word' id='word_1_41' title='bbox 1811 751 2078 821; x_wconf 85' lang='lat' dir='ltr'><strong>peribunt.</strong></span> 
     </span>
    </p>
   </div>
   <div class='ocr_carea' id='block_1_8' title="bbox 2194 751 3761 842">
    <p class='ocr_par' dir='ltr' id='par_1_8' title="bbox 2194 758 3761 842">
     <span class='ocr_line' id='line_1_8' title="bbox 2194 758 3761 842; baseline -0.011 -15"><span class='ocrx_word' id='word_1_42' title='bbox 2194 803 2249 814; x_wconf 94' lang='lat'>—</span> <span class='ocrx_word' id='word_1_43' title='bbox 2275 772 2578 842; x_wconf 84' lang='grc' dir='ltr'>Συγκόπτει</span> <span class='ocrx_word' id='word_1_44' title='bbox 2628 771 2718 823; x_wconf 81' lang='grc' dir='ltr'><strong>τὸν</strong></span> <span class='ocrx_word' id='word_1_45' title='bbox 2747 768 2966 840; x_wconf 80' lang='grc' dir='ltr'><strong>αὐχένα,</strong></span> <span class='ocrx_word' id='word_1_46' title='bbox 3017 766 3075 819; x_wconf 81' lang='grc' dir='ltr'>ὃν</span> <span class='ocrx_word' id='word_1_47' title='bbox 3127 764 3225 835; x_wconf 83' lang='grc' dir='ltr'><strong>οὐχ</strong></span> <span class='ocrx_word' id='word_1_48' title='bbox 3274 760 3628 816; x_wconf 85' lang='grc' dir='ltr'>ὑποϐάλλουσι</span> <span class='ocrx_word' id='word_1_49' title='bbox 3674 758 3761 827; x_wconf 83' lang='grc' dir='ltr'>τῷ</span> 
     </span>
    </p>
   </div>
   <div class='ocr_carea' id='block_1_9' title="bbox 518 840 2085 934">
    <p class='ocr_par' dir='ltr' id='par_1_9' title="bbox 518 840 2079 919">
     <span class='ocr_line' id='line_1_9' title="bbox 518 840 2079 919; baseline -0.006 -18"><span class='ocrx_word' id='word_1_50' title='bbox 518 877 586 888; x_wconf 92' lang='grc'><strong>--</strong></span> <span class='ocrx_word' id='word_1_51' title='bbox 610 845 781 919; x_wconf 75' lang='lat' dir='ltr'><strong>Ctedit</strong></span> <span class='ocrx_word' id='word_1_52' title='bbox 813 845 1077 899; x_wconf 81' lang='lat' dir='ltr'><strong>cervicem</strong></span> <span class='ocrx_word' id='word_1_53' title='bbox 1102 842 1283 911; x_wconf 86' lang='lat' dir='ltr'><strong>justus</strong></span> <span class='ocrx_word' id='word_1_54' title='bbox 1314 843 1594 909; x_wconf 87' lang='lat' dir='ltr'><strong>Dominus,</strong></span> <span class='ocrx_word' id='word_1_55' title='bbox 1624 858 1785 912; x_wconf 86' lang='lat' dir='ltr'><strong>quam</strong></span> <span class='ocrx_word' id='word_1_56' title='bbox 1820 841 1921 897; x_wconf 82' lang='lat' dir='ltr'><strong>levi</strong></span> <span class='ocrx_word' id='word_1_57' title='bbox 1951 840 2079 909; x_wconf 77' lang='lat' dir='ltr'><strong>jugo</strong></span> 
     </span>
    </p>
   </div>
   <div class='ocr_carea' id='block_1_10' title="bbox 2193 840 3760 934">
    <p class='ocr_par' dir='ltr' id='par_1_10' title="bbox 2193 840 3760 934">
     <span class='ocr_line' id='line_1_10' title="bbox 2193 840 3760 934; baseline -0.013 -16"><span class='ocrx_word' id='word_1_58' title='bbox 2193 840 2398 934; x_wconf 72' lang='grc' dir='ltr'>(ρηστῷ</span> <span class='ocrx_word' id='word_1_59' title='bbox 2429 860 2596 933; x_wconf 78' lang='grc' dir='ltr'>ζυγῷ,</span> <span class='ocrx_word' id='word_1_60' title='bbox 2621 863 2648 914; x_wconf 99' lang='lat'><strong>6</strong></span> <span class='ocrx_word' id='word_1_61' title='bbox 2668 861 2871 922; x_wconf 80' lang='grc' dir='ltr'>δίκαιος</span> <span class='ocrx_word' id='word_1_62' title='bbox 2903 857 3105 929; x_wconf 79' lang='grc' dir='ltr'>Κύριος</span> <span class='ocrx_word' id='word_1_63' title='bbox 3123 873 3137 886; x_wconf 83' lang='grc'><strong>·</strong></span> <span class='ocrx_word' id='word_1_64' title='bbox 3164 856 3370 925; x_wconf 83' lang='grc' dir='ltr'><strong>χρηστῇ</strong></span> <span class='ocrx_word' id='word_1_65' title='bbox 3401 852 3460 913; x_wconf 76' lang='grc' dir='ltr'>δὲ</span> <span class='ocrx_word' id='word_1_66' title='bbox 3495 848 3760 921; x_wconf 77' lang='grc' dir='ltr'><strong>προθέσει</strong></span> 
     </span>
    </p>
   </div>
   <div class='ocr_carea' id='block_1_11' title="bbox 521 931 2088 1015">
    <p class='ocr_par' dir='ltr' id='par_1_11' title="bbox 521 931 2079 1002">
     <span class='ocr_line' id='line_1_11' title="bbox 521 931 2079 1002; baseline -0.006 -9"><span class='ocrx_word' id='word_1_67' title='bbox 521 938 812 993; x_wconf 73' lang='lat' dir='ltr'><strong>noluerant</strong></span> <span class='ocrx_word' id='word_1_68' title='bbox 848 933 1141 1002; x_wconf 87' lang='lat' dir='ltr'><strong>subjicere.</strong></span> <span class='ocrx_word' id='word_1_69' title='bbox 1186 933 1284 988; x_wconf 87' lang='lat' dir='ltr'><strong>Pio</strong></span> <span class='ocrx_word' id='word_1_70' title='bbox 1337 944 1517 989; x_wconf 86' lang='lat' dir='ltr'><strong>autem</strong></span> <span class='ocrx_word' id='word_1_71' title='bbox 1552 936 1657 989; x_wconf 86' lang='lat' dir='ltr'><strong>line</strong></span> <span class='ocrx_word' id='word_1_72' title='bbox 1699 936 1802 987; x_wconf 85' lang='lat' dir='ltr'><strong>hoc</strong></span> <span class='ocrx_word' id='word_1_73' title='bbox 1840 931 1988 995; x_wconf 87' lang='lat' dir='ltr'><strong>dicit,</strong></span> <span class='ocrx_word' id='word_1_74' title='bbox 2023 938 2079 984; x_wconf 88' lang='lat' dir='ltr'><strong>ut</strong></span> 
     </span>
    </p>
   </div>
   <div class='ocr_carea' id='block_1_12' title="bbox 2192 931 3759 1015">
    <p class='ocr_par' dir='ltr' id='par_1_12' title="bbox 2192 931 3759 1015">
     <span class='ocr_line' id='line_1_12' title="bbox 2192 931 3759 1015; baseline -0.013 -8"><span class='ocrx_word' id='word_1_75' title='bbox 2192 931 2332 1007; x_wconf 55' lang='lat' dir='ltr'><strong>refuso</strong></span> <span class='ocrx_word' id='word_1_76' title='bbox 2365 931 2526 1015; x_wconf 83' lang='grc' dir='ltr'>ποιεῖ,</span> <span class='ocrx_word' id='word_1_77' title='bbox 2550 931 2725 1014; x_wconf 19' lang='grc' dir='ltr'>γὸπως</span> <span class='ocrx_word' id='word_1_78' title='bbox 2760 947 3122 1009; x_wconf 82' lang='grc' dir='ltr'>ἀποϐαλόντες</span> <span class='ocrx_word' id='word_1_79' title='bbox 3158 946 3256 1015; x_wconf 78' lang='grc' dir='ltr'>τὴν</span> <span class='ocrx_word' id='word_1_80' title='bbox 3296 941 3430 1014; x_wconf 79' lang='grc' dir='ltr'>πρὸς</span> <span class='ocrx_word' id='word_1_81' title='bbox 3460 939 3529 992; x_wconf 85' lang='grc' dir='ltr'><strong>τά</strong></span> <span class='ocrx_word' id='word_1_82' title='bbox 3568 935 3759 1007; x_wconf 83' lang='grc' dir='ltr'>φαῦλα</span> 
     </span>
    </p>
   </div>
   <div class='ocr_carea' id='block_1_13' title="bbox 519 1021 2086 1113">
    <p class='ocr_par' dir='ltr' id='par_1_13' title="bbox 519 1021 2078 1098">
     <span class='ocr_line' id='line_1_13' title="bbox 519 1021 2078 1098; baseline -0.008 -13"><span class='ocrx_word' id='word_1_83' title='bbox 519 1032 594 1085; x_wconf 74' lang='lat' dir='ltr'><strong>illi</strong></span> <span class='ocrx_word' id='word_1_84' title='bbox 627 1030 838 1098; x_wconf 79' lang='lat' dir='ltr'><strong>abiecto</strong></span> <span class='ocrx_word' id='word_1_85' title='bbox 868 1027 1122 1097; x_wconf 70' lang='lat' dir='ltr'><strong>nequitiae</strong></span> <span class='ocrx_word' id='word_1_86' title='bbox 1151 1024 1331 1081; x_wconf 90' lang='lat' dir='ltr'><strong>studio</strong></span> <span class='ocrx_word' id='word_1_87' title='bbox 1359 1034 1415 1081; x_wconf 88' lang='lat' dir='ltr'><strong>et</strong></span> <span class='ocrx_word' id='word_1_88' title='bbox 1452 1025 1677 1094; x_wconf 90' lang='lat' dir='ltr'><strong>impetu,</strong></span> <span class='ocrx_word' id='word_1_89' title='bbox 1716 1021 2078 1090; x_wconf 72' lang='lat' dir='ltr'><strong>subiiciantur</strong></span> 
     </span>
    </p>
   </div>
   <div class='ocr_carea' id='block_1_14' title="bbox 2192 1021 3759 1113">
    <p class='ocr_par' dir='ltr' id='par_1_14' title="bbox 2192 1023 3759 1113">
     <span class='ocr_line' id='line_1_14' title="bbox 2192 1023 3759 1113; baseline -0.013 -14"><span class='ocrx_word' id='word_1_90' title='bbox 2192 1046 2421 1099; x_wconf 80' lang='grc' dir='ltr'>εὐτονίαν</span> <span class='ocrx_word' id='word_1_91' title='bbox 2448 1046 2543 1098; x_wconf 78' lang='grc' dir='ltr'><strong>καὶ</strong></span> <span class='ocrx_word' id='word_1_92' title='bbox 2588 1044 2761 1113; x_wconf 75' lang='grc' dir='ltr'>ἰσχὺν,</span> <span class='ocrx_word' id='word_1_93' title='bbox 2798 1037 3108 1107; x_wconf 84' lang='grc' dir='ltr'>ὑποταγῶσι</span> <span class='ocrx_word' id='word_1_94' title='bbox 3138 1035 3216 1105; x_wconf 84' lang='grc' dir='ltr'><strong>τῷ</strong></span> <span class='ocrx_word' id='word_1_95' title='bbox 3250 1034 3457 1104; x_wconf 80' lang='grc' dir='ltr'><strong>Κυρίῳ,</strong></span> <span class='ocrx_word' id='word_1_96' title='bbox 3500 1023 3544 1096; x_wconf 80' lang='grc' dir='ltr'>ᾧ</span> <span class='ocrx_word' id='word_1_97' title='bbox 3571 1029 3759 1080; x_wconf 83' lang='grc' dir='ltr'>πάντα</span> 
     </span>
    </p>
   </div>
   <div class='ocr_carea' id='block_1_15' title="bbox 518 1113 2085 1208">
    <p class='ocr_par' dir='ltr' id='par_1_15' title="bbox 518 1113 2078 1197">
     <span class='ocr_line' id='line_1_15' title="bbox 518 1113 2078 1197; baseline -0.007 -20"><span class='ocrx_word' id='word_1_98' title='bbox 518 1123 765 1197; x_wconf 84' lang='lat' dir='ltr'><strong>Domino,</strong></span> <span class='ocrx_word' id='word_1_99' title='bbox 799 1121 885 1176; x_wconf 92' lang='lat' dir='ltr'><strong>cui</strong></span> <span class='ocrx_word' id='word_1_100' title='bbox 911 1120 1091 1176; x_wconf 87' lang='lat' dir='ltr'><strong>omnia</strong></span> <span class='ocrx_word' id='word_1_101' title='bbox 1120 1119 1259 1174; x_wconf 79' lang='lat' dir='ltr'><strong>nuda</strong></span> <span class='ocrx_word' id='word_1_102' title='bbox 1288 1128 1344 1173; x_wconf 87' lang='lat' dir='ltr'><strong>et</strong></span> <span class='ocrx_word' id='word_1_103' title='bbox 1371 1117 1620 1191; x_wconf 86' lang='lat' dir='ltr'><strong>distincta</strong></span> <span class='ocrx_word' id='word_1_104' title='bbox 1648 1124 1795 1170; x_wconf 89' lang='lat' dir='ltr'><strong>sunt.</strong></span> <span class='ocrx_word' id='word_1_105' title='bbox 1826 1113 1928 1167; x_wconf 88' lang='lat' dir='ltr'><strong>Pro</strong></span> <span class='ocrx_word' id='word_1_106' title='bbox 1955 1130 2078 1167; x_wconf 86' lang='lat' dir='ltr'><strong>con-</strong></span> 
     </span>
    </p>
   </div>
   <div class='ocr_carea' id='block_1_16' title="bbox 2192 1113 3759 1208">
    <p class='ocr_par' dir='ltr' id='par_1_16' title="bbox 2192 1122 3759 1208">
     <span class='ocr_line' id='line_1_16' title="bbox 2192 1122 3759 1208; baseline -0.011 -17"><span class='ocrx_word' id='word_1_107' title='bbox 2192 1137 2356 1208; x_wconf 62' lang='grc' dir='ltr'>γυμνὰ</span> <span class='ocrx_word' id='word_1_108' title='bbox 2382 1138 2475 1190; x_wconf 72' lang='grc' dir='ltr'>καὶ</span> <span class='ocrx_word' id='word_1_109' title='bbox 2502 1133 2971 1206; x_wconf 78' lang='grc' dir='ltr'><strong>τετραχηλισμένα</strong></span> <span class='ocrx_word' id='word_1_110' title='bbox 3009 1128 3176 1183; x_wconf 80' lang='grc' dir='ltr'>ἐστίν.</span> <span class='ocrx_word' id='word_1_111' title='bbox 3216 1127 3362 1179; x_wconf 78' lang='grc' dir='ltr'>Ἀντὶ</span> <span class='ocrx_word' id='word_1_112' title='bbox 3389 1124 3443 1177; x_wconf 83' lang='grc' dir='ltr'>δὲ</span> <span class='ocrx_word' id='word_1_113' title='bbox 3465 1122 3577 1186; x_wconf 88' lang='grc' dir='ltr'>τοῦ,</span> <span class='ocrx_word' id='word_1_114' title='bbox 3598 1137 3759 1175; x_wconf 79' lang='grc' dir='ltr'><strong>συν-</strong></span> 
     </span>
    </p>
   </div>
   <div class='ocr_carea' id='block_1_17' title="bbox 517 1206 2084 1297">
    <p class='ocr_par' dir='ltr' id='par_1_17' title="bbox 517 1206 2074 1283">
     <span class='ocr_line' id='line_1_17' title="bbox 517 1206 2074 1283; baseline -0.006 -15"><span class='ocrx_word' id='word_1_115' title='bbox 517 1216 645 1269; x_wconf 89' lang='lat' dir='ltr'><strong>cidit</strong></span> <span class='ocrx_word' id='word_1_116' title='bbox 688 1223 890 1278; x_wconf 85' lang='lat' dir='ltr'><strong>autem,</strong></span> <span class='ocrx_word' id='word_1_117' title='bbox 937 1208 1444 1283; x_wconf 77' lang='lat' dir='ltr'><strong>Aquilas.preecidit</strong></span> <span class='ocrx_word' id='word_1_118' title='bbox 1495 1208 1707 1277; x_wconf 86' lang='lat' dir='ltr'><strong>laqueos</strong></span> <span class='ocrx_word' id='word_1_119' title='bbox 1756 1206 2074 1275; x_wconf 85' lang='lat' dir='ltr'><strong>impiorum;</strong></span> 
     </span>
    </p>
   </div>
   <div class='ocr_carea' id='block_1_18' title="bbox 2193 1206 3760 1297">
    <p class='ocr_par' dir='ltr' id='par_1_18' title="bbox 2193 1206 3760 1297">
     <span class='ocr_line' id='line_1_18' title="bbox 2193 1206 3760 1297; baseline -0.01 -18"><span class='ocrx_word' id='word_1_120' title='bbox 2193 1206 2395 1297; x_wconf 66' lang='grc' dir='ltr'><em>ἔκοψεν</em></span> <span class='ocrx_word' id='word_1_121' title='bbox 2430 1227 2692 1296; x_wconf 81' lang='grc' dir='ltr'><strong>αὐχένας</strong></span> <span class='ocrx_word' id='word_1_122' title='bbox 2732 1219 3109 1293; x_wconf 73' lang='grc' dir='ltr'><strong>ἁμαρτωλῶν,</strong></span> <span class='ocrx_word' id='word_1_123' title='bbox 3140 1218 3368 1282; x_wconf 79' lang='grc' dir='ltr'>Ἀκύλας</span> <span class='ocrx_word' id='word_1_124' title='bbox 3415 1213 3760 1280; x_wconf 66' lang='grc' dir='ltr'><em>κατέκοψεν</em></span> 
     </span>
    </p>
   </div>
   <div class='ocr_carea' id='block_1_19' title="bbox 517 1297 2084 1381">
    <p class='ocr_par' dir='ltr' id='par_1_19' title="bbox 517 1297 2074 1375">
     <span class='ocr_line' id='line_1_19' title="bbox 517 1297 2074 1375; baseline -0.006 -16"><span class='ocrx_word' id='word_1_125' title='bbox 517 1304 895 1375; x_wconf 83' lang='lat' dir='ltr'><strong>Symmachus,</strong></span> <span class='ocrx_word' id='word_1_126' title='bbox 914 1299 1149 1369; x_wconf 73' lang='grc' dir='ltr'>ρνωεὶάὶι</span> <span class='ocrx_word' id='word_1_127' title='bbox 1163 1299 1375 1368; x_wconf 75' lang='lat' dir='ltr'><strong>laqueos</strong></span> <span class='ocrx_word' id='word_1_128' title='bbox 1392 1297 1875 1367; x_wconf 76' lang='lat' dir='ltr'><strong>prwuaricatorum;</strong></span> <span class='ocrx_word' id='word_1_129' title='bbox 1890 1298 2074 1366; x_wconf 86' lang='lat' dir='ltr'><strong>quinta</strong></span> 
     </span>
    </p>
   </div>
   <div class='ocr_carea' id='block_1_20' title="bbox 2191 1297 3758 1381">
    <p class='ocr_par' dir='ltr' id='par_1_20' title="bbox 2191 1303 3758 1381">
     <span class='ocr_line' id='line_1_20' title="bbox 2191 1303 3758 1381; baseline -0.006 -17"><span class='ocrx_word' id='word_1_130' title='bbox 2191 1314 2434 1381; x_wconf 72' lang='grc' dir='ltr'>Βρόχους</span> <span class='ocrx_word' id='word_1_131' title='bbox 2463 1310 2723 1368; x_wconf 76' lang='grc' dir='ltr'>ἀσεϐῶν·</span> <span class='ocrx_word' id='word_1_132' title='bbox 2757 1312 2785 1363; x_wconf 90' lang='lat'><strong>6</strong></span> <span class='ocrx_word' id='word_1_133' title='bbox 2810 1311 2865 1364; x_wconf 82' lang='grc' dir='ltr'><strong>δὲ</strong></span> <span class='ocrx_word' id='word_1_134' title='bbox 2892 1308 3203 1379; x_wconf 80' lang='grc' dir='ltr'>Σύμμαχος,</span> <span class='ocrx_word' id='word_1_135' title='bbox 3240 1306 3572 1373; x_wconf 72' lang='grc' dir='ltr'><strong>κατέκοψεν</strong></span> <span class='ocrx_word' id='word_1_136' title='bbox 3601 1303 3758 1371; x_wconf 78' lang='grc' dir='ltr'>βρό-</span> 
     </span>
    </p>
   </div>
   <div class='ocr_carea' id='block_1_21' title="bbox 517 1385 2084 1479">
    <p class='ocr_par' dir='ltr' id='par_1_21' title="bbox 517 1385 2076 1459">
     <span class='ocr_line' id='line_1_21' title="bbox 517 1385 2076 1459; baseline -0.006 -10"><span class='ocrx_word' id='word_1_137' title='bbox 517 1387 729 1454; x_wconf 71' lang='lat' dir='ltr'><strong>demum</strong></span> <span class='ocrx_word' id='word_1_138' title='bbox 756 1392 940 1455; x_wconf 87' lang='lat' dir='ltr'><strong>editio,</strong></span> <span class='ocrx_word' id='word_1_139' title='bbox 962 1390 1132 1445; x_wconf 76' lang='lat' dir='ltr'><strong>clauos</strong></span> <span class='ocrx_word' id='word_1_140' title='bbox 1152 1389 1507 1459; x_wconf 88' lang='lat' dir='ltr'><strong>improborum</strong></span> <span class='ocrx_word' id='word_1_141' title='bbox 1536 1388 1821 1443; x_wconf 83' lang='lat' dir='ltr'><strong>ediderunt</strong></span> <span class='ocrx_word' id='word_1_142' title='bbox 1843 1404 1855 1439; x_wconf 92' lang='lat'><strong>:</strong></span> <span class='ocrx_word' id='word_1_143' title='bbox 1881 1385 2076 1454; x_wconf 88' lang='lat' dir='ltr'><strong>quibus</strong></span> 
     </span>
    </p>
   </div>
   <div class='ocr_carea' id='block_1_22' title="bbox 2193 1385 3760 1479">
    <p class='ocr_par' dir='ltr' id='par_1_22' title="bbox 2193 1395 3760 1473">
     <span class='ocr_line' id='line_1_22' title="bbox 2193 1395 3760 1473; baseline -0.008 -15"><span class='ocrx_word' id='word_1_144' title='bbox 2193 1422 2320 1473; x_wconf 70' lang='grc' dir='ltr'>ίους</span> <span class='ocrx_word' id='word_1_145' title='bbox 2346 1406 2704 1473; x_wconf 80' lang='grc' dir='ltr'>παρανόμων</span> <span class='ocrx_word' id='word_1_146' title='bbox 2728 1420 2741 1433; x_wconf 76' lang='grc' dir='ltr'><strong>ο</strong></span> <span class='ocrx_word' id='word_1_147' title='bbox 2793 1404 2826 1472; x_wconf 85' lang='grc' dir='ltr'><strong>ή</strong></span> <span class='ocrx_word' id='word_1_148' title='bbox 2866 1402 2923 1455; x_wconf 84' lang='grc' dir='ltr'>δὲ</span> <span class='ocrx_word' id='word_1_149' title='bbox 2974 1402 3197 1472; x_wconf 85' lang='grc' dir='ltr'>πέμπτη</span> <span class='ocrx_word' id='word_1_150' title='bbox 3243 1398 3471 1459; x_wconf 74' lang='grc' dir='ltr'>ἕκδοσις,</span> <span class='ocrx_word' id='word_1_151' title='bbox 3506 1395 3760 1458; x_wconf 75' lang='grc' dir='ltr'>κλοιοὺς</span> 
     </span>
    </p>
   </div>
   <div class='ocr_carea' id='block_1_23' title="bbox 514 1475 2081 1563">
    <p class='ocr_par' dir='ltr' id='par_1_23' title="bbox 514 1475 2075 1554">
     <span class='ocr_line' id='line_1_23' title="bbox 514 1475 2075 1554; baseline -0.004 -17"><span class='ocrx_word' id='word_1_152' title='bbox 514 1482 694 1541; x_wconf 71' lang='lat' dir='ltr'><strong>verbis</strong></span> <span class='ocrx_word' id='word_1_153' title='bbox 722 1476 1122 1554; x_wconf 8' lang='lat' dir='ltr'><strong>isignillcantur</strong></span> <span class='ocrx_word' id='word_1_154' title='bbox 1177 1481 1450 1535; x_wconf 86' lang='lat' dir='ltr'><strong>subornati</strong></span> <span class='ocrx_word' id='word_1_155' title='bbox 1493 1478 1561 1533; x_wconf 89' lang='lat' dir='ltr'><strong>ab</strong></span> <span class='ocrx_word' id='word_1_156' title='bbox 1606 1477 1788 1548; x_wconf 85' lang='lat' dir='ltr'><strong>impiis</strong></span> <span class='ocrx_word' id='word_1_157' title='bbox 1834 1485 1893 1530; x_wconf 91' lang='lat' dir='ltr'><strong>ut</strong></span> <span class='ocrx_word' id='word_1_158' title='bbox 1928 1475 2075 1544; x_wconf 85' lang='lat' dir='ltr'><strong>justo</strong></span> 
     </span>
    </p>
   </div>
   <div class='ocr_carea' id='block_1_24' title="bbox 2191 1475 3758 1563">
    <p class='ocr_par' dir='ltr' id='par_1_24' title="bbox 2191 1480 3758 1563">
     <span class='ocr_line' id='line_1_24' title="bbox 2191 1480 3758 1563; baseline -0.009 -16"><span class='ocrx_word' id='word_1_159' title='bbox 2191 1494 2425 1563; x_wconf 73' lang='grc' dir='ltr'>ὶνόμων,</span> <span class='ocrx_word' id='word_1_160' title='bbox 2463 1491 2819 1547; x_wconf 83' lang='grc' dir='ltr'>ὲκδεδώκασιν</span> <span class='ocrx_word' id='word_1_161' title='bbox 2840 1509 2852 1521; x_wconf 90' lang='grc'><strong>·</strong></span> <span class='ocrx_word' id='word_1_162' title='bbox 2880 1486 3164 1561; x_wconf 77' lang='grc' dir='ltr'>δηλοῦντος</span> <span class='ocrx_word' id='word_1_163' title='bbox 3185 1487 3277 1541; x_wconf 87' lang='grc' dir='ltr'><strong>τοῦ</strong></span> <span class='ocrx_word' id='word_1_164' title='bbox 3296 1486 3475 1554; x_wconf 86' lang='grc' dir='ltr'>λόγου,</span> <span class='ocrx_word' id='word_1_165' title='bbox 3495 1484 3619 1545; x_wconf 72' lang='grc' dir='ltr'>τοὺς</span> <span class='ocrx_word' id='word_1_166' title='bbox 3641 1480 3758 1535; x_wconf 80' lang='grc' dir='ltr'>ὑπὸ</span> 
     </span>
    </p>
   </div>
   <div class='ocr_carea' id='block_1_25' title="bbox 516 1568 2083 1652">
    <p class='ocr_par' dir='ltr' id='par_1_25' title="bbox 516 1568 2072 1633">
     <span class='ocr_line' id='line_1_25' title="bbox 516 1568 2072 1633; baseline -0.005 -1"><span class='ocrx_word' id='word_1_167' title='bbox 516 1577 837 1633; x_wconf 76' lang='lat' dir='ltr'><strong>insidientur</strong></span> <span class='ocrx_word' id='word_1_168' title='bbox 860 1576 1130 1632; x_wconf 88' lang='lat' dir='ltr'><strong>homines.</strong></span> <span class='ocrx_word' id='word_1_169' title='bbox 1160 1573 1467 1628; x_wconf 68' lang='lat' dir='ltr'><strong>Prmdicunt</strong></span> <span class='ocrx_word' id='word_1_170' title='bbox 1502 1572 1629 1626; x_wconf 89' lang='lat' dir='ltr'><strong>item</strong></span> <span class='ocrx_word' id='word_1_171' title='bbox 1664 1570 1749 1625; x_wconf 68' lang='lat' dir='ltr'><strong>hac</strong></span> <span class='ocrx_word' id='word_1_172' title='bbox 1773 1568 2072 1624; x_wconf 87' lang='lat' dir='ltr'><strong>locutiones</strong></span> 
     </span>
    </p>
   </div>
   <div class='ocr_carea' id='block_1_26' title="bbox 2191 1568 3758 1652">
    <p class='ocr_par' dir='ltr' id='par_1_26' title="bbox 2191 1568 3758 1652">
     <span class='ocr_line' id='line_1_26' title="bbox 2191 1568 3758 1652; baseline -0.006 -17"><span class='ocrx_word' id='word_1_173' title='bbox 2191 1584 2278 1637; x_wconf 78' lang='grc' dir='ltr'><strong>τῶν</strong></span> <span class='ocrx_word' id='word_1_174' title='bbox 2315 1584 2525 1638; x_wconf 89' lang='grc' dir='ltr'>ἀσεϐῶν</span> <span class='ocrx_word' id='word_1_175' title='bbox 2586 1587 2666 1647; x_wconf 76' lang='grc' dir='ltr'><strong>εἰς</strong></span> <span class='ocrx_word' id='word_1_176' title='bbox 2697 1582 2985 1652; x_wconf 80' lang='grc' dir='ltr'>ἐπιϐουλὴν</span> <span class='ocrx_word' id='word_1_177' title='bbox 3029 1580 3121 1633; x_wconf 90' lang='grc' dir='ltr'><strong>τοῦ</strong></span> <span class='ocrx_word' id='word_1_178' title='bbox 3158 1568 3366 1633; x_wconf 68' lang='grc' dir='ltr'>δικαίου</span> <span class='ocrx_word' id='word_1_179' title='bbox 3415 1588 3758 1628; x_wconf 85' lang='grc' dir='ltr'>κατεσκευα-</span> 
     </span>
    </p>
   </div>
   <div class='ocr_carea' id='block_1_27' title="bbox 514 1661 3760 1746">
    <p class='ocr_par' dir='ltr' id='par_1_27' title="bbox 514 1661 3760 1746">
     <span class='ocr_line' id='line_1_27' title="bbox 514 1661 3760 1746; baseline -0.007 -7"><span class='ocrx_word' id='word_1_180' title='bbox 514 1683 824 1738; x_wconf 71' lang='grc' dir='ltr'>ειιντθηιυιιι</span> <span class='ocrx_word' id='word_1_181' title='bbox 855 1666 1040 1731; x_wconf 66' lang='lat' dir='ltr'><strong>“nemo</strong></span> <span class='ocrx_word' id='word_1_182' title='bbox 1081 1672 1389 1734; x_wconf 71' lang='lat' dir='ltr'><strong>mortesque</strong></span> <span class='ocrx_word' id='word_1_183' title='bbox 1436 1677 1623 1718; x_wconf 69' lang='grc' dir='ltr'><strong>θοτυίη</strong></span> <span class='ocrx_word' id='word_1_184' title='bbox 1672 1661 1763 1731; x_wconf 69' lang='lat' dir='ltr'><strong>qui</strong></span> <span class='ocrx_word' id='word_1_185' title='bbox 1806 1674 1901 1728; x_wconf 70' lang='grc' dir='ltr'><strong>Ρθτ</strong></span> <span class='ocrx_word' id='word_1_186' title='bbox 1937 1669 2073 1714; x_wconf 73' lang='grc' dir='ltr'><strong>ίθιη·</strong></span> <span class='ocrx_word' id='word_1_187' title='bbox 2174 1675 2433 1746; x_wconf 81' lang='grc' dir='ltr'>σμένους·</span> <span class='ocrx_word' id='word_1_188' title='bbox 2455 1673 2697 1740; x_wconf 79' lang='grc' dir='ltr'>θεσπίζει</span> <span class='ocrx_word' id='word_1_189' title='bbox 2729 1675 2785 1728; x_wconf 84' lang='grc' dir='ltr'>δὲ</span> <span class='ocrx_word' id='word_1_190' title='bbox 2809 1676 2901 1727; x_wconf 78' lang='grc' dir='ltr'>καὶ</span> <span class='ocrx_word' id='word_1_191' title='bbox 2915 1673 3004 1727; x_wconf 81' lang='grc' dir='ltr'>διὰ</span> <span class='ocrx_word' id='word_1_192' title='bbox 3034 1672 3236 1726; x_wconf 85' lang='grc' dir='ltr'>τούτων</span> <span class='ocrx_word' id='word_1_193' title='bbox 3259 1673 3287 1724; x_wconf 94' lang='lat'><strong>6</strong></span> <span class='ocrx_word' id='word_1_194' title='bbox 3307 1670 3461 1736; x_wconf 80' lang='grc' dir='ltr'>λόγος</span> <span class='ocrx_word' id='word_1_195' title='bbox 3487 1666 3555 1720; x_wconf 78' lang='grc' dir='ltr'>τὰ</span> <span class='ocrx_word' id='word_1_196' title='bbox 3586 1666 3760 1735; x_wconf 79' lang='grc' dir='ltr'>ἔσχα-</span> 
     </span>
    </p>
   </div>
   <div class='ocr_carea' id='block_1_28' title="bbox 514 1750 2081 1838">
    <p class='ocr_par' dir='ltr' id='par_1_28' title="bbox 514 1750 2070 1827">
     <span class='ocr_line' id='line_1_28' title="bbox 514 1750 2070 1827; baseline -0.006 -14"><span class='ocrx_word' id='word_1_197' title='bbox 514 1775 643 1827; x_wconf 85' lang='lat' dir='ltr'><strong>pora</strong></span> <span class='ocrx_word' id='word_1_198' title='bbox 680 1758 975 1813; x_wconf 74' lang='lat' dir='ltr'><strong>Ecclesium</strong></span> <span class='ocrx_word' id='word_1_199' title='bbox 1008 1757 1101 1813; x_wconf 90' lang='lat' dir='ltr'><strong>Dei</strong></span> <span class='ocrx_word' id='word_1_200' title='bbox 1126 1756 1355 1826; x_wconf 81' lang='lat' dir='ltr'><strong>ejusque</strong></span> <span class='ocrx_word' id='word_1_201' title='bbox 1380 1753 1633 1824; x_wconf 83' lang='lat' dir='ltr'><strong>populum</strong></span> <span class='ocrx_word' id='word_1_202' title='bbox 1685 1750 1935 1823; x_wconf 85' lang='lat' dir='ltr'><strong>persequi</strong></span> <span class='ocrx_word' id='word_1_203' title='bbox 1976 1765 2070 1804; x_wconf 90' lang='lat' dir='ltr'><strong>vo-</strong></span> 
     </span>
    </p>
   </div>
   <div class='ocr_carea' id='block_1_29' title="bbox 2191 1750 3758 1838">
    <p class='ocr_par' dir='ltr' id='par_1_29' title="bbox 2191 1758 3758 1838">
     <span class='ocr_line' id='line_1_29' title="bbox 2191 1758 3758 1838; baseline -0.006 -19"><span class='ocrx_word' id='word_1_204' title='bbox 2191 1785 2237 1820; x_wconf 81' lang='grc' dir='ltr'><strong>τα</strong></span> <span class='ocrx_word' id='word_1_205' title='bbox 2250 1768 2398 1838; x_wconf 88' lang='grc' dir='ltr'>τέλη,</span> <span class='ocrx_word' id='word_1_206' title='bbox 2426 1768 2621 1822; x_wconf 79' lang='grc' dir='ltr'>καὶτὸν</span> <span class='ocrx_word' id='word_1_207' title='bbox 2636 1767 2853 1838; x_wconf 75' lang='grc' dir='ltr'>ὄλεθρον</span> <span class='ocrx_word' id='word_1_208' title='bbox 2878 1765 2984 1819; x_wconf 88' lang='grc' dir='ltr'><strong>τῶν</strong></span> <span class='ocrx_word' id='word_1_209' title='bbox 3011 1764 3150 1818; x_wconf 87' lang='grc' dir='ltr'><strong>κατά</strong></span> <span class='ocrx_word' id='word_1_210' title='bbox 3169 1763 3391 1834; x_wconf 79' lang='grc' dir='ltr'>καιροὺς</span> <span class='ocrx_word' id='word_1_211' title='bbox 3410 1760 3503 1831; x_wconf 83' lang='grc' dir='ltr'>τὴν</span> <span class='ocrx_word' id='word_1_212' title='bbox 3518 1758 3758 1828; x_wconf 84' lang='grc' dir='ltr'>Ἐκκλη-</span> 
     </span>
    </p>
   </div>
   <div class='ocr_carea' id='block_1_30' title="bbox 443 1849 3756 1923">
    <p class='ocr_par' dir='ltr' id='par_1_30' title="bbox 443 1849 3756 1923">
     <span class='ocr_line' id='line_1_30' title="bbox 443 1849 3756 1923; baseline -0.008 3"><span class='ocrx_word' id='word_1_213' title='bbox 443 1910 463 1919; x_wconf 90' lang='grc'><strong><em>-</em></strong></span> <span class='ocrx_word' id='word_1_214' title='bbox 514 1849 728 1904; x_wconf 66' lang='lat' dir='ltr'><strong>luerim-</strong></span> <span class='ocrx_word' id='word_1_215' title='bbox 2102 1861 2141 1914; x_wconf 85' lang='grc' dir='ltr'><strong><em>Β</em></strong></span> <span class='ocrx_word' id='word_1_216' title='bbox 2173 1858 2292 1910; x_wconf 80' lang='grc' dir='ltr'>σίαν</span> <span class='ocrx_word' id='word_1_217' title='bbox 2328 1858 2422 1911; x_wconf 91' lang='grc' dir='ltr'><strong>τοῦ</strong></span> <span class='ocrx_word' id='word_1_218' title='bbox 2453 1858 2587 1912; x_wconf 84' lang='grc' dir='ltr'>Θεοῦ</span> <span class='ocrx_word' id='word_1_219' title='bbox 2628 1860 2721 1911; x_wconf 77' lang='grc' dir='ltr'>καὶ</span> <span class='ocrx_word' id='word_1_220' title='bbox 2752 1859 2844 1912; x_wconf 80' lang='grc' dir='ltr'><strong>τὸν</strong></span> <span class='ocrx_word' id='word_1_221' title='bbox 2872 1857 2997 1911; x_wconf 78' lang='grc' dir='ltr'>λαὸν</span> <span class='ocrx_word' id='word_1_222' title='bbox 3029 1853 3193 1909; x_wconf 82' lang='grc' dir='ltr'>αὑτοῦ</span> <span class='ocrx_word' id='word_1_223' title='bbox 3241 1853 3493 1923; x_wconf 86' lang='grc' dir='ltr'>πολεμεῖν</span> <span class='ocrx_word' id='word_1_224' title='bbox 3536 1851 3756 1920; x_wconf 74' lang='grc' dir='ltr'>ἐπιχει-</span> 
     </span>
    </p>
   </div>
   <div class='ocr_carea' id='block_1_31' title="bbox 1007 1968 2574 2093">
    <p class='ocr_par' dir='ltr' id='par_1_31' title="bbox 1007 1968 2433 2078">
     <span class='ocr_line' id='line_1_31' title="bbox 1007 1968 2433 2078; baseline -0.009 0"><span class='ocrx_word' id='word_1_225' title='bbox 1007 1990 1330 2078; x_wconf 78' lang='lat' dir='ltr'><strong>PSALMUS</strong></span> <span class='ocrx_word' id='word_1_226' title='bbox 1364 2017 1600 2074; x_wconf 70' lang='lat' dir='ltr'><strong>cxxnx.</strong></span> <span class='ocrx_word' id='word_1_227' title='bbox 1866 2032 1867 2035; x_wconf 77' lang='lat'>~</span> <span class='ocrx_word' id='word_1_228' title='bbox 2180 1968 2433 2023; x_wconf 49' lang='lat' dir='ltr'><strong>“mw</strong></span> 
     </span>
    </p>
   </div>
   <div class='ocr_carea' id='block_1_32' title="bbox 1640 1968 3207 2093">
    <p class='ocr_par' dir='ltr' id='par_1_32' title="bbox 1866 1968 3207 2093">
     <span class='ocr_line' id='line_1_32' title="bbox 1866 1968 2949 2035; baseline -0.006 -27"><span class='ocrx_word' id='word_1_229' title='bbox 1866 2032 1867 2035; x_wconf 11' lang='grc' dir='ltr'><strong>η</strong></span> <span class='ocrx_word' id='word_1_230' title='bbox 2180 1968 2433 2023; x_wconf 86' lang='grc' dir='ltr'>ρουντων.</span> <span class='ocrx_word' id='word_1_231' title='bbox 2945 1978 2949 1983; x_wconf 66' lang='grc' dir='ltr'><strong>τ</strong></span> 
     </span>
     <span class='ocr_line' id='line_1_33' title="bbox 2713 2038 3207 2093; baseline -0.004 0"><span class='ocrx_word' id='word_1_232' title='bbox 2713 2041 3005 2093; x_wconf 81' lang='grc' dir='ltr'><strong>ΨΑΛΜΟΣ</strong></span> <span class='ocrx_word' id='word_1_233' title='bbox 3033 2038 3207 2092; x_wconf 77' lang='lat' dir='ltr'><strong>PKG’.</strong></span> 
     </span>
    </p>
   </div>
   <div class='ocr_carea' id='block_1_33' title="bbox 584 2109 2151 2208">
    <p class='ocr_par' dir='ltr' id='par_1_33' title="bbox 584 2109 2070 2189">
     <span class='ocr_line' id='line_1_34' title="bbox 584 2109 2070 2189; baseline -0.009 -15"><span class='ocrx_word' id='word_1_234' title='bbox 584 2119 658 2174; x_wconf 92' lang='lat' dir='ltr'><strong>De</strong></span> <span class='ocrx_word' id='word_1_235' title='bbox 686 2119 885 2174; x_wconf 88' lang='lat' dir='ltr'><strong>Christi</strong></span> <span class='ocrx_word' id='word_1_236' title='bbox 921 2118 1118 2189; x_wconf 91' lang='lat' dir='ltr'><strong>populo</strong></span> <span class='ocrx_word' id='word_1_237' title='bbox 1144 2116 1247 2171; x_wconf 90' lang='lat' dir='ltr'><strong>dici</strong></span> <span class='ocrx_word' id='word_1_238' title='bbox 1288 2130 1395 2169; x_wconf 86' lang='lat' dir='ltr'><strong>non</strong></span> <span class='ocrx_word' id='word_1_239' title='bbox 1440 2122 1621 2183; x_wconf 81' lang='lat' dir='ltr'><strong>potest</strong></span> <span class='ocrx_word' id='word_1_240' title='bbox 1653 2131 1665 2166; x_wconf 94' lang='lat'>:</span> <span class='ocrx_word' id='word_1_241' title='bbox 1712 2109 1946 2181; x_wconf 86' lang='lat' dir='ltr'><strong>Populus</strong></span> <span class='ocrx_word' id='word_1_242' title='bbox 1987 2110 2070 2162; x_wconf 82' lang='lat' dir='ltr'><strong>hic</strong></span> 
     </span>
    </p>
   </div>
   <div class='ocr_carea' id='block_1_34' title="bbox 2186 2109 3753 2208">
    <p class='ocr_par' dir='ltr' id='par_1_34' title="bbox 2244 2124 3753 2208">
     <span class='ocr_line' id='line_1_35' title="bbox 2244 2124 3753 2208; baseline -0.009 -19"><span class='ocrx_word' id='word_1_243' title='bbox 2244 2136 2380 2208; x_wconf 70' lang='grc' dir='ltr'>Περὶ</span> <span class='ocrx_word' id='word_1_244' title='bbox 2416 2134 2511 2188; x_wconf 87' lang='grc' dir='ltr'><strong>τοῦ</strong></span> <span class='ocrx_word' id='word_1_245' title='bbox 2544 2132 2672 2187; x_wconf 90' lang='grc' dir='ltr'>λαοῦ</span> <span class='ocrx_word' id='word_1_246' title='bbox 2718 2134 2818 2185; x_wconf 81' lang='grc' dir='ltr'><strong>οὐκ</strong></span> <span class='ocrx_word' id='word_1_247' title='bbox 2854 2132 2998 2185; x_wconf 76' lang='grc' dir='ltr'>ἔστιν</span> <span class='ocrx_word' id='word_1_248' title='bbox 3039 2133 3213 2184; x_wconf 76' lang='grc' dir='ltr'>εἰπεῖν</span> <span class='ocrx_word' id='word_1_249' title='bbox 3254 2128 3348 2181; x_wconf 86' lang='grc' dir='ltr'><strong>τοῦ</strong></span> <span class='ocrx_word' id='word_1_250' title='bbox 3390 2124 3624 2198; x_wconf 76' lang='grc' dir='ltr'>Χριστοῦ</span> <span class='ocrx_word' id='word_1_251' title='bbox 3665 2124 3753 2190; x_wconf 80' lang='grc' dir='ltr'><strong>τὸ,</strong></span> 
     </span>
    </p>
   </div>
   <div class='ocr_carea' id='block_1_35' title="bbox 511 2204 2078 2294">
    <p class='ocr_par' dir='ltr' id='par_1_35' title="bbox 511 2204 2069 2273">
     <span class='ocr_line' id='line_1_36' title="bbox 511 2204 2069 2273; baseline -0.006 -9"><span class='ocrx_word' id='word_1_252' title='bbox 511 2213 663 2266; x_wconf 91' lang='lat' dir='ltr'><strong>labiis</strong></span> <span class='ocrx_word' id='word_1_253' title='bbox 703 2227 785 2265; x_wconf 91' lang='lat' dir='ltr'><strong>me</strong></span> <span class='ocrx_word' id='word_1_254' title='bbox 832 2211 1078 2273; x_wconf 80' lang='lat' dir='ltr'><strong>honorat,</strong></span> <span class='ocrx_word' id='word_1_255' title='bbox 1127 2224 1216 2262; x_wconf 88' lang='lat' dir='ltr'><strong>cor</strong></span> <span class='ocrx_word' id='word_1_256' title='bbox 1280 2217 1454 2260; x_wconf 86' lang='lat' dir='ltr'><strong>autem</strong></span> <span class='ocrx_word' id='word_1_257' title='bbox 1502 2222 1681 2259; x_wconf 88' lang='lat' dir='ltr'><strong>eorum</strong></span> <span class='ocrx_word' id='word_1_258' title='bbox 1725 2204 1873 2273; x_wconf 84' lang='lat' dir='ltr'><strong>longe</strong></span> <span class='ocrx_word' id='word_1_259' title='bbox 1918 2212 1993 2256; x_wconf 87' lang='lat' dir='ltr'><strong>est</strong></span> <span class='ocrx_word' id='word_1_260' title='bbox 2037 2220 2069 2255; x_wconf 90' lang='lat' dir='ltr'><strong>a</strong></span> 
     </span>
    </p>
   </div>
   <div class='ocr_carea' id='block_1_36' title="bbox 2189 2204 3756 2294">
    <p class='ocr_par' dir='ltr' id='par_1_36' title="bbox 2189 2204 3756 2294">
     <span class='ocr_line' id='line_1_37' title="bbox 2189 2204 3756 2294; baseline -0.008 -14"><span class='ocrx_word' id='word_1_261' title='bbox 2189 2228 2241 2280; x_wconf 83' lang='grc' dir='ltr'><strong><em>Ὀ</em></strong></span> <span class='ocrx_word' id='word_1_262' title='bbox 2267 2204 2417 2294; x_wconf 83' lang='grc' dir='ltr'>λαὸς</span> <span class='ocrx_word' id='word_1_263' title='bbox 2444 2221 2623 2291; x_wconf 87' lang='grc' dir='ltr'>οὗτος</span> <span class='ocrx_word' id='word_1_264' title='bbox 2652 2223 2776 2290; x_wconf 84' lang='grc' dir='ltr'>τοῖς</span> <span class='ocrx_word' id='word_1_265' title='bbox 2819 2223 3052 2292; x_wconf 78' lang='grc' dir='ltr'>χείλεσι</span> <span class='ocrx_word' id='word_1_266' title='bbox 3088 2238 3159 2292; x_wconf 84' lang='grc' dir='ltr'><strong>με</strong></span> <span class='ocrx_word' id='word_1_267' title='bbox 3190 2218 3347 2289; x_wconf 80' lang='grc' dir='ltr'>τιμᾷ,</span> <span class='ocrx_word' id='word_1_268' title='bbox 3381 2220 3418 2286; x_wconf 73' lang='grc' dir='ltr'>ἡ</span> <span class='ocrx_word' id='word_1_269' title='bbox 3446 2218 3512 2269; x_wconf 86' lang='grc' dir='ltr'>δὲ</span> <span class='ocrx_word' id='word_1_270' title='bbox 3532 2215 3756 2283; x_wconf 78' lang='grc' dir='ltr'><strong>καρδία</strong></span> 
     </span>
    </p>
   </div>
   <div class='ocr_carea' id='block_1_37' title="bbox 510 2295 2077 2385">
    <p class='ocr_par' dir='ltr' id='par_1_37' title="bbox 510 2295 2069 2371">
     <span class='ocr_line' id='line_1_38' title="bbox 510 2295 2069 2371; baseline -0.006 -13"><span class='ocrx_word' id='word_1_271' title='bbox 510 2321 592 2358; x_wconf 88' lang='lat' dir='ltr'><strong>me</strong></span> <span class='ocrx_word' id='word_1_272' title='bbox 616 2306 685 2358; x_wconf 73' lang='grc'><strong>⁸⁵.</strong></span> <span class='ocrx_word' id='word_1_273' title='bbox 709 2303 824 2359; x_wconf 84' lang='lat' dir='ltr'><strong>Non</strong></span> <span class='ocrx_word' id='word_1_274' title='bbox 854 2304 996 2358; x_wconf 89' lang='lat' dir='ltr'><strong>enim</strong></span> <span class='ocrx_word' id='word_1_275' title='bbox 1027 2312 1111 2358; x_wconf 91' lang='lat' dir='ltr'><strong>est</strong></span> <span class='ocrx_word' id='word_1_276' title='bbox 1135 2312 1193 2356; x_wconf 87' lang='lat' dir='ltr'><strong>ut</strong></span> <span class='ocrx_word' id='word_1_277' title='bbox 1223 2301 1371 2371; x_wconf 88' lang='lat' dir='ltr'><strong>prior</strong></span> <span class='ocrx_word' id='word_1_278' title='bbox 1396 2298 1644 2368; x_wconf 86' lang='lat' dir='ltr'><strong>populus,</strong></span> <span class='ocrx_word' id='word_1_279' title='bbox 1666 2298 1758 2351; x_wconf 89' lang='lat' dir='ltr'><strong>sed</strong></span> <span class='ocrx_word' id='word_1_280' title='bbox 1785 2311 1851 2351; x_wconf 83' lang='lat' dir='ltr'><strong>ex</strong></span> <span class='ocrx_word' id='word_1_281' title='bbox 1882 2295 2069 2349; x_wconf 87' lang='lat' dir='ltr'><strong>intimo</strong></span> 
     </span>
    </p>
   </div>
   <div class='ocr_carea' id='block_1_38' title="bbox 2187 2295 3754 2385">
    <p class='ocr_par' dir='ltr' id='par_1_38' title="bbox 2187 2298 3754 2385">
     <span class='ocr_line' id='line_1_39' title="bbox 2187 2298 3754 2385; baseline -0.01 -12"><span class='ocrx_word' id='word_1_282' title='bbox 2187 2317 2371 2373; x_wconf 61' lang='grc' dir='ltr'>αὐτῶν</span> <span class='ocrx_word' id='word_1_283' title='bbox 2413 2318 2607 2385; x_wconf 77' lang='grc' dir='ltr'>πόρῤω</span> <span class='ocrx_word' id='word_1_284' title='bbox 2645 2298 2988 2385; x_wconf 51' lang='grc' dir='ltr'>ἀφέστηκεν</span> <span class='ocrx_word' id='word_1_285' title='bbox 3018 2314 3118 2367; x_wconf 84' lang='grc' dir='ltr'>ἀπ’</span> <span class='ocrx_word' id='word_1_286' title='bbox 3149 2311 3316 2380; x_wconf 77' lang='grc' dir='ltr'>ἐμοῦ.</span> <span class='ocrx_word' id='word_1_287' title='bbox 3363 2309 3436 2363; x_wconf 75' lang='grc' dir='ltr'><strong>Οὐ</strong></span> <span class='ocrx_word' id='word_1_288' title='bbox 3463 2310 3576 2378; x_wconf 68' lang='grc' dir='ltr'>γὰρ</span> <span class='ocrx_word' id='word_1_289' title='bbox 3607 2306 3684 2370; x_wconf 88' lang='grc' dir='ltr'>ὡς</span> <span class='ocrx_word' id='word_1_290' title='bbox 3723 2307 3754 2359; x_wconf 90' lang='lat'><strong>6</strong></span> 
     </span>
    </p>
   </div>
   <div class='ocr_carea' id='block_1_39' title="bbox 510 2386 2077 2482">
    <p class='ocr_par' dir='ltr' id='par_1_39' title="bbox 510 2386 2067 2463">
     <span class='ocr_line' id='line_1_40' title="bbox 510 2386 2067 2463; baseline -0.008 -11"><span class='ocrx_word' id='word_1_291' title='bbox 510 2396 673 2451; x_wconf 91' lang='lat' dir='ltr'><strong>corde</strong></span> <span class='ocrx_word' id='word_1_292' title='bbox 699 2395 919 2459; x_wconf 86' lang='lat' dir='ltr'><strong>clamat,</strong></span> <span class='ocrx_word' id='word_1_293' title='bbox 958 2402 1141 2463; x_wconf 86' lang='lat' dir='ltr'><strong>utpote</strong></span> <span class='ocrx_word' id='word_1_294' title='bbox 1187 2392 1332 2447; x_wconf 84' lang='lat' dir='ltr'><strong>illius</strong></span> <span class='ocrx_word' id='word_1_295' title='bbox 1378 2391 1615 2460; x_wconf 87' lang='lat' dir='ltr'><strong>Spiritus</strong></span> <span class='ocrx_word' id='word_1_296' title='bbox 1658 2403 1901 2457; x_wconf 83' lang='lat' dir='ltr'><strong>compos,</strong></span> <span class='ocrx_word' id='word_1_297' title='bbox 1954 2386 2067 2455; x_wconf 89' lang='lat' dir='ltr'><strong>qui,</strong></span> 
     </span>
    </p>
   </div>
   <div class='ocr_carea' id='block_1_40' title="bbox 2188 2386 3755 2482">
    <p class='ocr_par' dir='ltr' id='par_1_40' title="bbox 2188 2396 3755 2482">
     <span class='ocr_line' id='line_1_41' title="bbox 2188 2396 3755 2482; baseline -0.009 -20"><span class='ocrx_word' id='word_1_298' title='bbox 2188 2410 2387 2482; x_wconf 74' lang='grc' dir='ltr'>πρῶτος</span> <span class='ocrx_word' id='word_1_299' title='bbox 2417 2408 2565 2470; x_wconf 85' lang='grc' dir='ltr'>λαὸς,</span> <span class='ocrx_word' id='word_1_300' title='bbox 2597 2405 2708 2460; x_wconf 89' lang='grc' dir='ltr'>ἀλλ’</span> <span class='ocrx_word' id='word_1_301' title='bbox 2734 2406 2797 2458; x_wconf 79' lang='grc' dir='ltr'><strong>ὲκ</strong></span> <span class='ocrx_word' id='word_1_302' title='bbox 2830 2404 3035 2475; x_wconf 77' lang='grc' dir='ltr'>βαθέων</span> <span class='ocrx_word' id='word_1_303' title='bbox 3059 2400 3375 2472; x_wconf 80' lang='grc' dir='ltr'>ὲκέκραξεν,</span> <span class='ocrx_word' id='word_1_304' title='bbox 3407 2397 3502 2451; x_wconf 82' lang='grc' dir='ltr'><strong>ἀτε</strong></span> <span class='ocrx_word' id='word_1_305' title='bbox 3521 2396 3584 2467; x_wconf 80' lang='grc' dir='ltr'>δὴ</span> <span class='ocrx_word' id='word_1_306' title='bbox 3618 2413 3755 2466; x_wconf 80' lang='grc' dir='ltr'>μετ-</span> 
     </span>
    </p>
   </div>
   <div class='ocr_carea' id='block_1_41' title="bbox 509 2479 2076 2572">
    <p class='ocr_par' dir='ltr' id='par_1_41' title="bbox 509 2479 2069 2549">
     <span class='ocr_line' id='line_1_42' title="bbox 509 2479 2069 2549; baseline -0.006 -7"><span class='ocrx_word' id='word_1_307' title='bbox 509 2498 568 2543; x_wconf 84' lang='grc' dir='ltr'><strong>υι</strong></span> <span class='ocrx_word' id='word_1_308' title='bbox 614 2487 691 2542; x_wconf 87' lang='lat' dir='ltr'><strong>ait</strong></span> <span class='ocrx_word' id='word_1_309' title='bbox 740 2486 958 2549; x_wconf 88' lang='lat' dir='ltr'><strong>Paulus.</strong></span> <span class='ocrx_word' id='word_1_310' title='bbox 1016 2485 1195 2539; x_wconf 83' lang='lat' dir='ltr'><strong>omnia</strong></span> <span class='ocrx_word' id='word_1_311' title='bbox 1246 2494 1547 2549; x_wconf 73' lang='lat' dir='ltr'><strong>scrutatur,</strong></span> <span class='ocrx_word' id='word_1_312' title='bbox 1592 2482 1749 2534; x_wconf 88' lang='lat' dir='ltr'><strong>etiam</strong></span> <span class='ocrx_word' id='word_1_313' title='bbox 1806 2479 2069 2547; x_wconf 78' lang='lat' dir='ltr'><strong>profunda</strong></span> 
     </span>
    </p>
   </div>
   <div class='ocr_carea' id='block_1_42' title="bbox 2183 2479 3750 2572">
    <p class='ocr_par' dir='ltr' id='par_1_42' title="bbox 2183 2488 3750 2572">
     <span class='ocr_line' id='line_1_43' title="bbox 2183 2488 3750 2572; baseline -0.01 -17"><span class='ocrx_word' id='word_1_314' title='bbox 2183 2503 2312 2572; x_wconf 65' lang='grc' dir='ltr'>ἔχων</span> <span class='ocrx_word' id='word_1_315' title='bbox 2345 2496 2437 2553; x_wconf 87' lang='grc' dir='ltr'><strong>τοῦ</strong></span> <span class='ocrx_word' id='word_1_316' title='bbox 2471 2499 2810 2569; x_wconf 80' lang='grc' dir='ltr'>Πνεύματος,</span> <span class='ocrx_word' id='word_1_317' title='bbox 2844 2497 2893 2563; x_wconf 81' lang='grc' dir='ltr'>ὃ,</span> <span class='ocrx_word' id='word_1_318' title='bbox 2922 2494 3061 2549; x_wconf 85' lang='grc' dir='ltr'><strong>κατά</strong></span> <span class='ocrx_word' id='word_1_319' title='bbox 3091 2493 3320 2555; x_wconf 90' lang='grc' dir='ltr'>Παῦλον,</span> <span class='ocrx_word' id='word_1_320' title='bbox 3349 2489 3541 2544; x_wconf 81' lang='grc' dir='ltr'>πάντα</span> <span class='ocrx_word' id='word_1_321' title='bbox 3576 2488 3750 2556; x_wconf 82' lang='grc' dir='ltr'>ἐρευ-</span> 
     </span>
    </p>
   </div>
   <div class='ocr_carea' id='block_1_43' title="bbox 512 2570 2079 2658">
    <p class='ocr_par' dir='ltr' id='par_1_43' title="bbox 512 2570 2070 2636">
     <span class='ocr_line' id='line_1_44' title="bbox 512 2570 2070 2636; baseline -0.008 -2"><span class='ocrx_word' id='word_1_322' title='bbox 512 2580 604 2634; x_wconf 86' lang='lat' dir='ltr'><strong>Dei</strong></span> <span class='ocrx_word' id='word_1_323' title='bbox 635 2580 704 2636; x_wconf 79' lang='lat'><strong>&quot;.</strong></span> <span class='ocrx_word' id='word_1_324' title='bbox 729 2577 827 2633; x_wconf 82' lang='lat' dir='ltr'><strong>Hic</strong></span> <span class='ocrx_word' id='word_1_325' title='bbox 854 2590 984 2632; x_wconf 82' lang='lat' dir='ltr'><strong>sane</strong></span> <span class='ocrx_word' id='word_1_326' title='bbox 1015 2576 1347 2631; x_wconf 86' lang='lat' dir='ltr'><strong>laudativum</strong></span> <span class='ocrx_word' id='word_1_327' title='bbox 1380 2588 1599 2628; x_wconf 88' lang='lat' dir='ltr'><strong>sensum</strong></span> <span class='ocrx_word' id='word_1_328' title='bbox 1634 2573 1797 2626; x_wconf 82' lang='lat' dir='ltr'><strong>habet</strong></span> <span class='ocrx_word' id='word_1_329' title='bbox 1823 2570 1890 2624; x_wconf 91' lang='lat' dir='ltr'><strong>de</strong></span> <span class='ocrx_word' id='word_1_330' title='bbox 1920 2584 2070 2623; x_wconf 81' lang='lat' dir='ltr'><strong>more</strong></span> 
     </span>
    </p>
   </div>
   <div class='ocr_carea' id='block_1_44' title="bbox 2182 2570 3749 2658">
    <p class='ocr_par' dir='ltr' id='par_1_44' title="bbox 2182 2570 3749 2658">
     <span class='ocr_line' id='line_1_45' title="bbox 2182 2570 3749 2658; baseline -0.009 -14"><span class='ocrx_word' id='word_1_331' title='bbox 2182 2570 2269 2658; x_wconf 54' lang='grc' dir='ltr'>ιέᾷ,</span> <span class='ocrx_word' id='word_1_332' title='bbox 2317 2590 2415 2644; x_wconf 77' lang='grc' dir='ltr'><strong>καὶ</strong></span> <span class='ocrx_word' id='word_1_333' title='bbox 2440 2590 2510 2643; x_wconf 80' lang='grc' dir='ltr'>τὰ</span> <span class='ocrx_word' id='word_1_334' title='bbox 2539 2588 2699 2656; x_wconf 75' lang='grc' dir='ltr'>,ϐάθη</span> <span class='ocrx_word' id='word_1_335' title='bbox 2731 2587 2835 2641; x_wconf 85' lang='grc' dir='ltr'><strong>τοῦ</strong></span> <span class='ocrx_word' id='word_1_336' title='bbox 2873 2585 3021 2639; x_wconf 85' lang='grc' dir='ltr'>Θεοῦ</span> <span class='ocrx_word' id='word_1_337' title='bbox 3039 2602 3051 2614; x_wconf 88' lang='grc'><strong>·</strong></span> <span class='ocrx_word' id='word_1_338' title='bbox 3092 2586 3147 2636; x_wconf 81' lang='grc' dir='ltr'><strong>ὲν</strong></span> <span class='ocrx_word' id='word_1_339' title='bbox 3174 2582 3381 2651; x_wconf 77' lang='grc' dir='ltr'>ἐπαίνῳ</span> <span class='ocrx_word' id='word_1_340' title='bbox 3403 2580 3460 2632; x_wconf 86' lang='grc' dir='ltr'>δὲ</span> <span class='ocrx_word' id='word_1_341' title='bbox 3492 2578 3551 2630; x_wconf 83' lang='grc' dir='ltr'><strong>τὸ</strong></span> <span class='ocrx_word' id='word_1_342' title='bbox 3581 2577 3749 2641; x_wconf 77' lang='grc' dir='ltr'>,ϐαθὺ</span> 
     </span>
    </p>
   </div>
   <div class='ocr_carea' id='block_1_45' title="bbox 508 2660 2075 2755">
    <p class='ocr_par' dir='ltr' id='par_1_45' title="bbox 508 2660 2070 2740">
     <span class='ocr_line' id='line_1_46' title="bbox 508 2660 2070 2740; baseline -0.01 -16"><span class='ocrx_word' id='word_1_343' title='bbox 508 2688 611 2726; x_wconf 78' lang='lat' dir='ltr'><strong>vox</strong></span> <span class='ocrx_word' id='word_1_344' title='bbox 638 2670 1000 2740; x_wconf 78' lang='lat' dir='ltr'><strong>profundum;</strong></span> <span class='ocrx_word' id='word_1_345' title='bbox 1036 2668 1183 2722; x_wconf 90' lang='lat' dir='ltr'><strong>velut</strong></span> <span class='ocrx_word' id='word_1_346' title='bbox 1206 2666 1374 2721; x_wconf 87' lang='lat' dir='ltr'><strong>illud:</strong></span> <span class='ocrx_word' id='word_1_347' title='bbox 1410 2663 1454 2718; x_wconf 90' lang='lat'><em>0</em></span> <span class='ocrx_word' id='word_1_348' title='bbox 1486 2663 1821 2733; x_wconf 74' lang='lat' dir='ltr'><strong>profunditas</strong></span> <span class='ocrx_word' id='word_1_349' title='bbox 1860 2660 2070 2714; x_wconf 84' lang='lat' dir='ltr'><strong>divitia-</strong></span> 
     </span>
    </p>
   </div>
   <div class='ocr_carea' id='block_1_46' title="bbox 2179 2660 3746 2755">
    <p class='ocr_par' dir='ltr' id='par_1_46' title="bbox 2179 2670 3746 2755">
     <span class='ocr_line' id='line_1_47' title="bbox 2179 2670 3746 2755; baseline -0.01 -17"><span class='ocrx_word' id='word_1_350' title='bbox 2179 2686 2275 2739; x_wconf 80' lang='grc' dir='ltr'><strong>κάν</strong></span> <span class='ocrx_word' id='word_1_351' title='bbox 2305 2686 2370 2755; x_wconf 77' lang='grc' dir='ltr'>τῇ</span> <span class='ocrx_word' id='word_1_352' title='bbox 2399 2680 2673 2752; x_wconf 55' lang='grc' dir='ltr'>συνηθείᾳ*</span> <span class='ocrx_word' id='word_1_353' title='bbox 2705 2681 2886 2733; x_wconf 82' lang='grc' dir='ltr'>ὁποῖον</span> <span class='ocrx_word' id='word_1_354' title='bbox 2914 2678 3007 2730; x_wconf 71' lang='grc' dir='ltr'>καὶ</span> <span class='ocrx_word' id='word_1_355' title='bbox 3032 2677 3110 2740; x_wconf 83' lang='grc' dir='ltr'><strong>τὸ,</strong></span> <span class='ocrx_word' id='word_1_356' title='bbox 3144 2670 3219 2730; x_wconf 58' lang='grc' dir='ltr'><strong>*Ω</strong></span> <span class='ocrx_word' id='word_1_357' title='bbox 3240 2674 3429 2739; x_wconf 78' lang='grc' dir='ltr'>,Βάθος</span> <span class='ocrx_word' id='word_1_358' title='bbox 3474 2670 3746 2724; x_wconf 73' lang='grc' dir='ltr'><strong>πλούτου</strong></span> 
     </span>
    </p>
   </div>
   <div class='ocr_carea' id='block_1_47' title="bbox 508 2753 2075 2845">
    <p class='ocr_par' dir='ltr' id='par_1_47' title="bbox 508 2753 2069 2830">
     <span class='ocr_line' id='line_1_48' title="bbox 508 2753 2069 2830; baseline -0.007 -12"><span class='ocrx_word' id='word_1_359' title='bbox 508 2782 622 2818; x_wconf 87' lang='lat' dir='ltr'><strong>rum</strong></span> <span class='ocrx_word' id='word_1_360' title='bbox 653 2764 921 2830; x_wconf 76' lang='lat' dir='ltr'><strong>sapientia:</strong></span> <span class='ocrx_word' id='word_1_361' title='bbox 959 2772 1007 2817; x_wconf 90' lang='lat' dir='ltr'><strong>et</strong></span> <span class='ocrx_word' id='word_1_362' title='bbox 1053 2762 1284 2816; x_wconf 79' lang='lat' dir='ltr'><strong>scientia:</strong></span> <span class='ocrx_word' id='word_1_363' title='bbox 1325 2757 1419 2813; x_wconf 85' lang='lat' dir='ltr'><strong>Dei</strong></span> <span class='ocrx_word' id='word_1_364' title='bbox 1450 2757 1533 2809; x_wconf 71' lang='grc' dir='ltr'><strong>’τι</strong></span> <span class='ocrx_word' id='word_1_365' title='bbox 1582 2758 1759 2825; x_wconf 82' lang='lat' dir='ltr'><strong>Atque</strong></span> <span class='ocrx_word' id='word_1_366' title='bbox 1798 2753 2069 2809; x_wconf 86' lang='lat' dir='ltr'><strong>Ezechieli</strong></span> 
     </span>
    </p>
   </div>
   <div class='ocr_carea' id='block_1_48' title="bbox 2180 2753 3747 2845">
    <p class='ocr_par' dir='ltr' id='par_1_48' title="bbox 2180 2753 3747 2845">
     <span class='ocr_line' id='line_1_49' title="bbox 2180 2753 3747 2845; baseline -0.012 -15"><span class='ocrx_word' id='word_1_367' title='bbox 2180 2753 2393 2845; x_wconf 65' lang='grc' dir='ltr'>σοφίας</span> <span class='ocrx_word' id='word_1_368' title='bbox 2429 2773 2528 2827; x_wconf 75' lang='grc' dir='ltr'><strong>καὶ</strong></span> <span class='ocrx_word' id='word_1_369' title='bbox 2559 2771 2833 2842; x_wconf 76' lang='grc' dir='ltr'>γνώσεως</span> <span class='ocrx_word' id='word_1_370' title='bbox 2857 2769 3026 2823; x_wconf 85' lang='grc' dir='ltr'>Θεοῦ.</span> <span class='ocrx_word' id='word_1_371' title='bbox 3071 2766 3181 2820; x_wconf 73' lang='grc' dir='ltr'>Καὶ</span> <span class='ocrx_word' id='word_1_372' title='bbox 3223 2765 3359 2835; x_wconf 82' lang='grc' dir='ltr'>πρὸς</span> <span class='ocrx_word' id='word_1_373' title='bbox 3404 2760 3656 2832; x_wconf 73' lang='grc' dir='ltr'>Ἰεζεκιὴλ</span> <span class='ocrx_word' id='word_1_374' title='bbox 3686 2758 3747 2812; x_wconf 82' lang='grc' dir='ltr'>δέ</span> 
     </span>
    </p>
   </div>
   <div class='ocr_carea' id='block_1_49' title="bbox 508 2850 2075 2939">
    <p class='ocr_par' dir='ltr' id='par_1_49' title="bbox 508 2850 2069 2921">
     <span class='ocr_line' id='line_1_50' title="bbox 508 2850 2069 2921; baseline -0.006 -9"><span class='ocrx_word' id='word_1_375' title='bbox 508 2859 672 2913; x_wconf 83' lang='lat' dir='ltr'><strong>etiam</strong></span> <span class='ocrx_word' id='word_1_376' title='bbox 709 2856 842 2912; x_wconf 86' lang='lat' dir='ltr'><strong>dicit</strong></span> <span class='ocrx_word' id='word_1_377' title='bbox 870 2856 1048 2911; x_wconf 86' lang='lat' dir='ltr'><strong>Deus:</strong></span> <span class='ocrx_word' id='word_1_378' title='bbox 1092 2854 1215 2913; x_wconf 88' lang='lat' dir='ltr'><strong>Non</strong></span> <span class='ocrx_word' id='word_1_379' title='bbox 1252 2853 1319 2905; x_wconf 88' lang='lat' dir='ltr'><strong>ad</strong></span> <span class='ocrx_word' id='word_1_380' title='bbox 1364 2850 1614 2921; x_wconf 84' lang='lat' dir='ltr'><strong>populum</strong></span> <span class='ocrx_word' id='word_1_381' title='bbox 1653 2850 1904 2920; x_wconf 79' lang='lat' dir='ltr'><strong>profundi</strong></span> <span class='ocrx_word' id='word_1_382' title='bbox 1944 2850 2069 2903; x_wconf 88' lang='lat' dir='ltr'><strong>labii</strong></span> 
     </span>
    </p>
   </div>
   <div class='ocr_carea' id='block_1_50' title="bbox 2181 2850 3748 2939">
    <p class='ocr_par' dir='ltr' id='par_1_50' title="bbox 2181 2852 3748 2939">
     <span class='ocr_line' id='line_1_51' title="bbox 2181 2852 3748 2939; baseline -0.012 -19"><span class='ocrx_word' id='word_1_383' title='bbox 2181 2884 2337 2939; x_wconf 72' lang='grc' dir='ltr'>ερησιν</span> <span class='ocrx_word' id='word_1_384' title='bbox 2356 2884 2369 2896; x_wconf 89' lang='grc'><strong>·</strong></span> <span class='ocrx_word' id='word_1_385' title='bbox 2411 2867 2493 2919; x_wconf 81' lang='grc' dir='ltr'><strong>Οὐ</strong></span> <span class='ocrx_word' id='word_1_386' title='bbox 2522 2864 2672 2932; x_wconf 80' lang='grc' dir='ltr'>πρὸς</span> <span class='ocrx_word' id='word_1_387' title='bbox 2697 2861 2850 2917; x_wconf 74' lang='grc' dir='ltr'><em>λαὸν</em></span> <span class='ocrx_word' id='word_1_388' title='bbox 2872 2860 3242 2927; x_wconf 78' lang='grc' dir='ltr'>βαθύχειλον</span> <span class='ocrx_word' id='word_1_389' title='bbox 3274 2853 3369 2908; x_wconf 80' lang='grc' dir='ltr'><strong>καὶ</strong></span> <span class='ocrx_word' id='word_1_390' title='bbox 3389 2852 3748 2920; x_wconf 73' lang='grc' dir='ltr'>βαρύγλωσ-</span> 
     </span>
    </p>
   </div>
   <div class='ocr_carea' id='block_1_51' title="bbox 507 2940 2074 3027">
    <p class='ocr_par' dir='ltr' id='par_1_51' title="bbox 507 2940 2070 3019">
     <span class='ocr_line' id='line_1_52' title="bbox 507 2940 2070 3019; baseline -0.004 -15"><span class='ocrx_word' id='word_1_391' title='bbox 507 2960 555 3005; x_wconf 87' lang='lat' dir='ltr'><strong>et</strong></span> <span class='ocrx_word' id='word_1_392' title='bbox 614 2950 788 3019; x_wconf 85' lang='lat' dir='ltr'><strong>gravis</strong></span> <span class='ocrx_word' id='word_1_393' title='bbox 845 2948 1040 3016; x_wconf 72' lang='lat' dir='ltr'><strong>lingua:</strong></span> <span class='ocrx_word' id='word_1_394' title='bbox 1090 2962 1181 3014; x_wconf 85' lang='lat' dir='ltr'><strong>ego</strong></span> <span class='ocrx_word' id='word_1_395' title='bbox 1235 2958 1284 2997; x_wconf 90' lang='lat' dir='ltr'><strong>te</strong></span> <span class='ocrx_word' id='word_1_396' title='bbox 1330 2944 1481 2996; x_wconf 85' lang='lat' dir='ltr'><strong>mitto</strong></span> <span class='ocrx_word' id='word_1_397' title='bbox 1525 2943 1590 2996; x_wconf 85' lang='grc'><strong>’⁸.</strong></span> <span class='ocrx_word' id='word_1_398' title='bbox 1638 2940 1742 2996; x_wconf 88' lang='lat' dir='ltr'><strong>Sed</strong></span> <span class='ocrx_word' id='word_1_399' title='bbox 1792 2942 2070 3010; x_wconf 69' lang='lat' dir='ltr'><strong>profundae</strong></span> 
     </span>
    </p>
   </div>
   <div class='ocr_carea' id='block_1_52' title="bbox 2180 2940 3747 3027">
    <p class='ocr_par' dir='ltr' id='par_1_52' title="bbox 2180 2942 3747 3027">
     <span class='ocr_line' id='line_1_53' title="bbox 2180 2942 3747 3027; baseline -0.013 -15"><span class='ocrx_word' id='word_1_400' title='bbox 2180 2976 2289 3012; x_wconf 86' lang='grc' dir='ltr'>σον</span> <span class='ocrx_word' id='word_1_401' title='bbox 2318 2958 2430 3027; x_wconf 75' lang='grc' dir='ltr'><strong>ἐγὼ</strong></span> <span class='ocrx_word' id='word_1_402' title='bbox 2457 2952 2842 3020; x_wconf 74' lang='grc' dir='ltr'>ἐξαποστελῶ</span> <span class='ocrx_word' id='word_1_403' title='bbox 2873 2967 2965 3006; x_wconf 90' lang='grc' dir='ltr'>σε.</span> <span class='ocrx_word' id='word_1_404' title='bbox 3013 2950 3149 3003; x_wconf 84' lang='grc' dir='ltr'>Ἀλλ’</span> <span class='ocrx_word' id='word_1_405' title='bbox 3178 2949 3207 3000; x_wconf 90' lang='lat'><strong>6</strong></span> <span class='ocrx_word' id='word_1_406' title='bbox 3243 2946 3405 3017; x_wconf 81' lang='grc' dir='ltr'>βαθὺς</span> <span class='ocrx_word' id='word_1_407' title='bbox 3437 2947 3502 3014; x_wconf 82' lang='grc' dir='ltr'>τῇ</span> <span class='ocrx_word' id='word_1_408' title='bbox 3535 2942 3747 3013; x_wconf 73' lang='grc' dir='ltr'>διανοίᾳ</span> 
     </span>
    </p>
   </div>
   <div class='ocr_carea' id='block_1_53' title="bbox 511 3030 2078 3117">
    <p class='ocr_par' dir='ltr' id='par_1_53' title="bbox 511 3030 2069 3107">
     <span class='ocr_line' id='line_1_54' title="bbox 511 3030 2069 3107; baseline -0.006 -13"><span class='ocrx_word' id='word_1_409' title='bbox 511 3040 705 3094; x_wconf 88' lang='lat' dir='ltr'><strong>mentis</strong></span> <span class='ocrx_word' id='word_1_410' title='bbox 738 3037 987 3107; x_wconf 88' lang='lat' dir='ltr'><strong>populus,</strong></span> <span class='ocrx_word' id='word_1_411' title='bbox 1020 3034 1109 3104; x_wconf 90' lang='lat' dir='ltr'><strong>qui</strong></span> <span class='ocrx_word' id='word_1_412' title='bbox 1143 3032 1538 3103; x_wconf 68' lang='lat' dir='ltr'><strong>prmcedentem</strong></span> <span class='ocrx_word' id='word_1_413' title='bbox 1567 3045 1782 3099; x_wconf 83' lang='lat' dir='ltr'><strong>quoque</strong></span> <span class='ocrx_word' id='word_1_414' title='bbox 1808 3030 1965 3083; x_wconf 89' lang='lat' dir='ltr'><strong>odam</strong></span> <span class='ocrx_word' id='word_1_415' title='bbox 1985 3046 2069 3084; x_wconf 57' lang='grc' dir='ltr'>τοι</span> 
     </span>
    </p>
   </div>
   <div class='ocr_carea' id='block_1_54' title="bbox 2181 3030 3748 3117">
    <p class='ocr_par' dir='ltr' id='par_1_54' title="bbox 2181 3032 3748 3117">
     <span class='ocr_line' id='line_1_55' title="bbox 2181 3032 3748 3117; baseline -0.012 -14"><span class='ocrx_word' id='word_1_416' title='bbox 2181 3051 2318 3111; x_wconf 74' lang='grc' dir='ltr'>λαὸς,</span> <span class='ocrx_word' id='word_1_417' title='bbox 2351 3050 2379 3099; x_wconf 93' lang='lat'><strong>6</strong></span> <span class='ocrx_word' id='word_1_418' title='bbox 2408 3049 2499 3100; x_wconf 75' lang='lat' dir='ltr'><strong>mi</strong></span> <span class='ocrx_word' id='word_1_419' title='bbox 2519 3047 2615 3117; x_wconf 81' lang='grc' dir='ltr'><strong>τὴν</strong></span> <span class='ocrx_word' id='word_1_420' title='bbox 2640 3046 2779 3116; x_wconf 81' lang='grc' dir='ltr'>ᾠδὴν</span> <span class='ocrx_word' id='word_1_421' title='bbox 2805 3044 2902 3114; x_wconf 83' lang='grc' dir='ltr'>τὴν</span> <span class='ocrx_word' id='word_1_422' title='bbox 2948 3042 3054 3114; x_wconf 83' lang='grc' dir='ltr'><strong>πρὸ</strong></span> <span class='ocrx_word' id='word_1_423' title='bbox 3084 3039 3285 3109; x_wconf 83' lang='grc' dir='ltr'>ταύτης</span> <span class='ocrx_word' id='word_1_424' title='bbox 3317 3033 3504 3099; x_wconf 85' lang='grc' dir='ltr'>εἰπὼν,</span> <span class='ocrx_word' id='word_1_425' title='bbox 3544 3035 3607 3086; x_wconf 78' lang='grc' dir='ltr'><strong>ἐκ</strong></span> <span class='ocrx_word' id='word_1_426' title='bbox 3634 3032 3748 3085; x_wconf 83' lang='grc' dir='ltr'><strong>τῶν</strong></span> 
     </span>
    </p>
   </div>
   <div class='ocr_carea' id='block_1_55' title="bbox 509 3123 2076 3210">
    <p class='ocr_par' dir='ltr' id='par_1_55' title="bbox 509 3123 2070 3197">
     <span class='ocr_line' id='line_1_56' title="bbox 509 3123 2070 3197; baseline -0.006 -11"><span class='ocrx_word' id='word_1_427' title='bbox 509 3130 720 3196; x_wconf 84' lang='lat' dir='ltr'><strong>citavit,</strong></span> <span class='ocrx_word' id='word_1_428' title='bbox 766 3144 833 3183; x_wconf 81' lang='lat' dir='ltr'><strong>ex</strong></span> <span class='ocrx_word' id='word_1_429' title='bbox 863 3129 981 3196; x_wconf 89' lang='lat' dir='ltr'><strong>ipso</strong></span> <span class='ocrx_word' id='word_1_430' title='bbox 1030 3136 1249 3196; x_wconf 87' lang='lat' dir='ltr'><strong>pectore</strong></span> <span class='ocrx_word' id='word_1_431' title='bbox 1322 3125 1611 3197; x_wconf 75' lang='lat' dir='ltr'><strong>gemitibus</strong></span> <span class='ocrx_word' id='word_1_432' title='bbox 1663 3123 2070 3193; x_wconf 80' lang='lat' dir='ltr'><strong>ineloquacibus</strong></span> 
     </span>
    </p>
   </div>
   <div class='ocr_carea' id='block_1_56' title="bbox 2182 3123 3749 3210">
    <p class='ocr_par' dir='ltr' id='par_1_56' title="bbox 2182 3123 3749 3210">
     <span class='ocr_line' id='line_1_57' title="bbox 2182 3123 3749 3210; baseline -0.01 -17"><span class='ocrx_word' id='word_1_433' title='bbox 2182 3140 2411 3210; x_wconf 80' lang='grc' dir='ltr'>στέρνων</span> <span class='ocrx_word' id='word_1_434' title='bbox 2444 3138 2620 3190; x_wconf 83' lang='grc' dir='ltr'>αὐτῶν</span> <span class='ocrx_word' id='word_1_435' title='bbox 2660 3138 2979 3205; x_wconf 83' lang='grc' dir='ltr'>στεναγμοῖς</span> <span class='ocrx_word' id='word_1_436' title='bbox 3016 3132 3298 3201; x_wconf 84' lang='grc' dir='ltr'>ἀλαλήτοις</span> <span class='ocrx_word' id='word_1_437' title='bbox 3345 3123 3749 3195; x_wconf 79' lang='grc' dir='ltr'>ὑπερεντυγχά‹</span> 
     </span>
    </p>
   </div>
   <div class='ocr_carea' id='block_1_57' title="bbox 508 3212 2075 3301">
    <p class='ocr_par' dir='ltr' id='par_1_57' title="bbox 508 3213 2067 3283">
     <span class='ocr_line' id='line_1_58' title="bbox 508 3213 2067 3283; baseline -0.005 -8"><span class='ocrx_word' id='word_1_438' title='bbox 508 3235 693 3283; x_wconf 85' lang='lat' dir='ltr'><strong>orans,</strong></span> <span class='ocrx_word' id='word_1_439' title='bbox 734 3220 934 3274; x_wconf 84' lang='lat' dir='ltr'><strong>clamat</strong></span> <span class='ocrx_word' id='word_1_440' title='bbox 959 3218 1024 3272; x_wconf 87' lang='lat' dir='ltr'><strong>ad</strong></span> <span class='ocrx_word' id='word_1_441' title='bbox 1066 3219 1256 3283; x_wconf 92' lang='lat' dir='ltr'><strong>Deum,</strong></span> <span class='ocrx_word' id='word_1_442' title='bbox 1314 3231 1416 3270; x_wconf 91' lang='lat' dir='ltr'><strong>non</strong></span> <span class='ocrx_word' id='word_1_443' title='bbox 1446 3223 1623 3270; x_wconf 82' lang='lat' dir='ltr'><strong>autem</strong></span> <span class='ocrx_word' id='word_1_444' title='bbox 1661 3213 1855 3269; x_wconf 87' lang='lat' dir='ltr'><strong>labiis:</strong></span> <span class='ocrx_word' id='word_1_445' title='bbox 1906 3213 2067 3268; x_wconf 88' lang='lat' dir='ltr'><strong>sicuti</strong></span> 
     </span>
    </p>
   </div>
   <div class='ocr_carea' id='block_1_58' title="bbox 2182 3212 3749 3301">
    <p class='ocr_par' dir='ltr' id='par_1_58' title="bbox 2182 3215 3749 3301">
     <span class='ocr_line' id='line_1_59' title="bbox 2182 3215 3749 3301; baseline -0.013 -16"><span class='ocrx_word' id='word_1_446' title='bbox 2182 3249 2278 3285; x_wconf 80' lang='grc' dir='ltr'><strong>νων</strong></span> <span class='ocrx_word' id='word_1_447' title='bbox 2307 3231 2406 3301; x_wconf 78' lang='grc' dir='ltr'><strong>βοᾷ</strong></span> <span class='ocrx_word' id='word_1_448' title='bbox 2434 3228 2568 3298; x_wconf 83' lang='grc' dir='ltr'>πρὸς</span> <span class='ocrx_word' id='word_1_449' title='bbox 2590 3229 2681 3281; x_wconf 84' lang='grc' dir='ltr'><strong>τὸν</strong></span> <span class='ocrx_word' id='word_1_450' title='bbox 2715 3227 2867 3292; x_wconf 78' lang='grc' dir='ltr'>Θεὸν,</span> <span class='ocrx_word' id='word_1_451' title='bbox 2897 3224 3011 3278; x_wconf 81' lang='grc' dir='ltr'>ἀλλ’</span> <span class='ocrx_word' id='word_1_452' title='bbox 3046 3223 3105 3276; x_wconf 80' lang='grc' dir='ltr'><strong>οὐ</strong></span> <span class='ocrx_word' id='word_1_453' title='bbox 3139 3221 3371 3292; x_wconf 81' lang='grc' dir='ltr'>χείλεσιν</span> <span class='ocrx_word' id='word_1_454' title='bbox 3395 3233 3408 3246; x_wconf 83' lang='lat'><strong><em>°</em></strong></span> <span class='ocrx_word' id='word_1_455' title='bbox 3440 3215 3625 3286; x_wconf 80' lang='grc' dir='ltr'>ὥσπερ</span> <span class='ocrx_word' id='word_1_456' title='bbox 3653 3215 3749 3267; x_wconf 84' lang='grc' dir='ltr'>οὐ-</span> 
     </span>
    </p>
   </div>
   <div class='ocr_carea' id='block_1_59' title="bbox 510 3304 2077 3391">
    <p class='ocr_par' dir='ltr' id='par_1_59' title="bbox 510 3304 2067 3381">
     <span class='ocr_line' id='line_1_60' title="bbox 510 3304 2067 3381; baseline -0.003 -16"><span class='ocrx_word' id='word_1_457' title='bbox 510 3327 577 3367; x_wconf 92' lang='lat' dir='ltr'><strong>ne</strong></span> <span class='ocrx_word' id='word_1_458' title='bbox 614 3310 824 3381; x_wconf 82' lang='lat' dir='ltr'><strong>Moyses</strong></span> <span class='ocrx_word' id='word_1_459' title='bbox 877 3310 1114 3380; x_wconf 89' lang='lat' dir='ltr'><strong>quidem,</strong></span> <span class='ocrx_word' id='word_1_460' title='bbox 1163 3312 1251 3362; x_wconf 86' lang='lat' dir='ltr'><strong>cui</strong></span> <span class='ocrx_word' id='word_1_461' title='bbox 1297 3308 1479 3363; x_wconf 89' lang='lat' dir='ltr'><strong>silenti</strong></span> <span class='ocrx_word' id='word_1_462' title='bbox 1522 3307 1649 3361; x_wconf 89' lang='lat' dir='ltr'><strong>licet</strong></span> <span class='ocrx_word' id='word_1_463' title='bbox 1687 3305 1888 3361; x_wconf 89' lang='lat' dir='ltr'><strong>dictum</strong></span> <span class='ocrx_word' id='word_1_464' title='bbox 1935 3304 2067 3360; x_wconf 80' lang='lat' dir='ltr'><strong>fuit:</strong></span> 
     </span>
    </p>
   </div>
   <div class='ocr_carea' id='block_1_60' title="bbox 2180 3304 3747 3391">
    <p class='ocr_par' dir='ltr' id='par_1_60' title="bbox 2180 3306 3747 3391">
     <span class='ocr_line' id='line_1_61' title="bbox 2180 3306 3747 3391; baseline -0.012 -15"><span class='ocrx_word' id='word_1_465' title='bbox 2180 3323 2232 3377; x_wconf 87' lang='grc' dir='ltr'><strong>δὲ</strong></span> <span class='ocrx_word' id='word_1_466' title='bbox 2266 3321 2523 3391; x_wconf 76' lang='grc' dir='ltr'>Μωῦσῆς,</span> <span class='ocrx_word' id='word_1_467' title='bbox 2547 3320 2681 3390; x_wconf 85' lang='grc' dir='ltr'>πρὸς</span> <span class='ocrx_word' id='word_1_468' title='bbox 2710 3318 2767 3371; x_wconf 84' lang='grc' dir='ltr'>ὃν</span> <span class='ocrx_word' id='word_1_469' title='bbox 2800 3315 3022 3389; x_wconf 77' lang='grc' dir='ltr'>ἐρρέθη,</span> <span class='ocrx_word' id='word_1_470' title='bbox 3063 3312 3237 3367; x_wconf 78' lang='grc' dir='ltr'>καίτοι</span> <span class='ocrx_word' id='word_1_471' title='bbox 3268 3308 3522 3378; x_wconf 83' lang='grc' dir='ltr'>σιγῶντα,</span> <span class='ocrx_word' id='word_1_472' title='bbox 3558 3306 3638 3370; x_wconf 84' lang='grc' dir='ltr'>τὸ,</span> <span class='ocrx_word' id='word_1_473' title='bbox 3682 3306 3747 3359; x_wconf 83' lang='grc' dir='ltr'><strong>Τί</strong></span> 
     </span>
    </p>
   </div>
   <div class='ocr_carea' id='block_1_61' title="bbox 513 3396 2080 3480">
    <p class='ocr_par' dir='ltr' id='par_1_61' title="bbox 513 3396 2069 3469">
     <span class='ocr_line' id='line_1_62' title="bbox 513 3396 2069 3469; baseline -0.004 -13"><span class='ocrx_word' id='word_1_474' title='bbox 513 3403 654 3469; x_wconf 83' lang='lat' dir='ltr'><strong>Quid</strong></span> <span class='ocrx_word' id='word_1_475' title='bbox 694 3403 891 3456; x_wconf 89' lang='lat' dir='ltr'><strong>clamas</strong></span> <span class='ocrx_word' id='word_1_476' title='bbox 936 3402 1003 3454; x_wconf 85' lang='lat' dir='ltr'><strong>ad</strong></span> <span class='ocrx_word' id='word_1_477' title='bbox 1053 3418 1133 3455; x_wconf 89' lang='lat' dir='ltr'><strong>me</strong></span> <span class='ocrx_word' id='word_1_478' title='bbox 1173 3400 1262 3454; x_wconf 64' lang='lat'><strong>&#39;9?</strong></span> <span class='ocrx_word' id='word_1_479' title='bbox 1298 3401 1546 3454; x_wconf 66' lang='lat' dir='ltr'><strong>Praesens</strong></span> <span class='ocrx_word' id='word_1_480' title='bbox 1596 3410 1726 3453; x_wconf 86' lang='lat' dir='ltr'><strong>vero</strong></span> <span class='ocrx_word' id='word_1_481' title='bbox 1763 3396 1938 3452; x_wconf 85' lang='lat' dir='ltr'><strong>oratio</strong></span> <span class='ocrx_word' id='word_1_482' title='bbox 1986 3406 2069 3451; x_wconf 88' lang='lat' dir='ltr'><strong>est</strong></span> 
     </span>
    </p>
   </div>
   <div class='ocr_carea' id='block_1_62' title="bbox 2179 3396 3746 3480">
    <p class='ocr_par' dir='ltr' id='par_1_62' title="bbox 2179 3396 3746 3480">
     <span class='ocr_line' id='line_1_63' title="bbox 2179 3396 3746 3480; baseline -0.011 -14"><span class='ocrx_word' id='word_1_483' title='bbox 2179 3411 2327 3480; x_wconf 82' lang='grc' dir='ltr'>βοᾷς</span> <span class='ocrx_word' id='word_1_484' title='bbox 2370 3413 2517 3479; x_wconf 80' lang='grc' dir='ltr'>πρὸς</span> <span class='ocrx_word' id='word_1_485' title='bbox 2557 3409 2672 3480; x_wconf 82' lang='grc' dir='ltr'><strong>μέ;</strong></span> <span class='ocrx_word' id='word_1_486' title='bbox 2717 3410 2782 3463; x_wconf 86' lang='grc' dir='ltr'><strong>Ἡ</strong></span> <span class='ocrx_word' id='word_1_487' title='bbox 2829 3408 2886 3461; x_wconf 83' lang='grc' dir='ltr'><strong>δὲ</strong></span> <span class='ocrx_word' id='word_1_488' title='bbox 2925 3405 3019 3461; x_wconf 92' lang='grc' dir='ltr'><strong>νῦν</strong></span> <span class='ocrx_word' id='word_1_489' title='bbox 3067 3406 3198 3475; x_wconf 81' lang='grc' dir='ltr'>εὐχὴ</span> <span class='ocrx_word' id='word_1_490' title='bbox 3242 3400 3335 3456; x_wconf 86' lang='grc' dir='ltr'><strong>τοῦ</strong></span> <span class='ocrx_word' id='word_1_491' title='bbox 3384 3398 3655 3461; x_wconf 84' lang='grc' dir='ltr'>αἰτοῦντος</span> <span class='ocrx_word' id='word_1_492' title='bbox 3707 3396 3746 3450; x_wconf 77' lang='grc' dir='ltr'><strong>ἃ.</strong></span> 
     </span>
    </p>
   </div>
   <div class='ocr_carea' id='block_1_63' title="bbox 510 3488 3740 3571">
    <p class='ocr_par' dir='ltr' id='par_1_63' title="bbox 510 3488 3740 3571">
     <span class='ocr_line' id='line_1_64' title="bbox 510 3488 3740 3571; baseline -0.003 -9"><span class='ocrx_word' id='word_1_493' title='bbox 510 3493 832 3562; x_wconf 61' lang='grc' dir='ltr'><strong>Ροδίυιῖληίίε)</strong></span> <span class='ocrx_word' id='word_1_494' title='bbox 862 3508 924 3547; x_wconf 69' lang='lat' dir='ltr'><strong>ea</strong></span> <span class='ocrx_word' id='word_1_495' title='bbox 953 3507 1072 3561; x_wconf 62' lang='grc' dir='ltr'><strong>(Ιυπ</strong></span> <span class='ocrx_word' id='word_1_496' title='bbox 1093 3500 1330 3561; x_wconf 70' lang='grc' dir='ltr'><strong>οβοτίείι</strong></span> <span class='ocrx_word' id='word_1_497' title='bbox 1374 3504 1538 3560; x_wconf 67' lang='lat' dir='ltr'><strong>seque</strong></span> <span class='ocrx_word' id='word_1_498' title='bbox 1575 3488 1835 3543; x_wconf 50' lang='lat' dir='ltr'><strong>alacri”?</strong></span> <span class='ocrx_word' id='word_1_499' title='bbox 1880 3488 1945 3543; x_wconf 70' lang='lat' dir='ltr'><strong>ad</strong></span> <span class='ocrx_word' id='word_1_500' title='bbox 1974 3502 2071 3558; x_wconf 80' lang='grc' dir='ltr'><strong>Ρο⁰</strong></span> <span class='ocrx_word' id='word_1_501' title='bbox 2175 3505 2273 3568; x_wconf 83' lang='grc' dir='ltr'>δεῖ,</span> <span class='ocrx_word' id='word_1_502' title='bbox 2309 3503 2402 3556; x_wconf 76' lang='grc' dir='ltr'>καὶ</span> <span class='ocrx_word' id='word_1_503' title='bbox 2428 3506 2537 3566; x_wconf 86' lang='grc' dir='ltr'>τοῖς</span> <span class='ocrx_word' id='word_1_504' title='bbox 2561 3501 2898 3571; x_wconf 84' lang='grc' dir='ltr'>αἰτουμένοις</span> <span class='ocrx_word' id='word_1_505' title='bbox 2923 3497 3110 3551; x_wconf 76' lang='grc' dir='ltr'>ἑαυτὸν</span> <span class='ocrx_word' id='word_1_506' title='bbox 3132 3496 3358 3565; x_wconf 78' lang='grc' dir='ltr'>ἑτοίμως</span> <span class='ocrx_word' id='word_1_507' title='bbox 3379 3490 3706 3561; x_wconf 81' lang='grc' dir='ltr'>παρέχοντος</span> <span class='ocrx_word' id='word_1_508' title='bbox 3726 3505 3740 3518; x_wconf 89' lang='grc'><strong>·</strong></span> 
     </span>
    </p>
   </div>
   <div class='ocr_carea' id='block_1_64' title="bbox 509 3576 2076 3669">
    <p class='ocr_par' dir='ltr' id='par_1_64' title="bbox 509 3581 2068 3651">
     <span class='ocr_line' id='line_1_65' title="bbox 509 3581 2068 3651; baseline -0.004 -12"><span class='ocrx_word' id='word_1_509' title='bbox 509 3584 710 3639; x_wconf 71' lang='lat' dir='ltr'><strong>Stulata</strong></span> <span class='ocrx_word' id='word_1_510' title='bbox 748 3581 1136 3651; x_wconf 73' lang='lat' dir='ltr'><strong>comparentis.</strong></span> <span class='ocrx_word' id='word_1_511' title='bbox 1170 3582 1426 3650; x_wconf 85' lang='lat' dir='ltr'><strong>Apprime</strong></span> <span class='ocrx_word' id='word_1_512' title='bbox 1468 3595 1598 3635; x_wconf 90' lang='lat' dir='ltr'><strong>vero</strong></span> <span class='ocrx_word' id='word_1_513' title='bbox 1646 3590 1869 3634; x_wconf 87' lang='lat' dir='ltr'><strong>testatus</strong></span> <span class='ocrx_word' id='word_1_514' title='bbox 1899 3589 1982 3635; x_wconf 88' lang='lat' dir='ltr'><strong>est</strong></span> <span class='ocrx_word' id='word_1_515' title='bbox 2014 3581 2068 3633; x_wconf 93' lang='lat' dir='ltr'><strong>in</strong></span> 
     </span>
    </p>
   </div>
   <div class='ocr_carea' id='block_1_65' title="bbox 2177 3576 3744 3669">
    <p class='ocr_par' dir='ltr' id='par_1_65' title="bbox 2180 3576 3744 3669">
     <span class='ocr_line' id='line_1_66' title="bbox 2180 3576 3744 3669; baseline -0.012 -20"><span class='ocrx_word' id='word_1_516' title='bbox 2180 3594 2471 3669; x_wconf 83' lang='grc' dir='ltr'>μαρτυρῶν</span> <span class='ocrx_word' id='word_1_517' title='bbox 2492 3594 2547 3647; x_wconf 84' lang='grc' dir='ltr'>δὲ</span> <span class='ocrx_word' id='word_1_518' title='bbox 2574 3593 2805 3662; x_wconf 80' lang='grc' dir='ltr'>μάλιστα</span> <span class='ocrx_word' id='word_1_519' title='bbox 2836 3591 2928 3643; x_wconf 78' lang='grc' dir='ltr'><strong>καὶ</strong></span> <span class='ocrx_word' id='word_1_520' title='bbox 2964 3589 3052 3642; x_wconf 83' lang='grc' dir='ltr'>διὰ</span> <span class='ocrx_word' id='word_1_521' title='bbox 3078 3589 3177 3658; x_wconf 81' lang='grc' dir='ltr'>τῆς</span> <span class='ocrx_word' id='word_1_522' title='bbox 3200 3583 3573 3655; x_wconf 82' lang='grc' dir='ltr'>προλαϐούσης</span> <span class='ocrx_word' id='word_1_523' title='bbox 3592 3576 3744 3633; x_wconf 76' lang='grc' dir='ltr'>εἶπεν</span> 
     </span>
    </p>
   </div>
   <div class='ocr_carea' id='block_1_66' title="bbox 512 3669 2079 3760">
    <p class='ocr_par' dir='ltr' id='par_1_66' title="bbox 512 3669 2064 3742">
     <span class='ocr_line' id='line_1_67' title="bbox 512 3669 2064 3742; baseline -0.004 -14"><span class='ocrx_word' id='word_1_524' title='bbox 512 3674 850 3742; x_wconf 66' lang='grc' dir='ltr'>ριἐεεριιεηιε</span> <span class='ocrx_word' id='word_1_525' title='bbox 891 3686 1103 3741; x_wconf 87' lang='lat' dir='ltr'><strong>quoque</strong></span> <span class='ocrx_word' id='word_1_526' title='bbox 1148 3673 1289 3726; x_wconf 78' lang='lat' dir='ltr'><strong>oda:</strong></span> <span class='ocrx_word' id='word_1_527' title='bbox 1330 3669 1482 3732; x_wconf 70' lang='lat' dir='ltr'><strong>Same</strong></span> <span class='ocrx_word' id='word_1_528' title='bbox 1513 3679 1933 3739; x_wconf 85' lang='lat' dir='ltr'><strong>oppugnaverunt</strong></span> <span class='ocrx_word' id='word_1_529' title='bbox 1965 3684 2064 3736; x_wconf 86' lang='lat' dir='ltr'><strong>me,</strong></span> 
     </span>
    </p>
   </div>
   <div class='ocr_carea' id='block_1_67' title="bbox 2179 3669 3746 3760">
    <p class='ocr_par' dir='ltr' id='par_1_67' title="bbox 2179 3671 3746 3760">
     <span class='ocr_line' id='line_1_68' title="bbox 2179 3671 3746 3760; baseline -0.003 -19"><span class='ocrx_word' id='word_1_530' title='bbox 2179 3689 2315 3760; x_wconf 75' lang='grc' dir='ltr'>ᾠδῆς</span> <span class='ocrx_word' id='word_1_531' title='bbox 2336 3704 2348 3717; x_wconf 75' lang='grc'><strong><em>⁸</em></strong></span> <span class='ocrx_word' id='word_1_532' title='bbox 2378 3684 2706 3750; x_wconf 75' lang='grc' dir='ltr'>Πλεονάκις</span> <span class='ocrx_word' id='word_1_533' title='bbox 2742 3680 3127 3751; x_wconf 75' lang='grc' dir='ltr'>ἐπολέμησαν</span> <span class='ocrx_word' id='word_1_534' title='bbox 3148 3697 3245 3748; x_wconf 86' lang='grc' dir='ltr'><strong>με,</strong></span> <span class='ocrx_word' id='word_1_535' title='bbox 3271 3678 3368 3732; x_wconf 78' lang='grc' dir='ltr'><strong>καὶ</strong></span> <span class='ocrx_word' id='word_1_536' title='bbox 3408 3675 3514 3745; x_wconf 79' lang='grc' dir='ltr'>γὰρ</span> <span class='ocrx_word' id='word_1_537' title='bbox 3546 3674 3656 3726; x_wconf 75' lang='grc' dir='ltr'><strong>οὐκ</strong></span> <span class='ocrx_word' id='word_1_538' title='bbox 3676 3671 3746 3737; x_wconf 68' lang='grc' dir='ltr'><strong>ἦ·-</strong></span> 
     </span>
    </p>
   </div>
   <div class='ocr_carea' id='block_1_68' title="bbox 510 3761 2077 3848">
    <p class='ocr_par' dir='ltr' id='par_1_68' title="bbox 510 3761 2065 3830">
     <span class='ocr_line' id='line_1_69' title="bbox 510 3761 2065 3830; baseline -0.003 -12"><span class='ocrx_word' id='word_1_539' title='bbox 510 3781 600 3819; x_wconf 88' lang='lat' dir='ltr'><strong>nec</strong></span> <span class='ocrx_word' id='word_1_540' title='bbox 638 3775 813 3818; x_wconf 86' lang='lat' dir='ltr'><strong>tamen</strong></span> <span class='ocrx_word' id='word_1_541' title='bbox 858 3764 983 3816; x_wconf 83' lang='lat' dir='ltr'><strong>mihi</strong></span> <span class='ocrx_word' id='word_1_542' title='bbox 1023 3761 1427 3830; x_wconf 46' lang='lat' dir='ltr'><strong>praevaluerunt.</strong></span> <span class='ocrx_word' id='word_1_543' title='bbox 1478 3762 1568 3816; x_wconf 90' lang='lat' dir='ltr'><strong>Isti</strong></span> <span class='ocrx_word' id='word_1_544' title='bbox 1624 3761 1785 3816; x_wconf 87' lang='lat' dir='ltr'><strong>etiam</strong></span> <span class='ocrx_word' id='word_1_545' title='bbox 1841 3761 2065 3815; x_wconf 81' lang='lat' dir='ltr'><strong>dicent:</strong></span> 
     </span>
    </p>
   </div>
   <div class='ocr_carea' id='block_1_69' title="bbox 2177 3761 3744 3848">
    <p class='ocr_par' dir='ltr' id='par_1_69' title="bbox 2177 3762 3744 3848">
     <span class='ocr_line' id='line_1_70' title="bbox 2177 3762 3744 3848; baseline -0.013 -15"><span class='ocrx_word' id='word_1_546' title='bbox 2177 3777 2531 3848; x_wconf 78' lang='grc' dir='ltr'>δυνήθησάν</span> <span class='ocrx_word' id='word_1_547' title='bbox 2544 3794 2645 3846; x_wconf 79' lang='grc' dir='ltr'><strong>μοι</strong></span> <span class='ocrx_word' id='word_1_548' title='bbox 2662 3794 2673 3806; x_wconf 69' lang='grc' dir='ltr'><strong>ο</strong></span> <span class='ocrx_word' id='word_1_549' title='bbox 2710 3776 2758 3829; x_wconf 85' lang='grc' dir='ltr'>οἳ</span> <span class='ocrx_word' id='word_1_550' title='bbox 2785 3775 2878 3828; x_wconf 72' lang='grc' dir='ltr'>καὶ</span> <span class='ocrx_word' id='word_1_551' title='bbox 2902 3772 3142 3837; x_wconf 81' lang='grc' dir='ltr'>λέξουσιν</span> <span class='ocrx_word' id='word_1_552' title='bbox 3163 3788 3175 3802; x_wconf 80' lang='grc'><em>’</em></span> <span class='ocrx_word' id='word_1_553' title='bbox 3208 3772 3454 3825; x_wconf 81' lang='grc' dir='ltr'>Ἕνεκεν</span> <span class='ocrx_word' id='word_1_554' title='bbox 3485 3763 3590 3818; x_wconf 89' lang='grc' dir='ltr'><strong>τοῦ</strong></span> <span class='ocrx_word' id='word_1_555' title='bbox 3611 3762 3744 3816; x_wconf 85' lang='grc' dir='ltr'><strong>ὀνό-</strong></span> 
     </span>
    </p>
   </div>
   <div class='ocr_carea' id='block_1_70' title="bbox 511 3852 2078 3940">
    <p class='ocr_par' dir='ltr' id='par_1_70' title="bbox 511 3852 2068 3925">
     <span class='ocr_line' id='line_1_71' title="bbox 511 3852 2068 3925; baseline -0.003 -16"><span class='ocrx_word' id='word_1_556' title='bbox 511 3855 734 3925; x_wconf 87' lang='lat' dir='ltr'><strong>Propter</strong></span> <span class='ocrx_word' id='word_1_557' title='bbox 762 3872 947 3910; x_wconf 85' lang='lat' dir='ltr'><strong>nomen</strong></span> <span class='ocrx_word' id='word_1_558' title='bbox 979 3865 1126 3908; x_wconf 88' lang='lat' dir='ltr'><strong>tuum</strong></span> <span class='ocrx_word' id='word_1_559' title='bbox 1158 3855 1383 3908; x_wconf 86' lang='lat' dir='ltr'><strong>sustinui</strong></span> <span class='ocrx_word' id='word_1_560' title='bbox 1405 3865 1473 3921; x_wconf 90' lang='lat' dir='ltr'><strong>te,</strong></span> <span class='ocrx_word' id='word_1_561' title='bbox 1505 3853 1759 3908; x_wconf 83' lang='lat' dir='ltr'><strong>Domine.‘</strong></span> <span class='ocrx_word' id='word_1_562' title='bbox 1780 3852 1947 3908; x_wconf 78' lang='lat' dir='ltr'><strong>Aures</strong></span> <span class='ocrx_word' id='word_1_563' title='bbox 1984 3856 2068 3907; x_wconf 87' lang='lat' dir='ltr'><strong>in-</strong></span> 
     </span>
    </p>
   </div>
   <div class='ocr_carea' id='block_1_71' title="bbox 2175 3852 3742 3940">
    <p class='ocr_par' dir='ltr' id='par_1_71' title="bbox 2175 3855 3742 3940">
     <span class='ocr_line' id='line_1_72' title="bbox 2175 3855 3742 3940; baseline -0.011 -16"><span class='ocrx_word' id='word_1_564' title='bbox 2175 3872 2359 3940; x_wconf 86' lang='grc' dir='ltr'>ματός</span> <span class='ocrx_word' id='word_1_565' title='bbox 2400 3882 2515 3922; x_wconf 90' lang='grc' dir='ltr'><strong>σου</strong></span> <span class='ocrx_word' id='word_1_566' title='bbox 2562 3865 2850 3935; x_wconf 73' lang='grc' dir='ltr'>ὑπέμεινα</span> <span class='ocrx_word' id='word_1_567' title='bbox 2918 3880 3012 3927; x_wconf 86' lang='grc' dir='ltr'><strong>σε,</strong></span> <span class='ocrx_word' id='word_1_568' title='bbox 3060 3864 3267 3931; x_wconf 85' lang='grc' dir='ltr'>Κύριε·</span> <span class='ocrx_word' id='word_1_569' title='bbox 3301 3855 3419 3913; x_wconf 85' lang='grc' dir='ltr'><strong>ὦτα</strong></span> <span class='ocrx_word' id='word_1_570' title='bbox 3460 3858 3515 3910; x_wconf 82' lang='grc' dir='ltr'>δὲ</span> <span class='ocrx_word' id='word_1_571' title='bbox 3557 3870 3742 3924; x_wconf 77' lang='grc' dir='ltr'>προσ-</span> 
     </span>
    </p>
   </div>
   <div class='ocr_carea' id='block_1_72' title="bbox 510 3944 2077 4031">
    <p class='ocr_par' dir='ltr' id='par_1_72' title="bbox 510 3947 2067 4017">
     <span class='ocr_line' id='line_1_73' title="bbox 510 3947 2067 4017; baseline 0.001 -18"><span class='ocrx_word' id='word_1_572' title='bbox 510 3948 775 4002; x_wconf 75' lang='lat' dir='ltr'><strong>tenrlentes</strong></span> <span class='ocrx_word' id='word_1_573' title='bbox 805 3948 1008 4002; x_wconf 87' lang='lat' dir='ltr'><strong>dictum</strong></span> <span class='ocrx_word' id='word_1_574' title='bbox 1040 3955 1144 4013; x_wconf 88' lang='lat' dir='ltr'><strong>est,</strong></span> <span class='ocrx_word' id='word_1_575' title='bbox 1192 3948 1343 4017; x_wconf 86' lang='lat' dir='ltr'><strong>quasi</strong></span> <span class='ocrx_word' id='word_1_576' title='bbox 1384 3948 1551 4002; x_wconf 92' lang='lat' dir='ltr'><strong>solius</strong></span> <span class='ocrx_word' id='word_1_577' title='bbox 1601 3948 1693 4001; x_wconf 90' lang='lat' dir='ltr'><strong>Dei</strong></span> <span class='ocrx_word' id='word_1_578' title='bbox 1728 3947 1808 4002; x_wconf 81' lang='lat' dir='ltr'><strong>vis</strong></span> <span class='ocrx_word' id='word_1_579' title='bbox 1844 3947 1914 4002; x_wconf 87' lang='lat' dir='ltr'><strong>sit</strong></span> <span class='ocrx_word' id='word_1_580' title='bbox 1938 3962 2067 4001; x_wconf 89' lang='lat' dir='ltr'><strong>acu-</strong></span> 
     </span>
    </p>
   </div>
   <div class='ocr_carea' id='block_1_73' title="bbox 2178 3944 3745 4031">
    <p class='ocr_par' dir='ltr' id='par_1_73' title="bbox 2178 3944 3745 4031">
     <span class='ocr_line' id='line_1_74' title="bbox 2178 3944 3745 4031; baseline -0.012 -16"><span class='ocrx_word' id='word_1_581' title='bbox 2178 3963 2392 4031; x_wconf 79' lang='grc' dir='ltr'><strong>ἐχοντα</strong></span> <span class='ocrx_word' id='word_1_582' title='bbox 2406 3960 2671 4022; x_wconf 83' lang='grc' dir='ltr'>λέλεκται,</span> <span class='ocrx_word' id='word_1_583' title='bbox 2701 3958 2776 4021; x_wconf 87' lang='grc' dir='ltr'>ὡς</span> <span class='ocrx_word' id='word_1_584' title='bbox 2803 3956 2902 4025; x_wconf 79' lang='grc' dir='ltr'><strong>τῆς</strong></span> <span class='ocrx_word' id='word_1_585' title='bbox 2932 3956 3058 4026; x_wconf 83' lang='grc' dir='ltr'>μιᾶς</span> <span class='ocrx_word' id='word_1_586' title='bbox 3076 3955 3169 4007; x_wconf 89' lang='grc' dir='ltr'><strong>τοῦ</strong></span> <span class='ocrx_word' id='word_1_587' title='bbox 3192 3950 3326 4005; x_wconf 83' lang='grc' dir='ltr'>Θεοῦ</span> <span class='ocrx_word' id='word_1_588' title='bbox 3354 3949 3632 4018; x_wconf 80' lang='grc' dir='ltr'>δυνάμεως</span> <span class='ocrx_word' id='word_1_589' title='bbox 3659 3944 3745 3998; x_wconf 80' lang='grc' dir='ltr'>οῦ·-</span> 
     </span>
    </p>
   </div>
   <div class='ocr_carea' id='block_1_74' title="bbox 510 4036 2077 4123">
    <p class='ocr_par' dir='ltr' id='par_1_74' title="bbox 510 4038 2067 4107">
     <span class='ocr_line' id='line_1_75' title="bbox 510 4038 2067 4107; baseline 0.001 -16"><span class='ocrx_word' id='word_1_590' title='bbox 510 4041 644 4094; x_wconf 76' lang='lat' dir='ltr'><strong>stica</strong></span> <span class='ocrx_word' id='word_1_591' title='bbox 680 4048 735 4094; x_wconf 91' lang='lat' dir='ltr'><strong>et</strong></span> <span class='ocrx_word' id='word_1_592' title='bbox 766 4040 1012 4094; x_wconf 85' lang='lat' dir='ltr'><strong>visualis.</strong></span> <span class='ocrx_word' id='word_1_593' title='bbox 1050 4038 1351 4094; x_wconf 85' lang='lat' dir='ltr'><strong>Clamorem</strong></span> <span class='ocrx_word' id='word_1_594' title='bbox 1391 4039 1619 4107; x_wconf 85' lang='lat' dir='ltr'><strong>denique</strong></span> <span class='ocrx_word' id='word_1_595' title='bbox 1669 4054 1773 4092; x_wconf 91' lang='lat' dir='ltr'><strong>non</strong></span> <span class='ocrx_word' id='word_1_596' title='bbox 1812 4038 1958 4094; x_wconf 86' lang='lat' dir='ltr'><strong>vocis</strong></span> <span class='ocrx_word' id='word_1_597' title='bbox 1986 4039 2067 4093; x_wconf 85' lang='lat' dir='ltr'><strong>in-</strong></span> 
     </span>
    </p>
   </div>
   <div class='ocr_carea' id='block_1_75' title="bbox 2177 4036 3744 4123">
    <p class='ocr_par' dir='ltr' id='par_1_75' title="bbox 2179 4036 3744 4123">
     <span class='ocr_line' id='line_1_76' title="bbox 2179 4036 3744 4123; baseline -0.012 -17"><span class='ocrx_word' id='word_1_598' title='bbox 2179 4070 2278 4123; x_wconf 85' lang='grc' dir='ltr'><strong>σης</strong></span> <span class='ocrx_word' id='word_1_599' title='bbox 2319 4052 2647 4119; x_wconf 79' lang='grc' dir='ltr'>ἀκουστικῆς</span> <span class='ocrx_word' id='word_1_600' title='bbox 2687 4047 2778 4099; x_wconf 70' lang='grc' dir='ltr'><strong>καὶ</strong></span> <span class='ocrx_word' id='word_1_601' title='bbox 2803 4045 3064 4116; x_wconf 82' lang='grc' dir='ltr'>όρατικῆς</span> <span class='ocrx_word' id='word_1_602' title='bbox 3086 4061 3099 4073; x_wconf 75' lang='grc' dir='ltr'><strong><em>ο</em></strong></span> <span class='ocrx_word' id='word_1_603' title='bbox 3138 4040 3381 4113; x_wconf 83' lang='grc' dir='ltr'>κραυγὴν</span> <span class='ocrx_word' id='word_1_604' title='bbox 3412 4039 3469 4092; x_wconf 81' lang='grc' dir='ltr'>δὲ</span> <span class='ocrx_word' id='word_1_605' title='bbox 3502 4038 3561 4090; x_wconf 80' lang='grc' dir='ltr'><strong>οῦ</strong></span> <span class='ocrx_word' id='word_1_606' title='bbox 3591 4036 3744 4089; x_wconf 89' lang='grc' dir='ltr'>τόνον</span> 
     </span>
    </p>
   </div>
   <div class='ocr_carea' id='block_1_76' title="bbox 510 4130 2077 4212">
    <p class='ocr_par' dir='ltr' id='par_1_76' title="bbox 510 4130 1645 4189">
     <span class='ocr_line' id='line_1_77' title="bbox 510 4130 1645 4189; baseline -0.001 -4"><span class='ocrx_word' id='word_1_607' title='bbox 510 4134 808 4187; x_wconf 89' lang='lat' dir='ltr'><strong>tensionem</strong></span> <span class='ocrx_word' id='word_1_608' title='bbox 837 4132 987 4189; x_wconf 85' lang='lat' dir='ltr'><strong>dicit.</strong></span> <span class='ocrx_word' id='word_1_609' title='bbox 1021 4132 1112 4185; x_wconf 88' lang='lat' dir='ltr'><strong>sed</strong></span> <span class='ocrx_word' id='word_1_610' title='bbox 1144 4132 1340 4187; x_wconf 84' lang='lat' dir='ltr'><strong>mentis</strong></span> <span class='ocrx_word' id='word_1_611' title='bbox 1373 4130 1645 4184; x_wconf 73' lang='lat' dir='ltr'><strong>alfectum.</strong></span> 
     </span>
    </p>
   </div>
   <div class='ocr_carea' id='block_1_77' title="bbox 1671 4130 3238 4212">
    <p class='ocr_par' dir='ltr' id='par_1_77' title="bbox 2176 4136 3238 4212">
     <span class='ocr_line' id='line_1_78' title="bbox 2176 4136 3238 4212; baseline -0.008 -17"><span class='ocrx_word' id='word_1_612' title='bbox 2176 4142 2322 4211; x_wconf 81' lang='grc' dir='ltr'>λέγει</span> <span class='ocrx_word' id='word_1_613' title='bbox 2345 4144 2545 4212; x_wconf 72' lang='grc' dir='ltr'>φωνῆς,</span> <span class='ocrx_word' id='word_1_614' title='bbox 2575 4138 2708 4193; x_wconf 87' lang='grc' dir='ltr'><strong>ἀλλά</strong></span> <span class='ocrx_word' id='word_1_615' title='bbox 2742 4137 2964 4207; x_wconf 86' lang='grc' dir='ltr'>γνώμης</span> <span class='ocrx_word' id='word_1_616' title='bbox 2986 4136 3238 4190; x_wconf 80' lang='grc' dir='ltr'>διάθεσιν.</span> 
     </span>
    </p>
   </div>
   <div class='ocr_carea' id='block_1_78' title="bbox 621 4221 2188 4299">
    <p class='ocr_par' dir='ltr' id='par_1_78' title="bbox 621 4221 1962 4291">
     <span class='ocr_line' id='line_1_79' title="bbox 621 4221 1962 4291; baseline 0 -16"><span class='ocrx_word' id='word_1_617' title='bbox 621 4222 782 4277; x_wconf 68' lang='lat' dir='ltr'><strong>Vens.</strong></span> <span class='ocrx_word' id='word_1_618' title='bbox 814 4223 869 4277; x_wconf 73' lang='lat'><strong>5.</strong></span> <span class='ocrx_word' id='word_1_619' title='bbox 904 4221 963 4276; x_wconf 87' lang='lat' dir='ltr'><strong>Si</strong></span> <span class='ocrx_word' id='word_1_620' title='bbox 992 4222 1290 4291; x_wconf 85' lang='lat' dir='ltr'><strong>iniquitates</strong></span> <span class='ocrx_word' id='word_1_621' title='bbox 1315 4222 1686 4283; x_wconf 83' lang='lat' dir='ltr'><strong>observaveris,</strong></span> <span class='ocrx_word' id='word_1_622' title='bbox 1724 4221 1962 4275; x_wconf 88' lang='lat' dir='ltr'><strong>Domine.</strong></span> 
     </span>
    </p>
   </div>
   <div class='ocr_carea' id='block_1_79' title="bbox 1927 4221 3494 4299">
    <p class='ocr_par' dir='ltr' id='par_1_79' title="bbox 1927 4224 3494 4299">
     <span class='ocr_line' id='line_1_80' title="bbox 1927 4224 3494 4299; baseline 0.005 -15"><span class='ocrx_word' id='word_1_623' title='bbox 1927 4237 1962 4274; x_wconf 70' lang='grc' dir='ltr'><strong>ε.</strong></span> <span class='ocrx_word' id='word_1_624' title='bbox 2423 4232 2557 4287; x_wconf 81' lang='grc' dir='ltr'><strong>Ἐὰν</strong></span> <span class='ocrx_word' id='word_1_625' title='bbox 2586 4231 2837 4299; x_wconf 78' lang='grc' dir='ltr'><em>ἀνομίας</em></span> <span class='ocrx_word' id='word_1_626' title='bbox 2867 4226 3281 4297; x_wconf 71' lang='grc' dir='ltr'><strong>παρατηρήσην</strong></span> <span class='ocrx_word' id='word_1_627' title='bbox 3302 4224 3494 4292; x_wconf 81' lang='grc' dir='ltr'><strong>Κύριε·</strong></span> 
     </span>
    </p>
   </div>
   <div class='ocr_carea' id='block_1_80' title="bbox 578 4309 2145 4396">
    <p class='ocr_par' dir='ltr' id='par_1_80' title="bbox 578 4309 2065 4380">
     <span class='ocr_line' id='line_1_81' title="bbox 578 4309 2065 4380; baseline 0.001 -15"><span class='ocrx_word' id='word_1_628' title='bbox 578 4311 841 4377; x_wconf 82' lang='lat' dir='ltr'><strong>Quoniam</strong></span> <span class='ocrx_word' id='word_1_629' title='bbox 873 4312 1012 4365; x_wconf 87' lang='lat' dir='ltr'><strong>haud</strong></span> <span class='ocrx_word' id='word_1_630' title='bbox 1044 4326 1230 4365; x_wconf 89' lang='lat' dir='ltr'><strong>omnes</strong></span> <span class='ocrx_word' id='word_1_631' title='bbox 1256 4312 1434 4364; x_wconf 89' lang='lat' dir='ltr'><strong>dicere</strong></span> <span class='ocrx_word' id='word_1_632' title='bbox 1464 4322 1665 4380; x_wconf 86' lang='lat' dir='ltr'><strong>queunt</strong></span> <span class='ocrx_word' id='word_1_633' title='bbox 1709 4312 1760 4363; x_wconf 92' lang='lat' dir='ltr'><strong>in</strong></span> <span class='ocrx_word' id='word_1_634' title='bbox 1791 4309 2065 4366; x_wconf 84' lang='lat' dir='ltr'><strong>Ecclesia&#39;:</strong></span> 
     </span>
    </p>
   </div>
   <div class='ocr_carea' id='block_1_81' title="bbox 2181 4309 3748 4396">
    <p class='ocr_par' dir='ltr' id='par_1_81' title="bbox 2261 4311 3748 4396">
     <span class='ocr_line' id='line_1_82' title="bbox 2261 4311 3748 4396; baseline -0.013 -15"><span class='ocrx_word' id='word_1_635' title='bbox 2261 4325 2476 4396; x_wconf 82' lang='grc' dir='ltr'>Ἐπειδὴ</span> <span class='ocrx_word' id='word_1_636' title='bbox 2504 4324 2561 4377; x_wconf 81' lang='grc' dir='ltr'>δὲ</span> <span class='ocrx_word' id='word_1_637' title='bbox 2582 4324 2686 4376; x_wconf 88' lang='grc' dir='ltr'><strong>τῶν</strong></span> <span class='ocrx_word' id='word_1_638' title='bbox 2711 4325 2766 4375; x_wconf 80' lang='grc' dir='ltr'><strong>ὲν</strong></span> <span class='ocrx_word' id='word_1_639' title='bbox 2791 4324 2857 4391; x_wconf 78' lang='grc' dir='ltr'>τῇ</span> <span class='ocrx_word' id='word_1_640' title='bbox 2874 4319 3167 4389; x_wconf 68' lang='grc' dir='ltr'>Ἐκκλησία</span> <span class='ocrx_word' id='word_1_641' title='bbox 3193 4318 3253 4369; x_wconf 88' lang='grc' dir='ltr'>οὐ</span> <span class='ocrx_word' id='word_1_642' title='bbox 3284 4315 3480 4376; x_wconf 86' lang='grc' dir='ltr'>πάντες</span> <span class='ocrx_word' id='word_1_643' title='bbox 3496 4311 3748 4365; x_wconf 74' lang='grc' dir='ltr'>δύνανται</span> 
     </span>
    </p>
   </div>
   <div class='ocr_carea' id='block_1_82' title="bbox 510 4403 2077 4490">
    <p class='ocr_par' dir='ltr' id='par_1_82' title="bbox 510 4404 2072 4475">
     <span class='ocr_line' id='line_1_83' title="bbox 510 4404 2072 4475; baseline -0.002 -15"><span class='ocrx_word' id='word_1_644' title='bbox 510 4404 659 4472; x_wconf 74' lang='lat' dir='ltr'><strong>Stepe</strong></span> <span class='ocrx_word' id='word_1_645' title='bbox 702 4414 1128 4475; x_wconf 78' lang='lat' dir='ltr'><strong>oppugnaverunt</strong></span> <span class='ocrx_word' id='word_1_646' title='bbox 1151 4419 1256 4468; x_wconf 89' lang='lat' dir='ltr'><strong>me,</strong></span> <span class='ocrx_word' id='word_1_647' title='bbox 1284 4419 1374 4456; x_wconf 88' lang='lat' dir='ltr'><strong>nec</strong></span> <span class='ocrx_word' id='word_1_648' title='bbox 1406 4412 1579 4457; x_wconf 87' lang='lat' dir='ltr'><strong>tamen</strong></span> <span class='ocrx_word' id='word_1_649' title='bbox 1628 4405 1758 4457; x_wconf 84' lang='lat' dir='ltr'><strong>mihi</strong></span> <span class='ocrx_word' id='word_1_650' title='bbox 1792 4404 2072 4471; x_wconf 76' lang='lat' dir='ltr'><strong>prmvalue-</strong></span> 
     </span>
    </p>
   </div>
   <div class='ocr_carea' id='block_1_83' title="bbox 2178 4403 3745 4490">
    <p class='ocr_par' dir='ltr' id='par_1_83' title="bbox 2178 4403 3745 4490">
     <span class='ocr_line' id='line_1_84' title="bbox 2178 4403 3745 4490; baseline -0.014 -15"><span class='ocrx_word' id='word_1_651' title='bbox 2178 4423 2354 4490; x_wconf 81' lang='grc' dir='ltr'>λέγειν</span> <span class='ocrx_word' id='word_1_652' title='bbox 2377 4436 2390 4450; x_wconf 90' lang='grc'><strong>·</strong></span> <span class='ocrx_word' id='word_1_653' title='bbox 2433 4414 2762 4480; x_wconf 76' lang='grc' dir='ltr'>Πλεονάκις</span> <span class='ocrx_word' id='word_1_654' title='bbox 2793 4408 3178 4480; x_wconf 76' lang='grc' dir='ltr'>ἐπολέμησαν</span> <span class='ocrx_word' id='word_1_655' title='bbox 3206 4424 3302 4477; x_wconf 82' lang='grc' dir='ltr'><strong>με,</strong></span> <span class='ocrx_word' id='word_1_656' title='bbox 3348 4406 3445 4458; x_wconf 79' lang='grc' dir='ltr'><strong>καὶ</strong></span> <span class='ocrx_word' id='word_1_657' title='bbox 3482 4404 3591 4474; x_wconf 74' lang='grc' dir='ltr'>γὰρ</span> <span class='ocrx_word' id='word_1_658' title='bbox 3636 4403 3745 4455; x_wconf 81' lang='grc' dir='ltr'><strong>οὐκ</strong></span> 
     </span>
    </p>
   </div>
   <div class='ocr_carea' id='block_1_84' title="bbox 511 4495 2078 4583">
    <p class='ocr_par' dir='ltr' id='par_1_84' title="bbox 511 4495 2061 4564">
     <span class='ocr_line' id='line_1_85' title="bbox 511 4495 2061 4564; baseline 0 -15"><span class='ocrx_word' id='word_1_659' title='bbox 511 4507 631 4550; x_wconf 86' lang='lat' dir='ltr'><strong>runt</strong></span> <span class='ocrx_word' id='word_1_660' title='bbox 679 4496 746 4559; x_wconf 75' lang='grc' dir='ltr'><strong>³ο,</strong></span> <span class='ocrx_word' id='word_1_661' title='bbox 807 4496 871 4551; x_wconf 91' lang='lat' dir='ltr'><strong>de</strong></span> <span class='ocrx_word' id='word_1_662' title='bbox 939 4495 1329 4549; x_wconf 76' lang='lat' dir='ltr'><strong>infirmioribus</strong></span> <span class='ocrx_word' id='word_1_663' title='bbox 1376 4504 1695 4564; x_wconf 67' lang='lat' dir='ltr'><strong>praesentem</strong></span> <span class='ocrx_word' id='word_1_664' title='bbox 1741 4495 2061 4550; x_wconf 87' lang='lat' dir='ltr'><strong>locutionem</strong></span> 
     </span>
    </p>
   </div>
   <div class='ocr_carea' id='block_1_85' title="bbox 2180 4495 3747 4583">
    <p class='ocr_par' dir='ltr' id='par_1_85' title="bbox 2180 4496 3747 4583">
     <span class='ocr_line' id='line_1_86' title="bbox 2180 4496 3747 4583; baseline -0.015 -15"><span class='ocrx_word' id='word_1_665' title='bbox 2180 4510 2572 4583; x_wconf 75' lang='grc' dir='ltr'>ἠδυνήθησαν</span> <span class='ocrx_word' id='word_1_666' title='bbox 2596 4526 2717 4577; x_wconf 83' lang='grc' dir='ltr'>μοι,</span> <span class='ocrx_word' id='word_1_667' title='bbox 2752 4506 2880 4576; x_wconf 72' lang='grc' dir='ltr'>περὶ</span> <span class='ocrx_word' id='word_1_668' title='bbox 2911 4504 3015 4556; x_wconf 89' lang='grc' dir='ltr'><strong>τῶν</strong></span> <span class='ocrx_word' id='word_1_669' title='bbox 3048 4498 3447 4569; x_wconf 83' lang='grc' dir='ltr'>ἀσθενεστέρων</span> <span class='ocrx_word' id='word_1_670' title='bbox 3484 4496 3580 4566; x_wconf 73' lang='grc' dir='ltr'>τὴν</span> <span class='ocrx_word' id='word_1_671' title='bbox 3610 4510 3747 4563; x_wconf 88' lang='grc' dir='ltr'>παρ-</span> 
     </span>
    </p>
   </div>
   <div class='ocr_carea' id='block_1_86' title="bbox 510 4565 2077 4671">
    <p class='ocr_par' dir='ltr' id='par_1_86' title="bbox 510 4585 2063 4659">
     <span class='ocr_line' id='line_1_87' title="bbox 510 4585 2063 4659; baseline 0.001 -16"><span class='ocrx_word' id='word_1_672' title='bbox 510 4588 736 4659; x_wconf 83' lang='lat' dir='ltr'><strong>profert,</strong></span> <span class='ocrx_word' id='word_1_673' title='bbox 765 4588 853 4658; x_wconf 92' lang='lat' dir='ltr'><strong>qui</strong></span> <span class='ocrx_word' id='word_1_674' title='bbox 905 4587 1309 4657; x_wconf 88' lang='lat' dir='ltr'><strong>persecutiones</strong></span> <span class='ocrx_word' id='word_1_675' title='bbox 1350 4600 1456 4639; x_wconf 92' lang='lat' dir='ltr'><strong>non</strong></span> <span class='ocrx_word' id='word_1_676' title='bbox 1493 4586 1742 4644; x_wconf 87' lang='lat' dir='ltr'><strong>tolerant.</strong></span> <span class='ocrx_word' id='word_1_677' title='bbox 1775 4585 1889 4642; x_wconf 88' lang='lat' dir='ltr'><strong>Nisi</strong></span> <span class='ocrx_word' id='word_1_678' title='bbox 1925 4587 2063 4646; x_wconf 85' lang='lat' dir='ltr'><strong>forte</strong></span> 
     </span>
    </p>
   </div>
   <div class='ocr_carea' id='block_1_87' title="bbox 2185 4565 3752 4671">
    <p class='ocr_par' dir='ltr' id='par_1_87' title="bbox 2185 4565 3752 4671">
     <span class='ocr_line' id='line_1_88' title="bbox 2185 4565 3752 4671; baseline -0.013 -12"><span class='ocrx_word' id='word_1_679' title='bbox 2185 4565 2716 4671; x_wconf 26' lang='grc' dir='ltr'>ξῦσαν1ἀναπὲμπειν</span> <span class='ocrx_word' id='word_1_680' title='bbox 2735 4565 2937 4667; x_wconf 74' lang='grc' dir='ltr'>φωνὴν,</span> <span class='ocrx_word' id='word_1_681' title='bbox 2972 4595 3064 4648; x_wconf 75' lang='grc' dir='ltr'>καὶ</span> <span class='ocrx_word' id='word_1_682' title='bbox 3096 4592 3168 4663; x_wconf 85' lang='grc' dir='ltr'>μὴ</span> <span class='ocrx_word' id='word_1_683' title='bbox 3200 4565 3470 4659; x_wconf 79' lang='grc' dir='ltr'>φερόντων</span> <span class='ocrx_word' id='word_1_684' title='bbox 3492 4565 3615 4649; x_wconf 77' lang='grc' dir='ltr'>τοὺς</span> <span class='ocrx_word' id='word_1_685' title='bbox 3632 4584 3752 4639; x_wconf 80' lang='grc' dir='ltr'>διω⁸</span> 
     </span>
    </p>
   </div>
   <div class='ocr_carea' id='block_1_88' title="bbox 508 4676 2075 4768">
    <p class='ocr_par' dir='ltr' id='par_1_88' title="bbox 508 4676 2070 4749">
     <span class='ocr_line' id='line_1_89' title="bbox 508 4676 2070 4749; baseline 0.002 -19"><span class='ocrx_word' id='word_1_686' title='bbox 508 4680 596 4748; x_wconf 85' lang='lat' dir='ltr'><strong>qui</strong></span> <span class='ocrx_word' id='word_1_687' title='bbox 634 4678 898 4749; x_wconf 89' lang='lat' dir='ltr'><strong>psalmum</strong></span> <span class='ocrx_word' id='word_1_688' title='bbox 937 4678 1152 4743; x_wconf 86' lang='lat' dir='ltr'><strong>recitat,</strong></span> <span class='ocrx_word' id='word_1_689' title='bbox 1208 4678 1273 4731; x_wconf 82' lang='lat' dir='ltr'><strong>de</strong></span> <span class='ocrx_word' id='word_1_690' title='bbox 1321 4676 1557 4745; x_wconf 84' lang='lat' dir='ltr'><strong>peccatis</strong></span> <span class='ocrx_word' id='word_1_691' title='bbox 1590 4678 1703 4731; x_wconf 88' lang='lat' dir='ltr'><strong>suis</strong></span> <span class='ocrx_word' id='word_1_692' title='bbox 1749 4688 1875 4734; x_wconf 88' lang='lat' dir='ltr'><strong>ante</strong></span> <span class='ocrx_word' id='word_1_693' title='bbox 1904 4695 2070 4735; x_wconf 83' lang='lat' dir='ltr'><strong>voca-</strong></span> 
     </span>
    </p>
   </div>
   <div class='ocr_carea' id='block_1_89' title="bbox 2183 4676 3750 4768">
    <p class='ocr_par' dir='ltr' id='par_1_89' title="bbox 2183 4677 3750 4768">
     <span class='ocr_line' id='line_1_90' title="bbox 2183 4677 3750 4768; baseline -0.026 -6"><span class='ocrx_word' id='word_1_694' title='bbox 2183 4696 2349 4768; x_wconf 82' lang='grc' dir='ltr'>γμούς</span> <span class='ocrx_word' id='word_1_695' title='bbox 2373 4714 2385 4725; x_wconf 89' lang='lat'><strong>&#39;</strong></span> <span class='ocrx_word' id='word_1_696' title='bbox 2423 4697 2471 4748; x_wconf 73' lang='grc' dir='ltr'><strong>εἰ</strong></span> <span class='ocrx_word' id='word_1_697' title='bbox 2517 4693 2589 4765; x_wconf 84' lang='grc' dir='ltr'>μὴ</span> <span class='ocrx_word' id='word_1_698' title='bbox 2635 4692 2742 4761; x_wconf 83' lang='grc' dir='ltr'>ἄρα</span> <span class='ocrx_word' id='word_1_699' title='bbox 2768 4692 2797 4742; x_wconf 91' lang='lat'><strong>6</strong></span> <span class='ocrx_word' id='word_1_700' title='bbox 2840 4688 3002 4750; x_wconf 80' lang='grc' dir='ltr'>αὐτὸς</span> <span class='ocrx_word' id='word_1_701' title='bbox 3035 4685 3160 4757; x_wconf 74' lang='grc' dir='ltr'>περὶ</span> <span class='ocrx_word' id='word_1_702' title='bbox 3200 4683 3309 4736; x_wconf 89' lang='grc' dir='ltr'><strong>τῶν</strong></span> <span class='ocrx_word' id='word_1_703' title='bbox 3350 4680 3455 4752; x_wconf 81' lang='grc' dir='ltr'><strong>πρὸ</strong></span> <span class='ocrx_word' id='word_1_704' title='bbox 3494 4678 3594 4749; x_wconf 85' lang='grc' dir='ltr'>τῆς</span> <span class='ocrx_word' id='word_1_705' title='bbox 3620 4677 3750 4750; x_wconf 49' lang='lat' dir='ltr'><strong>add};</strong></span> 
     </span>
    </p>
   </div>
   <div class='ocr_carea' id='block_1_90' title="bbox 511 4769 3162 4856">
    <p class='ocr_par' dir='ltr' id='par_1_90' title="bbox 511 4769 3162 4856">
     <span class='ocr_line' id='line_1_91' title="bbox 511 4769 3162 4856; baseline -0.004 -18"><span class='ocrx_word' id='word_1_706' title='bbox 511 4774 708 4826; x_wconf 72' lang='grc' dir='ltr'><strong>ῐίοηθῐη</strong></span> <span class='ocrx_word' id='word_1_707' title='bbox 743 4771 856 4824; x_wconf 59' lang='lat' dir='ltr'><strong>hinc</strong></span> <span class='ocrx_word' id='word_1_708' title='bbox 888 4769 1039 4825; x_wconf 67' lang='grc' dir='ltr'><strong>ἀίεῖί·</strong></span> <span class='ocrx_word' id='word_1_709' title='bbox 2182 4806 2316 4852; x_wconf 88' lang='grc' dir='ltr'>σεως</span> <span class='ocrx_word' id='word_1_710' title='bbox 2344 4784 2577 4856; x_wconf 86' lang='grc' dir='ltr'>ἀνομιῶν</span> <span class='ocrx_word' id='word_1_711' title='bbox 2602 4781 2763 4835; x_wconf 79' lang='grc' dir='ltr'>αὑτοῦ</span> <span class='ocrx_word' id='word_1_712' title='bbox 2790 4779 2962 4834; x_wconf 87' lang='grc' dir='ltr'>ταῦτά</span> <span class='ocrx_word' id='word_1_713' title='bbox 2983 4794 3162 4846; x_wconf 83' lang='grc' dir='ltr'>φησιν.</span> 
     </span>
    </p>
   </div>
   <div class='ocr_carea' id='block_1_91' title="bbox 704 4861 2271 4939">
    <p class='ocr_par' dir='ltr' id='par_1_91' title="bbox 704 4861 1871 4936">
     <span class='ocr_line' id='line_1_92' title="bbox 704 4861 1871 4936; baseline 0.002 -19"><span class='ocrx_word' id='word_1_714' title='bbox 704 4864 867 4936; x_wconf 59' lang='lat' dir='ltr'><strong>iisiis.</strong></span> <span class='ocrx_word' id='word_1_715' title='bbox 905 4863 959 4916; x_wconf 88' lang='lat'><strong>7.</strong></span> <span class='ocrx_word' id='word_1_716' title='bbox 1004 4861 1231 4932; x_wconf 82' lang='lat' dir='ltr'><strong>Copiosa</strong></span> <span class='ocrx_word' id='word_1_717' title='bbox 1258 4864 1397 4933; x_wconf 88' lang='lat' dir='ltr'><strong>apud</strong></span> <span class='ocrx_word' id='word_1_718' title='bbox 1423 4879 1542 4917; x_wconf 87' lang='lat' dir='ltr'><strong>eum</strong></span> <span class='ocrx_word' id='word_1_719' title='bbox 1570 4863 1871 4931; x_wconf 85' lang='lat' dir='ltr'><strong>redemptio.</strong></span> 
     </span>
    </p>
   </div>
   <div class='ocr_carea' id='block_1_92' title="bbox 1867 4861 3434 4939">
    <p class='ocr_par' dir='ltr' id='par_1_92' title="bbox 1867 4864 3434 4939">
     <span class='ocr_line' id='line_1_93' title="bbox 1867 4864 3434 4939; baseline -0.013 -2"><span class='ocrx_word' id='word_1_720' title='bbox 1867 4906 1871 4917; x_wconf 70' lang='grc' dir='ltr'>ν</span> <span class='ocrx_word' id='word_1_721' title='bbox 2518 4873 2722 4939; x_wconf 73' lang='grc' dir='ltr'><em>Πολλὴ</em></span> <span class='ocrx_word' id='word_1_722' title='bbox 2750 4872 2881 4938; x_wconf 78' lang='grc' dir='ltr'><strong>παρ’</strong></span> <span class='ocrx_word' id='word_1_723' title='bbox 2919 4868 3079 4934; x_wconf 84' lang='grc' dir='ltr'>αὐτῷ</span> <span class='ocrx_word' id='word_1_724' title='bbox 3104 4864 3434 4934; x_wconf 70' lang='grc' dir='ltr'>λύτρωσις-,⁸</span> 
     </span>
    </p>
   </div>
   <div class='ocr_carea' id='block_1_93' title="bbox 580 4950 2147 5041">
    <p class='ocr_par' dir='ltr' id='par_1_93' title="bbox 580 4954 2075 5025">
     <span class='ocr_line' id='line_1_94' title="bbox 580 4954 2075 5025; baseline 0.003 -18"><span class='ocrx_word' id='word_1_725' title='bbox 580 4954 879 5016; x_wconf 84' lang='lat' dir='ltr'><strong>Pretiosum</strong></span> <span class='ocrx_word' id='word_1_726' title='bbox 922 4955 1063 5013; x_wconf 86' lang='lat' dir='ltr'><strong>enim</strong></span> <span class='ocrx_word' id='word_1_727' title='bbox 1113 4956 1428 5024; x_wconf 73' lang='lat' dir='ltr'><strong>sanguinem</strong></span> <span class='ocrx_word' id='word_1_728' title='bbox 1469 4970 1626 5009; x_wconf 89' lang='lat' dir='ltr'><strong>suum</strong></span> <span class='ocrx_word' id='word_1_729' title='bbox 1663 4970 1760 5025; x_wconf 86' lang='lat' dir='ltr'><strong>pro</strong></span> <span class='ocrx_word' id='word_1_730' title='bbox 1789 4956 1945 5011; x_wconf 91' lang='lat' dir='ltr'><strong>nobis</strong></span> <span class='ocrx_word' id='word_1_731' title='bbox 1989 4971 2075 5012; x_wconf 87' lang='lat' dir='ltr'><strong>re-</strong></span> 
     </span>
    </p>
   </div>
   <div class='ocr_carea' id='block_1_94' title="bbox 2183 4950 3750 5041">
    <p class='ocr_par' dir='ltr' id='par_1_94' title="bbox 2251 4950 3750 5041">
     <span class='ocr_line' id='line_1_95' title="bbox 2251 4950 3750 5041; baseline -0.014 -18"><span class='ocrx_word' id='word_1_732' title='bbox 2251 4970 2324 5023; x_wconf 80' lang='grc' dir='ltr'><strong>Τὸ</strong></span> <span class='ocrx_word' id='word_1_733' title='bbox 2348 4969 2458 5041; x_wconf 85' lang='grc' dir='ltr'>γὰρ</span> <span class='ocrx_word' id='word_1_734' title='bbox 2490 4968 2670 5036; x_wconf 75' lang='grc' dir='ltr'>τίμιον</span> <span class='ocrx_word' id='word_1_735' title='bbox 2701 4962 2868 5017; x_wconf 81' lang='grc' dir='ltr'>αὐτοῦ</span> <span class='ocrx_word' id='word_1_736' title='bbox 2899 4956 3039 5032; x_wconf 76' lang='grc' dir='ltr'>αἷμα</span> <span class='ocrx_word' id='word_1_737' title='bbox 3080 4958 3219 5029; x_wconf 81' lang='grc' dir='ltr'>ὑπὲρ</span> <span class='ocrx_word' id='word_1_738' title='bbox 3250 4956 3405 5027; x_wconf 84' lang='grc' dir='ltr'>ἡμῶν</span> <span class='ocrx_word' id='word_1_739' title='bbox 3437 4952 3633 5005; x_wconf 76' lang='grc' dir='ltr'>δέδωκε</span> <span class='ocrx_word' id='word_1_740' title='bbox 3660 4950 3750 5004; x_wconf 81' lang='grc' dir='ltr'>λύ-</span> 
     </span>
    </p>
   </div>
   <div class='ocr_carea' id='block_1_95' title="bbox 509 5041 2076 5134">
    <p class='ocr_par' dir='ltr' id='par_1_95' title="bbox 509 5044 2071 5116">
     <span class='ocr_line' id='line_1_96' title="bbox 509 5044 2071 5116; baseline -0.001 -15"><span class='ocrx_word' id='word_1_741' title='bbox 509 5047 874 5116; x_wconf 86' lang='lat' dir='ltr'><strong>demptionem</strong></span> <span class='ocrx_word' id='word_1_742' title='bbox 902 5046 1067 5108; x_wconf 87' lang='lat' dir='ltr'><strong>dedit,</strong></span> <span class='ocrx_word' id='word_1_743' title='bbox 1111 5045 1286 5100; x_wconf 85' lang='lat' dir='ltr'><strong>lactus</strong></span> <span class='ocrx_word' id='word_1_744' title='bbox 1336 5044 1429 5099; x_wconf 90' lang='lat' dir='ltr'><strong>Dei</strong></span> <span class='ocrx_word' id='word_1_745' title='bbox 1463 5046 1663 5115; x_wconf 78' lang='lat' dir='ltr'><strong>Agnus.</strong></span> <span class='ocrx_word' id='word_1_746' title='bbox 1698 5046 1794 5101; x_wconf 82' lang='lat' dir='ltr'><strong>llic</strong></span> <span class='ocrx_word' id='word_1_747' title='bbox 1848 5056 2071 5115; x_wconf 86' lang='lat' dir='ltr'><strong>peccata</strong></span> 
     </span>
    </p>
   </div>
   <div class='ocr_carea' id='block_1_96' title="bbox 2184 5041 3751 5134">
    <p class='ocr_par' dir='ltr' id='par_1_96' title="bbox 2184 5041 3751 5134">
     <span class='ocr_line' id='line_1_97' title="bbox 2184 5041 3751 5134; baseline -0.014 -18"><span class='ocrx_word' id='word_1_748' title='bbox 2184 5080 2327 5134; x_wconf 89' lang='grc' dir='ltr'>τρον,</span> <span class='ocrx_word' id='word_1_749' title='bbox 2360 5061 2647 5130; x_wconf 85' lang='grc' dir='ltr'>γενόμενος</span> <span class='ocrx_word' id='word_1_750' title='bbox 2688 5056 2882 5129; x_wconf 77' lang='grc' dir='ltr'>Ἀμνὸς</span> <span class='ocrx_word' id='word_1_751' title='bbox 2917 5053 3011 5106; x_wconf 85' lang='grc' dir='ltr'><strong>τοῦ</strong></span> <span class='ocrx_word' id='word_1_752' title='bbox 3037 5048 3203 5105; x_wconf 84' lang='grc' dir='ltr'>Θεοῦ·</span> <span class='ocrx_word' id='word_1_753' title='bbox 3241 5041 3394 5108; x_wconf 79' lang='grc' dir='ltr'>οὗτος</span> <span class='ocrx_word' id='word_1_754' title='bbox 3420 5045 3531 5115; x_wconf 84' lang='grc' dir='ltr'>γὰρ</span> <span class='ocrx_word' id='word_1_755' title='bbox 3560 5043 3657 5107; x_wconf 86' lang='grc' dir='ltr'>τὰς</span> <span class='ocrx_word' id='word_1_756' title='bbox 3690 5044 3751 5096; x_wconf 89' lang='grc' dir='ltr'>ἀ-</span> 
     </span>
    </p>
   </div>
   <div class='ocr_carea' id='block_1_97' title="bbox 507 5134 2074 5224">
    <p class='ocr_par' dir='ltr' id='par_1_97' title="bbox 507 5136 2072 5208">
     <span class='ocr_line' id='line_1_98' title="bbox 507 5136 2072 5208; baseline 0 -17"><span class='ocrx_word' id='word_1_757' title='bbox 507 5147 694 5191; x_wconf 86' lang='lat' dir='ltr'><strong>nostra</strong></span> <span class='ocrx_word' id='word_1_758' title='bbox 728 5144 923 5208; x_wconf 77' lang='lat' dir='ltr'><strong>gestat,</strong></span> <span class='ocrx_word' id='word_1_759' title='bbox 955 5144 1010 5191; x_wconf 88' lang='lat' dir='ltr'><strong>et</strong></span> <span class='ocrx_word' id='word_1_760' title='bbox 1040 5150 1140 5205; x_wconf 88' lang='lat' dir='ltr'><strong>pro</strong></span> <span class='ocrx_word' id='word_1_761' title='bbox 1170 5136 1328 5190; x_wconf 86' lang='lat' dir='ltr'><strong>nobis</strong></span> <span class='ocrx_word' id='word_1_762' title='bbox 1354 5136 1521 5190; x_wconf 84' lang='lat' dir='ltr'><strong>dolet.</strong></span> <span class='ocrx_word' id='word_1_763' title='bbox 1579 5136 1843 5205; x_wconf 84' lang='lat' dir='ltr'><strong>Operatus</strong></span> <span class='ocrx_word' id='word_1_764' title='bbox 1870 5149 1945 5191; x_wconf 86' lang='lat' dir='ltr'><strong>est</strong></span> <span class='ocrx_word' id='word_1_765' title='bbox 1974 5154 2072 5191; x_wconf 82' lang='lat' dir='ltr'><strong>au-</strong></span> 
     </span>
    </p>
   </div>
   <div class='ocr_carea' id='block_1_98' title="bbox 2183 5134 3750 5224">
    <p class='ocr_par' dir='ltr' id='par_1_98' title="bbox 2183 5134 3750 5224">
     <span class='ocr_line' id='line_1_99' title="bbox 2183 5134 3750 5224; baseline -0.014 -16"><span class='ocrx_word' id='word_1_766' title='bbox 2183 5153 2415 5224; x_wconf 80' lang='grc' dir='ltr'>μαρτεας</span> <span class='ocrx_word' id='word_1_767' title='bbox 2440 5152 2595 5223; x_wconf 76' lang='grc' dir='ltr'>ἡμῶν</span> <span class='ocrx_word' id='word_1_768' title='bbox 2620 5152 2776 5221; x_wconf 80' lang='grc' dir='ltr'>φέρει</span> <span class='ocrx_word' id='word_1_769' title='bbox 2800 5149 2893 5201; x_wconf 84' lang='grc' dir='ltr'><strong>καί</strong></span> <span class='ocrx_word' id='word_1_770' title='bbox 2914 5146 3041 5217; x_wconf 76' lang='grc' dir='ltr'>περὶ</span> <span class='ocrx_word' id='word_1_771' title='bbox 3059 5141 3213 5214; x_wconf 80' lang='grc' dir='ltr'>ἡμῶν</span> <span class='ocrx_word' id='word_1_772' title='bbox 3230 5140 3499 5193; x_wconf 83' lang='grc' dir='ltr'>όδυνᾶται.</span> <span class='ocrx_word' id='word_1_773' title='bbox 3518 5134 3750 5202; x_wconf 82' lang='grc' dir='ltr'>Ἐποίη-</span> 
     </span>
    </p>
   </div>
   <div class='ocr_carea' id='block_1_99' title="bbox 509 5225 2076 5310">
    <p class='ocr_par' dir='ltr' id='par_1_99' title="bbox 509 5225 2067 5296">
     <span class='ocr_line' id='line_1_100' title="bbox 509 5225 2067 5296; baseline 0.002 -16"><span class='ocrx_word' id='word_1_774' title='bbox 509 5239 611 5282; x_wconf 91' lang='lat' dir='ltr'><strong>tem</strong></span> <span class='ocrx_word' id='word_1_775' title='bbox 648 5229 1051 5296; x_wconf 87' lang='lat' dir='ltr'><strong>redemptionem</strong></span> <span class='ocrx_word' id='word_1_776' title='bbox 1081 5225 1270 5293; x_wconf 85' lang='lat' dir='ltr'><strong>populo</strong></span> <span class='ocrx_word' id='word_1_777' title='bbox 1312 5243 1430 5290; x_wconf 90' lang='lat' dir='ltr'><strong>suo,</strong></span> <span class='ocrx_word' id='word_1_778' title='bbox 1466 5235 1523 5280; x_wconf 88' lang='lat' dir='ltr'><strong>ut</strong></span> <span class='ocrx_word' id='word_1_779' title='bbox 1548 5227 1625 5280; x_wconf 85' lang='lat' dir='ltr'><strong>ait</strong></span> <span class='ocrx_word' id='word_1_780' title='bbox 1652 5227 1943 5283; x_wconf 80' lang='lat' dir='ltr'><strong>Zacharias</strong></span> <span class='ocrx_word' id='word_1_781' title='bbox 1975 5229 2017 5259; x_wconf 83' lang='grc'><strong>³¹</strong></span> <span class='ocrx_word' id='word_1_782' title='bbox 2051 5245 2067 5294; x_wconf 88' lang='lat'><strong>;</strong></span> 
     </span>
    </p>
   </div>
   <div class='ocr_carea' id='block_1_100' title="bbox 2183 5225 3750 5310">
    <p class='ocr_par' dir='ltr' id='par_1_100' title="bbox 2183 5227 3750 5310">
     <span class='ocr_line' id='line_1_101' title="bbox 2183 5227 3750 5310; baseline -0.015 -10"><span class='ocrx_word' id='word_1_783' title='bbox 2183 5261 2251 5299; x_wconf 88' lang='grc' dir='ltr'><strong>σε</strong></span> <span class='ocrx_word' id='word_1_784' title='bbox 2290 5244 2357 5298; x_wconf 80' lang='grc' dir='ltr'>δὲ</span> <span class='ocrx_word' id='word_1_785' title='bbox 2390 5243 2488 5297; x_wconf 77' lang='grc' dir='ltr'><strong>καὶ</strong></span> <span class='ocrx_word' id='word_1_786' title='bbox 2520 5244 2818 5310; x_wconf 73' lang='grc' dir='ltr'>λύτρωσιν</span> <span class='ocrx_word' id='word_1_787' title='bbox 2856 5237 2935 5303; x_wconf 85' lang='grc' dir='ltr'>τῷ</span> <span class='ocrx_word' id='word_1_788' title='bbox 2964 5232 3092 5299; x_wconf 71' lang='grc' dir='ltr'>λαῷ</span> <span class='ocrx_word' id='word_1_789' title='bbox 3120 5232 3327 5294; x_wconf 75' lang='grc' dir='ltr'>αὑτοῦ,</span> <span class='ocrx_word' id='word_1_790' title='bbox 3354 5228 3497 5283; x_wconf 83' lang='grc' dir='ltr'>κατὰ</span> <span class='ocrx_word' id='word_1_791' title='bbox 3531 5228 3622 5280; x_wconf 81' lang='grc' dir='ltr'><strong>τὸν</strong></span> <span class='ocrx_word' id='word_1_792' title='bbox 3656 5227 3750 5278; x_wconf 66' lang='grc' dir='ltr'><strong>Ζαά</strong></span> 
     </span>
    </p>
   </div>
   <div class='ocr_carea' id='block_1_101' title="bbox 508 5317 3749 5407">
    <p class='ocr_par' dir='ltr' id='par_1_101' title="bbox 508 5317 3749 5407">
     <span class='ocr_line' id='line_1_102' title="bbox 508 5317 3749 5407; baseline -0.007 -16"><span class='ocrx_word' id='word_1_793' title='bbox 508 5317 672 5391; x_wconf 63' lang='lat' dir='ltr'><strong>in‘lue</strong></span> <span class='ocrx_word' id='word_1_794' title='bbox 700 5332 758 5376; x_wconf 73' lang='grc' dir='ltr'>υι</span> <span class='ocrx_word' id='word_1_795' title='bbox 787 5330 980 5376; x_wconf 56' lang='lat' dir='ltr'><strong>sane”</strong></span> <span class='ocrx_word' id='word_1_796' title='bbox 1011 5318 1199 5389; x_wconf 61' lang='grc' dir='ltr'><strong>γίνεον</strong></span> <span class='ocrx_word' id='word_1_797' title='bbox 1231 5318 1486 5373; x_wconf 54' lang='lat' dir='ltr'><strong>“malem</strong></span> <span class='ocrx_word' id='word_1_798' title='bbox 1524 5320 1751 5388; x_wconf 68' lang='grc' dir='ltr'><strong>δαεεερίι</strong></span> <span class='ocrx_word' id='word_1_799' title='bbox 1782 5319 1849 5374; x_wconf 76' lang='grc'><strong>³³·</strong></span> <span class='ocrx_word' id='word_1_800' title='bbox 2179 5335 2372 5407; x_wconf 82' lang='grc' dir='ltr'>χαρίαν</span> <span class='ocrx_word' id='word_1_801' title='bbox 2394 5351 2407 5364; x_wconf 88' lang='grc'><strong>·</strong></span> <span class='ocrx_word' id='word_1_802' title='bbox 2438 5335 2533 5389; x_wconf 75' lang='grc' dir='ltr'>καὶ</span> <span class='ocrx_word' id='word_1_803' title='bbox 2560 5332 2699 5387; x_wconf 81' lang='grc' dir='ltr'><strong>κατά</strong></span> <span class='ocrx_word' id='word_1_804' title='bbox 2727 5332 2827 5403; x_wconf 84' lang='grc' dir='ltr'>τὴν</span> <span class='ocrx_word' id='word_1_805' title='bbox 2852 5328 3013 5397; x_wconf 81' lang='grc' dir='ltr'>ἁγίαν</span> <span class='ocrx_word' id='word_1_806' title='bbox 3041 5324 3334 5387; x_wconf 83' lang='grc' dir='ltr'>Παοθένον,</span> <span class='ocrx_word' id='word_1_807' title='bbox 3370 5317 3749 5382; x_wconf 78' lang='grc' dir='ltr'>Ἀντελὰβετο</span> 
     </span>
    </p>
   </div>
   <div class='ocr_carea' id='block_1_102' title="bbox 2188 5425 2452 5493">
    <p class='ocr_par' dir='ltr' id='par_1_102' title="bbox 2188 5425 2452 5493">
     <span class='ocr_line' id='line_1_103' title="bbox 2188 5425 2452 5493; baseline -0.008 -13"><span class='ocrx_word' id='word_1_808' title='bbox 2188 5425 2452 5493; x_wconf 81' lang='grc' dir='ltr'>Ἰσραήλ.</span> 
     </span>
    </p>
   </div>
   <div class='ocr_carea' id='block_1_103' title="bbox 579 5474 3746 5577">
    <p class='ocr_par' dir='ltr' id='par_1_103' title="bbox 579 5474 3746 5577">
     <span class='ocr_line' id='line_1_104' title="bbox 579 5474 3746 5577; baseline -0.002 -20"><span class='ocrx_word' id='word_1_809' title='bbox 579 5505 628 5537; x_wconf 78' lang='grc'><strong>’⁸</strong></span> <span class='ocrx_word' id='word_1_810' title='bbox 660 5503 1074 5577; x_wconf 10' lang='lat' dir='ltr'><strong>Matth.4xv,78._</strong></span> <span class='ocrx_word' id='word_1_811' title='bbox 1161 5503 1249 5557; x_wconf 79' lang='lat' dir='ltr'><strong>“I</strong></span> <span class='ocrx_word' id='word_1_812' title='bbox 1288 5502 1411 5577; x_wconf 68' lang='lat' dir='ltr'><strong>(lor.</strong></span> <span class='ocrx_word' id='word_1_813' title='bbox 1447 5516 1555 5577; x_wconf 64' lang='lat' dir='ltr'><strong>_tt,__</strong></span> <span class='ocrx_word' id='word_1_814' title='bbox 1582 5500 1788 5577; x_wconf 84' lang='lat'>___&quot;</span> <span class='ocrx_word' id='word_1_815' title='bbox 1818 5502 1975 5562; x_wconf 80' lang='lat' dir='ltr'><strong>Rom.</strong></span> <span class='ocrx_word' id='word_1_816' title='bbox 2005 5525 2083 5577; x_wconf 74' lang='lat' dir='ltr'><strong>xu,</strong></span> <span class='ocrx_word' id='word_1_817' title='bbox 2113 5474 2565 5571; x_wconf 23' lang='grc' dir='ltr'><strong>ὅῦῗῖέῄίέτεοὶι.</strong></span> <span class='ocrx_word' id='word_1_818' title='bbox 2608 5526 2690 5576; x_wconf 87' lang='lat' dir='ltr'><strong>In,</strong></span> <span class='ocrx_word' id='word_1_819' title='bbox 2714 5510 2768 5565; x_wconf 81' lang='lat'><strong>5.</strong></span> <span class='ocrx_word' id='word_1_820' title='bbox 2871 5509 2917 5541; x_wconf 87' lang='lat'><strong>”</strong></span> <span class='ocrx_word' id='word_1_821' title='bbox 2970 5508 3139 5562; x_wconf 77' lang='lat' dir='ltr'><strong>Exod.</strong></span> <span class='ocrx_word' id='word_1_822' title='bbox 3193 5520 3306 5569; x_wconf 78' lang='lat' dir='ltr'><strong>xw,</strong></span> <span class='ocrx_word' id='word_1_823' title='bbox 3341 5503 3422 5557; x_wconf 82' lang='lat' dir='ltr'><strong>l5.</strong></span> <span class='ocrx_word' id='word_1_824' title='bbox 3533 5474 3746 5550; x_wconf 50' lang='lat' dir='ltr'><strong>&quot;.Psal.</strong></span> 
     </span>
    </p>
   </div>
   <div class='ocr_carea' id='block_1_104' title="bbox 506 5571 2103 5639">
    <p class='ocr_par' dir='ltr' id='par_1_104' title="bbox 506 5571 2103 5639">
     <span class='ocr_line' id='line_1_105' title="bbox 506 5571 2103 5639; baseline -0.006 -7"><span class='ocrx_word' id='word_1_825' title='bbox 506 5590 735 5639; x_wconf 80' lang='lat' dir='ltr'><strong>cxxvm,</strong></span> <span class='ocrx_word' id='word_1_826' title='bbox 772 5574 823 5636; x_wconf 80' lang='grc' dir='ltr'>Ι,</span> <span class='ocrx_word' id='word_1_827' title='bbox 848 5574 906 5628; x_wconf 71' lang='grc'><strong>2.</strong></span> <span class='ocrx_word' id='word_1_828' title='bbox 983 5576 1023 5606; x_wconf 87' lang='grc'>³¹</span> <span class='ocrx_word' id='word_1_829' title='bbox 1056 5575 1184 5629; x_wconf 84' lang='lat' dir='ltr'><strong>an.</strong></span> <span class='ocrx_word' id='word_1_830' title='bbox 1209 5592 1247 5637; x_wconf 85' lang='lat' dir='ltr'><strong>I,</strong></span> <span class='ocrx_word' id='word_1_831' title='bbox 1282 5573 1369 5627; x_wconf 87' lang='lat'><strong>68.</strong></span> <span class='ocrx_word' id='word_1_832' title='bbox 1445 5571 1491 5603; x_wconf 80' lang='grc'><strong><em>³⁸</em></strong></span> <span class='ocrx_word' id='word_1_833' title='bbox 1525 5574 1654 5626; x_wconf 87' lang='lat' dir='ltr'><strong>ibid.</strong></span> <span class='ocrx_word' id='word_1_834' title='bbox 1685 5571 1773 5625; x_wconf 65' lang='grc'><strong>54.</strong></span> <span class='ocrx_word' id='word_1_835' title='bbox 2068 5571 2103 5607; x_wconf 64' lang='grc' dir='ltr'>⁷ι</span> 
     </span>
    </p>
   </div>
   <div class='ocr_carea' id='block_1_105' title="bbox 511 5664 3748 5737">
    <p class='ocr_par' dir='ltr' id='par_1_105' title="bbox 511 5664 3748 5737">
     <span class='ocr_line' id='line_1_106' title="bbox 511 5664 3748 5737; baseline -0.002 -17"><span class='ocrx_word' id='word_1_836' title='bbox 511 5679 555 5720; x_wconf 87' lang='lat' dir='ltr'><strong>et</strong></span> <span class='ocrx_word' id='word_1_837' title='bbox 580 5668 800 5737; x_wconf 80' lang='lat' dir='ltr'><strong>reliqua.</strong></span> <span class='ocrx_word' id='word_1_838' title='bbox 855 5666 995 5721; x_wconf 76' lang='lat' dir='ltr'><strong>Nam</strong></span> <span class='ocrx_word' id='word_1_839' title='bbox 1035 5667 1190 5731; x_wconf 81' lang='lat' dir='ltr'><strong>huius</strong></span> <span class='ocrx_word' id='word_1_840' title='bbox 1219 5668 1345 5719; x_wconf 70' lang='lat' dir='ltr'><strong>oleae</strong></span> <span class='ocrx_word' id='word_1_841' title='bbox 1366 5666 1932 5737; x_wconf 59' lang='lat' dir='ltr'><strong>germina,_tanquam_</strong></span> <span class='ocrx_word' id='word_1_842' title='bbox 1956 5680 2073 5737; x_wconf 75' lang='lat' dir='ltr'><strong>sur-</strong></span> <span class='ocrx_word' id='word_1_843' title='bbox 2182 5666 2323 5719; x_wconf 79' lang='lat' dir='ltr'><strong>haud</strong></span> <span class='ocrx_word' id='word_1_844' title='bbox 2350 5666 2441 5719; x_wconf 85' lang='lat' dir='ltr'><strong>viti</strong></span> <span class='ocrx_word' id='word_1_845' title='bbox 2478 5664 2703 5737; x_wconf 82' lang='lat' dir='ltr'><strong>similem</strong></span> <span class='ocrx_word' id='word_1_846' title='bbox 2754 5665 2939 5737; x_wconf 80' lang='lat' dir='ltr'><strong>habent</strong></span> <span class='ocrx_word' id='word_1_847' title='bbox 2986 5664 3285 5737; x_wconf 71' lang='lat' dir='ltr'><strong>coniugem,</strong></span> <span class='ocrx_word' id='word_1_848' title='bbox 3314 5675 3476 5729; x_wconf 83' lang='lat' dir='ltr'><strong>neque</strong></span> <span class='ocrx_word' id='word_1_849' title='bbox 3505 5670 3559 5713; x_wconf 86' lang='lat' dir='ltr'><strong>ut</strong></span> <span class='ocrx_word' id='word_1_850' title='bbox 3592 5676 3748 5714; x_wconf 81' lang='lat' dir='ltr'><strong>novos</strong></span> 
     </span>
    </p>
   </div>
   <div class='ocr_carea' id='block_1_106' title="bbox 511 5732 3150 5804">
    <p class='ocr_par' dir='ltr' id='par_1_106' title="bbox 511 5732 3150 5804">
     <span class='ocr_line' id='line_1_107' title="bbox 511 5732 3150 5804; baseline 0 -15"><span class='ocrx_word' id='word_1_851' title='bbox 511 5738 618 5789; x_wconf 78' lang='lat' dir='ltr'><strong>culi</strong></span> <span class='ocrx_word' id='word_1_852' title='bbox 656 5732 839 5791; x_wconf 81' lang='lat' dir='ltr'><strong>novelli</strong></span> <span class='ocrx_word' id='word_1_853' title='bbox 888 5739 1157 5789; x_wconf 82' lang='lat' dir='ltr'><strong>dicuntur.</strong></span> <span class='ocrx_word' id='word_1_854' title='bbox 1215 5732 1557 5804; x_wconf 39' lang='lat' dir='ltr'><strong>Quid—ergo?</strong></span> <span class='ocrx_word' id='word_1_855' title='bbox 1600 5732 1720 5786; x_wconf 87' lang='lat' dir='ltr'><strong>Non</strong></span> <span class='ocrx_word' id='word_1_856' title='bbox 1742 5732 1815 5786; x_wconf 79' lang='lat' dir='ltr'><strong>est</strong></span> <span class='ocrx_word' id='word_1_857' title='bbox 1858 5735 2069 5803; x_wconf 76' lang='lat' dir='ltr'><strong>itrjustis</strong></span> <span class='ocrx_word' id='word_1_858' title='bbox 2178 5737 2408 5791; x_wconf 88' lang='lat' dir='ltr'><strong>olearum</strong></span> <span class='ocrx_word' id='word_1_859' title='bbox 2438 5736 2697 5799; x_wconf 84' lang='lat' dir='ltr'><strong>surculos,</strong></span> <span class='ocrx_word' id='word_1_860' title='bbox 2734 5736 2892 5802; x_wconf 81' lang='lat' dir='ltr'><strong>ﬁlios.</strong></span> <span class='ocrx_word' id='word_1_861' title='bbox 3144 5734 3150 5740; x_wconf 84' lang='grc'><strong>’</strong></span> 
     </span>
    </p>
   </div>
   <div class='ocr_carea' id='block_1_107' title="bbox 510 5804 2065 5875">
    <p class='ocr_par' dir='ltr' id='par_1_107' title="bbox 510 5804 2065 5875">
     <span class='ocr_line' id='line_1_108' title="bbox 510 5804 2065 5875; baseline -0.001 -15"><span class='ocrx_word' id='word_1_862' title='bbox 510 5822 733 5860; x_wconf 69' lang='lat' dir='ltr'><strong>uxorum</strong></span> <span class='ocrx_word' id='word_1_863' title='bbox 766 5807 973 5861; x_wconf 84' lang='lat' dir='ltr'><strong>ubertas</strong></span> <span class='ocrx_word' id='word_1_864' title='bbox 1014 5822 1075 5859; x_wconf 84' lang='lat' dir='ltr'><strong>ac</strong></span> <span class='ocrx_word' id='word_1_865' title='bbox 1117 5805 1441 5862; x_wconf 79' lang='lat' dir='ltr'><strong>liberorum?</strong></span> <span class='ocrx_word' id='word_1_866' title='bbox 1479 5804 1668 5875; x_wconf 87' lang='lat' dir='ltr'><strong>Utique</strong></span> <span class='ocrx_word' id='word_1_867' title='bbox 1700 5819 1717 5869; x_wconf 89' lang='lat'><strong><em>;</em></strong></span> <span class='ocrx_word' id='word_1_868' title='bbox 1755 5804 1848 5857; x_wconf 88' lang='lat' dir='ltr'><strong>sed</strong></span> <span class='ocrx_word' id='word_1_869' title='bbox 1892 5814 2065 5859; x_wconf 85' lang='lat' dir='ltr'><strong>tamen</strong></span> 
     </span>
    </p>
   </div>
  </div>
