  <div class='ocr_page' id='page_1' title='image "/cluster/home/n/w/nwhite01/storage/ocr_20150623/24/hvd.32044019207729/018.png"; bbox 0 0 3968 6514; ppageno 0'>
   <div class='ocr_carea' id='block_1_1' title="bbox 244 380 3482 452">
    <p class='ocr_par' dir='ltr' id='par_1_1' title="bbox 244 380 3482 452">
     <span class='ocr_line' id='line_1_1' title="bbox 244 380 3482 452; baseline 0.006 -18"><span class='ocrx_word' id='word_1_1' title='bbox 244 396 325 452; x_wconf 65' lang='grc'><strong>9⁵</strong></span> <span class='ocrx_word' id='word_1_2' title='bbox 1376 380 1877 441; x_wconf 76' lang='lat' dir='ltr'><strong>COMMENTARIA</strong></span> <span class='ocrx_word' id='word_1_3' title='bbox 1914 384 1982 441; x_wconf 86' lang='lat' dir='ltr'><strong>lN</strong></span> <span class='ocrx_word' id='word_1_4' title='bbox 2019 386 2354 446; x_wconf 79' lang='lat' dir='ltr'><strong>PSALMOS.</strong></span> <span class='ocrx_word' id='word_1_5' title='bbox 3412 395 3482 452; x_wconf 72' lang='lat'>26</span> 
     </span>
    </p>
   </div>
   <div class='ocr_carea' id='block_1_2' title="bbox 818 505 1260 560">
    <p class='ocr_par' dir='ltr' id='par_1_2' title="bbox 818 505 1260 560">
     <span class='ocr_line' id='line_1_2' title="bbox 818 505 1260 560; baseline -0.007 0"><span class='ocrx_word' id='word_1_6' title='bbox 818 505 1107 560; x_wconf 79' lang='grc' dir='ltr'><strong>ΨΑΛΜΟΣ</strong></span> <span class='ocrx_word' id='word_1_7' title='bbox 1136 506 1260 557; x_wconf 84' lang='lat' dir='ltr'><strong>PA&#39;.</strong></span> 
     </span>
    </p>
   </div>
   <div class='ocr_carea' id='block_1_3' title="bbox 338 590 1828 670">
    <p class='ocr_par' dir='ltr' id='par_1_3' title="bbox 338 590 1828 670">
     <span class='ocr_line' id='line_1_3' title="bbox 338 590 1828 670; baseline -0.008 -14"><span class='ocrx_word' id='word_1_8' title='bbox 338 600 667 663; x_wconf 82' lang='grc' dir='ltr'>Ἀκολούθως</span> <span class='ocrx_word' id='word_1_9' title='bbox 690 601 723 670; x_wconf 86' lang='grc' dir='ltr'>ὴ</span> <span class='ocrx_word' id='word_1_10' title='bbox 754 599 863 670; x_wconf 81' lang='grc' dir='ltr'>ᾠδὴ</span> <span class='ocrx_word' id='word_1_11' title='bbox 896 601 929 669; x_wconf 78' lang='grc' dir='ltr'>ἡ</span> <span class='ocrx_word' id='word_1_12' title='bbox 959 596 1207 669; x_wconf 86' lang='grc' dir='ltr'>παροῦσα</span> <span class='ocrx_word' id='word_1_13' title='bbox 1230 595 1326 649; x_wconf 72' lang='grc' dir='ltr'><strong>καὶ</strong></span> <span class='ocrx_word' id='word_1_14' title='bbox 1352 596 1386 666; x_wconf 81' lang='grc' dir='ltr'><strong>ἡ</strong></span> <span class='ocrx_word' id='word_1_15' title='bbox 1419 595 1523 667; x_wconf 84' lang='grc' dir='ltr'><strong>πρὸ</strong></span> <span class='ocrx_word' id='word_1_16' title='bbox 1546 594 1715 665; x_wconf 77' lang='grc' dir='ltr'>αὐτῆς</span> <span class='ocrx_word' id='word_1_17' title='bbox 1736 590 1828 644; x_wconf 87' lang='grc' dir='ltr'><strong>τοῦ</strong></span> 
     </span>
    </p>
   </div>
   <div class='ocr_carea' id='block_1_4' title="bbox 244 684 1831 766">
    <p class='ocr_par' dir='ltr' id='par_1_4' title="bbox 244 684 1831 766">
     <span class='ocr_line' id='line_1_4' title="bbox 244 684 1831 766; baseline -0.009 -16"><span class='ocrx_word' id='word_1_18' title='bbox 244 701 307 751; x_wconf 78' lang='grc' dir='ltr'>ἐν</span> <span class='ocrx_word' id='word_1_19' title='bbox 337 695 523 766; x_wconf 79' lang='grc' dir='ltr'>Κυρίῳ</span> <span class='ocrx_word' id='word_1_20' title='bbox 548 691 964 762; x_wconf 85' lang='grc' dir='ltr'>τετελειωμένου</span> <span class='ocrx_word' id='word_1_21' title='bbox 1002 685 1497 758; x_wconf 81' lang='grc' dir='ltr'><strong>ταπεινοφροσύνης</strong></span> <span class='ocrx_word' id='word_1_22' title='bbox 1533 684 1713 755; x_wconf 82' lang='grc' dir='ltr'>φωνὰς</span> <span class='ocrx_word' id='word_1_23' title='bbox 1737 701 1831 737; x_wconf 88' lang='grc' dir='ltr'>πε-</span> 
     </span>
    </p>
   </div>
   <div class='ocr_carea' id='block_1_5' title="bbox 244 776 1831 860">
    <p class='ocr_par' dir='ltr' id='par_1_5' title="bbox 244 776 1831 860">
     <span class='ocr_line' id='line_1_5' title="bbox 244 776 1831 860; baseline -0.008 -20"><span class='ocrx_word' id='word_1_24' title='bbox 244 791 528 860; x_wconf 75' lang='grc' dir='ltr'>ριέχουσα,</span> <span class='ocrx_word' id='word_1_25' title='bbox 565 783 660 837; x_wconf 73' lang='grc' dir='ltr'><strong>καὶ</strong></span> <span class='ocrx_word' id='word_1_26' title='bbox 695 782 928 853; x_wconf 80' lang='grc' dir='ltr'>μάλιστα</span> <span class='ocrx_word' id='word_1_27' title='bbox 968 779 1063 833; x_wconf 85' lang='grc' dir='ltr'><strong>τοῦ</strong></span> <span class='ocrx_word' id='word_1_28' title='bbox 1095 777 1390 849; x_wconf 84' lang='grc' dir='ltr'>δυναμένου</span> <span class='ocrx_word' id='word_1_29' title='bbox 1431 777 1633 846; x_wconf 85' lang='grc' dir='ltr'>λέγειν·</span> <span class='ocrx_word' id='word_1_30' title='bbox 1670 776 1831 828; x_wconf 83' lang='grc' dir='ltr'>Ἕνε-</span> 
     </span>
    </p>
   </div>
   <div class='ocr_carea' id='block_1_6' title="bbox 245 866 1831 945">
    <p class='ocr_par' dir='ltr' id='par_1_6' title="bbox 245 866 1831 945">
     <span class='ocr_line' id='line_1_6' title="bbox 245 866 1831 945; baseline -0.009 -12"><span class='ocrx_word' id='word_1_31' title='bbox 245 897 363 934; x_wconf 76' lang='grc' dir='ltr'>κεν</span> <span class='ocrx_word' id='word_1_32' title='bbox 380 877 484 932; x_wconf 83' lang='grc' dir='ltr'><strong>τοῦ</strong></span> <span class='ocrx_word' id='word_1_33' title='bbox 531 876 824 945; x_wconf 76' lang='grc' dir='ltr'>ὀνόματός</span> <span class='ocrx_word' id='word_1_34' title='bbox 858 889 975 928; x_wconf 91' lang='grc' dir='ltr'>σου</span> <span class='ocrx_word' id='word_1_35' title='bbox 1009 868 1299 941; x_wconf 76' lang='grc' dir='ltr'>ὐπέμεινά</span> <span class='ocrx_word' id='word_1_36' title='bbox 1329 884 1421 934; x_wconf 89' lang='grc' dir='ltr'><strong>σε,</strong></span> <span class='ocrx_word' id='word_1_37' title='bbox 1451 870 1649 937; x_wconf 84' lang='grc' dir='ltr'>Κύριε.</span> <span class='ocrx_word' id='word_1_38' title='bbox 1687 867 1747 919; x_wconf 87' lang='lat'><strong>&#39;0</strong></span> <span class='ocrx_word' id='word_1_39' title='bbox 1774 866 1831 918; x_wconf 86' lang='grc' dir='ltr'>δὲ</span> 
     </span>
    </p>
   </div>
   <div class='ocr_carea' id='block_1_7' title="bbox 243 958 1829 1040">
    <p class='ocr_par' dir='ltr' id='par_1_7' title="bbox 243 958 1829 1040">
     <span class='ocr_line' id='line_1_7' title="bbox 243 958 1829 1040; baseline -0.011 -13"><span class='ocrx_word' id='word_1_40' title='bbox 243 973 414 1027; x_wconf 78' lang='grc' dir='ltr'>Δαυῒδ</span> <span class='ocrx_word' id='word_1_41' title='bbox 442 973 517 1036; x_wconf 84' lang='grc' dir='ltr'>ὡς</span> <span class='ocrx_word' id='word_1_42' title='bbox 539 970 686 1033; x_wconf 74' lang='grc' dir='ltr'>εἰκὸς</span> <span class='ocrx_word' id='word_1_43' title='bbox 718 966 1049 1040; x_wconf 86' lang='grc' dir='ltr'>μεμαθηκὼς</span> <span class='ocrx_word' id='word_1_44' title='bbox 1088 964 1197 1019; x_wconf 83' lang='grc' dir='ltr'>ἀπὸ</span> <span class='ocrx_word' id='word_1_45' title='bbox 1218 965 1325 1017; x_wconf 88' lang='grc' dir='ltr'><strong>τῶν</strong></span> <span class='ocrx_word' id='word_1_46' title='bbox 1352 961 1441 1015; x_wconf 84' lang='grc' dir='ltr'><strong>τοῦ</strong></span> <span class='ocrx_word' id='word_1_47' title='bbox 1472 962 1627 1030; x_wconf 81' lang='grc' dir='ltr'>ἁγίου</span> <span class='ocrx_word' id='word_1_48' title='bbox 1656 958 1829 1011; x_wconf 85' lang='grc' dir='ltr'>Πνεύ-</span> 
     </span>
    </p>
   </div>
   <div class='ocr_carea' id='block_1_8' title="bbox 248 1051 1828 1136">
    <p class='ocr_par' dir='ltr' id='par_1_8' title="bbox 248 1051 1828 1136">
     <span class='ocr_line' id='line_1_8' title="bbox 248 1051 1828 1136; baseline -0.011 -16"><span class='ocrx_word' id='word_1_49' title='bbox 248 1084 423 1136; x_wconf 76' lang='grc' dir='ltr'>ματος</span> <span class='ocrx_word' id='word_1_50' title='bbox 455 1063 670 1133; x_wconf 83' lang='grc' dir='ltr'>φωνῶν,</span> <span class='ocrx_word' id='word_1_51' title='bbox 686 1062 768 1115; x_wconf 82' lang='grc' dir='ltr'>ὅτι</span> <span class='ocrx_word' id='word_1_52' title='bbox 787 1078 869 1123; x_wconf 87' lang='grc' dir='ltr'><strong>τις</strong></span> <span class='ocrx_word' id='word_1_53' title='bbox 882 1058 1103 1130; x_wconf 86' lang='grc' dir='ltr'>ἱλασμὸς</span> <span class='ocrx_word' id='word_1_54' title='bbox 1124 1055 1272 1128; x_wconf 82' lang='grc' dir='ltr'>παρᾶ</span> <span class='ocrx_word' id='word_1_55' title='bbox 1291 1055 1369 1126; x_wconf 82' lang='grc' dir='ltr'>τῷ</span> <span class='ocrx_word' id='word_1_56' title='bbox 1388 1054 1526 1125; x_wconf 84' lang='grc' dir='ltr'>Θεῷ,</span> <span class='ocrx_word' id='word_1_57' title='bbox 1548 1054 1641 1106; x_wconf 79' lang='grc' dir='ltr'><strong>καὶ</strong></span> <span class='ocrx_word' id='word_1_58' title='bbox 1663 1051 1828 1123; x_wconf 78' lang='grc' dir='ltr'>πολλὴ</span> 
     </span>
    </p>
   </div>
   <div class='ocr_carea' id='block_1_9' title="bbox 245 1143 1829 1230">
    <p class='ocr_par' dir='ltr' id='par_1_9' title="bbox 245 1143 1829 1230">
     <span class='ocr_line' id='line_1_9' title="bbox 245 1143 1829 1230; baseline -0.011 -18"><span class='ocrx_word' id='word_1_59' title='bbox 245 1160 381 1230; x_wconf 72' lang='grc' dir='ltr'>παρ’</span> <span class='ocrx_word' id='word_1_60' title='bbox 441 1156 590 1227; x_wconf 78' lang='grc' dir='ltr'>αὐτῷ</span> <span class='ocrx_word' id='word_1_61' title='bbox 656 1153 922 1223; x_wconf 85' lang='grc' dir='ltr'><strong>λύτρωσις</strong></span> <span class='ocrx_word' id='word_1_62' title='bbox 980 1151 1028 1202; x_wconf 87' lang='grc' dir='ltr'>εἰ</span> <span class='ocrx_word' id='word_1_63' title='bbox 1082 1148 1440 1206; x_wconf 84' lang='grc' dir='ltr'>πιστεύσειεν,</span> <span class='ocrx_word' id='word_1_64' title='bbox 1518 1143 1829 1212; x_wconf 80' lang='grc' dir='ltr'>ἀναγκαίως</span> 
     </span>
    </p>
   </div>
   <div class='ocr_carea' id='block_1_10' title="bbox 246 1235 1825 1319">
    <p class='ocr_par' dir='ltr' id='par_1_10' title="bbox 246 1235 1825 1319">
     <span class='ocr_line' id='line_1_10' title="bbox 246 1235 1825 1319; baseline -0.013 -14"><span class='ocrx_word' id='word_1_65' title='bbox 246 1251 441 1304; x_wconf 76' lang='grc' dir='ltr'>ἑαυτὸν</span> <span class='ocrx_word' id='word_1_66' title='bbox 460 1243 854 1319; x_wconf 81' lang='grc' dir='ltr'>προσφέρειτῴ</span> <span class='ocrx_word' id='word_1_67' title='bbox 872 1243 1155 1313; x_wconf 80' lang='grc' dir='ltr'>Λυτρωτῇ·</span> <span class='ocrx_word' id='word_1_68' title='bbox 1182 1239 1261 1291; x_wconf 81' lang='grc' dir='ltr'><strong>διὸ</strong></span> <span class='ocrx_word' id='word_1_69' title='bbox 1291 1239 1383 1291; x_wconf 80' lang='grc' dir='ltr'><strong>καὶ</strong></span> <span class='ocrx_word' id='word_1_70' title='bbox 1410 1235 1825 1306; x_wconf 80' lang='grc' dir='ltr'>ἐπιγέγραπται·</span> 
     </span>
    </p>
   </div>
   <div class='ocr_carea' id='block_1_11' title="bbox 250 1325 1829 1411">
    <p class='ocr_par' dir='ltr' id='par_1_11' title="bbox 250 1325 1829 1411">
     <span class='ocr_line' id='line_1_11' title="bbox 250 1325 1829 1411; baseline -0.013 -14"><span class='ocrx_word' id='word_1_71' title='bbox 250 1342 369 1397; x_wconf 83' lang='grc' dir='ltr'>Τοῦ</span> <span class='ocrx_word' id='word_1_72' title='bbox 402 1339 584 1411; x_wconf 75' lang='grc' dir='ltr'>Δαυῒδ</span> <span class='ocrx_word' id='word_1_73' title='bbox 623 1341 709 1403; x_wconf 81' lang='grc' dir='ltr'><strong>είς</strong></span> <span class='ocrx_word' id='word_1_74' title='bbox 750 1334 1121 1403; x_wconf 79' lang='grc' dir='ltr'>παραίτησιν</span> <span class='ocrx_word' id='word_1_75' title='bbox 1150 1326 1690 1397; x_wconf 72' lang='grc' dir='ltr'><strong>πλημμελημάτων,</strong></span> <span class='ocrx_word' id='word_1_76' title='bbox 1724 1325 1829 1390; x_wconf 86' lang='grc' dir='ltr'>τὰς</span> 
     </span>
    </p>
   </div>
   <div class='ocr_carea' id='block_1_12' title="bbox 248 1415 1827 1499">
    <p class='ocr_par' dir='ltr' id='par_1_12' title="bbox 248 1415 1827 1499">
     <span class='ocr_line' id='line_1_12' title="bbox 248 1415 1827 1499; baseline -0.013 -11"><span class='ocrx_word' id='word_1_77' title='bbox 248 1435 406 1499; x_wconf 74' lang='grc' dir='ltr'>ἰδίας</span> <span class='ocrx_word' id='word_1_78' title='bbox 470 1427 931 1498; x_wconf 80' lang='grc' dir='ltr'>έξαριθμοῦντος</span> <span class='ocrx_word' id='word_1_79' title='bbox 997 1422 1415 1491; x_wconf 77' lang='grc' dir='ltr'>ἀνδραγαθίας.</span> <span class='ocrx_word' id='word_1_80' title='bbox 1462 1420 1536 1471; x_wconf 82' lang='grc' dir='ltr'><strong>Οὐ</strong></span> <span class='ocrx_word' id='word_1_81' title='bbox 1611 1415 1827 1469; x_wconf 83' lang='grc' dir='ltr'>πώποτε</span> 
     </span>
    </p>
   </div>
   <div class='ocr_carea' id='block_1_13' title="bbox 245 1505 1824 1597">
    <p class='ocr_par' dir='ltr' id='par_1_13' title="bbox 245 1505 1824 1597">
     <span class='ocr_line' id='line_1_13' title="bbox 245 1505 1824 1597; baseline -0.013 -18"><span class='ocrx_word' id='word_1_82' title='bbox 245 1526 381 1597; x_wconf 76' lang='grc' dir='ltr'>γὰρ,</span> <span class='ocrx_word' id='word_1_83' title='bbox 414 1524 601 1595; x_wconf 77' lang='grc' dir='ltr'>φησὶν,</span> <span class='ocrx_word' id='word_1_84' title='bbox 633 1518 880 1590; x_wconf 81' lang='grc' dir='ltr'>ἐπήρθην</span> <span class='ocrx_word' id='word_1_85' title='bbox 912 1515 1093 1577; x_wconf 87' lang='grc' dir='ltr'>καθὼς</span> <span class='ocrx_word' id='word_1_86' title='bbox 1121 1515 1302 1583; x_wconf 79' lang='grc' dir='ltr'>ἄρχων</span> <span class='ocrx_word' id='word_1_87' title='bbox 1335 1510 1420 1563; x_wconf 80' lang='grc' dir='ltr'>ἐπ’</span> <span class='ocrx_word' id='word_1_88' title='bbox 1450 1510 1599 1572; x_wconf 74' lang='grc' dir='ltr'>ἔθνος</span> <span class='ocrx_word' id='word_1_89' title='bbox 1626 1505 1789 1562; x_wconf 82' lang='grc' dir='ltr'>αὐτοῦ</span> <span class='ocrx_word' id='word_1_90' title='bbox 1809 1522 1824 1536; x_wconf 90' lang='grc'><strong>·</strong></span> 
     </span>
    </p>
   </div>
   <div class='ocr_carea' id='block_1_14' title="bbox 244 1599 1828 1688">
    <p class='ocr_par' dir='ltr' id='par_1_14' title="bbox 244 1599 1828 1688">
     <span class='ocr_line' id='line_1_14' title="bbox 244 1599 1828 1688; baseline -0.013 -16"><span class='ocrx_word' id='word_1_91' title='bbox 244 1619 373 1671; x_wconf 66' lang='grc' dir='ltr'>οὔτε</span> <span class='ocrx_word' id='word_1_92' title='bbox 410 1618 514 1688; x_wconf 73' lang='grc' dir='ltr'>μὴν</span> <span class='ocrx_word' id='word_1_93' title='bbox 556 1611 867 1684; x_wconf 85' lang='grc' dir='ltr'>ὲχαυνώθην</span> <span class='ocrx_word' id='word_1_94' title='bbox 901 1607 1095 1678; x_wconf 75' lang='grc' dir='ltr'>βλέψας</span> <span class='ocrx_word' id='word_1_95' title='bbox 1125 1605 1228 1671; x_wconf 71' lang='grc' dir='ltr'>ἔξω</span> <span class='ocrx_word' id='word_1_96' title='bbox 1256 1602 1411 1666; x_wconf 88' lang='grc' dir='ltr'>Θεοῦ,</span> <span class='ocrx_word' id='word_1_97' title='bbox 1444 1603 1536 1656; x_wconf 48' lang='grc' dir='ltr'><strong>καὶ⁵</strong></span> <span class='ocrx_word' id='word_1_98' title='bbox 1572 1601 1670 1671; x_wconf 82' lang='grc' dir='ltr'><strong>τῆς</strong></span> <span class='ocrx_word' id='word_1_99' title='bbox 1696 1599 1828 1671; x_wconf 80' lang='grc' dir='ltr'>πρὸς</span> 
     </span>
    </p>
   </div>
   <div class='ocr_carea' id='block_1_15' title="bbox 244 1692 1827 1775">
    <p class='ocr_par' dir='ltr' id='par_1_15' title="bbox 244 1692 1827 1775">
     <span class='ocr_line' id='line_1_15' title="bbox 244 1692 1827 1775; baseline -0.014 -11"><span class='ocrx_word' id='word_1_100' title='bbox 244 1713 341 1764; x_wconf 77' lang='grc' dir='ltr'><strong>τὸν</strong></span> <span class='ocrx_word' id='word_1_101' title='bbox 369 1707 534 1762; x_wconf 80' lang='grc' dir='ltr'>αὐτοῦ</span> <span class='ocrx_word' id='word_1_102' title='bbox 570 1704 733 1775; x_wconf 77' lang='grc' dir='ltr'>φόϐον</span> <span class='ocrx_word' id='word_1_103' title='bbox 764 1700 1075 1762; x_wconf 84' lang='grc' dir='ltr'>συστάσεως</span> <span class='ocrx_word' id='word_1_104' title='bbox 1108 1695 1400 1764; x_wconf 76' lang='grc' dir='ltr'>καθυφείς’</span> <span class='ocrx_word' id='word_1_105' title='bbox 1432 1693 1554 1747; x_wconf 72' lang='grc' dir='ltr'>οὒτε</span> <span class='ocrx_word' id='word_1_106' title='bbox 1586 1692 1744 1745; x_wconf 81' lang='grc' dir='ltr'>πάλιν</span> <span class='ocrx_word' id='word_1_107' title='bbox 1771 1693 1827 1743; x_wconf 74' lang='grc' dir='ltr'>ὲν</span> 
     </span>
    </p>
   </div>
   <div class='ocr_carea' id='block_1_16' title="bbox 244 1784 1827 1872">
    <p class='ocr_par' dir='ltr' id='par_1_16' title="bbox 244 1784 1827 1872">
     <span class='ocr_line' id='line_1_16' title="bbox 244 1784 1827 1872; baseline -0.013 -17"><span class='ocrx_word' id='word_1_108' title='bbox 244 1803 430 1872; x_wconf 76' lang='grc' dir='ltr'>τρυφῇ</span> <span class='ocrx_word' id='word_1_109' title='bbox 462 1799 733 1859; x_wconf 82' lang='grc' dir='ltr'>πλουσίως</span> <span class='ocrx_word' id='word_1_110' title='bbox 782 1792 1028 1862; x_wconf 80' lang='grc' dir='ltr'>διεξῆγον</span> <span class='ocrx_word' id='word_1_111' title='bbox 1069 1789 1161 1841; x_wconf 82' lang='grc' dir='ltr'><strong>τὸν</strong></span> <span class='ocrx_word' id='word_1_112' title='bbox 1207 1788 1319 1858; x_wconf 86' lang='grc' dir='ltr'>βίον</span> <span class='ocrx_word' id='word_1_113' title='bbox 1343 1804 1356 1817; x_wconf 89' lang='grc'><strong>·</strong></span> <span class='ocrx_word' id='word_1_114' title='bbox 1404 1785 1523 1839; x_wconf 79' lang='grc' dir='ltr'>οὐδέ</span> <span class='ocrx_word' id='word_1_115' title='bbox 1555 1803 1606 1838; x_wconf 86' lang='grc' dir='ltr'><strong>τι</strong></span> <span class='ocrx_word' id='word_1_116' title='bbox 1648 1784 1827 1856; x_wconf 78' lang='grc' dir='ltr'>μεῖζον</span> 
     </span>
    </p>
   </div>
   <div class='ocr_carea' id='block_1_17' title="bbox 244 1875 1822 1964">
    <p class='ocr_par' dir='ltr' id='par_1_17' title="bbox 244 1875 1822 1964">
     <span class='ocr_line' id='line_1_17' title="bbox 244 1875 1822 1964; baseline -0.011 -19"><span class='ocrx_word' id='word_1_117' title='bbox 244 1894 546 1964; x_wconf 76' lang='grc' dir='ltr'>ἐφρόνησα,</span> <span class='ocrx_word' id='word_1_118' title='bbox 574 1889 730 1958; x_wconf 72' lang='grc' dir='ltr'>φησὶ,</span> <span class='ocrx_word' id='word_1_119' title='bbox 766 1886 896 1952; x_wconf 71' lang='grc' dir='ltr'>περὶ</span> <span class='ocrx_word' id='word_1_120' title='bbox 920 1880 1177 1954; x_wconf 76' lang='grc' dir='ltr'>ἐμαυτοῦ,</span> <span class='ocrx_word' id='word_1_121' title='bbox 1207 1881 1315 1935; x_wconf 87' lang='grc' dir='ltr'><strong>τῶν</strong></span> <span class='ocrx_word' id='word_1_122' title='bbox 1342 1878 1646 1949; x_wconf 86' lang='grc' dir='ltr'>προσόντων</span> <span class='ocrx_word' id='word_1_123' title='bbox 1667 1875 1786 1946; x_wconf 78' lang='grc' dir='ltr'>ἐμοί</span> <span class='ocrx_word' id='word_1_124' title='bbox 1810 1892 1822 1904; x_wconf 87' lang='grc'>·</span> 
     </span>
    </p>
   </div>
   <div class='ocr_carea' id='block_1_18' title="bbox 243 1969 1828 2043">
    <p class='ocr_par' dir='ltr' id='par_1_18' title="bbox 243 1969 1828 2043">
     <span class='ocr_line' id='line_1_18' title="bbox 243 1969 1828 2043; baseline -0.011 -5"><span class='ocrx_word' id='word_1_125' title='bbox 243 1985 419 2037; x_wconf 77' lang='grc' dir='ltr'>ὁποῖοί</span> <span class='ocrx_word' id='word_1_126' title='bbox 461 1982 607 2043; x_wconf 82' lang='grc' dir='ltr'>τινές</span> <span class='ocrx_word' id='word_1_127' title='bbox 662 1981 800 2031; x_wconf 76' lang='grc' dir='ltr'>εἰσιν</span> <span class='ocrx_word' id='word_1_128' title='bbox 836 1978 886 2029; x_wconf 78' lang='grc' dir='ltr'><strong>οἱ</strong></span> <span class='ocrx_word' id='word_1_129' title='bbox 939 1975 1149 2028; x_wconf 80' lang='grc' dir='ltr'>συνετοὶ</span> <span class='ocrx_word' id='word_1_130' title='bbox 1193 1973 1324 2042; x_wconf 82' lang='grc' dir='ltr'>παρ’</span> <span class='ocrx_word' id='word_1_131' title='bbox 1354 1972 1583 2035; x_wconf 82' lang='grc' dir='ltr'>ἑαυτοῖς,</span> <span class='ocrx_word' id='word_1_132' title='bbox 1623 1969 1714 2022; x_wconf 70' lang='grc' dir='ltr'><strong>καὶ</strong></span> <span class='ocrx_word' id='word_1_133' title='bbox 1746 1971 1828 2021; x_wconf 78' lang='grc' dir='ltr'><strong>ὲν-</strong></span> 
     </span>
    </p>
   </div>
   <div class='ocr_carea' id='block_1_19' title="bbox 244 2072 1030 2140">
    <p class='ocr_par' dir='ltr' id='par_1_19' title="bbox 244 2072 1030 2140">
     <span class='ocr_line' id='line_1_19' title="bbox 244 2072 1030 2140; baseline -0.013 -10"><span class='ocrx_word' id='word_1_134' title='bbox 244 2077 417 2130; x_wconf 82' lang='grc' dir='ltr'>ώπιον</span> <span class='ocrx_word' id='word_1_135' title='bbox 448 2072 628 2127; x_wconf 76' lang='grc' dir='ltr'>αὐτῶν</span> <span class='ocrx_word' id='word_1_136' title='bbox 653 2072 1030 2140; x_wconf 75' lang='grc' dir='ltr'>ἐπιστήμονες.</span> 
     </span>
    </p>
   </div>
   <div class='ocr_carea' id='block_1_20' title="bbox 473 2155 1599 2227">
    <p class='ocr_par' dir='ltr' id='par_1_20' title="bbox 473 2155 1599 2227">
     <span class='ocr_line' id='line_1_20' title="bbox 473 2155 1599 2227; baseline -0.01 -10"><span class='ocrx_word' id='word_1_137' title='bbox 473 2162 813 2217; x_wconf 75' lang='grc' dir='ltr'>Ἐλπισάτω</span> <span class='ocrx_word' id='word_1_138' title='bbox 852 2158 1090 2227; x_wconf 77' lang='grc' dir='ltr'>Ἰσραὴλ</span> <span class='ocrx_word' id='word_1_139' title='bbox 1111 2158 1209 2211; x_wconf 78' lang='grc' dir='ltr'><strong>ἐπὶ</strong></span> <span class='ocrx_word' id='word_1_140' title='bbox 1242 2155 1349 2209; x_wconf 77' lang='grc' dir='ltr'>τὸν</span> <span class='ocrx_word' id='word_1_141' title='bbox 1380 2155 1599 2222; x_wconf 83' lang='grc' dir='ltr'>Κύριον</span> 
     </span>
    </p>
   </div>
   <div class='ocr_carea' id='block_1_21' title="bbox 322 2241 1826 2327">
    <p class='ocr_par' dir='ltr' id='par_1_21' title="bbox 322 2241 1826 2327">
     <span class='ocr_line' id='line_1_21' title="bbox 322 2241 1826 2327; baseline -0.01 -18"><span class='ocrx_word' id='word_1_142' title='bbox 322 2259 533 2327; x_wconf 83' lang='grc' dir='ltr'>’Ὠσπερ</span> <span class='ocrx_word' id='word_1_143' title='bbox 562 2254 694 2324; x_wconf 77' lang='grc' dir='ltr'>ἐγὼ,</span> <span class='ocrx_word' id='word_1_144' title='bbox 731 2254 893 2324; x_wconf 75' lang='grc' dir='ltr'>φησὶν</span> <span class='ocrx_word' id='word_1_145' title='bbox 918 2254 946 2304; x_wconf 98' lang='lat'><strong>6</strong></span> <span class='ocrx_word' id='word_1_146' title='bbox 977 2250 1227 2321; x_wconf 78' lang='grc' dir='ltr'>βασιλεὺς</span> <span class='ocrx_word' id='word_1_147' title='bbox 1257 2246 1437 2309; x_wconf 77' lang='grc' dir='ltr'>Δαυῒδ,</span> <span class='ocrx_word' id='word_1_148' title='bbox 1464 2243 1719 2307; x_wconf 84' lang='grc' dir='ltr'>τοσοῦτος</span> <span class='ocrx_word' id='word_1_149' title='bbox 1751 2241 1826 2295; x_wconf 81' lang='grc' dir='ltr'><strong>ὢν</strong></span> 
     </span>
    </p>
   </div>
   <div class='ocr_carea' id='block_1_22' title="bbox 245 2336 1829 2418">
    <p class='ocr_par' dir='ltr' id='par_1_22' title="bbox 245 2336 1829 2418">
     <span class='ocr_line' id='line_1_22' title="bbox 245 2336 1829 2418; baseline -0.009 -15"><span class='ocrx_word' id='word_1_150' title='bbox 245 2347 607 2411; x_wconf 50' lang='grc' dir='ltr'>καιτοιοῦτος</span> <span class='ocrx_word' id='word_1_151' title='bbox 635 2347 794 2418; x_wconf 80' lang='grc' dir='ltr'>ἀνὴρ,</span> <span class='ocrx_word' id='word_1_152' title='bbox 829 2344 1085 2397; x_wconf 81' lang='grc' dir='ltr'>ταπεινὸν</span> <span class='ocrx_word' id='word_1_153' title='bbox 1115 2340 1349 2411; x_wconf 78' lang='grc' dir='ltr'>ἐμαυτὸν</span> <span class='ocrx_word' id='word_1_154' title='bbox 1378 2338 1706 2408; x_wconf 85' lang='grc' dir='ltr'>κατέστησα,</span> <span class='ocrx_word' id='word_1_155' title='bbox 1736 2336 1829 2389; x_wconf 76' lang='grc' dir='ltr'><strong>καὶ</strong></span> 
     </span>
    </p>
   </div>
   <div class='ocr_carea' id='block_1_23' title="bbox 245 2426 1829 2510">
    <p class='ocr_par' dir='ltr' id='par_1_23' title="bbox 245 2426 1829 2510">
     <span class='ocr_line' id='line_1_23' title="bbox 245 2426 1829 2510; baseline -0.011 -15"><span class='ocrx_word' id='word_1_156' title='bbox 245 2443 597 2510; x_wconf 78' lang='grc' dir='ltr'>προσήγαγον</span> <span class='ocrx_word' id='word_1_157' title='bbox 628 2435 857 2508; x_wconf 77' lang='grc' dir='ltr'>ἐμαυτὸν</span> <span class='ocrx_word' id='word_1_158' title='bbox 885 2433 962 2504; x_wconf 85' lang='grc' dir='ltr'>τῷ</span> <span class='ocrx_word' id='word_1_159' title='bbox 987 2431 1195 2504; x_wconf 86' lang='grc' dir='ltr'>ἱλασμῷ</span> <span class='ocrx_word' id='word_1_160' title='bbox 1228 2432 1320 2485; x_wconf 59' lang='grc' dir='ltr'><strong>καὶ¹</strong></span> <span class='ocrx_word' id='word_1_161' title='bbox 1346 2429 1423 2500; x_wconf 80' lang='grc' dir='ltr'>τῷ</span> <span class='ocrx_word' id='word_1_162' title='bbox 1456 2429 1713 2499; x_wconf 81' lang='grc' dir='ltr'>Λυτρωτῇ</span> <span class='ocrx_word' id='word_1_163' title='bbox 1738 2426 1829 2479; x_wconf 83' lang='grc' dir='ltr'>καὶ</span> 
     </span>
    </p>
   </div>
   <div class='ocr_carea' id='block_1_24' title="bbox 243 2518 1827 2603">
    <p class='ocr_par' dir='ltr' id='par_1_24' title="bbox 243 2518 1827 2603">
     <span class='ocr_line' id='line_1_24' title="bbox 243 2518 1827 2603; baseline -0.012 -16"><span class='ocrx_word' id='word_1_164' title='bbox 243 2534 481 2603; x_wconf 76' lang='grc' dir='ltr'>Σωτῆρι,</span> <span class='ocrx_word' id='word_1_165' title='bbox 520 2531 691 2593; x_wconf 76' lang='grc' dir='ltr'>οὕτως</span> <span class='ocrx_word' id='word_1_166' title='bbox 734 2530 827 2583; x_wconf 78' lang='grc' dir='ltr'><strong>καὶ</strong></span> <span class='ocrx_word' id='word_1_167' title='bbox 857 2526 934 2597; x_wconf 83' lang='grc' dir='ltr'>τῷ</span> <span class='ocrx_word' id='word_1_168' title='bbox 964 2524 1136 2594; x_wconf 83' lang='grc' dir='ltr'>λοιπῷ</span> <span class='ocrx_word' id='word_1_169' title='bbox 1174 2521 1387 2595; x_wconf 79' lang='grc' dir='ltr'>Ἰσραὴλ</span> <span class='ocrx_word' id='word_1_170' title='bbox 1429 2518 1827 2588; x_wconf 78' lang='grc' dir='ltr'>ἐπαγγέλλομαι</span> 
     </span>
    </p>
   </div>
   <div class='ocr_carea' id='block_1_25' title="bbox 250 2607 1825 2695">
    <p class='ocr_par' dir='ltr' id='par_1_25' title="bbox 250 2607 1825 2695">
     <span class='ocr_line' id='line_1_25' title="bbox 250 2607 1825 2695; baseline -0.01 -20"><span class='ocrx_word' id='word_1_171' title='bbox 250 2623 601 2695; x_wconf 77' lang='grc' dir='ltr'>θαρσοῦντως</span> <span class='ocrx_word' id='word_1_172' title='bbox 641 2619 922 2691; x_wconf 79' lang='grc' dir='ltr'>προσιέναι</span> <span class='ocrx_word' id='word_1_173' title='bbox 964 2615 1041 2686; x_wconf 87' lang='grc' dir='ltr'>τῷ</span> <span class='ocrx_word' id='word_1_174' title='bbox 1081 2613 1329 2685; x_wconf 82' lang='grc' dir='ltr'>ἱλασμῷ·</span> <span class='ocrx_word' id='word_1_175' title='bbox 1373 2610 1614 2683; x_wconf 74' lang='grc' dir='ltr'>ἀκριϐῶς</span> <span class='ocrx_word' id='word_1_176' title='bbox 1652 2607 1825 2672; x_wconf 77' lang='grc' dir='ltr'>εἰδὼς,</span> 
     </span>
    </p>
   </div>
   <div class='ocr_carea' id='block_1_26' title="bbox 247 2701 1831 2783">
    <p class='ocr_par' dir='ltr' id='par_1_26' title="bbox 247 2701 1831 2783">
     <span class='ocr_line' id='line_1_26' title="bbox 247 2701 1831 2783; baseline -0.009 -15"><span class='ocrx_word' id='word_1_177' title='bbox 247 2717 326 2768; x_wconf 78' lang='grc' dir='ltr'>ὅτι</span> <span class='ocrx_word' id='word_1_178' title='bbox 358 2714 522 2778; x_wconf 76' lang='grc' dir='ltr'>αὐτὸς</span> <span class='ocrx_word' id='word_1_179' title='bbox 549 2711 882 2783; x_wconf 84' lang='grc' dir='ltr'>λυτρώσεται</span> <span class='ocrx_word' id='word_1_180' title='bbox 907 2709 997 2762; x_wconf 87' lang='grc' dir='ltr'><strong>τὸν</strong></span> <span class='ocrx_word' id='word_1_181' title='bbox 1034 2705 1266 2779; x_wconf 82' lang='grc' dir='ltr'>Ἰσραὴλ,</span> <span class='ocrx_word' id='word_1_182' title='bbox 1302 2706 1351 2757; x_wconf 79' lang='grc' dir='ltr'><strong>εί</strong></span> <span class='ocrx_word' id='word_1_183' title='bbox 1377 2703 1711 2775; x_wconf 86' lang='grc' dir='ltr'>προσδράμοι</span> <span class='ocrx_word' id='word_1_184' title='bbox 1741 2701 1831 2754; x_wconf 80' lang='grc' dir='ltr'>αὑ-</span> 
     </span>
    </p>
   </div>
   <div class='ocr_carea' id='block_1_27' title="bbox 245 2799 1269 2879">
    <p class='ocr_par' dir='ltr' id='par_1_27' title="bbox 245 2799 1269 2879">
     <span class='ocr_line' id='line_1_27' title="bbox 245 2799 1269 2879; baseline -0.01 -18"><span class='ocrx_word' id='word_1_185' title='bbox 245 2808 343 2879; x_wconf 77' lang='grc' dir='ltr'><strong>τῷ,</strong></span> <span class='ocrx_word' id='word_1_186' title='bbox 378 2810 445 2861; x_wconf 82' lang='grc' dir='ltr'>ὲκ</span> <span class='ocrx_word' id='word_1_187' title='bbox 469 2805 659 2859; x_wconf 85' lang='grc' dir='ltr'>πασῶν</span> <span class='ocrx_word' id='word_1_188' title='bbox 682 2803 789 2856; x_wconf 87' lang='grc' dir='ltr'><strong>τῶν</strong></span> <span class='ocrx_word' id='word_1_189' title='bbox 813 2800 1051 2872; x_wconf 84' lang='grc' dir='ltr'>ἀνομιῶν</span> <span class='ocrx_word' id='word_1_190' title='bbox 1081 2799 1269 2853; x_wconf 82' lang='grc' dir='ltr'>αὑτοῦ.</span> 
     </span>
    </p>
   </div>
   <div class='ocr_carea' id='block_1_28' title="bbox 793 2889 1285 2948">
    <p class='ocr_par' dir='ltr' id='par_1_28' title="bbox 793 2889 1285 2948">
     <span class='ocr_line' id='line_1_28' title="bbox 793 2889 1285 2948; baseline -0.014 0"><span class='ocrx_word' id='word_1_191' title='bbox 793 2893 1086 2948; x_wconf 81' lang='grc' dir='ltr'><strong>ΨΑΛΜΟΣ</strong></span> <span class='ocrx_word' id='word_1_192' title='bbox 1117 2889 1285 2943; x_wconf 87' lang='grc' dir='ltr'><strong>ΡΛΑ’.</strong></span> 
     </span>
    </p>
   </div>
   <div class='ocr_carea' id='block_1_29' title="bbox 484 2978 1590 3056">
    <p class='ocr_par' dir='ltr' id='par_1_29' title="bbox 484 2978 1590 3056">
     <span class='ocr_line' id='line_1_29' title="bbox 484 2978 1590 3056; baseline -0.01 -13"><span class='ocrx_word' id='word_1_193' title='bbox 484 2991 707 3056; x_wconf 85' lang='grc' dir='ltr'>Ὠμοσε</span> <span class='ocrx_word' id='word_1_194' title='bbox 726 2987 938 3053; x_wconf 72' lang='grc' dir='ltr'>Κύριος</span> <span class='ocrx_word' id='word_1_195' title='bbox 966 2982 1045 3048; x_wconf 84' lang='grc' dir='ltr'>τῷ</span> <span class='ocrx_word' id='word_1_196' title='bbox 1084 2981 1262 3035; x_wconf 85' lang='grc' dir='ltr'>Δαυῒδ</span> <span class='ocrx_word' id='word_1_197' title='bbox 1286 2978 1590 3047; x_wconf 72' lang='grc' dir='ltr'>ἀλήθειαν.</span> 
     </span>
    </p>
   </div>
   <div class='ocr_carea' id='block_1_30' title="bbox 327 3067 1829 3152">
    <p class='ocr_par' dir='ltr' id='par_1_30' title="bbox 327 3067 1829 3152">
     <span class='ocr_line' id='line_1_30' title="bbox 327 3067 1829 3152; baseline -0.011 -16"><span class='ocrx_word' id='word_1_198' title='bbox 327 3079 683 3152; x_wconf 82' lang='grc' dir='ltr'>Ὀμωμοκότι</span> <span class='ocrx_word' id='word_1_199' title='bbox 710 3078 767 3130; x_wconf 79' lang='grc' dir='ltr'>δὲ</span> <span class='ocrx_word' id='word_1_200' title='bbox 794 3076 872 3147; x_wconf 84' lang='grc' dir='ltr'>τῷ</span> <span class='ocrx_word' id='word_1_201' title='bbox 900 3074 1081 3137; x_wconf 78' lang='grc' dir='ltr'>Δαυῖδ,</span> <span class='ocrx_word' id='word_1_202' title='bbox 1125 3070 1478 3143; x_wconf 86' lang='grc' dir='ltr'>ἀντώμοσενὸ</span> <span class='ocrx_word' id='word_1_203' title='bbox 1502 3067 1633 3132; x_wconf 79' lang='grc' dir='ltr'>Θεὸς</span> <span class='ocrx_word' id='word_1_204' title='bbox 1667 3067 1829 3139; x_wconf 81' lang='grc' dir='ltr'>ζητή-</span> 
     </span>
    </p>
   </div>
   <div class='ocr_carea' id='block_1_31' title="bbox 1853 506 1900 563">
    <p class='ocr_par' dir='ltr' id='par_1_31' title="bbox 1853 506 1900 563">
     <span class='ocr_line' id='line_1_31' title="bbox 1853 506 1900 563; baseline 0 0"><span class='ocrx_word' id='word_1_205' title='bbox 1853 506 1900 563; x_wconf 83' lang='grc' dir='ltr'><strong>Α</strong></span> 
     </span>
    </p>
   </div>
   <div class='ocr_carea' id='block_1_32' title="bbox 2421 505 2993 562">
    <p class='ocr_par' dir='ltr' id='par_1_32' title="bbox 2421 505 2993 562">
     <span class='ocr_line' id='line_1_32' title="bbox 2421 505 2993 562; baseline 0 -1"><span class='ocrx_word' id='word_1_206' title='bbox 2421 505 2744 562; x_wconf 77' lang='lat' dir='ltr'><strong>PSALMUS</strong></span> <span class='ocrx_word' id='word_1_207' title='bbox 2782 506 2993 561; x_wconf 78' lang='lat' dir='ltr'><strong>CXXX.</strong></span> 
     </span>
    </p>
   </div>
   <div class='ocr_carea' id='block_1_33' title="bbox 2008 596 3485 668">
    <p class='ocr_par' dir='ltr' id='par_1_33' title="bbox 2008 596 3485 668">
     <span class='ocr_line' id='line_1_33' title="bbox 2008 596 3485 668; baseline 0.003 -17"><span class='ocrx_word' id='word_1_208' title='bbox 2008 596 2257 668; x_wconf 80' lang='lat' dir='ltr'><strong>Congrue</strong></span> <span class='ocrx_word' id='word_1_209' title='bbox 2301 611 2540 667; x_wconf 66' lang='lat' dir='ltr'><strong>prmsens</strong></span> <span class='ocrx_word' id='word_1_210' title='bbox 2562 599 2686 662; x_wconf 79' lang='lat' dir='ltr'><strong>oda,</strong></span> <span class='ocrx_word' id='word_1_211' title='bbox 2739 599 2971 668; x_wconf 90' lang='lat' dir='ltr'><strong>itemque</strong></span> <span class='ocrx_word' id='word_1_212' title='bbox 3008 599 3339 668; x_wconf 77' lang='lat' dir='ltr'><strong>praecedens,</strong></span> <span class='ocrx_word' id='word_1_213' title='bbox 3385 601 3485 655; x_wconf 78' lang='grc' dir='ltr'><strong>Ιιο-⁸</strong></span> 
     </span>
    </p>
   </div>
   <div class='ocr_carea' id='block_1_34' title="bbox 1932 688 3483 758">
    <p class='ocr_par' dir='ltr' id='par_1_34' title="bbox 1932 688 3483 758">
     <span class='ocr_line' id='line_1_34' title="bbox 1932 688 3483 758; baseline 0.002 -16"><span class='ocrx_word' id='word_1_214' title='bbox 1932 688 2093 743; x_wconf 89' lang='lat' dir='ltr'><strong>minis</strong></span> <span class='ocrx_word' id='word_1_215' title='bbox 2145 689 2197 743; x_wconf 92' lang='lat' dir='ltr'><strong>in</strong></span> <span class='ocrx_word' id='word_1_216' title='bbox 2254 688 2364 744; x_wconf 82' lang='lat' dir='ltr'><strong>Deo</strong></span> <span class='ocrx_word' id='word_1_217' title='bbox 2425 688 2654 758; x_wconf 82' lang='lat' dir='ltr'><strong>perfecti</strong></span> <span class='ocrx_word' id='word_1_218' title='bbox 2725 689 2953 743; x_wconf 86' lang='lat' dir='ltr'><strong>humiles</strong></span> <span class='ocrx_word' id='word_1_219' title='bbox 3012 705 3172 745; x_wconf 88' lang='lat' dir='ltr'><strong>voces</strong></span> <span class='ocrx_word' id='word_1_220' title='bbox 3227 692 3483 754; x_wconf 89' lang='lat' dir='ltr'><strong>continet,</strong></span> 
     </span>
    </p>
   </div>
   <div class='ocr_carea' id='block_1_35' title="bbox 1930 779 3488 849">
    <p class='ocr_par' dir='ltr' id='par_1_35' title="bbox 1930 779 3488 849">
     <span class='ocr_line' id='line_1_35' title="bbox 1930 779 3488 849; baseline 0.003 -17"><span class='ocrx_word' id='word_1_221' title='bbox 1930 780 2306 849; x_wconf 69' lang='lat' dir='ltr'><strong>praecipueque</strong></span> <span class='ocrx_word' id='word_1_222' title='bbox 2340 781 2456 848; x_wconf 87' lang='lat' dir='ltr'><strong>ejus</strong></span> <span class='ocrx_word' id='word_1_223' title='bbox 2487 782 2578 849; x_wconf 87' lang='lat' dir='ltr'><strong>qui</strong></span> <span class='ocrx_word' id='word_1_224' title='bbox 2604 782 2777 847; x_wconf 83' lang='lat' dir='ltr'><strong>possit</strong></span> <span class='ocrx_word' id='word_1_225' title='bbox 2807 779 3018 835; x_wconf 88' lang='lat' dir='ltr'><strong>dicere:</strong></span> <span class='ocrx_word' id='word_1_226' title='bbox 3053 781 3279 849; x_wconf 79' lang='lat' dir='ltr'><strong>PrOpter</strong></span> <span class='ocrx_word' id='word_1_227' title='bbox 3302 800 3488 837; x_wconf 82' lang='lat' dir='ltr'><strong>nomen</strong></span> 
     </span>
    </p>
   </div>
   <div class='ocr_carea' id='block_1_36' title="bbox 1931 869 3485 940">
    <p class='ocr_par' dir='ltr' id='par_1_36' title="bbox 1931 869 3485 940">
     <span class='ocr_line' id='line_1_36' title="bbox 1931 869 3485 940; baseline 0.003 -19"><span class='ocrx_word' id='word_1_228' title='bbox 1931 879 2079 922; x_wconf 89' lang='lat' dir='ltr'><strong>tuum</strong></span> <span class='ocrx_word' id='word_1_229' title='bbox 2104 869 2334 924; x_wconf 76' lang='lat' dir='ltr'><strong>sustinui</strong></span> <span class='ocrx_word' id='word_1_230' title='bbox 2369 878 2439 933; x_wconf 90' lang='lat' dir='ltr'><strong>te,</strong></span> <span class='ocrx_word' id='word_1_231' title='bbox 2464 869 2685 923; x_wconf 81' lang='lat' dir='ltr'><strong>Domine</strong></span> <span class='ocrx_word' id='word_1_232' title='bbox 2719 869 2785 923; x_wconf 88' lang='grc'><strong>⁸³.</strong></span> <span class='ocrx_word' id='word_1_233' title='bbox 2827 870 2993 925; x_wconf 82' lang='lat' dir='ltr'><strong>David</strong></span> <span class='ocrx_word' id='word_1_234' title='bbox 3022 881 3202 925; x_wconf 88' lang='lat' dir='ltr'><strong>autem</strong></span> <span class='ocrx_word' id='word_1_235' title='bbox 3245 871 3485 940; x_wconf 88' lang='lat' dir='ltr'><strong>edoctus,</strong></span> 
     </span>
    </p>
   </div>
   <div class='ocr_carea' id='block_1_37' title="bbox 1931 961 3488 1032">
    <p class='ocr_par' dir='ltr' id='par_1_37' title="bbox 1931 961 3488 1032">
     <span class='ocr_line' id='line_1_37' title="bbox 1931 961 3488 1032; baseline 0.003 -19"><span class='ocrx_word' id='word_1_236' title='bbox 1931 970 1989 1014; x_wconf 90' lang='lat' dir='ltr'><strong>ut</strong></span> <span class='ocrx_word' id='word_1_237' title='bbox 2022 961 2276 1017; x_wconf 86' lang='lat' dir='ltr'><strong>credibile</strong></span> <span class='ocrx_word' id='word_1_238' title='bbox 2327 972 2428 1021; x_wconf 90' lang='lat' dir='ltr'><strong>est.</strong></span> <span class='ocrx_word' id='word_1_239' title='bbox 2479 976 2506 1015; x_wconf 89' lang='lat' dir='ltr'><strong>a</strong></span> <span class='ocrx_word' id='word_1_240' title='bbox 2542 962 2721 1016; x_wconf 81' lang='lat' dir='ltr'><strong>sancti</strong></span> <span class='ocrx_word' id='word_1_241' title='bbox 2753 961 2988 1032; x_wconf 89' lang='lat' dir='ltr'><strong>Spiritus</strong></span> <span class='ocrx_word' id='word_1_242' title='bbox 3032 963 3286 1031; x_wconf 88' lang='lat' dir='ltr'><strong>oraculis,</strong></span> <span class='ocrx_word' id='word_1_243' title='bbox 3328 966 3488 1018; x_wconf 69' lang='lat' dir='ltr'><strong>mise~</strong></span> 
     </span>
    </p>
   </div>
   <div class='ocr_carea' id='block_1_38' title="bbox 1931 1047 3485 1123">
    <p class='ocr_par' dir='ltr' id='par_1_38' title="bbox 1931 1047 3485 1123">
     <span class='ocr_line' id='line_1_38' title="bbox 1931 1047 3485 1123; baseline 0.003 -18"><span class='ocrx_word' id='word_1_244' title='bbox 1931 1051 2217 1106; x_wconf 92' lang='lat' dir='ltr'><strong>ricordiam</strong></span> <span class='ocrx_word' id='word_1_245' title='bbox 2279 1053 2418 1121; x_wconf 91' lang='lat' dir='ltr'><strong>apud</strong></span> <span class='ocrx_word' id='word_1_246' title='bbox 2453 1047 2619 1106; x_wconf 85' lang='lat' dir='ltr'><strong>Deum</strong></span> <span class='ocrx_word' id='word_1_247' title='bbox 2674 1053 2903 1107; x_wconf 86' lang='lat' dir='ltr'><strong>inveniri</strong></span> <span class='ocrx_word' id='word_1_248' title='bbox 2964 1054 3349 1123; x_wconf 83' lang='lat' dir='ltr'><strong>copiosamque</strong></span> <span class='ocrx_word' id='word_1_249' title='bbox 3398 1070 3485 1109; x_wconf 85' lang='lat' dir='ltr'><strong>re-</strong></span> 
     </span>
    </p>
   </div>
   <div class='ocr_carea' id='block_1_39' title="bbox 1930 1143 3485 1215">
    <p class='ocr_par' dir='ltr' id='par_1_39' title="bbox 1930 1143 3485 1215">
     <span class='ocr_line' id='line_1_39' title="bbox 1930 1143 3485 1215; baseline 0.003 -19"><span class='ocrx_word' id='word_1_250' title='bbox 1930 1143 2307 1210; x_wconf 86' lang='lat' dir='ltr'><strong>demptionem,</strong></span> <span class='ocrx_word' id='word_1_251' title='bbox 2344 1143 2391 1198; x_wconf 88' lang='lat' dir='ltr'><strong>si</strong></span> <span class='ocrx_word' id='word_1_252' title='bbox 2422 1143 2585 1198; x_wconf 88' lang='lat' dir='ltr'><strong>modo</strong></span> <span class='ocrx_word' id='word_1_253' title='bbox 2613 1144 2878 1209; x_wconf 86' lang='lat' dir='ltr'><strong>crederet,</strong></span> <span class='ocrx_word' id='word_1_254' title='bbox 2916 1146 3226 1199; x_wconf 89' lang='lat' dir='ltr'><strong>necessario</strong></span> <span class='ocrx_word' id='word_1_255' title='bbox 3254 1146 3485 1215; x_wconf 90' lang='lat' dir='ltr'><strong>seipsum</strong></span> 
     </span>
    </p>
   </div>
   <div class='ocr_carea' id='block_1_40' title="bbox 1930 1232 3485 1303">
    <p class='ocr_par' dir='ltr' id='par_1_40' title="bbox 1930 1232 3485 1303">
     <span class='ocr_line' id='line_1_40' title="bbox 1930 1232 3485 1303; baseline 0.002 -15"><span class='ocrx_word' id='word_1_256' title='bbox 1930 1234 2149 1288; x_wconf 81' lang='lat' dir='ltr'><strong>exhibet</strong></span> <span class='ocrx_word' id='word_1_257' title='bbox 2176 1232 2543 1303; x_wconf 77' lang='lat' dir='ltr'><strong>Redemptori.</strong></span> <span class='ocrx_word' id='word_1_258' title='bbox 2592 1234 2770 1301; x_wconf 83' lang='lat' dir='ltr'><strong>Quare</strong></span> <span class='ocrx_word' id='word_1_259' title='bbox 2801 1243 2855 1289; x_wconf 88' lang='lat' dir='ltr'><strong>et</strong></span> <span class='ocrx_word' id='word_1_260' title='bbox 2877 1235 3190 1290; x_wconf 85' lang='lat' dir='ltr'><strong>inscribitur</strong></span> <span class='ocrx_word' id='word_1_261' title='bbox 3219 1254 3234 1291; x_wconf 88' lang='lat'><strong>:</strong></span> <span class='ocrx_word' id='word_1_262' title='bbox 3268 1236 3485 1291; x_wconf 86' lang='lat' dir='ltr'><strong>Davidis</strong></span> 
     </span>
    </p>
   </div>
   <div class='ocr_carea' id='block_1_41' title="bbox 1930 1326 3488 1398">
    <p class='ocr_par' dir='ltr' id='par_1_41' title="bbox 1930 1326 3488 1398">
     <span class='ocr_line' id='line_1_41' title="bbox 1930 1326 3488 1398; baseline 0.002 -19"><span class='ocrx_word' id='word_1_263' title='bbox 1930 1326 1998 1379; x_wconf 88' lang='lat' dir='ltr'><strong>ad</strong></span> <span class='ocrx_word' id='word_1_264' title='bbox 2052 1326 2465 1395; x_wconf 82' lang='lat' dir='ltr'><strong>deprecationem</strong></span> <span class='ocrx_word' id='word_1_265' title='bbox 2524 1335 2887 1395; x_wconf 79' lang='lat' dir='ltr'><strong>peccatorum,</strong></span> <span class='ocrx_word' id='word_1_266' title='bbox 2942 1343 3023 1380; x_wconf 89' lang='lat' dir='ltr'><strong>res</strong></span> <span class='ocrx_word' id='word_1_267' title='bbox 3081 1343 3113 1380; x_wconf 91' lang='lat' dir='ltr'><strong>a</strong></span> <span class='ocrx_word' id='word_1_268' title='bbox 3174 1343 3228 1381; x_wconf 86' lang='lat' dir='ltr'><strong>se</strong></span> <span class='ocrx_word' id='word_1_269' title='bbox 3289 1330 3488 1398; x_wconf 79' lang='lat' dir='ltr'><strong>egregie</strong></span> 
     </span>
    </p>
   </div>
   <div class='ocr_carea' id='block_1_42' title="bbox 1930 1414 3490 1488">
    <p class='ocr_par' dir='ltr' id='par_1_42' title="bbox 1930 1414 3490 1488">
     <span class='ocr_line' id='line_1_42' title="bbox 1930 1414 3490 1488; baseline 0.001 -18"><span class='ocrx_word' id='word_1_270' title='bbox 1930 1426 2104 1487; x_wconf 80' lang='lat' dir='ltr'><strong>gestas</strong></span> <span class='ocrx_word' id='word_1_271' title='bbox 2144 1417 2480 1472; x_wconf 87' lang='lat' dir='ltr'><strong>recensentis.</strong></span> <span class='ocrx_word' id='word_1_272' title='bbox 2539 1414 2821 1487; x_wconf 83' lang='lat' dir='ltr'><strong>Nunquam</strong></span> <span class='ocrx_word' id='word_1_273' title='bbox 2867 1417 3043 1481; x_wconf 91' lang='lat' dir='ltr'><strong>enim,</strong></span> <span class='ocrx_word' id='word_1_274' title='bbox 3093 1418 3299 1488; x_wconf 89' lang='lat' dir='ltr'><strong>inquit,</strong></span> <span class='ocrx_word' id='word_1_275' title='bbox 3351 1418 3490 1472; x_wconf 83' lang='lat' dir='ltr'><strong>fastu</strong></span> 
     </span>
    </p>
   </div>
   <div class='ocr_carea' id='block_1_43' title="bbox 1932 1507 3487 1578">
    <p class='ocr_par' dir='ltr' id='par_1_43' title="bbox 1932 1507 3487 1578">
     <span class='ocr_line' id='line_1_43' title="bbox 1932 1507 3487 1578; baseline 0 -16"><span class='ocrx_word' id='word_1_276' title='bbox 1932 1508 2110 1562; x_wconf 88' lang='lat' dir='ltr'><strong>elatus</strong></span> <span class='ocrx_word' id='word_1_277' title='bbox 2144 1521 2283 1573; x_wconf 91' lang='lat' dir='ltr'><strong>sum,</strong></span> <span class='ocrx_word' id='word_1_278' title='bbox 2316 1521 2411 1562; x_wconf 92' lang='lat' dir='ltr'><strong>ceu</strong></span> <span class='ocrx_word' id='word_1_279' title='bbox 2453 1507 2630 1575; x_wconf 80' lang='lat' dir='ltr'><strong>gentis</strong></span> <span class='ocrx_word' id='word_1_280' title='bbox 2662 1507 2957 1576; x_wconf 86' lang='lat' dir='ltr'><strong>princeps;</strong></span> <span class='ocrx_word' id='word_1_281' title='bbox 2989 1522 3163 1576; x_wconf 91' lang='lat' dir='ltr'><strong>neque</strong></span> <span class='ocrx_word' id='word_1_282' title='bbox 3197 1508 3271 1562; x_wconf 87' lang='lat' dir='ltr'><strong>ita</strong></span> <span class='ocrx_word' id='word_1_283' title='bbox 3299 1523 3487 1578; x_wconf 83' lang='lat' dir='ltr'><strong>super-</strong></span> 
     </span>
    </p>
   </div>
   <div class='ocr_carea' id='block_1_44' title="bbox 1927 1597 3486 1668">
    <p class='ocr_par' dir='ltr' id='par_1_44' title="bbox 1927 1597 3486 1668">
     <span class='ocr_line' id='line_1_44' title="bbox 1927 1597 3486 1668; baseline 0.001 -16"><span class='ocrx_word' id='word_1_284' title='bbox 1927 1597 2015 1652; x_wconf 87' lang='lat' dir='ltr'><strong>bia</strong></span> <span class='ocrx_word' id='word_1_285' title='bbox 2051 1598 2217 1651; x_wconf 90' lang='lat' dir='ltr'><strong>tumui</strong></span> <span class='ocrx_word' id='word_1_286' title='bbox 2252 1606 2311 1652; x_wconf 90' lang='lat' dir='ltr'><strong>ut</strong></span> <span class='ocrx_word' id='word_1_287' title='bbox 2346 1598 2438 1652; x_wconf 87' lang='lat' dir='ltr'><strong>Dei</strong></span> <span class='ocrx_word' id='word_1_288' title='bbox 2470 1598 2812 1667; x_wconf 69' lang='lat' dir='ltr'><strong>prmsentiam</strong></span> <span class='ocrx_word' id='word_1_289' title='bbox 2841 1613 2947 1652; x_wconf 93' lang='lat' dir='ltr'><strong>non</strong></span> <span class='ocrx_word' id='word_1_290' title='bbox 2988 1608 3315 1668; x_wconf 89' lang='lat' dir='ltr'><strong>spectarem,</strong></span> <span class='ocrx_word' id='word_1_291' title='bbox 3354 1598 3486 1653; x_wconf 89' lang='lat' dir='ltr'><strong>etin</strong></span> 
     </span>
    </p>
   </div>
   <div class='ocr_carea' id='block_1_45' title="bbox 1929 1687 3488 1760">
    <p class='ocr_par' dir='ltr' id='par_1_45' title="bbox 1929 1687 3488 1760">
     <span class='ocr_line' id='line_1_45' title="bbox 1929 1687 3488 1760; baseline 0 -17"><span class='ocrx_word' id='word_1_292' title='bbox 1929 1703 1995 1743; x_wconf 89' lang='lat' dir='ltr'><strong>eo</strong></span> <span class='ocrx_word' id='word_1_293' title='bbox 2034 1688 2272 1743; x_wconf 92' lang='lat' dir='ltr'><strong>timendo</strong></span> <span class='ocrx_word' id='word_1_294' title='bbox 2294 1690 2662 1744; x_wconf 85' lang='lat' dir='ltr'><strong>constantiam</strong></span> <span class='ocrx_word' id='word_1_295' title='bbox 2695 1689 3026 1745; x_wconf 90' lang='lat' dir='ltr'><strong>omitterem.</strong></span> <span class='ocrx_word' id='word_1_296' title='bbox 3047 1687 3234 1760; x_wconf 78' lang='lat' dir='ltr'><strong>Neque</strong></span> <span class='ocrx_word' id='word_1_297' title='bbox 3273 1691 3400 1745; x_wconf 87' lang='lat' dir='ltr'><strong>item</strong></span> <span class='ocrx_word' id='word_1_298' title='bbox 3431 1690 3488 1744; x_wconf 92' lang='lat' dir='ltr'><strong>in</strong></span> 
     </span>
    </p>
   </div>
   <div class='ocr_carea' id='block_1_46' title="bbox 1931 1779 3490 1852">
    <p class='ocr_par' dir='ltr' id='par_1_46' title="bbox 1931 1779 3490 1852">
     <span class='ocr_line' id='line_1_46' title="bbox 1931 1779 3490 1852; baseline 0.003 -19"><span class='ocrx_word' id='word_1_299' title='bbox 1931 1780 2143 1835; x_wconf 86' lang='lat' dir='ltr'><strong>deliciis</strong></span> <span class='ocrx_word' id='word_1_300' title='bbox 2172 1779 2457 1835; x_wconf 81' lang='lat' dir='ltr'><strong>aﬂluenter</strong></span> <span class='ocrx_word' id='word_1_301' title='bbox 2488 1781 2639 1849; x_wconf 84' lang='lat' dir='ltr'><strong>vixi;</strong></span> <span class='ocrx_word' id='word_1_302' title='bbox 2675 1796 2853 1852; x_wconf 89' lang='lat' dir='ltr'><strong>neque</strong></span> <span class='ocrx_word' id='word_1_303' title='bbox 2899 1782 2965 1836; x_wconf 90' lang='lat' dir='ltr'><strong>de</strong></span> <span class='ocrx_word' id='word_1_304' title='bbox 2993 1796 3079 1836; x_wconf 89' lang='lat' dir='ltr'><strong>me</strong></span> <span class='ocrx_word' id='word_1_305' title='bbox 3111 1782 3353 1851; x_wconf 90' lang='lat' dir='ltr'><strong>meisque</strong></span> <span class='ocrx_word' id='word_1_306' title='bbox 3402 1796 3490 1837; x_wconf 87' lang='lat' dir='ltr'><strong>re-</strong></span> 
     </span>
    </p>
   </div>
   <div class='ocr_carea' id='block_1_47' title="bbox 1860 1841 3487 1943">
    <p class='ocr_par' dir='ltr' id='par_1_47' title="bbox 1860 1841 3487 1943">
     <span class='ocr_line' id='line_1_47' title="bbox 1860 1841 3487 1943; baseline 0.001 -20"><span class='ocrx_word' id='word_1_307' title='bbox 1860 1841 1903 1895; x_wconf 77' lang='lat' dir='ltr'><strong>B</strong></span> <span class='ocrx_word' id='word_1_308' title='bbox 1932 1871 2032 1924; x_wconf 92' lang='lat' dir='ltr'><strong>bus</strong></span> <span class='ocrx_word' id='word_1_309' title='bbox 2066 1841 2833 1941; x_wconf 40' lang='lat' dir='ltr'><strong>praetermodestiam&#39;sensi:</strong></span> <span class='ocrx_word' id='word_1_310' title='bbox 2875 1873 3020 1942; x_wconf 90' lang='lat' dir='ltr'><strong>quod</strong></span> <span class='ocrx_word' id='word_1_311' title='bbox 3059 1841 3280 1928; x_wconf 45' lang='lat' dir='ltr'><strong>faciunt-</strong></span> <span class='ocrx_word' id='word_1_312' title='bbox 3322 1873 3358 1928; x_wconf 92' lang='lat' dir='ltr'><strong>ii</strong></span> <span class='ocrx_word' id='word_1_313' title='bbox 3398 1871 3487 1943; x_wconf 89' lang='lat' dir='ltr'><strong>qui</strong></span> 
     </span>
    </p>
   </div>
   <div class='ocr_carea' id='block_1_48' title="bbox 1930 1959 3294 2033">
    <p class='ocr_par' dir='ltr' id='par_1_48' title="bbox 1930 1959 3294 2033">
     <span class='ocr_line' id='line_1_48' title="bbox 1930 1959 3294 2033; baseline 0.003 -20"><span class='ocrx_word' id='word_1_314' title='bbox 1930 1959 2147 2014; x_wconf 86' lang='lat' dir='ltr'><strong>sibimet</strong></span> <span class='ocrx_word' id='word_1_315' title='bbox 2176 1959 2276 2030; x_wconf 90' lang='lat' dir='ltr'><strong>ipsi</strong></span> <span class='ocrx_word' id='word_1_316' title='bbox 2321 1960 2565 2014; x_wconf 87' lang='lat' dir='ltr'><strong>videntur</strong></span> <span class='ocrx_word' id='word_1_317' title='bbox 2593 1961 2861 2031; x_wconf 82' lang='lat' dir='ltr'><strong>ingeniosi</strong></span> <span class='ocrx_word' id='word_1_318' title='bbox 2902 1978 2967 2018; x_wconf 86' lang='lat' dir='ltr'><strong>ac</strong></span> <span class='ocrx_word' id='word_1_319' title='bbox 3001 1963 3294 2033; x_wconf 88' lang='lat' dir='ltr'><strong>sapientes.</strong></span> 
     </span>
    </p>
   </div>
   <div class='ocr_carea' id='block_1_49' title="bbox 2202 2140 3211 2211">
    <p class='ocr_par' dir='ltr' id='par_1_49' title="bbox 2202 2140 3211 2211">
     <span class='ocr_line' id='line_1_49' title="bbox 2202 2140 3211 2211; baseline 0.003 -18"><span class='ocrx_word' id='word_1_320' title='bbox 2202 2140 2364 2195; x_wconf 73' lang='lat' dir='ltr'><strong>Vens.</strong></span> <span class='ocrx_word' id='word_1_321' title='bbox 2395 2140 2449 2196; x_wconf 79' lang='grc'><strong>5.</strong></span> <span class='ocrx_word' id='word_1_322' title='bbox 2477 2142 2661 2211; x_wconf 88' lang='lat' dir='ltr'><strong>Speret</strong></span> <span class='ocrx_word' id='word_1_323' title='bbox 2693 2141 2862 2197; x_wconf 89' lang='lat' dir='ltr'><strong>Israel</strong></span> <span class='ocrx_word' id='word_1_324' title='bbox 2887 2145 2942 2197; x_wconf 85' lang='lat' dir='ltr'><strong>in</strong></span> <span class='ocrx_word' id='word_1_325' title='bbox 2971 2142 3211 2197; x_wconf 89' lang='lat' dir='ltr'><strong>Domino.</strong></span> 
     </span>
    </p>
   </div>
   <div class='ocr_carea' id='block_1_50' title="bbox 2013 2231 3492 2303">
    <p class='ocr_par' dir='ltr' id='par_1_50' title="bbox 2013 2231 3492 2303">
     <span class='ocr_line' id='line_1_50' title="bbox 2013 2231 3492 2303; baseline 0.001 -16"><span class='ocrx_word' id='word_1_326' title='bbox 2013 2231 2165 2287; x_wconf 89' lang='lat' dir='ltr'><strong>Sicut</strong></span> <span class='ocrx_word' id='word_1_327' title='bbox 2202 2235 2346 2288; x_wconf 90' lang='lat' dir='ltr'><strong>enim</strong></span> <span class='ocrx_word' id='word_1_328' title='bbox 2377 2247 2496 2302; x_wconf 71' lang='lat' dir='ltr'><strong>ego,</strong></span> <span class='ocrx_word' id='word_1_329' title='bbox 2553 2233 2629 2287; x_wconf 87' lang='lat' dir='ltr'><strong>ait</strong></span> <span class='ocrx_word' id='word_1_330' title='bbox 2668 2249 2761 2288; x_wconf 86' lang='lat' dir='ltr'><strong>rex</strong></span> <span class='ocrx_word' id='word_1_331' title='bbox 2816 2234 3005 2297; x_wconf 86' lang='lat' dir='ltr'><strong>David,</strong></span> <span class='ocrx_word' id='word_1_332' title='bbox 3041 2234 3163 2288; x_wconf 90' lang='lat' dir='ltr'><strong>talis</strong></span> <span class='ocrx_word' id='word_1_333' title='bbox 3202 2241 3492 2303; x_wconf 88' lang='lat' dir='ltr'><strong>tantusque</strong></span> 
     </span>
    </p>
   </div>
   <div class='ocr_carea' id='block_1_51' title="bbox 1932 2324 3489 2394">
    <p class='ocr_par' dir='ltr' id='par_1_51' title="bbox 1932 2324 3489 2394">
     <span class='ocr_line' id='line_1_51' title="bbox 1932 2324 3489 2394; baseline 0.001 -15"><span class='ocrx_word' id='word_1_334' title='bbox 1932 2327 2015 2380; x_wconf 90' lang='lat' dir='ltr'><strong>vir</strong></span> <span class='ocrx_word' id='word_1_335' title='bbox 2045 2324 2302 2381; x_wconf 84' lang='lat' dir='ltr'><strong>humilem</strong></span> <span class='ocrx_word' id='word_1_336' title='bbox 2331 2339 2417 2379; x_wconf 91' lang='lat' dir='ltr'><strong>me</strong></span> <span class='ocrx_word' id='word_1_337' title='bbox 2454 2324 2579 2390; x_wconf 81' lang='lat' dir='ltr'><strong>feci,</strong></span> <span class='ocrx_word' id='word_1_338' title='bbox 2628 2340 2822 2394; x_wconf 87' lang='lat' dir='ltr'><strong>meque</strong></span> <span class='ocrx_word' id='word_1_339' title='bbox 2845 2325 3016 2380; x_wconf 88' lang='lat' dir='ltr'><strong>obtuli</strong></span> <span class='ocrx_word' id='word_1_340' title='bbox 3071 2325 3489 2391; x_wconf 64' lang='lat' dir='ltr'><strong>misericordiae,</strong></span> 
     </span>
    </p>
   </div>
   <div class='ocr_carea' id='block_1_52' title="bbox 1931 2413 3490 2486">
    <p class='ocr_par' dir='ltr' id='par_1_52' title="bbox 1931 2413 3490 2486">
     <span class='ocr_line' id='line_1_52' title="bbox 1931 2413 3490 2486; baseline -0.002 -14"><span class='ocrx_word' id='word_1_341' title='bbox 1931 2417 2391 2486; x_wconf 80' lang='lat' dir='ltr'><strong>Redemptorique</strong></span> <span class='ocrx_word' id='word_1_342' title='bbox 2427 2431 2491 2470; x_wconf 85' lang='lat' dir='ltr'><strong>ac</strong></span> <span class='ocrx_word' id='word_1_343' title='bbox 2516 2414 2833 2480; x_wconf 87' lang='lat' dir='ltr'><strong>Servatori;</strong></span> <span class='ocrx_word' id='word_1_344' title='bbox 2866 2416 2938 2470; x_wconf 86' lang='lat' dir='ltr'><strong>ita</strong></span> <span class='ocrx_word' id='word_1_345' title='bbox 2972 2415 3179 2485; x_wconf 89' lang='lat' dir='ltr'><strong>reliquo</strong></span> <span class='ocrx_word' id='word_1_346' title='bbox 3217 2416 3379 2470; x_wconf 87' lang='lat' dir='ltr'><strong>etiam</strong></span> <span class='ocrx_word' id='word_1_347' title='bbox 3412 2413 3490 2470; x_wconf 87' lang='lat' dir='ltr'><strong>ls-</strong></span> 
     </span>
    </p>
   </div>
   <div class='ocr_carea' id='block_1_53' title="bbox 1930 2507 3489 2565">
    <p class='ocr_par' dir='ltr' id='par_1_53' title="bbox 1930 2507 3489 2565">
     <span class='ocr_line' id='line_1_53' title="bbox 1930 2507 3489 2565; baseline -0.003 0"><span class='ocrx_word' id='word_1_348' title='bbox 1930 2510 2062 2565; x_wconf 85' lang='lat' dir='ltr'><strong>raeli</strong></span> <span class='ocrx_word' id='word_1_349' title='bbox 2095 2509 2356 2564; x_wconf 90' lang='lat' dir='ltr'><strong>denuntio</strong></span> <span class='ocrx_word' id='word_1_350' title='bbox 2398 2519 2458 2562; x_wconf 93' lang='lat' dir='ltr'><strong>ut</strong></span> <span class='ocrx_word' id='word_1_351' title='bbox 2483 2507 2818 2564; x_wconf 83' lang='lat' dir='ltr'><strong>conﬁdenter</strong></span> <span class='ocrx_word' id='word_1_352' title='bbox 2852 2509 2921 2563; x_wconf 90' lang='lat' dir='ltr'><strong>ad</strong></span> <span class='ocrx_word' id='word_1_353' title='bbox 2951 2507 3377 2563; x_wconf 88' lang='lat' dir='ltr'><strong>misericordiam</strong></span> <span class='ocrx_word' id='word_1_354' title='bbox 3405 2522 3489 2561; x_wconf 90' lang='lat' dir='ltr'><strong>ac-</strong></span> 
     </span>
    </p>
   </div>
   <div class='ocr_carea' id='block_1_54' title="bbox 1928 2595 3486 2667">
    <p class='ocr_par' dir='ltr' id='par_1_54' title="bbox 1928 2595 3486 2667">
     <span class='ocr_line' id='line_1_54' title="bbox 1928 2595 3486 2667; baseline -0.004 -12"><span class='ocrx_word' id='word_1_355' title='bbox 1928 2601 2106 2655; x_wconf 85' lang='lat' dir='ltr'><strong>cedat.</strong></span> <span class='ocrx_word' id='word_1_356' title='bbox 2140 2599 2273 2653; x_wconf 86' lang='lat' dir='ltr'><strong>Nam</strong></span> <span class='ocrx_word' id='word_1_357' title='bbox 2300 2596 2471 2667; x_wconf 89' lang='lat' dir='ltr'><strong>probe</strong></span> <span class='ocrx_word' id='word_1_358' title='bbox 2502 2596 2638 2660; x_wconf 90' lang='lat' dir='ltr'><strong>scio,</strong></span> <span class='ocrx_word' id='word_1_359' title='bbox 2696 2595 2813 2651; x_wconf 78' lang='lat' dir='ltr'><strong>fore</strong></span> <span class='ocrx_word' id='word_1_360' title='bbox 2856 2606 2915 2651; x_wconf 89' lang='lat' dir='ltr'><strong>ut</strong></span> <span class='ocrx_word' id='word_1_361' title='bbox 2946 2596 3085 2651; x_wconf 87' lang='lat' dir='ltr'><strong>Deus</strong></span> <span class='ocrx_word' id='word_1_362' title='bbox 3118 2595 3370 2650; x_wconf 81' lang='lat' dir='ltr'><strong>lsraelem</strong></span> <span class='ocrx_word' id='word_1_363' title='bbox 3407 2608 3486 2648; x_wconf 83' lang='lat' dir='ltr'><strong>re-</strong></span> 
     </span>
    </p>
   </div>
   <div class='ocr_carea' id='block_1_55' title="bbox 1929 2686 3491 2757">
    <p class='ocr_par' dir='ltr' id='par_1_55' title="bbox 1929 2686 3491 2757">
     <span class='ocr_line' id='line_1_55' title="bbox 1929 2686 3491 2757; baseline -0.005 -11"><span class='ocrx_word' id='word_1_364' title='bbox 1929 2694 2119 2757; x_wconf 84' lang='lat' dir='ltr'><strong>dimat,</strong></span> <span class='ocrx_word' id='word_1_365' title='bbox 2150 2692 2197 2747; x_wconf 87' lang='lat' dir='ltr'><strong>si</strong></span> <span class='ocrx_word' id='word_1_366' title='bbox 2232 2692 2299 2744; x_wconf 88' lang='lat' dir='ltr'><strong>ad</strong></span> <span class='ocrx_word' id='word_1_367' title='bbox 2336 2705 2458 2746; x_wconf 89' lang='lat' dir='ltr'><strong>eum</strong></span> <span class='ocrx_word' id='word_1_368' title='bbox 2500 2689 2830 2751; x_wconf 53' lang='lat' dir='ltr'><strong>confurerit,</strong></span> <span class='ocrx_word' id='word_1_369' title='bbox 2856 2704 2924 2743; x_wconf 84' lang='lat' dir='ltr'><strong>ex</strong></span> <span class='ocrx_word' id='word_1_370' title='bbox 2960 2689 3214 2743; x_wconf 80' lang='lat' dir='ltr'><strong>omnibus</strong></span> <span class='ocrx_word' id='word_1_371' title='bbox 3236 2686 3491 2756; x_wconf 85' lang='lat' dir='ltr'><strong>iniquita-</strong></span> 
     </span>
    </p>
   </div>
   <div class='ocr_carea' id='block_1_56' title="bbox 1930 2782 2254 2851">
    <p class='ocr_par' dir='ltr' id='par_1_56' title="bbox 1930 2782 2254 2851">
     <span class='ocr_line' id='line_1_56' title="bbox 1930 2782 2254 2851; baseline -0.006 -12"><span class='ocrx_word' id='word_1_372' title='bbox 1930 2784 2071 2839; x_wconf 80' lang='lat' dir='ltr'><strong>tibus</strong></span> <span class='ocrx_word' id='word_1_373' title='bbox 2118 2782 2254 2851; x_wconf 88' lang='lat' dir='ltr'><strong>ejus.</strong></span> 
     </span>
    </p>
   </div>
   <div class='ocr_carea' id='block_1_57' title="bbox 2417 2867 3019 2926">
    <p class='ocr_par' dir='ltr' id='par_1_57' title="bbox 2417 2867 3019 2926">
     <span class='ocr_line' id='line_1_57' title="bbox 2417 2867 3019 2926; baseline 0 -2"><span class='ocrx_word' id='word_1_374' title='bbox 2417 2870 2742 2926; x_wconf 82' lang='lat' dir='ltr'><strong>PSALMUS</strong></span> <span class='ocrx_word' id='word_1_375' title='bbox 2781 2867 3019 2925; x_wconf 75' lang='lat' dir='ltr'><strong>CXXXI.</strong></span> 
     </span>
    </p>
   </div>
   <div class='ocr_carea' id='block_1_58' title="bbox 2036 2958 3379 3029">
    <p class='ocr_par' dir='ltr' id='par_1_58' title="bbox 2036 2958 3379 3029">
     <span class='ocr_line' id='line_1_58' title="bbox 2036 2958 3379 3029; baseline -0.005 -10"><span class='ocrx_word' id='word_1_376' title='bbox 2036 2962 2201 3020; x_wconf 68' lang='lat' dir='ltr'><strong>Vsus.</strong></span> <span class='ocrx_word' id='word_1_377' title='bbox 2240 2964 2329 3016; x_wconf 82' lang='lat' dir='ltr'><strong>H.</strong></span> <span class='ocrx_word' id='word_1_378' title='bbox 2356 2962 2565 3016; x_wconf 72' lang='lat' dir='ltr'><strong>Iuravit</strong></span> <span class='ocrx_word' id='word_1_379' title='bbox 2600 2962 2851 3016; x_wconf 78' lang='lat' dir='ltr'><strong>Dominus</strong></span> <span class='ocrx_word' id='word_1_380' title='bbox 2878 2960 3068 3029; x_wconf 84' lang='lat' dir='ltr'><strong>Dauidi</strong></span> <span class='ocrx_word' id='word_1_381' title='bbox 3092 2958 3379 3013; x_wconf 85' lang='lat' dir='ltr'><strong>veritatem.</strong></span> 
     </span>
    </p>
   </div>
   <div class='ocr_carea' id='block_1_59' title="bbox 1999 3046 3491 3122">
    <p class='ocr_par' dir='ltr' id='par_1_59' title="bbox 1999 3046 3491 3122">
     <span class='ocr_line' id='line_1_59' title="bbox 1999 3046 3491 3122; baseline -0.008 -10"><span class='ocrx_word' id='word_1_382' title='bbox 1999 3056 2213 3112; x_wconf 87' lang='lat' dir='ltr'><strong>Juranti</strong></span> <span class='ocrx_word' id='word_1_383' title='bbox 2265 3055 2450 3109; x_wconf 83' lang='lat' dir='ltr'><strong>Davidi</strong></span> <span class='ocrx_word' id='word_1_384' title='bbox 2486 3053 2720 3107; x_wconf 85' lang='lat' dir='ltr'><strong>vicissim</strong></span> <span class='ocrx_word' id='word_1_385' title='bbox 2747 3051 2951 3122; x_wconf 88' lang='lat' dir='ltr'><strong>juravit</strong></span> <span class='ocrx_word' id='word_1_386' title='bbox 2995 3049 3157 3114; x_wconf 89' lang='lat' dir='ltr'><strong>Deus,</strong></span> <span class='ocrx_word' id='word_1_387' title='bbox 3202 3049 3249 3103; x_wconf 92' lang='lat' dir='ltr'><strong>ei</strong></span> <span class='ocrx_word' id='word_1_388' title='bbox 3287 3048 3376 3116; x_wconf 93' lang='lat' dir='ltr'><strong>qui</strong></span> <span class='ocrx_word' id='word_1_389' title='bbox 3412 3046 3491 3101; x_wconf 86' lang='lat' dir='ltr'><strong>lo-</strong></span> 
     </span>
    </p>
   </div>
   <div class='ocr_carea' id='block_1_60' title="bbox 250 3143 1829 3243">
    <p class='ocr_par' dir='ltr' id='par_1_60' title="bbox 250 3143 1823 3241">
     <span class='ocr_line' id='line_1_60' title="bbox 250 3143 1823 3241; baseline -0.011 -12"><span class='ocrx_word' id='word_1_390' title='bbox 250 3143 411 3228; x_wconf 61' lang='grc' dir='ltr'>σαντί</span> <span class='ocrx_word' id='word_1_391' title='bbox 436 3143 529 3225; x_wconf 67' lang='grc' dir='ltr'><strong>τὸν</strong></span> <span class='ocrx_word' id='word_1_392' title='bbox 556 3172 721 3224; x_wconf 85' lang='grc' dir='ltr'>τόπον</span> <span class='ocrx_word' id='word_1_393' title='bbox 762 3143 971 3241; x_wconf 86' lang='grc' dir='ltr'>μαθεῖν,</span> <span class='ocrx_word' id='word_1_394' title='bbox 995 3165 1200 3236; x_wconf 81' lang='grc' dir='ltr'>δωρεὰν</span> <span class='ocrx_word' id='word_1_395' title='bbox 1228 3165 1350 3227; x_wconf 78' lang='grc' dir='ltr'>δοὺς</span> <span class='ocrx_word' id='word_1_396' title='bbox 1370 3163 1430 3216; x_wconf 84' lang='grc' dir='ltr'><strong>τὸ</strong></span> <span class='ocrx_word' id='word_1_397' title='bbox 1454 3162 1547 3216; x_wconf 76' lang='grc' dir='ltr'><strong>καὶ</strong></span> <span class='ocrx_word' id='word_1_398' title='bbox 1576 3161 1633 3227; x_wconf 77' lang='grc' dir='ltr'>ἐξ</span> <span class='ocrx_word' id='word_1_399' title='bbox 1662 3160 1823 3214; x_wconf 83' lang='grc' dir='ltr'>αὑτοῦ</span> 
     </span>
    </p>
   </div>
   <div class='ocr_carea' id='block_1_61' title="bbox 1937 3143 3490 3243">
    <p class='ocr_par' dir='ltr' id='par_1_61' title="bbox 1937 3143 3490 3220">
     <span class='ocr_line' id='line_1_61' title="bbox 1937 3143 3490 3220; baseline -0.008 -16"><span class='ocrx_word' id='word_1_400' title='bbox 1937 3165 2050 3205; x_wconf 84' lang='lat' dir='ltr'><strong>eum</strong></span> <span class='ocrx_word' id='word_1_401' title='bbox 2094 3161 2425 3220; x_wconf 77' lang='lat' dir='ltr'><strong>cognoscere</strong></span> <span class='ocrx_word' id='word_1_402' title='bbox 2458 3146 2673 3210; x_wconf 87' lang='lat' dir='ltr'><strong>avebat,</strong></span> <span class='ocrx_word' id='word_1_403' title='bbox 2708 3145 2944 3215; x_wconf 79' lang='lat' dir='ltr'><strong>gratuito</strong></span> <span class='ocrx_word' id='word_1_404' title='bbox 2982 3143 3191 3196; x_wconf 85' lang='lat' dir='ltr'><strong>donans</strong></span> <span class='ocrx_word' id='word_1_405' title='bbox 3222 3154 3490 3210; x_wconf 68' lang='lat' dir='ltr'><strong>prteroga-</strong></span> 
     </span>
    </p>
   </div>
   <div class='ocr_carea' id='block_1_62' title="bbox 247 3230 1829 3337">
    <p class='ocr_par' dir='ltr' id='par_1_62' title="bbox 247 3230 1829 3337">
     <span class='ocr_line' id='line_1_62' title="bbox 247 3230 1829 3337; baseline -0.009 -18"><span class='ocrx_word' id='word_1_406' title='bbox 247 3264 551 3337; x_wconf 83' lang='grc' dir='ltr'>προελθεῖν·</span> <span class='ocrx_word' id='word_1_407' title='bbox 573 3264 706 3317; x_wconf 84' lang='grc' dir='ltr'>Ἵνα</span> <span class='ocrx_word' id='word_1_408' title='bbox 718 3230 814 3315; x_wconf 64' lang='grc' dir='ltr'>διὰ</span> <span class='ocrx_word' id='word_1_409' title='bbox 829 3261 937 3314; x_wconf 85' lang='grc' dir='ltr'>δύο</span> <span class='ocrx_word' id='word_1_410' title='bbox 953 3230 1308 3328; x_wconf 58' lang='grc' dir='ltr'>πραγμάτων</span> <span class='ocrx_word' id='word_1_411' title='bbox 1323 3252 1787 3324; x_wconf 79' lang='grc' dir='ltr'>ἀμεταθέτων,ιῦς</span> <span class='ocrx_word' id='word_1_412' title='bbox 1802 3252 1829 3305; x_wconf 87' lang='lat'><strong>6</strong></span> 
     </span>
    </p>
   </div>
   <div class='ocr_carea' id='block_1_63' title="bbox 1937 3230 3493 3337">
    <p class='ocr_par' dir='ltr' id='par_1_63' title="bbox 1937 3230 3493 3309">
     <span class='ocr_line' id='line_1_63' title="bbox 1937 3230 3493 3309; baseline -0.008 -14"><span class='ocrx_word' id='word_1_413' title='bbox 1937 3243 2102 3296; x_wconf 90' lang='lat' dir='ltr'><strong>tivam</strong></span> <span class='ocrx_word' id='word_1_414' title='bbox 2122 3251 2179 3294; x_wconf 92' lang='lat' dir='ltr'><strong>ut</strong></span> <span class='ocrx_word' id='word_1_415' title='bbox 2207 3248 2261 3295; x_wconf 90' lang='lat' dir='ltr'><strong>et</strong></span> <span class='ocrx_word' id='word_1_416' title='bbox 2290 3241 2514 3309; x_wconf 90' lang='lat' dir='ltr'><strong>ipsemet</strong></span> <span class='ocrx_word' id='word_1_417' title='bbox 2533 3236 2649 3306; x_wconf 79' lang='lat' dir='ltr'><strong>ejus</strong></span> <span class='ocrx_word' id='word_1_418' title='bbox 2672 3238 2843 3304; x_wconf 88' lang='lat' dir='ltr'><strong>stirpe</strong></span> <span class='ocrx_word' id='word_1_419' title='bbox 2860 3235 3135 3297; x_wconf 84' lang='lat' dir='ltr'><strong>oriretur;</strong></span> <span class='ocrx_word' id='word_1_420' title='bbox 3158 3230 3224 3285; x_wconf 92' lang='lat' dir='ltr'><strong>Ut</strong></span> <span class='ocrx_word' id='word_1_421' title='bbox 3250 3247 3338 3298; x_wconf 87' lang='lat' dir='ltr'><strong>per</strong></span> <span class='ocrx_word' id='word_1_422' title='bbox 3360 3232 3493 3283; x_wconf 83' lang='lat' dir='ltr'><strong>duas</strong></span> 
     </span>
    </p>
   </div>
   <div class='ocr_carea' id='block_1_64' title="bbox 251 3345 1828 3427">
    <p class='ocr_par' dir='ltr' id='par_1_64' title="bbox 251 3345 1828 3427">
     <span class='ocr_line' id='line_1_64' title="bbox 251 3345 1828 3427; baseline -0.009 -16"><span class='ocrx_word' id='word_1_423' title='bbox 251 3358 466 3420; x_wconf 78' lang='grc' dir='ltr'>Παῦλός</span> <span class='ocrx_word' id='word_1_424' title='bbox 480 3373 664 3427; x_wconf 85' lang='grc' dir='ltr'>φησιν,</span> <span class='ocrx_word' id='word_1_425' title='bbox 677 3355 746 3408; x_wconf 80' lang='grc' dir='ltr'>ἐν</span> <span class='ocrx_word' id='word_1_426' title='bbox 762 3354 851 3418; x_wconf 79' lang='grc' dir='ltr'>οἷς</span> <span class='ocrx_word' id='word_1_427' title='bbox 865 3352 1054 3407; x_wconf 78' lang='grc' dir='ltr'>ἀδύνα</span> <span class='ocrx_word' id='word_1_428' title='bbox 1066 3368 1170 3404; x_wconf 84' lang='grc' dir='ltr'><strong>τον</strong></span> <span class='ocrx_word' id='word_1_429' title='bbox 1185 3350 1529 3418; x_wconf 63' lang='grc' dir='ltr'>ψεύσασθαι</span> <span class='ocrx_word' id='word_1_430' title='bbox 1542 3346 1647 3399; x_wconf 86' lang='grc' dir='ltr'>τὸν</span> <span class='ocrx_word' id='word_1_431' title='bbox 1662 3345 1828 3411; x_wconf 82' lang='grc' dir='ltr'>Θεὸν,</span> 
     </span>
    </p>
   </div>
   <div class='ocr_carea' id='block_1_65' title="bbox 252 3434 1756 3521">
    <p class='ocr_par' dir='ltr' id='par_1_65' title="bbox 252 3434 1756 3521">
     <span class='ocr_line' id='line_1_65' title="bbox 252 3434 1756 3521; baseline -0.011 -16"><span class='ocrx_word' id='word_1_432' title='bbox 252 3450 515 3521; x_wconf 73' lang='grc' dir='ltr'>ἰσχυρὰν</span> <span class='ocrx_word' id='word_1_433' title='bbox 536 3446 940 3515; x_wconf 74' lang='grc' dir='ltr'>παράκλησιν,</span> <span class='ocrx_word' id='word_1_434' title='bbox 969 3442 1096 3515; x_wconf 74' lang='grc' dir='ltr'>περὶ</span> <span class='ocrx_word' id='word_1_435' title='bbox 1124 3434 1197 3495; x_wconf 82' lang='grc' dir='ltr'>ὧν</span> <span class='ocrx_word' id='word_1_436' title='bbox 1226 3438 1442 3511; x_wconf 76' lang='grc' dir='ltr'>ηῦξατο,</span> <span class='ocrx_word' id='word_1_437' title='bbox 1469 3436 1756 3504; x_wconf 79' lang='grc' dir='ltr'>λάϐωμεν.</span> 
     </span>
    </p>
   </div>
   <div class='ocr_carea' id='block_1_66' title="bbox 261 3605 1831 3687">
    <p class='ocr_par' dir='ltr' id='par_1_66' title="bbox 261 3605 1831 3687">
     <span class='ocr_line' id='line_1_66' title="bbox 261 3605 1831 3687; baseline -0.01 -14"><span class='ocrx_word' id='word_1_438' title='bbox 261 3621 358 3673; x_wconf 82' lang='grc' dir='ltr'>Ἐκ</span> <span class='ocrx_word' id='word_1_439' title='bbox 393 3618 627 3687; x_wconf 79' lang='grc' dir='ltr'>καρποῦ</span> <span class='ocrx_word' id='word_1_440' title='bbox 668 3616 779 3685; x_wconf 86' lang='grc' dir='ltr'>τῆς</span> <span class='ocrx_word' id='word_1_441' title='bbox 822 3616 1051 3687; x_wconf 77' lang='grc' dir='ltr'>κοιλίας</span> <span class='ocrx_word' id='word_1_442' title='bbox 1095 3628 1209 3666; x_wconf 92' lang='grc' dir='ltr'><strong>σου</strong></span> <span class='ocrx_word' id='word_1_443' title='bbox 1269 3610 1523 3679; x_wconf 81' lang='grc' dir='ltr'>θήσομαι</span> <span class='ocrx_word' id='word_1_444' title='bbox 1569 3607 1667 3661; x_wconf 79' lang='grc' dir='ltr'><strong>ἐπὶ</strong></span> <span class='ocrx_word' id='word_1_445' title='bbox 1725 3605 1831 3659; x_wconf 86' lang='grc' dir='ltr'><strong>τοῦ</strong></span> 
     </span>
    </p>
   </div>
   <div class='ocr_carea' id='block_1_67' title="bbox 861 3686 1234 3759">
    <p class='ocr_par' dir='ltr' id='par_1_67' title="bbox 861 3686 1234 3759">
     <span class='ocr_line' id='line_1_67' title="bbox 861 3686 1234 3759; baseline -0.011 -21"><span class='ocrx_word' id='word_1_446' title='bbox 861 3686 1076 3759; x_wconf 79' lang='grc' dir='ltr'>θρόνου</span> <span class='ocrx_word' id='word_1_447' title='bbox 1100 3698 1234 3737; x_wconf 88' lang='grc' dir='ltr'>σου.</span> 
     </span>
    </p>
   </div>
   <div class='ocr_carea' id='block_1_68' title="bbox 332 3766 1834 3851">
    <p class='ocr_par' dir='ltr' id='par_1_68' title="bbox 332 3766 1834 3851">
     <span class='ocr_line' id='line_1_68' title="bbox 332 3766 1834 3851; baseline -0.009 -16"><span class='ocrx_word' id='word_1_448' title='bbox 332 3781 558 3851; x_wconf 78' lang='grc' dir='ltr'>Ἐπειδὴ</span> <span class='ocrx_word' id='word_1_449' title='bbox 590 3781 677 3842; x_wconf 86' lang='grc' dir='ltr'><strong>σὺ,</strong></span> <span class='ocrx_word' id='word_1_450' title='bbox 708 3777 892 3849; x_wconf 68' lang='grc' dir='ltr'>φησὶν,</span> <span class='ocrx_word' id='word_1_451' title='bbox 927 3775 1069 3828; x_wconf 76' lang='grc' dir='ltr'>οὕτω</span> <span class='ocrx_word' id='word_1_452' title='bbox 1102 3772 1396 3848; x_wconf 76' lang='grc' dir='ltr'>πιστεύσας</span> <span class='ocrx_word' id='word_1_453' title='bbox 1435 3766 1656 3839; x_wconf 82' lang='grc' dir='ltr'>τοιαῦτα</span> <span class='ocrx_word' id='word_1_454' title='bbox 1684 3766 1834 3839; x_wconf 74' lang='grc' dir='ltr'>ηὔξω</span> 
     </span>
    </p>
   </div>
   <div class='ocr_carea' id='block_1_69' title="bbox 253 3859 1834 3944">
    <p class='ocr_par' dir='ltr' id='par_1_69' title="bbox 253 3859 1834 3944">
     <span class='ocr_line' id='line_1_69' title="bbox 253 3859 1834 3944; baseline -0.012 -16"><span class='ocrx_word' id='word_1_455' title='bbox 253 3875 483 3944; x_wconf 82' lang='grc' dir='ltr'>γνῶναι,</span> <span class='ocrx_word' id='word_1_456' title='bbox 520 3870 841 3943; x_wconf 82' lang='grc' dir='ltr'>βουλόμενος</span> <span class='ocrx_word' id='word_1_457' title='bbox 888 3867 1074 3939; x_wconf 84' lang='grc' dir='ltr'>μαθεῖν</span> <span class='ocrx_word' id='word_1_458' title='bbox 1106 3866 1234 3937; x_wconf 51' lang='grc' dir='ltr'><strong>περὶ¹</strong></span> <span class='ocrx_word' id='word_1_459' title='bbox 1286 3862 1379 3916; x_wconf 85' lang='grc' dir='ltr'><strong>τοῦ</strong></span> <span class='ocrx_word' id='word_1_460' title='bbox 1409 3862 1574 3914; x_wconf 90' lang='grc' dir='ltr'>τόπου</span> <span class='ocrx_word' id='word_1_461' title='bbox 1610 3859 1711 3928; x_wconf 80' lang='grc' dir='ltr'>τῆς</span> <span class='ocrx_word' id='word_1_462' title='bbox 1754 3860 1834 3922; x_wconf 84' lang='grc' dir='ltr'>εἰς</span> 
     </span>
    </p>
   </div>
   <div class='ocr_carea' id='block_1_70' title="bbox 252 3950 1835 4037">
    <p class='ocr_par' dir='ltr' id='par_1_70' title="bbox 252 3950 1835 4037">
     <span class='ocr_line' id='line_1_70' title="bbox 252 3950 1835 4037; baseline -0.013 -16"><span class='ocrx_word' id='word_1_463' title='bbox 252 3966 577 4037; x_wconf 82' lang='grc' dir='ltr'>ἀνθρώπους</span> <span class='ocrx_word' id='word_1_464' title='bbox 614 3962 847 4032; x_wconf 81' lang='grc' dir='ltr'>ἀφίξεως</span> <span class='ocrx_word' id='word_1_465' title='bbox 879 3958 974 4012; x_wconf 90' lang='grc' dir='ltr'><strong>τοῦ</strong></span> <span class='ocrx_word' id='word_1_466' title='bbox 1021 3957 1292 4028; x_wconf 79' lang='grc' dir='ltr'>Σωτῆρος,</span> <span class='ocrx_word' id='word_1_467' title='bbox 1325 3954 1479 4023; x_wconf 78' lang='grc' dir='ltr'>δέχου</span> <span class='ocrx_word' id='word_1_468' title='bbox 1518 3952 1581 4022; x_wconf 84' lang='grc' dir='ltr'><strong>δὴ</strong></span> <span class='ocrx_word' id='word_1_469' title='bbox 1616 3950 1707 4005; x_wconf 75' lang='grc' dir='ltr'><strong>καὶ</strong></span> <span class='ocrx_word' id='word_1_470' title='bbox 1740 3950 1835 4002; x_wconf 80' lang='grc' dir='ltr'>αὐ-</span> 
     </span>
    </p>
   </div>
   <div class='ocr_carea' id='block_1_71' title="bbox 251 4044 1833 4130">
    <p class='ocr_par' dir='ltr' id='par_1_71' title="bbox 251 4044 1833 4130">
     <span class='ocr_line' id='line_1_71' title="bbox 251 4044 1833 4130; baseline -0.012 -18"><span class='ocrx_word' id='word_1_471' title='bbox 251 4061 342 4123; x_wconf 80' lang='grc' dir='ltr'><strong>τὸς</strong></span> <span class='ocrx_word' id='word_1_472' title='bbox 386 4059 490 4130; x_wconf 83' lang='grc' dir='ltr'><strong>τὴν</strong></span> <span class='ocrx_word' id='word_1_473' title='bbox 524 4054 877 4123; x_wconf 76' lang='grc' dir='ltr'>ἐπαγγελίαν,</span> <span class='ocrx_word' id='word_1_474' title='bbox 920 4052 1014 4104; x_wconf 67' lang='grc' dir='ltr'><strong>κα)⁸</strong></span> <span class='ocrx_word' id='word_1_475' title='bbox 1055 4049 1206 4118; x_wconf 86' lang='grc' dir='ltr'>γίνου</span> <span class='ocrx_word' id='word_1_476' title='bbox 1247 4046 1490 4107; x_wconf 85' lang='grc' dir='ltr'>διάκονος</span> <span class='ocrx_word' id='word_1_477' title='bbox 1515 4044 1613 4114; x_wconf 84' lang='grc' dir='ltr'><strong>τῆς</strong></span> <span class='ocrx_word' id='word_1_478' title='bbox 1658 4058 1833 4112; x_wconf 85' lang='grc' dir='ltr'>σωτη-</span> 
     </span>
    </p>
   </div>
   <div class='ocr_carea' id='block_1_72' title="bbox 254 4133 1833 4223">
    <p class='ocr_par' dir='ltr' id='par_1_72' title="bbox 254 4133 1833 4223">
     <span class='ocr_line' id='line_1_72' title="bbox 254 4133 1833 4223; baseline -0.013 -20"><span class='ocrx_word' id='word_1_479' title='bbox 254 4152 373 4223; x_wconf 82' lang='grc' dir='ltr'>ρίου</span> <span class='ocrx_word' id='word_1_480' title='bbox 401 4148 691 4217; x_wconf 80' lang='grc' dir='ltr'>γενέσεως.</span> <span class='ocrx_word' id='word_1_481' title='bbox 724 4145 821 4207; x_wconf 75' lang='grc' dir='ltr'>Σὸς</span> <span class='ocrx_word' id='word_1_482' title='bbox 842 4144 950 4213; x_wconf 81' lang='grc' dir='ltr'>γὰρ</span> <span class='ocrx_word' id='word_1_483' title='bbox 978 4141 1127 4194; x_wconf 78' lang='grc' dir='ltr'>ἔσται</span> <span class='ocrx_word' id='word_1_484' title='bbox 1160 4136 1369 4209; x_wconf 79' lang='grc' dir='ltr'>καρπὸς</span> <span class='ocrx_word' id='word_1_485' title='bbox 1396 4137 1424 4188; x_wconf 90' lang='lat'><strong>6</strong></span> <span class='ocrx_word' id='word_1_486' title='bbox 1455 4133 1833 4202; x_wconf 82' lang='grc' dir='ltr'>γενησόμενος,</span> 
     </span>
    </p>
   </div>
   <div class='ocr_carea' id='block_1_73' title="bbox 253 4223 1836 4309">
    <p class='ocr_par' dir='ltr' id='par_1_73' title="bbox 253 4223 1836 4309">
     <span class='ocr_line' id='line_1_73' title="bbox 253 4223 1836 4309; baseline -0.014 -14"><span class='ocrx_word' id='word_1_487' title='bbox 253 4245 314 4295; x_wconf 73' lang='grc' dir='ltr'>ἐκ</span> <span class='ocrx_word' id='word_1_488' title='bbox 345 4243 445 4309; x_wconf 81' lang='grc' dir='ltr'>σῆς</span> <span class='ocrx_word' id='word_1_489' title='bbox 476 4236 727 4308; x_wconf 80' lang='grc' dir='ltr'>διαδοχῆς</span> <span class='ocrx_word' id='word_1_490' title='bbox 751 4234 845 4289; x_wconf 77' lang='grc' dir='ltr'>καὶ</span> <span class='ocrx_word' id='word_1_491' title='bbox 884 4236 948 4285; x_wconf 79' lang='grc' dir='ltr'>ὲκ</span> <span class='ocrx_word' id='word_1_492' title='bbox 979 4230 1073 4301; x_wconf 89' lang='grc' dir='ltr'><strong>σοῦ</strong></span> <span class='ocrx_word' id='word_1_493' title='bbox 1105 4230 1413 4299; x_wconf 85' lang='grc' dir='ltr'>σπέρματος</span> <span class='ocrx_word' id='word_1_494' title='bbox 1443 4223 1836 4295; x_wconf 87' lang='grc' dir='ltr'>προελευσόμε-</span> 
     </span>
    </p>
   </div>
   <div class='ocr_carea' id='block_1_74' title="bbox 253 4314 1833 4399">
    <p class='ocr_par' dir='ltr' id='par_1_74' title="bbox 253 4314 1833 4399">
     <span class='ocr_line' id='line_1_74' title="bbox 253 4314 1833 4399; baseline -0.013 -12"><span class='ocrx_word' id='word_1_495' title='bbox 253 4353 341 4397; x_wconf 85' lang='grc' dir='ltr'><strong>νος</strong></span> <span class='ocrx_word' id='word_1_496' title='bbox 366 4354 378 4365; x_wconf 76' lang='grc' dir='ltr'><strong><em>ο</em></strong></span> <span class='ocrx_word' id='word_1_497' title='bbox 409 4333 492 4385; x_wconf 86' lang='grc' dir='ltr'><strong>διὸ</strong></span> <span class='ocrx_word' id='word_1_498' title='bbox 512 4332 607 4384; x_wconf 72' lang='grc' dir='ltr'><strong>καὶ</strong></span> <span class='ocrx_word' id='word_1_499' title='bbox 639 4328 787 4399; x_wconf 71' lang='grc' dir='ltr'>αὐτῷ</span> <span class='ocrx_word' id='word_1_500' title='bbox 810 4326 1090 4396; x_wconf 80' lang='grc' dir='ltr'>δοθήσεται</span> <span class='ocrx_word' id='word_1_501' title='bbox 1115 4322 1247 4374; x_wconf 77' lang='grc' dir='ltr'>ώσεὶ</span> <span class='ocrx_word' id='word_1_502' title='bbox 1275 4316 1678 4391; x_wconf 76' lang='grc' dir='ltr'>ἐπηγγελμένος</span> <span class='ocrx_word' id='word_1_503' title='bbox 1707 4314 1833 4386; x_wconf 90' lang='grc' dir='ltr'>θρό-</span> 
     </span>
    </p>
   </div>
   <div class='ocr_carea' id='block_1_75' title="bbox 251 4408 1835 4491">
    <p class='ocr_par' dir='ltr' id='par_1_75' title="bbox 251 4408 1835 4491">
     <span class='ocr_line' id='line_1_75' title="bbox 251 4408 1835 4491; baseline -0.014 -12"><span class='ocrx_word' id='word_1_504' title='bbox 251 4443 365 4490; x_wconf 82' lang='grc' dir='ltr'>νος,</span> <span class='ocrx_word' id='word_1_505' title='bbox 395 4423 486 4477; x_wconf 80' lang='grc' dir='ltr'>διὰ</span> <span class='ocrx_word' id='word_1_506' title='bbox 518 4423 579 4474; x_wconf 84' lang='grc' dir='ltr'><strong>τὸ</strong></span> <span class='ocrx_word' id='word_1_507' title='bbox 609 4420 810 4491; x_wconf 80' lang='grc' dir='ltr'>μηδένα</span> <span class='ocrx_word' id='word_1_508' title='bbox 837 4418 1018 4487; x_wconf 73' lang='grc' dir='ltr'>ἕτερον</span> <span class='ocrx_word' id='word_1_509' title='bbox 1065 4416 1097 4485; x_wconf 79' lang='grc' dir='ltr'>ἢ</span> <span class='ocrx_word' id='word_1_510' title='bbox 1135 4415 1291 4485; x_wconf 86' lang='grc' dir='ltr'>μόνον</span> <span class='ocrx_word' id='word_1_511' title='bbox 1317 4412 1407 4464; x_wconf 82' lang='grc' dir='ltr'><strong>τὸν</strong></span> <span class='ocrx_word' id='word_1_512' title='bbox 1446 4412 1511 4463; x_wconf 76' lang='grc' dir='ltr'>ἐκ</span> <span class='ocrx_word' id='word_1_513' title='bbox 1558 4408 1648 4461; x_wconf 85' lang='grc' dir='ltr'><strong>σοῦ</strong></span> <span class='ocrx_word' id='word_1_514' title='bbox 1703 4424 1835 4476; x_wconf 89' lang='grc' dir='ltr'>προ-</span> 
     </span>
    </p>
   </div>
   <div class='ocr_carea' id='block_1_76' title="bbox 1937 3324 3494 3401">
    <p class='ocr_par' dir='ltr' id='par_1_76' title="bbox 1937 3324 3494 3401">
     <span class='ocr_line' id='line_1_76' title="bbox 1937 3324 3494 3401; baseline -0.009 -12"><span class='ocrx_word' id='word_1_515' title='bbox 1937 3352 2018 3389; x_wconf 88' lang='lat' dir='ltr'><strong>res</strong></span> <span class='ocrx_word' id='word_1_516' title='bbox 2059 3334 2377 3397; x_wconf 78' lang='lat' dir='ltr'><strong>immobiles,</strong></span> <span class='ocrx_word' id='word_1_517' title='bbox 2427 3340 2595 3401; x_wconf 88' lang='lat' dir='ltr'><strong>prout</strong></span> <span class='ocrx_word' id='word_1_518' title='bbox 2646 3328 2851 3383; x_wconf 89' lang='lat' dir='ltr'><strong>Paulus</strong></span> <span class='ocrx_word' id='word_1_519' title='bbox 2890 3327 2987 3389; x_wconf 88' lang='lat' dir='ltr'><strong>ait,</strong></span> <span class='ocrx_word' id='word_1_520' title='bbox 3024 3325 3211 3391; x_wconf 84' lang='lat' dir='ltr'><strong>quibus</strong></span> <span class='ocrx_word' id='word_1_521' title='bbox 3254 3324 3494 3391; x_wconf 72' lang='lat' dir='ltr'><strong>impossi-</strong></span> 
     </span>
    </p>
   </div>
   <div class='ocr_carea' id='block_1_77' title="bbox 1933 3415 3491 3485">
    <p class='ocr_par' dir='ltr' id='par_1_77' title="bbox 1933 3415 3491 3485">
     <span class='ocr_line' id='line_1_77' title="bbox 1933 3415 3491 3485; baseline -0.012 -4"><span class='ocrx_word' id='word_1_522' title='bbox 1933 3428 2031 3481; x_wconf 86' lang='lat' dir='ltr'><strong>bile</strong></span> <span class='ocrx_word' id='word_1_523' title='bbox 2064 3436 2138 3480; x_wconf 86' lang='lat' dir='ltr'><strong>est</strong></span> <span class='ocrx_word' id='word_1_524' title='bbox 2173 3424 2383 3477; x_wconf 88' lang='lat' dir='ltr'><strong>mentiri</strong></span> <span class='ocrx_word' id='word_1_525' title='bbox 2415 3422 2605 3485; x_wconf 85' lang='lat' dir='ltr'><strong>Deum,</strong></span> <span class='ocrx_word' id='word_1_526' title='bbox 2632 3420 2860 3473; x_wconf 84' lang='lat' dir='ltr'><strong>validum</strong></span> <span class='ocrx_word' id='word_1_527' title='bbox 2890 3417 3138 3471; x_wconf 80' lang='lat' dir='ltr'><strong>solatium</strong></span> <span class='ocrx_word' id='word_1_528' title='bbox 3160 3415 3225 3479; x_wconf 70' lang='lat'><strong>“,</strong></span> <span class='ocrx_word' id='word_1_529' title='bbox 3252 3416 3393 3468; x_wconf 80' lang='lat' dir='ltr'><strong>circa</strong></span> <span class='ocrx_word' id='word_1_530' title='bbox 3424 3424 3491 3469; x_wconf 87' lang='lat' dir='ltr'><strong>ea</strong></span> 
     </span>
    </p>
   </div>
   <div class='ocr_carea' id='block_1_78' title="bbox 1932 3514 2847 3588">
    <p class='ocr_par' dir='ltr' id='par_1_78' title="bbox 1932 3514 2847 3588">
     <span class='ocr_line' id='line_1_78' title="bbox 1932 3514 2847 3588; baseline -0.007 -16"><span class='ocrx_word' id='word_1_531' title='bbox 1932 3536 2055 3588; x_wconf 69' lang='lat' dir='ltr'><strong>quae</strong></span> <span class='ocrx_word' id='word_1_532' title='bbox 2086 3519 2315 3588; x_wconf 91' lang='lat' dir='ltr'><strong>quisque</strong></span> <span class='ocrx_word' id='word_1_533' title='bbox 2356 3517 2510 3585; x_wconf 87' lang='lat' dir='ltr'><strong>petit,</strong></span> <span class='ocrx_word' id='word_1_534' title='bbox 2540 3514 2847 3568; x_wconf 84' lang='lat' dir='ltr'><strong>habeamus.</strong></span> 
     </span>
    </p>
   </div>
   <div class='ocr_carea' id='block_1_79' title="bbox 1934 3597 3495 3680">
    <p class='ocr_par' dir='ltr' id='par_1_79' title="bbox 1934 3597 3495 3680">
     <span class='ocr_line' id='line_1_79' title="bbox 1934 3597 3495 3680; baseline -0.011 -15"><span class='ocrx_word' id='word_1_535' title='bbox 1934 3611 2102 3665; x_wconf 72' lang='lat' dir='ltr'><strong>Vens.</strong></span> <span class='ocrx_word' id='word_1_536' title='bbox 2142 3608 2229 3665; x_wconf 77' lang='lat' dir='ltr'><strong>ll.</strong></span> <span class='ocrx_word' id='word_1_537' title='bbox 2276 3606 2356 3661; x_wconf 85' lang='lat' dir='ltr'><strong>De</strong></span> <span class='ocrx_word' id='word_1_538' title='bbox 2408 3608 2583 3680; x_wconf 66' lang='lat' dir='ltr'><strong>fructu</strong></span> <span class='ocrx_word' id='word_1_539' title='bbox 2615 3606 2809 3659; x_wconf 86' lang='lat' dir='ltr'><strong>ventris</strong></span> <span class='ocrx_word' id='word_1_540' title='bbox 2850 3604 2925 3657; x_wconf 87' lang='lat' dir='ltr'><strong>tui</strong></span> <span class='ocrx_word' id='word_1_541' title='bbox 2954 3614 3143 3672; x_wconf 85' lang='lat' dir='ltr'><strong>ponam</strong></span> <span class='ocrx_word' id='word_1_542' title='bbox 3171 3613 3327 3666; x_wconf 81' lang='lat' dir='ltr'><strong>super</strong></span> <span class='ocrx_word' id='word_1_543' title='bbox 3351 3597 3495 3650; x_wconf 80' lang='lat' dir='ltr'><strong>thro-</strong></span> 
     </span>
    </p>
   </div>
   <div class='ocr_carea' id='block_1_80' title="bbox 2563 3688 2885 3730">
    <p class='ocr_par' dir='ltr' id='par_1_80' title="bbox 2563 3688 2885 3730">
     <span class='ocr_line' id='line_1_80' title="bbox 2563 3688 2885 3730; baseline -0.003 0"><span class='ocrx_word' id='word_1_544' title='bbox 2563 3692 2684 3730; x_wconf 87' lang='lat' dir='ltr'><strong>num</strong></span> <span class='ocrx_word' id='word_1_545' title='bbox 2715 3688 2885 3729; x_wconf 88' lang='lat' dir='ltr'><strong>tuum.</strong></span> 
     </span>
    </p>
   </div>
   <div class='ocr_carea' id='block_1_81' title="bbox 2003 3763 3498 3837">
    <p class='ocr_par' dir='ltr' id='par_1_81' title="bbox 2003 3763 3498 3837">
     <span class='ocr_line' id='line_1_81' title="bbox 2003 3763 3498 3837; baseline -0.012 -12"><span class='ocrx_word' id='word_1_546' title='bbox 2003 3770 2267 3837; x_wconf 86' lang='lat' dir='ltr'><strong>Quoniam</strong></span> <span class='ocrx_word' id='word_1_547' title='bbox 2334 3780 2417 3833; x_wconf 86' lang='lat' dir='ltr'><strong>tu,</strong></span> <span class='ocrx_word' id='word_1_548' title='bbox 2474 3767 2677 3837; x_wconf 88' lang='lat' dir='ltr'><strong>inquit,</strong></span> <span class='ocrx_word' id='word_1_549' title='bbox 2736 3766 2812 3819; x_wconf 88' lang='lat' dir='ltr'><strong>ita</strong></span> <span class='ocrx_word' id='word_1_550' title='bbox 2874 3763 3143 3828; x_wconf 70' lang='lat' dir='ltr'><strong>credens,’</strong></span> <span class='ocrx_word' id='word_1_551' title='bbox 3170 3768 3498 3830; x_wconf 78' lang='lat' dir='ltr'><strong>cognoscere</strong></span> 
     </span>
    </p>
   </div>
   <div class='ocr_carea' id='block_1_82' title="bbox 1934 3855 3499 3932">
    <p class='ocr_par' dir='ltr' id='par_1_82' title="bbox 1934 3855 3499 3932">
     <span class='ocr_line' id='line_1_82' title="bbox 1934 3855 3499 3932; baseline -0.013 -12"><span class='ocrx_word' id='word_1_552' title='bbox 1934 3866 2049 3920; x_wconf 74' lang='lat' dir='ltr'><strong>haec</strong></span> <span class='ocrx_word' id='word_1_553' title='bbox 2079 3863 2298 3932; x_wconf 87' lang='lat' dir='ltr'><strong>optasti,</strong></span> <span class='ocrx_word' id='word_1_554' title='bbox 2338 3876 2536 3930; x_wconf 90' lang='lat' dir='ltr'><strong>nempe</strong></span> <span class='ocrx_word' id='word_1_555' title='bbox 2561 3860 2739 3914; x_wconf 89' lang='lat' dir='ltr'><strong>locum</strong></span> <span class='ocrx_word' id='word_1_556' title='bbox 2765 3872 2871 3929; x_wconf 93' lang='lat' dir='ltr'><strong>quo</strong></span> <span class='ocrx_word' id='word_1_557' title='bbox 2906 3858 2972 3911; x_wconf 88' lang='lat' dir='ltr'><strong>ad</strong></span> <span class='ocrx_word' id='word_1_558' title='bbox 3015 3855 3263 3909; x_wconf 88' lang='lat' dir='ltr'><strong>homines</strong></span> <span class='ocrx_word' id='word_1_559' title='bbox 3307 3858 3499 3904; x_wconf 87' lang='lat' dir='ltr'><strong>ventu-</strong></span> 
     </span>
    </p>
   </div>
   <div class='ocr_carea' id='block_1_83' title="bbox 1938 3949 3500 4021">
    <p class='ocr_par' dir='ltr' id='par_1_83' title="bbox 1938 3949 3500 4021">
     <span class='ocr_line' id='line_1_83' title="bbox 1938 3949 3500 4021; baseline -0.012 -9"><span class='ocrx_word' id='word_1_560' title='bbox 1938 3973 2030 4012; x_wconf 88' lang='lat' dir='ltr'><strong>rus</strong></span> <span class='ocrx_word' id='word_1_561' title='bbox 2086 3967 2168 4012; x_wconf 89' lang='lat' dir='ltr'><strong>est</strong></span> <span class='ocrx_word' id='word_1_562' title='bbox 2209 3955 2479 4021; x_wconf 85' lang='lat' dir='ltr'><strong>Salvator,</strong></span> <span class='ocrx_word' id='word_1_563' title='bbox 2539 3953 2724 4021; x_wconf 85' lang='lat' dir='ltr'><strong>accipe</strong></span> <span class='ocrx_word' id='word_1_564' title='bbox 2762 3952 2912 4006; x_wconf 76' lang='lat' dir='ltr'><strong>hanc</strong></span> <span class='ocrx_word' id='word_1_565' title='bbox 2963 3949 3237 4009; x_wconf 86' lang='lat' dir='ltr'><strong>notitiam,</strong></span> <span class='ocrx_word' id='word_1_566' title='bbox 3286 3953 3342 3997; x_wconf 90' lang='lat' dir='ltr'><strong>et</strong></span> <span class='ocrx_word' id='word_1_567' title='bbox 3382 3950 3500 3995; x_wconf 90' lang='lat' dir='ltr'><strong>esto</strong></span> 
     </span>
    </p>
   </div>
   <div class='ocr_carea' id='block_1_84' title="bbox 1935 4032 3497 4114">
    <p class='ocr_par' dir='ltr' id='par_1_84' title="bbox 1935 4032 3497 4114">
     <span class='ocr_line' id='line_1_84' title="bbox 1935 4032 3497 4114; baseline -0.013 -11"><span class='ocrx_word' id='word_1_568' title='bbox 1935 4049 2187 4104; x_wconf 86' lang='lat' dir='ltr'><strong>salutaris</strong></span> <span class='ocrx_word' id='word_1_569' title='bbox 2238 4045 2353 4114; x_wconf 85' lang='lat' dir='ltr'><strong>ejus</strong></span> <span class='ocrx_word' id='word_1_570' title='bbox 2397 4044 2699 4099; x_wconf 83' lang='lat' dir='ltr'><strong>nativitatis</strong></span> <span class='ocrx_word' id='word_1_571' title='bbox 2749 4041 3019 4096; x_wconf 89' lang='lat' dir='ltr'><strong>minister.</strong></span> <span class='ocrx_word' id='word_1_572' title='bbox 3078 4037 3311 4094; x_wconf 88' lang='lat' dir='ltr'><strong>Fructus</strong></span> <span class='ocrx_word' id='word_1_573' title='bbox 3355 4032 3497 4086; x_wconf 88' lang='lat' dir='ltr'><strong>enim</strong></span> 
     </span>
    </p>
   </div>
   <div class='ocr_carea' id='block_1_85' title="bbox 1941 4122 3502 4207">
    <p class='ocr_par' dir='ltr' id='par_1_85' title="bbox 1941 4122 3502 4207">
     <span class='ocr_line' id='line_1_85' title="bbox 1941 4122 3502 4207; baseline -0.014 -12"><span class='ocrx_word' id='word_1_574' title='bbox 1941 4152 2063 4195; x_wconf 90' lang='lat' dir='ltr'><strong>tuus</strong></span> <span class='ocrx_word' id='word_1_575' title='bbox 2090 4141 2193 4194; x_wconf 89' lang='lat' dir='ltr'><strong>erit</strong></span> <span class='ocrx_word' id='word_1_576' title='bbox 2215 4138 2307 4207; x_wconf 91' lang='lat' dir='ltr'><strong>qui</strong></span> <span class='ocrx_word' id='word_1_577' title='bbox 2340 4137 2556 4191; x_wconf 78' lang='lat' dir='ltr'><strong>futurus</strong></span> <span class='ocrx_word' id='word_1_578' title='bbox 2581 4145 2689 4202; x_wconf 88' lang='lat' dir='ltr'><strong>est,</strong></span> <span class='ocrx_word' id='word_1_579' title='bbox 2709 4148 2773 4189; x_wconf 86' lang='lat' dir='ltr'><strong>ex</strong></span> <span class='ocrx_word' id='word_1_580' title='bbox 2806 4142 2895 4187; x_wconf 88' lang='lat' dir='ltr'><strong>tua</strong></span> <span class='ocrx_word' id='word_1_581' title='bbox 2922 4130 3179 4201; x_wconf 78' lang='lat' dir='ltr'><strong>progenie</strong></span> <span class='ocrx_word' id='word_1_582' title='bbox 3209 4141 3274 4179; x_wconf 84' lang='lat' dir='ltr'><strong>ae</strong></span> <span class='ocrx_word' id='word_1_583' title='bbox 3296 4122 3502 4177; x_wconf 89' lang='lat' dir='ltr'><strong>semine</strong></span> 
     </span>
    </p>
   </div>
   <div class='ocr_carea' id='block_1_86' title="bbox 1937 4223 3505 4302">
    <p class='ocr_par' dir='ltr' id='par_1_86' title="bbox 1937 4223 3505 4302">
     <span class='ocr_line' id='line_1_86' title="bbox 1937 4223 3505 4302; baseline -0.013 -17"><span class='ocrx_word' id='word_1_584' title='bbox 1937 4241 2340 4302; x_wconf 85' lang='lat' dir='ltr'><strong>proventurus:</strong></span> <span class='ocrx_word' id='word_1_585' title='bbox 2378 4228 2612 4297; x_wconf 88' lang='lat' dir='ltr'><strong>ideoque</strong></span> <span class='ocrx_word' id='word_1_586' title='bbox 2644 4236 2701 4297; x_wconf 81' lang='lat' dir='ltr'><strong>et</strong></span> <span class='ocrx_word' id='word_1_587' title='bbox 2738 4224 2839 4296; x_wconf 88' lang='lat' dir='ltr'><strong>ipsi</strong></span> <span class='ocrx_word' id='word_1_588' title='bbox 2881 4223 3100 4277; x_wconf 82' lang='lat' dir='ltr'><strong>dabitur</strong></span> <span class='ocrx_word' id='word_1_589' title='bbox 3128 4223 3355 4273; x_wconf 89' lang='lat' dir='ltr'><strong>thronus</strong></span> <span class='ocrx_word' id='word_1_590' title='bbox 3387 4230 3505 4283; x_wconf 88' lang='lat' dir='ltr'><strong>pro-</strong></span> 
     </span>
    </p>
   </div>
   <div class='ocr_carea' id='block_1_87' title="bbox 1937 4311 3500 4392">
    <p class='ocr_par' dir='ltr' id='par_1_87' title="bbox 1937 4311 3500 4392">
     <span class='ocr_line' id='line_1_87' title="bbox 1937 4311 3500 4392; baseline -0.013 -13"><span class='ocrx_word' id='word_1_591' title='bbox 1937 4326 2156 4391; x_wconf 79' lang='lat' dir='ltr'><strong>missus,</strong></span> <span class='ocrx_word' id='word_1_592' title='bbox 2199 4323 2326 4392; x_wconf 84' lang='lat' dir='ltr'><strong>quia</strong></span> <span class='ocrx_word' id='word_1_593' title='bbox 2379 4336 2537 4377; x_wconf 91' lang='lat' dir='ltr'><strong>nemo</strong></span> <span class='ocrx_word' id='word_1_594' title='bbox 2580 4330 2663 4375; x_wconf 91' lang='lat' dir='ltr'><strong>est</strong></span> <span class='ocrx_word' id='word_1_595' title='bbox 2704 4319 2863 4384; x_wconf 86' lang='lat' dir='ltr'><strong>alius,</strong></span> <span class='ocrx_word' id='word_1_596' title='bbox 2908 4325 3103 4387; x_wconf 74' lang='lat' dir='ltr'><strong>praeter</strong></span> <span class='ocrx_word' id='word_1_597' title='bbox 3154 4311 3303 4365; x_wconf 88' lang='lat' dir='ltr'><strong>illum</strong></span> <span class='ocrx_word' id='word_1_598' title='bbox 3347 4325 3414 4363; x_wconf 75' lang='lat' dir='ltr'><strong>ex</strong></span> <span class='ocrx_word' id='word_1_599' title='bbox 3447 4316 3500 4361; x_wconf 89' lang='lat' dir='ltr'><strong>te</strong></span> 
     </span>
    </p>
   </div>
   <div class='ocr_carea' id='block_1_88' title="bbox 1940 4408 3501 4485">
    <p class='ocr_par' dir='ltr' id='par_1_88' title="bbox 1940 4408 3501 4485">
     <span class='ocr_line' id='line_1_88' title="bbox 1940 4408 3501 4485; baseline -0.012 -13"><span class='ocrx_word' id='word_1_600' title='bbox 1940 4419 2235 4483; x_wconf 82' lang='lat' dir='ltr'><strong>oriturum,</strong></span> <span class='ocrx_word' id='word_1_601' title='bbox 2263 4417 2357 4485; x_wconf 91' lang='lat' dir='ltr'><strong>qui</strong></span> <span class='ocrx_word' id='word_1_602' title='bbox 2388 4416 2444 4469; x_wconf 89' lang='lat' dir='ltr'><strong>in</strong></span> <span class='ocrx_word' id='word_1_603' title='bbox 2478 4413 2750 4482; x_wconf 90' lang='lat' dir='ltr'><strong>promisso</strong></span> <span class='ocrx_word' id='word_1_604' title='bbox 2775 4410 2971 4465; x_wconf 89' lang='lat' dir='ltr'><strong>throno</strong></span> <span class='ocrx_word' id='word_1_605' title='bbox 2994 4408 3183 4462; x_wconf 89' lang='lat' dir='ltr'><strong>sedere</strong></span> <span class='ocrx_word' id='word_1_606' title='bbox 3206 4411 3501 4454; x_wconf 76' lang='lat' dir='ltr'><strong>merentur.</strong></span> 
     </span>
    </p>
   </div>
   <div class='ocr_carea' id='block_1_89' title="bbox 253 4487 1829 4585">
    <p class='ocr_par' dir='ltr' id='par_1_89' title="bbox 253 4487 1829 4585">
     <span class='ocr_line' id='line_1_89' title="bbox 253 4487 1829 4585; baseline -0.013 -14"><span class='ocrx_word' id='word_1_607' title='bbox 253 4487 630 4585; x_wconf 68' lang='grc' dir='ltr'>ελευσόμενον,</span> <span class='ocrx_word' id='word_1_608' title='bbox 662 4487 809 4578; x_wconf 68' lang='grc' dir='ltr'>ἀξιον</span> <span class='ocrx_word' id='word_1_609' title='bbox 850 4507 983 4562; x_wconf 78' lang='grc' dir='ltr'>εἶναι</span> <span class='ocrx_word' id='word_1_610' title='bbox 1026 4506 1118 4560; x_wconf 82' lang='grc' dir='ltr'><strong>τοῦ</strong></span> <span class='ocrx_word' id='word_1_611' title='bbox 1146 4505 1228 4559; x_wconf 72' lang='grc' dir='ltr'><strong>σοὶ</strong></span> <span class='ocrx_word' id='word_1_612' title='bbox 1261 4501 1671 4575; x_wconf 74' lang='grc' dir='ltr'>ἐπηγγελμένου</span> <span class='ocrx_word' id='word_1_613' title='bbox 1707 4498 1829 4570; x_wconf 87' lang='grc' dir='ltr'>θρό-</span> 
     </span>
    </p>
   </div>
   <div class='ocr_carea' id='block_1_90' title="bbox 1937 4487 3503 4585">
    <p class='ocr_par' dir='ltr' id='par_1_90' title="bbox 1938 4487 3503 4576">
     <span class='ocr_line' id='line_1_90' title="bbox 1938 4487 3503 4576; baseline -0.015 -14"><span class='ocrx_word' id='word_1_614' title='bbox 1938 4509 2114 4576; x_wconf 85' lang='lat' dir='ltr'><strong>Quare</strong></span> <span class='ocrx_word' id='word_1_615' title='bbox 2149 4516 2204 4561; x_wconf 92' lang='lat' dir='ltr'><strong>et</strong></span> <span class='ocrx_word' id='word_1_616' title='bbox 2254 4504 2473 4560; x_wconf 87' lang='lat' dir='ltr'><strong>Gabriel</strong></span> <span class='ocrx_word' id='word_1_617' title='bbox 2505 4503 2684 4558; x_wconf 69' lang='lat' dir='ltr'><strong>Mariae</strong></span> <span class='ocrx_word' id='word_1_618' title='bbox 2724 4501 2899 4555; x_wconf 88' lang='lat' dir='ltr'><strong>dixit:</strong></span> <span class='ocrx_word' id='word_1_619' title='bbox 2941 4497 3008 4550; x_wconf 83' lang='lat' dir='ltr'><strong>Et</strong></span> <span class='ocrx_word' id='word_1_620' title='bbox 3054 4492 3196 4547; x_wconf 86' lang='lat' dir='ltr'><strong>dabit</strong></span> <span class='ocrx_word' id='word_1_621' title='bbox 3239 4489 3318 4543; x_wconf 82' lang='lat' dir='ltr'><strong>illi</strong></span> <span class='ocrx_word' id='word_1_622' title='bbox 3366 4487 3503 4540; x_wconf 85' lang='lat' dir='ltr'><strong>Deus</strong></span> 
     </span>
    </p>
   </div>
   <div class='ocr_carea' id='block_1_91' title="bbox 256 4593 1832 4674">
    <p class='ocr_par' dir='ltr' id='par_1_91' title="bbox 256 4593 1832 4674">
     <span class='ocr_line' id='line_1_91' title="bbox 256 4593 1832 4674; baseline -0.018 -14"><span class='ocrx_word' id='word_1_623' title='bbox 256 4628 369 4663; x_wconf 82' lang='grc' dir='ltr'>νου.</span> <span class='ocrx_word' id='word_1_624' title='bbox 403 4603 700 4674; x_wconf 82' lang='grc' dir='ltr'>Τοιγαροῦν</span> <span class='ocrx_word' id='word_1_625' title='bbox 731 4604 823 4656; x_wconf 77' lang='grc' dir='ltr'><strong>καὶ</strong></span> <span class='ocrx_word' id='word_1_626' title='bbox 850 4604 877 4654; x_wconf 87' lang='grc' dir='ltr'>ὁ</span> <span class='ocrx_word' id='word_1_627' title='bbox 907 4598 1146 4670; x_wconf 81' lang='grc' dir='ltr'>Γαϐριὴλ</span> <span class='ocrx_word' id='word_1_628' title='bbox 1181 4596 1314 4667; x_wconf 80' lang='grc' dir='ltr'>πρὸς</span> <span class='ocrx_word' id='word_1_629' title='bbox 1338 4596 1436 4665; x_wconf 81' lang='grc' dir='ltr'><strong>τὴν</strong></span> <span class='ocrx_word' id='word_1_630' title='bbox 1470 4593 1701 4663; x_wconf 85' lang='grc' dir='ltr'>Μαριάμ</span> <span class='ocrx_word' id='word_1_631' title='bbox 1730 4608 1832 4661; x_wconf 77' lang='grc' dir='ltr'>φη-</span> 
     </span>
    </p>
   </div>
   <div class='ocr_carea' id='block_1_92' title="bbox 257 4682 1831 4758">
    <p class='ocr_par' dir='ltr' id='par_1_92' title="bbox 257 4682 1831 4758">
     <span class='ocr_line' id='line_1_92' title="bbox 257 4682 1831 4758; baseline -0.013 -3"><span class='ocrx_word' id='word_1_632' title='bbox 257 4720 308 4755; x_wconf 86' lang='grc' dir='ltr'><strong>σι</strong></span> <span class='ocrx_word' id='word_1_633' title='bbox 328 4720 343 4731; x_wconf 86' lang='grc'>·</span> <span class='ocrx_word' id='word_1_634' title='bbox 374 4700 483 4754; x_wconf 76' lang='grc' dir='ltr'><strong>Καὶ</strong></span> <span class='ocrx_word' id='word_1_635' title='bbox 518 4697 696 4749; x_wconf 84' lang='grc' dir='ltr'>δώσει</span> <span class='ocrx_word' id='word_1_636' title='bbox 718 4691 876 4758; x_wconf 85' lang='grc' dir='ltr'><strong>αὐτῷ</strong></span> <span class='ocrx_word' id='word_1_637' title='bbox 901 4696 932 4745; x_wconf 83' lang='grc' dir='ltr'><strong>ό</strong></span> <span class='ocrx_word' id='word_1_638' title='bbox 969 4690 1112 4755; x_wconf 80' lang='grc' dir='ltr'>Θεὸς</span> <span class='ocrx_word' id='word_1_639' title='bbox 1146 4688 1253 4741; x_wconf 77' lang='grc' dir='ltr'>τὸν</span> <span class='ocrx_word' id='word_1_640' title='bbox 1284 4686 1498 4754; x_wconf 78' lang='grc' dir='ltr'>θρόνον</span> <span class='ocrx_word' id='word_1_641' title='bbox 1517 4682 1696 4737; x_wconf 83' lang='grc' dir='ltr'>Δαυῒδ</span> <span class='ocrx_word' id='word_1_642' title='bbox 1726 4682 1831 4735; x_wconf 81' lang='grc' dir='ltr'><strong>τοῦ</strong></span> 
     </span>
    </p>
   </div>
   <div class='ocr_carea' id='block_1_93' title="bbox 256 4772 1833 4862">
    <p class='ocr_par' dir='ltr' id='par_1_93' title="bbox 256 4772 1833 4862">
     <span class='ocr_line' id='line_1_93' title="bbox 256 4772 1833 4862; baseline -0.014 -14"><span class='ocrx_word' id='word_1_643' title='bbox 256 4794 481 4862; x_wconf 67' lang='grc' dir='ltr'>πατρὸς</span> <span class='ocrx_word' id='word_1_644' title='bbox 499 4789 705 4851; x_wconf 82' lang='grc' dir='ltr'>αὑτοῦ,</span> <span class='ocrx_word' id='word_1_645' title='bbox 737 4787 833 4841; x_wconf 78' lang='grc' dir='ltr'>καὶ</span> <span class='ocrx_word' id='word_1_646' title='bbox 879 4784 1239 4850; x_wconf 78' lang='grc' dir='ltr'>βασιλεύσει</span> <span class='ocrx_word' id='word_1_647' title='bbox 1272 4780 1371 4833; x_wconf 80' lang='grc' dir='ltr'><strong>ἐπὶ</strong></span> <span class='ocrx_word' id='word_1_648' title='bbox 1395 4778 1499 4831; x_wconf 82' lang='grc' dir='ltr'>τὸν</span> <span class='ocrx_word' id='word_1_649' title='bbox 1528 4772 1697 4830; x_wconf 78' lang='grc' dir='ltr'>οἷκον</span> <span class='ocrx_word' id='word_1_650' title='bbox 1734 4776 1833 4827; x_wconf 79' lang='grc' dir='ltr'>ἰα-</span> 
     </span>
    </p>
   </div>
   <div class='ocr_carea' id='block_1_94' title="bbox 258 4879 866 4948">
    <p class='ocr_par' dir='ltr' id='par_1_94' title="bbox 258 4879 866 4948">
     <span class='ocr_line' id='line_1_94' title="bbox 258 4879 866 4948; baseline -0.015 -10"><span class='ocrx_word' id='word_1_651' title='bbox 258 4885 380 4937; x_wconf 76' lang='grc' dir='ltr'>κὼό</span> <span class='ocrx_word' id='word_1_652' title='bbox 404 4885 494 4948; x_wconf 79' lang='grc' dir='ltr'><strong>είς</strong></span> <span class='ocrx_word' id='word_1_653' title='bbox 526 4880 629 4934; x_wconf 80' lang='grc' dir='ltr'>τὸν</span> <span class='ocrx_word' id='word_1_654' title='bbox 660 4879 866 4932; x_wconf 81' lang='grc' dir='ltr'>αἰῶνα.</span> 
     </span>
    </p>
   </div>
   <div class='ocr_carea' id='block_1_95' title="bbox 270 4959 1829 5044">
    <p class='ocr_par' dir='ltr' id='par_1_95' title="bbox 270 4959 1829 5044">
     <span class='ocr_line' id='line_1_95' title="bbox 270 4959 1829 5044; baseline -0.013 -16"><span class='ocrx_word' id='word_1_655' title='bbox 270 4978 403 5031; x_wconf 81' lang='grc' dir='ltr'><strong>Ἐὰν</strong></span> <span class='ocrx_word' id='word_1_656' title='bbox 431 4972 813 5044; x_wconf 68' lang='grc' dir='ltr'>φυλάξωνται</span> <span class='ocrx_word' id='word_1_657' title='bbox 846 4972 899 5023; x_wconf 82' lang='grc' dir='ltr'>οὶ</span> <span class='ocrx_word' id='word_1_658' title='bbox 942 4968 1064 5023; x_wconf 85' lang='grc' dir='ltr'>υἱοί</span> <span class='ocrx_word' id='word_1_659' title='bbox 1092 4982 1207 5020; x_wconf 87' lang='grc' dir='ltr'>σου</span> <span class='ocrx_word' id='word_1_660' title='bbox 1228 4963 1340 5030; x_wconf 82' lang='grc' dir='ltr'><strong>τὴν</strong></span> <span class='ocrx_word' id='word_1_661' title='bbox 1369 4959 1661 5026; x_wconf 79' lang='grc' dir='ltr'>διαθήκην</span> <span class='ocrx_word' id='word_1_662' title='bbox 1691 4974 1829 5025; x_wconf 84' lang='grc' dir='ltr'>μου.</span> 
     </span>
    </p>
   </div>
   <div class='ocr_carea' id='block_1_96' title="bbox 324 5046 1834 5135">
    <p class='ocr_par' dir='ltr' id='par_1_96' title="bbox 324 5046 1834 5135">
     <span class='ocr_line' id='line_1_96' title="bbox 324 5046 1834 5135; baseline -0.015 -14"><span class='ocrx_word' id='word_1_663' title='bbox 324 5065 771 5135; x_wconf 77' lang='grc' dir='ltr'>Καθεσθήσονται</span> <span class='ocrx_word' id='word_1_664' title='bbox 804 5062 890 5114; x_wconf 76' lang='grc' dir='ltr'>ἐπ’</span> <span class='ocrx_word' id='word_1_665' title='bbox 924 5060 1085 5113; x_wconf 80' lang='grc' dir='ltr'>αὐτὸν</span> <span class='ocrx_word' id='word_1_666' title='bbox 1122 5054 1321 5128; x_wconf 82' lang='grc' dir='ltr'>δηλαδὴ</span> <span class='ocrx_word' id='word_1_667' title='bbox 1358 5054 1446 5106; x_wconf 82' lang='grc' dir='ltr'><strong>τὸν</strong></span> <span class='ocrx_word' id='word_1_668' title='bbox 1478 5050 1570 5105; x_wconf 80' lang='grc' dir='ltr'><strong>τοῦ</strong></span> <span class='ocrx_word' id='word_1_669' title='bbox 1602 5046 1834 5121; x_wconf 84' lang='grc' dir='ltr'>Χριστοῦ</span> 
     </span>
    </p>
   </div>
   <div class='ocr_carea' id='block_1_97' title="bbox 259 5141 1837 5232">
    <p class='ocr_par' dir='ltr' id='par_1_97' title="bbox 259 5141 1837 5232">
     <span class='ocr_line' id='line_1_97' title="bbox 259 5141 1837 5232; baseline -0.016 -17"><span class='ocrx_word' id='word_1_670' title='bbox 259 5161 447 5232; x_wconf 86' lang='grc' dir='ltr'>θρόνον</span> <span class='ocrx_word' id='word_1_671' title='bbox 482 5160 531 5212; x_wconf 79' lang='grc' dir='ltr'><strong>οἱ</strong></span> <span class='ocrx_word' id='word_1_672' title='bbox 567 5154 732 5211; x_wconf 82' lang='grc' dir='ltr'>αὑτοῦ</span> <span class='ocrx_word' id='word_1_673' title='bbox 782 5154 1020 5225; x_wconf 71' lang='grc' dir='ltr'>μαθηταὶ</span> <span class='ocrx_word' id='word_1_674' title='bbox 1053 5151 1144 5204; x_wconf 78' lang='grc' dir='ltr'><strong>καὶ</strong></span> <span class='ocrx_word' id='word_1_675' title='bbox 1174 5148 1438 5216; x_wconf 83' lang='grc' dir='ltr'>διάδοχοι·</span> <span class='ocrx_word' id='word_1_676' title='bbox 1488 5143 1627 5213; x_wconf 85' lang='grc' dir='ltr'>πλὴν</span> <span class='ocrx_word' id='word_1_677' title='bbox 1666 5141 1837 5203; x_wconf 72' lang='grc' dir='ltr'>οὐδεὶς</span> 
     </span>
    </p>
   </div>
   <div class='ocr_carea' id='block_1_98' title="bbox 262 5233 1837 5325">
    <p class='ocr_par' dir='ltr' id='par_1_98' title="bbox 262 5233 1837 5325">
     <span class='ocr_line' id='line_1_98' title="bbox 262 5233 1837 5325; baseline -0.018 -16"><span class='ocrx_word' id='word_1_678' title='bbox 262 5254 458 5325; x_wconf 80' lang='grc' dir='ltr'>φθόνος</span> <span class='ocrx_word' id='word_1_679' title='bbox 484 5253 578 5307; x_wconf 74' lang='grc' dir='ltr'>καὶ</span> <span class='ocrx_word' id='word_1_680' title='bbox 609 5251 719 5311; x_wconf 86' lang='grc' dir='ltr'>τοῖς</span> <span class='ocrx_word' id='word_1_681' title='bbox 750 5249 861 5309; x_wconf 88' lang='grc' dir='ltr'>σοῖς</span> <span class='ocrx_word' id='word_1_682' title='bbox 888 5247 1043 5307; x_wconf 81' lang='grc' dir='ltr'>υἱοῖς.</span> <span class='ocrx_word' id='word_1_683' title='bbox 1073 5237 1117 5295; x_wconf 80' lang='grc' dir='ltr'><strong>ὦ</strong></span> <span class='ocrx_word' id='word_1_684' title='bbox 1150 5238 1330 5303; x_wconf 80' lang='grc' dir='ltr'>Δαυῖδ,</span> <span class='ocrx_word' id='word_1_685' title='bbox 1364 5235 1610 5289; x_wconf 77' lang='grc' dir='ltr'>τουτέστι</span> <span class='ocrx_word' id='word_1_686' title='bbox 1636 5235 1745 5295; x_wconf 89' lang='grc' dir='ltr'>τοῖς</span> <span class='ocrx_word' id='word_1_687' title='bbox 1774 5233 1837 5283; x_wconf 80' lang='grc' dir='ltr'>ὲκ</span> 
     </span>
    </p>
   </div>
   <div class='ocr_carea' id='block_1_99' title="bbox 263 5324 1838 5417">
    <p class='ocr_par' dir='ltr' id='par_1_99' title="bbox 263 5324 1838 5417">
     <span class='ocr_line' id='line_1_99' title="bbox 263 5324 1838 5417; baseline -0.017 -17"><span class='ocrx_word' id='word_1_688' title='bbox 263 5324 586 5417; x_wconf 78' lang='grc' dir='ltr'>περιτομῆς,</span> <span class='ocrx_word' id='word_1_689' title='bbox 617 5340 709 5394; x_wconf 71' lang='grc' dir='ltr'><strong>καὶ</strong></span> <span class='ocrx_word' id='word_1_690' title='bbox 747 5341 796 5392; x_wconf 80' lang='grc' dir='ltr'>εἰ</span> <span class='ocrx_word' id='word_1_691' title='bbox 828 5333 1211 5407; x_wconf 79' lang='grc' dir='ltr'>παραδέξοιντο</span> <span class='ocrx_word' id='word_1_692' title='bbox 1251 5330 1342 5382; x_wconf 79' lang='grc' dir='ltr'><strong>τὸν</strong></span> <span class='ocrx_word' id='word_1_693' title='bbox 1379 5326 1632 5399; x_wconf 76' lang='grc' dir='ltr'>Χριστδν,</span> <span class='ocrx_word' id='word_1_694' title='bbox 1668 5324 1762 5377; x_wconf 76' lang='grc' dir='ltr'><strong>καὶ</strong></span> <span class='ocrx_word' id='word_1_695' title='bbox 1789 5324 1838 5376; x_wconf 83' lang='grc' dir='ltr'><strong>εί</strong></span> 
     </span>
    </p>
   </div>
   <div class='ocr_carea' id='block_1_100' title="bbox 264 5416 1834 5508">
    <p class='ocr_par' dir='ltr' id='par_1_100' title="bbox 264 5416 1834 5508">
     <span class='ocr_line' id='line_1_100' title="bbox 264 5416 1834 5508; baseline -0.017 -15"><span class='ocrx_word' id='word_1_696' title='bbox 264 5416 580 5508; x_wconf 76' lang='grc' dir='ltr'>φυλάξοιντο</span> <span class='ocrx_word' id='word_1_697' title='bbox 610 5434 709 5504; x_wconf 80' lang='grc' dir='ltr'><strong>τὴν</strong></span> <span class='ocrx_word' id='word_1_698' title='bbox 758 5430 1018 5500; x_wconf 83' lang='grc' dir='ltr'>διαθήκην</span> <span class='ocrx_word' id='word_1_699' title='bbox 1055 5444 1152 5497; x_wconf 88' lang='grc' dir='ltr'><strong>μου</strong></span> <span class='ocrx_word' id='word_1_700' title='bbox 1181 5423 1275 5477; x_wconf 76' lang='grc' dir='ltr'><strong>καὶ</strong></span> <span class='ocrx_word' id='word_1_701' title='bbox 1310 5420 1376 5474; x_wconf 77' lang='grc' dir='ltr'>τὰ</span> <span class='ocrx_word' id='word_1_702' title='bbox 1405 5416 1680 5490; x_wconf 79' lang='grc' dir='ltr'>μαρτύριά</span> <span class='ocrx_word' id='word_1_703' title='bbox 1710 5433 1834 5508; x_wconf 88' lang='grc' dir='ltr'>μου,</span> 
     </span>
    </p>
   </div>
   <div class='ocr_carea' id='block_1_101' title="bbox 264 5506 1835 5595">
    <p class='ocr_par' dir='ltr' id='par_1_101' title="bbox 264 5506 1835 5595">
     <span class='ocr_line' id='line_1_101' title="bbox 264 5506 1835 5595; baseline -0.016 -10"><span class='ocrx_word' id='word_1_704' title='bbox 264 5506 323 5585; x_wconf 77' lang='grc' dir='ltr'><strong>οὐ</strong></span> <span class='ocrx_word' id='word_1_705' title='bbox 358 5531 429 5583; x_wconf 76' lang='grc' dir='ltr'><strong>τὰ</strong></span> <span class='ocrx_word' id='word_1_706' title='bbox 471 5527 560 5581; x_wconf 82' lang='grc' dir='ltr'>διὰ</span> <span class='ocrx_word' id='word_1_707' title='bbox 601 5526 701 5595; x_wconf 83' lang='grc' dir='ltr'><strong>τῆς</strong></span> <span class='ocrx_word' id='word_1_708' title='bbox 752 5521 974 5595; x_wconf 83' lang='grc' dir='ltr'>πρώτης</span> <span class='ocrx_word' id='word_1_709' title='bbox 1013 5515 1329 5589; x_wconf 88' lang='grc' dir='ltr'>νομοθεσίας</span> <span class='ocrx_word' id='word_1_710' title='bbox 1374 5509 1652 5582; x_wconf 77' lang='grc' dir='ltr'>δεδομένα,</span> <span class='ocrx_word' id='word_1_711' title='bbox 1699 5506 1835 5562; x_wconf 83' lang='grc' dir='ltr'>ἀλλὰ</span> 
     </span>
    </p>
   </div>
   <div class='ocr_carea' id='block_1_102' title="bbox 264 5601 1835 5683">
    <p class='ocr_par' dir='ltr' id='par_1_102' title="bbox 264 5601 1835 5683">
     <span class='ocr_line' id='line_1_102' title="bbox 264 5601 1835 5683; baseline -0.016 -6"><span class='ocrx_word' id='word_1_712' title='bbox 264 5623 435 5677; x_wconf 82' lang='grc' dir='ltr'>ταῦτα</span> <span class='ocrx_word' id='word_1_713' title='bbox 463 5620 499 5674; x_wconf 80' lang='grc' dir='ltr'><strong><em>ἃ,</em></strong></span> <span class='ocrx_word' id='word_1_714' title='bbox 524 5618 719 5683; x_wconf 76' lang='grc' dir='ltr'>διδάξω</span> <span class='ocrx_word' id='word_1_715' title='bbox 739 5615 955 5679; x_wconf 80' lang='grc' dir='ltr'>αὐτοὺς,</span> <span class='ocrx_word' id='word_1_716' title='bbox 989 5611 1245 5683; x_wconf 83' lang='grc' dir='ltr'>μέλλοντα</span> <span class='ocrx_word' id='word_1_717' title='bbox 1272 5608 1452 5668; x_wconf 82' lang='grc' dir='ltr'>αὐτοῖς</span> <span class='ocrx_word' id='word_1_718' title='bbox 1481 5601 1704 5674; x_wconf 77' lang='grc' dir='ltr'>ὕστερον</span> <span class='ocrx_word' id='word_1_719' title='bbox 1735 5617 1835 5654; x_wconf 81' lang='grc' dir='ltr'>πο-</span> 
     </span>
    </p>
   </div>
   <div class='ocr_carea' id='block_1_103' title="bbox 1938 4581 3504 4665">
    <p class='ocr_par' dir='ltr' id='par_1_103' title="bbox 1938 4581 3504 4665">
     <span class='ocr_line' id='line_1_103' title="bbox 1938 4581 3504 4665; baseline -0.014 -11"><span class='ocrx_word' id='word_1_720' title='bbox 1938 4601 2180 4655; x_wconf 82' lang='lat' dir='ltr'><strong>tltronum</strong></span> <span class='ocrx_word' id='word_1_721' title='bbox 2222 4596 2437 4651; x_wconf 80' lang='lat' dir='ltr'><strong>Dauidis</strong></span> <span class='ocrx_word' id='word_1_722' title='bbox 2476 4596 2641 4665; x_wconf 84' lang='lat' dir='ltr'><strong>patris</strong></span> <span class='ocrx_word' id='word_1_723' title='bbox 2673 4595 2810 4661; x_wconf 85' lang='lat' dir='ltr'><strong>ejus,</strong></span> <span class='ocrx_word' id='word_1_724' title='bbox 2836 4589 3171 4661; x_wconf 84' lang='lat' dir='ltr'><strong>regnabitque</strong></span> <span class='ocrx_word' id='word_1_725' title='bbox 3222 4598 3378 4651; x_wconf 87' lang='lat' dir='ltr'><strong>super</strong></span> <span class='ocrx_word' id='word_1_726' title='bbox 3419 4581 3504 4632; x_wconf 82' lang='lat' dir='ltr'><strong>do-</strong></span> 
     </span>
    </p>
   </div>
   <div class='ocr_carea' id='block_1_104' title="bbox 1938 4687 2751 4747">
    <p class='ocr_par' dir='ltr' id='par_1_104' title="bbox 1938 4687 2751 4747">
     <span class='ocr_line' id='line_1_104' title="bbox 1938 4687 2751 4747; baseline -0.01 -1"><span class='ocrx_word' id='word_1_727' title='bbox 1938 4708 2082 4747; x_wconf 85' lang='lat' dir='ltr'><strong>mum</strong></span> <span class='ocrx_word' id='word_1_728' title='bbox 2124 4689 2292 4745; x_wconf 80' lang='lat' dir='ltr'><strong>Jacob</strong></span> <span class='ocrx_word' id='word_1_729' title='bbox 2331 4691 2383 4743; x_wconf 88' lang='lat' dir='ltr'><strong>in</strong></span> <span class='ocrx_word' id='word_1_730' title='bbox 2414 4687 2751 4743; x_wconf 63' lang='lat' dir='ltr'><strong>a’ternum”.</strong></span> 
     </span>
    </p>
   </div>
   <div class='ocr_carea' id='block_1_105' title="bbox 1944 4946 3505 5017">
    <p class='ocr_par' dir='ltr' id='par_1_105' title="bbox 1944 4946 3505 5017">
     <span class='ocr_line' id='line_1_105' title="bbox 1944 4946 3505 5017; baseline -0.009 -12"><span class='ocrx_word' id='word_1_731' title='bbox 1944 4952 2111 5006; x_wconf 65' lang='lat' dir='ltr'><strong>Vens.</strong></span> <span class='ocrx_word' id='word_1_732' title='bbox 2139 4951 2224 5005; x_wconf 74' lang='grc'><strong>12.</strong></span> <span class='ocrx_word' id='word_1_733' title='bbox 2248 4950 2304 5007; x_wconf 84' lang='lat' dir='ltr'><strong>Si</strong></span> <span class='ocrx_word' id='word_1_734' title='bbox 2330 4948 2782 5017; x_wconf 78' lang='lat' dir='ltr'><strong>custodierintﬁlii</strong></span> <span class='ocrx_word' id='word_1_735' title='bbox 2811 4946 2887 5000; x_wconf 83' lang='lat' dir='ltr'><strong>tui</strong></span> <span class='ocrx_word' id='word_1_736' title='bbox 2912 4949 3273 4998; x_wconf 80' lang='lat' dir='ltr'><strong>testamentum</strong></span> <span class='ocrx_word' id='word_1_737' title='bbox 3313 4950 3505 4991; x_wconf 81' lang='lat' dir='ltr'><strong>meum.</strong></span> 
     </span>
    </p>
   </div>
   <div class='ocr_carea' id='block_1_106' title="bbox 2015 5029 3507 5111">
    <p class='ocr_par' dir='ltr' id='par_1_106' title="bbox 2015 5029 3507 5111">
     <span class='ocr_line' id='line_1_106' title="bbox 2015 5029 3507 5111; baseline -0.011 -15"><span class='ocrx_word' id='word_1_738' title='bbox 2015 5041 2291 5097; x_wconf 87' lang='lat' dir='ltr'><strong>Sedebunt</strong></span> <span class='ocrx_word' id='word_1_739' title='bbox 2347 5055 2511 5111; x_wconf 89' lang='lat' dir='ltr'><strong>super</strong></span> <span class='ocrx_word' id='word_1_740' title='bbox 2571 5041 2689 5109; x_wconf 87' lang='lat' dir='ltr'><strong>ipso</strong></span> <span class='ocrx_word' id='word_1_741' title='bbox 2752 5038 3004 5093; x_wconf 88' lang='lat' dir='ltr'><strong>videlicet</strong></span> <span class='ocrx_word' id='word_1_742' title='bbox 3054 5029 3255 5089; x_wconf 87' lang='lat' dir='ltr'><strong>Christi</strong></span> <span class='ocrx_word' id='word_1_743' title='bbox 3313 5031 3507 5079; x_wconf 85' lang='lat' dir='ltr'><strong>throno</strong></span> 
     </span>
    </p>
   </div>
   <div class='ocr_carea' id='block_1_107' title="bbox 1904 5114 3506 5202">
    <p class='ocr_par' dir='ltr' id='par_1_107' title="bbox 1904 5114 3506 5202">
     <span class='ocr_line' id='line_1_107' title="bbox 1904 5114 3506 5202; baseline -0.011 -17"><span class='ocrx_word' id='word_1_744' title='bbox 1904 5152 1909 5155; x_wconf 57' lang='grc' dir='ltr'><strong>ι</strong></span> <span class='ocrx_word' id='word_1_745' title='bbox 1945 5132 2195 5202; x_wconf 89' lang='lat' dir='ltr'><strong>discipuli</strong></span> <span class='ocrx_word' id='word_1_746' title='bbox 2243 5132 2360 5201; x_wconf 83' lang='lat' dir='ltr'><strong>ejus</strong></span> <span class='ocrx_word' id='word_1_747' title='bbox 2387 5147 2451 5186; x_wconf 88' lang='lat' dir='ltr'><strong>ac</strong></span> <span class='ocrx_word' id='word_1_748' title='bbox 2483 5144 2851 5186; x_wconf 89' lang='lat' dir='ltr'><strong>successores.</strong></span> <span class='ocrx_word' id='word_1_749' title='bbox 2891 5125 3275 5179; x_wconf 82' lang='lat' dir='ltr'><strong>Verumtamen</strong></span> <span class='ocrx_word' id='word_1_750' title='bbox 3325 5132 3392 5170; x_wconf 90' lang='lat' dir='ltr'><strong>ne</strong></span> <span class='ocrx_word' id='word_1_751' title='bbox 3432 5114 3506 5168; x_wconf 93' lang='lat' dir='ltr'><strong>tui</strong></span> 
     </span>
    </p>
   </div>
   <div class='ocr_carea' id='block_1_108' title="bbox 1946 5207 3509 5293">
    <p class='ocr_par' dir='ltr' id='par_1_108' title="bbox 1946 5207 3509 5293">
     <span class='ocr_line' id='line_1_108' title="bbox 1946 5207 3509 5293; baseline -0.012 -15"><span class='ocrx_word' id='word_1_752' title='bbox 1946 5223 2163 5293; x_wconf 90' lang='lat' dir='ltr'><strong>quidem</strong></span> <span class='ocrx_word' id='word_1_753' title='bbox 2202 5223 2319 5291; x_wconf 83' lang='lat' dir='ltr'><strong>lilii,</strong></span> <span class='ocrx_word' id='word_1_754' title='bbox 2345 5239 2377 5279; x_wconf 92' lang='grc' dir='ltr'><strong>ο</strong></span> <span class='ocrx_word' id='word_1_755' title='bbox 2416 5223 2607 5288; x_wconf 86' lang='lat' dir='ltr'><strong>David,</strong></span> <span class='ocrx_word' id='word_1_756' title='bbox 2640 5221 2748 5275; x_wconf 89' lang='lat' dir='ltr'><strong>ulla</strong></span> <span class='ocrx_word' id='word_1_757' title='bbox 2802 5234 2859 5273; x_wconf 89' lang='lat' dir='ltr'><strong>re</strong></span> <span class='ocrx_word' id='word_1_758' title='bbox 2903 5214 3314 5272; x_wconf 87' lang='lat' dir='ltr'><strong>fraudahuntur,</strong></span> <span class='ocrx_word' id='word_1_759' title='bbox 3348 5207 3398 5261; x_wconf 84' lang='lat' dir='ltr'><strong>id</strong></span> <span class='ocrx_word' id='word_1_760' title='bbox 3426 5214 3509 5261; x_wconf 89' lang='lat' dir='ltr'><strong>est</strong></span> 
     </span>
    </p>
   </div>
   <div class='ocr_carea' id='block_1_109' title="bbox 1944 5304 3510 5380">
    <p class='ocr_par' dir='ltr' id='par_1_109' title="bbox 1944 5304 3510 5380">
     <span class='ocr_line' id='line_1_109' title="bbox 1944 5304 3510 5380; baseline -0.011 -10"><span class='ocrx_word' id='word_1_761' title='bbox 1944 5316 2386 5371; x_wconf 90' lang='lat' dir='ltr'><strong>circumeisionis</strong></span> <span class='ocrx_word' id='word_1_762' title='bbox 2419 5314 2659 5380; x_wconf 69' lang='lat' dir='ltr'><strong>asseclaa,</strong></span> <span class='ocrx_word' id='word_1_763' title='bbox 2697 5313 2741 5368; x_wconf 90' lang='lat' dir='ltr'><strong>si</strong></span> <span class='ocrx_word' id='word_1_764' title='bbox 2773 5312 2929 5365; x_wconf 88' lang='lat' dir='ltr'><strong>modo</strong></span> <span class='ocrx_word' id='word_1_765' title='bbox 2968 5304 3243 5361; x_wconf 88' lang='lat' dir='ltr'><strong>Christum</strong></span> <span class='ocrx_word' id='word_1_766' title='bbox 3291 5314 3510 5369; x_wconf 82' lang='lat' dir='ltr'><strong>recepe-</strong></span> 
     </span>
    </p>
   </div>
   <div class='ocr_carea' id='block_1_110' title="bbox 1945 5392 3506 5479">
    <p class='ocr_par' dir='ltr' id='par_1_110' title="bbox 1945 5392 3506 5479">
     <span class='ocr_line' id='line_1_110' title="bbox 1945 5392 3506 5479; baseline -0.013 -17"><span class='ocrx_word' id='word_1_767' title='bbox 1945 5410 2079 5475; x_wconf 89' lang='lat' dir='ltr'><strong>rint,</strong></span> <span class='ocrx_word' id='word_1_768' title='bbox 2121 5418 2177 5463; x_wconf 86' lang='lat' dir='ltr'><strong>et</strong></span> <span class='ocrx_word' id='word_1_769' title='bbox 2202 5418 2416 5479; x_wconf 91' lang='lat' dir='ltr'><strong>pactum</strong></span> <span class='ocrx_word' id='word_1_770' title='bbox 2468 5422 2646 5462; x_wconf 87' lang='lat' dir='ltr'><strong>meum</strong></span> <span class='ocrx_word' id='word_1_771' title='bbox 2691 5421 2757 5460; x_wconf 84' lang='lat' dir='ltr'><strong>ac</strong></span> <span class='ocrx_word' id='word_1_772' title='bbox 2806 5397 3110 5456; x_wconf 86' lang='lat' dir='ltr'><strong>testimonia</strong></span> <span class='ocrx_word' id='word_1_773' title='bbox 3151 5392 3506 5454; x_wconf 86' lang='lat' dir='ltr'><strong>servaverint,</strong></span> 
     </span>
    </p>
   </div>
   <div class='ocr_carea' id='block_1_111' title="bbox 1944 5483 3506 5572">
    <p class='ocr_par' dir='ltr' id='par_1_111' title="bbox 1944 5483 3506 5572">
     <span class='ocr_line' id='line_1_111' title="bbox 1944 5483 3506 5572; baseline -0.015 -15"><span class='ocrx_word' id='word_1_774' title='bbox 1944 5517 2051 5558; x_wconf 92' lang='lat' dir='ltr'><strong>non</strong></span> <span class='ocrx_word' id='word_1_775' title='bbox 2081 5502 2172 5557; x_wconf 82' lang='lat' dir='ltr'><strong>illa</strong></span> <span class='ocrx_word' id='word_1_776' title='bbox 2198 5503 2263 5557; x_wconf 91' lang='lat' dir='ltr'><strong>ad</strong></span> <span class='ocrx_word' id='word_1_777' title='bbox 2289 5502 2530 5572; x_wconf 87' lang='lat' dir='ltr'><strong>priorem</strong></span> <span class='ocrx_word' id='word_1_778' title='bbox 2583 5496 2978 5568; x_wconf 77' lang='lat' dir='ltr'><strong>legislationem</strong></span> <span class='ocrx_word' id='word_1_779' title='bbox 3021 5485 3372 5561; x_wconf 88' lang='lat' dir='ltr'><strong>pertinentia,</strong></span> <span class='ocrx_word' id='word_1_780' title='bbox 3412 5483 3506 5536; x_wconf 86' lang='lat' dir='ltr'><strong>sed</strong></span> 
     </span>
    </p>
   </div>
   <div class='ocr_carea' id='block_1_112' title="bbox 1944 5573 3508 5667">
    <p class='ocr_par' dir='ltr' id='par_1_112' title="bbox 1944 5573 3508 5667">
     <span class='ocr_line' id='line_1_112' title="bbox 1944 5573 3508 5667; baseline -0.015 -15"><span class='ocrx_word' id='word_1_781' title='bbox 1944 5612 2007 5652; x_wconf 87' lang='lat' dir='ltr'><strong>ea</strong></span> <span class='ocrx_word' id='word_1_782' title='bbox 2044 5612 2165 5667; x_wconf 70' lang='lat' dir='ltr'><strong>qua:</strong></span> <span class='ocrx_word' id='word_1_783' title='bbox 2196 5596 2392 5652; x_wconf 89' lang='lat' dir='ltr'><strong>deinde</strong></span> <span class='ocrx_word' id='word_1_784' title='bbox 2423 5595 2568 5664; x_wconf 89' lang='lat' dir='ltr'><strong>ipsos</strong></span> <span class='ocrx_word' id='word_1_785' title='bbox 2597 5591 2823 5653; x_wconf 89' lang='lat' dir='ltr'><strong>docebo,</strong></span> <span class='ocrx_word' id='word_1_786' title='bbox 2864 5598 3089 5658; x_wconf 67' lang='lat' dir='ltr'><strong>quaeque</strong></span> <span class='ocrx_word' id='word_1_787' title='bbox 3124 5580 3246 5639; x_wconf 90' lang='lat' dir='ltr'><strong>novi</strong></span> <span class='ocrx_word' id='word_1_788' title='bbox 3289 5573 3508 5632; x_wconf 70' lang='lat' dir='ltr'><strong>hederis</strong></span> 
     </span>
    </p>
   </div>
   <div class='ocr_carea' id='block_1_113' title="bbox 265 5676 1829 5784">
    <p class='ocr_par' dir='ltr' id='par_1_113' title="bbox 265 5676 1829 5784">
     <span class='ocr_line' id='line_1_113' title="bbox 265 5676 1829 5784; baseline -0.015 -17"><span class='ocrx_word' id='word_1_789' title='bbox 265 5676 325 5767; x_wconf 61' lang='grc' dir='ltr'><strong>τέ</strong></span> <span class='ocrx_word' id='word_1_790' title='bbox 351 5676 829 5784; x_wconf 77' lang='grc' dir='ltr'>παραδοθήσεσθαι</span> <span class='ocrx_word' id='word_1_791' title='bbox 990 5676 1097 5772; x_wconf 37' lang='grc' dir='ltr'>’τῆς</span> <span class='ocrx_word' id='word_1_792' title='bbox 1123 5700 1314 5770; x_wconf 65' lang='grc' dir='ltr'>καινῆς</span> <span class='ocrx_word' id='word_1_793' title='bbox 1346 5697 1627 5767; x_wconf 72' lang='grc' dir='ltr'>διαθήκης*</span> <span class='ocrx_word' id='word_1_794' title='bbox 1660 5695 1708 5746; x_wconf 86' lang='grc' dir='ltr'><strong>εί</strong></span> <span class='ocrx_word' id='word_1_795' title='bbox 1733 5691 1829 5761; x_wconf 67' lang='grc' dir='ltr'>γὰρ</span> 
     </span>
    </p>
   </div>
   <div class='ocr_carea' id='block_1_114' title="bbox 1937 5676 3511 5784">
    <p class='ocr_par' dir='ltr' id='par_1_114' title="bbox 1951 5676 3511 5761">
     <span class='ocr_line' id='line_1_114' title="bbox 1951 5676 3511 5761; baseline -0.015 -16"><span class='ocrx_word' id='word_1_796' title='bbox 1951 5700 2194 5761; x_wconf 88' lang='lat' dir='ltr'><strong>tempore</strong></span> <span class='ocrx_word' id='word_1_797' title='bbox 2247 5688 2505 5747; x_wconf 88' lang='lat' dir='ltr'><strong>tradenda</strong></span> <span class='ocrx_word' id='word_1_798' title='bbox 2546 5691 2693 5744; x_wconf 89' lang='lat' dir='ltr'><strong>sunt.</strong></span> <span class='ocrx_word' id='word_1_799' title='bbox 2729 5681 2966 5739; x_wconf 89' lang='lat' dir='ltr'><strong>Omnino</strong></span> <span class='ocrx_word' id='word_1_800' title='bbox 3004 5678 3051 5736; x_wconf 85' lang='lat' dir='ltr'><strong>si</strong></span> <span class='ocrx_word' id='word_1_801' title='bbox 3100 5676 3213 5732; x_wconf 83' lang='lat' dir='ltr'><strong>haec</strong></span> <span class='ocrx_word' id='word_1_802' title='bbox 3257 5677 3511 5728; x_wconf 78' lang='lat' dir='ltr'><strong>servave-</strong></span> 
     </span>
    </p>
   </div>
   <div class='ocr_carea' id='block_1_115' title="bbox 340 5837 1857 5918">
    <p class='ocr_par' dir='ltr' id='par_1_115' title="bbox 340 5837 1857 5918">
     <span class='ocr_line' id='line_1_115' title="bbox 340 5837 1857 5918; baseline -0.011 -11"><span class='ocrx_word' id='word_1_803' title='bbox 340 5855 383 5885; x_wconf 84' lang='grc'><strong>⁸³</strong></span> <span class='ocrx_word' id='word_1_804' title='bbox 410 5852 554 5906; x_wconf 83' lang='lat' dir='ltr'><strong>Psal.</strong></span> <span class='ocrx_word' id='word_1_805' title='bbox 590 5866 777 5918; x_wconf 75' lang='lat' dir='ltr'><strong>cxxrx,</strong></span> <span class='ocrx_word' id='word_1_806' title='bbox 806 5850 856 5904; x_wconf 73' lang='grc'><strong>4.</strong></span> <span class='ocrx_word' id='word_1_807' title='bbox 934 5848 979 5881; x_wconf 71' lang='grc'><strong>³⁸</strong></span> <span class='ocrx_word' id='word_1_808' title='bbox 997 5846 1159 5901; x_wconf 85' lang='lat' dir='ltr'><strong>Hebr.</strong></span> <span class='ocrx_word' id='word_1_809' title='bbox 1190 5858 1262 5909; x_wconf 75' lang='lat' dir='ltr'><strong>Vl,</strong></span> <span class='ocrx_word' id='word_1_810' title='bbox 1292 5840 1376 5896; x_wconf 72' lang='grc'><strong>18.</strong></span> <span class='ocrx_word' id='word_1_811' title='bbox 1454 5842 1498 5873; x_wconf 86' lang='grc'><strong>³⁵</strong></span> <span class='ocrx_word' id='word_1_812' title='bbox 1525 5840 1658 5896; x_wconf 87' lang='lat' dir='ltr'><strong>Luc.</strong></span> <span class='ocrx_word' id='word_1_813' title='bbox 1704 5855 1738 5904; x_wconf 82' lang='grc' dir='ltr'><strong>ι,</strong></span> <span class='ocrx_word' id='word_1_814' title='bbox 1770 5837 1857 5891; x_wconf 72' lang='grc'><strong>32.</strong></span> 
     </span>
    </p>
   </div>
  </div>
