3968 6566
488 391 558 445 2'7
1171 384 1443 442 EUSEBII
1479 381 1959 442 CIESARlENSIS
1995 378 2146 437 OPP.
2186 378 2364 436 PARS
2401 378 2486 437 Ill.
2524 410 2580 422 —
2631 379 3035 436 EXEGETICA.
3701 379 3790 432 28

505 509 636 569 rint,
676 508 776 574 Ipsi
806 518 1020 573 quoque
1051 502 1102 556 in
1149 503 1346 558 throno
1375 513 1485 567 luo,
1515 503 1604 570 qui
1650 500 1863 556 Christo
1907 516 2058 570 para-

2217 497 2480 564 δλάξοιντο
2508 497 2699 562 ταῦτα,
2757 499 2850 552 καὶ
2894 496 3045 550 αὐτοὶ
3101 492 3614 550 καθευδοῦνταιὲπὶ
3667 496 3784 549 τὸν

494 609 579 653 tus
611 606 717 660 est,
743 595 1025 650 sedebunt.

2158 588 2343 660 θρόνον
2379 608 2471 643 σου
2501 591 2591 644 τὸν
2618 589 2694 660 τῷ
2720 587 2940 661 Χριστῷ
2959 587 3372 660 ἡτοιμασμένον.

565 689 726 744 Vnus.
769 686 856 740 15.
902 684 1143 754 Prwdam
1177 683 1296 754 eius.
1325 683 1625 737 benedicens
1666 685 1984 749 benedicam,

2211 680 2281 750 ὴν
2304 684 2490 751 θήραν
2519 680 2707 754 αύτῆς
2736 678 2993 754 ερλογῶν
3031 680 3360 754 salapiae),
3400 676 3541 744 τοὺς
3581 692 3778 731 πτω-

796 772 1046 824 paupercs
1080 749 1212 822 ejus
1233 757 1481 808 saturabo
1510 755 1752 820 panibus.
2232 749 2235 750 ν

2232 749 2235 750 ν
2375 749 2385 751 ἡ
2486 751 2636 822 χοὺς
2658 750 2846 819 αὐτῆς
2874 749 3144 819 χορτάσω
3173 750 3379 820 ἀρτων,

563 845 871 902 Secundum
928 859 1230 914 auagogen,
1281 844 1460 910 przeda
1512 843 1692 898 Siouis
1725 845 1758 898 ii
1801 853 1927 898 sunt
1966 845 2053 914 qui

2229 843 2383 898 Κατὰ
2411 843 2465 897 δὲ
2493 843 2799 914 ἀναγωγὴν,
2831 842 2970 914 Θήρα
2998 840 3132 894 Σιὼν
3165 842 3214 893 οἱ
3239 841 3392 911 δίκην
3421 839 3633 911 ἰχθύων
3669 839 3779 892 διὰ

501 940 728 1010 piscium
763 940 933 993 instar
988 939 1054 992 ab
1083 936 1408 1007 evangelicis
1457 938 1873 1006 apostolicisque
1923 937 2057 992 reti-

2208 936 2265 990 ὒν
2291 935 2658 1005 εύαηελικῶν
2684 937 2777 990 καὶ
2805 933 3174 989 ἁποστολικῶν
3200 932 3428 987 δικτύων
3460 931 3775 1003 ὁσημέραι

495 1034 592 1088 bus
629 1030 869 1101 quotidie
896 1029 1208 1097 capiuntur.
1243 1027 1514 1095 Pauperes
1537 1039 1716 1083 autem
1748 1029 1865 1098 ejus
1887 1027 2054 1093 beati,

2211 1027 2530 1100 ογρούμενοι
2554 1044 2568 1057 '
2605 1028 2808 1098 πτωχοὶ
2850 1025 2906 1079 δὲ
2937 1026 3106 1098 αὐτῆς
3133 1027 3180 1078 οἱ
3209 1025 3486 1096 μακάριοι,
3529 1025 3624 1077 ὅτι
3657 1023 3778 1075 αὐ-

498 1139 727 1194 quorum
764 1130 848 1175 est.
897 1135 1118 1188 regnum
1152 1117 1271 1181 Dei,
1301 1120 1392 1187 qui
1425 1133 1616 1188 panem
1649 1119 1714 1173 de
1739 1118 1881 1174 caalo
1911 1117 2058 1173 dela-

2208 1121 2267 1174 ὒν
2294 1122 2442 1173 ἐστιν
2466 1123 2499 1191 ἠ
2533 1119 2774 1191 βασιλεία
2805 1119 2911 1173 τῶν
2946 1118 3186 1188 οὐρανῶν
3211 1135 3222 1148 ·
3266 1119 3315 1170 οἳ
3347 1118 3438 1170 τὸν
3468 1117 3645 1189 ἄρτον
3682 1133 3775 1168 σι-

493 1231 647 1285 psum
699 1213 885 1267 edunt.
939 1211 1045 1264 Sed
1087 1221 1142 1263 et
1185 1209 1427 1277 ejusdem
1480 1209 1662 1263 Sionis
1723 1209 2057 1274 sacerdotes,

2206 1212 2376 1267 >ὖνται
2408 1211 2498 1265 τὸν
2519 1212 2578 1277 ἐξ
2607 1211 2832 1278 ούρανοῦ
2859 1211 3167 1265 καταϐάντα
3192 1228 3204 1240 ο
3236 1209 3370 1263 ἀλλὰ
3406 1210 3497 1262 καὶ
3527 1209 3576 1261 οἱ
3607 1206 3773 1261 ταύ-

494 1317 775 1377 postquam
806 1320 865 1360 se
893 1303 1124 1373 iustitia,
1153 1313 1208 1355 ut
1238 1303 1334 1369 ait,
1369 1303 1656 1365 induerint,
1687 1317 1716 1355 a
1755 1302 1862 1356 Deo
1889 1300 2060 1357 salute

2198 1323 2261 1376 ης
2295 1307 2480 1378 ἱερεῖς,
2526 1305 2739 1377 πρῶτον
2780 1305 3001 1368 ἑαυτοὺς
3037 1304 3400 1373 δικαιοσύνην,
3440 1302 3518 1366 ὡς
3556 1296 3765 1364 εἶπεν,

495 1399 810 1452 induuntur.
878 1393 1080 1449 Deinde
1124 1394 1189 1449 de
1239 1393 1372 1448 viris
1428 1392 1628 1447 sanctis
1679 1392 1841 1448 verba
1908 1390 2058 1457 facit,

2201 1397 2496 1462 νεύσαντες,
2529 1397 2632 1450 ὑπὸ
2663 1395 2797 1450 Θεοῦ
2833 1394 3241 1468 περιϐάλλονται
3276 1395 3546 1466 σωτηρίαν
3567 1411 3580 1424 '
3621 1387 3768 1446 εἶτα

494 1490 690 1542 virtute
723 1501 786 1541 ac
818 1485 941 1540 vita:
971 1501 1173 1554 genere
1221 1485 1273 1537 in
1317 1483 1559 1538 Ecclesia
1603 1482 2057 1552 praecellentibus.

2202 1489 2309 1558 ἑγει
2333 1489 2460 1560 περὶ
2492 1489 2599 1542 τῶν
2627 1488 2808 1552 ὁσίων,
2841 1487 2949 1540 τῶν
2975 1487 3141 1559 ἀρετῇ
3168 1488 3260 1541 καὶ
3290 1486 3388 1558 βίῳ
3408 1485 3769 1558 διαπρεπόν-

495 1581 569 1634 De
619 1578 814 1648 quibus
879 1577 1103 1646 Aquilas
1142 1575 1311 1630 dicit:
1357 1572 1684 1627 Laudatione
1737 1573 2060 1638 laudabunt;

2200 1599 2271 1634 ων
2293 1582 2350 1634 ὲν
2395 1579 2714 1652 Ἐκκλησίᾳ⁸
2761 1580 2888 1650 περὶ
2917 1572 2990 1633 ὧν
3029 1578 3256 1643 Ἀκύλας
3287 1580 3385 1651 μὲν
3413 1579 3536 1651 ἔφη·
3562 1577 3767 1632 Αἰνέ-

495 1673 852 1744 Symmachus
884 1679 1087 1734 autem,
1115 1668 1482 1723 Benedicentes
1513 1666 1834 1721 benedicent.

2199 1689 2261 1726 ἐι
2284 1671 2666 1726 αὶνέσουσινο
2693 1672 2722 1724 ὁ
2743 1671 2798 1725 δὲ
2837 1671 3149 1744 Σύμμαχος,
3181 1671 3613 1742 Εὐφημοῦντες
3649 1671 3766 1726 εὐ-

1369 1814 1372 1817 .
2166 1763 2576 1835 φημήο-ουονιν.
2769 1814 2774 1819 .

495 1869 660 1925 Vens.
701 1869 786 1924 18.
824 1869 990 1940 Super
1015 1869 1184 1938 ipsum
1207 1876 1384 1922 autem
1424 1866 1673 1938 eﬁiorebit
1708 1862 2060 1931 sanctiﬁcatio

2048 1878 2060 1914 ι
2090 1855 2134 1909 Β
2281 1855 2413 1911 Ἐπὶ
2441 1856 2508 1910 δὲ
2537 1855 2725 1911 αὐτὸν
2749 1855 3070 1926 ἐξανθήο-ει
3095 1856 3159 1911 τὸ
3187 1855 3452 1927 ἁγιασμά
3472 1871 3615 1924 μου.

1213 1955 1349 1993 mea.

574 2032 682 2085 lloc
719 2033 784 2086 de
806 2029 1014 2087 Joanne
1056 2031 1206 2092 dicit,
1231 2028 1382 2097 juxta
1417 2028 1627 2081 Domini
1669 2025 1928 2082 eﬂ'atum:
1961 2022 2064 2078 Ille

2233 2037 2402 2090 Τοῦτο
2434 2038 2561 2110 περὶ
2602 2038 2844 2092 Ἰωάννου
2879 2039 3032 2108 φησὶ,
3063 2037 3204 2092 κατὰ
3231 2039 3292 2091 τὸ
3323 2037 3611 2111 εἰρημένον
3647 2054 3766 2090 πα-

493 2131 606 2175 erat
632 2123 847 2175 lucerna
879 2123 1071 2174 ardens
1096 2131 1142 2174 et
1167 2121 1400 2173 relucens
1424 2118 1490 2172 ³⁸.
1529 2118 1676 2173 Licet
1696 2119 1798 2172 hoc
1827 2125 1880 2169 et
1908 2116 2060 2170 aliter

2192 2127 2237 2182 ιὰ
2260 2129 2462 2202 Κυρίου
2487 2146 2500 2159 ·
2543 2129 2798 2196 Ἐκεῖνος
2821 2125 2900 2202 ἦν
2923 2134 2956 2185 ό
2974 2132 3200 2200 λύχνος
3239 2133 3272 2183 ό
3298 2131 3613 2199 καιόμενος
3641 2129 3759 2183 καὶ

496 2224 591 2279 per
639 2217 878 2276 tempora
941 2208 1376 2277 persecutionum
1424 2221 1774 2276 cognoscere.
1822 2203 2063 2275 Symma-

2196 2224 2413 2277 ναινων.
2437 2221 2594 2276 Ἔστι
2632 2223 2688 2276 δὲ
2712 2221 2884 2277 ταῦτα
2917 2223 3011 2278 καὶ
3042 2223 3215 2286 ἄλλως
3259 2223 3386 2276 ἰδεῖν
3426 2220 3567 2275 κατὰ
3612 2222 3763 2284 τοὺς

496 2302 630 2355 chus
656 2315 784 2354 vero
813 2300 1138 2354 consecratio
1167 2299 1406 2368 scripsit.
1435 2298 1727 2353 Consecrat
1754 2311 1943 2367 reapse
1968 2311 1981 2365 ι

2190 2315 2274 2368 τῶν
2317 2313 2571 2385 διωγμῶν
2611 2314 2833 2388 καιρούς
2853 2331 2867 2345 ·
2893 2317 2920 2368 ὁ
2947 2315 3003 2368 δὲ
3023 2315 3336 2386 Σύμμαχος,
3362 2317 3394 2368 ό
3419 2312 3757 2384 ἁγιασμὸς,

495 2396 806 2448 universum
851 2395 1036 2448 orbem
1099 2392 1459 2448 sanctiﬁcatio
1516 2390 1832 2448 Servatoris
1885 2388 2060 2444 nostri

2192 2401 2338 2470 ῐπεν,
2383 2406 2568 2460 αὑτοῦ
2595 2423 2607 2436 ·
2644 2405 3008 2480 ἁγιάζει.γὰρ
3030 2406 3151 2459 καθ’
3188 2405 3314 2476 ὅλης
3357 2405 3456 2475 τῆς
3482 2405 3759 2475 οἰκουμέ-

495 2483 810 2541 Ecclesiam.

2191 2516 2262 2571 ιης
2279 2498 2339 2551 τὸ
2365 2496 2458 2551 τοῦ
2492 2498 2741 2570 Σωτῆρος
2769 2498 2926 2569 ἡμῶν
2952 2501 3093 2575 ὲνττῇ
3136 2497 3430 2570 Ἐκκλησία
3466 2497 3758 2569 ἁγίασμα.

965 2576 1090 2632 PSA
1101 2575 1285 2632 LMUS
1323 2573 1585 2632 CXXXII.
2264 2632 2274 2643 ,
2712 2591 3000 2644 Ira/mox
3029 2573 3201 2646 'PAB',

564 2672 727 2726 Vens.
761 2671 813 2726 l.
857 2669 990 2724 Ecce
1028 2670 1153 2740 quid
1201 2671 1403 2750 bonum.
1432 2677 1479 2721 et
1514 2666 1642 2750 quid
1668 2665 1990 2733 Iucundum,

2189 2679 2321 2735 Ἰδοὺ
2355 2680 2431 2747 δὴ
2462 2682 2518 2734 τι
2549 2680 2799 2747 amiciri)
2838 2681 2895 2733 τι
2928 2681 3203 2748 τερπνὸν,
3241 2681 3377 2735 ἀλλ’
3420 2679 3458 2748 ἢ
3492 2679 3558 2734 τὸ
3599 2694 3756 2732 κατ-ι

878 2739 1068 2809 praater
1094 2757 1250 2806 quam
1279 2739 1542 2800 habitare,
1574 2747 1681 2792 etc.
2417 2739 2427 2747 ’

2417 2739 2427 2747 ’
2744 2739 2950 2816 οἰκεῖν,
2973 2739 3023 2805 κ.
3049 2769 3099 2804 τ.
3127 2739 3202 2806 λ.’
3305 2771 3307 2774 ‘

565 2827 680 2883 Non
709 2845 870 2882 omne
899 2829 1121 2892 bonmu,
1151 2831 1354 2897 pariter
1381 2837 1436 2882 et
1465 2827 1765 2896 jucundum
1795 2834 1875 2878 est
1906 2841 1920 2889 ;
1967 2839 2062 2876 ue-

2237 2841 2310 2893 oo
2347 2842 2452 2894 πᾶν
2493 2843 2555 2895 τὸ
2599 2841 2782 2903 καλὸν.
2813 2843 2913 2915 ἢδη
2957 2843 3052 2896 καὶ
3079 2842 3310 2915 τερπνόν
3333 2859 3346 2873 ·
3383 2842 3501 2896 οὐδὲ
3524 2841 3584 2895 τὸ
3615 2858 3755 2912 τερ-

485 2937 597 2990 que
626 2936 788 2976 omne
824 2920 1147 2990 jucundum,
1190 2920 1350 2976 simul
1401 2931 1454 2975 et
1499 2921 1698 2974 bonum
1747 2929 1853 2974 est.
1897 2916 2052 2972 Multa

2189 2932 2320 2998 τνὸν,
2353 2933 2568 2998 πάντως
2595 2936 2687 2988 καὶ
2725 2934 2886 2989 καλόν
2910 2953 2923 2966 °
2959 2935 3126 2990 πολλὰ
3156 2936 3264 3008 γὰρ
3295 2935 3425 3006 ἡδέα
3457 2935 3573 3004 μὲν,
3609 2931 3756 3002 φαῦ-

485 3014 636 3068 enim
661 3025 788 3070 sunt
820 3014 1017 3081 dulcia,
1045 3023 1097 3069 et
1130 3025 1308 3070 tamen
1339 3028 1504 3083 prava
1535 3032 1548 3068 :
1589 3023 1642 3068 et
1671 3013 1912 3068 vicissim
1955 3012 2052 3066 alia

2184 3042 2232 3076 ια
2252 3024 2308 3077 δέ
2330 3042 2342 3054 ·
2379 3025 2453 3088 ὡς
2479 3026 2573 3080 καὶ
2599 3026 2762 3098 ἔτερα
2789 3028 3020 3082 ἐπίπονα
3043 3028 3160 3098 μὲν,
3191 3025 3369 3096 ἀγαθὰ
3395 3026 3451 3079 δέ
3473 3041 3488 3057 ο
3519 3024 3751 3094 ὁμόνοια

493 3105 764 3161 iaboriosa
792 3118 937 3170 sunt,
970 3107 1064 3162 sed
1107 3117 1284 3161 tamen
1310 3110 1470 3160 bona.
1516 3105 1904 3160 Verumtamen
1934 3119 2060 3158 con-

2186 3116 2220 3168 ἱὲ
2251 3117 2348 3170 καὶ
2377 3119 2565 3190 εἰρήνη
2596 3117 2782 3190 ψυχῶν
2827 3119 3269 3190 ὁμοφρονούντων
3299 3117 3392 3170 καὶ
3424 3114 3753 3186 ὁμοδοξούν-

486 3200 676 3255 cordia
722 3210 776 3253 et
821 3215 923 3268 pax
979 3201 1282 3252 animarum
1333 3214 1518 3268 parem
1573 3207 1807 3253 mentem
1849 3207 2053 3253 senten-

2182 3225 2294 3274 των,
2328 3209 2493 3280 ἄμφω
2514 3210 2654 3264 κατὰ
2675 3211 2735 3264 τὸ
2760 3209 2890 3262 αὐτὸ
2921 3210 3013 3263 καὶ
3037 3210 3098 3262 τὸ
3125 3208 3353 3279 τερπνὸν
3375 3207 3467 3259 καὶ
3489 3206 3548 3258 τὸ
3573 3205 3749 3260 καλὸν

495 3292 731 3359 tiamque
780 3292 1104 3352 foventium,
1167 3301 1454 3361 utramque
1523 3305 1637 3344 rem
1698 3289 2062 3356 laudabiliter,

2180 3299 2310 3371 ἔχειν
2340 3304 2677 3357 ἐπαινεῖται·
2720 3302 2780 3356 ού
2813 3303 2872 3356 τὸ
2913 3303 3183 3355 κατοικεῖν
3230 3299 3487 3368 ἀδελφοὺς
3531 3297 3747 3363 ἁπλῶς,

495 3397 688 3450 nempe
717 3391 769 3436 et
799 3383 998 3436 bonum
1025 3392 1077 3435 ut
1103 3383 1397 3451 jucundum
1457 3393 1643 3438 tenere
1691 3383 1912 3436 dicitur.
1959 3383 2062 3437 Ne-

2181 3392 2280 3446 DJ.’
2311 3394 2438 3448 ὅταν
2469 3395 2561 3448 ἐπὶ
2589 3395 2649 3447 τὸ
2677 3394 2808 3448 αὐτὸ
2848 3387 2971 3456 ὦσι,
3006 3392 3145 3446 κατὰ
3181 3391 3272 3445 τὸν
3315 3390 3632 3443 Ἀπόστολον
3650 3390 3748 3443 λέ-

493 3486 598 3537 que
623 3471 674 3524 id
703 3470 904 3524 dicitur
946 3473 1012 3526 de
1071 3471 1334 3526 fratribus
1377 3489 1480 3527 una
1519 3482 1728 3534 tantum
1771 3473 2060 3528 habitanti-

2180 3502 2332 3554 γοντα
2348 3503 2360 3516 ⁸
2398 3487 2532 3541 Ἵνα
2559 3485 2626 3540 τὸ
2644 3485 2788 3539 αὐτὸ
2819 3484 3036 3555 λέγητε
3061 3463 3304 3550 πάντες,
3326 3481 3514 3551 καὶμὴ
3534 3479 3747 3535 εἷενέν

494 3563 618 3623 bus.
651 3563 746 3617 sed
773 3563 838 3617 de
869 3563 1130 3618 unitatem
1181 3564 1341 3618 simul
1386 3565 1756 3631 servantibus,
1802 3575 1963 3634 prout
1993 3569 2061 3618 ait

2182 3579 2309 3648 ὑμῖν
2323 3579 2649 3648 σχίσματα·
2679 3572 2784 3647 ἦτε
2810 3575 2878 3629 δὲ
2903 3576 3359 3644 κατηρτισμένοι
3377 3572 3454 3639 τῷ
3470 3573 3749 3639 αὺτῷνιτ

491 3654 822 3721 Apostolus:
860 3652 929 3708 Ut
979 3655 1031 3707 id
1065 3655 1236 3724 ipsum
1275 3672 1450 3710 omnes
1484 3657 1692 3719 dicatis,
1734 3673 1895 3728 neque
1929 3658 2058 3711 εεΙιὶι

2174 3669 2265 3722 καὶ
2284 3670 2360 3738 τῇ
2379 3668 2534 3738 αὑτῇ
2549 3667 2771 3740 γνώμῃ·
2794 3667 3031 3720 διδάσκει
3061 3667 3119 3720 δὲ
3146 3667 3205 3719 τὸ
3225 3665 3384 3720 καλὸν
3408 3665 3500 3718 καὶ
3526 3665 3586 3718 τὸ
3608 3681 3741 3735 τερ-

503 3753 676 3797 smata
713 3744 855 3798 inter
884 3763 973 3799 vos
1014 3748 1165 3813 sint;
1202 3747 1294 3800 sed
1338 3763 1444 3800 una
1472 3747 1753 3817 eademque
1791 3758 1961 3802 mente
1999 3766 2062 3803 ac

2174 3761 2299 3815 πνὸν
2344 3761 2419 3833 μὴ
2461 3763 2519 3815 ὲν
2553 3759 2785 3832 σώματι,
2823 3759 2958 3832 μηδὲ
2999 3761 3056 3813 ὲν
3093 3757 3528 3831 ἡδονῇςισαρκῶν
3592 3755 3741 3810 τίθε-

505 3836 763 3887 sententia
807 3845 965 3890 estote
1010 3838 1357 3906 coagmentati
1403 3837 1469 3892 ³⁷.
1519 3837 1698 3894 Monet
1752 3850 1956 3904 autem,
1993 3857 2060 3895 ne
2172 3851 2316 3906 σθαι,
3271 3867 3274 3871 ~

493 3927 688 3979 bonum
715 3928 1188 3996 atquejucuudum
1228 3931 1279 3983 in
1319 3945 1547 3999 corpore
1573 3931 1861 4000 carnisque
1912 3931 2060 3985 volu-

497 4026 644 4088 ptate
676 4023 1038 4089 reponendum
1079 4031 1349 4090 putemus.

600 4109 757 4163 Vens.
789 4110 844 4164 5.
883 4111 1029 4165 Sicut
1067 4127 1153 4164 ros
1185 4109 1467 4181 Hermonis
1497 4113 1588 4181 qui
1613 4112 1880 4165 descendit
1912 4113 1968 4166 in

2178 4113 2275 4179 Ὠς
2312 4111 2532 4180 δρόσος
2559 4110 2816 4181 ’Λερμὼν
2853 4112 2891 4178 ἠ
2919 4109 3361 4163 καταϐαίνουσα
3391 4109 3487 4163 ἐπὶ
3526 4111 3597 4164 τὰ
3629 4109 3737 4178 ὄρη

1055 4194 1254 4235 montes
1295 4180 1488 4236 Sionis.
1513 4180 1517 4181 ⁷
1715 4228 1722 4235 .

1469 4204 1488 4235 η.
1513 4180 1517 4181 ν
1715 4228 1722 4235 .
2687 4180 2694 4181 ί
2868 4181 3036 4235 Σιών.

563 4271 714 4328 Mons
760 4285 840 4330 est
895 4275 1130 4330 llcrmon
1178 4273 1387 4328 Libano
1432 4274 1708 4342 adiacens,
1749 4274 1800 4327 in
1829 4290 1937 4345 quo
1973 4275 2062 4329 uix

2240 4275 2402 4346 Ὄρος
2431 4275 2578 4328 ἐστὶν
2623 4271 2888 4347 Ἀερμὼν,
2918 4273 2978 4326 τὸ
3009 4271 3436 4346 παρακείμενεον
3461 4270 3538 4342 τῷ
3566 4270 3733 4324 Λιϐά-

492 4364 656 4416 nmlta
709 4366 1041 4436 congeritur,
1099 4381 1261 4434 quam
1308 4365 1592 4435 Scriptura
1651 4366 1790 4419 roris
1848 4367 2059 4426 nomine

2165 4383 2259 4439 νῳ,
2288 4367 2373 4436 ἐφ’
2406 4367 2434 4420 δ
2456 4365 2590 4437 χιὼν
2623 4365 2910 4434 συνάγεται
2935 4363 3120 4434 πολλὴ,
3149 4361 3337 4434 ἥντινα
3362 4364 3390 4414 ὁ
3417 4363 3584 4430 Λόγος
3609 4361 3731 4432 δρό-

489 4457 756 4526 designat.
808 4456 944 4523 Quia
987 4472 1118 4526 ergo
1162 4473 1250 4511 ros
1291 4459 1401 4524 ille,
1451 4473 1518 4512 ex
1569 4458 1754 4512 multis
1803 4459 2056 4515 collectus

2167 4475 2258 4510 σον
2284 4457 2592 4529 ὠνόμασεν·
2633 4456 2821 4528 ἐπειδὴ
2846 4455 2903 4509 δὲ
2939 4457 2972 4525 ἡ
3001 4454 3190 4527 δρόσος
3217 4455 3395 4525 ἐκείνη
3440 4456 3474 4526 ή
3508 4457 3570 4506 ὲκ
3604 4453 3730 4506 πολ·

488 4547 658 4616 guttis
685 4563 852 4601 unum
879 4563 1077 4616 corpus
1109 4547 1340 4601 edicitur
1385 4559 1439 4602 et
1487 4549 1875 4619 compingitur,
1915 4566 2055 4606 reete

2164 4548 2270 4601 λῶν
2317 4549 2655 4621 συναγομένη
2710 4548 3001 4616 σταγόνων,
3045 4548 3134 4616 ὑφ’
3181 4545 3238 4599 ἓν
3285 4547 3731 4616 σωματοποιεῖται

491 4638 746 4692 Ecclesiae
780 4639 1132 4692 concordiam
1161 4649 1323 4708 atque
1363 4654 1687 4694 consensum
1722 4645 2058 4712 comparavit

2165 4643 2258 4695 καὶ
2291 4644 2698 4712 συμπήγνυται,
2745 4640 2969 4702 εἰκότως
2993 4639 3091 4710 τὴν
3119 4639 3217 4708 τῆς
3263 4635 3582 4707 Ἐκκλησίας
3604 4636 3730 4706 ὀμό-

489 4734 706 4784 diverso
751 4729 1000 4798 exemplo
1055 4745 1160 4784 non
1199 4729 1308 4783 nivi
1341 4731 1679 4799 permanenti
1711 4733 1763 4786 in
1794 4731 2056 4788 llermoue

2165 4750 2314 4787 νοιαν
2354 4734 2448 4788 καὶ
2483 4731 2801 4804 συμφωνίαν
2843 4731 3106 4784 ἀπείκασε
3145 4729 3211 4782 δι’
3241 4730 3424 4800 ἐτέρου
3475 4728 3732 4798 παραδεί-

490 4829 692 4881 monte,
735 4819 830 4874 sed
873 4820 921 4872 ei
972 4835 1092 4888 qua:
1147 4820 1198 4873 in
1261 4820 1444 4876 Siouis
1493 4833 1709 4878 montes
1760 4823 2057 4878 descendit.

2166 4841 2375 4897 γματος
2403 4824 2463 4876 ού
2503 4827 2567 4896 τῇ
2605 4823 2742 4894 χιόνι
2787 4826 2853 4895 τῇ
2899 4821 3248 4894 ἀπομενυύσῃ
3279 4822 3336 4872 ἐν
3375 4819 3451 4890 τῷ
3491 4819 3732 4890 Ἀερμὼν

489 4910 731 4981 Namque
776 4919 836 4964 ut
879 4912 1019 4966 nivis
1055 4911 1266 4979 c0piam
1314 4913 1702 4984 intelligamus,
1741 4931 1895 4970 mons
1922 4913 2056 4970 Her-

2164 4915 2300 4989 ὄρει,
2322 4915 2457 4969 ἀλλὰ
2485 4919 2549 4986 τῇ
2574 4914 2973 4988 καταϐαινούσῃ
2995 4914 3088 4968 ἐπὶ
3103 4913 3170 4966 τὰ
3196 4913 3292 4984 ὅρη
3320 4911 3483 4964 Σιών·
3520 4912 3606 4964 ἵνα
3639 4913 3731 4984 μὲν

491 5017 613 5056 mou
640 5003 691 5055 iu
721 5003 1025 5072 exemplum
1074 5015 1323 5074 sumptus
1373 5017 1489 5072 est;
1544 5014 1604 5061 ut
1637 5018 1815 5063 autem
1853 5026 2058 5064 morum

2165 5007 2274 5078 γὰρ
2295 5009 2576 5078 νοήσωμεν
2596 5007 2656 5059 τὸ
2680 5006 2882 5077 πλῆθος
2902 5007 3000 5078 τῆς
3026 5006 3220 5076 χιόνος,
3243 5005 3302 5057 τὸ
3342 5002 3584 5075 Ἀερμὼν
3615 5003 3732 5074 ὅρος

489 5097 784 5149 secundum
812 5094 977 5149 Deum
1011 5097 1360 5152 concordiam
1385 5099 1720 5169 signiﬁcaret
1750 5100 2054 5169 Psalmista,

2166 5098 2548 5170 παρείληπταν
2582 5101 2666 5152 ἵνα
2694 5098 2749 5152 δὲ
2776 5098 2870 5152 τοῦ
2902 5098 3044 5153 κατὰ
3066 5097 3196 5150 Θεὸν
3226 5096 3612 5168 πολιτεύματος
3642 5097 3731 5169 τὴν

491 5200 666 5241 rorem
697 5188 749 5241 in
781 5197 992 5242 montes
1027 5187 1216 5243 Sionis
1238 5190 1654 5246 descendentem
1689 5193 2004 5246 nominavit.

2164 5193 2480 5262 συμφωνίαν
2524 5190 2757 5264 δηλώσῃ,
2804 5191 2894 5243 ἐπὶ
2921 5189 2990 5244 τὰ
3033 5189 3134 5261 ὄρη
3172 5187 3309 5241 Σιὼν
3351 5188 3452 5260 ἔφη
3492 5187 3731 5242 κατιέναι

2159 5285 2257 5357 τὴν
2283 5284 2491 5355 δρόσον.

633 5362 798 5417 Vens.
839 5364 893 5418 5.
928 5362 1194 5442 Quoniam
1223 5367 1340 5442 illic
1367 5367 1634 5422 mandavit
1675 5368 1930 5424 Dominus

2267 5377 2394 5430 Ὅτι
2419 5375 2549 5429 ἐκεῖ
2568 5375 2901 5429 ἐνετείλατο
2942 5375 3154 5441 Κύριος
3178 5373 3294 5441 τὴν
3326 5373 3622 5442 εὐλογίαν.

1045 5439 1478 5491 benedictionem.

559 5522 670 5577 Illic
709 5524 861 5590 dicit,
912 5528 1050 5594 apud
1097 5529 1300 5585 fratres
1349 5531 2054 5588 concorditerhabitantes.

2251 5536 2396 5589 Ἐκεῖ
2417 5533 2563 5603 λέγει
2603 5533 2751 5605 παρὰ
2775 5535 2886 5597 τοῖς
2921 5531 3264 5586 κατοικοῦσιν
3289 5529 3537 5596 ἀδελφοῖς
3565 5527 3657 5580 ἐπὶ
3671 5526 3729 5582 τὸ

490 5622 674 5683 meque
731 5616 873 5670 hanc
922 5633 1264 5676 communem
1305 5624 1492 5689 vitam,
1538 5623 1632 5679 sed
1673 5624 2056 5692 immortalem,

2166 5627 2321 5684 αὐτό·
2349 5629 2442 5683 καὶ
2476 5625 2619 5700 ζωὴν
2648 5627 2709 5682 οὐ
2737 5625 2837 5698 τὴν
2869 5626 3075 5698 κοινὴν,
3114 5624 3247 5680 ἀλλὰ
3282 5621 3378 5694 τὴν
3411 5621 3695 5676 ἀθάνατον.

492 5705 763 5774 intelligit.

573 5826 618 5857 ³⁸
647 5826 861 5896 ,Ιυ;ιιι.ν,
892 5831 982 5887 55.
1059 5833 1101 5865 ”
1139 5832 1302 5891 lCor.
1335 5853 1377 5904 ι,
1407 5837 1492 5893 10.
