3968 6536
237 403 320 460 29
1382 407 1886 466 COMMENTARIA
1926 407 1995 464 IN
2030 407 2367 465 PSALMOS.
2789 419 2808 441 '
3428 419 3498 475 30

787 520 1076 576 ΨΔΛΜΟΣ
1110 522 1274 580 ΡΛΓ’.

540 609 890 680 Eulog-ﬂant
925 625 998 665 σε
1030 614 1244 682 Κύριος
1281 614 1350 668 ἐκ
1381 613 1553 669 Σιών.

317 701 470 772 Ἤδη
505 700 582 772 τῷ
637 702 888 776 ’Λϐραάμ
931 706 1178 776 εἴρηται·
1208 709 1274 760 Ol
1310 705 1704 778 euloroﬁﬂéc
1735 723 1829 772 σε,

230 794 609 862 atumat
633 812 647 825 ·
703 794 927 866 δυνάμει
976 797 1034 850 δὲ
1091 797 1280 851 ἑαυτὸν
1331 797 1545 866 εὐλογεῖ
1597 800 1627 853 ὀ
1674 798 1831 852 τοῦτο

234 883 426 936 ποιῶν
447 900 462 913 ·
491 885 540 936 εἰ
567 884 626 938 δὲ
659 887 752 939 ἐπὶ
778 886 870 939 τοῦ
917 886 1185 960 Ἀϐραὰμ,
1215 891 1367 959 πόσῳ
1397 889 1595 960 μᾶλλον
1619 891 1709 942 ἐπὶ
1733 887 1828 943 τοῦ

232 976 498 1046 Κυρίου;
549 977 612 1030 οὐ
655 977 765 1049 γὰρ
820 977 984 1031 δεῖται
1031 980 1131 1050 τῆς
1178 983 1304 1051 παρ’
1349 980 1504 1051 ἡμῶν
1559 979 1824 1048 εὐλογίας.

235 1069 523 1132 Ἕκαστος
572 1069 628 1122 δὲ
665 1069 840 1140 ἐαυτῷ
879 1070 1184 1142 χαρίζεται,
1234 1073 1327 1125 καὶ
1363 1072 1550 1125 ἑαυτὸν
1594 1071 1824 1140 εὐλογεῖ,

234 1159 574 1230 ἀντευλογού
582 1178 740 1232 μενος
763 1161 866 1215 ὐπὸ
889 1161 979 1215 τοῦ
1001 1163 1108 1216 τῶν
1126 1163 1262 1217 ὅλων
1287 1163 1534 1235 Ποιητοῦ.
1563 1165 1652 1217 Διὸ
1679 1163 1828 1235 πρῶ-

233 1267 335 1303 τον
366 1252 602 1323 εἴρηται·
639 1255 955 1324 Εὐλογεῖτε
983 1256 1089 1309 τὸν
1127 1257 1360 1324 Κύριον·
1396 1251 1495 1310 εἷθ’
1523 1257 1669 1328 ἑξῆς·
1706 1259 1823 1310 Εὑ-

231 1345 510 1414 λεγήσαι
532 1359 610 1399 σε
639 1347 876 1415 Κύριος.

765 1439 1054 1493 ΨΑΛΜΟΣ
1101 1439 1267 1493 ΡΛΔ’.

304 1525 392 1596 Τῇ
422 1526 532 1579 τῶν
543 1527 698 1599 ᾠδῶν
725 1529 929 1602 ἐσχάτη
952 1529 1048 1595 τὰς
1073 1529 1242 1594 αὐτὰς
1267 1529 1407 1601 ἔχων
1426 1529 1619 1596 λέξεις,
1636 1533 1664 1584 ὁ
1683 1549 1821 1603 παρ-

229 1615 313 1668 ὼν
371 1614 521 1681 αἶνος
592 1619 815 1683 εἰκότως
859 1622 1218 1692 παράκειται·
1265 1621 1345 1674 διὸ
1381 1621 1442 1674 τὸ
1485 1623 1821 1692 ἀλληλούτα

231 1710 698 1782 προγέγραπται·
733 1712 830 1766 τοῦ
867 1713 965 1784 μὲν
995 1713 1268 1781 ἀλληλοὺ
1305 1713 1590 1784 δηλοῦντος
1628 1715 1688 1768 τὸ
1727 1719 1815 1768 al-

228 1803 416 1868 νεῖτε,
451 1803 547 1857 τοῦ
580 1805 626 1858 δ’
667 1805 749 1869 ἴα,
771 1805 876 1860 τὸν
909 1807 1144 1875 Κύριον.
1179 1806 1336 1860 Εἴποι
1367 1806 1411 1859 δ’
1443 1805 1508 1861 ἄν
1528 1824 1610 1870 τις
1648 1806 1814 1877 ὕμνον

229 1890 379 1948 εἶναι
423 1896 493 1949 τά
529 1897 742 1967 πρῶτα,
786 1897 862 1962 ὡς
913 1899 969 1951 ὲν
1008 1897 1275 1970 προοιμίῳ
1320 1897 1652 1970 διεγείροντα
1688 1899 1813 1963 τοὺς

229 1988 748 2060 προσταττομένους
792 1991 962 2042 αἰνεῖν
1004 1989 1092 2042 τὸν
1133 1989 1298 2042 Θεόν·
1349 1991 1682 2061 ἀρχομένους
1718 1991 1812 2044 τοῦ

229 2080 384 2131 αἴνου
421 2080 530 2133 ἀπὸ
556 2080 673 2145 τοῦ,
707 2083 903 2149 Κύριε,
928 2080 995 2134 τὸ
1018 2080 1202 2150 ὄνομά
1229 2098 1345 2136 σου
1365 2086 1450 2149 εἰς
1471 2083 1578 2136 τὸν
1606 2083 1808 2138 αἰῶνα.

226 2171 483 2241 Κατηχεῖ
506 2173 565 2226 δὲ
599 2173 957 2246 ἀποστρέφων
991 2172 1243 2240 εἰδώλων,
1279 2175 1373 2228 καί
1401 2175 1639 2230 διδάσκει
1667 2176 1808 2245 γνῶ-

228 2278 314 2314 σιν
347 2263 510 2318 Θεοῦ.
546 2265 812 2335 Τοιαύτης
840 2265 946 2338 γὰρ
975 2267 1103 2330 τοὺς
1130 2265 1224 2320 νῦν
1243 2266 1318 2339 (8)
1352 2266 1410 2332 ἐξ
1449 2265 1616 2321 ὲθνῶν
1644 2286 1811 2340 προσ-

227 2354 412 2417 ιόντας
457 2354 564 2408 ἔδει
606 2358 788 2426 τυχεῖν
839 2359 1244 2430 παραινέσεως·
1296 2359 1390 2423 οὒς
1445 2361 1537 2414 καὶ
1587 2360 1805 2426 δούλους

225 2446 402 2511 καλεῖ,
436 2449 602 2520 μήπω
644 2447 703 2500 τὸ
738 2447 953 2520 πνεῦμα
992 2451 1091 2520 τῆς
1126 2449 1395 2513 υἱοθεσίας
1429 2451 1803 2522 ἀνειληφότας.

223 2535 525 2605 Συμὸαῖνει
553 2536 610 2590 δὲ
627 2537 845 2601 τούτους
869 2537 975 2611 πρὸ
1005 2539 1102 2610 (8‘)
1135 2541 1234 2610 τῆς
1252 2541 1664 2610 παλιγγενεσίας
1684 2543 1805 2596 λου-

221 2627 376 2697 τροῦ,
404 2629 596 2682 στάσιν
615 2628 703 2698 ἔχε
713 2646 759 2683 ιν
781 2629 990 2700 ὲνόἰκῳ
1014 2630 1148 2683 Θεοῦ
1173 2631 1278 2684 τῶν
1305 2633 1466 2686 αὐτοῦ
1491 2634 1802 2704 προπύλων,

221 2717 336 2773 ἀλλ’
398 2720 463 2772 οὐ
523 2719 632 2774 τῶν
686 2721 949 2775 ἐνδοτάτω
1000 2723 1280 2794 τυχόντας·
1336 2726 1644 2797 εἰσαγωγὴν
1695 2726 1805 2799 γὰρ

221 2809 401 2882 ἔσχον,
454 2811 567 2865 ἀλλ’
615 2811 675 2864 οὐ
720 2811 1014 2867 τελείωσιν.
1058 2813 1314 2886 Διάφοροί
1356 2833 1420 2884 γε
1473 2816 1578 2887 μὴν
1620 2818 1801 2884 αὐλαὶ,

223 2904 343 2956 ἐπεὶ
371 2903 471 2957 καὶ
496 2903 741 2976 διάφοροι
761 2904 866 2958 τῶν
886 2905 1257 2977 εἰσαγομένων
1283 2909 1331 2959 οἱ
1362 2907 1486 2978 βίοι·
1520 2910 1803 2980 προκοπῆς

220 2993 296 3056 δὲ,
331 2993 397 3046 τὸ
431 2995 567 3064 μετά
595 2995 657 3047 τὸ
683 2996 848 3048 αἰνεῖν
880 2995 942 3048 τὸ
971 2995 1398 3068 δνομααΚυρίου,
1435 2998 1596 3050 αὐτὸν
1629 2998 1692 3070 δὴ
1719 3001 1802 3052 αἱ-

220 3085 368 3138 νέσαι
414 3087 506 3138 τὸν
549 3087 782 3158 Κύριον·
818 3088 897 3140 δεῖ
927 3085 1035 3159 γὰρ
1070 3087 1284 3158 πρῶτον
1321 3088 1530 3159 μαθεῖν,
1564 3091 1644 3143 ὅτι
1687 3089 1800 3144 ἐστι

219 3175 350 3228 Θεοῦ
381 3178 578 3246 Λόγος,
610 3176 926 3248 ἐφεστηκὼς
949 3177 1027 3248 τῷ
1056 3179 1218 3232 παντὶ
1244 3180 1452 3250 κόσμῳ,
1481 3181 1575 3233 καὶ
1603 3180 1795 3233 δεσπό-

1861 526 1909 582 Α

2391 522 2708 580 PSALMUS
2755 526 3037 582 CXXXill.

2103 615 2270 672 Vens.
2305 618 2358 673 5.
2399 617 2685 672 Beuedicat
2718 629 2765 673 te
2797 620 3049 674 Dominus
3080 637 3146 675 ea:
3169 621 3320 676 Sion.

1998 704 2138 760 Olim
2173 709 2483 762 Abrahamo
2521 709 2721 763 dictum
2756 708 2894 764 fuit:
2931 711 3033 776 Qui
3077 722 3126 767 te
3161 715 3494 776 benedicunt,

1931 795 2182 850 benedicti
2219 809 2338 851 sunt
2362 797 2427 850 ³⁸.
2465 795 2773 852 Virtualiter
2798 810 2975 853 autem
3007 811 3176 856 semet
3209 803 3495 869 benedicit,

1929 891 2020 960 qui
2058 891 2110 944 id
2155 893 2285 960 agit.
2322 890 2473 957 Quod
2515 890 2560 945 si
2613 890 2665 944 in
2701 889 3013 945 Abraltamo
3049 893 3248 957 Valuit,
3291 904 3493 962 quanto

1930 982 2101 1052 magis
2127 981 2179 1036 in
2206 982 2473 1036 Domino?
2500 982 2614 1036 Non
2642 982 2785 1036 enim
2819 983 2868 1037 is
2908 997 3091 1039 nostra
3128 987 3493 1041 benedictione

1929 1075 2151 1146 indiget.
2211 1073 2594 1145 Unusquisque
2637 1083 2819 1129 autem
2876 1077 2979 1130 sibi
3029 1067 3389 1147 gratiﬁcatur,
3436 1089 3491 1133 et

1927 1167 2027 1222 sibi
2083 1168 2370 1227 benedicit.
2427 1169 2551 1236 quia
2605 1169 2843 1223 vicissim
2896 1170 2964 1222 ab
3019 1171 3256 1223 omnium
3310 1174 3485 1224 rerum

1924 1257 2185 1313 Creatore
2227 1259 2582 1313 benedicitur.
2629 1259 2751 1313 Ideo
2785 1261 2959 1328 primo
2994 1261 3195 1314 dictum
3231 1269 3313 1314 est
3341 1275 3356 1312 :
3389 1257 3491 1314 Be-

1922 1352 2144 1405 uedicite
2174 1350 2475 1406 Dominum.
2516 1350 2716 1405 Deinde
2746 1370 2758 1404 :
2793 1351 3072 1405 Benedieat
3103 1361 3153 1405 te
3177 1351 3450 1405 Dominus.

2386 1440 2708 1497 PSALMUS
2747 1441 3028 1498 CXXXIV.

1990 1531 2312 1589 Laudativus
2363 1533 2452 1588 hic
2484 1533 2721 1603 psalmus
2763 1536 2958 1589 merito
3005 1535 3346 1605 subiungitur
3388 1549 3486 1605 po-

1917 1631 2120 1678 stremo
2147 1625 2498 1689 canticorum,
2518 1626 2640 1693 quia
2683 1625 2870 1679 iisdem
2903 1625 3257 1680 locationibus
3285 1626 3482 1686 utitur;

1918 1730 2080 1784 quam
2113 1716 2182 1769 ob
2216 1730 2326 1770 rem
2357 1716 2576 1770 alleluia
2605 1732 2824 1786 quoque
2854 1717 2903 1772 ei
2937 1719 3306 1788 praeponitur:
3339 1732 3486 1770 nam-

1916 1822 2019 1876 que
2057 1805 2238 1871 allelu,
2273 1807 2490 1861 laudate
2529 1807 2818 1877 signiﬁcat,
2864 1809 2939 1872 ia,
2985 1808 3286 1863 Dominum.
3337 1807 3484 1861 Dicet

1844 1878 1886 1932 Β
1916 1915 2046 1953 sane
2072 1899 2268 1968 aliquis
2299 1901 2534 1969 priorem
2583 1899 2771 1968 psalmi
2819 1909 3047 1970 partem,
3086 1901 3272 1970 hymni
3305 1899 3478 1952 locum

1916 1987 2134 2051 tenere.
2171 1991 2422 2045 excitatis
2469 1991 2522 2045 in
2571 1991 2840 2059 protentio
2887 1991 2949 2043 iis
2982 1991 3072 2060 qui
3109 1990 3201 2044 Dei
3235 1989 3481 2044 laudibus

1911 2082 2155 2136 dicendis
2199 2083 2397 2136 addicti
2427 2093 2591 2147 sunt;
2639 2083 2728 2151 qui
2763 2097 2949 2152 reapse
2983 2081 3232 2136 laudandi
3266 2081 3475 2135 initium

1910 2173 2114 2227 faciunt
2133 2174 2200 2228 ab
2230 2173 2332 2229 illis
2353 2174 2556 2237 verbis,
2577 2190 2762 2228 nomen
2787 2185 2955 2238 tuum,
2981 2173 3218 2238 Domine,
3249 2174 3302 2228 in
3328 2183 3480 2228 auer-

1910 2280 2053 2317 num.
2099 2264 2350 2318 Doctrina
2400 2274 2579 2318 autem
2625 2265 2858 2319 traditur
2899 2265 2968 2318 ab
3002 2265 3157 2319 idolis
3207 2274 3476 2328 avertens,

1909 2367 1962 2411 et
2005 2357 2092 2410 Dei
2142 2355 2386 2410 notitiam
2439 2356 2717 2426 ingerens.
2769 2355 2896 2410 Haec
2939 2355 3046 2411 illis
3089 2356 3203 2410 lieri
3251 2356 3479 2411 debebat

1908 2447 2231 2512 adhortatio,
2264 2448 2354 2516 qui
2388 2464 2529 2502 nunc
2556 2463 2620 2502 ex
2648 2449 2882 2502 ethnicis
2915 2449 2980 2502 ad
3011 2448 3167 2502 tidem
3191 2447 3478 2512 accedunt,

1906 2555 2040 2608 quos
2074 2539 2235 2593 etiam
2283 2554 2470 2594 servos
2512 2540 2772 2609 appellat,
2826 2551 3012 2611 utpote
3054 2541 3304 2609 spiritmn
3344 2541 3477 2594 ado-

1905 2632 2105 2701 ptionis
2141 2633 2374 2686 nondum
2412 2631 2655 2700 adeptos.
2705 2631 2895 2687 Solent
2937 2642 3115 2686 autem
3148 2632 3200 2684 Ιιί
3229 2641 3355 2685 ante
3388 2645 3476 2684 re-

1904 2723 2269 2793 generationis
2313 2721 2611 2786 lavacrum,
2647 2723 2937 2778 stationem
2985 2723 3185 2778 habere
3232 2723 3282 2776 in
3318 2723 3477 2777 domo

1905 2815 1997 2870 Dei
2031 2825 2154 2870 ante
2194 2814 2360 2880 fores,
2394 2815 2631 2868 nomium
2663 2815 2713 2868 in
2765 2817 3020 2869 interiora
3055 2815 3252 2884 recepti
3285 2829 3300 2868 :
3348 2827 3474 2867 eru-

1902 2908 2126 2960 diuntur
2153 2905 2322 2970 enim,
2355 2907 2446 2960 sed
2494 2906 2672 2960 adhuc
2717 2921 2821 2959 non
2864 2917 2989 2960 sunt
3021 2905 3265 2974 perfecti.
3309 2904 3478 2958 Porro

1902 2993 2128 3046 diversae
2149 3001 2278 3046 sunt
2315 2991 2472 3056 aulae,
2518 2993 2646 3062 quia
2690 2994 2904 3047 diversa
2947 3002 3028 3048 est
3056 2995 3474 3047 catechumeno-

1904 3100 2020 3137 rum
2048 3085 2155 3136 vita
2184 3104 2195 3139 :
2226 3083 2429 3152 gradus
2460 3099 2587 3138 vero
2622 3085 2899 3153 provectio
2927 3096 3011 3140 est
3046 3095 3166 3153 post
3200 3085 3471 3139 laudatum

1903 3193 2094 3232 nomen
2133 3175 2364 3242 Domini,
2406 3175 2690 3230 Dominum
2737 3177 2915 3244 ipsutn
2963 3177 3205 3232 laudare.
3253 3177 3476 3246 Oportet

219 3267 323 3330 ζων
376 3269 564 3324 αὐτοῦ·
613 3265 733 3324 εἶτα
773 3270 899 3341 περί
945 3287 1004 3322 τε
1052 3270 1238 3334 οὐσίας
1279 3270 1446 3324 αὐτοῦ
1480 3271 1671 3342 μαθεῖν
1700 3273 1792 3325 καὶ

1912 3270 2040 3323 enim
2077 3268 2306 3336 primum
2341 3266 2585 3326 discere.
2623 3268 2711 3322 Dei
2747 3283 2867 3322 esse
2898 3268 3129 3322 Verbum
3171 3270 3313 3337 quod
3348 3268 3470 3320 uni—

218 3360 521 3432 δννάμεως,
549 3363 676 3416 Υἰόν
701 3379 760 3415 τε
775 3361 975 3431 γνῶναι
1005 3363 1264 3435 μονογενῆ
1295 3362 1388 3416 τοῦ
1421 3362 1578 3418 Θεοῦ.

1896 3377 2052 3414 verso
2117 3359 2313 3414 mundo
2359 3359 2611 3427 prmsidet
2663 3373 2728 3413 ac
2777 3358 3084 3414 dominatur
3125 3377 3140 3413 :
3187 3360 3382 3414 deinde
3417 3369 3474 3415 Ct

222 3453 332 3522 ejus
393 3454 757 3510 substantiam
810 3455 1215 3526 potentiamque
1268 3472 1621 3528 COgtIOSCCI‘c,
1661 3467 1715 3514 et
1753 3459 1893 3529 qttod
1936 3457 2026 3510 Dei
2061 3457 2133 3538 sit
2165 3454 2499 3524 Unigenitus.

236 3593 462 3647 Λινεῖτε
494 3590 603 3644 τὸν
625 3592 864 3660 Κύριον,
899 3594 988 3646 ὅτι
1030 3592 1252 3663 ἀγαθὸς
1284 3595 1519 3663 Κύριος,
1553 3614 1607 3650 κ.
1638 3614 1689 3651 τ.
1717 3597 1768 3652 λ.

293 3681 451 3734 Ἐπεὶ
482 3680 686 3750 ἀγαθὸς
710 3681 931 3755 Κύριος,
965 3684 1162 3736 αἰνεῖτε
1191 3684 1376 3739 αὐτόν.
1425 3686 1582 3738 Aleia
1611 3687 1667 3740 δὲ
1696 3687 1789 3740 τοῦ

215 3772 405 3833 αἰνεῖν,
441 3772 503 3825 τὺ
548 3773 753 3840 ἀγαθὸν
784 3775 844 3828 οὐ
886 3774 1026 3828 κατά
1070 3774 1282 3846 μέθεξιν
1323 3771 1484 3840 εἶναι,
1532 3776 1792 3842 ὡσαύτως

1897 3593 2058 3646 Vens.
2084 3591 2137 3645 5.
2163 3588 2400 3643 Lnudate
2417 3588 2718 3655 Dominum,
2736 3589 2860 3658 quia
2887 3588 3049 3643 bonus
3071 3586 3344 3651 Dominus,
3361 3597 3467 3644 etc.

1965 3682 2228 3749 Quoniam
2295 3681 2471 3737 bonus
2533 3690 2614 3736 est
2667 3681 2954 3745 Dominus,
3004 3681 3177 3750 ipsum
3229 3681 3467 3736 laudate.

1893 3773 2068 3829 Causa
2119 3781 2300 3827 autem
2355 3773 2610 3827 laudandi
2669 3782 2770 3836 est,
2824 3772 3035 3826 bonitas
3081 3774 3197 3842 ejus
3245 3789 3348 3826 non
3401 3789 3466 3826 ex

217 3862 268 3914 δὲ
299 3863 382 3936 τῷ
408 3864 586 3936 Πατρί
612 3865 711 3936 (9).
734 3866 998 3937 Αἰνοῦμεν
1021 3867 1077 3920 δὲ
1107 3868 1167 3919 οὐ
1193 3870 1258 3939 τῇ
1282 3866 1424 3932 λέξει
1454 3868 1632 3939 μόνον,
1657 3870 1791 3924 ἀλλὰ

1912 3863 2124 3931 ιιιειάίιιη
2151 3862 2579 3932 participatione.
2600 3861 2691 3915 sed
2715 3861 2835 3928 quia
2860 3861 3081 3930 perinde
3102 3871 3184 3916 est
3206 3877 3268 3918 ac
3284 3862 3463 3919 Pater.

217 3953 303 4005 καὶ
333 3954 556 4024 μεθέξει
589 3955 699 4009 τῶν
727 3957 946 4025 ἀγαθῶν
979 3956 1166 4020 αὐτοῦ,
1195 3957 1269 4022 ὡς
1301 3959 1418 4013 δέον
1463 3960 1519 4013 δὲ
1551 3964 1616 4033 τῇ
1655 3962 1790 4015 θεω-

221 4043 303 4114 ρίᾳ
351 4045 593 4109 καὶτοῖς
621 4045 1059 4118 θεολογουμένοις
1103 4051 1284 4122 ἔργοις
1317 4053 1578 4122 πράττειν
1621 4053 1793 4125 ἀρμὸ-

216 4133 292 4186 δια
313 4177 327 4197 ,
381 4136 464 4199 τὸ,
507 4136 745 4192 Tel-late
786 4138 866 4205 τῷ
897 4141 1140 4209 ὀνόματι
1167 4133 1398 4207 αὐτοῦ,⁹
1417 4145 1788 4215 ἐπενήνεκται·

217 4226 368 4281 τοῦτο
396 4227 507 4299 γὰρ
539 4228 638 4299 ἡδὺ
667 4231 761 4283 καὶ
798 4232 940 4303 ὑπὲρ
983 4235 1162 4286 πᾶσαν
1191 4235 1533 4308 χρηστότητα
1554 4252 1566 4265 ⁸
1610 4236 1792 4291 αἰνοῦ-

220 4333 310 4385 μεν
351 4318 411 4372 δὲ
446 4320 606 4374 αὐτὸν
635 4323 755 4374 ἐπεὶ
783 4323 1062 4391 ἐξελέξατο
1091 4326 1266 4397 ἐαυτῷ
1307 4326 1397 4380 τὸν
1442 4328 1792 4399 πτερνίζοντα

1895 3956 2203 4010 Laudamus
2233 3965 2410 4009 autem
2447 3968 2552 4007 non
2587 3953 2765 4006 verbis
2792 3952 2990 4018 solum,
3025 3953 3117 4007 sed
3149 3954 3312 4007 etiam
3345 3969 3468 4020 par-

1898 4046 2210 4116 ticipatione
2259 4045 2522 4118 bonorum
2565 4041 2679 4108 ejus
2729 4060 2742 4095 :
2793 4043 2919 4111 quia
2960 4045 3212 4097 nimirum
3254 4053 3468 4114 oportet

1897 4139 2207 4194 theoretica:
2237 4137 2592 4207 speculationi
2613 4147 2666 4192 el.
2693 4138 3006 4207 theologica:
3024 4139 3215 4209 regttlm
3235 4137 3466 4199 aclibus,

1895 4230 2130 4298 reliquos
2171 4245 2348 4283 mores
2392 4228 2724 4290 consentire,
2777 4227 3019 4291 Psallile,
3073 4230 3308 4282 additmu
3359 4238 3464 4291 est,

1895 4321 2096 4374 nomini
2152 4318 2288 4388 ejus,
2326 4319 2449 4387 quia
2499 4318 2655 4373 dulce
2701 4319 2752 4372 id
2792 4327 2913 4382 est,
2957 4329 3010 4372 et
3051 4334 3212 4390 super
3251 4335 3468 4374 omnem

219 4406 278 4459 τὰ
323 4407 478 4478 πάθη
528 4411 622 4462 καὶ
670 4411 768 4474 τὰς
813 4413 1008 4478 κακίας
1061 4415 1274 4478 Ἰακὼϐ,
1330 4417 1583 4471 ἐκλεκτὸν
1629 4419 1788 4472 αὐτὸν

1912 4412 2234 4466 ιυενίίοιειη.
2266 4410 2433 4466 Porro
2465 4427 2590 4466 eum
2619 4411 2923 4476 laudamus,
2953 4412 3076 4479 quia
3109 4413 3210 4467 sibi
3263 4412 3464 4482 delegit

217 4498 497 4566 τιθέμενος
525 4501 613 4556 διὰ
657 4503 718 4556 τὺ
760 4504 1179 4561 καταλελυκέναι
1211 4508 1309 4572 τὰς
1352 4511 1416 4563 ὲκ
1446 4511 1645 4574 κακίας
1693 4513 1788 4565 καὶ

220 4589 398 4641 παθῶν
431 4591 609 4656 πάλας
631 4609 643 4623 ·
680 4593 815 4648 ἀλλὰ
841 4598 1050 4651 καὶτὸν
1083 4601 1200 4668 μετ’
1231 4600 1392 4653 αὐτὸν
1436 4601 1528 4654 τὸν
1564 4601 1784 4667 Ἰακὼϐ,

217 4679 273 4731 ὲκ
300 4683 592 4753 προκοπῆς
633 4685 1020 4758 ἀποδειχθέντα
1064 4690 1300 4762 Ἰσραὴλ,
1345 4692 1425 4756 εἰς
1471 4711 1786 4764 περιουσια-

220 4771 342 4841 σμὸν
376 4773 556 4845 ἐαυτῷ
597 4774 894 4842 ἐξελέξατο·
933 4780 1026 4833 καὶ
1065 4780 1152 4834 διὰ
1183 4781 1340 4834 τοῦτο
1365 4782 1493 4846 λαός
1527 4783 1642 4836 ἐστι
1684 4801 1783 4836 πε-

219 4865 446 4933 pta-33:05
478 4867 586 4920 ἀπὸ
620 4869 835 4923 πάντων
874 4870 983 4925 τῶν
1015 4871 1183 4926 ἐθνῶν
1217 4873 1527 4946 περιουσίου
1561 4875 1785 4945 γενομέ-

217 4972 318 5024 νου,
355 4959 575 5012 πάντων
604 4962 730 5032 περὶ
756 4962 855 5032 τὴν
884 4963 1072 5016 οὐσίαν
1104 4964 1198 5017 καὶ
1229 4963 1325 5034 τὴν
1352 4963 1584 5035 ὓπαρξιν
1613 4980 1784 5018 κατα-

219 5050 514 5120 γινομένου,
558 5052 638 5124 τῷ
679 5055 923 5125 μετέχειν
964 5055 1132 5126 αὐτῆς
1171 5056 1321 5118 ὄντος
1350 5057 1444 5109 καὶ
1482 5053 1650 5126 σοφοῦ
1689 5057 1783 5109 καὶ

218 5141 377 5209 Λόγου
398 5143 556 5198 Θεοῦ.

219 5227 409 5305 Utinm
444 5229 562 5305 oga
603 5232 908 5305 ἠθέλησεν
941 5239 973 5289 o'
1027 5237 1239 5305 Κύριος
1276 5238 1566 5303 ἐποίησεν
1606 5239 1677 5292 ἐν
1705 5239 1785 5304 τῷ

277 5300 511 5375 (μ’φαιςῷ
544 5303 640 5355 καὶ
782 5303 856 5372 τῇ
904 5305 1001 5374 γῇ,
1045 5300 1124 5358 ἐν’
1154 5300 1282 5374 ταῖς
1316 5300 1652 5375 θαλάσσαις
1685 5300 1786 5363 καὶ

277 5367 342 5420 ἐν
370 5369 602 5438 πάσαις
632 5373 764 5440 ταῖς
796 5367 1110 5442 ἇϐὐᾶὰοις.

279 5459 461 5516 Πάντα
493 5464 596 5518 ὅσα
639 5467 894 5538 ἐποίησεν
935 5469 964 5523 ὀ
1012 5470 1236 5541 Κύριος,
1283 5469 1424 5526 καλά
1467 5471 1635 5537 ἐστιν,
1688 5472 1783 5526 ἅτε

282 5640 325 5673 ³⁸
347 5641 486 5698 Gen.
518 5662 618 5710 χιι,
654 5646 711 5701 5.

279 5732 350 5802 (8)
384 5733 480 5788 llic
509 5737 666 5814 vides
707 5739 922 5814 Eusebii
950 5740 1300 5814 Caesariensis
1356 5753 1619 5814 tempora,
1648 5746 1772 5814 qui-

351 5808 631 5926 ‘prtecipue
670 5811 1013 5866 etlmicorum
1053 5813 1120 5867 ad
1170 5814 1441 5870 Christum
1469 5808 1774 5872 'cont'ei'sio

315 5889 341 5925 a
372 5914 386 5926 .

315 5889 386 5928 at.

1893 4514 2222 4558 evertentem
2248 4503 2388 4558 mala
2416 4514 2470 4559 et
2499 4504 2811 4573 iniquitates
2834 4506 3002 4560 Jacob
3033 4545 3048 4568 ,
3081 4505 3310 4560 electmn
3341 4520 3463 4558 eum

1893 4599 2252 4661 constituens,
2301 4596 2425 4664 quia
2475 4596 2634 4651 solvit
2674 4599 2928 4668 nequitiae
2957 4598 3312 4666 dolorumque
3345 4612 3466 4651 cer-

1895 4686 2117 4740 tamina.
2151 4685 2255 4740 Sed
2286 4697 2343 4740 et
2376 4687 2524 4741 illmn
2556 4687 2646 4757 qui
2683 4698 2802 4758 post
2828 4689 3083 4744 Jacobum
3117 4689 3239 4752 fuit,
3278 4703 3468 4758 netnpe

1890 4791 2011 4831 eum
2039 4778 2130 4847 qui
2166 4777 2424 4847 temporis
2470 4794 2756 4848 progressu
2795 4781 2973 4836 dictus
3022 4790 3105 4835 est
3146 4779 3332 4842 Israel,
3374 4794 3466 4849 pe-

1890 4869 2144 4925 culiarem
2194 4869 2296 4924 sibi
2345 4885 2442 4924 ceu
2494 4872 2896 4940 possessionem
2935 4872 3136 4943 delegit
3179 4889 3194 4926 :
3240 4873 3464 4940 ideoque

1889 4961 2117 5031 populus
2163 4969 2244 5015 est
2288 4961 2598 5031 peculiaris,
2638 4978 2704 5018 ex
2746 4964 2996 5018 omnibus
3029 4963 3318 5034 gentibus;
3371 4975 3462 5028 pe-

1890 5052 2134 5113 culiaris,
2174 5053 2416 5120 inquam,
2455 5054 2726 5122 possessio
2774 5065 2828 5108 et
2873 5055 3177 5110 substantia
3213 5052 3459 5115 allectus,

1894 5155 2164 5214 quatenus
2197 5159 2316 5198 eam
2352 5154 2496 5200 tenet
2524 5146 2740 5215 sapiens
2767 5147 2858 5201 Dei
2888 5145 3144 5200 Verbum.

1893 5237 2057 5290 Vens.
2092 5235 2144 5289 6.
2197 5233 2388 5289 Omnia
2441 5252 2764 5305 qutrcunque
2812 5237 2980 5290 voluit
3037 5237 3289 5289 Dominus
3337 5234 3457 5302 fecit

1961 5309 2024 5429 ir;
2062 5306 2188 5387 uelo
2238 5317 2285 5359 et
2341 5310 2397 5358 in
2451 5317 2614 5372 terra,
2665 5317 2723 5360 tu
2767 5309 3001 5364 maribus
3054 5315 3102 5359 et
3156 5306 3211 5359 in
3257 5307 3457 5360 cunctis

1961 5395 1990 5429 n
2031 5393 2181 5429 ussts.

1960 5393 2181 5448 noyssts.

1964 5468 2310 5537 Quazcunque
2344 5469 2599 5524 Dominus
2649 5469 2797 5535 fecit,
2846 5468 2985 5522 bona
3021 5474 3167 5536 sunt,
3202 5469 3326 5538 quia
3363 5482 3458 5526 νο-

1951 5743 2051 5816 (8⁴)
2095 5744 2252 5800 Deest
2290 5745 2407 5803 τοῦ,
2443 5747 2600 5803 Enl'r.

1951 5815 2028 5881 (9)
2057 5815 2444 5872 Animadverte
2502 5817 2717 5874 Lusebii
2758 5820 3066 5878 doctrinam
3093 5824 3447 5880 ortnodoxstn

1879 5885 1944 5941 de
1973 5884 2082 5940 Deo
2113 5883 2326 5956 Verbo.‘
