3968 6496
602 338 673 396 51

1275 347 1545 423 ΕυΞΕΒΙΙ
1580 348 2058 408 ϐιΕΞᾹΒΙΕΝΞΙδ
2095 348 2247 407 OPP.
2286 352 2465 408 PARS
2502 354 2589 411 Ill.
2624 388 2692 399 —
2728 355 3132 416 EXEGETICA.

3781 370 3856 425 62

606 455 747 510 lente
778 456 884 511 Deo
916 457 982 512 ad
1010 459 1378 519 exsislendum
1408 470 1689 536 perducta.
1741 469 1796 524 Si
1829 469 1956 539 quid
1987 478 2144 524 tamet

2273 469 2685 544 θελήματιΘεοῦ
2699 477 3036 548 γεγενημένα
3055 496 3069 508 ·
3099 481 3147 540 εί
3179 478 3236 532 δέ
3261 480 3312 532 τί
3346 481 3493 535 ἐστιν
3520 483 3578 535 ἐν
3601 484 3848 559 οὐρανῷ,

602 554 689 601 est
729 549 779 602 in
819 553 979 613 coelo,
1016 552 1174 606 veluti
1202 557 1465 622 spiritalia
1501 561 1774 629 nequitiae,
1801 570 1895 614 aut
1929 561 1981 615 in
2011 569 2175 624 terra,

2276 564 2350 628 ὡς
2386 566 2453 619 τὰ
2486 569 2825 635 πνευματικά
2854 571 2951 637 τῆς
2985 572 3263 643 πονηρίας,
3300 574 3331 644 ἦ
3364 576 3421 629 ἐν
3463 580 3529 649 τῇ
3572 583 3640 650 γῇ
3674 582 3754 645 ὼς
3795 586 3849 636 οἱ

604 640 768 694 veluti
819 641 1065 697 homines
1111 655 1442 713 peccatores,
1495 660 1589 705 aut
1635 652 1687 705 in
1737 652 1997 718 maribus,
2032 654 2144 709 velu

2275 658 2585 730 ἁμαρτωλοὶ
2600 659 2944 734 ἀνθρωποι,ῆ
2980 665 3037 716 ἐν
3066 640 3184 727 ταῖς
3225 640 3542 734 θαλάσσαις,
3680 640 3848 745 ἡ-τοῦ

601 732 849 786 draconis
892 734 1224 801 improbitas,
1258 746 1351 793 aut
1391 740 1441 794 in
1483 742 1713 813 abyssis,
1743 745 2141 815 velutiniquita

2273 749 2561 821 δράκοντος
2589 753 2775 817 κακία,
2808 755 2840 825 ἢ
2877 732 2942 807 ἐν
2984 759 3102 830 ταῖς
3137 757 3397 823 ἀϐύσσοις
3423 732 3507 824 ὡς
3529 732 3573 833 ii}
3606 732 3851 837 πονηρία

599 821 951 879 scelestarum
1009 827 1242 894 illorum,
1296 832 1388 901 qui
1437 833 1562 888 illuc
1614 835 1767 891 abire
1805 837 1941 906 jussi
2002 848 2168 905 sunt;

601 912 755 982 haec,
817 918 1072 988 inquam,
1119 922 1260 977 Deus
1313 940 1418 980 non
1473 926 1653 984 eﬂecit
1710 931 1989 985 voluntate
2047 947 2165 987 sua.

603 1006 844 1078 Namque
872 1025 939 1064 ex
973 1027 1069 1067 ore
1099 1011 1309 1071 Domini
1344 1018 1487 1075 haud
1522 1021 1812 1090 prodibunt
1840 1021 1977 1076 mala
2010 1023 2168 1079 simul

597 1109 649 1153 et
702 1102 923 1159 bonum.

706 1192 870 1250 Vens.
904 1197 959 1253 7.
995 1199 1099 1265 Qui
1130 1202 1307 1256 educit
1341 1212 1518 1259 ventos
1546 1205 1610 1258 de
1642 1207 1903 1261 thesauris
1937 1208 2066 1263 suis.

671 1287 801 1343 Dum
854 1291 941 1347 hic
989 1293 1125 1349 dicit
1182 1301 1504 1364 thesauros,
1573 1303 1716 1357 haud
1764 1318 1894 1358 sane
1962 1306 2165 1362 indicat

596 1374 856 1447 quosdam
908 1400 1028 1441 esse
1084 1396 1371 1443 ventorum
1412 1391 1731 1460 thesauros,
1779 1394 1872 1449 sed
1919 1393 2162 1463 jubentis

595 1474 773 1541 potius
805 1477 1163 1542 celeritatem,
1196 1490 1252 1534 et
1286 1484 1363 1536 rei
1407 1499 1672 1553 possessae
1703 1494 1948 1556 paratam
1989 1487 2162 1543 facili-

593 1574 782 1621 tatem.
826 1568 977 1626 Sicut
1010 1574 1153 1628 enim
1185 1575 1275 1644 qui
1310 1576 1621 1632 thesaurum
1674 1580 1814 1650 apud
1860 1595 1919 1635 se
1968 1581 2155 1649 habet,

590 1659 842 1727 expedite
894 1663 1218 1733 admodum,
1272 1670 1700 1739 quotiescunque
1763 1670 1909 1738 vult,
1962 1683 2155 1727 cuncta

594 1745 723 1802 inde
758 1749 998 1820 profert;
1050 1755 1121 1809 ita
1155 1765 1210 1811 et
1231 1759 1470 1813 omnium
1510 1758 1740 1826 Creator
1768 1772 1957 1817 cuncta
2000 1762 2157 1819 facile

586 1837 783 1907 eﬂ‘ecit,
815 1852 868 1897 et
897 1845 961 1898 ad
990 1848 1367 1904 exsistentiam
1394 1852 1661 1919 perduxit.

695 1931 859 1988 Vens.
892 1935 947 1990 8.
998 1936 1104 2001 Qui
1142 1944 1399 2008 percussit
1428 1943 1776 2013 primogenita
1805 1944 2048 2017 ngy'pti.

580 2030 587 2031 ’
654 2026 790 2090 Quia
824 2029 1063 2084 nonnulli
1110 2033 1378 2088 mundana
1413 2038 1782 2094 tantummodo
1815 2054 1879 2094 ac
1910 2040 2153 2098 caelestia

582 2116 773 2172 dicunt
813 2120 1151 2189 providentia
1198 2125 1289 2180 Dei
1338 2127 1653 2195 gubernari,
1678 2129 2016 2185 demonstrat
2061 2134 2155 2187 hu-

584 2222 742 2262 mana
775 2225 991 2281 quoque
1026 2229 1170 2269 cura!
1204 2232 1324 2272 esse
1350 2219 1549 2287 eidem,
1588 2220 1678 2289 qui
1707 2229 1761 2274 et
1790 2236 1931 2277 nunc
1960 2224 2153 2293 impios

584 2298 760 2364 punit,
806 2309 861 2354 et
911 2303 1122 2372 piorum
1171 2321 1347 2376 genus
1394 2310 1649 2380 protegit.
1697 2311 1801 2367 Sed
1837 2314 1981 2369 enim
2022 2315 2150 2369 olim

583 2387 800 2453 quidem
829 2392 1008 2460 portio
1035 2405 1155 2450 erat
1184 2399 1416 2466 Domini,
1445 2402 1496 2456 id
1530 2412 1613 2457 est
1643 2403 1738 2458 Dei
1770 2405 1951 2474 Verbi,
1983 2421 2151 2477 popuo

583 2477 669 2534 lus
711 2480 829 2548 ejus
879 2482 1083 2551 Jacob,
1126 2487 1397 2546 funiculus
1436 2493 1771 2551 hzereditatis
1818 2496 1935 2568 ejus
1962 2497 2145 2556 Israel.

579 2566 871 2639 Postquam
909 2589 1036 2631 vero
1070 2578 1140 2633 ob
1180 2595 1333 2635 suam
1378 2566 1859 2655 irreligiositatem'
1891 2589 1979 2645 ille
2026 2606 2149 2659 pro-

576 2658 759 2727 lapsus
803 2672 918 2729 est,
969 2666 1172 2722 dictum
1217 2669 1318 2725 l‘uit
1367 2673 1659 2730 humanato
1689 2677 1871 2733 Verbo
1909 2698 1921 2734 :
1960 2658 2085 2737 Pete
2114 2701 2146 2737 a

577 2765 678 2813 me,
707 2762 757 2805 et
788 2755 923 2810 dabo
955 2758 1049 2811 tibi
1078 2770 1253 2829 gentes
1285 2762 1641 2821 hwreditatem
1674 2778 1817 2823 tuam
1840 2772 1904 2824 '9.

683 2928 845 2986 Vens.
878 2934 967 2989 i3.
995 2935 1238 3005 Domine,
1269 2957 1456 2997 nomen
1489 2953 1636 2999 luam
1677 2949 1730 3001 in
1764 2961 2038 3005 aeternum.

644 3020 782 3077 Nihil
811 3033 1091 3096 tantOpere
1125 3032 1192 3085 ad
1220 3033 1456 3088 divinam
1489 3035 1890 3094 Providentiam
1909 3055 2139 3111 spectat.

570 3128 731 3182 quam
774 3116 967 3171 docere
1007 3119 1277 3201 homines.
1313 3138 1378 3177 ne
1410 3140 1589 3180 rerum
1631 3128 1769 3183 hanc
1803 3131 2128 3187 universita-
2168 3165 2209 3221 ο

572 3213 676 3257 tem
708 3207 825 3262 sine
860 3208 1225 3277 gubernatore
1258 3229 1376 3269 esse
1409 3218 1654 3275 credant.
1701 3220 1876 3285 Quare
1916 3232 1971 3278 et
2006 3240 2136 3279 con-

574 3298 726 3353 tinua
753 3301 893 3369 apud
932 3318 1030 3361 nos
1071 3314 1153 3360 est
1190 3307 1286 3361 Dei
1319 3312 1599 3373 memoria,
1626 3312 1779 3380 cujus
1814 3317 2142 3385 magnitudi-

570 3401 693 3443 nem
741 3406 769 3444 a
805 3393 1102 3460 majoribus
1149 3398 1295 3451 servi
1329 3398 1445 3468 ejus
1478 3401 1685 3468 edocti,
1739 3407 2026 3472 prmsentia
2065 3409 2144 3463 di~

568 3495 692 3537 cere
727 3486 943 3540 discunt
977 3497 1032 3542 et
1061 3490 1286 3550 audent,
1338 3494 1472 3547 satis
1517 3496 1673 3565 gnari
1723 3496 1837 3551 fore
1871 3506 1928 3551 ut
1960 3514 2141 3555 recre-

566 3584 752 3643 entur,
784 3579 910 3648 quia
954 3580 1218 3647 judicium
1253 3584 1343 3638 liet
1375 3585 1441 3640 de
1472 3587 1679 3657 reliquo
1710 3590 1927 3660 populo,
1955 3609 2139 3650 eorum

566 3681 727 3722 causa
776 3669 866 3739 qui
906 3670 999 3725 Dei
1050 3689 1246 3728 nomen
1291 3676 1467 3731 sciunt
1502 3689 1557 3733 et
1595 3683 1855 3736 memoria
1903 3697 2137 3743 versant.

562 3757 669 3814 Pro
697 3761 778 3817 eis
824 3762 1039 3832 itaque,
1086 3772 1342 3836 tanquam
1373 3784 1475 3839 pro
1513 3774 1689 3829 servis
1724 3774 1881 3831 venia
1934 3781 2143 3848 egenti-

562 3851 666 3905 bus
681 3892 697 3911 ,
734 3853 1086 3922 deprecatur.
1435 3848 1442 3856 ’

674 3941 832 3997 Vens.
870 3945 957 4001 15.
990 3947 1144 4001 ldola
1173 3952 1405 4019 gentium
1436 3964 1711 4023 argentum
1742 3965 1792 4011 et
1821 3976 2031 4015 aurum.

634 4035 899 4092 Absoluto
938 4038 1243 4110 theologico
1273 4044 1418 4098 circa
1452 4044 1737 4102 Dominum
1780 4064 2052 4118 sermone,
2087 4064 2141 4110 et

561 4129 915 4196 providentiae
947 4130 1066 4199 ejus
1095 4137 1309 4204 magnis
1341 4139 1598 4206 Operibus
1629 4146 1984 4209 enumeratis,
2019 4157 2137 4201 tan-

559 4234 721 4286 quam
768 4223 945 4278 adhuc
990 4242 1178 4281 servos
1229 4244 1323 4284 eos
1365 4231 1671 4301 alloquens,
1715 4235 1805 4304 qui
1850 4252 1917 4290 ex
1952 4255 2139 4295 errore

559 4312 907 4381 polytheismi
950 4332 1122 4385 nuper
1164 4333 1552 4388 accesserant,
1600 4326 1788 4394 objicit
1832 4339 2135 4397 putatorum

556 4403 686 4456 olim
716 4406 784 4458 ab
816 4406 953 4475 ipsis
987 4409 1214 4465 deorum
1258 4414 1744 4485 vituperationem;
1778 4433 2135 4481 consentanee

2268 841 2376 895 τῶν
2428 846 2919 914 προστασσομένων
2959 848 3076 899 ἐκεῖ
3120 848 3369 905 ἀπελθεῖν
3422 851 3625 917 κακῶν,
3680 856 3849 910 τοῦτο

2268 933 2364 1002 οὐχ
2392 935 2420 986 ὁ
2452 934 2580 997 Θεὸς
2608 935 2825 1007 ἐποίησε
2855 937 2931 1007 τῷ
2959 936 3222 1008 θελήματι
3253 942 3415 995 αὐτοῦ
3439 959 3452 971 ·
3487 946 3549 997 ἐκ
3580 946 3688 1016 γὰρ
3715 948 3847 1000 στό-

2270 1038 2438 1090 ματος
2480 1023 2681 1095 Κυρίου
2732 1026 2831 1078 οὐκ
2898 1027 3238 1094 ἐξελεύσεται
3288 1032 3357 1086 τὰ
3417 1034 3564 1088 κακά
3620 1037 3714 1091 καὶ
3774 1038 3847 1093 τὸ

2266 1113 2489 1182 ἀγαθόν.

2416 1208 2469 1259 Ὁ
2496 1207 2726 1278 ἐξάγων
2755 1210 3011 1280 ἀνέμους
3036 1212 3104 1266 ἐκ
3137 1216 3452 1284 θησαυρῶν
3482 1221 3688 1278 αὑτοῦ.

2334 1297 2405 1349 Τὸ
2430 1300 2602 1353 εἰπεῖν
2634 1301 2697 1354 ἐκ
2729 1301 3037 1375 θησαυρῶν,
3063 1306 3123 1357 οὺ
3148 1306 3305 1361 τοῦτο
3348 1309 3496 1380 δηλοί
3522 1313 3602 1365 ὅτι
3629 1313 3842 1385 θησαυ-

2266 1387 2346 1457 ροί
2380 1390 2522 1453 τινές
2555 1392 2658 1444 είσι
2685 1392 2791 1445 τῶν
2825 1394 3060 1465 ἀνέμων,
3102 1397 3237 1452 ἀλλά
3263 1399 3324 1451 τὸ
3355 1400 3567 1469 ἕτοιμον
3590 1404 3685 1456 τοῦ
3710 1407 3840 1458 ἐπι-

2259 1478 2563 1545 τάττοντος,
2595 1481 2656 1533 τδ
2687 1481 2907 1537 εὔκολον
2945 1486 3044 1556 τῆς
3094 1488 3337 1557 κτήσεως
3382 1495 3841 1565 παρεσκευασμέ-

2260 1583 2380 1621 νον·
2433 1569 2618 1643 ὥσπερ
2664 1571 2730 1626 ἂν
2782 1575 2810 1626 ὁ
2862 1576 2919 1626 ἐν
2969 1574 3226 1648 θησαυρῴ
3273 1579 3410 1648 ἔχων
3463 1582 3599 1651 μετά
3644 1584 3836 1647 ἀδείας

2258 1656 2440 1727 ἐξάγει
2473 1660 2647 1714 πάντα
2671 1662 2762 1715 καὶ
2783 1664 2869 1715 ὅτε
2898 1663 3167 1734 βούλεται,
3198 1666 3369 1733 οὕτως
3395 1670 3487 1723 καὶ
3508 1672 3536 1723 ὁ
3562 1672 3651 1725 τοῦ
3684 1690 3830 1727 παν-

2255 1751 2345 1816 τὸς
2380 1754 2717 1826 Δημιουργὸς
2751 1756 2924 1809 πάντα
2949 1757 3183 1823 εὐκόλως
3214 1761 3432 1833 ἐποίησε
3462 1765 3553 1817 καὶ
3576 1768 3640 1836 τῇ
3666 1766 3831 1834 φύσει

2186 1827 2228 1882 Β
2259 1844 2591 1915 παρέδωκεν.

2437 1939 2541 2005 Ὃς
2568 1939 2826 2006 ἐπάταξε
2849 1942 2921 1997 τὰ
2945 1946 3289 2012 πρωτότοκα
3314 1947 3635 2016 Αἰγύπτου.

2338 2030 2553 2102 Ἐπειδὴ
2603 2032 2660 2084 δὲ
2709 2032 2777 2085 τὰ
2833 2032 3060 2088 καθόλου
3107 2037 3202 2089 καὶ
3239 2037 3464 2110 οὐράνια
3505 2038 3635 2108 φασί
3678 2056 3835 2106 τινες

2254 2124 2482 2195 προνοίᾳ
2513 2125 2827 2180 διοικεῖσθαι
2864 2128 3000 2201 μόνῃ
3033 2128 3188 2195 Θεοῦ,
3240 2130 3505 2185 δείκνυσιν
3547 2133 3623 2196 ὡς
3669 2133 3833 2204 μέλει

2254 2215 2346 2268 καὶ
2391 2216 2499 2269 τῶν
2551 2218 2903 2291 ἀνθρωπίνων
2947 2220 3115 2292 αὐτῷ,
3168 2223 3262 2275 καὶ
3312 2221 3404 2277 νῦν
3436 2224 3561 2287 τοὺς
3605 2225 3830 2289 ἀσεϐεῖς

2253 2306 2531 2371 κολάζοντι
2582 2311 2675 2363 καὶ
2717 2309 2825 2362 τῶν
2874 2312 3109 2365 εὐσεϐῶν
3151 2314 3499 2386 οἰκειουμένῳ
3538 2316 3599 2368 τὸ
3639 2317 3824 2385 γένος.

2266 2399 2422 2453 Ἀλλά
2456 2401 2620 2455 πάλαι
2651 2402 2749 2473 μὲν
2780 2398 2847 2474 ἦν
2884 2406 3039 2475 μερὶς
3072 2407 3295 2477 Κυρίου,
3331 2408 3527 2479 δηλαδὴ
3555 2408 3647 2462 τοῦ
3683 2409 3825 2462 Θεοῦ

2248 2492 2444 2561 Λόγου,
2478 2493 2604 2558 λαὸς
2650 2495 2812 2549 αὑτοῦ
2867 2496 3078 2563 Ἰακὼϐ,
3128 2501 3411 2571 σχοίνισμα
3457 2501 3830 2572 κληρονομίας

2249 2586 2413 2639 αὑτοῦ
2463 2587 2716 2659 Ἰσραήλ·
2765 2589 2952 2661 ἐπειδὴ
2994 2590 3050 2644 δὲ
3094 2592 3160 2643 δι’
3200 2593 3266 2663 ἣν
3313 2593 3532 2664 ἔδρασεν
3561 2594 3826 2649 ἀσέϐειαν

2248 2677 2449 2740 ἐκεῖνος
2490 2678 2860 2744 ἐκπέπτωκεν,
2896 2681 3372 2754 ἐνανθρωπήσαντι
3415 2685 3682 2740 λέλεκται·
3717 2688 3827 2742 Ατ-

2246 2782 2422 2833 τησαι
2456 2768 2589 2837 παρ’
2613 2770 2779 2838 ἐμοῦ,
2828 2770 2927 2824 καὶ
2952 2770 3121 2826 δώσω
3147 2790 3244 2827 σοι
3274 2774 3419 2843 ἔθνη
3451 2775 3566 2843 τὴν
3598 2779 3826 2845 κληρο-

2244 2855 2460 2923 νομίαν
2490 2872 2627 2910 σου.

2452 2950 2650 3016 Κύριε,
2684 2950 2749 3004 τὸ
2783 2951 2968 3024 ὄνομά
2999 2966 3114 3007 σου
3145 2956 3233 3020 εὶς
3266 2954 3371 3009 τὸν
3397 2956 3600 3010 αἰῶνα.

2316 3039 2478 3092 Οὐδὲν
2510 3040 2650 3094 οὕτω
2672 3044 2771 3113 τῆς
2794 3043 2942 3108 θείας
2968 3045 3249 3116 Προνοίας,
3272 3048 3347 3107 ὡς
3372 3048 3432 3100 τὸ
3454 3049 3658 3113 διδάξαι
3690 3051 3822 3114 τοὺς

2243 3129 2561 3199 ἀνθρώπους
2597 3132 2672 3202 μὴ
2715 3133 3006 3188 ἀδέσποτον
3034 3133 3171 3190 εἶναι
3206 3138 3267 3190 τὸ
3310 3140 3447 3190 πᾶν·
3492 3140 3611 3191 ὅθεν
3639 3142 3735 3194 καὶ
3785 3146 3820 3212 ὴ

2246 3219 2498 3290 διηνεκὴς
2527 3222 2691 3275 αὑτοῦ
2743 3226 2927 3296 μνήμη
2972 3227 3275 3299 καθέστηκε
3307 3228 3433 3299 παρ’
3469 3231 3620 3299 ἡμῖν,
3653 3225 3715 3284 οὗ
3758 3235 3822 3287 τὸ

2249 3313 2479 3383 μέγεθος
2526 3314 2613 3368 διὰ
2658 3316 2766 3369 τῶν
2821 3319 3197 3389 προλαϐόντων
3245 3324 3293 3374 oi
3331 3320 3504 3375 δοῦλοι
3550 3323 3820 3393 μαθόντες

2244 3413 2428 3477 αὐτοῦ,
2463 3415 2531 3469 τά
2561 3416 2800 3486 παρόντα
2831 3416 3007 3485 λέγειν
3032 3418 3373 3473 διδάσκονται
3400 3420 3492 3473 καὶ
3527 3421 3817 3493 παραθαρ-

2247 3503 2516 3575 ρύνονται,
2556 3505 2812 3576 μαθόντες
2848 3507 2921 3570 ὡς
2949 3510 3034 3561 ἐπ’
3063 3510 3246 3573 αὐτοῖς
3279 3510 3815 3583 παρακληθήσονται,

2242 3595 2340 3666 τῆς
2388 3597 2618 3666 κρίσεως
2667 3597 3065 3669 ἀκολουθούσης
3107 3604 3221 3664 τοῖς
3266 3601 3468 3667 λοιποῖς
3517 3601 3610 3655 τοῦ
3656 3603 3812 3668 λαοῦ,

2241 3689 2351 3749 τοῖς
2379 3689 2712 3756 ἐπεγνωκόσι
2743 3689 2803 3743 τὸ
2834 3690 3003 3761 ὄνομα
3036 3692 3220 3755 αὐτοῦ,
3256 3694 3349 3746 καὶ
3374 3694 3435 3746 τὸ
3469 3694 3815 3766 μνημόσυνον

2242 3775 2452 3846 ἔχουσιν
2475 3795 2487 3807 ·
2525 3779 2609 3830 ἐπ’
2640 3778 2867 3843 ἐκείνοις
2912 3780 2968 3833 δὲ
3002 3781 3076 3844 ὡς
3106 3781 3170 3835 ἂν
3202 3784 3293 3836 ἐπὶ
3325 3782 3528 3847 δούλοις
3561 3784 3810 3854 συγγνώ-

2243 3885 2348 3938 μης
2369 3868 2728 3939 ἐπιδεομένοις
2758 3872 3171 3941 παρακαλεῖται.
3796 3894 3799 3895 ν

2316 3958 2391 4011 Τὰ
2419 3960 2636 4013 εἴδωλα
2665 3960 2785 4014 τῶν
2811 3961 3002 4015 ἐθνῶν
3030 3964 3313 4032 ἀργύριον
3338 3965 3436 4017 καὶ
3461 3966 3737 4034 χρυσίον.

2308 4049 2633 4114 Συντελέσας
2666 4052 2760 4123 τὴν
2793 4054 2919 4125 περὶ
2962 4053 3056 4107 τοῦ
3110 4056 3314 4127 Κυρίου
3367 4056 3663 4124 θεολογίαν,
3713 4059 3810 4111 καὶ

2236 4139 2333 4209 τῆς
2381 4140 2634 4211 προνοίας
2682 4142 2845 4195 αὑτοῦ
2888 4142 2987 4206 τὰς
3039 4145 3436 4216 μεγαλουργίας
3484 4146 3806 4210 καταλέξας,

2236 4231 2311 4294 ὡς
2345 4231 2423 4284 ἔτι
2457 4231 2660 4295 δούλοις
2695 4233 2899 4303 ὁμιλῶν
2930 4237 3042 4296 τοῖς
3076 4237 3138 4287 ἐκ
3171 4236 3268 4304 τῆς
3306 4235 3567 4289 πολυθέου
3601 4236 3810 4307 πλάνης

2235 4324 2358 4393 ἄρτι
2384 4323 2859 4395 προσεληλυθόσιν,
2884 4326 3338 4397 ἁντιπαραϐἀλλει
3354 4326 3460 4379 τῶν
3484 4327 3648 4380 πάλαι
3676 4329 3806 4397 παρ’

2235 4416 2416 4479 αὐτοῖς
2457 4418 2855 4488 νενομισμένων
2896 4417 3029 4472 θεῶν
3080 4419 3169 4471 τὸν
3224 4417 3461 4488 ἔλεγχον,
3502 4417 3809 4481 ἀκολούθως

556 4494 812 4550 nimirum
862 4500 946 4553 his
994 4516 1114 4570 qua?
1159 4518 1323 4574 supra
1370 4508 1603 4572 dixerat,
1653 4526 1860 4579 nempe,
1902 4512 2011 4583 Ego
2041 4533 2128 4569 co-

2251 4502 2312 4573 δῖς
2363 4510 2617 4582 ἀνωτέρω
2648 4513 2857 4584 εἰρήκει
2877 4531 2890 4544 ’
2922 4514 3022 4577 ὅτι,
3090 4510 3235 4582 Ἐγὼ
3264 4512 3494 4581 ἔγνωκα
3514 4511 3601 4563 ὅτι
3624 4511 3808 4581 μέγας

553 4589 712 4655 gnavi
742 4591 881 4659 quod
918 4608 1139 4662 magnus
1170 4606 1247 4649 est
1272 4596 1551 4657 Dominus.
1585 4600 1650 4654 Et
1684 4601 1934 4658 Dominus
1962 4616 2135 4661 noster

552 4695 716 4747 supra
772 4698 950 4737 omnes
993 4684 1115 4739 deos
1144 4686 1211 4743 ⁸⁸).
1269 4687 1527 4745 Dominus
1563 4705 1747 4748 noster
1794 4695 1909 4751 haec
1947 4706 2001 4752 et
2047 4699 2131 4753 illa

554 4767 707 4836 fecit,
744 4780 855 4827 tum
891 4776 1187 4831 universim
1218 4786 1332 4832 tum
1356 4780 1518 4834 etiam
1551 4784 1848 4851 partiatim.
1880 4786 2130 4845 Gentium

553 4870 732 4915 autem
772 4863 866 4945 dii,
910 4865 1105 4934 quibus
1138 4883 1235 4924 vos
1271 4886 1486 4940 quoque
1513 4873 1725 4945 decepti
1752 4892 1939 4932 errore
1969 4889 2126 4936 antea

553 4941 879 5018 credebatis,
916 4955 1055 5010 nihil
1093 4970 1247 5012 erant
1280 4960 1426 5016 aliud
1454 4977 1613 5031 quam
1649 4941 1865 5020 mortua
1893 4977 1946 5022 et
1980 4981 2124 5025 muta

551 5041 862 5100 simulacra.
906 5046 1054 5102 Scite
1087 5059 1265 5106 autem
1303 5062 1357 5108 et
1385 5052 1742 5121 Symmachus
1767 5074 1884 5128 pro,
1929 5062 2124 5117 similes

549 5132 657 5186 illis
696 5136 827 5203 ﬁant
859 5140 949 5208 qui
990 5140 1193 5209 faciunt
1222 5159 1304 5208 ea,
1334 5146 1721 5217 interpretatus
1767 5166 1852 5208 εει
1896 5155 2120 5212 dicens:

551 5226 684 5279 velut
707 5229 820 5296 ipsa
846 5232 976 5315 βαηέ
1008 5236 1096 5301 qui
1120 5234 1320 5301 faciunt
1343 5255 1427 5303 ea,
1455 5250 1503 5293 et
1529 5243 1821 5314 quicunque
1843 5246 1969 5315 ipsis
1998 5265 2123 5303 con-

551 5316 749 5383 ﬁdunt.
788 5321 994 5376 Revera
1036 5324 1180 5378 enim
1213 5326 1304 5395 qui
1338 5327 1647 5385 inanimatis
1678 5334 1840 5388 rebus
1869 5345 2118 5405 tanquam

554 5407 657 5460 dtis
683 5414 994 5479 attendunt,
1029 5414 1396 5485 lapidescente
1440 5419 1641 5486 anima,
1676 5422 1817 5477 idem
1849 5428 2121 5495 patiuntur

552 5500 695 5568 quod
738 5502 836 5555 abs
880 5518 941 5558 se
981 5506 1121 5560 culta
1164 5508 1327 5577 idola,
1366 5524 1556 5579 nempe
1592 5512 1777 5568 oculos
1816 5516 2021 5575 habent
2064 5532 2119 5576 et

552 5603 657 5643 non
692 5591 895 5659 vident,
928 5610 1087 5652 aures
1115 5598 1317 5655 habent
1347 5610 1404 5655 et
1437 5616 1543 5655 non
1576 5603 1824 5660 audiunt.

623 5787 667 5820 ³⁸
695 5787 837 5847 Psal.
864 5808 922 5858 Il,
954 5794 1005 5848 8.
1086 5796 1128 5827 ⁵ο
1160 5795 1297 5851 Psal.
1334 5814 1551 5863 cxxxw,
1587 5798 1638 5853 5.

2234 4599 2468 4665 Κύριος,
2512 4600 2613 4653 καὶ
2669 4604 2701 4654 ό
2738 4602 2952 4669 Κύριος
2997 4599 3165 4669 ἡμῶν
3196 4600 3355 4668 παρὰ
3397 4598 3625 4664 πάντας
3663 4600 3806 4665 τοὺς

2234 4692 2407 4758 θεούς
2430 4695 2503 4745 ”ὁ
2536 4693 2634 4763 μὲν
2662 4694 2767 4766 γὰρ
2807 4693 3011 4764 Κύριος
3057 4691 3214 4763 ἡμῶν
3239 4693 3365 4745 τάδε
3403 4692 3496 4745 καὶ
3522 4692 3646 4744 τάδε
3691 4692 3805 4761 είρ-

2233 4782 2438 4850 γάσατο
2472 4783 2527 4837 ἐν
2556 4801 2614 4836 τε
2652 4787 2762 4847 τοῖς
2794 4784 3020 4837 καθόλου
3068 4784 3161 4836 καὶ
3208 4786 3266 4835 ἐν
3300 4785 3409 4845 τοῖς
3442 4782 3534 4833 ἐπὶ
3568 4782 3798 4852 μέρους·

2234 4876 2283 4927 οἱ
2312 4875 2367 4927 δὲ
2408 4875 2516 4928 τῶν
2558 4874 2727 4928 ἐθνῶν
2761 4875 2889 4939 θεοὶ,
2919 4876 3012 4940 οὓς
3039 4876 3134 4929 καὶ
3171 4875 3325 4927 αὑτοὶ
3372 4873 3801 4942 πεπλανημένως

2234 4967 2507 5036 ἐνομίζετε
2540 4967 2820 5039 πρότερον,
2859 4967 3011 5020 οὐδὲν
3050 4963 3189 5038 ἦσαν
3213 4967 3397 5037 ἕτερον
3426 4964 3458 5034 ἣ
3493 4964 3681 5018 εῑδωκα
3714 4982 3802 5018 νε-

2233 5059 2339 5129 κρά
2376 5058 2468 5111 καὶ
2504 5058 2683 5127 κωφά.
2723 5058 3035 5129 Χαριέντως
3065 5058 3121 5110 δὲ
3152 5056 3246 5111 καὶ
3288 5059 3316 5109 ὁ
3358 5055 3651 5127 Σύμμαχος
3678 5057 3797 5110 ἀντὶ

2230 5151 2345 5214 τοῦ,
2392 5150 2580 5219 ὅμοιοι
2623 5150 2827 5215 αὐτοῖς
2875 5148 3138 5219 γένοιντο
3182 5151 3235 5202 οἱ
3277 5147 3588 5214 ποιοῦντες
3624 5146 3794 5215 αὐτὰ,

2225 5244 2566 5314 ήρμήνευσεν
2590 5242 2780 5306 εἰπὼν,
2821 5243 2900 5308 ὡς
2929 5241 3079 5296 αὐτὰ
3103 5240 3370 5311 γένοιντο
3402 5244 3454 5293 ol
3484 5239 3799 5305 ποιοῦντες

2226 5336 2395 5400 αὐτὰ,
2427 5336 2522 5389 καὶ
2558 5335 2676 5401 πᾶς
2701 5340 2733 5389 ό
2759 5335 3055 5400 πεποιθὼς
3090 5333 3312 5402 αὐτοῖς.
3344 5334 3453 5387 Καὶ
3482 5332 3589 5403 γὰρ
3626 5332 3793 5395 ὅντως

2225 5421 2273 5471 οἱ
2310 5423 2421 5483 τοῖς
2449 5419 2673 5491 ἀψύχοις
2704 5421 2778 5484 ὡς
2812 5420 2953 5483 θεοῖς
2989 5420 3359 5490 προσέχοντες,
3388 5416 3576 5486 ὥσπερ
3609 5415 3795 5468 ἀπολι-

2227 5509 2484 5575 θωθέντες
2517 5512 2615 5582 τὴν
2647 5512 2844 5583 ψυχὴν,
2884 5511 2980 5564 καὶ
3020 5510 3173 5564 αὐτοὶ
3204 5510 3264 5561 τὸ
3292 5507 3423 5561 αὐτὸ
3461 5504 3790 5558 πεπόνθασιν

2222 5606 2335 5665 τοῖς
2368 5604 2853 5674 προσκυνουμένοις
2887 5604 2977 5656 ὑπ’
3018 5601 3214 5663 αὐτῶν,
3240 5597 3548 5669 ὀφθαλμοὺς
3574 5596 3795 5667 ἔχοντες.

2222 5699 2313 5751 καὶ
2338 5698 2397 5751 οὐ
2421 5697 2724 5767 βλέποντες,
2751 5694 2864 5754 ὦτα
2886 5697 3097 5770 ἔχοντες
3122 5697 3213 5751 καὶ
3237 5694 3337 5747 οὐκ
3363 5690 3667 5755 ἀκούοντες.
