3968 6570
220 410 297 469 38

318 525 594 595 Ὅμοιοι
620 526 825 594 αὐτοῖς
851 527 1117 597 γένοιντο
1144 531 1199 582 οἱ
1230 529 1545 599 ποιοῦντες
1573 533 1743 588 αὐτά.

286 615 363 669 οι
424 618 555 686 μὲν
596 618 983 689 προειρημένοι
1046 620 1221 689 ὅμοιοι
1278 622 1613 692 γενήσονται,
1661 624 1694 695 ἦ
1744 623 1837 678 καὶ

211 707 517 776 γεγόνασι
556 712 665 774 τοῖς
696 710 902 763 ἑαυτῶν
933 710 1074 774 Θεοῖς
1091 728 1104 740 ·
1132 714 1179 765 οἰ
1212 712 1267 766 δὲ
1292 716 1370 778 εἰς
1398 715 1488 768 τὸν
1513 716 1707 789 κλῆρον
1735 735 1839 770 πα-

214 798 631 869 ραληφθέντες
660 801 756 854 τοῦ
789 801 945 865 Θεοῦ,
971 802 1065 854 καὶ
1087 801 1216 866 λαὸς
1254 804 1417 858 αὑτοῦ
1462 807 1834 878 χρηματίσαν-

214 907 334 953 τες,
370 893 816 963 Εὑλογήσατε,
843 894 995 966 φησὶ,
1018 896 1125 949 τὸν
1140 897 1377 963 Κύριον.
1395 898 1667 952 τουτέστιν
1688 901 1836 953 ἀνευ-

213 984 576 1053 φημήσατε,
614 987 682 1039 τὰ
725 986 931 1058 μεγάλα
960 988 1181 1051 ἑαυτοὺς
1204 987 1559 1057 ὠφελοῦντεςο
1590 990 1833 1045 καλεῖται

212 1074 273 1127 δὲ
289 1074 548 1145 πρῶτον
564 1078 655 1130 ἐπὶ
668 1077 768 1149 τὴν
791 1079 1036 1148 εὐλογίαν
1060 1083 1088 1134 6
1103 1080 1202 1153 (θ’)
1221 1082 1354 1137 Θεοῦ
1370 1082 1549 1149 λαὺς,ὁ
1566 1085 1727 1163 καλού
1736 1104 1831 1157 με-

211 1182 308 1229 νος
343 1162 525 1232 οἶκος
572 1170 811 1242 Ἰσραὴλ,
861 1171 921 1224 τὸ
952 1172 1288 1245 ὑποϐεϐηκὸς
1325 1176 1509 1246 τάγμα
1552 1177 1647 1231 τοῦ
1696 1178 1832 1250 πλή-

212 1257 349 1322 θους
372 1276 389 1287 θ
423 1260 695 1333 δεύτερον
734 1263 790 1315 δὲ
816 1263 955 1317 κατά
985 1265 1250 1320 ἀνάϐασιν
1271 1269 1364 1320 καὶ
1390 1268 1660 1340 ὑπεροχὴν
1684 1266 1832 1335 οἶκος

225 1352 471 1423 ’Δαρών
498 1371 512 1383 ·
543 1355 639 1409 καὶ
678 1354 859 1425 τρίτον
889 1358 921 1427 ή
956 1357 1095 1429 φυλὴ
1128 1361 1274 1412 πᾶσα
1305 1363 1336 1431 ἡ
1365 1361 1610 1433 ἱερατικὴ
1635 1362 1829 1417 καλου-

217 1442 363 1515 μένη
395 1440 564 1509 οἶκος
606 1446 770 1500 Λευῖ·
816 1448 909 1501 καὶ
952 1448 1089 1519 μετά
1129 1452 1334 1514 πάντας
1365 1452 1619 1523 ἀνωτέρω
1650 1456 1696 1507 οἰ
1731 1471 1827 1524 φο-

214 1534 504 1607 ϐούμενοι
545 1538 638 1591 τὸν
664 1538 867 1611 Κύριον
885 1557 899 1572 ·
934 1536 1076 1595 οὗτοι
1103 1542 1160 1595 δὲ
1192 1538 1332 1614 ἦσαν
1372 1545 1507 1615 πρὸς
1530 1544 1621 1609 οὓς
1648 1547 1676 1597 6
1720 1549 1827 1611 πᾶς

214 1626 400 1698 ῦμνος
458 1632 947 1703 προσπεφώνηται*
999 1635 1048 1686 οἰ
1087 1633 1151 1705 δὴ
1198 1636 1255 1689 ὲν
1300 1636 1441 1709 ἀρχῇ
1487 1637 1580 1689 τοῦ
1626 1636 1825 1703 παντὸς

213 1719 459 1789 ψαλμοῦ
486 1721 867 1793 ὠνομασμένοι
886 1718 1079 1789 δοῦλοι,
1101 1725 1299 1797 δηλαδὴ
1315 1729 1363 1780 οἱ
1391 1728 1448 1795 ἐξ
1478 1727 1643 1782 ἐθνῶν
1660 1747 1825 1801 προσ-

218 1812 406 1875 ιόντες
456 1816 530 1884 τῇ
584 1814 783 1868 πίστει.
822 1817 883 1869 Εἰ
940 1817 1045 1890 γὰρ
1102 1818 1165 1870 τὸ
1203 1821 1310 1872 πᾶν
1367 1821 1630 1874 Ἰουδαίων
1675 1823 1824 1886 ἔθνος

1403 416 1903 477 COMMENTABIA
1940 420 2010 476 IN
2047 421 2383 481 PSALMOS.
3438 430 3508 486 54

1870 543 1919 601 Α
2090 537 2252 592 Vens.
2285 539 2373 593 18.
2413 537 2624 594 Similes
2657 539 2761 594 illis
2794 540 2926 609 ﬁant
2958 540 3047 610 qui
3077 540 3277 610 faciunt
3306 556 3389 597 ea.

2008 630 2255 686 Praedicti
2288 631 2586 687 idololatrze
2635 633 2840 688 similes
2888 632 3040 698 ﬁent,
3087 634 3175 689 vel
3217 634 3329 703 jam
3380 644 3508 690 sunt

1937 719 2088 786 facti,
2122 723 2225 777 diis
2250 724 2387 777 suis.
2425 722 2595 778 Secus
2637 739 2786 788 vero,
2822 724 2912 793 qui
2955 724 3008 778 in
3051 735 3250 778 sortem
3280 725 3372 778 Dei
3416 739 3504 779 as-

1935 812 2133 881 sumpti
2161 813 2316 881 estis,
2346 821 2403 867 et
2428 812 2655 882 populus
2685 814 2801 881 ejus
2829 811 3146 876 censemini,
3177 810 3498 875 Benedicite,

1934 902 2130 971 inquit,
2158 902 2382 957 Domino
2406 921 2425 968 ;
2463 905 2513 959 id
2530 914 2633 969 est,
2660 903 2985 967 collaudate,
3027 918 3130 969 non
3168 902 3284 956 sine
3308 916 3501 970 magna

1933 992 2165 1049 utilitate
2197 1005 2396 1049 vestra.
2429 994 2644 1051 Primus
2671 1006 2850 1050 autem
2880 996 2946 1049 ad
2980 994 3303 1049 laudandum
3341 1007 3503 1047 voca-

1934 1093 2021 1138 tur
2054 1084 2146 1139 Dei
2192 1085 2437 1154 popnlus,
2472 1086 2563 1154 qui
2609 1087 2803 1141 dicitur
2829 1086 3021 1141 domus
3064 1085 3278 1139 lsraelis
3302 1125 3319 1151 ,
3364 1086 3499 1139 ordo

1932 1177 2155 1231 inferior
2181 1177 2371 1243 plebis.
2420 1178 2668 1233 Secundo
2700 1178 2841 1243 loco,
2880 1179 2954 1232 uti
2996 1177 3195 1247 gradus
3232 1174 3500 1233 excelsior

1929 1279 1985 1325 et
2008 1271 2270 1335 eminens,
2306 1272 2497 1326 domus
2524 1272 2773 1327 Aaronis.
2802 1269 2987 1324 Tertio
3010 1267 3359 1324 sacerdotalis
3381 1267 3499 1320 uni-

1928 1376 2083 1417 versa
2107 1362 2297 1418 domus
2316 1363 2466 1419 Levi.
2494 1363 2773 1419 Postremo
2792 1362 3022 1432 denique
3045 1372 3296 1430 tanquam
3324 1358 3498 1413 omni-

1928 1454 2026 1509 bus
2059 1454 2395 1511 sublimiores
2420 1456 2510 1526 qui
2542 1455 3054 1511 timentDotninum.
3092 1453 3153 1507 lli
3188 1461 3333 1516 sunt,
3358 1465 3496 1520 quos

1928 1546 2209 1600 universus
2233 1548 2462 1616 hymnus
2483 1547 2791 1615 alloquitur.
2818 1545 2917 1612 Qui
2945 1555 3123 1599 autem
3150 1543 3301 1598 initi’o
3331 1543 3497 1597 totius

1928 1624 2113 1705 psalmi
2142 1638 2481 1706 appellantur
2509 1643 2677 1704 servi,
2715 1638 2750 1691 ii
2785 1646 2912 1691 sunt
2938 1637 3027 1705 qui
3063 1651 3127 1690 ex
3165 1634 3394 1689 ethnicis
3425 1633 3493 1685 ad

1927 1729 2082 1782 fidem
2117 1740 2479 1787 accesserunt.
2507 1729 2639 1784 Nam
2667 1732 2712 1785 si
2738 1731 2986 1785 universa
3008 1728 3311 1784 Judteorum
3348 1724 3495 1779 natio

1884 1840 1889 1893 ί
1926 1821 2196 1886 praedictis
2229 1822 2402 1878 tribus
2430 1823 2709 1878 ordinibus
2754 1821 3246 1893 comprehenditur,
3282 1817 3495 1873 lsraelis

218 1906 636 1978 περιείληπται
676 1908 763 1962 διὰ
806 1909 912 1963 τῶν
953 1910 1256 1982 εἰρημένων
1301 1912 1469 1984 τριῶν
1511 1914 1818 1984 ταγμάτων,

1929 1912 2194 1980 videlicet,
2235 1924 2291 1970 et
2330 1915 2653 1970 familiarum
2710 1917 2943 1971 Aaronis
2989 1929 3053 1969 ac
3082 1913 3250 1977 Levi;
3299 1912 3492 1979 reliqui

216 1997 314 2049 τοῦ
366 2015 437 2051 τε
496 1999 735 2071 Ἰσραὴλ,
779 2000 872 2053 καὶ
914 2000 1006 2053 τοῦ
1054 2001 1201 2055 οἴκου
1262 2001 1491 2073 Ἀαρὼν,
1533 2005 1626 2057 καὶ
1674 2004 1824 2058 οἴκου

223 2092 387 2156 Aeni,
427 2093 617 2163 ἕτεροι
649 2093 800 2165 παρά
822 2094 1041 2160 τούτους
1068 2096 1210 2161 τίνες
1235 2096 1300 2150 ἂν
1338 2092 1448 2151 εἶεν
1477 2099 1527 2152 οί
1560 2099 1826 2171 φοϐούμε-

218 2202 304 2236 νοι
336 2184 441 2238 τὸν
481 2187 713 2258 Κύριον,
746 2189 793 2239 εἰ
834 2188 906 2259 μὴ
948 2187 1007 2252 ἐξ
1040 2188 1208 2242 ἐθνῶν
1240 2188 1316 2260 τῷ
1358 2189 1449 2245 τοῦ
1502 2191 1636 2245 Θεοῦ
1682 2192 1843 2264 λόγῳ,

224 2276 749 2347 προσεληλυθότες;
776 2278 825 2331 οἳ
859 2280 952 2331 καὶ
989 2278 1327 2333 διδάσκονται
1352 2281 1609 2351 εὐλογεῖν·
1634 2286 1825 2338 Εὐλο-

224 2364 418 2431 τητὸς
441 2367 666 2434 Κύριος
690 2368 759 2420 ἐκ
780 2367 952 2433 Σιὼν,
972 2371 1004 2422 ό
1032 2369 1320 2423 κατοικῶν
1348 2372 1760 2443 Ἰερουσαλὴμ,
1786 2374 1821 2445 ἢ

226 2458 328 2529 τὴν
369 2460 467 2513 ἀεὶ
524 2461 791 2531 μένουσαν
837 2462 930 2516 τοῦ
966 2463 1098 2517 Θεοῦ
1149 2466 1319 2531 πόλιν,
1364 2468 1421 2520 ὲν
1468 2463 1501 2543 ᾖ
1539 2469 1599 2522 τὸ
1626 2470 1822 2543 ἀληθὲς

226 2555 404 2605 νοοῖτο
446 2552 517 2607 ἂν
546 2556 960 2627 κατοικητήριον
992 2556 1084 2609 τοῦ
1115 2557 1247 2610 Θεοῦ
1278 2558 1410 2630 (10).

774 2649 1063 2701 ΨΑΛΜΟΣ
1112 2652 1200 2703 PA
1208 2652 1279 2705 E'.

418 2738 509 2804 Τῷ
538 2740 861 2808 ποιήσαντι
891 2741 1195 2811 θαυμάσια
1216 2743 1450 2816 μεγάλα
1464 2748 1646 2815 μόνῳ.

295 2828 640 2902 Θαυμαστὸν
683 2833 739 2885 δὲ
780 2834 871 2886 καὶ¹
901 2834 1037 2905 πρὸς
1062 2833 1226 2901 λέξιν,
1258 2838 1305 2888 εἰ
1339 2839 1566 2909 οὐρανὸς
1603 2839 1700 2910 μὲν
1724 2840 1819 2893 καὶ

232 2922 367 2993 μόνῃ
386 2922 495 2994 θέᾳ
524 2925 627 2994 τὴν
649 2924 838 2993 σοφίαν
866 2924 1056 2996 δηλοῦν
1076 2926 1169 2979 τοῦ
1189 2927 1296 3000 (10)
1327 2928 1481 2993 Θεοῦ,
1513 2930 1731 2999 μεγέθει
1759 2949 1818 2984 τε

231 3013 325 3066 καὶ
354 3015 557 3068 κάλλει
584 3016 679 3069 καὶ
706 3016 1040 3089 πολυχρονίῳ
1070 3022 1203 3089 μονῇ
1227 3035 1239 3048 ”
1270 3021 1338 3091 γῆ
1383 3020 1442 3073 δὲ
1484 3022 1817 3093 πανταχόθεν

233 3106 681 3179 περικλυζομένη
724 3112 836 3173 τοῖς
879 3109 1033 3163 ὑδασι
1082 3110 1177 3163 καὶ
1228 3111 1484 3167 σύστασιν
1528 3113 1625 3185 τὴν
1681 3115 1816 3168 ἰδίαν

1926 2020 2034 2074 prae
2074 2006 2157 2059 his
2192 2007 2441 2063 timentes
2474 2007 2779 2071 Dominum,
2812 2008 3029 2078 quinam
3058 2017 3218 2061 erunt
3255 2004 3355 2060 nisi
3397 2005 3489 2073 qui

1925 2114 1989 2154 ex
2048 2100 2278 2156 ethnicis
2331 2102 2397 2156 ad
2450 2101 2545 2156 Dei
2606 2102 2901 2156 doctrinam
2958 2098 3341 2155 accesserunt?
3396 2097 3491 2168 qui

1923 2192 2086 2247 etiam
2119 2193 2380 2249 docentur
2407 2194 2485 2248 sic
2510 2194 2829 2248 benedicere
2857 2211 2871 2247 :
2903 2192 3211 2247 Benedictus
3234 2190 3491 2245 Dominus

1922 2297 1988 2336 ex
2026 2281 2185 2347 Sion,
2238 2285 2327 2355 qui
2372 2284 2573 2338 habitat
2630 2282 2967 2347 Jerusalem,
3028 2283 3142 2337 sive
3187 2290 3489 2337 manentem

1923 2359 2131 2443 semper
2167 2374 2259 2430 Dei
2291 2377 2596 2442 civitatem,
2629 2377 2682 2430 in
2723 2391 2830 2445 qua
2874 2390 3002 2429 vera
3041 2374 3133 2429 Dei
3175 2371 3491 2443 intelligitur

1921 2464 2202 2523 habitatio.

2398 2646 2720 2702 PSALMUS
2759 2645 3019 2702 CXXXV.

2044 2736 2206 2792 Vens.
2230 2737 2283 2792 4.
2321 2736 2389 2791 Ei
2410 2740 2497 2808 qui
2522 2739 2650 2809 facit
2682 2740 2948 2793 mirabilia
2974 2754 3162 2809 magna
3190 2735 3356 2792 salus.

1993 2826 2133 2883 Sane
2176 2829 2243 2883 ad
2291 2830 2525 2884 litteram
2578 2831 2823 2886 mirabile
2871 2840 2991 2895 est,
3056 2827 3485 2899 quandoquidem

1919 2920 2115 2975 caelum
2155 2920 2271 2975 solo
2310 2922 2504 2977 intuitu
2547 2924 2866 2992 sapientiam
2901 2923 2992 2978 Dei
3024 2920 3391 2991 magnitudine
3422 2935 3489 2975 ac

1918 3013 2319 3081 pulchritudine
2353 3030 2473 3081 sua,
2511 3025 2568 3070 et
2605 3026 2711 3069 tam
2747 3015 2982 3084 spatiosa
3014 3015 3228 3068 aevitate
3262 3014 3486 3067 demon-

1917 3113 2053 3158 strat
2094 3123 2108 3159 :
2150 3114 2295 3160 terra
2350 3117 2529 3161 autem
2576 3106 2899 3161 alluentibus
2955 3106 3191 3173 undique
3235 3103 3486 3157 ﬂuctibus

232 3196 616 3263 φυλάττουσαν
633 3214 644 3225 ·
674 3200 806 3251 πᾶσι
829 3201 884 3253 δὲ
904 3198 993 3252 τὸν
1014 3199 1227 3255 αἰώνιον
1253 3200 1399 3254 έλεον
1416 3204 1449 3287 .6
1478 3204 1815 3275 μελογράφος

1922 3198 2223 3254 ﬁrmitatem
2274 3214 2425 3255 suam
2484 3200 2742 3255 retinens.
2794 3199 2889 3254 His
2928 3198 3177 3253 omnibus
3227 3206 3483 3252 aeternam

236 3287 580 3353 συνέζευξεν,
608 3289 793 3361 ἐπειδὴ
820 3291 881 3343 ού
904 3290 992 3345 διὰ
1016 3293 1204 3363 χρείαν
1227 3278 1430 3348 οἰκείαν
1451 3298 1478 3349 ό
1501 3295 1652 3361 Θεὸς,
1678 3296 1815 3351 ἀλλά

1922 3290 2340 3346 misericordiam
2388 3292 2632 3348 melodus
2673 3292 2955 3357 innexuit,
3008 3291 3271 3359 siquidem
3343 3288 3487 3343 haud

231 3376 318 3431 διὰ
352 3379 530 3450 μόνην
560 3380 965 3452 φιλανθρωπίαν
988 3383 1413 3458 ἐδημιούργησεν
1440 3388 1671 3441 ἅπαντα.

635 3581 720 3648 Τῷ
747 3582 1075 3647 πατάξαντι
1106 3585 1428 3655 Αἴγυπτον.

301 3674 363 3727 Εί
398 3674 479 3746 μὴ
512 3674 791 3740 πέπεισαι,
835 3678 984 3747 φησί,
1024 3678 1251 3751 προνοίᾳ
1289 3680 1422 3733 Θεοῦ
1462 3684 1554 3735 καὶ
1591 3683 1813 3755 δυνάμει

234 3766 320 3819 τὸν
346 3770 647 3838 σύμπαντα
683 3769 883 3839 κόσμον
916 3770 1008 3823 καὶ
1032 3769 1101 3822 τὰ
1135 3770 1321 3823 τούτου
1352 3772 1492 3844 μέρη
1528 3774 1815 3847 διακυϐερσ-

240 3859 453 3924 νᾶσθαι,
493 3860 551 3911 ὲν
584 3861 868 3932 ἀμφιϐόλῳ
898 3862 955 3915 δὲ
981 3862 1123 3933 ἔχεις
1165 3866 1236 3934 μή
1269 3881 1343 3936 πη
1373 3864 1442 3918 τὰ
1480 3867 1620 3920 κατὰ
1651 3869 1814 3940 μέρος

235 3952 327 4005 καί⁵
358 3953 430 4007 τὰ
462 3953 779 4026 ἀνθρώπινα
824 3956 1127 4025 παρορᾶται
1164 3956 1254 4008 ὑπ’
1293 3957 1479 4021 αὑτοῦ,
1512 3960 1702 4028 γνῶθι,
1732 3963 1814 4014 ὅτι

238 4046 327 4097 καὶ
348 4046 463 4099 τῶν
492 4048 585 4099 ἐπὶ
614 4047 717 4117 γῆς
750 4046 847 4115 ούχ
871 4043 1030 4118 ἦττον
1067 4048 1100 4118 ἢ
1128 4047 1236 4101 τῶν
1270 4051 1390 4102 κατ’
1428 4051 1654 4122 οὐρανὸν
1684 4070 1815 4124 προ-

240 4145 382 4193 νοεῖ·
421 4142 747 4212 μετέρχεται
778 4142 907 4211 γοῦν
943 4142 1080 4196 κατά
1109 4144 1331 4214 χρόνους
1366 4144 1472 4197 τῶν
1513 4143 1813 4216 ἀνθρώπων

240 4231 354 4282 καθ’
382 4232 695 4303 ὑπερϐολὴν
720 4232 909 4296 ἀθέους
935 4234 1029 4287 καὶ
1055 4235 1289 4299 ἀσεϐεῖς,
1319 4235 1467 4289 ῶσπε
1477 4253 1507 4307 ρ
1537 4236 1666 4288 ποτὲ
1690 4238 1813 4301 τοὺς

237 4321 568 4389 Αἰγυπτίους
597 4323 879 4394 μετῆλθεν,
913 4326 1004 4377 καὶ
1033 4325 1200 4395 αὑτὴν
1224 4325 1319 4396 τὴν
1351 4314 1653 4394 Αἰγυπτίαν
1679 4328 1810 4397 γῆν.

242 4412 572 4485 Προῑσταται
619 4415 676 4467 δὲ
726 4416 884 4470 πάλιν
913 4417 1004 4469 καὶ
1036 4417 1345 4488 ὑπερμαχεῖ
1385 4416 1493 4469 τῶν
1526 4417 1809 4485 θεοφιλῶν,

240 4508 326 4558 καὶ
354 4508 418 4560 ού
452 4507 628 4577 μόνων
652 4506 851 4570 αὐτῶν,
879 4507 1014 4560 ἀλλὰ
1034 4510 1127 4561 καὶ
1152 4508 1259 4562 τῶν
1281 4508 1487 4562 τούτων
1508 4510 1808 4578 ἀπογόνων,

1917 3382 1987 3436 ob
2016 3381 2245 3451 aliquem
2293 3399 2449 3438 suum
2499 3398 2651 3437 usum
2682 3381 2824 3436 Deus
2847 3423 2862 3446 ,
2905 3383 2999 3437 sed
3042 3383 3112 3437 ob
3150 3380 3317 3436 solam
3355 3394 3486 3452 erga

1919 3471 2166 3527 homines
2202 3472 2585 3543 benignitatem
2615 3474 2796 3527 omnia
2839 3472 3065 3527 creavit.

2179 3585 2344 3641 Vens.
2374 3587 2462 3642 10.
2500 3586 2604 3652 Qui
2632 3587 2886 3655 percussit
2910 3585 3223 3656 ﬂgyptum.

1989 3674 2045 3730 Si
2090 3675 2229 3731 forte
2274 3678 2417 3731 haud
2449 3678 2647 3742 credis,
2681 3679 2874 3748 inquit,
2905 3679 2996 3732 Dei
3037 3674 3367 3747 providentia
3421 3688 3485 3729 ac

1916 3767 2114 3822 virtute
2156 3769 2468 3823 universum
2519 3770 2777 3823 mundum
2810 3768 3032 3838 ejusque
3079 3780 3257 3838 partes
3287 3767 3482 3837 guber-

1918 3861 2068 3923 nari,
2119 3862 2441 3930 dubitasque
2488 3877 2573 3916 res
2626 3860 2937 3929 singillatim
2992 3862 3256 3914 humanas
3304 3859 3372 3912 ab
3419 3873 3485 3911 eo

1917 3950 2147 4005 fortasse
2192 3952 2407 4022 negligi,
2452 3952 2611 4005 velim
2659 3952 2821 4016 scias,
2870 3952 3044 4019 ipsum
3084 3965 3170 4004 res
3212 3949 3350 4003 haud
3382 3950 3481 4001 mi-

1916 4058 2017 4097 nus
2045 4054 2285 4099 terrenas
2316 4059 2473 4113 quam
2509 4043 2755 4107 ccelestes
2792 4059 3003 4097 curare.
3034 4042 3172 4112 Ergo
3207 4041 3484 4111 persequi-

1914 4144 2022 4202 tur,
2050 4137 2380 4204 temporibus
2408 4137 2634 4199 idoneis,
2666 4137 2910 4190 homines
2935 4136 3231 4203 praesertim
3262 4137 3484 4204 insigni-

1917 4238 2000 4282 ter
2033 4227 2364 4298 irreligiosos
2416 4238 2470 4280 et
2522 4228 2749 4295 impios;
2792 4227 2950 4279 sicuti
2993 4225 3283 4294 aliquando
3316 4225 3485 4295 Egy-

1914 4321 2039 4390 ptiis
2072 4333 2367 4387 eorumque
2415 4320 2617 4387 regioni
2666 4318 2927 4371 incubuit.
2963 4316 3206 4387 Protegit
3243 4317 3481 4371 vicissim

1915 4424 2074 4482 atque
2112 4411 2349 4467 defendit
2395 4410 2621 4464 dilectos
2668 4425 2823 4473 suos,
2882 4400 3059 4479 neque
3108 4410 3206 4463 bos
3254 4418 3482 4473 tantum,

1912 4518 2098 4557 verum
2128 4503 2290 4556 etiam
2329 4501 2563 4569 ipsorum
2615 4508 2895 4567 posteros;
2944 4499 3101 4552 sicuti
3134 4512 3322 4566 reapse
3354 4498 3486 4553 fecit

241 4595 425 4669 ῶσπερ
468 4599 577 4651 τῶν
615 4599 703 4653 διὰ
734 4600 1010 4663 Μωὺσέως
1056 4599 1512 4672 ὴλευθερωμένων
1544 4602 1665 4655 τότε
1711 4602 1811 4671 τῆς

1922 4586 2113 4664 ereptis
2144 4604 2269 4649 tunc
2300 4609 2396 4663 per
2418 4592 2653 4664 Moysem
2686 4591 2753 4644 ab
2776 4590 3151 4663 Egyptiorum
3182 4591 3480 4656 servitute;

240 4693 362 4762 παρ’
394 4692 715 4760 Αἰγυπτίοις
754 4691 1015 4756 δουλείας,
1053 4691 1145 4755 οὓς
1184 4691 1554 4763 ἠλευθέρωσεν
1596 4693 1758 4755 αὐτὸς
1784 4694 1813 4746 6

237 4781 325 4836 ἐπὶ
355 4784 576 4836 πάντων
602 4782 753 4846 Θεὸς,
778 4782 878 4835 οὑκ
908 4782 1079 4845 ἄλλως
1112 4783 1144 4852 ἢ
1180 4784 1521 4856 ἐκτεταμένη
1549 4786 1692 4857 χειρὶ
1717 4785 1812 4837 καὶ

243 4874 446 4945 ἰσχυρῷ
483 4873 726 4945 βραχίονι
770 4874 1142 4945 χρησάμενος’
1170 4876 1254 4946 εἴη
1284 4875 1328 4928 δ’
1357 4875 1423 4931 ἂν
1455 4870 1609 4941 οὗτος
1645 4877 1674 4928 ὁ
1716 4874 1810 4930 τοῦ

278 5010 406 5079 (θ’)
458 5012 623 5065 Deest
653 5011 767 5066 τοῦ.
809 5011 965 5068 Eutr.

301 5084 415 5150 (l0)
458 5083 513 5135 In
544 5083 822 5137 codicibus
846 5083 907 5137 Ι).
936 5084 972 5137 f.
1008 5083 1133 5140 257.
1172 5085 1227 5147 b,
1257 5094 1311 5140 et
1334 5085 1400 5141 G.
1435 5085 1471 5139 f.
1513 5084 1642 5149 207,
1684 5084 1804 5141 aliis

240 5155 431 5221 partim
471 5153 649 5206 verbis
678 5153 817 5206 idem
848 5153 960 5208 fere
985 5153 1345 5221 fragmentum
1382 5156 1658 5210 scribitur.
1686 5157 1803 5208 ΕΥ-

238 5220 496 5293 ΣΕΒῘΟΥ.
524 5221 707 5293 Ταῦτα
728 5224 825 5293 μὲν
847 5222 953 5291 εἴη,
976 5220 1127 5292 φασὶ,
1146 5229 1258 5288 τοῖς
1278 5226 1491 5279 ποιοῦσι
1509 5226 1577 5279 τὰ
1590 5227 1799 5279 εἴδωλαο

239 5292 337 5371 ὁδε
371 5292 499 5385 λαὸς
528 5292 636 5385 τρῦὶ
657 5292 859 5381 κυρίου
893 5296 986 5385 καὶ
1023 5299 1051 5348 ὁ
1084 5294 1281 5377 κλῆρος
1304 5297 1467 5385 αὑτοῦ
1487 5297 1806 5385 ἀπολαυέτω

241 5362 330 5431 τῆς
383 5365 463 5425 εἰς
509 5364 673 5416 αὑτὸν
725 5362 1036 5435 εὐφημίας’
1076 5362 1291 5436 πώτον
1337 5369 1365 5419 6
1404 5362 1551 5429 οἰκος
1592 5367 1806 5438 Ἰσραὴλ

240 5434 417 5508 τάγμα
441 5434 504 5485 τὸ
528 5434 893 5508 ὑ-ποϐεόηκός·
917 5429 1044 5508 Δεἶτα
1069 5436 1128 5488 τὸ
1158 5437 1524 5508 ὑπερανέχονε
1536 5433 1683 5501 οἰκος
1712 5438 1804 5491 τοῦ

252 5501 455 5578 ’Λαρῶν
479 5520 491 5532 ·
524 5501 644 5578 εἶτα
680 5501 787 5578 τῶν
819 5505 1005 5576 ἱερέων
1034 5509 1066 5578 ἡ
1099 5508 1247 5578 πᾶσα
1266 5501 1446 5577 Ῑςρυλῆ,
1474 5504 1621 5571 οἰκος
1652 5509 1803 5560 Ἀευῖ·

241 5575 326 5650 καὶ
354 5574 935 5650 πάντωνῌάνῶτερονοί
965 5574 1127 5650 φοϐού
1138 5574 1282 5647 μενοι
1299 5574 1391 5631 τὸν
1408 5574 1639 5650 Κύριον,
1669 5579 1807 5650 πρὸς

242 5643 323 5707 οὓς
355 5647 383 5696 6
428 5646 535 5708 πᾶς
579 5644 745 5725 ὕμνος
777 5643 1277 5719 προσπεφώνηται·
1336 5649 1429 5701 καὶ
1468 5643 1587 5702 κατ’
1634 5643 1807 5718 ἀρχὲς

244 5712 534 5738 :ix:n___..
564 5715 731 5738 »μὴν
792 5717 853 5738 ολ
885 5709 954 5738 1,..
981 5719 1051 5738 με
1085 5735 1097 5738 -
1138 5718 1190 5738 u-
1247 5716 1407 5738 ιαμ-η
1503 5736 1513 5738 ,
1573 5736 1691 5738 .-μμ
1744 5720 1778 5738 ,1

243 5715 534 5786 ἐρρέθησαν
560 5715 755 5778 δοῦλοι,
787 5715 853 5770 δι’
881 5715 955 5769 ὧν
976 5715 1098 5780 τοὺς
1128 5715 1192 5784 ἐξ
1243 5716 1409 5770 ἐθνῶν
1454 5715 1809 5771 πεπιστευκό-

243 5798 331 5847 τας
360 5785 658 5859 ἐδήλωσεν·
688 5787 831 5859 τίνες
866 5789 975 5859 γὰρ
1006 5790 1054 5842 οἰ
1088 5787 1412 5858 φοϐούμενοι
1446 5790 1535 5842 τὸν
1582 5788 1805 5858 Κύριον,

246 5856 382 5924 παρὰ
412 5856 482 5912 τὰ
514 5857 643 5928 τρία
668 5857 925 5928 τάγματα
946 5856 1054 5912 τῶν
1087 5856 1383 5925 Ἰουδαίωνς
1410 5860 1546 5914 Σιὼν
1571 5860 1626 5914 δὲ
1662 5856 1807 5928 λέγει

1896 5769 2082 5859 δλέγων
2102 5804 2115 5859 _°
2145 5769 2408 5859 Εἰρήῶυῃν
2432 5769 2547 5859 {hic

1916 4704 2050 4759 quos
2103 4689 2215 4756 ipse
2263 4688 2563 4743 communis
2614 4685 2756 4740 Deus
2811 4684 3062 4739 liberavit
3112 4684 3251 4739 haud
3300 4684 3480 4749 aliter,

1920 4797 2077 4851 quam
2128 4795 2288 4833 manu
2340 4794 2433 4833 sua
2475 4788 2719 4843 extenta,
2757 4777 3089 4846 brachioque
3133 4776 3258 4832 forti
3304 4786 3479 4830 utens.

1917 4874 2014 4928 Est
2062 4880 2239 4927 autem
2288 4871 2392 4927 hoc
2438 4871 2613 4940 ipsum
2652 4869 2746 4924 Dei
2792 4866 3044 4934 Verbum,
3095 4882 3191 4936 per
3236 4866 3377 4935 quod
3428 4875 3485 4919 et

1914 5011 2428 5084 καὶ-Ἰερουσαλὴμ,
2456 5012 2555 5081 τὴν
2581 5010 2668 5063 ἀεὶ
2700 5007 3089 5084 μένουσαν-τοῦ
3133 5003 3267 5084 Θεοῦ
3304 5001 3479 5084 πόλιν,

1911 5087 1968 5157 ὲν
2095 5072 2155 5135 τὸ
2183 5072 2861 5157 -ἁίληθὲςκατοι-κητῇριον
2900 5074 3203 5157 τοὶΘεοῦρ
3239 5072 3394 5157 ’κατά
3421 5073 3477 5125 δὲ

1909 5142 2112 5224 νόηὲιν,
2148 5155 2196 5206 οί
2221 5142 2515 5224 διορατικοί
2551 5142 2822 5224 μὲνέοίᾇὶος
2848 5149 2945 5224 τοῦ
2984 5144 3204 5224 Ἰσραὴλ.
3228 5142 3479 5224 ὀψόμενοι

1912 5215 2128 5295 καθαρᾶ
2174 5215 2370 5295 καρδία
2418 5215 2579 5275 Θεόν”
2623 5223 2670 5274 οἱ
2698 5221 2755 5274 δὲ
2787 5219 3005 5279 τελείως
3046 5215 3161 5268 καί
3193 5215 3482 5297 ἱερατικῶς

1912 5295 2074 5347 αὑτὸν
2096 5279 2182 5346 ἀεὶ
2206 5292 2622 5347 θεραπεύοντες.
2646 5287 2792 5347 οἰκος
2832 5286 3067 5347 Ἀαρῶνα
3122 5283 3217 5336 καὶ
3260 5284 3308 5334 οἱ
3357 5300 3481 5336 του-

1912 5305 2074 5348 αὑτὸν
2096 5305 2182 5346 ἀεὶ
2206 5305 2622 5365 θεραπεύοντες,
2646 5305 2792 5353 οἰκος
2837 5305 3067 5372 Ααρων·
3122 5305 3217 5336 και
3260 5305 3308 5365 οι
3357 5305 3477 5365 του-

1911 5382 2019 5440 των
2052 5364 2440 5440 ὑποδεέστερον
2465 5363 2583 5434 μὲν,
2605 5361 3093 5440 ὲξυπηρετουμεγοι
3134 5354 3191 5406 δὲ
3234 5370 3477 5440 τῳνναῳ3

1914 5431 2061 5497 οἰκος
2088 5434 2238 5497 Λευῒ,
2264 5425 2358 5497 οὓς
2387 5425 2566 5495 ἄν’τις
2591 5425 2918 5501 νεωκόρουςΔ
2936 5425 3243 5501 καλέσειεν·
3288 5425 3407 5477 εἶτα
3424 5425 3477 5501 οἰ

1914 5506 1971 5570 ἐξ
1996 5494 2295 5574 ἀλλογενῶν
2317 5494 2464 5573 φόϐῳ
2497 5494 2628 5574 Θεοῦ
2668 5494 3075 5574 προστιθέμενοι
3096 5494 3347 5574 ’-πάντες
3382 5494 3481 5574 μὲν

1912 5565 2003 5633 οῦν
2033 5565 2363 5643 εὐλογοῦσιν,
2401 5565 2676 5643 ἀναλόγως
2711 5565 2770 5621 δὲ
2817 5565 3066 5643 ἕκαστος
3111 5565 3258 5636 δηλοῖ
3294 5565 3351 5617 δὲ
3367 5565 3479 5643 Δκαὶ

1904 5634 2358 5720 τὴνἙκκλησίαν
2391 5634 2761 5720 Ἰερουσαλῄμὶ
2802 5638 2900 5711 τὴν
2930 5637 3005 5720 μὴ
3034 5634 3259 5720 έχουσαν
3290 5634 3476 5720 σπῖλον

1900 5705 2219 5789 ιῆ”ρυτίδα,’
2248 5717 2344 5785 τὴν
2399 5705 2620 5834 εἰρήνην
2663 5705 2891 5781 ὁρῶσαν,
2931 5705 3003 5780 ἢν
3044 5705 3248 5789 ’[ησοῦς
3294 5705 3476 5759 δίδωσι

1900 5769 2082 5834 ῐλέγων
2103 5804 2115 5816 ⁶
2147 5784 2408 5834 Εἰρήνην
2432 5783 2547 5834 τὴν
2602 5780 2722 5834 μὴν
2756 5779 2960 5834 δίδωιιι
2983 5781 3143 5834 ὑαιν.

2596 5779 2722 5850 μὴν
2756 5779 2963 5846 δίδωμι
2983 5779 3143 5848 ὑμῖν.

1983 5851 2120 5929 (10‘)
2162 5851 2416 5923 Δήλοῦν.
2451 5854 2607 5907 Forte
2633 5851 2799 5922 δηλοῖ.
2842 5851 2997 5905 Eutr.
