3968 6500
487 354 557 409 ’53
1159 346 1428 403 EUSEBII
1466 344 1937 403 CESARIENSIS
1972 343 2124 400 OPP.
2165 343 2342 399 PARS
2378 344 2463 403 Ill.
2505 376 2571 387 —
2611 343 3020 401 EXEGETICA.
3672 342 3757 398 56

487 471 616 525 olim
661 478 716 524 et
790 481 931 521 nunc
980 465 1143 521 etiam
1192 475 1383 519 cuncta
1435 466 1748 522 hominibus
1791 464 2051 521 beneficia

2158 462 2286 515 Θεοῦ
2316 464 2484 531 Λόγος
2509 464 2641 534 (Η),
2669 462 2734 517 δι’
2767 457 2827 517 οὗ
2854 463 2949 517 καὶ
2974 462 3137 517 πάλαι
3161 463 3254 515 καὶ⁵
3276 459 3368 515 νῦν
3395 461 3492 525 τὰς
3522 464 3598 525 είς
3640 463 3753 514 ἀν·-

490 562 789 631 beuignitas
820 558 911 612 Dei
942 559 1131 626 optimi
1163 559 1396 612 confert.

700 739 861 794 Vens.
895 739 981 794 l9.
1018 738 1157 793 Seon
1186 755 1357 807 regem
1389 739 1841 796 Amorrlm'ornm.

557 831 905 902 Interpretari
938 831 1173 885 solemus
1196 833 1541 885 Amorrlneos
1569 832 1783 900 quidem
1816 831 2056 901 loquaces

490 934 895 993 exasperautes;
944 935 997 975 et
1041 923 1230 976 borum
1278 939 1455 992 regem
1499 922 1662 985 Seon,
1719 924 2055 977 tentationem

491 1022 542 1067 et
562 1012 1032 1067 exacerbationem.
1060 1010 1303 1080 Namque
1327 1012 1573 1067 homines
1590 1013 1891 1081 sOphistit-te
1915 1012 2058 1064 frau-

489 1104 573 1158 dis
616 1104 769 1172 periti
819 1120 1009 1173 aspere
1058 1120 1197 1172 smpe
1244 1106 1556 1174 loquuntur,
1603 1107 1911 1174 pariterque
1943 1106 2053 1158 vel-

492 1194 603 1248 lent
634 1194 881 1248 veritatis
913 1210 1127 1264 quoque
1170 1210 1440 1251 amatores
1490 1195 1862 1250 fraudulenter
1911 1197 2055 1265 loqui

491 1296 547 1339 et
606 1288 883 1347 occinere.
939 1297 1101 1356 atque
1152 1288 1374 1342 omnino
1432 1288 1562 1341 nihil
1618 1288 1759 1341 aliud
1816 1298 2059 1356 spectant

491 1392 650 1443 quam
679 1386 737 1431 ut
765 1388 957 1431 vexent
982 1389 1141 1453 atque
1165 1390 1507 1447 exasperent.
1538 1378 1708 1432 Busan
1734 1394 1883 1443 vero,
1915 1382 2056 1449 quod

489 1470 832 1538 ignominiam
868 1471 1166 1538 significat,
1204 1472 1570 1540 improborum
1604 1472 1905 1540 pudendam
1945 1490 2056 1525 ma-

490 1560 662 1614 litiam
699 1565 957 1616 denotat:
989 1565 1138 1630 cujus
1184 1580 1277 1619 rex
1307 1564 1387 1620 0n
1424 1580 1547 1619 cum
1585 1566 1724 1620 Seon
1763 1566 2055 1630 occiditur;

491 1660 551 1705 ut
604 1653 783 1708 lsraeli
838 1666 979 1708 terra
1041 1672 1203 1725 quam
1248 1655 1387 1711 male
1443 1657 1742 1712 retinebant
1794 1660 2056 1724 tradatur,

490 1746 581 1814 qui
626 1748 820 1804 callido
866 1758 921 1802 et
972 1750 1156 1818 iniquo
1206 1764 1493 1817 possessu,
1548 1752 1886 1820 maligneque
1938 1767 2056 1807 eam

2155 551 2403 623 θρώπους
2442 554 2757 625 εὐεργεσίας
2800 556 2833 624 ὴ
2866 553 3241 625 φιλανθρωπία
3272 554 3364 606 τοῦ
3410 553 3747 621 παναγάθου

2153 644 2286 699 Θεοῦ
2317 646 2727 719 κατειργάσατο.

2326 778 2334 788 .
2362 738 2473 792 Τὸν
2498 737 2667 805 Σηὼν
2694 737 2957 802 βασιλέα
2988 736 3104 790 τῶν
3135 738 3505 806 Ἀμορραίων.

2236 827 2657 898 Ἑρμηνεύονται
2685 828 2741 880 δὲ
2788 828 3098 898 Ἀμορῤαῖοι
3130 828 3226 897 μὲν
3250 826 3499 894 λαλητοὶ
3538 843 3751 893 παρα-

2155 919 2588 985 πικραίνοντες,
2624 918 2716 972 καὶ
2747 920 2775 971 6
2806 917 3007 971 τούτων
3032 917 3282 987 βασιλεὺς
3317 916 3489 988 Σηὼν,
3520 931 3747 984 πειρα-

2156 1010 2309 1079 σμὸς
2336 1012 2429 1063 καὶ
2458 1012 2861 1080 παροργισμός
2883 1026 2895 1040 ·
2925 1013 2973 1062 οί
3010 1010 3170 1063 δεινοὶ
3199 1010 3305 1082 γὰρ
3346 1010 3481 1081 πρὸς
3508 1010 3748 1079 ἀπάτην

2159 1102 2473 1173 σοφιστικὴν
2496 1102 3013 1175 καταπικραίνοντές
3034 1103 3171 1155 εἰσιν
3199 1101 3437 1171 λαλητοὶ,
3466 1102 3588 1164 τοὺς
3612 1102 3749 1156 ὅσοι

2157 1196 2255 1264 τῆς
2281 1195 2535 1266 ἀληθείας
2562 1197 2698 1248 εἰσιν
2728 1196 2954 1264 ἐρασταὶ
2989 1194 3231 1257 θέλοντες
3265 1195 3356 1247 ἐπὶ
3386 1194 3598 1264 ἀπάτης
3633 1194 3750 1247 λα-

2158 1285 2364 1340 λεῖσθαι
2404 1287 2496 1339 καὶ
2538 1284 2778 1357 ᾅδεσθαι,
2835 1282 3115 1355 πειράζειν
3153 1301 3210 1337 τε
3244 1287 3337 1337 καὶ
3374 1282 3744 1355 παροργίζειν

2158 1376 2368 1447 ἔχοντες
2396 1378 2486 1431 τὸν
2530 1378 2750 1433 σκοπόν.
2798 1378 2979 1432 Βασάν
3009 1378 3064 1431 δὲ
3097 1379 3399 1446 αἰσχύνην
3446 1377 3742 1449 μεθερμη-

2158 1469 2442 1538 νευομένη,
2490 1469 2588 1540 τὴν
2630 1471 2754 1534 τοὺς
2792 1473 2994 1535 κακοὺς
3032 1470 3493 1540 καταισχύνουσαν
3528 1469 3744 1523 κακίαν

2158 1561 2337 1631 δηλοῖ·
2364 1556 2431 1633 ἦς
2454 1562 2482 1613 6
2510 1560 2758 1631 βασιλεὺς
2784 1564 2899 1627 Ὧν,
2927 1565 3022 1616 σὺν
3044 1562 3121 1633 τῷ
3141 1561 3292 1633 Σηὼν
3318 1561 3737 1615 ἀποκτίννυται·

2159 1653 2305 1713 ὅπως
2337 1650 2415 1721 τῷ
2452 1652 2665 1724 Ἰσραὴλ
2691 1654 2723 1724 ἠ
2752 1655 2845 1723 γῆ,
2872 1655 2935 1725 ἢν
2962 1654 3145 1718 κακῶς
3173 1652 3453 1726 ἐκράτουν,
3482 1670 3741 1722 σοφιστι-

2161 1742 2271 1805 κῶς
2292 1742 2385 1796 καὶ
2414 1744 2550 1814 μετὰ
2586 1745 2863 1817 μοχθηρᾶς
2886 1748 3050 1815 ἕξεως
3074 1765 3138 1800 πε
3146 1748 3199 1820 ρὶ
3222 1747 3318 1819 τὴν
3342 1747 3448 1800 τῶν
3471 1748 3743 1819 πραγμά-

490 1838 933 1893 administrantes
990 1840 1226 1909 ingenio,
1280 1857 1504 1911 regnare
1563 1843 1904 1897 videbantur.
1961 1844 2055 1899 Ve-

2159 1850 2264 1887 των
2292 1833 2657 1906 διατρίϐοντες
2687 1836 2866 1904 φύσιν,
2889 1837 3169 1901 δοκοῦντες
3210 1837 3509 1907 βασιλεύειν
3534 1836 3737 1906 αὐτῆς·

492 1940 793 1983 rumtamen
840 1932 981 1985 dicta
1024 1942 1165 1987 terra
1214 1934 1300 1989 his
1344 1948 1528 2004 erepta
1584 1938 1814 1991 traditur
1854 1939 1903 1993 in
1934 1956 2055 1995 sor-

494 2027 597 2071 tem
628 2019 842 2085 Israeli,
880 2020 1022 2075 ﬁdeli
1064 2037 1224 2077 servo
1268 2023 1411 2080 illius
1458 2027 1548 2095 qui
1597 2042 1776 2081 rerum
1815 2028 2053 2082 omnium

491 2122 681 2165 auctor
719 2123 823 2170 est.

563 2202 722 2259 Vens.
752 2207 839 2261 25.
870 2207 1007 2273 Quia
1042 2211 1096 2263 in
1126 2210 1429 2263 humilitate
1455 2222 1633 2265 nostra
1666 2228 1859 2265 ιιιειιιοι-
1877 2211 1975 2281 fuit

1033 2283 1199 2334 nostri
1228 2283 1505 2335 Dominus.

558 2366 613 2421 In
636 2370 1004 2437 superioribus
1031 2388 1245 2443 quoque
1280 2376 1428 2428 varie
1463 2376 1895 2430 demonstratum
1927 2373 2051 2438 fuit,

492 2474 598 2513 non
624 2476 744 2514 eum
777 2464 865 2531 qni
917 2464 983 2518 de
1032 2463 1259 2521 Iudaico
1310 2483 1508 2537 genere
1537 2471 1751 2535 oritur,
1801 2468 2052 2524 lsraeletn

491 2562 633 2610 esse,
670 2551 762 2603 sed
795 2566 916 2604 eum
946 2553 1035 2621 qui
1065 2556 1308 2610 moribus
1336 2557 1533 2629 dignus
1564 2559 1667 2612 hoc
1696 2559 1913 2613 nomine
1948 2573 2052 2615 est.

492 2637 615 2693 Non
645 2642 779 2693 enim
813 2659 987 2698 omnes
1024 2646 1109 2714 qui
1157 2647 1220 2700 de
1264 2647 1464 2702 Israele
1494 2661 1614 2703 sunt
1642 2689 1658 2715 ,
1707 2650 1761 2703 lii
1801 2661 1922 2705 sunt
1969 2652 2053 2706 Is-

491 2729 600 2782 rael
630 2730 674 2760 δι
709 2747 722 2782 :
756 2749 918 2802 neque
949 2735 1044 2786 illa
1083 2753 1201 2805 qua:
1233 2740 1436 2806 publice
1460 2741 1518 2808 ﬁt
1544 2780 1559 2805 ,
1604 2743 1931 2796 circumcisio
1957 2756 2052 2809 est,

488 2831 545 2874 ut
577 2822 653 2876 ait
683 2825 973 2894 Aposmlus
1000 2865 1015 2890 ,
1048 2832 1136 2881 sed
1167 2831 1221 2883 in
1248 2833 1452 2885 occulto
1496 2836 1670 2901 potius
1714 2834 1933 2891 Judwus
1958 2877 1973 2899 ,
2006 2848 2052 2890 et

487 2915 661 2968 cordis
705 2916 1075 2983 circumcisio,
1126 2939 1234 2976 non
1272 2927 1556 2978 secundum
1580 2927 1826 2992 litteram,
1864 2932 1953 2981 scd
2000 2930 2055 2982 in

484 3005 669 3067 spiritu
695 3024 715 3059 .·
746 3008 897 3075 cujus
932 3010 1047 3063 laus
1084 3028 1187 3065 non
1211 3029 1275 3065 ex
1303 3015 1621 3079 Itomiuibus,
1650 3020 1740 3071 sed
1770 3035 1835 3072 ex
1865 3020 1968 3072 Deo
1986 3021 2049 3073 δ’.

2156 1925 2267 1978 ἀλλ’
2317 1926 2675 1998 ἀφαιρεθεῖσα
2718 1928 2895 1981 αὐτῶν
2946 1931 2978 1999 ἡ
3037 1930 3446 2001 ἐρμηνευομένη
3498 1929 3591 2001 γῆ,
3650 1930 3741 1992 είς

2156 2018 2481 2088 κατάσχεσιν
2512 2018 2590 2089 τῷ
2642 2020 2855 2091 Ἰσραὴλ
2893 2021 3091 2075 δίδοται
3126 2024 3218 2077 ἐπὶ
3254 2022 3332 2093 τῷ
3374 2024 3740 2093 κληρονομεῖν

2156 2110 2342 2183 αὐτὴν,
2379 2110 2548 2183 δούλῳ
2574 2112 2779 2183 γνησίῳ
2804 2112 2897 2165 τοῦ
2928 2114 3143 2167 πάντων
3187 2114 3359 2167 αἰτίου
3383 2114 3732 2184 τυγχάνοντι.

2158 2200 2287 2255 Ὀτι
2327 2202 2397 2255 ἐν
2435 2201 2510 2270 τῇ
2559 2202 2911 2327 ταπεινώίὲεξ
2960 2204 3125 2272 ἡμῶν
3181 2203 3450 2274 ἐμνήσθη
3480 2203 3664 2274 έήμῶν
3700 2207 3739 2258 ό

2874 2292 3055 2327 vmoc.

2874 2292 3055 2342 υριος.

2225 2360 2335 2414 Καὶ
2379 2362 2435 2413 ὲν
2478 2364 2591 2425 τοῖς
2620 2362 2875 2434 ἀνωτέρω
2922 2364 3191 2435 διαφόρως
3233 2364 3577 2418 ἐπεδείκνυτο
3628 2366 3738 2418 Ἱσ-

2158 2451 2312 2522 ραὴλ,
2343 2454 2401 2504 ού
2450 2454 2509 2506 τὸ
2553 2454 2707 2522 γένος
2757 2456 2866 2510 τῶν
2930 2456 3195 2509 Ἰουδαίων
3236 2457 3514 2527 ὑπάρχων,
3554 2456 3669 2510 ἀλλ’
3702 2458 3735 2509 6

2154 2541 2361 2593 τοιόσδε
2388 2545 2485 2612 τῆς
2504 2542 2809 2608 θεοσεϐείας
2830 2546 3048 2617 τρόποις
3067 2547 3194 2615 (12)·
3209 2548 3290 2600 Οὐ
3314 2548 3421 2616 γὰρ
3436 2546 3659 2613 πάντες
3674 2550 3733 2600 οι

2153 2630 2221 2694 ἐξ
2250 2630 2510 2700 Ἰσραὴλ.
2533 2628 2697 2687 οὗτοι
2728 2634 2995 2702 Ἰσραήλ·
3022 2636 3162 2690 οὐδὲ
3177 2638 3299 2703 tier
3314 2637 3392 2703 τῷ
3408 2636 3640 2706 φανερῷ
3659 2638 3734 2689 ἐν

2153 2722 2333 2789 σαρκὶ
2365 2724 2668 2792 περιτομὴ,
2710 2726 2851 2778 κατά
2879 2726 3321 2789 τδνἊπόστολον,
3353 2727 3490 2781 ἀλλ’
3514 2727 3628 2781 der
3649 2726 3735 2793 τῷ

2154 2811 2395 2879 κρυπτῷ
2423 2813 2711 2881 Ἰουδαῖος
2731 2856 2745 2880 ,
2776 2816 2871 2868 καὶ
2893 2814 3174 2885 περιτομὴ
3195 2816 3441 2886 καρδίας
3457 2818 3527 2870 οὐ
3548 2816 3734 2886 γράμ-

2147 2920 2285 2971 ματι
2301 2902 2459 2957 ἀλλὰ
2475 2906 2778 2973 πνεύματν
2795 2903 2865 2961 οὗ
2881 2910 2913 2960 o'
2925 2906 3171 2971 ἔπαινος
3181 2909 3289 2961 οὐκ
3306 2907 3375 2971 ἐξ
3387 2905 3731 2976 ἀνθρώπων,

2153 2992 2288 3045 ἀλλ’
2309 2994 2375 3044 ἐκ
2399 2993 2505 3046 τοῦ
2526 2995 2691 3049 Θεοῦ·
2718 2995 2812 3049 καὶ
2839 2997 2985 3066 ἡμᾶς
3000 2993 3091 3049 οὖν
3123 2998 3248 3060 τοὺς
3269 2996 3327 3059 ἐξ
3354 2997 3519 3049 ἐθνῶν
3550 2997 3735 3066 (ἡμεῖς

489 3089 597 3145 Nos
650 3108 861 3164 quoque
910 3100 1075 3167 igitur
1105 3103 1194 3169 qui
1244 3116 1310 3156 ex
1354 3104 1587 3159 etlmicis
1638 3108 1885 3161 venimus
1930 3114 2050 3177 (nos

2158 3084 2259 3152 γάρ
2298 3085 2464 3153 ἐσμεν
2501 3087 2532 3155 ἡ
2584 3088 2851 3156 περιτομὴ
2888 3088 2978 3140 καὶ
3012 3087 3261 3157 ἀληθινὸς
3318 3088 3579 3157 Ἰσραὴλ),
3611 3089 3735 3140 ελυ-

486 3183 631 3237 enim
678 3200 865 3256 reapse
920 3190 1265 3246 circumcisio
1316 3209 1503 3249 sumus
1550 3211 1817 3267 verosque
1868 3199 2049 3270 Israel)

2158 3172 2403 3243 τρώσατο
2434 3177 2497 3229 ὲκ
2534 3176 2642 3230 τῶν
2677 3177 2885 3246 ἐχθρῶν
2929 3180 3083 3249 ἡμῶν
3137 3178 3334 3248 μᾶλλον
3373 3179 3405 3249 ἢ
3452 3179 3730 3243 ἐκείνους·

491 3294 607 3343 nos,
640 3282 857 3350 inquam
886 3325 901 3347 ,
931 3288 1113 3353 potius
1144 3304 1209 3343 ex
1242 3288 1476 3345 inimicis
1508 3292 1769 3358 liberavit,
1803 3310 1961 3365 quam
1992 3297 2057 3350 il-

489 3370 589 3425 los.
626 3373 835 3429 Etenim
890 3377 964 3431 illi
993 3395 1056 3433 ex
1106 3380 1338 3452 Egypto
1380 3386 1741 3449 discedentes,
1770 3402 2057 3456 corporeos

490 3463 739 3533 {iugerum
770 3478 1047 3539 tyrannos.
1067 3471 1449 3529 Verumtamen
1476 3479 1660 3545 pravis
1688 3481 1924 3535 moribus
1947 3483 2058 3535 ani-

491 3575 604 3611 ιιιέις
636 3577 759 3615 suas
791 3562 1094 3621 inlicientes
1118 3607 1134 3631 ,
1160 3569 1535 3622 occubuerunt
1567 3571 1616 3623 in
1650 3571 1863 3626 deserto
1897 3574 2058 3629 idolo-

488 3647 660 3701 latrize
692 3650 877 3708 dediti.
904 3650 1013 3707 Nos
1042 3664 1220 3708 autem
1258 3670 1443 3710 revera
1494 3660 1724 3713 redemit
1753 3662 1819 3716 de
1862 3664 2056 3719 anima:

487 3750 687 3790 nosme
738 3738 983 3796 hostibus
1008 3784 1023 3807 ,
1061 3758 1377 3814 memorque
1429 3749 1596 3801 nostri
1633 3752 1806 3821 magis
1865 3754 1963 3808 luit
1998 3756 2051 3808 in

488 3828 789 3884 humilitate
842 3843 1026 3887 nostra
1080 3851 1240 3903 quam
1280 3836 1513 3896 illorum.
1551 3840 1795 3911 Namque
1831 3843 1903 3897 illi
1936 3846 2055 3913 qui-

489 3916 610 3969 dem
642 3934 867 3988 corpore
899 3924 1206 3980 serviebant
1233 3926 1519 3997 Egyptiis.
1554 3944 1749 3987 nostrae
1782 3950 1910 3988 vero
1940 3938 2055 3989 anl—

490 4022 589 4061 maa
618 4009 849 4065 ludibrio
874 4025 1031 4068 erant
1058 4016 1414 4084 daemonibus,
1449 4030 1503 4074 et
1534 4024 1632 4075 sub
1666 4024 1822 4078 malis
1853 4027 2055 4096 spiriti-

487 4098 587 4155 bus
620 4102 887 4158 lnuniliati
919 4121 1152 4164 eramus.
1190 4108 1361 4164 Tanta
1395 4127 1522 4166 vero
1553 4125 1635 4167 est
1687 4116 2053 4172 misericordia

487 4190 602 4254 Dei,
639 4204 819 4249 utnon
852 4198 1026 4251 solum
1056 4201 1261 4269 piorum
1299 4218 1481 4257 curam
1515 4217 1686 4275 gerat,
1721 4218 1772 4260 et
1802 4208 1902 4262 sibi
1929 4226 2053 4277 pro-

487 4283 869 4353 pinquantibus
905 4292 1177 4357 consulat,
1222 4308 1407 4348 verum
1438 4297 1601 4350 etiam
1629 4307 1915 4355 terrestres
1938 4316 2055 4355 om-

486 4391 582 4429 nes
609 4380 947 4445 providentia
975 4396 1070 4435 sua
1106 4387 1526 4453 complectatur,
1562 4406 1735 4459 neque
1764 4393 2053 4459 rationales

486 4466 657 4521 solum
688 4473 782 4524 sed
831 4474 997 4526 etiam
1054 4475 1400 4532 irrationales
1428 4519 1443 4544 ,
1472 4483 1791 4551 cunctisque
1818 4485 1870 4538 in
1909 4496 2048 4539 terra
2080 4514 2130 4574 υ

486 4560 741 4615 alimenta
786 4564 1151 4623 animantibus
1199 4569 1475 4638 prazbeat,
1525 4573 1814 4645 unicuique
1867 4578 2052 4647 generi

486 4649 701 4715 idonea,
750 4662 805 4707 et
841 4655 965 4707 vitm
1015 4660 1325 4715 necessaria
1353 4662 1657 4732 suppeditet
1690 4678 1707 4718 :
1746 4675 1800 4718 ct
1834 4682 1930 4720 nos
1960 4667 2054 4721 de-

484 4756 630 4794 mum
668 4743 719 4795 in
753 4744 917 4799 caelos
955 4748 1078 4801 hinc
1108 4750 1423 4805 transferat.
1474 4754 1835 4819 Quamobrem
1874 4774 2054 4811 sermo

484 4831 783 4889 Psalmistze
810 4848 1089 4906 postquam
1113 4843 1267 4907 dixit,
1298 4840 1403 4908 Qui
1425 4845 1516 4897 dat
1545 4862 1716 4901 escam
1740 4850 1883 4902 omni
1906 4851 2051 4902 carni

485 4940 586 4980 nos
620 4927 673 4979 in
716 4928 914 4981 cmlum
965 4933 1322 4999 transmittit,
1375 4950 1561 4989 rursus
1602 4938 1789 4995 dicens
1823 4958 1836 4993 :
1870 4939 2042 5001 Conﬁ-

484 5020 665 5072 temini
700 5019 830 5085 Deo,
861 5024 998 5090 caeli,
1031 5026 1277 5095 quoniam
1306 5028 1359 5081 in
1399 5039 1653 5083 wtcrnum
1695 5033 2051 5086 misericordia

480 5127 619 5180 qus.

938 5205 1257 5264 PSALMUS
1304 5208 1587 5265 CXXXVI.

549 5295 709 5351 Caret
761 5299 849 5355 hic
901 5302 1141 5370 psalmus
1198 5303 1355 5357 titulo
1409 5306 1551 5372 apud
1600 5304 1885 5375 Hebraeos;
1924 5324 2044 5364 nam

556 5480 602 5514 “
634 5482 792 5538 Rom.
820 5501 896 5547 Ix,
921 5485 973 5539 6.
1053 5486 1097 5517 δ’
1137 5486 1295 5542 Rom.
1322 5504 1384 5553 ιι,
1414 5488 1506 5555 28,
1546 5487 1636 5542 29.

553 5622 672 5693 (ll)
694 5623 888 5679 Recole
915 5627 1135 5691 omnino
1167 5629 1421 5683 adnotata
1454 5644 1483 5681 a
1521 5629 1680 5685 nobis
1715 5631 1765 5684 in
1804 5640 2036 5686 tractatu

483 5693 757 5768 Cyrilli
810 5694 883 5768 l_)¢
939 5696 1109 5751 Maria
1142 5700 1384 5767 deipara,
1434 5715 1553 5768 cap.
1602 5699 1657 5763 5,
1704 5702 1771 5755 de
1820 5702 2044 5755 Domino

480 5763 628 5828 Jesu,
674 5781 770 5834 pro
818 5764 1002 5831 Josue,
1036 5763 1347 5824 exeuntium
1397 5763 1629 5840 (Egyplo
1675 5770 2043 5827 lsraelitarnm

2157 3268 2205 3318 οί
2243 3268 2338 3337 μὲν
2367 3267 2475 3338 γὰρ
2509 3268 2568 3331 ἐξ
2596 3269 2869 3337 Αἰγύπτου
2918 3270 3283 3342 προελθόντες,
3320 3273 3445 3334 τοὺς
3494 3288 3735 3341 σωματι-

2158 3359 2285 3420 κοὺς
2329 3358 2585 3428 ἐξέφυγον
2640 3362 2969 3430 τυράννουςο
3026 3364 3352 3433 ἐπαγόμενοι
3396 3364 3453 3416 δὲ
3504 3367 3560 3417 ἐν
3610 3369 3734 3430 ταῖς

2156 3448 2362 3501 ἑαυτῶν
2394 3449 2591 3519 ψυχαῖς
2612 3452 2737 3513 τοὺς
2762 3451 2977 3523 ἀσεϐεῖς
3007 3453 3259 3523 τρόπους,
3288 3453 3639 3507 πεπτώκασιν
3670 3457 3728 3508 ἐν

2156 3543 2219 3611 τῇ
2259 3541 2447 3611 ἐρήμῳ
2472 3541 3043 3613 είδωλολατρήσαντες.
3089 3545 3149 3597 Ἦ
3158 3547 3263 3615 μᾶς
3287 3546 3341 3599 δέ
3366 3546 3578 3617 άληθῶς
3610 3546 3732 3599 ἐλυ-

2156 3631 2399 3703 τρώσατο
2456 3634 2519 3687 ἐκ
2571 3635 2677 3687 τῶν
2741 3638 2839 3705 τῆς
2907 3636 3084 3707 ψυχῆς
3138 3637 3293 3708 ἡμῶν
3352 3637 3583 3709 ἐχθρῶν,
3636 3639 3732 3691 καὶ

2156 3724 2396 3796 ἐμνήσθη
2446 3725 2600 3797 ἡμῶν
2651 3728 2708 3779 ἐν
2750 3730 2815 3796 τῇ
2864 3728 3190 3782 ταπεινώσει
3235 3729 3390 3800 ἡμῶν
3443 3729 3639 3799 μᾶλλον
3694 3730 3727 3801 ἢ

2156 3816 2379 3871 ἐκείνων
2403 3833 2416 3846 ·
2452 3819 2502 3870 οἱ
2542 3818 2639 3888 μὲν
2683 3818 2791 3889 γάρ
2833 3818 3078 3889 σώμασιν
3111 3822 3385 3874 ἐδούλευον
3420 3827 3533 3885 τοῖς
3560 3825 3727 3891 Δίγυ-

2157 3907 2353 3970 πτίοις,
2381 3908 2539 3977 ἡμεῖς
2584 3907 2638 3960 δὲ
2673 3911 2792 3971 ταῖς
2821 3908 3021 3979 ψυχαῖς
3055 3911 3245 3974 αύταῖς
3288 3912 3555 3983 δαιμόνων
3588 3910 3728 3984 ἦμεν

2154 3999 2399 4068 παίγνια,
2434 4000 2528 4051 καὶ
2569 3999 2672 4052 ὑπὸ
2699 4002 2812 4063 τοῖς
2847 4006 3101 4073 πονηροῖς
3140 4004 3442 4073 πνεύμασιν
3481 4001 3621 4075 ἦμεν
3652 4022 3732 4057 τε·

2154 4093 2561 4162 ταπεινωμένοι.
2605 4090 2866 4145 Τοσοῦτον
2898 4093 2955 4146 δέ
2998 4097 3112 4147 ἐστι
3157 4096 3216 4147 τὸ
3258 4096 3403 4161 ἕλεος
3436 4097 3529 4150 τού
3570 4096 3726 4160 Θεοῦ,

2152 4182 2228 4245 ὡς
2259 4184 2331 4255 μὴ
2376 4184 2534 4252 μόνον
2567 4182 2821 4254 κήδεσθαι
2857 4185 2965 4239 τῶν
3002 4185 3287 4251 θεοσεϐῶν,
3320 4190 3411 4242 καὶ
3443 4189 3550 4242 τῶν
3581 4188 3729 4258 αύτῷ

2155 4275 2561 4347 πλησιαζόντων
2608 4277 2935 4346 φροντίζειν,
2986 4278 3121 4333 άλλά
3170 4282 3260 4334 καὶ
3311 4281 3527 4335 πάντων
3580 4281 3729 4347 ἅπαξ

2152 4368 2339 4431 ἁπλῶς
2376 4368 2483 4422 τῶν
2518 4370 2610 4423 ἐπὶ
2643 4371 2745 4441 γῆς
2784 4371 2881 4443 τὴν
2917 4373 3169 4443 πρόνοιαν
3206 4375 3494 4437 ποιεῖσθαι,
3530 4376 3624 4431 καὶ
3665 4376 3725 4428 ού

2153 4459 2386 4528 λογικῶν
2436 4462 2611 4531 μόνων
2666 4462 2802 4516 ἀλλὰ
2845 4464 2937 4516 καί
2984 4464 3212 4533 ἀλόγων,
3266 4466 3341 4529 ὡς
3382 4469 3728 4538 ἐπιχορηγεῖν

2154 4552 2360 4621 τροφὰς
2387 4554 2519 4606 πᾶσι
2545 4556 2658 4618 τοῖς
2693 4556 2786 4608 ἐπὶ
2813 4556 2917 4626 γῆς
2949 4554 3132 4622 ζώοις,
3161 4557 3373 4627 ἑκάστῳ
3403 4576 3462 4610 τε
3487 4559 3629 4626 γένει
3659 4558 3727 4611 τὰ

2155 4644 2457 4717 πρόσφορα,
2507 4648 2598 4699 καὶ
2648 4647 2714 4699 τὰ
2766 4648 3073 4720 κατάλληλα
3122 4649 3257 4721 πρὸς
3302 4653 3401 4720 τὴν
3436 4650 3577 4720 ζωὴν
3626 4650 3727 4704 δω-

2159 4734 2400 4807 ρεῖσθαι,
2442 4738 2692 4793 ἐντεῦθέν
2750 4757 2808 4792 τε
2866 4740 3026 4794 πάλιν
3082 4742 3163 4804 είς
3213 4743 3441 4814 ούρανὸν
3498 4742 3723 4812 διήκειν.

2154 4828 2354 4899 Διόπερ
2401 4830 2428 4881 6
2452 4829 2606 4899 λόγος
2652 4831 2788 4901 μετὰ
2831 4832 2891 4885 τὸ
2936 4833 3122 4901 φάναι,
3163 4834 3224 4887 '0
3258 4833 3461 4899 διδοὺς
3498 4832 3728 4901 τροφὴν

2156 4918 2324 4989 πάσῃ
2370 4923 2579 4989 σαρκὶ,
2614 4924 2925 4994 ἀναπέμπει
2970 4927 3116 4995 ἡμᾶς
3164 4927 3242 4989 είς
3281 4925 3539 4995 οὐρανὸν,
3575 4920 3727 4989 αὖθις

2158 5008 2362 5078 λέγων·
2398 5012 2887 5083 Ἐξομολογεῖσθε
2916 5014 2996 5080 τῷ
3029 5014 3153 5081 Θεῷ
3195 5016 3301 5071 τοῦ
3335 5017 3616 5084 οὐρανοῦ,
3638 5016 3725 5071 ὅτι

2155 5103 2243 5167 εις
2258 5103 2366 5155 τὸν
2378 5102 2562 5157 αἰῶνα
2578 5106 2645 5159 τὸ
2662 5108 2833 5173 ἕλεος
2847 5107 3055 5162 αὑτοῦ.

2680 5200 2971 5254 “mox
3014 5201 3194 5267 ΡΛςο.

2237 5288 2296 5341 '0
2347 5288 2537 5361 παρὼν
2592 5290 2835 5363 ψαλμὸς,
2885 5294 3256 5364 ἀνεπίγραφος
3311 5296 3545 5367 ὑπάρχει
3596 5294 3723 5365 παρ’

2152 5630 2309 5685 duce.
2339 5626 2473 5681 Nam
2532 5637 2588 5683 et
2652 5628 2915 5684 Eusebius
2980 5628 3297 5699 conspirare
3360 5642 3482 5682 cum
3540 5623 3724 5699 Cyrilll

2151 5701 2492 5767 aliorumque
2524 5700 2793 5753 sententia
2829 5700 3059 5756 videtur.

2225 5769 2339 5841 (ιε)
2373 5769 2507 5824 Cod.
2537 5770 2758 5841 τρόπος.
