3968 6546
197 397 267 453 ΞἽ
1368 407 1869 465 COMMENTARIA
1906 407 1974 462 IN
2011 409 2349 469 PSALMOS.
3419 420 3490 474 58

207 517 549 588 Ἑϐραίοις,
594 521 687 574 καὶ
732 521 854 577 οὔτε
891 521 1034 588 τίνος
1074 525 1190 580 ἐστὶ
1219 528 1652 600 προγέγραπται,
1701 528 1796 582 οῦτ

1930 541 2104 595 neque
2134 530 2249 598 ejus
2277 543 2466 586 auctor
2510 534 2838 600 inscribitur,
2879 549 3053 605 neque
3081 537 3232 604 cuius
3267 541 3486 607 generis

197 607 365 660 ποίου
398 613 682 682 τυγχάνει
709 613 914 678 εἴδουςο
953 617 1068 670 ἀλλ’
1098 617 1213 672 ἐστι
1252 618 1379 691 ψιλὴ
1413 622 1714 692 προφητεία
1754 625 1817 676 ἐκ

197 701 538 772 προσώπου
581 705 690 759 τῶν
735 709 794 760 ἐν
838 708 1115 764 Βαϐυλῶνι
1162 713 1467 783 γενομένων
1515 713 1812 786 λεγομένη·

199 793 294 846 καὶ
324 794 521 848 τοῦτο
547 797 602 850 δὲ
629 798 926 868 σημειώσει
956 801 1031 866 ὡς
1059 802 1115 855 ἓν
1143 821 1282 856 τισιν
1308 804 1415 858 τῶν
1443 805 1813 877 ἀντιγράφων,

201 884 352 938 κατὰ
386 889 973 963 τοὺςἘὸδομήκοντα,
1005 897 1402 968 ἐπιγέγραπται
1441 899 1690 968 Ἀγγαίου
1724 901 1816 957 καὶ

201 976 357 1046 Ζαχα
368 979 507 1048 ρίου
520 1022 536 1034 .
1763 996 1770 1002 ·

201 1068 548 1138 Μακάριος
592 1072 661 1140 ὃς
712 1075 1120 1183 ἀνταποδὲὗσεῗ
1167 1094 1265 1132 σοι
1321 1078 1386 1132 τὸ
1432 1080 1814 1152 ἀνταπόδομά

966 1163 1106 1200 0⁵0υὲ

281 1229 346 1282 '0
405 1235 780 1306 μακαρισμὸς
823 1237 902 1299 εἰς
959 1238 1197 1302 ἐκείνους
1250 1242 1637 1313 περιστήσεται
1687 1244 1812 1307 τοὺς

201 1322 589 1389 ἀποδιδόντας
634 1327 704 1379 τά
737 1328 996 1398 ἀμοιϐαῖα
1038 1334 1104 1402 τῇ
1149 1331 1447 1396 Βαϐυλῶνι,
1478 1335 1572 1387 καὶ
1611 1334 1702 1388 τὸν
1743 1336 1812 1390 τά

199 1416 380 1486 νήπια
400 1417 604 1471 αὐτῶν
619 1422 1072 1492 προσαρασσοντα
1093 1426 1158 1494 τῇ
1181 1423 1352 1496 πέτρᾳ
1377 1426 1471 1478 καὶ
1487 1427 1810 1494 ἀναιροῦντα

204 1506 350 1559 αὐτά
369 1524 384 1537 ·
428 1511 540 1562 καὶ
569 1511 680 1583 γὰρ
707 1511 787 1581 τῷ
819 1512 962 1578 ὄντι,
985 1513 1046 1567 τὸ
1075 1514 1173 1585 μὲν
1206 1513 1420 1586 πρῶτον
1454 1518 1718 1589 μακάριον
1742 1513 1810 1589 ἦν

201 1597 263 1649 τὺ
317 1600 401 1670 μὴ
454 1601 765 1656 θεάσασθαί
810 1621 937 1657 ποτε
966 1606 1064 1676 τὴν
1105 1606 1425 1673 Βαϐυλῶνα,
1462 1609 1594 1680 μηδὲ
1641 1611 1698 1662 ὲν
1740 1612 1805 1681 τῇ

209 1692 489 1760 συγχύσει
536 1695 790 1762 γενέσθαι
832 1697 939 1750 τῶν
983 1698 1185 1769 ταύτης
1218 1700 1439 1754 κακῶν·
1487 1704 1534 1754 εί
1569 1702 1625 1755 δὲ
1664 1701 1809 1768 ἅπαξ

202 1796 290 1842 τις
316 1781 556 1848 γένοιτο
591 1785 648 1836 ἐν
681 1785 817 1856 αὐτῇ
849 1786 1140 1841 ἀποπεσὼν
1169 1789 1277 1842 τῶν
1311 1790 1650 1860 κρειττόνων,
1699 1809 1806 1862 μα-

1918 633 2135 674 carmen
2170 623 2278 688 sit,
2311 624 2530 684 dicitur.
2585 627 2758 682 Porro
2783 638 2866 683 est
2901 629 3126 696 simplex
3160 631 3440 699 prophetia
3469 670 3490 698 ,

1916 725 2036 773 uiue
2110 717 2365 770 recitatur
2402 733 2465 771 ex
2530 721 2864 788 captivorum
2915 719 3188 790 Babylone
3237 736 3487 789 persona.

1918 803 2047 870 Ejus
2087 806 2165 857 rei
2210 807 2466 861 iudicium
2491 817 2592 872 cst,
2623 811 2767 878 quod
2805 811 2858 862 in
2895 810 3100 878 aliquot
3139 808 3485 879 Septuaginta

1916 895 2274 966 interpretum
2337 900 2737 971 exemplaribus
2793 901 3110 957 inscribitur
3177 904 3377 972 Aggan
3431 913 3487 956 et

1917 985 2211 1040 Zachariae.

1949 1079 2114 1135 Vsus.
2151 1082 2204 1136 8.
2253 1079 2450 1137 Beatus
2483 1085 2572 1154 qui
2603 1086 2873 1206 (retrib’uet
2918 1085 3014 1138 tibi
3059 1086 3447 1142 retributionem

2628 1171 2747 1206 ιιαηι
2775 1195 2788 1206 .

2628 1171 2747 1208 ιιαηι
2775 1171 2788 1208 .'

1981 1241 2264 1298 Beatitudo
2311 1244 2416 1299 illis
2446 1255 2744 1315 reputatur,
2793 1247 2882 1317 qui
2917 1248 3172 1302 talionem
3225 1248 3478 1319 Babyloni

1914 1335 2155 1400 reddent,
2175 1345 2233 1389 et
2261 1337 2350 1405 qui
2381 1338 2631 1406 parvulos
2655 1338 2770 1406 ejus
2799 1349 2962 1408 petra:
2987 1339 3155 1394 illisos
3184 1343 3476 1395 uecahuut.

1916 1426 2120 1481 Revera
2179 1429 2321 1481 enim
2375 1430 2427 1481 in
2463 1429 2651 1497 primis
2707 1431 2920 1484 beatum
2969 1431 3155 1485 fuisset
3208 1448 3478 1500 nunquam

1910 1533 2134 1573 cernere
2162 1517 2488 1589 Babylonem
2519 1559 2534 1585 ,
2571 1535 2744 1589 neque
2775 1521 2828 1574 in
2859 1520 3118 1575 malorum
3154 1522 3270 1589 ejus
3309 1521 3482 1574 collu-

1910 1611 1995 1664 vie
2025 1609 2253 1665 versari.
2290 1609 2396 1664 Sed
2436 1619 2720 1680 postquam
2766 1610 2961 1679 aliquis
2988 1597 3349 1680 prosperitate.
3384 1613 3478 1666 de-

1902 1700 2078 1769 jectus
2103 1741 2120 1767 ,
2149 1700 2253 1754 illic
2277 1700 2610 1765 exstitisset,
2647 1700 2836 1754 beatus
2863 1717 2994 1756 sane
3027 1709 3391 1770 reputaretur,
3427 1699 3474 1754 si

1907 1805 2026 1860 qua:
2051 1803 2242 1859 passus
2272 1802 2416 1844 esset
2442 1829 2456 1854 ,
2495 1789 2723 1844 invicem
2758 1791 3078 1845 retribueret
3102 1829 3118 1855 ,
3149 1801 3206 1845 et
3237 1789 3475 1860 Babylo-

209 1873 404 1943 κάριος
436 1874 512 1928 ἂν
563 1875 649 1948 εἴη
682 1879 730 1929 εί
769 1877 803 1931 ἆ
847 1879 1110 1935 πέπονθεν
1164 1881 1458 1952 ποιήσειεν,
1500 1883 1591 1936 καὶ
1634 1885 1800 1937 ἀνται-

1911 1884 2028 1936 nios
2081 1883 2322 1936 vicissim
2357 1885 2854 1953 captivaret,atque
2889 1883 3032 1951 ipsas
3055 1881 3473 1952 Babyloniorum

208 1966 484 2039 χμαλωτή
496 1985 643 2022 σειεν
667 1971 793 2034 τοὺς
826 1971 1214 2037 Βαϐυλωνίους,
1252 1974 1344 2027 καὶ
1372 1975 1542 2039 αὐτάς
1569 1975 1666 2039 τὰς
1699 1975 1805 2030 τῶν

211 2057 590 2113 Βαὸυλωνίων
619 2060 797 2131 ψυχὰς
833 2064 1130 2133 μεταγάγοι
1164 2064 1254 2117 ἐπὶ
1285 2064 1377 2118 τὸν
1411 2067 1503 2119 τοῦ
1547 2067 1679 2119 Θεοῦ
1712 2067 1805 2136 φό-

211 2147 322 2202 ϐον.
369 2151 437 2203 El
486 2152 548 2204 δὲ
597 2154 691 2206 καὶ
737 2155 804 2206 τά
857 2156 1025 2225 νήπια
1068 2156 1248 2208 αὐτῶν
1285 2156 1358 2228 μὴ
1401 2161 1804 2229 συγχωρήσειεν

213 2241 475 2312 αὐξῆσαι,
513 2243 655 2296 ἀλλά
701 2245 1040 2315 συντρίψειεν
1082 2247 1217 2317 πρὸς
1252 2250 1318 2319 τῇ
1359 2249 1556 2320 πέτρᾳ,
1594 2249 1802 2304 πολλῶν

209 2331 273 2385 ἂν
309 2335 542 2400 γένοιτο
581 2335 1013 2408 μακαριώτερος.
1054 2338 1373 2402 Βαϐυλῶνος
1415 2339 1472 2392 δὲ
1520 2341 1686 2412 νήπια
1736 2341 1803 2394 τά

214 2419 518 2492 σπέρματα
561 2425 662 2494 τῆς
705 2426 922 2492 κακίας,
959 2427 1053 2480 καὶ
1082 2427 1178 2490 τὰς
1204 2428 1378 2499 ἀρχὰς
1409 2429 1516 2482 τῶν
1550 2447 1803 2501 συγχυτι-

215 2513 320 2567 κῶν
382 2517 836 2588 ἁμαρτημάτων,
876 2520 976 2572 οὐκ
1036 2520 1100 2573 ἂν
1140 2521 1407 2594 ἁμάρτοις
1444 2521 1643 2576 εἰπών·
1669 2522 1704 2576 ά
1737 2523 1800 2595 δὴ

212 2605 284 2675 τῷ
318 2606 473 2678 λόγῳ
506 2608 590 2679 τῷ
629 2609 880 2680 σωτηρίῳ
918 2610 971 2681 (ή
1008 2611 1182 2684 πέτρα
1226 2612 1334 2684 γὰρ
1373 2609 1440 2685 ἦν
1478 2616 1506 2667 ό
1550 2614 1800 2686 Χριστὸς)

217 2699 464 2770 ἀναιρεῖν
509 2701 650 2770 πρὸς
683 2701 743 2754 τὸ
791 2701 865 2774 μὴ
891 2703 1075 2771 αὕξειν
1098 2746 1112 2770 ,
1142 2705 1279 2776 μηδὲ
1311 2707 1391 2770 είς
1431 2706 1567 2777 ἔργα
1601 2708 1800 2780 προέρ-

217 2791 399 2862 χεσθαι
439 2793 743 2846 σπουδάσει
775 2796 804 2846 ὁ
835 2797 891 2847 ἐν
922 2793 1131 2861 τούτοις
1170 2796 1622 2868 μακαριζόμενος.

775 2887 1062 2941 ΨΑΛΜΟΣ
1094 2889 1257 2942 ΡΛΖ’.

230 2975 790 3048 Ἐξομολογήσομαί
815 2995 932 3044 σοι,
963 2980 1159 3048 Κύριε,
1185 2980 1254 3033 ἐν
1281 2979 1392 3049 ὅλῃ
1419 2979 1630 3048 καρδίᾳ
1657 2998 1796 3050 μου.

285 3132 507 3204 Ὥσπερ
533 3136 562 3187 ὀ
589 3133 794 3196 τέλειος
825 3132 883 3198 ἐξ
914 3133 1039 3204 ὅλης
1064 3133 1244 3205 ψυχῆς
1276 3135 1370 3188 καὶ
1395 3135 1674 3206 δυνάμεως
1703 3135 1795 3188 καὶ

1905 1964 2114 2032 animas
2143 1976 2207 2030 ad
2243 1975 2334 2031 Dei
2370 1979 2618 2032 timorem
2653 1974 2996 2030 transferret.
3029 1974 3182 2041 Quod
3207 1975 3331 2028 siet
3356 1975 3475 2028 illo-
3502 1995 3504 1997 >

1906 2084 2023 2122 rum
2053 2067 2313 2136 parvulos
2347 2069 2489 2122 haud
2519 2067 2706 2122 siverit
2731 2066 3042 2121 adolescere
3071 2106 3086 2129 ,
3124 2065 3217 2120 sed
3257 2065 3472 2120 illiserit

1906 2170 2093 2231 petrae,
2131 2159 2300 2215 multo
2342 2161 2449 2214 erit
2480 2160 2707 2215 felicior.
2732 2157 2848 2214 Jam
2879 2175 3007 2215 vero
3033 2159 3321 2231 Babylonis
3349 2174 3475 2227 par-

1903 2241 2080 2317 vulos,
2111 2264 2256 2308 recte
2285 2252 2550 2323 intelliges
2579 2255 2834 2324 nequitia:
2864 2253 3091 2317 semina,
3119 2261 3172 2307 et
3198 2253 3468 2306 variorum

1901 2339 2260 2408 scaturigines
2290 2353 2669 2410 peccatorum,
2707 2357 2833 2410 quae
2875 2341 3184 2397 Servatoris
3209 2341 3474 2395 doctrinis

1903 2426 2048 2495 (nam
2099 2438 2246 2498 petra
2300 2439 2382 2483 est
2411 2427 2685 2499 Christus)
2724 2431 2973 2485 occidere
3000 2471 3015 2493 ,
3047 2444 3112 2484 ne
3161 2430 3473 2485 adolescant

1901 2525 2063 2582 atque
2095 2514 2146 2568 in
2174 2527 2358 2570 actum
2406 2529 2735 2588 erumpant,
2767 2519 2982 2575 curabit
3012 2519 3058 2574 is
3100 2522 3191 2588 qui
3221 2521 3322 2574 hoc
3351 2519 3472 2574 loco

1902 2605 2091 2661 beatus
2118 2607 2462 2676 praedicatur.

2349 2870 2669 2928 PSALMUS
2706 2871 3013 2927 CXXXVII.

1935 2961 2098 3016 Vens.
2147 2961 2198 3016 ‘l.
2245 2960 2545 3031 Conﬁtebor
2577 2964 2700 3026 tibi,
2740 2962 3001 3029 Domine,
3041 2962 3094 3016 in
3139 2970 3246 3016 toto
3281 2963 3438 3017 corde

2620 3050 2756 3086 meo.

1972 3121 2147 3177 Sicuti
2177 3121 2448 3192 perfectus
2485 3123 2651 3178 homo
2671 3163 2688 3189 ,
2718 3123 2881 3176 Deum
2909 3129 3016 3176 tota
3043 3124 3244 3188 anima,
3269 3121 3469 3186 nervis,

226 3225 399 3294 ἰσχύος
427 3227 630 3297 ἀγαπᾷ
657 3225 748 3278 τὸν
773 3226 924 3290 Θεὸν,
954 3228 1014 3280 ού
1042 3227 1282 3280 διασπῶν
1306 3228 1404 3291 τάς
1426 3228 1682 3298 δυνάμεις
1702 3229 1799 3298 τῆς

1911 3229 1964 3268 ac
1995 3214 2199 3268 viribus
2232 3223 2419 3279 amat,
2452 3214 2592 3268 baud
2620 3214 2868 3283 equidem
2901 3213 3104 3269 amoris
3131 3213 3213 3266 sui
3253 3213 3475 3267 faculta-

226 3318 411 3370 ἑαυτοῦ
463 3320 691 3389 ἀγάπης
735 3319 862 3389 περὶ
899 3318 1024 3372 ἄλλο
1054 3336 1130 3383 τι,
1169 3318 1283 3372 ἀλλ’
1317 3318 1451 3382 ὅλως
1488 3319 1798 3390 ἀνηρτημέ-

225 3426 304 3472 νος
341 3412 511 3482 μόνου
549 3409 646 3463 τοῦ
675 3409 831 3475 Θεοῦ,
861 3409 1032 3475 οὕτως
1070 3412 1163 3464 καὶ
1191 3412 1350 3475 αὐτὸς
1381 3412 1438 3464 ἐν
1469 3413 1567 3483 ὅλῃ
1605 3413 1798 3483 καρδίᾳ

225 3505 622 3576 ἑξομολογεῖται
675 3505 1011 3576 εὐχαριστῶν
1058 3503 1136 3575 τῷ
1182 3503 1320 3576 Θεῷ.
1367 3504 1595 3576 Θαρσῶν
1641 3505 1696 3558 δὲ
1732 3508 1796 3576 τῇ

225 3595 435 3667 τοιαύτῃ
475 3593 646 3648 αὑτοῦ
681 3594 992 3666 παρρησίᾳ,
1018 3594 1111 3647 καὶ
1155 3592 1332 3656 εἰδὼς,
1365 3593 1447 3646 ὅτι
1476 3593 1532 3646 ὲν
1581 3591 1799 3663 μεγάλῳ

228 3686 428 3760 Θεάτρῳ
475 3689 556 3759 τῷ
598 3687 708 3740 τῶν
750 3686 1047 3758 ἀνθρώπων
1079 3686 1199 3757 βίῳ,
1237 3685 1394 3738 Θείων
1427 3684 1672 3754 ἀγγέλων
1701 3685 1799 3738 καὶ

228 3772 552 3848 λειτουργῶν
594 3775 730 3828 Θεοῦ
774 3772 1112 3846 ἐφορώντων,
1157 3776 1250 3828 καὶ
1291 3774 1575 3844 θεωμένων
1607 3775 1704 3838 τὰς
1741 3777 1798 3827 ἐν

230 3865 336 3938 Θεῷ
382 3869 673 3941 προκοπὰς
706 3867 902 3931 αὑτοῦ,
948 3868 1048 3940 τὴν
1087 3868 1466 3940 προσήκουσαν
1509 3867 1798 3922 ἀποδίδωσι

228 3960 296 4029 τῷ
327 3961 447 4032 Θεῷ
489 3961 770 4032 λατρείαν,
807 3962 899 4015 καί
947 3977 1133 4030 φησιν·
1169 3959 1278 4012 Καὶ
1311 3959 1588 4012 ἐναντίον
1631 3958 1800 4030 ἀγγέ-

230 4053 342 4104 λων
365 4051 551 4121 ψαλῶ
576 4069 694 4106 σοι.
1323 4036 1330 4044 ’

367 4143 790 4213 Προσκυνήσω
818 4144 968 4211 πρὸς
995 4142 1103 4195 τὸν
1127 4141 1280 4196 ναὸν
1309 4141 1480 4209 ἅγιόν
1502 4158 1640 4196 σου.

295 4235 630 4308 Προσκυνεῖν
680 4236 1072 4306 ἐπαγγέλλεται
1118 4236 1258 4308 πρὸς
1300 4236 1426 4290 ναὸν
1479 4234 1652 4304 ἅγιον,
1699 4233 1800 4306 τὴν

243 4322 563 4400 Ἐκκλησίαν
585 4326 780 4398 δηλῶν,
824 4327 857 4398 ἢ
907 4327 1007 4398 τὴν
1039 4326 1357 4394 ἐπουράνιον
1423 4323 1795 4395 Ἰερουσαλὴμ,

233 4411 292 4489 ἧς
315 4421 490 4484 τύπος
519 4422 549 4472 ὁ
577 4420 670 4472 ἐπὶ
695 4418 799 4488 γῆς
830 4419 1042 4490 ὑπῆρχε
1073 4417 1201 4480 ναός
1223 4433 1236 4446 ·
1275 4410 1394 4470 εἶτα
1417 4415 1574 4487 χάριν
1608 4415 1797 4486 ὁμολο-

231 4517 310 4582 γεῖ
337 4515 697 4581 καταξιωθεὶς
724 4511 872 4566 ἐλέου
903 4513 1000 4566 καὶ
1023 4511 1284 4580 ἀληθείας
1317 4508 1471 4562 Θεοῦ.
1515 4506 1655 4561 Ἀνθ’
1678 4499 1738 4560 οὗ
1767 4508 1796 4561 ὁ

237 4603 541 4678 Σύμμαχος,
573 4605 708 4674 περὶ
737 4604 842 4659 τοῦ
868 4603 1079 4670 ἐλέους
1101 4619 1218 4657 σου
1241 4601 1340 4657 καί
1368 4599 1477 4669 τῆς
1509 4600 1795 4667 ἀληθείας

235 4715 360 4764 σου,
410 4701 599 4770 λέγει·
661 4698 838 4769 τυχὼν
889 4699 997 4771 γὰρ
1051 4698 1202 4751 ἐλέου
1257 4694 1414 4760 Θεοῦ,
1466 4695 1649 4748 τύπων
1700 4693 1796 4747 καὶ

241 4793 508 4862 συμϐόλων
541 4791 883 4864 ἀπήλλακται
904 4831 920 4855 ,
952 4793 1010 4844 ἐν
1055 4788 1323 4862 ποεύματι
1356 4788 1413 4841 δὲ
1444 4788 1538 4840 καὶ
1571 4785 1796 4858 ἀληθείᾳ

239 4880 505 4956 λατρεύειν
535 4885 652 4957 Θεῷ
679 4882 1030 4956 κατηξίωται.

251 5059 934 5133 Ἐξομολογησάσθωσιίγ
962 5073 1060 5133 σοι
1079 5098 1094 5122 ,
1126 5058 1320 5133 Κύριε,
1352 5054 1574 5118 πάντες
1601 5054 1655 5105 oi
1679 5051 1794 5116 ,βα-

422 5201 424 5203 ς
533 5126 544 5133 ’
586 5126 597 5131 ’
751 5129 945 5195 σιλεῖς
982 5127 1093 5194 τῆς
1135 5126 1265 5197 γῆς.
1717 5195 1722 5199 ι

301 5224 558 5288 Πολλάκις
592 5223 1068 5295 παρετηρὴσαμεν,
1097 5220 1177 5272 ὅτι
1201 5218 1307 5271 τῶν
1328 5215 1555 5288 ψαλμῶν
1586 5215 1633 5267 οἱ
1659 5214 1795 5284 μήτε

245 5305 412 5380 δμνον,
453 5313 589 5382 μήτε
617 5310 778 5381 ᾠδὴν,
806 5312 941 5381 μήτε
973 5308 1205 5380 ψαλμὸν,
1229 5308 1262 5378 ἦ
1291 5324 1341 5359 τι
1368 5307 1553 5378 ἕτερον
1585 5303 1795 5375 ἔχοντες

246 5405 570 5476 προγραφὴν,
600 5403 759 5457 ἄλλου
793 5403 941 5474 παρὰ
972 5401 1142 5456 ταῦτα
1173 5401 1495 5472 τυχχάνουσι
1527 5399 1798 5470 χαρακτῆ-

248 5507 342 5561 ρος,
374 5497 552 5558 ὁποῖος
575 5495 604 5546 ὀ
631 5491 820 5564 παρὼν
849 5491 1190 5564 προφητικῆς
1223 5489 1461 5560 μετέχων
1491 5484 1789 5556 δυνάμεως-⁸

247 5578 321 5636 διὰ
339 5587 440 5658 γὰρ
471 5585 580 5638 τῶν
615 5583 990 5656 προλαϐόντων
1015 5579 1542 5652 ἐξομολογησάμενος
1559 5578 1587 5630 ὁ
1610 5574 1790 5638 Δαυῒδ,

259 5671 381 5727 Ἀλλ’
432 5677 528 5730 ούκ
581 5674 712 5745 ἐγὼ,
772 5676 922 5746 φησὶ,
969 5675 1027 5727 ὲν
1079 5672 1354 5744 βασιλεῦσι
1399 5670 1556 5741 μόνος
1599 5668 1790 5722 τούτου

253 5769 586 5840 magnam,
618 5767 854 5823 πλεῖστοι
881 5767 937 5820 δέ
969 5765 1197 5819 τοιοῦτοι
1225 5765 1564 5835 γενήσονται,
1597 5760 1796 5833 δηλαδὴ

255 5861 372 5924 μετὰ
399 5864 456 5916 τὸ
483 5866 746 5936 κήρυγμα
778 5861 870 5916 τοῦ
904 5859 1185 5932 Σωτῆρος·
1231 5858 1324 5914 καὶ
1355 5857 1584 5927 μάλιστα
1609 5856 1697 5908 ὅτε
1737 5853 1798 5907 τὸ

1901 3318 1980 3362 tes
2011 3307 2324 3362 distraheus
2352 3309 2418 3362 ad
2453 3307 2598 3362 aliud
2624 3307 2841 3376 quidvis
2865 3346 2881 3371 ,
2916 3306 3010 3360 sed
3036 3321 3065 3358 a
3095 3305 3207 3361 solo
3243 3306 3350 3360 Deo
3379 3307 3472 3359 de-

1897 3399 2168 3468 pendens;
2218 3399 2300 3452 sic
2351 3407 2408 3452 et
2463 3397 2745 3452 Psalmista
2800 3407 2911 3452 toto
2960 3396 3124 3452 corde
3156 3399 3467 3460 conﬁtetur,

1897 3488 2101 3560 gratias
2130 3505 2295 3556 agens
2336 3489 2463 3543 Deo.
2490 3487 2625 3542 Tum
2650 3489 2824 3542 elatus
2855 3487 2958 3543 hac
2989 3503 3082 3542 sua
3118 3487 3312 3543 ﬁducia
3337 3527 3353 3554 ,
3389 3489 3468 3541 vi-

1896 3580 2132 3648 densque
2181 3595 2238 3634 se
2278 3579 2328 3632 in
2380 3593 2571 3648 ttiagno
2607 3581 2854 3632 liuutatne
2893 3577 3012 3631 vitae
3067 3578 3303 3636 theatro,
3351 3592 3473 3629 uec-

1898 3685 2002 3725 non
2059 3671 2361 3726 caelestium
2403 3671 2714 3740 angelorum
2747 3708 2763 3732 ,
2797 3669 2888 3737 qui
2937 3667 3108 3736 ipsius
3133 3668 3271 3736 apud
3303 3664 3470 3720 Deum

1899 3759 2197 3833 profectum
2231 3772 2517 3831 spectant,
2547 3762 2950 3815 convenientem
2988 3760 3093 3812 Deo
3126 3758 3315 3812 tribuit
3355 3758 3470 3813 cul-

1897 3865 2009 3911 tum
2036 3896 2051 3919 ,
2097 3857 2327 3924 aitque:
2369 3855 2432 3909 Et
2475 3855 2530 3908 in
2576 3869 2851 3923 conspectu
2891 3854 3196 3924 angelorum
3239 3849 3470 3921 psallam

1895 3947 2011 4002 tibi.

1993 4127 2156 4184 Vens.
2184 4128 2238 4184 Ξ.
2269 4127 2515 4183 Adorabo
2546 4129 2615 4182 ad
2642 4126 2889 4194 templum
2922 4135 3166 4179 sanctum
3197 4134 3365 4176 tuum.

1965 4221 2328 4276 Adoraturutn
2362 4235 2424 4275 se
2459 4218 2684 4288 spondet
2715 4218 2766 4271 in
2798 4227 2990 4272 sancto
3020 4213 3252 4283 templo,
3285 4210 3471 4265 Eccle-

1895 4313 2030 4366 siam
2080 4313 2385 4379 denotans,
2435 4310 2518 4366 vel
2567 4309 2842 4365 cmlestem
2900 4305 3238 4370 Jerusalem,
3313 4305 3468 4373 cujus

1896 4414 2013 4459 erat
2047 4413 2206 4474 typus
2233 4411 2489 4467 terrestre
2525 4401 2803 4470 templum.
2839 4399 3040 4454 Deinde
3071 4396 3298 4467 gratiam
3345 4411 3468 4483 prm-

1901 4500 2102 4561 iitetur,
2137 4498 2264 4568 quia
2295 4499 2490 4570 dignus
2519 4498 2590 4552 sit
2633 4497 2852 4551 habitus
2894 4492 3261 4548 misericordia
3289 4498 3343 4544 et
3373 4504 3466 4542 vc-

1901 4593 2062 4646 ritate
2094 4591 2206 4646 Dei.
2251 4589 2357 4646 Pro
2403 4590 2598 4660 quibus
2641 4588 2824 4641 verbis
2855 4585 3231 4656 Symmachus,
3256 4589 3468 4652 proptir

1900 4683 2317 4737 misericordiam
2350 4693 2491 4734 tuam
2527 4691 2576 4734 et
2617 4678 2890 4732 veritatem
2919 4685 3063 4730 tuam
3091 4716 3108 4741 ,
3144 4675 3294 4729 dicit.
3329 4671 3464 4725 Nam

1902 4774 1996 4828 Dei
2032 4773 2457 4828 misericordiam
2493 4769 2720 4840 adeptus
2743 4807 2760 4832 ,
2795 4767 2939 4837 typis
2984 4763 3351 4836 symbolisque
3377 4777 3465 4816 sc-

1901 4866 2088 4935 positis
2115 4903 2131 4930 ,
2159 4867 2212 4919 in
2239 4863 2434 4934 spiritu
2464 4878 2529 4918 ac
2567 4861 2797 4916 veritate
2828 4860 2996 4915 Deum
3031 4858 3260 4911 adorare
3299 4854 3467 4922 impc-

1902 4956 2086 5011 Iravit.

1955 5050 2122 5105 Vens.
2151 5043 2591 5113 LConﬁteantur
2624 5044 2718 5096 tibi
2739 5085 2751 5106 ,
2781 5039 3002 5096 Domine
3022 5079 3038 5104 ,
3063 5052 3238 5093 omnes
3269 5048 3410 5100 reges

2598 5123 2774 5168 terrm.

1966 5210 2121 5282 Saepe
2149 5207 2555 5268 observavimus
2583 5205 2818 5274 psalmos
2849 5201 2968 5256 illos
2997 5198 3091 5268 qui
3122 5207 3300 5263 neque
3326 5204 3459 5244 can-

1899 5306 1986 5360 tici
2013 5319 2188 5375 neque
2218 5301 2454 5374 psalmi,
2517 5312 2691 5367 neque
2735 5292 3034 5365 quamlibet
3078 5287 3238 5341 aliam
3273 5282 3465 5337 inseri-

1898 5399 2131 5470 ptionem
2162 5395 2384 5457 habent,
2412 5391 2682 5446 diversum
2703 5386 2770 5440 ab
2797 5386 2883 5440 bis
2912 5383 3461 5470 cliaracterem‘gere-

1898 5468 1955 5542 re
1980 5529 1994 5551 ,
2031 5484 2329 5556 cuiusmodi
2366 5491 2450 5538 est
2486 5482 2574 5536 hic
2615 5476 2931 5549 prophetica
2958 5473 3166 5526 virtute
3203 5468 3463 5523 imbutus.

1896 5576 2030 5632 Nam
2065 5575 2345 5645 superiore
2372 5571 2712 5629 confessione
2747 5566 2887 5620 facta
2922 5563 3116 5628 David,
3145 5559 3332 5628 Atqui,
3363 5557 3464 5620 ait,

1895 5684 2002 5722 non
2047 5682 2147 5737 ego
2177 5666 2325 5722 solus
2370 5665 2511 5720 inter
2536 5676 2689 5730 reges
2714 5659 2800 5714 his
2829 5653 3197 5728 praerogativis
3221 5665 3337 5705 sum
3365 5648 3462 5700 de-

1903 5770 2120 5815 coratus
2146 5800 2161 5824 ,
2196 5744 2289 5814 sed
2337 5753 2551 5827 plurimi
2595 5752 2821 5821 posthac
2871 5756 3076 5813 erunt,
3123 5757 3315 5811 nempe
3343 5743 3460 5809 post

1905 5851 2216 5907 Servatoris
2266 5843 2759 5918 praedicationem;
2821 5843 3093 5913 principiis-
3150 5850 3278 5891 vero
3338 5845 3461 5887 cum
