3968 6510
461 370 529 424 39
1094 354 1361 413 EUSEBII
1398 346 1867 410 CESARIENSIS
1900 344 2049 402 OPP.
2091 342 2272 399 PARS
2311 342 2398 399 Ill.
2440 373 2507 383 -—
2547 337 2957 394 EXEGETICA.
3632 340 3696 393 ιο

462 485 745 543 mu'ltitudo
793 479 1031 552 gentium
1080 476 1325 544 ingressa
1382 472 1584 534 fuerit,
1642 480 1699 524 et
1752 465 2017 522 secundus

2156 459 2389 531 πλήρωμα
2418 454 2524 509 τῶν
2554 453 2722 506 ὲθνῶν
2754 450 2990 523 εἰσέλθῃ,
3026 452 3119 505 καὶ
3148 454 3181 524 ἡ
3207 453 3435 525 δευτέρα
3465 451 3563 507 τοῦ
3579 452 3696 505 Σω.

461 577 662 633 Christi
690 574 949 629 adventus
979 566 1258 623 acciderit.
1296 563 1447 618 Tunc
1471 562 1612 616 enim
1639 573 1834 627 magna
1862 570 2025 625 appa-

466 668 604 723 rebit
646 664 811 735 gloria
843 659 1077 716 Domini.
1125 657 1364 724 Namque
1411 652 1730 721 imperativo
1759 649 1913 705 modo
1943 645 2026 701 vel

462 758 720 828 optativa,
752 755 927 808 futura
956 750 1224 806 interdum
1253 749 1578 802 denotantur
1604 745 1896 800 secundum
1932 755 2024 810 pe-

462 848 718 905 culiarem
744 843 1093 899 Hebraeorum
1140 837 1609 895 consuetudinem.
1643 864 1715 875 —
1748 833 2025 887 Vaticina-

467 946 554 989 tur
601 932 851 987 ditl‘usum
902 932 967 985 iri
1018 944 1115 998 per
1146 944 1336 983 omnes
1368 936 1557 998 gentes
1603 924 1697 979 Dei
1746 922 2024 986 notitiam;

464 1026 652 1081 Cuncti
688 1024 853 1087 enim,
889 1022 1085 1090 inquit,
1119 1034 1275 1088 reges
1302 1027 1461 1073 terra:
1486 1014 1881 1071 conﬁtebuntur
1912 1012 2024 1073 tibi,

466 1119 790 1185 audientque
818 1114 999 1168 omnia
1031 1113 1192 1167 verba
1237 1109 1349 1164 oris
1380 1107 1472 1163 Dei
1500 1145 1516 1172 ,
1561 1116 1613 1161 et
1646 1106 1944 1160 cantabunt
1974 1103 2028 1156 in

464 1210 568 1263 viis
613 1206 845 1261 Domini.
899 1204 1021 1258 Haec
1071 1213 1250 1256 autem
1284 1199 1496 1254 nonnisi
1551 1205 1671 1268 post
1721 1195 2030 1251 Servatoris

469 1302 637 1357 nostri
682 1298 1119 1369 praedicationem
1153 1294 1358 1348 exitum
1395 1300 1548 1345 nacta
1592 1300 1737 1343 sunt.
1774 1286 1889 1342 Viae
1933 1303 2031 1341 au-

470 1403 577 1446 tem
618 1389 844 1443 virtutes
894 1394 1061 1449 sunt,
1111 1397 1231 1453 qua:
1278 1381 1344 1436 ad
1396 1381 1489 1436 Dei
1540 1380 1786 1435 notitiam
1833 1377 2031 1447 perdu-

470 1490 637 1540 cunt.i

535 1656 701 1711 Vens.
736 1656 787 1711 6.
825 1655 1076 1709 Excelsus
1108 1655 1363 1709 Dominus
1402 1667 1449 1709 et
1478 1652 1700 1707 humilia
1732 1652 1964 1719 respicit.

545 1748 675 1815 Quae
720 1750 1065 1817 propheticus
1118 1747 1342 1816 spiritus
1395 1745 1451 1799 in
1504 1746 1618 1814 ipso
1646 1752 1700 1797 et
1738 1757 1834 1813 per
1863 1742 2035 1811 ipsum

2125 552 2288 622 τῆρος
2316 548 2537 617 γένηται
2586 544 2872 615 παρουσία·
2895 543 3016 595 τότε
3044 542 3152 612 γάρ
3175 543 3469 614 ὀφθήσεται
3494 540 3698 613 μεγάλη

2125 642 2218 695 τοῦ
2252 638 2457 709 Κυρίου
2492 638 2525 708 ή
2568 635 2725 701 δόξαν
2761 634 3169 703 προστακτικῶς
3201 635 3257 688 δὲ
3297 636 3391 688 καὶ
3438 632 3702 696 εὐκτικῶς

2127 730 2237 783 ἐσθ’
2299 729 2387 782 ὅτε
2442 725 2510 779 τά
2564 724 2819 796 μέλλοντα
2880 723 3176 799 δηλοῦται,
3223 724 3365 778 κατά
3418 741 3539 776 τινα
3596 722 3702 776 τῶν

2139 820 2402 891 Ἐϐραίων
2447 816 2755 888 συνήθειαν.
2797 847 2866 855 —
2895 814 3232 886 Προφητεύει
3263 816 3390 888 περὶ
3422 816 3520 885 τῆς
3572 814 3698 885 μελε

2127 911 2327 983 λούσης
2356 907 2720 974 ὲξαπλοῦσθαι
2759 908 2838 969 εἰς
2886 907 3062 959 πάντα
3102 905 3228 977 ἔθνη
3268 906 3361 959 τοῦ
3391 904 3523 959 Θεοῦ
3563 903 3702 973 γνώ-

2130 1020 2283 1067 σεως·
2314 1004 2503 1055 Ἔσται
2543 1000 2672 1071 γὰρ,
2704 1000 2888 1070 φησὶν,
2912 999 3000 1050 ὅτε
3031 999 3228 1062 πάντες
3258 999 3308 1051 οἱ
3343 997 3576 1068 βασιλεῖς
3604 996 3703 1067 τῆς

2129 1094 2231 1166 γῆς
2273 1090 2753 1163 ἐξομολογήσονταί
2798 1106 2878 1141 σοι
2915 1090 3007 1142 καὶ
3054 1090 3373 1142 ἀκούσονται
3418 1088 3593 1141 πάντα
3636 1087 3705 1141 τὰ

2133 1188 2350 1256 ῥήματα
2388 1182 2482 1237 τοῦ
2516 1182 2780 1253 στόματος
2810 1181 2966 1246 Θεοῦ,
3001 1181 3095 1234 καὶ
3125 1182 3207 1234 ὅτι
3249 1181 3469 1253 ᾄσονται
3499 1180 3556 1233 ὲν
3582 1182 3703 1244 ταῖς

2131 1272 2268 1335 ὁδοῖς
2309 1270 2535 1342 Κυρίου.
2563 1269 2748 1323 Ταῦτα
2775 1270 2831 1323 δὲ
2862 1270 2962 1323 οῦκ
3002 1270 3189 1323 ἄλλοτε
3224 1272 3257 1341 ἢ
3299 1270 3434 1341 μετὰ
3459 1270 3519 1323 τὸ
3547 1270 3706 1338 εὐαγ-

2132 1362 2343 1431 γελικὸν
2372 1364 2633 1432 κήρυγμα
2665 1361 2757 1415 τοῦ
2788 1362 3041 1432 Σωτῆρος
3068 1362 3225 1432 ἡμῶν
3258 1362 3445 1425 τέλους
3477 1362 3706 1433 τετύχη-

2134 1472 2247 1509 κεν.
2290 1454 2428 1512 Ὼδοὶ
2476 1453 2531 1505 δέ
2564 1455 2699 1506 εἰσιν
2732 1453 2787 1505 αἱ
2835 1453 3054 1523 ἀρεταὶ,
3088 1454 3141 1506 αἱ
3174 1453 3433 1523 φέρουσαι
3473 1453 3567 1505 ἐπὶ
3608 1452 3706 1521 τὴν

2134 1549 2332 1615 γνῶσιν
2358 1543 2451 1597 τοῦ
2485 1543 2641 1597 Θεοῦ.

2286 1633 2558 1701 Ὑψηλὸς
2588 1633 2822 1699 Κύριος,
2856 1632 2954 1685 καὶ
2987 1631 3059 1685 τὰ
3092 1635 3339 1687 ταπεινὰ
3359 1631 3562 1702 ἐφορᾷ.

2207 1724 2289 1779 Τὰ
2319 1725 2424 1778 ὑπὸ
2448 1722 2542 1777 τοῦ
2571 1724 2907 1795 προφητικοῦ
2936 1726 3244 1796 πνεύματος
3272 1728 3328 1779 ὲν
3355 1725 3501 1795 αύτῷ
3524 1726 3619 1781 καὶ
3641 1726 3709 1781 δι’

474 1837 686 1893 locutus
742 1838 959 1903 fuerat,
1008 1838 1171 1891 David
1225 1850 1593 1905 cognoscens,
1651 1834 1858 1887 laetatur
1908 1833 2030 1901 quia

2156 1813 2292 1866 ιύτοῦ
2320 1813 2618 1885 λαληθέντα
2649 1811 2835 1882 μαθὼν
2861 1814 2889 1865 6
2919 1815 3097 1880 Δαυῖδ,
3131 1815 3323 1887 θαρρεῖ
3346 1817 3422 1879 ὡς
3454 1816 3698 1887 ἐφορῶν-

477 1927 617 1981 Deus
645 1927 864 1981 humilia
913 1927 1135 1998 respicit
1161 1966 1177 1991 ,
1212 1935 1267 1981 et
1296 1924 1567 1996 pressuris
1612 1923 1731 1993 ejus
1762 1931 2033 1993 protector

477 2020 648 2075 adest.

571 2138 730 2196 Vsus.
764 2138 817 2192 7.
848 2137 907 2193 Si
929 2137 1262 2191 ambulavero
1291 2136 1346 2189 in
1373 2134 1542 2189 medio
1566 2131 1943 2193 tribulationis,

989 2207 1266 2275 viviﬁcabis
1298 2221 1397 2270 me,
1428 2213 1532 2258 etc.

547 2298 758 2352 Clarius
792 2296 1149 2368 Symmachus
1178 2294 1317 2348 dixit
1346 2311 1360 2347 :
1392 2293 1457 2349 Si
1488 2292 1820 2346 ambulavero
1856 2290 1911 2343 in
1934 2305 2038 2342 me-

478 2387 566 2439 dio
599 2385 949 2439 tribulationis
975 2425 990 2448 ,
1034 2382 1362 2439 conservabit
1403 2398 1485 2435 me
1510 2394 1528 2431 :
1558 2389 1742 2434 contra
1785 2379 2036 2432 anhelan-

483 2488 558 2531 tes
594 2477 829 2530 inimicos
864 2493 1005 2530 meos
1054 2491 1266 2528 manum
1313 2486 1456 2527 tuam
1489 2473 1756 2533 extendes,
1788 2470 2038 2524 servabit-

480 2582 580 2636 que
637 2582 716 2618 me
765 2568 977 2619 dextera
1018 2574 1130 2618 tua.
1171 2564 1425 2618 Dominus
1468 2579 1575 2616 rem
1614 2578 1709 2631 pro
1751 2578 1833 2615 me
1873 2560 2040 2628 conﬁ-

480 2660 599 2712 ciet.

921 2808 1044 2865 PSA
1054 2809 1239 2866 LMUS
1276 2808 1608 2865 CXXXVIII.

552 2899 716 2955 Vens.
744 2901 796 2955 l.
829 2900 1070 2967 Domine,
1100 2901 1330 2969 probasti
1353 2916 1453 2967 me,
1488 2910 1534 2953 et
1566 2900 1850 2969 cognovisti
1870 2915 1970 2952 me.

553 2993 814 3060 Quoniam
844 2992 1000 3061 igitur
1030 3003 1226 3047 nostrae
1247 3006 1463 3061 quoque
1488 2993 1609 3045 vitae
1641 3001 1851 3058 tempus
1882 2990 2045 3043 habet

484 3083 727 3140 dimensa
786 3101 815 3139 a
864 3086 974 3139 Deo
1026 3083 1348 3147 intervalla,
1397 3084 1707 3138 universum
1751 3082 1877 3135 vita:
1910 3095 2043 3136 mea:

2134 1922 2223 1967 τος
2248 1906 2317 1958 τὰ
2347 1904 2576 1957 ταπεινὰ
2608 1902 2699 1956 τοῦ
2728 1902 2894 1970 Θεοῦ,
2935 1906 3009 1969 ὡς
3035 1908 3093 1959 ὲν
3131 1911 3252 1971 ταῖς
3281 1907 3522 1977 θλίψεσιν
3560 1909 3711 1981 αὐτῷ

2143 1997 2627 2068 συνασπιζομένου.

2147 2109 2281 2163 Ἐὰν
2300 2108 2566 2177 πορευθῶ
2593 2110 2846 2181 ἐνμέσῳ
2874 2113 3153 2182 θλίψεως,
3182 2110 3367 2180 (riam-
3387 2129 3485 2181 με,
3506 2129 3561 2165 κ.
3581 2129 3635 2166 τ.
3662 2112 3711 2168 λ.

2208 2258 2543 2330 Σαφέστερον
2586 2259 2642 2313 δὲ
2674 2260 2702 2312 6
2741 2260 3032 2333 Σύμμαχος
3077 2261 3214 2333 ἔφη’
3269 2262 3410 2315 Ἐὰν
3442 2261 3714 2330 πορευθῶ

2136 2346 2234 2401 διὰ
2274 2349 2471 2418 μέσης
2523 2351 2816 2419 θλίψεως,
2862 2354 3215 2419 περισώσεις
3256 2370 3364 2422 με’
3421 2351 3567 2406 κατὰ
3601 2350 3715 2420 τῆς

2137 2440 2447 2509 ἀναπνοῆς
2500 2439 2618 2496 τῶν
2652 2442 2880 2510 ἐχθρῶν
2906 2461 3023 2511 μου
3066 2444 3326 2510 ἐκτενεῖς
3364 2444 3529 2513 χεῖρά
3572 2460 3713 2506 σου,

2139 2533 2237 2585 καὶ
2276 2533 2462 2587 σώσει
2505 2551 2581 2602 με
2620 2535 2658 2602 ἠ
2703 2534 2872 2598 δεξιά
2921 2550 3072 2588 σου·
3124 2539 3339 2604 Κύριος
3381 2534 3717 2589 ἐπιτελέσει

2140 2622 2291 2691 ὑπὲρ
2321 2624 2486 2693 ἐμοῦ.

2674 2788 2963 2843 ΨΔΛΜΟΣ
2999 2791 3173 2846 PAH'.

2318 2904 2517 2972 Κύριε,
2550 2903 2913 2973 ὲδοκίμασὰς
2948 2922 3055 2975 με,
3095 2904 3195 2959 καὶ
3227 2904 3413 2976 ἔγνως
3442 2922 3536 2976 με.

2228 2995 2380 3048 Ἐπεὶ
2403 2995 2581 3048 τοίνυν
2608 2997 2702 3050 καὶ
2740 3000 2768 3051 ό
2793 3000 2981 3068 χρόνος
3007 3000 3104 3068 τῆς
3138 2998 3407 3069 ἡμετέρας
3436 2999 3580 3068 ζωῆς
3604 2996 3717 3068 ἔχει

2147 3086 2268 3138 τινὰ
2326 3085 2667 3155 διαστήματα
2721 3088 3109 3158 μεμετρημένα
3157 3088 3307 3159 παρὰ
3348 3088 3493 3157 Θεῷ,
3540 3089 3720 3143 πάντα

488 3184 697 3244 tempus
719 3216 734 3239 ,
769 3176 977 3244 inquit,
1011 3176 1258 3244 viamque
1308 3174 1572 3229 hactenus
1600 3170 1900 3226 confectam
1931 3169 2044 3240 ipse

2156 3194 2249 3247 μου
2283 3178 2381 3247 τῆς
2412 3174 2557 3244 ζωῆς
2598 3168 2689 3230 τδν
2732 3179 2960 3248 χρόνον,
2994 3180 3145 3247 φησὶ,
3195 3179 3288 3232 καὶ
3331 3180 3429 3251 τὴν
3480 3179 3598 3233 ὁδὸν
3648 3181 3718 3251 ἢν

486 3275 756 3321 scrutatus
785 3282 863 3321 es.

556 3355 720 3412 Vens.
753 3358 805 3412 6.
834 3357 1094 3413 Mirabilis
1124 3360 1265 3428 facta
1304 3367 1381 3413 est
1414 3358 1633 3413 scientia
1664 3366 1756 3410 tua
1789 3372 1853 3410 ea:
1877 3371 1975 3409 me.

560 3449 814 3516 Superat,
842 3450 1036 3519 inquit,
1066 3450 1211 3506 vires
1241 3466 1408 3515 meas,
1439 3459 1493 3503 et
1515 3456 1666 3504 extra
1697 3462 1869 3502 meam
1897 3461 2047 3501 com-

488 3540 895 3607 prehensionem
927 3549 1011 3595 est
1058 3542 1245 3595 horum
1274 3541 1527 3611 cognitio,
1580 3540 1651 3594 ita
1686 3548 1745 3593 ut
1782 3552 1845 3594 ea
1875 3554 2048 3609 neque

489 3633 793 3700 excogitare
814 3647 984 3701 neque
1008 3646 1268 3687 enarrare
1295 3647 1509 3702 queam.
1528 3631 1885 3699 Quantumvis
1905 3631 2048 3685 enim

490 3722 719 3791 dixero,
766 3738 829 3779 ea
876 3739 1042 3792 parva
1093 3738 1156 3777 ac
1201 3710 1425 3777 minima
1462 3739 1568 3792 prae
1596 3722 1778 3778 divina
1810 3722 2048 3793 potentia

492 3813 731 3880 fuerint,
771 3814 923 3882 cujus
971 3814 1381 3881 comprehensio
1418 3829 1592 3868 meam
1644 3813 1780 3885 fugit
1819 3814 2051 3868 tenuita-

492 3914 625 3967 tem,
659 3906 766 3959 imo
799 3907 1034 3959 omnium
1068 3906 1261 3961 virium
1296 3904 1592 3960 defectum.

539 4018 703 4072 Vsus.
736 4019 821 4073 16.
862 4017 1227 4087 Imperfectum
1258 4036 1427 4073 meum
1452 4020 1688 4073 uiderunt
1727 4017 1867 4071 oculi
1901 4018 2000 4071 tui.

562 4108 715 4175 Quod
757 4112 988 4164 nondum
1031 4110 1368 4180 feci,inquit,
1408 4119 1661 4180 tanquam
1698 4108 1812 4179 jam
1846 4108 2049 4163 factum

491 4199 745 4266 intueris;
776 4210 831 4255 et
865 4202 1098 4255 nondum
1138 4212 1293 4258 natos
1318 4244 1333 4267 ,
1362 4214 1614 4270 tanquam
1644 4200 1757 4270 jam
1790 4201 1843 4255 in
1877 4200 2051 4256 lucem

493 4288 669 4343 editos
708 4292 868 4347 nosti.
895 4290 1080 4345 Potest
1112 4300 1289 4347 autem
1315 4291 1605 4361 dupliciter
1634 4289 1861 4360 intelligi
1895 4289 2053 4344 inno-

495 4380 669 4432 centia
697 4394 836 4442 mea,
867 4388 921 4433 et
954 4378 1168 4432 malitia:
1210 4380 1447 4434 carentia
1476 4418 1493 4443 ,
1525 4377 1669 4433 nulla
1695 4376 1939 4447 indigens
1972 4376 2055 4429 in-

2150 3265 2361 3336 διῆλθον
2391 3264 2550 3327 αὐτὸς
2584 3264 2913 3334 ὲξιχνίασας.

2340 3355 2791 3425 Ἐθαυμαστὼθη
2824 3358 2861 3425 ἡ
2890 3354 3113 3426 γνῶσίς
3134 3371 3249 3412 σου
3284 3358 3351 3422 ἐξ
3376 3356 3538 3427 ἐμοῦ.

2152 3453 2197 3497 .4:
2235 3447 2549 3511 Ἐπιϐαίνει,
2580 3448 2732 3519 φησὶ,
2760 3447 2856 3519 τὴν
2894 3450 3033 3520 ἐμὴν
3053 3449 3303 3521 δύναμιν,
3340 3452 3431 3502 καὶ
3464 3447 3724 3507 ἐπέκεινα

2154 3540 2300 3592 ἐστιν
2326 3540 2423 3610 τῆς
2447 3540 2585 3610 ἐμῆς
2609 3538 2959 3611 καταλήψεως
2993 3541 3026 3610 ἡ
3056 3540 3260 3594 τούτων
3291 3540 3510 3609 γνῶσις,
3539 3541 3614 3605 ὠς
3645 3542 3720 3613 μὴ

2101 3691 2111 3697 _
2154 3629 2409 3683 δύνασθαί
2444 3646 2511 3700 με
2541 3628 2782 3702 ἐξευρεῖν
2819 3631 2951 3702 μηδὲ
2984 3629 3217 3695 ἐξειπεῖν
3246 3632 3404 3687 αὑτά.
3442 3634 3581 3687 Ὅσα
3612 3633 3721 3704 γάρ

2156 3720 2221 3774 ἂν
2259 3720 2418 3784 εἴπω,
2457 3720 2627 3792 μικρὰ
2675 3722 2769 3775 καὶ
2817 3722 3070 3792 ἐλάχιστα
3118 3724 3371 3794 τυγχάνει
3404 3727 3501 3795 τῆς
3535 3724 3722 3795 θεῖκῆς

2155 3813 2456 3883 δυνάμεως,
2488 3808 2555 3885 ἦς
2601 3814 2903 3885 κατάληψις
2946 3815 3041 3886 τὴν
3080 3816 3216 3887 ὲμὴν
3250 3818 3588 3888 σμικρότητα
3630 3818 3724 3871 καὶ

2156 3902 2400 3957 ούθενίαν
2429 3902 2727 3973 διαφεύγει.

2255 3995 2711 4083 Ἀκατέργασέόν
2738 4031 2855 4082 μου
2894 4009 3056 4068 εἶδον
3093 4018 3148 4069 oi
3183 4016 3476 4086 ὀφθαλμοί
3515 4032 3651 4071 σου.

2227 4105 2300 4159 Τὸ
2332 4105 2495 4176 μήπιι)
2513 4106 2753 4177 πραχθέν
2773 4124 2881 4178 μοι,
2900 4106 3084 4177 φησιν,
3105 4107 3179 4171 ὼς
3202 4108 3302 4179 ἤδη
3331 4109 3577 4163 τελεσθὲν
3595 4109 3725 4164 καθ-

2159 4199 2309 4269 ορᾷς,
2342 4198 2437 4250 καὶ
2463 4198 2589 4260 τοὺς
2614 4196 2751 4261 τέως
2777 4198 2850 4270 μὴ
2880 4197 3190 4269 τεχθέντας,
3218 4200 3292 4262 ὡς
3318 4200 3415 4271 ήδη
3438 4199 3725 4270 τεχθέντας

2159 4291 2465 4344 ἐπίστασαι.
2499 4291 2731 4344 Δύναται
2764 4290 2821 4343 δὲ
2856 4290 3091 4345 νοεῖσθαι
3122 4291 3284 4361 διχῶς
3309 4291 3369 4344 τὸ
3404 4291 3607 4345 ἄκακον
3634 4293 3727 4345 καὶ

2159 4380 2450 4453 άπόνηρον,
2497 4383 2591 4436 καὶ
2609 4381 2959 4448 άνεξέταστόν
3000 4400 3100 4453 μου
3120 4399 3133 4413 ⁸
3172 4383 3328 4455 ἔργον
3364 4382 3472 4455 γὰρ
3510 4386 3544 4454 ἠ
3577 4383 3729 4455 περί-

495 4469 807 4539 quisitione.
849 4468 980 4524 Nam
1022 4470 1234 4525 curiosa
1269 4472 1621 4525 observantia
1661 4470 1766 4524 dici
1799 4483 1934 4536 opus
1964 4482 2044 4536 po-

2159 4489 2277 4526 νοια
2313 4472 2564 4541 λέγεσθαι
2598 4472 2829 4541 ὀφείλει·
2877 4472 3283 4541 ἀκατέργαστος
3326 4472 3383 4525 δέ
3426 4474 3541 4526 ἐστι
3582 4471 3728 4544 ψυχὴ

496 4569 599 4614 test
639 4578 653 4614 :
692 4572 775 4616 est
821 4570 999 4617 autem
1050 4562 1360 4631 imperfecta
1411 4564 1618 4626 anima,
1655 4576 1775 4631 qua:
1816 4560 2044 4615 nondum

2156 4566 2189 4633 ἡ
2225 4566 2389 4636 μήπω
2416 4565 2481 4617 δι’
2513 4565 2715 4636 ἀρετῆς
2743 4563 3089 4635 μορφωθεῖσα
3120 4564 3214 4617 καὶ
3243 4564 3513 4633 γνώσεως.

494 4651 693 4707 virtute
730 4660 785 4707 et
821 4653 1048 4708 scientia
1084 4654 1371 4709 informata
1408 4654 1592 4711 fuerit.

634 4784 800 4839 Vens.
829 4785 910 4840 19.
944 4784 1056 4839 Viri
1085 4787 1423 4856 sanguinum,
1448 4784 1702 4838 declinate
1730 4801 1760 4836 a
1792 4799 1891 4838 me.
1970 4822 1985 4834 .

594 4855 760 4910 Vsus.
786 4856 877 4909 20.
918 4855 1199 4925 Accipient
1220 4860 1274 4909 in
1308 4856 1539 4909 vanitate
1561 4856 1791 4908 civitates
1820 4865 1958 4906 tuas.

571 4945 702 5001 Cum
726 4947 948 5001 dixisset
970 4948 1043 5017 (v.
1072 4948 1191 5018 I7):
1213 4946 1474 5000 Mihivero
1500 4946 1651 5000 nimis
1676 4946 1918 4999 honorati
1941 4955 2059 4998 sunt

502 5041 658 5094 amici
698 5041 816 5108 tui,
862 5039 1043 5105 Deus;
1093 5040 1289 5093 merito
1327 5038 1576 5093 inimicos
1629 5037 1723 5093 Dei
1764 5039 2063 5093 detestatur

500 5138 661 5195 atque
682 5143 711 5181 a
752 5143 810 5183 se
832 5136 1092 5183 removet.
1123 5128 1233 5182 lmo
1261 5144 1381 5181 cum
1406 5128 1533 5183 item
1552 5128 1773 5184 dixisset
1793 5127 1911 5182 fore
1933 5136 2056 5182 tem-

500 5236 622 5287 pus,
643 5237 752 5291 quo
780 5231 1090 5291 peccatores
1120 5220 1259 5276 Deus
1295 5220 1409 5290 ipse
1443 5221 1748 5286 interﬁciet,
1776 5221 1885 5289 jam
1920 5237 2062 5276 nunc

501 5310 621 5364 illos
643 5312 827 5380 procul
856 5328 915 5367 se
949 5321 1119 5378 arcet,
1154 5328 1222 5366 ne
1261 5311 1388 5381 quid
1415 5311 1609 5366 haheat
1631 5326 1752 5365 cum
1783 5311 1889 5365 illis
1915 5326 2062 5365 com-

501 5417 665 5457 mune
688 5443 704 5467 ,
750 5418 926 5472 neque
962 5418 1026 5458 ex
1068 5405 1302 5473 ipsorum
1333 5404 1731 5473 propinquitate
1775 5404 2062 5459 detrimen-

504 5502 617 5547 tum
665 5493 865 5562 capiat.
902 5492 1141 5563 Namque
1172 5494 1237 5548 ad
1287 5494 1653 5550 contentiosos
1701 5509 1979 5549 sermones
2008 5503 2063 5549 et

505 5583 944 5648 controversias,
992 5583 1263 5638 incassum
1313 5589 1436 5638 tuas
1486 5584 1733 5639 civitates
1770 5584 2061 5653 accipient,

505 5674 769 5729 vocabulo
840 5674 1113 5729 civitatum
1189 5676 1396 5730 divinas
1468 5674 1776 5745 Scripturas
1845 5676 2063 5747 signiti-

508 5779 638 5820 cans
664 5807 679 5834 ,
720 5779 855 5837 quas
884 5765 1080 5823 frustra
1124 5778 1344 5825 sumunt
1389 5768 1703 5826 heterodoxi
1730 5808 1745 5835 ,
1787 5778 1841 5825 et
1871 5785 1976 5827 non
2008 5780 2065 5824 ut

2164 4785 2400 4856 Ἄνδρες
2442 4784 2717 4855 αἱμάτων,
2754 4785 3069 4841 ἐκκλίνατε
3108 4787 3207 4840 ἀπ’
3234 4786 3400 4854 ἐμοῦ.
3424 4784 3731 4853 Anti-ortae

2424 4860 2511 4920 εις
2542 4858 2905 4924 ματαιότητα
2940 4857 3047 4921 τὰς
3085 4858 3291 4920 πόλεις
3326 4871 3462 4910 σου.

2237 4946 2613 5016 Εἰπὼν,Ἐμοῖ
2638 4946 2706 4999 δὲ
2732 4948 2875 5000 λίαν
2914 4948 3285 5017 ἐτιμήθησαν
3330 4950 3382 5001 οὶ
3412 4947 3576 5016 φίλοι
3594 4962 3732 5014 σου,

2169 5044 2201 5094 ὀ
2234 5040 2396 5104 Θεὸς,
2427 5039 2650 5102 εἰκότως
2680 5040 2803 5102 τοὺς
2834 5038 3061 5111 ἐχθροὺς
3092 5040 3185 5093 τοῦ
3229 5038 3363 5093 Θεοῦ
3395 5042 3736 5111 παραιτεῖται

2167 5134 2260 5187 καὶ
2307 5131 2596 5185 ἀπελαύνει
2650 5132 2871 5185 ἑαυτοῦ·
2917 5131 3051 5185 ἀλλὰ
3102 5132 3195 5185 καὶ
3239 5131 3613 5203 μνημονεύσας
3654 5131 3735 5184 ὅτι

2166 5222 2315 5274 ἔσται
2341 5238 2424 5285 τις
2445 5220 2635 5292 καιρὸς
2661 5222 2717 5273 ὲν
2749 5214 2793 5289 ᾧ
2823 5222 2947 5284 τοὺς
2976 5221 3329 5291 ἁμαρτωλοὺς
3367 5220 3527 5284 αὐτὸς
3548 5222 3576 5274 6
3604 5218 3735 5283 Θεὸς

2166 5311 2469 5373 ἀποκτενεῖ,
2494 5308 2741 5363 ἐντεῦθεν
2775 5311 2875 5380 ἠδη
2908 5310 2999 5363 καὶ
3026 5308 3247 5372 τούτους
3293 5309 3485 5364 ἑαυτοῦ
3516 5307 3734 5380 μακρὰν

2168 5401 2398 5465 ἐλαύνει,
2432 5400 2507 5464 ὼς
2532 5401 2597 5453 ἂν
2642 5400 2715 5472 μὴ
2744 5401 2996 5464 κοινωνὸς
3026 5400 3201 5454 αὐτῶν
3242 5402 3467 5470 γένοιτο,
3504 5399 3639 5471 μηδὲ
3672 5401 3737 5454 ὲκ

2165 5493 2259 5547 τοῦ
2310 5493 2629 5565 πλησιάζειν
2679 5493 2923 5566 μετάσχῃ
2970 5495 3069 5565 τῆς
3117 5497 3245 5566 παρ’
3284 5492 3459 5547 αὐτῶν
3510 5492 3731 5564 βλάϐης.

2180 5588 2331 5640 Ἐπεὶ
2366 5587 2422 5640 δὲ
2460 5586 2553 5641 κα“ι
2589 5589 2668 5651 είς
2706 5588 3012 5660 ἐριστικοὺς
3058 5587 3246 5657 λόγους
3266 5587 3356 5641 καὶ
3390 5586 3593 5657 ἐριδας,
3634 5586 3734 5651 τὰς

2172 5679 2265 5741 σὰς
2305 5679 2382 5741 είς
2411 5679 2743 5751 ματαιότητα
2780 5679 3037 5749 λήψονται
3063 5680 3263 5743 πόλεις,
3289 5678 3387 5742 τὰς
3415 5677 3564 5741 θείας
3594 5678 3735 5750 Γραο

2175 5772 2278 5841 φὰς
2308 5772 2489 5836 πόλεις
2525 5774 2987 5844 χρηματιζούσας,
3016 5774 3257 5845 ματαίως
3288 5772 3344 5826 δὲ
3372 5770 3573 5833 ταύτας
3594 5769 3735 5843 λαμε-
