3968 6506
241 370 297 421 ιι
1367 375 1873 434 COMMENTARIA
1912 380 1979 434 IN
2021 379 2358 443 PSALMOS.
2750 402 2753 403 ί
3421 402 3493 457 ω
3588 375 3599 391 "

239 484 482 537 σάνουσιν
513 485 560 537 oi
585 486 902 559 ἑτερόδοξοι,
928 490 1022 543 καὶ
1037 490 1136 562 οὐχ
1158 493 1234 557 ὡς
1264 494 1346 547 δεῖ
1373 496 1509 566 (15)·
1538 497 1777 589 ἀπρστρέ

1907 510 2201 571 oporteret.
2242 504 2355 561 Hoc
2392 522 2491 578 ego
2535 510 2810 567 hominum
2846 527 3019 585 genus
3043 531 3267 573 aversor
3312 531 3366 573 et
3408 522 3495 576 fu-

238 592 398 646 φομαι
427 578 522 629 καὶ
553 578 786 633 ἑκκλίνω
814 582 910 634 ἀπ’
934 583 1134 639 αὐτῶν.

643 672 985 741 Δοκίμασόν
1007 692 1105 743 με,
1141 679 1175 729 o’
1215 678 1377 742 Θεός.

297 757 477 809 Εἰπὼν
533 759 589 810 ἐν
631 760 796 833 ἀρχῇ,
831 764 1038 832 Κύριε,
1081 764 1449 836 ἐδοκίμιισάς
1504 788 1581 839 με
1615 771 1713 825 καί
1746 773 1804 826 ἕ-

233 866 375 917 τνως
391 865 490 917 με,
516 849 609 903 νῦν
633 851 711 915 ὡς
742 854 910 925 μήπω
932 854 1278 926 δοκιμασθεὶς
1304 859 1429 932 ἔφη,
1465 863 1804 932 Δοκίμασόν

232 958 314 1009 με,
353 942 550 1010 Κύριε,
586 944 687 998 καὶ
718 943 897 1014 γνῶθι
925 946 1042 1017 τὴν
1071 950 1324 1019 καρδίαν
1343 969 1485 1022 μου.
1530 955 1641 1008 Καὶ
1678 956 1800 1009 τότε

234 1032 321 1102 μὲν
340 1032 576 1105 εἴρηται,
612 1033 733 1103 Τὴν
763 1037 964 1105 τρίϐον
982 1058 1102 1108 μου
1136 1043 1233 1096 καὶ
1262 1044 1378 1113 τὴν
1403 1047 1657 1115 σχοῖνόν
1679 1066 1799 1118 μου

230 1122 589 1192 ἐξιχνίασας,
627 1126 726 1179 καὶ
771 1126 975 1194 πάσας
1002 1132 1109 1197 τὰς
1143 1133 1321 1200 ὁδούς
1344 1155 1466 1206 μου
1496 1140 1794 1209 προεῖδες·

232 1216 339 1287 ἄρτι
381 1215 457 1279 δὲ,
498 1218 761 1272 Ἐτασὸν
777 1236 875 1289 με,
902 1221 999 1274 καί
1024 1221 1202 1291 γνῶθι
1237 1225 1344 1290 τὰς
1371 1229 1608 1295 τρίϐους
1642 1247 1763 1299 μου
1783 1248 1796 1261 ’

233 1306 414 1376 μήποτ’
456 1303 553 1361 οὖν
587 1310 688 1362 οὐκ
722 1312 941 1365 ἐναντία
970 1312 1137 1380 λέγει.
1174 1316 1306 1370 Τότε
1349 1319 1458 1391 γὰρ
1496 1320 1685 1385 ἁπλῶς
1710 1322 1797 1375 δε·-

228 1396 539 1467 ὁοκιμάσθαι
596 1403 691 1454 καὶ
731 1403 1003 1471 ἐγνῶσθαι
1047 1401 1191 1470 εἷπε,
1237 1408 1332 1463 νῦν
1372 1411 1429 1463 δὲ
1469 1411 1681 1485 εὔχεται
1714 1416 1798 1469 δο-

231 1490 567 1562 κιμασθῆναι,
618 1495 767 1559 ὅπως
801 1497 1017 1569 γνωσθῇ
1058 1500 1091 1570 ἡ
1138 1501 1335 1573 καρδία
1379 1503 1578 1557 αὐτοῦ·
1614 1509 1796 1578 μεῖζον

230 1582 324 1652 γὰρ
346 1583 402 1635 τὸ
428 1584 673 1657 καθαρὸν
709 1589 802 1642 καὶ
828 1589 985 1656 εύθὲς
1019 1594 1085 1663 τῇ
1114 1596 1313 1667 καρδίᾳ
1356 1597 1451 1651 τοῦ
1485 1598 1672 1664 ἁπλῶς
1698 1617 1797 1653 κα-

231 1675 378 1745 θαρὸν
403 1680 498 1730 καὶ
534 1678 671 1751 εύθῆ
696 1680 993 1753 ὑπάρχειν·
1023 1685 1119 1738 καὶ
1147 1687 1433 1761 ὑπεραίρει
1474 1690 1569 1745 τοῦ
1610 1693 1795 1757 ἁπλῶς

225 1766 611 1838 δοκιμασθέντα
654 1774 962 1846 γνωσθῆναι
1010 1776 1091 1848 τῷ
1136 1778 1531 1854 δοκιμασθῆναι
1570 1784 1662 1837 ἐπὶ
1716 1785 1794 1855 τῷ

2446 687 2615 744 Proba
2653 708 2757 755 me.
2794 694 2955 751 Deus.

1978 781 2150 846 Quum
2176 781 2331 836 initio
2345 781 2593 849 dixisset,
2613 782 2854 852 Domine,
2871 789 3109 857 probasti
3132 808 3211 847 me
3231 802 3280 847 et
3300 809 3491 865 cogam

1908 873 2025 925 visti
2072 889 2171 940 me,
2228 889 2374 939 nunc
2419 890 2515 929 ceu
2573 879 2809 931 nondum
2853 883 3113 950 probatus
3151 886 3270 939 ait:
3308 888 3491 944 Proba

1907 981 2008 1029 me,
2054 964 2296 1031 Domine,
2340 977 2389 1021 et
2436 970 2567 1021 scito
2604 986 2695 1023 cor
2740 988 2932 1028 meum.
2984 974 3051 1028 Et
3098 985 3224 1031 tunc
3269 980 3483 1047 quidem

1908 1057 2105 1111 dictum
2150 1059 2251 1112 fuit
2290 1077 2303 1115 :
2357 1058 2427 1114 Et
2474 1062 2769 1129 funiculum
2821 1081 2993 1117 meum
3034 1068 3383 1140 investigasti,
3432 1079 3485 1123 ct

1906 1166 2080 1225 omnes
2122 1152 2231 1205 vias
2277 1169 2417 1206 meas
2456 1156 2749 1221 prwvidisti
2772 1172 2791 1219 ;
2831 1172 2973 1212 nunc
3024 1175 3192 1227 vero,
3232 1161 3484 1217 Scrutare

1906 1254 2023 1303 me,
2078 1248 2128 1291 et
2186 1255 2433 1308 cognosce
2482 1243 2697 1294 semitas
2750 1259 2916 1297 meas.
2974 1244 3237 1301 Neutrubi
3300 1258 3480 1303 tamen

1904 1333 2178 1386 contraria
2229 1333 2494 1402 loquitur.
2539 1334 2691 1389 Tunc
2729 1338 2877 1391 enim
2932 1339 3256 1408 simpliciter
3294 1344 3482 1412 explo-

1907 1432 2079 1475 ratum
2114 1438 2171 1476 se
2203 1435 2256 1477 et
2288 1426 2564 1495 cognitum
2602 1427 2775 1489 dixit;
2817 1444 2960 1483 nunc
2983 1446 3114 1485 vero
3139 1443 3261 1485 orat
3296 1434 3481 1504 explo-

1906 1515 2013 1566 rari
2063 1529 2140 1569 se.
2186 1514 2354 1585 Majns
2392 1518 2536 1571 enim
2577 1522 2702 1589 quid
2754 1530 2877 1588 est,
2918 1537 3111 1590 purum
3160 1536 3480 1595 rectumque

1904 1598 2101 1659 habere
2122 1621 2235 1672 cor,
2260 1623 2419 1675 quam
2450 1612 2766 1680 simpliciter
2794 1628 2913 1669 esse
2944 1630 3135 1684 purum
3166 1626 3221 1671 et
3245 1628 3475 1675 rectum.

1900 1694 2191 1766 Longeque
2207 1709 2425 1768 praeslal
2439 1704 2655 1771 cognito
2674 1719 2769 1773 per
2779 1704 3205 1775 explorationem
3220 1709 3479 1778 simplici-

1903 1800 1985 1842 ter
2026 1791 2261 1857 Itomini,
2301 1794 2385 1849 ille
2414 1796 2503 1864 qui
2537 1798 2797 1866 probatus
2835 1809 2918 1855 est
2952 1816 3050 1870 per
3085 1801 3267 1857 cordis
3290 1803 3478 1873 cogni-

227 1858 514 1931 γνωσθῆναι
544 1862 648 1932 τὴν
680 1864 907 1935 καρδίαν
938 1866 1102 1920 αὑτοῦ
1124 1884 1138 1898 '
1179 1869 1316 1924 ἀλλὰ
1354 1873 1447 1926 καὶ
1478 1873 1574 1927 τοῦ
1608 1875 1783 1938 ἁπλῶς

1900 1882 2121 1936 tionem.
2170 1884 2377 1940 Rursus
2408 1888 2579 1957 majus
2607 1891 2735 1960 quid
2766 1902 2886 1957 est,
2922 1894 2966 1948 si
3000 1894 3101 1949 viae
3124 1894 3241 1962 ejus
3272 1895 3478 1967 exple--

228 1952 580 2025 φωραθῆναι
607 1954 706 2019 τὰς
732 1957 886 2022 ὁδοὺς
927 1959 1116 2026 αὐτοῦ,
1166 1961 1351 2033 μεῖζον
1394 1965 1456 2019 τὸ
1484 1966 1794 2037 γνωσθῆναι

225 2042 309 2106 τὰς
344 2044 569 2115 τρίϐους
618 2048 947 2115 ἐτασθέντας
988 2053 1176 2109 αὑτοῦ.
1217 2055 1310 2109 Διὸ
1368 2058 1463 2111 καὶ
1510 2060 1789 2130 ἐπήγαγε·

225 2136 319 2189 Καὶ
358 2136 443 2190 (ea
493 2141 551 2192 εί
602 2136 757 2205 εἶδες
800 2142 1058 2213 ἀνομίαν
1091 2146 1163 2199 ἐν
1209 2147 1361 2217 ἐμοὶ,
1415 2150 1694 2203 τουτέστιν
1735 2153 1793 2206 ὲν

225 2226 322 2293 ἕξει
357 2228 450 2280 καὶ
482 2228 729 2283 διαθέσει
766 2249 890 2302 μου.
930 2234 1157 2306 Φέρεται
1196 2237 1289 2290 καὶ
1330 2237 1527 2303 οὕτως·
1560 2241 1670 2294 Καὶ
1704 2240 1794 2295 ide

223 2322 267 2372 εί
303 2320 434 2387 ὁδὸς
477 2323 738 2392 ἀνομίας
782 2326 854 2379 ἐν
905 2326 1069 2396 ἐμοί·
1122 2330 1411 2396 τουτέστι,
1461 2334 1796 2405 κατανόησον

225 2412 265 2464 εί
292 2412 482 2468 ὦδευσέ
527 2430 666 2469 ποτε
695 2419 754 2470 ὲν
778 2420 845 2489 τῇ
887 2418 1035 2491 ψυχῇ
1066 2438 1165 2491 μου
1192 2422 1411 2494 ἀνομία,
1440 2424 1516 2489 ὡς
1546 2424 1664 2497 ἴχνη
1694 2427 1793 2498 τῆς

223 2504 324 2557 ὁδοῦ
354 2506 521 2577 αὐτῆς
573 2511 753 2578 μεῖναι
802 2511 933 2581 παρ’
975 2513 1119 2583 ὲμοί.
1158 2515 1346 2586 Ὅμως
1377 2516 1434 2569 δὲ
1482 2518 1576 2571 καὶ
1610 2520 1659 2571 εί
1700 2537 1791 2573 το-

225 2597 373 2668 σαύτη
403 2600 466 2652 ὲκ
499 2599 601 2653 σοῦ
636 2603 731 2654 καὶ
755 2601 843 2655 διὰ
873 2604 934 2656 σὲ
961 2604 1319 2677 κατώρθωται
1348 2625 1438 2678 μοι
1466 2609 1791 2683 ἀναμαρτη-

225 2686 317 2749 aia,
356 2689 468 2742 ἀλλ’
501 2688 603 2745 οὖν
651 2694 715 2746 σὺ
753 2694 1043 2766 ὡδήγησάς
1087 2713 1153 2767 με
1195 2699 1253 2751 ὲν
1296 2698 1403 2770 ὁδῷ
1449 2701 1664 2772 αἱωνίᾳ,
1698 2703 1791 2756 ἐπὶ

224 2780 495 2838 ἀθανασίαν
538 2786 639 2839 καὶ
676 2787 989 2860 ἀφθαρσίαν
1013 2790 1243 2865 ἀγούσῃ.

759 2881 1048 2935 ΨΑΛΜΟΣ
1075 2882 1242 2938 ΡΛθν.

352 2969 693 3024 Πεσοῦνται
721 2972 815 3024 ἐπ’
848 2974 1071 3040 αὐτοὺς
1097 2974 1392 3045 ἄνθρακες
1425 2979 1634 3046 πιφός.

280 3058 429 3129 Δίκην
458 3061 575 3132 γὰρ
608 3061 793 3132 ὑφέξει
832 3064 969 3135 πρὸς
1003 3065 1190 3131 αὐτοῦ,
1226 3068 1381 3121 νόσον
1418 3066 1555 3138 ἔχων
1601 3067 1790 3124 τοιαύ-⁵

220 3164 321 3219 την.

291 3244 492 3313 Ἄνδρα
513 3244 731 3300 ἄδικον
754 3248 909 3303 κακὰ
944 3252 1220 3318 θηρεύσει
1244 3254 1332 3319 είς
1355 3252 1700 3324 διαφθοράν.

277 3400 335 3452 Τί
364 3402 417 3456 δέ
447 3406 602 3457 ἐστιν
632 3407 710 3468 εἰς
748 3405 1081 3481 διαφθοράνς
1116 3410 1197 3463 ὅτι
1238 3410 1421 3465 πολλοὶ
1463 3411 1784 3485 θηρεύονται

220 3494 284 3555 εἰς
305 3497 597 3568 σωτηρίαν,
632 3497 707 3562 ὡς
736 3502 783 3552 οἱ
819 3500 968 3573 παρὰ
996 3502 1105 3555 τῶν
1128 3503 1460 3568 ἀποστόλων,
1496 3504 1571 3568 ὡς
1595 3508 1642 3558 oi
1660 3523 1782 3567 ,πα-

220 3586 277 3657 ρὰ
305 3588 403 3643 τῶν
430 3591 611 3661 ἁγίων
660 3593 870 3664 ἀνδρῶν
891 3612 903 3621 ·
949 3594 1065 3649 ἀλλ’
1090 3596 1145 3649 οἵ
1160 3613 1223 3665 γε
1257 3597 1482 3668 πονηροὶ
1519 3598 1647 3651 ὅταν
1678 3598 1783 3652 ὑπὸ

218 3679 299 3747 τῆς
328 3685 521 3748 κακίας
568 3684 887 3756 θηρεύονται
912 3688 1006 3740 καὶ
1038 3687 1263 3759 φθορᾶς*
1294 3690 1400 3751 πᾶς
1434 3690 1541 3761 γὰρ
1578 3689 1779 3754 ἄδικος,

217 3771 378 3846 ὥσπερ
404 3776 512 3829 ὑπὸ
560 3777 769 3840 οἰκείας
796 3778 952 3831 νόσου
983 3778 1301 3852 διαφθαρεὶς
1324 3781 1430 3833 ὑπὸ
1456 3782 1557 3852 τῆς
1586 3782 1778 3836 ἑαυτοῦ

218 3866 404 3930 κακίας,
452 3868 615 3939 δίκην
649 3868 834 3939 ὑφέξει
872 3869 971 3941 τὴν
1018 3871 1398 3942 προσήκουσαν
1424 3888 1437 3901 °
1485 3872 1642 3945 ἱκανὴ
1670 3872 1780 3944 γάρ

218 3962 339 4015 ἐστιν
358 3965 475 4018 ἀντὶ
512 3965 699 4037 πάσης
719 3965 985 4036 τιμωρίας
1028 3965 1127 4037 τὴν
1150 3964 1374 4035 ἔχουσαν
1399 3966 1569 4039 αὐτὴν
1600 3967 1778 4041 ψυχὴν

215 4052 515 4127 διαφθεῖραι.

220 4145 417 4217 Ἕγνων
455 4150 550 4203 ὅτι
590 4147 827 4215 ποιήσει
857 4149 1072 4217 Κύριος
1096 4148 1209 4218 τὴν
1246 4149 1449 4218 κρίσιν
1488 4151 1595 4205 τοῦ
1627 4168 1779 4207 πτίσς

919 4240 1052 4311 χοῦ.

282 4329 553 4386 Ἐντεῦθεν
590 4335 617 4386 ό
640 4331 891 4403 Σολομὼν
919 4333 1220 4405 ὠφεληθεὶς
1246 4334 1336 4387 τὸν
1372 4336 1579 4406 πατέρα
1611 4335 1775 4407 φησὶν

214 4418 262 4471 ὲν
283 4422 351 4492 τῷ
390 4423 789 4497 Ἐκκλησιαστῇ
814 4442 826 4454 ’
879 4427 1058 4492 Τέλος
1096 4428 1283 4495 λόγου
1315 4425 1380 4480 τὸ
1418 4425 1542 4480 πᾶν
1566 4428 1769 4495 ἄκουε,

215 4512 280 4566 δτι
302 4516 415 4571 πᾶν
430 4519 499 4572 τό
526 4520 754 4588 ποίημα
792 4518 921 4583 ἄξει
941 4521 973 4573 ό
1000 4518 1142 4583 Θεὸς
1168 4521 1256 4582 είς
1284 4519 1506 4586 κρίσιν,
1530 4519 1601 4573 ἐν
1623 4535 1772 4574 star-

1900 1985 2030 2027 ratae
2081 1986 2395 2046 noscantur,
2449 1994 2609 2049 quam
2646 1982 2691 2035 si
2736 1986 3107 2040 tantummodo
3139 1988 3476 2055 praevidean-

1897 2075 2001 2118 tur.
2039 2064 2244 2123 Idcirco
2276 2069 2480 2127 addidit
2512 2090 2527 2127 :
2575 2072 2645 2127 Et
2682 2074 2798 2129 vide
2836 2093 2904 2130 an
2943 2080 3025 2131 via
3069 2078 3369 2150 iniquitatis
3419 2081 3475 2134 in

1894 2175 1974 2213 me
2002 2161 2096 2226 sit,
2138 2161 2189 2216 id
2222 2173 2305 2218 est
2338 2164 2388 2218 in
2424 2166 2608 2222 habitu
2644 2182 2705 2223 ac
2738 2184 2937 2240 genere
2977 2171 3101 2225 vitae
3148 2187 3302 2226 mete.
3335 2171 3473 2227 Fer-

1896 2260 1984 2304 tur
2019 2262 2072 2305 et
2116 2253 2218 2307 alia
2267 2254 2619 2327 explanatio:
2663 2258 2732 2314 Et
2763 2261 2877 2315 vide
2907 2280 3034 2316 num
3063 2264 3146 2316 via
3176 2264 3472 2333 iniquitatis

1893 2342 1947 2394 in
1978 2359 2058 2395 me
2086 2344 2152 2397 sit
2179 2360 2198 2397 :
2228 2346 2279 2399 id
2311 2359 2414 2415 est,
2447 2350 2673 2406 observa
2710 2369 2776 2407 an
2808 2356 3097 2424 aliquando
3127 2356 3383 2424 iniquitas
3417 2358 3471 2409 in

1894 2448 1983 2489 me
2016 2435 2085 2489 sit
2110 2450 2377 2505 grassata,
2408 2442 2480 2495 ita
2526 2453 2585 2496 ut
2633 2446 2860 2517 vestigia
2896 2449 3103 2503 semita:
3143 2448 3262 2518 ejus
3296 2450 3348 2503 in
3384 2466 3473 2503 mc

1893 2527 2187 2596 supersint.
2225 2529 2588 2589 Nihilominus
2634 2537 2735 2590 etsi
2769 2544 2917 2591 tanta
2956 2538 3055 2591 fuit
3088 2553 3154 2593 ex
3196 2552 3247 2593 te
3291 2549 3346 2593 et
3373 2556 3470 2610 per

1897 2628 1946 2673 te
1992 2618 2301 2677 innocentia
2339 2642 2455 2680 mea
2482 2668 2496 2691 ,
2536 2638 2589 2681 tu
2648 2639 2829 2683 tamen
2872 2631 3006 2685 mibi
3054 2632 3161 2685 dux
3207 2647 3264 2686 es
3298 2633 3350 2687 in
3384 2634 3470 2687 via

1892 2719 2094 2764 aeterna
2125 2752 2140 2775 ,
2181 2730 2298 2782 quae
2330 2717 2395 2769 ad
2426 2718 2834 2774 itnmortalitem
2875 2720 3472 2791 incorruptibilitatem-

1893 2813 1998 2868 que
2035 2804 2300 2870 perducit.

2351 2896 2675 2955 PSALMUS
2715 2900 3001 2958 CXXXIX.

2044 2979 2199 3036 Vens.
2236 2985 2322 3039 il.
2352 2987 2551 3042 Cadent
2583 3007 2739 3059 super
2767 3008 2855 3047 eos
2888 2993 3023 3064 ignis
3047 2997 3317 3050 carbones.

1963 3069 2183 3126 Poenam
2246 3076 2443 3147 quippe
2491 3095 2522 3133 a
2572 3080 2681 3135 Deo
2729 3083 2958 3150 releret,
3011 3087 3101 3155 qui
3158 3088 3464 3158 liajusmodi

1894 3166 2081 3219 morbo
2112 3165 2341 3221 laborat.

1816 3245 1857 3302 (Σ
1896 3256 2055 3313 Vens.
2097 3258 2188 3314 12.
2257 3258 2437 3316 Virum
2481 3262 2735 3341 injustam
2792 3268 2934 3324 mala
2982 3272 3185 3341 capient
3234 3274 3303 3327 ad
3344 3291 3466 3328 cor-

2523 3337 2837 3402 raptionem.

1956 3419 2092 3488 Quid
2120 3433 2201 3477 est
2228 3425 2293 3477 ad
2326 3429 2772 3497 corruptionem?
2807 3447 3000 3502 nempe
3035 3435 3162 3504 quia
3194 3436 3347 3492 multi
3371 3452 3465 3493 ca-

1886 3513 2107 3581 piuntur
2128 3515 2193 3569 ad
2224 3516 2475 3585 salutem,
2503 3529 2563 3574 ut
2589 3520 2662 3575 illi
2698 3526 2790 3593 qui
2826 3526 2892 3581 ab
2932 3528 3191 3597 apostolis
3222 3532 3458 3586 sanctis-

1883 3624 1987 3677 que
2016 3610 2168 3664 viris.
2208 3609 2584 3670 Verumtamen
2631 3616 2705 3670 illi
2742 3618 2970 3686 improbi
3001 3630 3126 3674 sunt
3156 3622 3246 3691 qui
3277 3637 3306 3676 a
3347 3639 3461 3676 ma-

1883 3699 1995 3754 litia
2021 3702 2310 3771 capiuntur
2337 3714 2391 3757 et
2427 3707 2752 3775 corruptela.
2805 3709 2995 3776 Qulvis
3029 3710 3170 3764 enim
3224 3710 3458 3779 injustas

1884 3802 2138 3864 tanquam
2176 3795 2364 3850 intimo
2394 3798 2584 3853 morbo
2608 3812 2892 3869 corruptus
2924 3804 3159 3873 nequitia
3192 3822 3311 3870 sua,
3337 3820 3458 3876 pm-

1882 3901 2005 3940 nam
2071 3903 2364 3958 congruam
2435 3895 2689 3964 perieret.
2767 3894 3008 3965 Namque
3073 3899 3140 3952 ad
3208 3915 3457 3953 corrum—

1879 3981 2107 4049 pendam
2168 3984 2437 4050 animam,
2500 3987 2740 4057 cujusvis
2788 4005 2960 4060 [)(BIKB
3014 3991 3171 4058 loco,
3217 3993 3456 4063 nequitia

1878 4076 2092 4135 suﬁicit.

1881 4167 2044 4225 Vens.
2090 4172 2175 4226 15.
2237 4171 2465 4243 Cognovi
2522 4178 2646 4258 quia
2689 4178 2846 4261 jaciet
2892 4178 3142 4234 Dominus
3183 4180 3453 4250 judicium

2567 4264 2755 4313 inopis.

1948 4330 2083 4387 Hinc
2111 4332 2364 4389 Salomon
2392 4335 2538 4391 Patri
2561 4337 2863 4409 suﬂ'ragaus
2892 4340 2967 4394 ait
2998 4341 3049 4395 in
3081 4341 3409 4398 Ecclesiaste
3435 4361 3449 4396 ε

1881 4421 2064 4476 Finem
2130 4442 2491 4497 summamque
2546 4431 2706 4482 totius
2754 4432 3009 4485 sermonis
3046 4433 3210 4497 audi;
3259 4447 3453 4503 nempe

1876 4518 2016 4588 quod
2047 4534 2197 4572 omne
2233 4520 2431 4589 factum
2482 4522 2708 4576 adducet
2759 4523 2896 4578 Deus
2950 4525 3006 4577 in
3047 4526 3342 4595 judicium,
3385 4526 3451 4578 de

215 4606 255 4655 τί
278 4609 717 4679 παρεωραμέντρ,
748 4609 857 4663 ἐὰν
886 4628 949 4663 τε
970 4609 1215 4679 ἀγαθὸν,
1242 4608 1353 4663 ἐάν
1377 4627 1438 4663 τε
1466 4611 1733 4679 πονηρόν
1750 4629 1763 4642 °

1895 4613 2019 4665 mini
2052 4612 2378 4677 abscondito,
2434 4616 2541 4668 sive
2606 4616 2660 4669 id
2716 4618 2909 4671 bonum
2958 4618 3139 4685 fuerit,
3181 4622 3285 4672 sive
3328 4635 3449 4672 ma-

215 4698 289 4749 καὶ
308 4700 394 4751 νῦν
409 4703 540 4773 γὰρ,
576 4704 762 4772 φησιν,
790 4702 865 4767 ὼς
898 4704 1120 4773 κρινεῖό
1144 4702 1275 4766 Θεὸς
1300 4702 1529 4756 ἐκδικῶν
1555 4704 1645 4757 τὸν
1671 4704 1766 4758 νῦν

215 4793 658 4863 καταπονούμενον
701 4793 908 4865 πένητα
953 4794 1049 4847 καὶ
1087 4794 1323 4865 πτωχόν.
1370 4794 1491 4847 Ἐπὶ
1529 4797 1765 4867 χρηστὸν

213 4877 255 4931 δὲ
280 4886 403 4950 μετὰ
420 4886 595 4939 ταῦτα
621 4886 774 4950 τέλος
802 4886 1139 4956 κατέστρεψε
1171 4887 1263 4939 τὸν
1282 4885 1495 4958 ψαλμόν
1520 4904 1533 4917 ’
1558 4888 1638 4941 διὸ
1667 4890 1762 4943 καὶ

211 4967 292 5034 Eii;
316 4974 483 5041 τέλος
519 4976 949 5048 ἐπιγέγραπται,
996 4976 1093 5048 τὴν
1129 4978 1497 5050 ἀποκειμένην
1533 4981 1646 5043 τοῖς
1688 4978 1767 5032 δι-

212 5063 358 5129 καίοις
402 5066 577 5137 λέγων
636 5068 846 5125 ἐλπίδα.
916 5069 973 5123 '0
1018 5068 1076 5120 δὲ
1124 5068 1435 5140 Σύμμαχος,
1481 5072 1639 5139 παρὰ
1687 5070 1768 5137 τῷ

211 5154 477 5225 προσώπῳ
516 5173 655 5223 σου,
700 5159 868 5228 λέγει.
900 5159 965 5212 Τί
1010 5158 1066 5213 δὲ
1090 5161 1336 5231 κρεῖττον
1363 5159 1458 5213 τοῦ
1491 5161 1765 5234 κεκαθαρ-

214 5244 324 5315 μένη
375 5247 581 5321 διανοίᾳ
626 5251 916 5323 πρόσωπον
979 5251 1116 5324 πρὸς
1164 5252 1454 5324 πρόσωπον
1506 5254 1638 5325 όρᾷν
1674 5254 1765 5308 τὸν

210 5332 346 5403 θεόν;
392 5342 532 5395 κατὰ
561 5342 654 5395 τὸν
686 5342 781 5396 τοῦ
815 5343 1064 5416 Σωτῆρος
1104 5344 1451 5415 μακαρισμὸν
1478 5344 1720 5409 εἰπόντος
1740 5362 1754 5375 ο

212 5424 467 5499 Μακάριοι
508 5438 559 5489 οὶ
606 5436 851 5503 καθαροὶ
902 5434 977 5504 τῇ
1015 5436 1247 5505 καρδίᾳ,
1297 5436 1387 5490 ὅτι
1437 5436 1604 5491 αὐτοὶ
1652 5436 1757 5489 τὸν

212 5516 336 5568 θεὸν
359 5521 605 5591 ὄψονται
629 5542 644 5555 ⁸
681 5520 743 5579 οὗ
771 5526 1022 5597 τυχόντες
1043 5528 1538 5597 εύχαριστήσουσιν.

268 5674 303 5706 δ’
325 5679 494 5735 Eccle.
530 5697 628 5747 xtl,
658 5682 743 5745 1'5,
774 5683 856 5735 14.
930 5682 977 5712 ⁸³
1014 5682 1203 5737 Matth.
1242 5699 1293 5749 ν,
1322 5683 1377 5739 8.

1872 4701 1981 4754 lum
2022 4702 2087 4755 δ’.
2132 4702 2196 4757 Et
2244 4720 2387 4759 nunc
2447 4706 2614 4771 enim,
2682 4702 2877 4776 inquit,
2926 4708 3193 4778 judicabit
3250 4711 3447 4766 vindex’

1874 4796 2012 4849 Deus
2049 4796 2116 4850 de
2146 4813 2384 4867 paupere
2422 4813 2683 4867 oppresso
2712 4809 2765 4855 et
2795 4802 2861 4855 de
2905 4802 3081 4873 inope.
3118 4802 3281 4857 Felici
3318 4818 3439 4857 mox

1867 4889 1973 4940 line
2000 4888 2267 4956 psalmum
2299 4892 2574 4944 concludit
2612 4892 2864 4962 (ideoque
2903 4904 2958 4949 et
3005 4897 3056 4950 in
3106 4897 3263 4950 titulo
3309 4899 3445 4949 scrt-

1865 4991 2013 5051 ptutn
2041 4991 2124 5035 est
2153 4980 2219 5035 In
2255 4982 2436 5053 ﬁnem)
2465 4987 2757 5055 repositam
2783 4987 2947 5055 jnslis
2993 5002 3141 5057 spem
3183 4986 3442 5041 recitans.

1865 5073 2233 5144 Symmachus
2277 5085 2478 5142 autem,
2521 5077 2664 5147 apud
2701 5078 2888 5147 faciem
2922 5088 3089 5141 tuam,
3121 5078 3269 5133 dicit.
3301 5077 3441 5143 Quid

1863 5176 1992 5217 vero
2034 5166 2376 5232 praestantius
2426 5181 2590 5234 quam
2642 5183 2779 5237 puro
2831 5169 2994 5223 corde
3042 5168 3209 5222 Deum
3257 5182 3441 5222 coram

1863 5256 2150 5324 spectare?
2184 5268 2342 5325 prout
2374 5259 2512 5315 dixit
2538 5261 2799 5315 Servator
2822 5278 2836 5315 :
2863 5260 3012 5314 Beati
3038 5259 3232 5314 mundo
3260 5262 3437 5325 corde,

1862 5347 2111 5414 quoniam
2147 5348 2246 5415 ipsi
2291 5348 2457 5404 Deum
2480 5352 2724 5406 videbunt
2746 5352 2830 5403 “!
2868 5366 3027 5419 quam
3060 5365 3173 5406 rem
3215 5354 3434 5423 adepti.

1862 5437 2065 5504 gratias
2094 5447 2274 5509 agent.

271 5834 369 5905 (ιδ)
411 5839 639 5908 Insignis
673 5838 887 5893 Eusebii
930 5837 1194 5893 sententia
1239 5839 1305 5896 dc
1348 5838 1517 5895 sacris
1557 5837 1725 5907 libris,
1756 5836 1889 5893 nihil
1926 5839 2170 5895 utilitatis
2198 5839 2336 5909 apud
2367 5838 2650 5896 hatreticos
2690 5840 3020 5897 habentibus

456 5934 719 5993 Ριιτιιοι..
768 5934 886 5994 Gn.
937 5932 1166 5995 .\'.-\°l\'.

3023 5941 3062 5996 2
