3968 6506
501 386 572 442 45
1177 385 1443 441 EUSEBII
1483 382 1956 439 C.-ESARIENSIS
1994 381 2145 438 ΟΡΡ.
2189 382 2363 436 PARS
2402 382 2490 439 Ill.
2530 412 2598 422 —-—
2639 380 3055 437 EXEGETICA.
3695 380 3759 435 Η

1029 494 1350 550 PSALMUS
1384 495 1543 550 CXL.

569 592 817 667 Psalmns
837 590 926 644 hic
948 603 1132 658 parem
1161 602 1227 640 ac
1259 587 1505 656 superior
1542 587 1755 641 titulum
1795 585 1953 656 gerit.
1980 584 2074 638 Est

502 698 680 743 autem
729 682 966 746 Davidis,
1014 680 1366 749 eamdemque
1414 680 1521 732 vim
1579 680 1759 751 procis
1809 678 2071 733 continet.

501 782 613 835 Hoc
655 789 832 833 tamen
863 775 1091 845 amplius
1124 773 1312 838 habet,
1352 774 1492 842 quod
1528 773 1701 843 magis
1738 782 1820 826 est
1857 772 2077 841 dogma-

502 874 661 934 ticus,
713 877 767 922 et
789 868 941 936 plura
974 876 1138 936 atque
1169 867 1385 920 utiliora
1431 867 1532 920 sub
1568 864 1721 918 initio
1769 865 1944 919 docet.
1987 862 2077 916 Ait

499 964 665 1034 igitur
697 985 709 1017 :
737 960 994 1015 Clamavi.
1026 959 1178 1013 Haud
1208 974 1340 1012 sane
1365 973 1557 1028 magna
1588 972 1720 1011 voce
1752 964 1806 1010 et
1838 953 2076 1009 clamore

500 1069 657 1108 usum
681 1066 801 1106 esse
828 1050 1190 1120 psalmistam,
1211 1050 1434 1103 credere
1461 1050 1617 1103 decet
1641 1065 1655 1111 ;
1692 1062 1817 1101 nam
1850 1044 2073 1099 silentes

500 1160 716 1215 quoque
744 1144 894 1198 audit
934 1144 1092 1196 Deus.
1144 1140 1237 1196 Sic
1280 1141 1444 1195 etiam
1492 1140 1661 1211 Moysi
1710 1139 1943 1193 traditur
1997 1138 2075 1192 di-

498 1248 643 1292 ctum
665 1255 680 1294 :
702 1236 843 1303 Quid
869 1236 936 1288 ad
954 1250 1033 1287 me
1058 1233 1353 1288 clamas“?
1376 1231 1479 1287 Sed
1502 1232 1591 1301 qui
1616 1246 1806 1301 magna
1828 1229 2075 1299 dogmata

501 1348 531 1384 a
562 1331 670 1384 Deo
708 1329 992 1393 didicerat,
1033 1328 1233 1382 eximio
1271 1326 1437 1381 animi
1479 1324 1673 1379 atl‘eetn
1719 1322 1929 1390 ftdcque
1976 1320 2073 1374 ali-

500 1423 627 1491 quid
652 1438 680 1475 a
708 1423 816 1476 Deo
855 1428 1063 1492 petens,
1112 1420 1185 1473 ita
1233 1419 1297 1471 ad
1327 1433 1450 1471 eum
1492 1414 1781 1471 clamabat.
1816 1412 1993 1479 Quare
2020 1422 2071 1467 et

503 1513 731 1569 tidenter
762 1513 843 1566 ait
874 1530 889 1567 :
915 1512 1182 1578 Quoniam
1209 1510 1330 1563 talis
1366 1524 1508 1572 sum,
1558 1517 1611 1562 et
1657 1507 1727 1559 ita
1758 1504 1955 1567 clamo,
1992 1516 2075 1557 at-

501 1608 663 1660 tende
691 1606 808 1659 voci
844 1618 979 1659 mete
1007 1605 1131 1657 dum
1164 1602 1229 1656 ad
1270 1613 1319 1655 te
1349 1602 1543 1655 clamo.
1593 1598 1801 1667 Quippe
1832 1597 1926 1665 qui
1974 1612 2073 1665 pu-

503 1714 616 1751 ram
656 1698 827 1751 habeo
856 1712 963 1749 non
994 1705 1227 1748 mentem
1256 1691 1649 1753 tantummodo,
1691 1688 1784 1742 sed
1812 1696 1866 1741 et
1896 1686 2070 1741 labtoo

498 1803 620 1841 rum
644 1803 830 1842 vocem
874 1801 904 1839 a
952 1784 1251 1847 mendacio,
1296 1782 1534 1853 periurio
1560 1790 1614 1834 et
1654 1777 1920 1834 convicio.
1974 1776 2070 1832 His

500 1882 665 1934 etiam
696 1890 1088 1950 consequenter
1119 1877 1305 1931 addit:

505 2067 662 2123 Vens.
718 2065 775 2122 2.
840 2064 1075 2119 Elevatio
1144 2078 1393 2141 manuum
1458 2075 1691 2113 mearum
1760 2055 2078 2124 sacriﬁcium

1108 2144 1471 2201 vespertinum.

570 2230 681 2285 Hoc
714 2228 976 2299 intelliges
1009 2242 1074 2281 ex
1102 2226 1245 2280 dicto
1273 2224 1514 2294 Apostoli
1542 2242 1554 2277 :
1600 2220 1730 2276 Volo
1764 2222 1900 2274 viros
1925 2232 2077 2272 orare

497 2328 725 2373 levantes
765 2333 927 2387 puras
972 2331 1181 2377 manus,
1241 2316 1355 2367 sine
1413 2314 1495 2366 ira
1538 2321 1587 2365 et
1631 2309 2074 2364 murmurationi-

498 2415 592 2464 bus
626 2410 671 2441 ⁸⁵
705 2428 720 2464 :
754 2424 988 2478 namque
1012 2418 1066 2462 et
1091 2406 1181 2461 ille
1210 2416 1316 2460 tam
1351 2407 1741 2475 cogitationum
1773 2403 1903 2457 facit
1927 2417 2077 2456 tnen-

499 2502 699 2555 tionem
741 2516 904 2569 quam
954 2510 1198 2554 actuum.
1265 2498 1459 2551 Verum
1518 2496 1666 2565 impii
1728 2508 2074 2563 nequaquam

499 2607 690 2647 manus
711 2590 1018 2645 snstollunt.
1039 2590 1160 2643 lden
1191 2589 1394 2643 dictum
1427 2597 1505 2641 est
1533 2588 1637 2640 illis
1669 2605 1681 2640 :
1713 2584 1845 2639 Cum
1890 2600 2076 2637 manus

497 2697 692 2739 t'estras
720 2685 787 2737 ad
826 2700 904 2737 me
930 2684 1239 2745 extendetis,
1272 2682 1463 2751 faciem
1490 2695 1659 2733 nteant
1690 2695 1723 2731 a
1764 2679 1903 2731 vobis
1932 2692 2078 2729 aver—

498 2790 603 2831 tam
650 2780 716 2830 ⁸⁸.
761 2779 986 2848 Oportet
1034 2791 1165 2830 vero
1216 2776 1267 2828 in
1320 2774 1485 2827 altum
1540 2786 1693 2826 acuis
1752 2770 2075 2834 sustollere,

497 2878 657 2937 atque
678 2881 772 2922 eos
790 2876 950 2938 prout
980 2866 1087 2922 Deo
1122 2865 1381 2935 placuerit
1408 2865 1684 2933 perlicere.

504 3148 664 3204 Vens.
685 3149 741 3203 4.
774 3146 855 3200 Νε
881 3144 1107 3199 declines
1138 3158 1230 3195 cor
1250 3156 1420 3193 meum
1447 3137 1515 3190 ad
1546 3134 1764 3190 malitia:
1787 3148 2070 3194 sermones,

677 3222 744 3273 ad
780 3216 1107 3273 excusandas
1152 3210 1517 3267 excusationes
1557 3209 1611 3261 in
1650 3207 1893 3277 peccatis.

573 3382 650 3438 Ne
673 3377 912 3437 subverti
947 3376 1095 3432 sinas
1130 3382 1291 3443 atque
1341 3372 1393 3425 in
1438 3365 1770 3424 contrarium
1824 3360 2076 3418 inclinari

502 3478 757 3532 donatam
792 3476 959 3527 semel
1004 3485 1035 3525 a
1086 3478 1138 3523 te
1174 3464 1305 3521 mihi
1336 3472 1597 3517 utentem.
1641 3456 1768 3524 Pro,
1812 3456 1879 3508 ad
1919 3470 2079 3507 excu-

500 3567 697 3626 sandas
725 3564 1088 3620 excusationes
1117 3560 1172 3613 in
1208 3554 1455 3625 peccatis,
1494 3550 1859 3623 Symmachus
1887 3547 2079 3612 edidit,

504 3659 574 3711 ad
602 3655 908 3727 cogitandus
936 3654 1142 3723 iniquas
1185 3646 1551 3719 cogitationes,
1592 3642 1792 3698 clarius
1830 3640 2078 3709 equidem

503 3748 757 3805 dictionis
784 3757 1017 3802 mentem
1063 3744 1393 3814 exprimens.
1434 3737 1639 3794 Deinde
1675 3734 1965 3790 Psalmista
2016 3731 2081 3784 ad

501 3842 713 3916 praxim
746 3839 1040 3895 revertitur
1082 3838 1295 3901 dicens,
1327 3849 1446 3889 cum
1484 3830 1783 3886 hominibus
1813 3826 2083 3896 aperanti--

505 3937 599 3989 bus
632 3933 987 4002 iniquitatem,
1039 3938 1087 3984 et
1134 3944 1239 3981 non
1291 3924 1597 3980 combinabo
1642 3937 1762 3975 cum
1791 3918 1964 3974 electis
1996 3932 2084 3971 co-

501 4041 644 4077 rum.
677 4022 782 4077 Pro
811 4037 917 4090 quo
947 4033 1137 4073 rursus
1164 4015 1526 4087 Symmachus
1564 4010 1765 4067 clarius
1814 4010 2085 4076 interpre-

506 4128 651 4171 tatus
711 4126 797 4171 est
853 4114 1042 4168 dicens
1095 4130 1107 4165 :
1170 4108 1303 4163 Cum
1362 4106 1660 4161 hominibus
1741 4100 2085 4171 operantibus

504 4210 867 4278 iniquitatem,
922 4223 984 4259 ne
1032 4204 1275 4257 dulcibus
1340 4200 1552 4270 quidem
1605 4200 1838 4267 ipsorum
1895 4211 2085 4248 conve-

504 4320 645 4357 scar.
694 4299 817 4354 Non
856 4315 967 4364 ero,
1019 4295 1216 4366 inquit,
1267 4307 1385 4346 cum
1433 4291 1571 4353 istis,
1620 4291 1666 4342 si
1705 4298 1784 4355 tu,
1841 4285 2085 4349 Domine,

505 4396 804 4449 custodiam
855 4392 935 4444 ori
988 4403 1101 4441 meo
1144 4386 1407 4455 posueris,
1449 4394 1495 4437 et
1542 4388 1902 4449 pra’paratum
1960 4376 2087 4429 mihi

506 4490 810 4541 thesaurum
844 4481 1250 4536 conservaveris.
1290 4475 1455 4531 Electi
1504 4489 1667 4543 porro
1716 4485 1931 4533 eorum,
1963 4482 2088 4523 cre-

2101 503 2148 557 Α

2738 494 3029 546 ΨΑΛΜυΣ
3064 493 3197 545 PM'.

2261 586 2591 650 ’Λκολούϐως
2626 586 2705 656 τῷ
2738 587 3029 658 προάγοντι
3065 583 3264 656 ψαλμῷ
3286 583 3381 638 καὶ
3396 576 3551 647 οὗτος
3577 584 3747 654 ἐπιγέ-

2177 694 2417 748 γραπται
2438 696 2452 708 ·
2487 678 2689 732 ἔστιδὲ
2716 678 2811 731 τοῦ
2840 679 3026 741 Δαυῖδ,
3058 678 3153 731 καὶ
3176 676 3275 748 τὴν
3308 677 3479 747 αὐτὴν
3518 676 3629 747 ἔχει
3662 678 3755 749 τῆς

2177 773 2485 843 προσευχῆς
2512 772 2760 841 δύναμιν.
2800 772 2953 841 Ἔχει
2974 770 3030 822 δέ
3061 787 3113 822 τι
3132 769 3295 823 πλέον
3329 764 3483 833 οὗτος
3510 770 3748 839 δογματι·

2176 865 2316 918 κώτε
2327 884 2415 937 ρος
2435 866 2530 931 ὢν,
2561 868 2653 919 καὶ
2675 865 2895 918 πλείονα
2915 865 3008 917 καὶ
3034 863 3433 935 ὠφελιμώτερα
3449 863 3535 918 διά
3553 864 3651 935 τῆς
3665 864 3756 936 ἀρ-

2176 958 2277 1028 χῆς
2299 957 2589 1013 παιδεύων·
2614 960 2707 1011 καὶ¹
2725 958 2907 1029 φησιν’
2938 957 3285 1025 Ἑκέκραξα·
3304 958 3363 1010 οὐ
3379 958 3595 1020 πάντως
3610 956 3758 1029 φωνῇ

2176 1051 2389 1123 μεγάλῃ
2421 1052 2513 1105 καὶ
2548 1050 2643 1122 βοῇ
2682 1050 2983 1121 κεχρῆσθαι
3016 1050 3178 1103 αὑτὸν
3209 1052 3474 1121 προσήκει
3518 1050 3759 1121 ὑπολαμ-

2177 1142 2383 1196 δάνειν⁸
2430 1144 2522 1197 καὶ
2551 1141 2879 1196 σιωπώντων
2908 1142 3013 1214 γὰρ
3040 1141 3229 1195 ἀκούει
3258 1145 3285 1195 ὁ
3311 1142 3442 1206 Θεός
3465 1158 3477 1171 ·
3504 1140 3647 1194 ούτω
3668 1142 3758 1195 καὶ

2176 1234 2382 1307 Μωῡσῇ
2412 1236 2626 1305 λέγεται
2660 1234 2942 1308 εἰρηκέναι
2966 1252 2979 1264 ·
3024 1236 3085 1288 Τί
3104 1231 3263 1301 ,βοᾷς
3297 1233 3447 1302 πρὸς
3469 1230 3585 1303 μέ;
3623 1234 3757 1287 Ἀλλ’

2174 1329 2202 1379 ὁ
2230 1328 2440 1397 μεγάλα
2471 1327 2716 1399 δόγματα
2744 1329 2872 1400 περὶ
2917 1326 3052 1380 Θεοῦ
3100 1325 3459 1398 κεκτημένος,
3492 1325 3759 1398 ὑπερϐαλ-

2173 1420 2340 1492 λούσῃ
2367 1437 2426 1473 τε
2454 1420 2689 1474 διαθέσει
2711 1420 2804 1473 καὶ
2830 1420 3010 1471 πίστει
3046 1416 3212 1473 αξτῶν
3234 1436 3286 1471 τι
3316 1418 3464 1489 παρά
3491 1417 3585 1471 τοῦ
3603 1417 3758 1481 Θεοῦ,

2174 1511 2345 1574 οὕτως
2386 1509 2649 1582 ὲκέκραξε
2690 1511 2826 1582 πρὸς
2861 1510 3023 1563 αὐτόν
3042 1526 3055 1539 ·
3091 1509 3171 1563 διὸ
3198 1510 3292 1563 καὶ
3320 1508 3535 1582 θαρσῶν
3559 1527 3722 1582 φησιν
3743 1527 3757 1541 ’

2174 1603 2393 1675 Ἐπειδὴ
2430 1603 2671 1668 τοιοῦτός
2710 1606 2845 1675 είμι,
2879 1603 2974 1657 καὶ
3007 1602 3229 1657 τοιαῦτα
3265 1603 3391 1674 βοῶ,
3423 1604 3665 1675 πρόσχες
3694 1604 3760 1675 τῇ

2174 1700 2322 1767 φωνῇ
2367 1713 2468 1766 μου
2510 1698 2568 1750 ὲν
2593 1695 2670 1767 τῷ
2708 1696 3041 1768 κεκραγέναι
3078 1715 3147 1768 με
3182 1698 3318 1769 πρὸς
3356 1696 3450 1750 σέο
3482 1697 3558 1761 ὡς
3595 1696 3763 1749 καθα-

2179 1789 2277 1861 ρὰν
2307 1789 2445 1859 έχων
2474 1790 2534 1842 οὐ
2591 1789 2749 1859 μόνον
2782 1790 2881 1861 τὴν
2911 1789 3171 1856 διάνοιαν,
3224 1790 3359 1843 ἀλλά
3409 1789 3504 1842 καὶ
3542 1788 3643 1860 τὴν
3678 1787 3765 1842 διὰ

2178 1881 2283 1934 τῶν
2304 1881 2525 1951 χειλέων
2548 1882 2728 1953 φωνὴν
2755 1882 2861 1935 ἀπὸ
2886 1881 3133 1951 ψεύδους,
3164 1881 3446 1954 ἐπιορκίας
3461 1899 3518 1934 τε
3548 1882 3645 1935 καὶ
3666 1881 3763 1935 λοι-

2178 1974 2381 2046 δορίας.
2413 1968 2508 2037 Οἷς
2526 1975 2622 2027 καὶ
2645 1974 2957 2038 ἀκολούθως
2985 1976 3265 2047 ἐπήγαγεν
3287 1991 3300 2005 ο

2290 2069 2578 2137 Ἔπαρσις
2607 2066 2722 2120 τῶν
2750 2066 2963 2137 χειρῶν
3000 2085 3123 2137 μου
3150 2068 3330 2121 θυσία
3359 2065 3671 2136 ἐσπερινή.

2246 2230 2481 2299 Νοήσεις
2510 2228 2566 2281 δὲ
2610 2226 2767 2280 τοῦτο
2805 2227 2914 2280 ἀπὸ
2949 2224 3044 2279 τοῦ
3082 2226 3260 2295 λέγειν
3296 2225 3386 2279 τὸν
3420 2224 3765 2279 Ἀπόστολον·

2180 2322 2479 2389 Βούλομαι
2513 2318 2653 2383 τοὺς
2692 2316 2915 2387 ἄνδρας
2943 2318 3383 2387 προσεύχεσθαι
3413 2318 3771 2387 ἐπαίροντας

2180 2415 2391 2478 ὁσίους
2442 2411 2665 2481 χεῖρας,
2712 2411 2889 2480 χωρίς
2935 2409 3115 2479 ὀργῆς
3153 2410 3249 2464 καί
3282 2408 3766 2481 διατογγυσμῶν·

2180 2508 2431 2568 κάκεῖνος
2461 2506 2569 2575 γάρ
2591 2502 2729 2573 ὁμοῦ
2756 2505 2849 2555 καὶ
2875 2503 2982 2556 τῶν
3015 2503 3155 2557 κατὰ
3177 2504 3412 2558 διάνοιαν
3436 2503 3771 2575 ἐμνημόνευ-

2182 2616 2262 2663 σε,
2295 2598 2390 2651 καὶ
2435 2596 2544 2649 τῶν
2572 2594 2713 2649 κατά
2767 2596 2967 2667 πρᾶξιν
2993 2612 3006 2625 ⁸
3061 2598 3111 2648 οἱ
3154 2596 3210 2650 δὲ
3247 2596 3463 2658 ἀσεϐεῖς
3510 2596 3768 2649 οὐδέποτε

2179 2695 2363 2764 χεῖρας
2408 2689 2726 2758 ἐπαίρουσιο
2784 2689 2865 2741 διὸ
2916 2687 3162 2740 λέλεκται
3208 2688 3345 2760 πρὸς
3389 2687 3607 2751 αύτούς·
3643 2686 3770 2742 ’στ’

2181 2785 2258 2837 ἂν
2280 2782 2387 2847 τὰς
2428 2782 2629 2852 χεῖρας
2664 2782 2965 2849 ἐκτείνητε
2996 2780 3145 2850 πρὸς
3178 2782 3275 2851 μὲ,
3314 2782 3675 2850 ἀποστρέψαι
3703 2781 3769 2833 τὸ

2180 2877 2510 2945 πρόσωπόν
2535 2893 2655 2945 μου
2682 2875 2784 2944 ἀφ’
2814 2873 2980 2944 ὑμῶν
3002 2891 3015 2904 ·
3061 2874 3309 2944 ἐπαίρειν
3332 2874 3388 2926 δὲ
3422 2874 3501 2926 δεῖ
3536 2876 3614 2937 είς
3640 2871 3773 2941 ὕψος

2178 2966 2278 3030 τὰς
2309 2966 2555 3037 πράξεις,
2588 2968 2685 3020 καὶ
2729 2966 3071 3039 ἀρεσκόντως
3108 2965 3277 3028 αὑτὰς
3310 2964 3387 3036 τῷ
3432 2964 3552 3037 Θεῷ
3594 2967 3774 3017 ἐπιτε-

2180 3060 2312 3113 λεῖν.

2182 3152 2276 3218 Μὴ
2316 3152 2611 3218 ἐκκλίνῃς
2654 3150 2768 3217 τὴν
2808 3150 3057 3218 καρδίαν
3098 3167 3217 3217 μου
3263 3150 3352 3212 εἰς
3398 3150 3621 3217 λόγους
3664 3162 3773 3201 πο-

2250 3225 2479 3346 νῖιρίας,
2512 3222 2616 3275 τοῦ
2646 3220 3111 3290 προφασίζεσθαι
3142 3218 3470 3288 προφάσεις
3498 3219 3566 3272 ἐν
3595 3219 3776 3289 ἀμαρ-

2250 3312 2280 3346 τ
2306 3312 2421 3346 αις.

2247 3312 2421 3357 τιαις.

2250 3388 2341 3457 Μὴ
2374 3387 2733 3459 συγχωρήσῃς
2764 3383 3194 3456 παρατραπῆναι
3246 3384 3341 3437 καὶ
3369 3382 3774 3455 παρακλιθῆναι

2182 3469 2261 3542 είς
2296 3480 2357 3532 τὸ
2398 3480 2640 3533 ἐναντίον
2661 3466 2763 3549 τὴν
2806 3477 2953 3541 ἅπαξ
2995 3476 3183 3541 ἁπλῶς
3233 3475 3775 3531 κατασκευασθεῖσάν

2186 3589 2285 3641 μου
2325 3571 2563 3626 διάνοιαν
2589 3589 2601 3601 ·
2654 3571 2775 3625 ἀντί⁵
2810 3571 2864 3624 δὲ
2893 3569 3007 3633 τοῦ,
3041 3569 3507 3639 προφασίζεσθαι
3548 3567 3775 3637 προφά-

2184 3680 2314 3729 σεις
2347 3664 2416 3716 έν
2462 3664 2787 3733 ἁμαρτίαις,
2837 3664 2865 3715 ὁ
2906 3661 3223 3732 Σύμμαχος,
3262 3661 3495 3715 ἐννοεῖν
3538 3660 3777 3720 ἐννοίας

2184 3756 2570 3826 παρανόμους
2606 3754 2867 3822 ἐξέδωκε,
2912 3755 3243 3824 σαφέστερον
3289 3752 3634 3824 ἑρμηνεύσας
3677 3748 3776 3819 τὴν

2187 3848 2420 3920 Θεωρίαν
2469 3846 2562 3900 τοῦ
2608 3846 2789 3915 λόγου.
2826 3843 2958 3898 Εἶτα
3010 3844 3172 3898 πάλιν
3210 3844 3525 3915 μεταϐαίνει
3576 3842 3670 3895 ἐπὶ
3716 3838 3776 3890 τὸ

2187 3938 2491 4011 πρακτικὸν
2535 3938 2783 4006 φάσκων,
2827 3936 2950 3990 σὺν
2994 3934 3325 4005 ἀνθρώποις
3366 3932 3777 4003 ἐργαζομένοις

2187 4031 2302 4098 τὴν
2330 4029 2603 4099 ἀνομίαν,
2626 4029 2721 4081 καί
2746 4031 2817 4083 οὐ
2838 4028 2923 4098 μὴ
2948 4026 3279 4081 συνδυάσω
3299 4027 3449 4095 μετὰ
3470 4024 3588 4079 τῶν
3607 4026 3776 4078 ἐκλε-

2189 4120 2349 4174 κτῶν
2382 4117 2600 4173 αὐτῶν.
2657 4118 2797 4173 Ἀν6’
2826 4114 2886 4173 οὗ
2921 4117 3080 4171 πάλιν
3121 4119 3149 4170 ὁ
3180 4117 3473 4187 Σύμμαχος
3509 4114 3773 4184 σαφέστε-

2194 4232 2282 4287 ρον
2322 4215 2664 4286 ἡρμήνευσεν
2704 4212 2894 4277 εἰπὼν,
2936 4213 3061 4266 Σὺν
3106 4212 3439 4282 ἀνθρώποις
3470 4206 3777 4279 ἐργαζομέ-

2189 4326 2319 4373 νοις
2355 4306 2611 4371 ἁδικίαν,
2646 4305 2802 4376 μηδὲ
2839 4305 3206 4376 συμφάγοιμι
3249 4305 3321 4359 τὰ
3359 4302 3507 4371 ἡδέα
3556 4298 3775 4357 αὐτῶν.

2194 4401 2317 4453 Οὐκ
2352 4398 2564 4467 ἔσομαι
2597 4397 2727 4468 γὰρ,
2756 4397 2941 4469 φησὶν,
2965 4397 3086 4467 ἅμα
3114 4397 3366 4461 τούτοις,
3388 4396 3496 4447 ἐὰν
3526 4392 3631 4457 σὺ,
3661 4390 3776 4446 Κύ-

2184 4508 2301 4559 ριε,
2346 4488 2632 4559 φυλακὴν
2657 4487 2736 4553 τῷ
2758 4490 3009 4557 στόματι
3033 4488 3217 4554 θείης,
3242 4487 3335 4540 καὶ
3366 4485 3471 4538 τόν
3486 4498 3779 4554 προκαταο

508 4575 667 4630 dendi
699 4584 825 4630 sunt
855 4573 929 4626 illi
973 4571 1064 4640 qui
1104 4570 1369 4624 malorum
1418 4574 1636 4619 actuum
1681 4576 1905 4617 suorum
1945 4574 2080 4629 prae-

2190 4558 2609 4635 σκευασθέντα
2631 4597 2731 4649 μοι
2755 4579 3063 4647 θησαυρὸν
3086 4575 3473 4645 διατηρήσῃς.
3509 4570 3778 4641 Ἐκλεκτοὶ

512 4680 691 4723 textus
711 4676 981 4737 qumrunt,
1009 4664 1099 4734 qui
1134 4663 1347 4732 pejores
1372 4667 1498 4715 sunt
1522 4658 1625 4713 illis
1659 4656 1749 4726 qui
1790 4654 1909 4711 sine
1951 4669 2091 4724 pra:-

513 4769 663 4817 tcxtu
688 4760 971 4831 palamque
998 4767 1248 4829 peccant.

515 4981 677 5034 Vsus.
717 4978 769 5032 6.
815 4976 1061 5051 Absorpti
1103 4982 1224 5027 sunt
1238 4973 1406 5039 juncti
1443 4978 1606 5039 petra:
1642 4966 1849 5037 judices
1889 4980 2089 5019 eorum.

586 5070 943 5142 Symmachus
971 5078 1151 5121 autem
1186 5087 1197 5119 ;
1230 5064 1415 5116 Adhuc
1448 5062 1589 5115 enim
1612 5060 1784 5114 oratio
1812 5073 1927 5110 mea
1948 5058 2094 5108 intra

513 5162 774 5233 nequitias
799 5159 1013 5213 illorum
1047 5171 1065 5209 :
1108 5154 1390 5209 evelleutur
1418 5162 1579 5220 petra
1620 5150 1860 5203 manibus
1885 5146 2094 5215 judice:

510 5271 692 5309 eorum
723 5268 742 5306 :
767 5251 983 5305 audient
1018 5248 1172 5301 verba
1209 5260 1323 5297 mea
1366 5243 1691 5297 dulcissima.
1740 5239 1913 5294 Sicuti
1952 5237 2095 5306 agri-

512 5346 630 5400 cola
675 5361 793 5398 cum
840 5354 1034 5395 terram
1085 5337 1303 5406 frangit,
1363 5338 1434 5389 ita
1463 5353 1586 5389 ossa
1628 5346 1797 5389 vestra
1837 5333 2095 5401 dissipata

510 5446 629 5491 su'nt
666 5450 811 5488 serus
847 5431 1066 5497 inferos.
1102 5426 1256 5481 Nunc
1298 5442 1428 5480 vero
1463 5426 1727 5481 rationem
1763 5424 1965 5488 reddit,
1994 5437 2093 5477 cur

511 5545 634 5583 cum
674 5524 1054 5596 peccatoribus
1097 5535 1202 5573 non
1252 5519 1527 5574 combinet
1560 5537 1573 5573 :
1606 5517 1802 5573 sullicit
1838 5517 1981 5571 enim
2026 5514 2091 5567 il-

514 5622 687 5675 lorum
716 5617 954 5672 mcietas
984 5616 1049 5667 ad
1084 5613 1320 5667 animam
1361 5626 1540 5665 meam
1581 5609 1972 5679 dissipandam,
2001 5616 2089 5660 at-

514 5727 620 5787 que
643 5711 709 5765 ad
746 5711 984 5777 ipsorum
1023 5708 1319 5778 nequitiam
1367 5704 1496 5760 mihi
1540 5701 1941 5758 insinuandam.
1967 5700 2088 5755 .Iam

587 5900 632 5930 “
673 5896 957 5962 lixodmv,
980 5895 1063 5950 15.
1141 5895 1183 5925 ⁸⁵
1214 5890 1230 5945 l
1270 5892 1408 5947 Tim.
1435 5906 1500 5957 tt,
1529 5890 1581 5945 8.
1660 5888 1843 5962 βείω.
1878 5904 1912 5954 ι,
1946 5884 2029 5941 13.

2192 4676 2247 4729 δὲ
2272 4673 2474 4728 τούτων
2499 4668 2607 4727 εἶεν
2634 4674 2683 4725 oi
2712 4672 3075 4742 σκηπτόμενοι
3107 4670 3409 4741 προφάσεις
3435 4668 3518 4735 ἐφ’
3540 4659 3621 4730 οἷς
3646 4662 3779 4736 δρῶ-

2195 4786 2248 4822 σι
2283 4766 2497 4831 κακῶςο
2536 4766 2794 4838 χειρόνων
2822 4765 2988 4818 ὄντων
3020 4763 3129 4818 τῶν
3157 4764 3283 4817 ἀνευ
3313 4760 3658 4834 προφάσεως,
3690 4755 3779 4810 καὶ

2194 4862 2652 4925 ἀνεπικαλύπτως
2681 4859 3045 4932 ἀνομούντων.

2194 4958 2631 5023 Κατεπόθησαν
2668 4955 2925 5023 ἐχόμενα
2976 4950 3197 5021 πέτρας
3234 4951 3288 5004 oi
3320 4947 3512 5017 κριταί
3562 4940 3777 5023 αὐτῶν.

2276 5057 2333 5109 '0
2364 5054 2420 5108 δὲ
2452 5021 2748 5125 Σύμμαχος
2762 5021 2782 5082 ’⁷
2818 5054 2942 5107 Ἔτι
2986 5052 3096 5123 γὰρ
3123 5048 3222 5103 καί
3258 5047 3296 5113 ἡ
3318 5021 3779 5125 προσευχῆμοιξ

2192 5140 2365 5205 ἐντὸς
2386 5139 2505 5194 τῶν
2534 5120 2770 5192 *κακιῶν
2805 5120 3005 5191 αὐτῶν
3025 5152 3039 5165 ο
3064 5130 3490 5200 ἐκτιλήσονται
3512 5128 3581 5181 ἐν
3614 5120 3780 5196 χερσί

2194 5237 2415 5305 πέτρας
2448 5235 2502 5287 οἱ
2539 5230 2731 5305 κριταί
2768 5229 2999 5285 αὐτῶνθ
3032 5228 3396 5282 ἀκούσονται
3429 5222 3644 5292 ῥήσεις
3666 5232 3780 5289 μου

2194 5298 2450 5392 ἡδίστας
2474 5340 2486 5354 ·
2511 5298 2715 5391 ὥσπερ
2736 5320 2990 5391 γεωργὸς
3024 5318 3117 5371 ὅτ’
3140 5316 3215 5371 ἂν
3244 5316 3458 5385 ρήσσῃ
3498 5312 3613 5381 τὴν
3643 5309 3777 5383 γῆν,

2201 5419 2281 5482 ὠς
2325 5415 2700 5485 ἐσκορπίσθη
2742 5411 2911 5483 ὑμῶν
2944 5411 3018 5465 τὰ
3060 5408 3212 5465 ὀστᾶ
3254 5407 3411 5478 παρὰ
3456 5406 3559 5459 τὸν
3606 5403 3775 5470 ᾅδην.

2203 5510 2311 5582 Τὴν
2345 5508 2523 5563 αἰτίαν
2551 5508 2608 5561 δὲ
2633 5506 2727 5561 νῦν
2761 5505 2956 5573 ἐπάγει
2996 5502 3088 5557 τοῦ
3128 5502 3203 5574 μὴ
3250 5500 3563 5563 συνδυάζειν
3607 5498 3780 5565 ἀμαρ-

2199 5603 2388 5666 τωλοῖς
2407 5619 2419 5632 ·
2452 5600 2613 5672 ίκανὴ
2644 5599 2752 5670 γάρ
2784 5597 2964 5651 αὐτῶν
2993 5594 3321 5670 ήκοινωνία,
3354 5592 3508 5662 φησὶ,
3534 5590 3782 5652 διασκορι

2202 5698 2359 5753 πίσαι
2393 5713 2493 5770 μου
2529 5695 2625 5765 τὴν
2665 5692 2864 5764 ψυχὴν,
2902 5692 2997 5747 καὶ
3029 5688 3139 5743 τῶν
3178 5685 3388 5740 κακιῶν
3420 5682 3599 5739 αὐτῶν
3640 5676 3782 5734 ἔνδον
