3968 6526
538 446 606 500 47
1204 441 1472 497 EUSEBII
1511 413 1989 495 C/ESARIENSIS
2027 437 2178 492 OPP.
2219 436 2397 492 PARS
2437 437 2527 493 Ill.
2562 469 2629 478 ——
2671 438 3085 494 EXEGETICA.
3722 437 3787 489 48

532 563 662 619 dicit
697 560 806 615 Deo
837 578 849 613 :
882 568 935 613 et
964 566 1018 613 tu
1041 556 1335 626 cognovisti
1359 556 1582 611 semitas
1606 569 1777 609 meas.

819 827 978 883 Vens.
1005 828 1056 882 6.
1087 827 1169 881 Ad
1206 836 1273 891 te,
1305 825 1548 892 Domine,
1582 826 1827 880 clamavi.

604 923 812 990 Rursus
845 923 946 976 hoc
986 920 1147 975 etiam
1182 919 1298 975 loco
1339 918 1576 973 clamare
1629 931 1686 971 se
1737 917 1956 982 fatetur,
1999 932 2102 971 non

532 1014 876 1085 simpliciter,
905 1011 997 1065 sed
1028 1010 1096 1063 ad
1123 1010 1427 1063 Dominum.
1450 1008 1663 1078 Alioqui
1691 1021 1790 1061 nec
1819 1006 1936 1061 ﬁeri
1956 1017 2107 1077 pote-

534 1117 617 1162 rat
647 1117 704 1161 ut
733 1120 920 1160 vocem
952 1102 1244 1166 attolleret,
1286 1111 1553 1169 praesente
1593 1100 1769 1155 hoste.
1818 1099 1936 1154 Jam
1976 1115 2104 1155 vero

535 1202 589 1254 in
634 1198 742 1252 Deo
779 1194 1149 1250 tantummodo
1195 1208 1343 1262 spem
1392 1206 1543 1247 suam
1594 1191 1901 1261 reposuisse
1936 1191 2104 1246 conli-

538 1302 675 1355 tens,
708 1305 736 1343 a
766 1303 930 1357 scopo
966 1302 1073 1342 non
1116 1285 1418 1352 aberravit;
1448 1284 1646 1341 etenim
1673 1298 1797 1355 spes
1830 1300 1937 1339 non
1975 1300 2104 1340 con-

534 1384 730 1437 fundit.
774 1380 904 1434 Nam
932 1380 1032 1434 etsi
1057 1378 1240 1448 aliqua
1272 1378 1571 1433 viventium
1624 1386 1768 1431 terra
1816 1377 1910 1443 sit,
1958 1378 2105 1446 equi-

534 1476 678 1540 dem,
708 1473 905 1542 inquit,
932 1472 1108 1526 fateor
1151 1485 1322 1525 meam
1362 1480 1413 1525 te
1454 1470 1625 1524 solum
1659 1484 1777 1524 esse
1816 1484 1988 1539 spem.
2022 1470 2103 1525 Tu

533 1570 677 1623 enim
714 1581 838 1636 spes
881 1580 1000 1620 mea
1033 1580 1092 1619 es
1122 1564 1173 1618 in
1210 1575 1353 1618 terra
1396 1564 1689 1617 viventium
1711 1602 1727 1627 ,
1780 1562 1855 1616 ita
1890 1571 1967 1626 ut,
2000 1562 2101 1617 nisi

536 1670 587 1715 te
613 1660 892 1719 haberem,
934 1656 1077 1711 haud
1110 1656 1219 1725 jam
1262 1654 1567 1709 viventibus
1604 1664 1758 1709 terra:
1789 1653 1978 1709 incolis
2010 1654 2103 1707 ad-

533 1765 875 1806 numerarer.
902 1747 1071 1802 Porro
1101 1746 1391 1801 viventium
1422 1755 1587 1812 terra,
1613 1760 1955 1815 nequaquam
1986 1745 2101 1799 btec

2134 560 2181 616 Α
2207 553 2345 617 ὁδοῖς
2395 549 2483 616 αἷς
2519 553 2785 618 ἐϐάδιζεν,
2830 554 3031 617 ἀδίκως
3089 550 3444 624 ἐλαυνόμενος
3493 550 3587 604 καί
3633 554 3789 604 πολε-

2212 643 2498 717 μούμενος,
2535 646 2667 718 φησὶ
2713 645 2792 717 τῷ
2816 644 2935 716 Θεῷ
2957 662 2971 676 ο
3022 645 3115 699 καὶ
3145 646 3209 698 σὺ
3238 644 3408 713 ἐγνως
3442 641 3541 706 τὰς
3574 642 3787 715 τρίϐους

2211 755 2336 809 μου.

2577 828 2732 898 Πρὸς
2758 827 2852 892 σὲ,
2878 828 3072 898 Κύριε,
3099 827 3416 899 ἐκέκραξα.

2278 920 2448 975 Πάλιν
2476 922 2568 975 καὶ
2607 921 2842 975 ἐνταῦθα
2875 919 3102 993 κράζειν
3142 922 3410 992 ὁμολογεῖ,
3447 921 3545 993 οὐχ
3575 920 3783 987 ἁπλῶς,

2205 1011 2341 1066 ἀλλὰ
2369 1012 2506 1085 πρὸς
2535 1013 2627 1075 τὸν
2653 1013 2858 1085 Κύριον
2877 1031 2890 1044 ·
2930 1014 3106 1078 ἄλλως
3134 1014 3242 1085 γὰρ
3264 1014 3524 1071 ἀδύνατον
3546 1010 3614 1087 ἦν
3638 1015 3787 1086 αὐτῷ

2205 1103 2391 1176 φωνὴν
2426 1106 2667 1174 ἀφιέναι,
2712 1106 2937 1177 πλησίον
2983 1106 3250 1179 παρόντος
3289 1106 3384 1160 τοῦ
3431 1106 3659 1178 ἐχθροῖν
3690 1104 3789 1179 τὴν

2208 1195 2376 1267 μόνην
2410 1196 2466 1251 δὲ
2509 1197 2695 1250 ἐλπίδα
2724 1195 2890 1251 αὐτοῦ
2937 1198 3027 1251 τὸν
3057 1196 3187 1251 Θεὸν
3230 1197 3374 1268 ἔχειν
3425 1198 3786 1270 ὁμολογήσας,

2203 1288 2302 1341 οὐκ
2329 1287 2555 1353 ἐξέπεσε
2582 1288 2678 1343 τοῦ
2718 1290 2923 1344 σκοποῦ
2946 1307 2958 1320 ·
3005 1292 3038 1361 ἡ
3078 1290 3185 1363 γὰρ
3215 1290 3367 1355 ἐλπὶς
3397 1290 3457 1344 οὐ
3492 1288 3789 1360 καταισχύ-

2204 1397 2302 1433 νει·
2323 1380 2456 1434 ἀλλά
2485 1381 2578 1434 καὶ
2604 1380 2659 1434 εί
2684 1399 2769 1446 τις
2796 1381 2947 1435 ἐσται
2972 1385 3042 1454 γῆ
3073 1380 3310 1446 ζώντων,
3340 1381 3605 1453 ὁμολογῶ,
3630 1383 3785 1452 φησὶ,

2206 1472 2473 1543 μηδεμίαν
2501 1472 2645 1543 ἔχειν
2674 1476 2857 1546 χώραν
2886 1475 2943 1527 ἐν
2968 1474 3139 1546 ταύτῃ
3170 1474 3203 1546 ἢ
3237 1474 3295 1527 σὲ
3327 1474 3485 1545 μόνον
3512 1474 3609 1545 τὴν
3647 1474 3788 1546 ἐμὴν

2203 1563 2426 1618 ἐλπίδα·
2464 1567 2530 1619 σὺ
2556 1565 2663 1639 γὰρ
2688 1562 2737 1619 εἶ
2771 1566 2923 1632 Θεὸς,
2950 1570 2983 1639 ἡ
3015 1568 3173 1639 μερίς
3201 1584 3302 1638 μου
3337 1568 3395 1620 ἐν
3429 1568 3498 1637 γῇ
3533 1563 3784 1630 ζώντων·

2202 1655 2277 1720 ὡς
2310 1658 2357 1709 εί
2394 1657 2468 1727 μὴ
2496 1658 2556 1710 σέ
2592 1654 2757 1729 εἶχον,
2779 1660 2879 1713 οὐκ
2904 1657 2969 1713 ἂν
2997 1658 3288 1730 ἐξετάσθην
3317 1658 3445 1711 ποτὲ
3474 1659 3531 1710 ἐν
3560 1660 3629 1728 γῇ
3655 1654 3790 1721 ζών-

2201 1765 2327 1801 των.
2373 1747 2597 1803 Ζώντων
2645 1750 2702 1804 δέ
2745 1752 2836 1822 γῆ,
2870 1752 2968 1820 ούχ
3006 1753 3038 1822 ὴ
3077 1750 3389 1823 πατουμένη
3432 1749 3526 1804 νῦν
3557 1750 3693 1821 πρὸς
3721 1749 3789 1821 ὴ·-

532 1854 616 1899 est
662 1858 783 1913 quae
814 1858 842 1896 a
875 1841 1029 1896 nobis
1077 1838 1343 1903 calcatur,
1395 1838 1586 1893 mortis
1633 1841 1777 1892 enim
1825 1852 1887 1891 ea
1920 1837 2100 1905 potius

2214 1840 2344 1911 μῶν,
2375 1841 2605 1896 θανάτου
2634 1842 2744 1914 γὰρ
2777 1842 2849 1913 γῆ
2874 1842 2967 1896 καὶ
2992 1830 3198 1915 νεκρῶν
3226 1841 3387 1911 αὕτη,
3409 1839 3523 1893 ἀλλ’
3556 1840 3623 1911 ἢν
3658 1838 3790 1911 κλη-

534 1946 675 1991 terra
730 1945 834 1999 est,
892 1933 985 1990 sed
1030 1948 1191 2003 quam
1240 1933 1404 1987 mites
1436 1930 1849 1995 haereditahunt,
1892 1929 1946 1983 in
1997 1944 2100 1998 qua

2214 1908 2605 2005 ρονομήσουσιν
2646 1908 2695 1987 οἱ
2713 1908 2931 2005 ⁷πραεῖς
2951 1953 2963 1965 ο
3016 1908 3102 2003 te;
3198 1908 3397 1998 ζῶντες
3422 1908 3620 1996 πάντες
3647 1908 3790 1985 κατά

531 2044 720 2084 mnues
749 2028 992 2082 viventes
1022 2035 1223 2080 aeterna
1252 2039 1373 2078 cum
1414 2023 1521 2077 vita
1558 2022 1821 2077 habitant.

532 2121 697 2176 Vens.
743 2120 796 2175 5.
849 2117 1098 2171 Nonerat
1142 2118 1231 2189 qui
1274 2124 1602 2189 cognosceret
1652 2130 1754 2167 me.
1795 2143 1866 2152 —
1901 2112 1966 2166 Et
2000 2129 2102 2166 non

834 2200 909 2243 est
945 2191 1033 2257 qui
1068 2190 1296 2256 requirat
1335 2188 1566 2239 animum
1610 2201 1799 2238 nteant.

601 2282 658 2337 Si
691 2282 815 2351 quis
842 2283 913 2335 ab
961 2282 1048 2345 iis,
1081 2281 1172 2350 qui
1216 2278 1464 2334 ecclesiis
1515 2290 1744 2347 praeesse
1788 2274 2105 2329 existiman-

530 2384 637 2440 tur,
672 2375 963 2445 negligitur
986 2383 1040 2428 et
1069 2372 1382 2427 nullatenus
1420 2368 1740 2437 requiritur,
1786 2367 2103 2436 tempestive

531 2465 635 2520 boc
665 2466 849 2530 dicet;
905 2474 959 2518 et
989 2464 1132 2533 quod
1163 2463 1407 2531 sequitur
1440 2458 1623 2524 addet,
1664 2458 1958 2513 clamorem
1998 2455 2104 2512 sci-

530 2555 656 2609 licet
690 2554 758 2610 ad
783 2556 974 2619 Deum,
997 2563 1051 2608 et
1076 2567 1133 2607 se
1172 2567 1276 2606 non
1308 2566 1528 2621 sperare
1553 2566 1582 2605 a
1614 2549 1968 2619 principibus,
2003 2548 2098 2603 sed

529 2662 558 2699 a
590 2646 855 2711 Domino;
902 2654 957 2700 et
986 2644 1290 2711 portionem
1322 2656 1381 2695 se
1433 2640 1630 2695 habere
1662 2639 1712 2692 iu
1745 2648 1885 2692 terra
1914 2639 2101 2692 viven-

531 2736 687 2802 tium,
719 2752 825 2791 non
864 2746 1045 2791 autem
1074 2735 1128 2788 in
1164 2744 1303 2787 terra
1336 2731 1643 2785 oblivionis.

2201 2022 2300 2095 τὴν
2333 2023 2545 2077 αἰώνιον
2572 2023 2716 2097 ζωὴν
2749 2025 3129 2097 διατρίϐουσιν.

2209 2117 2329 2169 Οὐκ
2350 2115 2431 2185 ἦν
2460 2119 2493 2170 ό
2520 2116 2933 2187 ἐπιγινώσκων
2953 2118 3246 2186 pen—01’»:
3271 2116 3442 2171 ἔστιν
3475 2117 3509 2169 ὁ
3530 2110 3793 2182 ἐκζητῶν

2689 2188 2804 2253 τὴν
2831 2188 3042 2257 ψυχήν
3062 2205 3198 2255 μου.

2287 2279 2346 2331 '0
2375 2278 2480 2331 ὑπὸ
2502 2278 2612 2333 τῶν
2640 2279 2994 2353 προΐστασθαι
3023 2277 3131 2332 τῶν
3158 2277 3461 2348 ἐκκλησιῶν
3493 2274 3794 2348 νομιζομέ-

2202 2388 2310 2424 νων
2334 2370 2701 2442 ἀμελούμενος
2750 2373 2842 2425 καὶ
2877 2370 3120 2443 μηδόλως
3173 2369 3567 2440 ἐκζητούμενος
3609 2367 3792 2421 εύκαί-

2208 2480 2313 2534 ρως
2341 2462 2498 2516 τοῦτο
2550 2465 2695 2534 spei”
2728 2464 2823 2517 xui.
2860 2464 2922 2516 τὸ
2963 2445 3087 2534 ἐξῆς
3115 2462 3366 2534 ἐπιφέρει
3403 2461 3463 2514 τὸ
3515 2458 3790 2531 κεκραγὸς

2204 2554 2339 2624 πρὸς
2364 2554 2454 2607 τὸν
2495 2554 2647 2618 Θεὸν,
2678 2554 2771 2607 καὶ
2807 2554 2880 2625 μὴ
2913 2552 3154 2616 ἐλπίζειν
3177 2556 3270 2607 ἐπὶ
3300 2552 3639 2625 ἡγουμένοις,
3667 2552 3788 2605 ἀλλ’

2203 2647 2296 2699 ἐπὶ
2330 2646 2542 2717 Κυρίῳ,
2573 2647 2668 2700 καὶ
2706 2647 2902 2718 μερίδα
2925 2646 3066 2716 ἐχειν
3100 2647 3158 2700 ἐν
3198 2650 3269 2718 γῇ
3304 2644 3519 2710 ζώντων
3561 2646 3655 2698 καὶ
3684 2644 3791 2700 οὐκ

2205 2740 2264 2790 ἐν
2298 2738 2698 2811 ἐπιλελησμένῃ
2722 2741 2815 2809 γῇ.

1038 2824 1359 2882 PSALMUS
1396 2823 1598 2880 CXLII.

2749 2830 3042 2883 ΨΑΛΜΟΣ
3067 2828 3245 2882 PMB’.

597 2922 917 2991 Quicunque
964 2921 1216 2974 maximis
1262 2917 1651 2973 tentationihus
1690 2913 2100 2983 immodicisque

2273 2923 2389 2985 Πᾶς
2416 2924 2445 2976 ὁ
2476 2923 2533 2975 ἐν
2573 2922 2848 2991 μεγίστοις
2883 2924 3207 2993 πειρασμοῖς
3232 2920 3326 2974 καὶ
3352 2918 3591 2989 θλίψεσιν
3614 2919 3789 2994 ὑπερ-

526 3014 797 3081 pressuris
846 3021 1087 3083 urgetur,
1109 3012 1393 3067 conunode
1417 3020 1592 3065 utetut
1624 3006 1876 3078 przeseuti
1916 3020 2096 3072 prece.

2214 3014 2526 3077 ϐαλλούσαις
2548 3013 2951 3085 ἐξεταζόμενος,
2988 3013 3257 3085 εὐκαίρως
3285 3012 3545 3082 χρήσαιτο
3562 3014 3628 3081 τῇ
3660 3029 3791 3083 προ.

530 3105 1106 3184 Propterea_psalmus
1142 3104 1262 3159 sine
1302 3102 1455 3157 titulo
1511 3112 1615 3155 est.
1657 3099 1822 3152 Audit
1878 3098 2096 3167 quidem

2214 3106 2426 3178 κειμένῃ
2458 3108 2733 3177 προσευχῇ
2757 3122 2770 3135 ·
2815 3104 2894 3157 διὸ
2943 3105 3036 3158 καὶ
3070 3104 3444 3175 ἀνεπίγραφος
3481 3106 3509 3156 ὁ
3548 3103 3786 3174 ψαλμός.

529 3213 722 3253 omnes
748 3196 1028 3259 Dominus,
1062 3210 1267 3266 paucos
1295 3203 1472 3249 tamen
1513 3192 1755 3249 exaudit.
1800 3189 2097 3260 theroqui

2214 3198 2418 3252 Ἀκούει
2437 3198 2535 3268 μὲν
2552 3192 2644 3250 οὖν
2668 3198 2884 3250 πάντων
2900 3198 2928 3249 ὁ
2945 3194 3167 3266 Κύριος,
3190 3195 3383 3262 ὀλίγων
3398 3195 3454 3247 δέ
3476 3195 3753 3248 είσακούει
3770 3211 3786 3226 ⁸

529 3293 572 3345 si
608 3292 674 3345 iis
696 3291 784 3358 qui
837 3304 935 3343 nos
983 3296 1145 3343 orant
1201 3302 1390 3340 aurem
1457 3286 1843 3355 praeberemus,
1900 3294 2100 3338 nostra:

2214 3290 2297 3343 ἐὰν
2330 3266 2448 3342 τῶν-
2480 3288 2750 3359 δεομένων
2785 3286 2941 3358 ἡμῶν
2984 3286 3397 3357 ἐπακούσωμεν,
3452 3266 3805 3355 ἀκουσθησόέ

529 3382 731 3443 pariter
767 3395 955 3450 preces
1000 3379 1341 3433 audirentur.
1386 3378 1546 3432 Certe
1591 3377 1683 3445 qui
1730 3390 1854 3429 cum
1904 3374 2097 3428 ﬁducia

2214 3382 2341 3451 usea
2374 3381 2468 3435 καὶ
2513 3380 2700 3433 αὐτοί*
2738 3382 2766 3432 ὁ
2800 3379 3016 3452 θαρσῶν
3053 3368 3108 3433 δὲ
3144 3382 3210 3451 τῇ
3256 3378 3448 3432 ἐαυτοῦ
3505 3382 3786 3451 προσευχῇ

526 3484 668 3535 orat,
728 3474 1027 3527 auditorem
1086 3484 1348 3542 provocat
1399 3472 1591 3524 Deum.
1644 3469 1749 3522 Alii
1802 3466 1955 3520 aiunt
1992 3482 2097 3520 non

2214 3473 2473 3544 Ξικροατὴν
2512 3474 2667 3525 καλεῖ
2706 3472 2798 3526 τὸν
2825 3472 2976 3525 Θεὸν.
3030 3472 3213 3525 Ἄλλοι
3252 3471 3307 3525 δέ
3356 3488 3487 3540 φασι
3523 3454 3597 3541 μή
3647 3466 3789 3523 εἶναι

525 3579 648 3620 esse
695 3564 813 3618 sine
867 3562 1020 3617 titulo
1064 3562 1351 3631 psalmum,
1390 3561 1483 3615 sed
1525 3558 1748 3614 inscribi
1789 3575 1804 3611 :
1854 3555 2099 3610 Psalmus

2214 3564 2575 3634 ἀνεπίγραφον
2602 3563 2693 3617 τὸν
2730 3564 2962 3634 ψαλμὸν,
2998 3564 3109 3618 ἀλλ’
3143 3562 3562 3634 ἐπιγεγράφθαι,
3620 3565 3785 3616 Ψαλ-

532 3656 744 3716 Davidi,
775 3671 895 3707 cum
949 3670 1065 3708 eum
1111 3653 1254 3721 filius
1288 3662 1683 3722 persequeretur
1722 3662 1740 3699 :
1788 3648 1880 3702 sed
1913 3662 2016 3700 non
2045 3648 2096 3700 in

2214 3655 2308 3721 ἰὸς
2344 3654 2424 3720 τῷ
2462 3657 2661 3723 Δαυῒδ,
2706 3656 2802 3710 ὅτε
2830 3657 3016 3710 αὐτὸν
3057 3659 3090 3710 ό
3120 3656 3250 3720 υίὸς
3288 3654 3664 3708 κατεδίωκεν.
3708 3655 3785 3706 Οὐ

528 3748 736 3800 cunctis
789 3744 1323 3814 interpretationibus
1376 3745 1478 3797 hoc
1536 3742 1783 3810 ponitur.
1836 3740 2091 3792 Attamen

2214 3747 2285 3801 5ιά
2316 3749 2504 3802 πασῶν
2537 3749 2717 3819 μέντοι
2748 3749 2855 3802 τῶν
2878 3748 3181 3820 ἐρμηνειῶν
3235 3748 3553 3819 πρόσκειται
3588 3744 3780 3797 τοῦτο·

524 3853 647 3907 quze
684 3839 771 3892 hic
794 3837 1071 3898 dicuntur~
1102 3851 1206 3890 non
1242 3842 1562 3904 repugnant.
1596 3831 1700 3887 Sed
1739 3830 1868 3885 nihil
1896 3831 2095 3891 obstat,

526 3929 817 3999 quominus
845 3929 911 3983 de
942 3928 1125 3982 Saulis
1153 3926 1527 3995 persecutione
1551 3925 1667 3976 haec
1707 3922 1849 3976 dicta
1878 3920 2095 3975 fuerint.

672 4020 833 4075 Vsus.
863 4021 919 4075 4.
958 4019 1197 4073 Tedium
1228 4035 1415 4087 passus
1442 4027 1514 4071 est
1541 4018 1757 4083 spiritus
1788 4031 1953 4069 meus.

598 4113 833 4183 Spiritus
856 4111 1090 4166 hominis
1121 4111 1337 4164 tzedium
1364 4110 1594 4179 patitur,
1626 4123 1747 4162 cum
1786 4123 1884 4161 cor
1908 4106 2098 4161 turba-

2198 3840 2267 3894 τὰ
2295 3840 2350 3893 δὲ
2392 3841 2662 3911 λεγόμενα
2693 3842 2792 3896 οὐκ
2826 3842 3110 3914 ἀλλότριον
3158 3840 3311 3894 οὐδὲν
3339 3839 3395 3892 δέ
3428 3837 3625 3892 κωλύει
3654 3838 3787 3909 περὶ

2200 3936 2299 4005 τῆς
2332 3934 2435 3987 ὑπὸ
2467 3934 2641 3987 Σαοὺλ
2661 3932 2893 4000 διώξεως
2916 3931 3166 4005 εἰρῆσθαι
3199 3931 3354 3985 αύτά.

2444 4026 2798 4094 Ἠκηδίασεν
2820 4026 2915 4078 ἐπ’
2941 4024 3045 4093 ἐμὲ
3067 4024 3129 4077 τὸ
3165 4022 3399 4092 πνεῦμά
3417 4040 3558 4092 μου.

2270 4117 2343 4169 Τὸ
2404 4116 2620 4188 πνεῦμα
2670 4116 2765 4170 τοῦ
2812 4114 3098 4188 ἀνθρώπου
3147 4116 3207 4168 τὸ
3258 4118 3314 4168 ἐν
3362 4113 3511 4184 αὐτῷ
3559 4112 3781 4184 ἀκηδιᾷ,

528 4216 616 4260 tur
670 4217 1043 4258 rememorans
1098 4201 1370 4272 quomodo
1434 4200 1686 4254 inimicus
1740 4198 2100 4267 prostraverit

2214 4208 2474 4280 ὲπειδάνὴ
2508 4209 2704 4279 καρδία
2748 4206 2990 4279 ταραχθῇ
3027 4206 3324 4278 μνησθεῖσα
3368 4204 3484 4267 πῶς
3526 4207 3554 4258 ὁ
3589 4204 3785 4276 ἐχθρὸς

527 4294 677 4349 humi
706 4295 869 4347 vitam
894 4293 1031 4361 ejus,
1061 4308 1290 4361 eamque
1339 4293 1392 4345 in
1427 4290 1724 4346 tenebrosis
1772 4289 1909 4343 locis
1965 4304 2099 4342 con-

526 4387 769 4442 stituerit
795 4396 1117 4440 utmortuos
1156 4384 1362 4440 saeculi.
1406 4383 1730 4447 Turbatum,
1764 4382 1960 4451 inquit,
2005 4396 2101 4435 cor

529 4493 727 4541 meum,
765 4478 1068 4548 passionem
1104 4476 1251 4529 intus
1277 4475 1565 4538 continuit,
1598 4489 1704 4528 non
1749 4474 1883 4527 adeo
1915 4474 2098 4527 couoi-

2201 4302 2566 4355 ἐταπείνωσεν
2594 4303 2672 4364 εἰς
2712 4301 2813 4373 τὴν
2828 4300 2932 4370 γῆν
2972 4300 3072 4370 τὴν
3105 4298 3248 4370 ζωὴν
3287 4297 3475 4367 αύτῆς,
3507 4297 3599 4350 καὶ
3624 4294 3703 4361 ὡς
3729 4298 3785 4349 ἐ-

2200 4392 2421 4447 κάθισεν
2455 4393 2621 4466 αὐτὴν
2662 4396 2718 4448 ἐν
2750 4396 3040 4455 σκοτεινοῖς
3068 4392 3142 4455 ὡς
3170 4391 3393 4462 νεκροὺς
3428 4388 3619 4450 αἰῶνος
3646 4405 3662 4418 °
3686 4403 3785 4442 τσ-

2204 4486 2461 4557 ραχθεῖσα
2487 4485 2565 4551 δὲ,
2600 4486 2785 4556 φησιν,
2818 4489 2851 4555 η
2879 4483 3073 4556 καρδία
3108 4500 3210 4553 μου
3239 4484 3296 4535 ἐν
3320 4482 3479 4551 αὐτῇ,
3511 4479 3659 4532 ἔνδον
3680 4481 3781 4532 ἐπ-

527 4570 682 4634 dens,
730 4579 787 4623 ut
832 4568 1005 4638 palam
1061 4566 1270 4621 cunctis
1315 4565 1592 4621 extraneis
1636 4563 1777 4619 foret
1813 4563 1932 4631 ejus
1985 4571 2097 4617 tur-

2366 4577 2426 4630 τὸ
2470 4578 2638 4641 πάθος
2667 4576 2945 4637 παντελῶς
2978 4574 3053 4646 μὴ
3078 4572 3405 4635 ἐκπεσοῦσα,
3457 4571 3531 4634 ὡς
3564 4571 3646 4635 είς
3678 4588 3780 4640 φα-

525 4660 690 4715 batio.

706 4864 865 4920 Vens.
892 4865 945 4919 5.
984 4862 1281 4930 Memorfui
1325 4862 1527 4914 dierum
1560 4861 1920 4929 antiquorum.

598 4958 734 5025 Quia
769 4967 823 5011 et
853 4956 1063 5027 Moyses
1090 4953 1308 5007 mandat
1346 4952 1532 5005 dicens
1556 4968 1570 5005 :
1598 4950 1965 5006 Recordamini
1983 4954 2099 5007 die—

526 5070 647 5107 rum
700 5051 882 5106 scecuii
916 5050 1004 5116 u;
1070 5056 1124 5099 et
1178 5045 1345 5100 David
1402 5045 1604 5112 pariter
1651 5043 1776 5099 ait:
1826 5051 2098 5099 Annorum

526 5154 843 5199 a’ternorum
874 5139 1171 5203 memini,et
1192 5135 1520 5190 consideravi
1541 5136 1585 5168 "
1614 5153 1630 5202 ;
1668 5144 1812 5191 recte
1831 5136 1934 5191 sibi
1969 5151 2101 5191 con-

527 5236 712 5290 sulens
744 5234 852 5300 hic,
890 5232 1042 5301 cuius
1073 5244 1168 5283 cor
1204 5227 1473 5280 turbatum
1513 5236 1620 5291 est,
1651 5227 1887 5282 recurrit
1919 5228 2100 5282 animo

527 5329 596 5383 ad
630 5328 877 5397 antiquos
900 5324 1016 5395 dies
1039 5336 1186 5385 suos,
1218 5320 1413 5390 quibus
1432 5330 1557 5374 ante
1586 5321 1950 5376 turbationem
1973 5320 2095 5376 felix

528 5433 681 5487 erat,
738 5418 821 5473 vel
873 5418 1121 5484 antiquas
1170 5413 1431 5467 historias
1474 5412 1526 5467 in
1564 5422 1799 5468 mentem
1835 5426 2094 5469 revocat:

528 5522 914 5581 resumptaque
941 5523 1122 5562 rerum
1153 5506 1434 5569 memoria,
1462 5505 1758 5560 meditatur
1788 5522 1952 5576 Opera
1984 5508 2101 5571 Dei,

526 5615 582 5659 et
635 5618 889 5658 manuum
935 5598 1052 5667 ejus
1100 5596 1355 5664 facturas,
1397 5612 1504 5650 non
1554 5598 1825 5653 modicum
1861 5615 1929 5654 ex
1960 5600 2104 5653 auti-

526 5697 650 5765 quis
696 5691 1014 5749 lectionibus
1068 5689 1311 5743 solamen
1370 5691 1624 5759 capiens,
1675 5691 1802 5745 dum
1855 5708 1922 5749 ex
1972 5694 2104 5764 ipsis

603 5871 646 5899 “‘
683 5869 839 5921 Deut.
885 5864 1152 5932 κληηῖ.
1231 5863 1275 5895 δ’
1324 5863 1465 5919 l’sal.
1518 5879 1702 5930 um,
1755 5866 1809 5919 6.

2202 4669 2355 4740 νερὸν
2378 4668 2549 4721 ἐλθεῖν
2576 4670 2687 4731 τοῖς
2712 4669 2862 4730 πᾶσι,
2903 4666 2997 4719 καὶ
3026 4668 3137 4728 τοῖς
3160 4662 3313 4724 ἐκτὸς
3345 4660 3655 4731 γνωσθῆναι
3682 4661 3782 4732 τὴν

2202 4762 2463 4832 ταραχήν.

2530 4869 2871 4939 Ἐμνήσθην
2910 4868 3145 4938 ἡμερῶν
3180 4867 3461 4937 ἀρχαίων.

2285 4964 2439 5016 Ἐπεὶ
2473 4963 2565 5016 καὶ
2584 4963 2612 5014 ὁ
2627 4962 2866 5033 Μωῦσῆς
2894 4962 3221 5032 προστάττει
3243 4958 3437 5025 λέγων,
3455 4954 3785 5022 Μνήσθητε

2204 5054 2429 5125 ἡμέρας
2460 5053 2675 5119 αἰῶνος
2694 5071 2707 5085 ·
2742 5056 2836 5107 καὶ
2866 5056 2895 5107 ὁ
2935 5051 3099 5106 Δαυῒδ
3154 5051 3317 5104 πάλιν
3350 5047 3506 5120 φησὶ.
3536 5048 3649 5102 Καὶ
3678 5049 3787 5115 ἐτη

2205 5144 2409 5200 αἰώνια
2439 5145 2772 5214 ἐμνήσθην,
2805 5145 2901 5199 καὶ
2944 5144 3278 5214 ἐμελέτησιδ
3298 5157 3313 5171 ο
3349 5140 3574 5203 εἰκότως
3623 5139 3789 5211 θερα-

2206 5235 2389 5289 πεύων
2427 5236 2618 5288 ἐαυτὸν
2666 5237 2694 5289 ὁ
2721 5233 3014 5310 ταραχθεὶς
3055 5232 3151 5303 τὴν
3206 5231 3454 5303 καρδίαν,
3495 5230 3788 5301 ἀνατρέχει

2206 5324 2301 5377 ἐπὶ
2330 5323 2429 5387 τάς
2461 5325 2696 5388 παλαιὰς
2726 5323 2892 5378 αὑτοῦ
2926 5322 3159 5393 ἡμέρας,
3193 5322 3292 5385 τὰς
3327 5320 3433 5392 πρὸ
3478 5317 3580 5389 τῆς
3611 5335 3789 5390 ταρασ-

2208 5417 2332 5488 χῆς,
2368 5418 2427 5471 ἐν
2455 5412 2542 5481 αἷς
2576 5417 2879 5489 κατώρθου,
2914 5417 2946 5487 ἦ
2974 5416 3066 5469 ἐπὶ
3096 5416 3194 5479 τὰς
3230 5414 3465 5476 παλαιὰς
3503 5413 3750 5484 ἱστορίας
3771 5431 3787 5443 ⁸

2208 5510 2305 5562 καὶ
2346 5509 2446 5579 τὴν
2494 5510 2713 5580 μνήμην
2765 5507 3073 5571 ἀναλαϐὼν,
3119 5507 3315 5579 μελετᾷ
3360 5506 3417 5557 ἐν
3449 5507 3561 5567 τοῖς
3602 5504 3790 5574 ἔργοις

2208 5601 2303 5654 τοῦ
2327 5600 2485 5664 Θεοῦ,
2526 5601 2619 5655 καὶ
2653 5604 2710 5654 ἐν
2752 5604 2863 5665 τοῖς
2909 5601 3177 5671 ποιήμασι
3210 5599 3317 5651 τῶν
3353 5596 3551 5667 χειρῶν
3592 5595 3785 5656 αὑτοῦ,

2208 5694 2271 5748 οὐ
2304 5696 2506 5765 μικρᾶς
2538 5693 2820 5764 τυγχάνων
2862 5691 3212 5765 παραμυθίας
3256 5688 3365 5742 ἀπὸ
3392 5686 3498 5741 τῶν
3536 5685 3791 5741 παλαιῶν
