3968 6504
205 386 272 438 l9
1339 383 1848 441 COMMENTARIA
1888 383 1955 437 IN
2002 382 2342 441 PSALMOS.
3401 386 3469 442 50

206 503 682 573 ἀναγνωσμάτων,
732 501 1018 573 μανθάνων
1065 501 1125 567 ἐξ
1164 503 1369 569 αὐτῶν,
1412 505 1494 557 ὅτι
1527 504 1652 568 τοὺς
1687 519 1783 556 πα-

1907 504 2204 571 coguoscit,
2241 510 2451 557 veteres
2483 502 2605 558 illos
2638 502 2885 573 plurimis
2936 505 3206 575 pressaris
3240 520 3305 561 ac
3351 514 3471 560 ten-

206 597 387 657 λαιοὺς
430 595 572 666 μετὰ
624 594 822 667 μυρίας
852 595 1056 665 θλίψεις
1079 597 1174 649 καὶ
1201 598 1540 667 πειρασμοὺς
1564 595 1793 649 ἐπεσκέ-

207 706 367 744 πτετο
396 689 427 740 ὁ
455 688 608 753 Θεὸς,
632 691 727 742 καὶ
752 689 884 754 ὅσας
919 689 1190 761 παρέσχεν
1211 691 1394 753 αὐτοῖς
1411 688 1708 760 θεραπείας
1729 706 1789 742 τε

206 783 292 835 καὶ
325 782 674 853 εὐεργεσίας.
737 780 900 833 Ἀλλά
928 781 1024 834 καὶ
1070 782 1128 835 ἐν
1158 784 1272 844 τοῖς
1302 782 1401 851 τῆς
1432 780 1792 851 δημιουργίας

205 874 379 941 λόγοις
426 873 665 943 μελετῶν
713 872 1076 945 ἐθεραπεύετο
1105 873 1206 945 τὴν
1238 873 1435 943 ψυχὴν,
1472 873 1794 943 παιδευόμε-

205 983 309 1030 νος,
343 964 423 1029 ὡς
452 965 556 1018 οὐκ
586 964 735 1019 ἔστιν
764 964 1099 1037 άπρονόητος
1122 968 1150 1018 ὁ
1183 964 1289 1018 τῶν
1317 964 1619 1036 ἀνθρώπων
1656 964 1790 1034 βίος,

203 1057 317 1111 οὖδι
355 1055 737 1129 ἀθεράπευτος
778 1058 813 1127 ἡ
862 1055 955 1109 τοῦ
1000 1056 1362 1128 ταραχθέντος
1393 1056 1571 1127 ψυχή·
1621 1058 1794 1128 ἐφορᾷ

202 1150 258 1204 δὲ
286 1149 382 1203 καὶ
432 1149 709 1221 ἐφέστηκε
744 1150 911 1202 πᾶσιν
959 1150 988 1201 ὁ
1019 1148 1115 1201 τοῦ
1156 1147 1291 1202 Θεοῦ
1335 1149 1506 1218 Λόγος
1566 1147 1791 1219 ἰώμενος

202 1245 321 1307 τοὺς
345 1244 847 1314 συντετριμμένους
871 1242 969 1315 τὴν
998 1242 1250 1313 καρδίαν.

203 1334 531 1389 Δωπέτασα
558 1335 710 1404 πρὸς
738 1334 815 1388 σὲ
846 1334 961 1405 τὰς
987 1333 1189 1403 χεῖράς
1226 1351 1375 1404 μου·
1407 1335 1445 1401 ἠ
1472 1334 1642 1405 ψυχή
1672 1352 1793 1404 μου

711 1407 792 1471 ὠς
826 1404 901 1475 γῆ
926 1404 1187 1475 ἄνυδρός
1217 1420 1336 1459 σοι.

266 1497 553 1567 Μνησθεὶς
598 1498 709 1551 τῶν
760 1496 1005 1569 ἀρχαίων
1044 1497 1267 1569 ἡμερῶν
1310 1497 1373 1550 ἐκ
1417 1498 1517 1568 τῆς
1565 1496 1794 1568 μελέτης

202 1589 303 1641 τῶν
336 1588 503 1644 θείων
538 1590 1006 1660 ἀναγνωσμάτων,
1038 1589 1138 1653 τὰς
1169 1590 1356 1661 χεῖράς
1388 1607 1511 1661 μου,
1552 1590 1646 1642 καὶ
1694 1588 1793 1652 τὰς

201 1684 280 1737 διὰ
309 1684 607 1753 μετανοίας
634 1682 864 1752 πράξεις
895 1680 1141 1751 καθαράς
1168 1699 1249 1734 σοι
1280 1682 1587 1745 ἐπιδεικνὺς
1613 1679 1793 1733 διεπέ-

199 1791 351 1837 τασα,
400 1772 582 1836 οὕτως
631 1772 798 1841 διψῶν
834 1789 949 1836 σου,
984 1773 1012 1824 ὁ
1040 1772 1192 1835 Θεὸς,
1225 1772 1319 1825 καὶ
1352 1772 1450 1842 τῆς
1494 1771 1645 1843 παρὰ
1694 1770 1788 1823 σοῦ

1897 596 2192 650 tationibus
2246 610 2276 649 a
2332 595 2444 651 Deo
2496 595 2663 650 fuisse
2715 596 2984 663 visitatos,
3035 606 3086 651 et
3132 607 3332 668 quanta
3382 599 3473 654 hic

1894 686 2129 741 remedia
2182 687 2370 741 iisdem
2424 686 2715 741 contulerit
2767 702 2833 743 ac
2898 688 3179 744 beneﬁcia.
3245 690 3470 761 Insuper

1892 780 2019 832 dum
2066 794 2247 833 rerum
2298 779 2630 835 creationem
2671 796 2853 835 secum
2888 791 3125 852 reputat,
3171 784 3356 839 animo
3388 799 3474 838 re-

1893 878 2129 933 creatur,
2180 870 2305 939 quia
2343 870 2503 925 discit
2562 870 2729 925 vitam
2790 872 3065 926 hominum
3115 873 3467 929 Providentia

1894 976 2000 1016 non
2063 961 2338 1027 destitui,
2416 978 2591 1032 neque
2645 978 2800 1019 suum
2876 964 3149 1019 turbatum
3225 968 3465 1021 animum

1895 1051 2138 1105 remedio
2192 1066 2407 1119 carere,
2456 1068 2580 1109 cum
2628 1055 2881 1110 omnibus
2928 1055 3235 1123 inspectans
3285 1057 3470 1126 praesit

1895 1143 1995 1198 Dei
2026 1142 2286 1212 Verbum,
2317 1161 2347 1201 a
2394 1161 2501 1215 quo
2532 1149 2763 1203 contriti
2799 1148 2963 1203 corde
3007 1157 3289 1204 sanantur.

1900 1325 2060 1380 Vens.
2077 1326 2129 1380 6.
2158 1325 2407 1396 Expandi
2432 1343 2620 1380 manus
2639 1344 2780 1381 meas
2799 1328 2868 1381 ad
2886 1336 2968 1390 te;
2996 1328 3176 1383 anima
3199 1345 3317 1383 mea
3338 1330 3469 1383 sicut

2422 1409 2566 1451 terra
2596 1400 2708 1451 sine
2733 1415 2869 1468 aqua
2890 1400 3003 1452 tibi.

1964 1489 2187 1545 Dierum
2248 1490 2596 1560 antiquorum
2661 1499 2882 1560 pr0pter
2936 1490 3150 1545 divinas
3209 1490 3469 1547 lectiones

1892 1597 2143 1647 memor,
2197 1597 2392 1637 manus
2445 1596 2593 1638 meas
2642 1584 2974 1653 paenitentiae
3013 1585 3269 1653 operibus
3317 1600 3473 1638 mun-

1891 1676 2049 1730 datas
2093 1674 2160 1729 ad
2212 1684 2264 1731 te
2324 1677 2657 1745 expandens,
2692 1687 2742 1732 te
2778 1678 2992 1741 sitiens,
3027 1679 3186 1747 Deus,
3221 1680 3469 1749 przeben-

1894 1768 2131 1836 damque
2158 1781 2188 1821 a
2221 1777 2272 1822 te
2302 1770 2662 1835 curationem,
2695 1786 2801 1824 non
2845 1772 3003 1824 modo
3033 1787 3130 1825 ceu
3162 1787 3358 1827 cervus
3401 1772 3470 1827 ad

203 1865 411 1928 ἰάσεως,
454 1865 522 1917 οὐ
569 1864 730 1935 μόνον
776 1862 835 1916 ὃν
874 1862 1074 1934 τρόπον
1115 1862 1313 1932 ἔλαφος
1350 1863 1443 1915 ἐπὶ
1468 1862 1565 1926 τὰς
1608 1860 1783 1933 πηγάς

1899 1860 2079 1914 fontes
2109 1873 2403 1928 aquarum,
2440 1877 2624 1916 verum
2678 1875 2735 1916 ut
2782 1862 2929 1917 arida
2974 1873 3028 1918 et
3076 1864 3193 1918 sine
3242 1866 3471 1919 humore

202 1956 299 2009 τῶν
328 1956 570 2017 ὑδάτων,
614 1954 749 2008 ἀλλὰ
788 1954 882 2008 καὶ
912 1954 988 2017 ὼς
1020 1953 1246 2026 ἄνυδρος
1276 1954 1370 2007 καὶ
1401 1952 1540 2024 ξηρὰ
1570 1952 1643 2023 γῆ
1671 1952 1791 2024 ὁρέ-

200 2062 345 2115 γεται
374 2045 476 2098 τοῦ
508 2047 595 2098 ἐπ’
618 2044 788 2116 αὐτὴν
816 2042 1092 2106 κατιόντος
1118 2042 1295 2096 ὑετοῦ.
1323 2044 1384 2097 El
1422 2043 1480 2097 δὲ
1522 2044 1616 2097 καὶ
1643 2043 1789 2095 ἔστιν

203 2139 409 2209 ήψδκή
456 2155 563 2208 μου
611 2137 687 2202 ὼς
714 2137 789 2207 γῆ
819 2135 1065 2208 ἄνυδρος.
1104 2135 1180 2198 ὡς
1225 2134 1361 2206 πρὸς
1404 2136 1464 2189 σὲ
1512 2135 1604 2189 τὸν
1657 2135 1789 2190 Θεὸν

200 2230 415 2300 τοιαύτη
452 2229 606 2284 ἐστίν
625 2247 640 2260 ο
670 2228 793 2283 καθ’
817 2227 1014 2298 ἑαυτὴν
1041 2228 1148 2298 γὰρ
1174 2226 1269 2280 καὶ
1297 2226 1371 2289 ὡς
1400 2229 1457 2281 ἐν
1487 2226 1788 2298 ἀνθρώπων

202 2322 482 2395 συγκρίσει
541 2321 765 2392 γόνιμος
820 2321 913 2374 καὶ
965 2319 1225 2391 τεθηλυῖα
1284 2319 1513 2391 καρπῶν
1564 2318 1788 2387 ἀγαθῶν

201 2415 460 2484 ὑπάρχει’
504 2415 588 2467 σοὶ
616 2414 673 2467 δὲ
705 2412 932 2483 ἄνυδρός
970 2412 1122 2463 ἐστιν
1151 2410 1343 2476 οὕτως,
1373 2410 1446 2474 ὡς
1474 2411 1535 2463 οὐ
1563 2411 1758 2464 δικαιω
1782 2438 1787 2443 ο

201 2506 418 2576 θήσεται
458 2502 697 2558 ἐνώπιόν
725 2520 819 2556 σου
847 2504 954 2566 πᾶς
994 2501 1123 2565 ζῶν.

206 2596 349 2667 Ταχὺ
380 2595 760 2667 εισάκουσόν
792 2610 889 2667 με,
924 2611 978 2647 κ.
1006 2610 1055 2645 τ.
1176 2593 1270 2667 Μὴ
1299 2594 1692 2667 ἁᾼποσερένψῃς
1722 2592 1787 2646 τὸ

590 2665 917 2734 πρόσωπόν
944 2678 1062 2717 σου
1087 2665 1186 2716 ἀπ’
1214 2665 1381 2734 ἐμοῦ.

273 2756 359 2810 Ἐν
407 2758 530 2820 τοῖς
577 2754 964 2822 κατεπείγουσι
995 2756 1210 2825 καιροῖς
1256 2753 1365 2807 τῶν
1412 2752 1787 2825 περιστάσεων

201 2848 310 2918 ἦτοι
337 2852 396 2902 ἐν
427 2848 697 2917 διωγμοῖς
728 2848 762 2919 ἢ
792 2850 905 2911 τοῖς
953 2846 1202 2917 ἐσχάτοις
1249 2845 1538 2909 κινδύνοις,
1569 2843 1788 2897 ἐπειδὰν

200 2937 651 3009 παρακινδυνεύει
705 2938 850 3000 τινὸς
899 2939 932 3008 ἠ
982 2936 1150 3007 ψυχὴ,
1200 2936 1543 2999 ἐκλείποντος
1588 2934 1684 2988 τοῦ
1730 2938 1788 2989 ἐν

200 3032 324 3102 αὐτῇ
352 3030 695 3102 πνεύματος,
738 3030 833 3084 καί
871 3029 973 3099 τῆς
1007 3028 1232 3101 καρδίας
1265 3030 1322 3081 ἐν
1347 3030 1482 3101 αὐτῇ
1524 3044 1788 3100 ταραττο-

203 3126 379 3196 μένης,
411 3126 689 3197 προσήκει
719 3106 920 3195 ὁμοίως
953 3124 1029 3195 τῷ
1063 3124 1226 3177 Δαυῒδ
1250 3124 1429 3193 λέγειν
1460 3124 1786 3195 εὐχομένους

1896 1960 2038 2005 terra
2082 1950 2424 2018 deplueutem
2477 1953 2529 2007 in
2583 1968 2643 2009 se
2678 1955 2911 2009 imbrem
2956 1966 3201 2026 exoptat.
3236 1954 3463 2011 Etiamsi

1891 2055 2023 2096 vero
2060 2041 2238 2095 anima
2267 2056 2383 2096 mea
2415 2052 2501 2098 est
2532 2043 2693 2098 veluti
2731 2045 2850 2099 sine
2878 2060 3016 2113 aqua
3049 2055 3217 2110 terra,
3251 2060 3382 2116 erga
3415 2057 3469 2102 te

1894 2135 2147 2188 nimirum
2179 2134 2253 2188 ita
2292 2148 2353 2189 se
2389 2136 2588 2201 liabet;
2644 2146 2904 2193 caeterum
2941 2153 3050 2208 prae
3089 2139 3211 2192 aliis
3235 2137 3471 2193 homini-

1892 2225 1991 2279 bus
2010 2224 2203 2281 fertilis
2216 2235 2320 2290 est,
2343 2235 2398 2281 et
2420 2228 2690 2283 bonorum
2715 2227 2988 2283 fructuum
3015 2244 3121 2283 non
3142 2229 3429 2285 infecunda
3453 2251 3468 2286 :

1894 2316 2011 2381 tibi,
2036 2317 2283 2386 inquam,
2302 2328 2385 2373 est
2402 2319 2577 2388 arida,
2599 2320 2725 2391 quia
2752 2336 2855 2375 non
2876 2320 3266 2390 justiﬁcabitur
3287 2337 3468 2378 coram

1894 2418 1945 2464 te
1972 2409 2258 2480 quisquam
2298 2411 2505 2467 vivens.

1895 2588 2051 2644 Vers.
2079 2590 2133 2643 7.
2169 2588 2287 2645 Cito
2316 2594 2513 2647 exaudi
2570 2610 2676 2655 me,
2727 2604 2836 2647 clc.
2894 2594 2976 2649 Ne
3027 2607 3233 2649 avertas
3282 2596 3471 2663 faciem

2526 2673 2673 2717 tuam
2704 2682 2737 2716 a
2764 2682 2866 2719 me.

1963 2753 2293 2823 Urgentibus
2335 2754 2713 2809 calamitatum
2768 2758 3107 2827 temporibus
3136 2758 3252 2812 sive
3280 2771 3469 2825 perse-

1891 2845 2198 2901 cutiouibus
2223 2847 2595 2917 extremisque
2628 2849 3061 2915 discriminibus,
3088 2865 3211 2905 cum
3240 2849 3472 2918 alicujus

1890 2934 2072 2989 anima
2100 2936 2467 3006 periclitatur,
2509 2938 2890 2994 deﬁcientibus
2918 2939 3038 3009 ejus
3074 2940 3305 3004 viribus,
3338 2956 3473 2995 con-

1889 3029 2106 3083 turbato
2138 3030 2326 3095 corde,
2368 3029 2501 3085 utile
2536 3041 2621 3086 est
2646 3048 2769 3087 cum
2799 3033 3005 3087 Davide
3036 3043 3261 3088 orantes
3286 3032 3471 3089 dicere

1890 3118 2109 3175 Christo
2137 3138 2149 3173 :
2183 3118 2400 3175 Exaudi
2437 3139 2539 3189 me,
2577 3122 2819 3179 Domine.
2854 3125 3039 3196 Neque
3070 3136 3251 3180 tamen
3283 3126 3336 3180 in
3371 3127 3472 3181 bu-

199 3214 259 3268 τά
284 3214 947 3285 Χριστοῦ,Εισάκουσόν
966 3232 1064 3285 με,
1095 3216 1272 3284 Κύριε
1290 3232 1303 3246 ’
1333 3216 1393 3269 οὐ
1424 3216 1530 3287 μὴν
1561 3216 1654 3269 ἐπὶ
1676 3218 1783 3281 τοῖς

1898 3214 2071 3267 manis
2100 3214 2331 3281 negotiis
2366 3215 2468 3269 hoc
2503 3230 2721 3284 precum
2756 3231 2957 3287 genere
2991 3218 3066 3271 uti
3101 3218 3467 3272 necessarium

198 3308 560 3379 ἀνθρωπίνοις
623 3308 943 3379 πράγμασιν
1006 3310 1302 3377 ἀναγκαῖον
1358 3308 1679 3380 κεχρῆσθαι.
1717 3339 1786 3350 -

208 3399 314 3468 Ἐφ’
342 3400 476 3453 ὅσον
531 3399 632 3471 μὲν
684 3399 746 3452 τὸ
793 3401 1085 3471 πρόσωπόν
1138 3417 1231 3453 σου
1266 3401 1514 3467 καταξιοί
1560 3418 1628 3472 με
1676 3402 1785 3457 τῶν

200 3490 333 3543 ἰδίων
361 3491 560 3557 αὑτοῦ,
587 3490 650 3543 τὸ
674 3490 789 3559 φῶς
825 3508 919 3544 σου
951 3492 1099 3545 ἐστὶν
1128 3495 1186 3547 ἐν
1216 3492 1359 3563 ἐμοὶ,
1386 3494 1479 3546 καὶ
1503 3493 1653 3548 πᾶσά
1684 3512 1785 3565 μου

199 3580 532 3653 ἀπελήλαται
575 3582 798 3634 σκοτία·
847 3581 974 3636 ὥστ’
1028 3583 1094 3636 ἂν
1151 3585 1341 3637 εἰπεῖν·
1416 3582 1783 3654 Ἐσημειώθη

197 3675 280 3742 ἐφ’
312 3671 479 3743 ἡμᾶς
526 3673 595 3727 τὸ
630 3672 757 3743 φῶς
793 3675 898 3729 τοῦ
937 3674 1261 3745 προσώπου
1310 3691 1450 3739 σου,
1494 3678 1701 3745 Κύριεο
1738 3680 1787 3731 εί

197 3765 247 3818 δὲ
281 3766 697 3836 ἀποστρέψειάς
742 3784 874 3820 ποτε
918 3767 980 3821 τὸ
1017 3768 1309 3839 πρόσωπόν
1358 3786 1452 3823 σου
1504 3770 1598 3823 ἀπ’
1628 3770 1785 3841 ἐμοῦ,

206 3857 409 3928 γίνομαι
454 3858 743 3929 ἐνοκοτίᾳ
774 3861 832 3912 ἐν
930 3859 1172 3928 γίνονται
1206 3859 1409 3923 πάντες
1437 3862 1486 3913 οἱ
1523 3862 1787 3915 καταϐαί-

198 3965 369 4013 νοντες
398 3951 486 4013 είς
514 3949 715 4003 λάκκον
734 3966 748 3981 ο
783 3952 840 4004 ἐν
879 3946 924 4020 ᾧ
957 3951 1147 4023 λάκκῳ
1170 3951 1323 4005 οὐδὲν
1359 3952 1547 4024 ἔτερόν
1577 3956 1721 4007 ἐστιν

197 4041 252 4095 τὺ
278 4042 621 4113 καλούμενον
657 4045 849 4108 σκότος
873 4042 1157 4115 ἐξώτερον.
1694 4068 1695 4071 η

208 4135 547 4191 Ἀκουστόν
590 4138 855 4205 ποίησόν
899 4155 1001 4208 μοι
1039 4138 1107 4191 τὸ
1138 4138 1290 4207 πρωῒ
1322 4137 1387 4190 τὸ
1422 4137 1596 4203 ἔλεός
1647 4152 1784 4192 σου.

271 4293 358 4345 Ἐν
389 4295 511 4357 τοῖς
560 4296 889 4363 πειρασμοῖς
934 4293 1118 4359 ἐλέους
1158 4294 1303 4348 θείου
1341 4294 1574 4366 δεόμεθα
1597 4311 1608 4325 ⁸
1648 4296 1786 4367 ὅπερ

197 4384 386 4452 γένοιτ’
421 4384 492 4437 ἂν
537 4384 613 4437 ἐν.
637 4388 758 4449 ταῖς
808 4387 1140 4457 προσευχαῖς
1179 4386 1558 4457 ἐγρηγορότως
1592 4384 1786 4455 σχολά-

199 4476 401 4547 ζοιμεν,
436 4477 534 4529 καὶ
582 4476 813 4547 μάλιστα
856 4478 997 4532 κατὰ
1036 4477 1228 4550 καιρὸν
1252 4479 1345 4530 τὸν
1373 4476 1615 4540 ἑωθινὸν,
1647 4477 1788 4531 ὥστε

1888 3304 2314 3372 est.—Quandiu
2346 3306 2514 3363 facies
2555 3318 2644 3363 tua
2669 3324 2768 3364 suo
2802 3325 2886 3364 me
2914 3320 3163 3379 respectu
3192 3312 3469 3380 dignatur,

1889 3397 2069 3455 lumen
2106 3404 2253 3454 tuum
2287 3400 2339 3454 in
2365 3416 2452 3455 me
2474 3412 2583 3466 est,
2609 3412 2771 3472 atque
2797 3418 2989 3458 omnes
3016 3404 3276 3459 recedunt
3311 3413 3471 3459 tene-

1890 3491 2029 3558 bra;
2063 3492 2134 3546 ita
2172 3502 2231 3546 ut
2263 3492 2440 3548 dicam
2473 3512 2486 3547 :
2532 3492 2813 3564 Signatum
2862 3506 2937 3551 est
2980 3512 3138 3565 super
3164 3512 3260 3550 nos
3296 3497 3473 3551 lumen

1888 3587 2065 3639 vultus
2092 3586 2190 3649 tui,
2221 3584 2448 3641 Domine
2469 3588 2538 3640 ⁸⁸.
2567 3586 2719 3655 Quod
2743 3590 2788 3643 si
2820 3588 3026 3644 vultum
3061 3598 3209 3643 tuum
3233 3601 3470 3654 avertas,

1892 3676 2084 3732 decido
2104 3679 2158 3733 in
2187 3680 2441 3736 tenebras
2467 3697 2606 3752 quas
2630 3682 2664 3734 ii
2697 3684 2980 3752 patiuntur
3007 3682 3101 3752 qui
3133 3682 3471 3737 descendunt

1889 3768 1942 3823 in
1970 3770 2143 3825 lacum
2166 3789 2179 3837 ;
2204 3787 2311 3842 quo
2332 3773 2384 3827 in
2408 3774 2526 3828 lacu
2548 3775 2679 3829 nihil
2698 3775 2843 3830 aliud
2862 3787 3126 3845 estquam
3143 3774 3471 3838 exteriores,

1889 3863 1968 3918 uti
1998 3864 2354 3933 appellantur,
2395 3866 2652 3924 tenebrae.

1896 4129 2054 4183 Vens.
2109 4130 2163 4183 8.
2218 4130 2472 4182 Auditum
2526 4129 2614 4196 fac
2661 4130 2791 4182 mihi
2846 4144 3001 4183 mane
3046 4126 3469 4181 misericordiam

2559 4211 2726 4254 tuum.

1962 4292 2056 4347 Dei
2077 4290 2453 4347 misericordia
2486 4294 2538 4347 in
2562 4291 2953 4346 tentationibus
2980 4291 3317 4361 indigemus;
3347 4304 3468 4358 quae

1891 4394 1951 4441 ut
2005 4385 2163 4441 nobis
2214 4386 2490 4452 obveniat,
2541 4384 2835 4456 vigilanter
2886 4386 3139 4455 precibus
3191 4400 3470 4449 vacemus,

1893 4479 2160 4535 matutino
2195 4479 2498 4549 praesertim
2546 4488 2808 4547 tempore,
2850 4490 2909 4531 ut
2944 4479 3122 4533 dicere
3149 4479 3424 4549 possimus
3454 4496 3470 4533 :

198 4566 455 4621 δύνασθαι
505 4566 716 4636 λέγειν’
768 4568 831 4621 '0
877 4568 1043 4635 Θεὸς,
1083 4572 1116 4623 ό
1168 4570 1312 4633 Θεός
1341 4586 1481 4639 μου,
1516 4568 1667 4637 πρὸς
1710 4568 1783 4621 σὲ

1898 4571 2055 4637 Deus,
2083 4572 2223 4626 Dens
2250 4588 2417 4667 meus,
2446 4572 2515 4624 ad
2543 4581 2594 4625 te
2623 4573 2687 4624 de
2717 4572 2831 4626 luce
2866 4571 3021 4640 vigilo
3043 4573 3110 4625 5‘.

200 4660 457 4713 ὀοθοίζω.

223 4660 228 4702 ἴ
334 4662 354 4709 ί
383 4680 457 4713 ω.

223 4660 580 4823 ρξ’ρνέῳισόν
605 4771 729 4822 μοι,
760 4754 955 4823 Κύριε,
981 4753 1123 4808 ὁδὸν
1150 4752 1220 4807 ἐν
1248 4747 1287 4826 ᾗ
1315 4754 1701 4823 πορεύσομω.

275 4916 410 4969 Ἀπὸ
440 4914 537 4968 τοῦ
564 4915 738 4987 χαμαὶ
763 4914 976 4969 κεῖσθαι
1005 4914 1101 4986 τὴν
1145 4915 1283 4986 ἐμὴν
1318 4914 1455 4987 πρὸς
1513 4916 1571 4968 σὲ
1599 4915 1777 4988 ψυχὴν

199 5007 534 5062 ἁνατείναντι
590 5010 877 5080 μετανοίας
923 5008 1093 5075 δεῖξον
1146 5006 1285 5070 ὁδὸν,
1326 5007 1358 5079 ἢ
1394 5007 1493 5078 τὴν
1538 5007 1778 5076 ἄγουσαν

1891 4750 2051 4805 Vens.
2073 4753 2125 4806 8.
2182 4754 2373 4805 Notam
2424 4750 2509 4819 [ac
2564 4750 2729 4871 tgillti,
2776 4750 3019 4814 Domine,
3078 4751 3215 4804 viam
3256 4751 3308 4804 in
3370 4766 3473 4819 qua

2485 4837 2567 4871 am
2611 4838 2767 4871 uel».

2485 4837 2767 4875 amantem.

1960 4912 2094 4965 Dum
2121 4912 2306 4966 anima
2332 4928 2448 4966 mea
2470 4910 2617 4979 jacet
2650 4912 2797 4965 humi
2826 4922 3128 4981 prostrata,
3155 4911 3469 4981 imploranti

1888 5004 2021 5057 ntilti
2069 5005 2407 5073 pmnitentiae
2441 5005 2581 5057 viam
2613 5006 2858 5069 ostende,
2907 5022 3026 5075 qua:
3068 5015 3192 5076 post
3224 5005 3471 5073 corporis

200 5099 331 5166 μετὰ
354 5100 610 5172 σώματος
633 5100 952 5171 ἀπαλλαγὴν
979 5102 1070 5154 ἐπὶ
1093 5100 1160 5153 τὰ
1190 5101 1414 5170 οὐράνια
1440 5101 1570 5171 (15)·
1595 5101 1783 5172 θνητὸς

1898 5098 2284 5165 depositionem
2322 5100 2470 5154 ducit
2501 5104 2554 5153 in
2586 5101 2809 5155 caelum.
2851 5100 2983 5154 Nam
3027 5110 3291 5162 mortuus,
3331 5114 3469 5167 quo-

198 5192 301 5263 γάρ
325 5193 445 5257 πῶς
473 5193 541 5247 ἂν
572 5195 763 5265 νοήσαι
791 5193 888 5256 τὰς
913 5193 1067 5257 ὀδοὺς
1094 5193 1289 5258 αὐτοῦ;
1321 5194 1460 5263 τάχα
1485 5194 1540 5247 δέ
1568 5213 1649 5258 τις
1685 5195 1787 5260 τὰς

198 5292 469 5363 προτέρας
508 5288 662 5351 ὁδοὺς
688 5288 924 5341 Μωῦσέα
949 5287 1044 5341 καὶ
1069 5288 1196 5352 τοὺς
1224 5288 1507 5359 προφήτας
1534 5287 1778 5358 βαδίσας,

198 5383 333 5436 κατά
354 5383 437 5447 τὸ,
468 5381 659 5451 Στῆτε
683 5381 754 5433 ἐν
785 5379 914 5445 ταῖς
944 5379 1125 5445 ὁδοῖς,
1162 5380 1259 5433 καί
1291 5379 1628 5449 ἐρωτήσατε
1658 5380 1780 5448 τρί-

199 5474 337 5537 ϐους
377 5472 601 5542 Κυρίου
625 5471 890 5536 αἱωνίας,
925 5470 1064 5543 μετά
1103 5469 1307 5534 ταύτας
1335 5471 1432 5543 τὴν
1459 5471 1577 5525 ὁδὸν
1601 5468 1779 5541 ζητῶν

198 5563 292 5635 τὴν
321 5566 552 5637 ἀγαθὴν,
597 5563 675 5635 τῷ
719 5563 922 5635 ταύτης
966 5565 1084 5634 ἐρεῖ
1107 5563 1296 5634 πατρὶ,
1327 5563 1422 5617 καὶ
1456 5563 1791 5633 γινώσκοντι.

268 5682 315 5713 ⁸⁸
340 5681 480 5737 Psal.
513 5697 592 5747 tv,
629 5682 678 5736 7.
753 5684 797 5715 ³¹
831 5683 972 5737 Psal.
1006 5700 1141 5750 uti,
1180 5684 1233 5739 2.
1312 5684 1358 5715 ⁸³
1390 5681 1502 5737 Jer.
1554 5699 1630 5746 vt,
1667 5682 1749 5736 l6.

270 5772 380 5837 (l5)
404 5773 569 5829 Vides
598 5772 777 5846 lticde
792 5773 1081 5846 animabus
1103 5775 1221 5829 sine
1244 5776 1564 5846 corporibus
1594 5774 1759 5846 etiam

204 5841 254 5896 in
318 5845 514 5899 cmlum
595 5844 923 5914 recipiendis
994 5841 1362 5918 sententiam;
1413 5845 1776 5915 antiquissimi

1892 5189 2052 5245 modo
2098 5191 2213 5245 \‘ias
2267 5209 2396 5247 suas
2446 5194 2779 5263 cognoscet?
2830 5194 3088 5249 Fortasse
3132 5191 3334 5261 aliquis
3380 5192 3472 5260 qui

1892 5282 2233 5351 antiquiores
2269 5285 2415 5349 vias,
2457 5285 2719 5356 Moysem,
2748 5287 2997 5355 inquam,
3045 5292 3097 5338 et
3148 5284 3469 5353 pmpltetas,

1889 5374 2222 5442 decurrerit;
2255 5374 2409 5445 juxta
2451 5378 2613 5432 illud:
2651 5378 2801 5433 State
2826 5378 2877 5430 in
2909 5378 3027 5440 viis,
3058 5376 3470 5431 etsciscitamim’

1888 5470 1951 5522 de
1980 5474 2177 5525 semitis
2212 5472 2426 5529 Domini
2465 5477 2672 5529 αξιοι-πίε
2705 5476 2789 5539 5';
2837 5482 2952 5541 post
3002 5474 3122 5541 bas,
3155 5472 3349 5526 bonam
3375 5472 3468 5524 de-

1888 5563 2053 5632 nique
2084 5564 2227 5619 viam
2254 5582 2501 5637 quarens
2547 5568 2688 5622 dicet
2742 5564 2902 5627 huius
2952 5566 3113 5636 patri,
3155 5566 3469 5635 viarumque

1873 5774 2091 5830 Euseoti
2157 5785 2346 5833 contra
2434 5774 2791 5831 recentiorum
2852 5776 3166 5833 Graecorum
3244 5768 3470 5828 cacodo-

1891 5846 2055 5901 slain.
