3968 6510
505 365 571 427 51
1173 363 1441 419 EUSEBII
1482 361 1962 419 CASSARIENS‘IS
2001 358 2156 416 OPP.
2197 356 2379 412 PARS
2418 355 2506 412 III.
2551 386 2621 397 —-
2661 352 3071 409 EXEGETICA.
3684 350 3749 403 5‘2

501 483 629 538 ltliis
661 483 973 539 idoneorum
1007 480 1221 550 perito:
1261 477 1489 533 Ostende
1527 479 1654 532 mihi
1690 479 1828 533 viam
1870 479 1925 532 in
1965 495 2068 547 qua

2185 475 2267 545 τὴν
2297 474 2413 527 ὁδὸν
2441 472 2549 526 τῶν
2581 471 2713 529 υἱῶν
2736 472 2816 536 τὸ,
2835 470 3144 539 Γνώρισόν
3153 486 3253 539 μοι
3281 466 3424 521 ὁδὸν
3447 466 3752 534 eadem-er

502 575 764 631 ambulem
789 589 809 627 :
839 590 957 642 qua:
982 574 1197 645 quidem
1229 581 1499 627 annuente
1519 571 1676 626 Patre
1697 582 1865 627 semet
1890 582 2072 625 osten-

503 670 636 747 dens
661 669 737 721 ait
778 667 957 737 dignis
1004 684 1019 720 :
1054 666 1164 734 Ego
1186 682 1303 720 sum
1334 665 1439 728 via.
1482 681 1631 719 nemo
1665 667 1803 718 enim
1828 664 1966 719 venit
2000 665 2070 717 ad

505 753 721 809 Patrem
746 756 845 810 nisi
870 773 961 823 per
982 773 1062 809 me
1087 757 1154 810 ⁵³.

646 935 808 989 Vens.
858 936 944 989 Ii.
994 932 1221 1004 Propter
1256 951 1442 989 nomen
1476 944 1650 996 tuum,
1687 934 1926 987 Domine.

575 1025 765 1081 Simile
796 1027 895 1081 hoc
928 1025 1148 1080 dictioni
1177 1025 1249 1079 illi
1280 1040 1295 1077 :
1340 1024 1464 1079 Non
1496 1025 1665 1089 nobis,
1696 1024 1939 1090 Domine,
1969 1040 2073 1079 non

502 1118 669 1185 nobis,
688 1119 780 1171 sed
798 1119 1097 1171 nominituo
1111 1116 1178 1170 da
1197 1116 1491 1186 gloriam“.
1516 1115 1626 1171 Non
1646 1117 1787 1170 enim
1807 1117 1858 1169 in
1877 1128 2071 1171 semet-

501 1206 637 1275 ipsis
689 1215 902 1273 oportet
932 1207 1227 1262 confidere.
1260 1206 1358 1273 Qui
1389 1219 1566 1261 autem
1602 1208 1927 1261 tentationes
1960 1207 2071 1261 for-

506 1299 634 1352 titer
667 1298 1002 1362 toleraverit,
1034 1298 1120 1355 his
1148 1300 1305 1354 bonis
1338 1300 1495 1368 potiri
1524 1310 1723 1369 speret,
1761 1310 1944 1369 utpote
1978 1302 2066 1370 qui

505 1398 730 1455 angusta
788 1404 1199 1459 terumnosaque
1233 1392 1314 1445 via
1351 1392 1452 1445 iter
1474 1390 1686 1446 fecerit.

508 1478 670 1533 Vens.
708 1480 796 1534 II.
831 1480 1109 1549 quuitato
1149 1493 1240 1536 tua
1272 1486 1456 1537 educes
1489 1485 1553 1539 de
1591 1484 1926 1541 tribulatione
1950 1489 2068 1542 ani-

1128 1569 1267 1605 mam
1298 1571 1487 1608 meam.

580 1643 715 1697 Vere
752 1642 1025 1699 tribulatio
1052 1644 1247 1698 anima:
1282 1655 1387 1717 est,
1423 1661 1543 1700 cum
1590 1647 1825 1702 hominis
1852 1649 1962 1702 vita
2005 1649 2071 1704 ad

506 1742 707 1787 terram
741 1735 1123 1802 prosternitur,
1154 1744 1207 1790 et
1235 1737 1349 1803 ipse
1386 1737 1439 1789 in
1471 1738 1709 1793 tenebris
1740 1738 1909 1793 sedet.
1930 1738 2073 1805 .Pra—

504 1824 588 1875 vis
624 1838 842 1893 quoque
886 1826 1312 1893 cogitationibus
1347 1836 1415 1882 et.
1454 1830 1805 1900 cupiditatum
1858 1827 2068 1883 flamma
2105 1856 2147 1911 Β

501 1913 680 1968 anima
706 1915 823 1984 ejus
849 1925 1035 1973 vexata
1062 1916 1339 1990 afﬂigitur,
1374 1922 1589 1975 nemine
1614 1937 1676 1975 ex
1705 1921 1790 1976 his
1809 1923 2077 1991 pressuris

502 2004 793 2071 Iiberante,
830 2019 1031 2075 praeter
1065 2012 1308 2065 cordium
1338 2014 1617 2067 conscium
1662 2013 1850 2067 Deum.
1888 2013 1992 2068 Sed
2023 2025 2078 2069 et

500 2095 610 2159 ille,
646 2097 731 2151 cui
772 2100 1104 2169 'deceptores
1153 2103 1424 2169 negotium
1468 2104 1777 2171 facessunt,
1832 2106 2077 2161 turbatur

501 2190 688 2247 animo
741 2205 1088 2262 magnopere,
1123 2195 1422 2262 praesertim
1476 2212 1595 2249 cum
1647 2197 1855 2253 illorum
1896 2198 2077 2267 sophi-

434 2316 437 2319 -
500 2290 674 2335 smata
696 2282 836 2335 haud
868 2282 1055 2338 valens
1083 2298 1399 2355 coarguere,
1425 2302 1492 2342 ne
1516 2289 1743 2343 veritate
1776 2289 2078 2359 depellatur

504 2373 676 2426 timet.
714 2372 820 2428 Sed
862 2374 1021 2445 hujus
1060 2376 1297 2441 animam
1336 2377 1474 2433 Deus
1506 2380 1650 2433 omni
1685 2396 1938 2448 pressura
1968 2382 2076 2436 eri-

505 2464 639 2531 piet,
675 2465 985 2522 illuminans
1019 2484 1139 2523 eam
1177 2471 1396 2539 suisque
1430 2472 1594 2525 radiis
1621 2472 1967 2541 collustrans,
1998 2480 2075 2526 at-

505 2569 612 2618 que
642 2565 701 2610 ut
737 2557 791 2611 in
822 2573 919 2612 sua
955 2557 1167 2627 justitia
1197 2562 1345 2615 vivat
1371 2561 1653 2629 adjuvans,
1683 2564 1756 2617 uti
1793 2579 1954 2634 supra
1986 2565 2076 2621 de-

504 2659 867 2704 monstratum
903 2650 1023 2705 fuit.
1054 2651 1223 2708 Porro
1256 2654 1629 2710 misericordia
1669 2657 1758 2711 Dei
1789 2658 2074 2711 destruen-

506 2754 596 2793 tur
652 2741 879 2806 initnici,
933 2760 1041 2799 non
1098 2747 1551 2811 substantialiter,
1608 2750 1708 2803 hoc
1757 2749 1901 2803 enim
1957 2750 2073 2805 ﬁeri

502 2835 711 2903 nequit,
737 2836 831 2889 sed
855 2837 1071 2906 dempta
1101 2839 1166 2893 iis
1197 2838 1475 2906 facultate,
1524 2856 1627 2910 qua
1670 2843 1818 2911 justo
1868 2843 2071 2897 homini

500 2928 883 2994 adversantur,
946 2927 1173 2998 ejusque
1224 2932 1459 2985 animam
1511 2944 1730 2988 vexant.
1791 2932 1882 2988 Sic
1928 2936 2071 2988 enim

500 3019 718 3087 requies
744 3020 894 3090 justo
919 3024 1042 3086 erit,
1084 3034 1139 3078 et
1180 3032 1331 3077 extra
1376 3023 1574 3077 bellum
1624 3025 1676 3077 in
1716 3040 1851 3094 pace
1893 3026 2069 3095 deget.

503 3107 625 3163 Mox
667 3126 973 3179 provocans
1008 3114 1317 3169 invocatum
1372 3130 1528 3168 suum
1584 3119 1649 3169 ad
1704 3118 2070 3184 annuendum,

2175 560 2215 635 ᾗ
2242 564 2626 632 πορεύσομαιι
2647 565 2766 634 ἥτις
2788 560 3170 622 ἐπινεύσαντος
3198 557 3291 611 τοῦ
3321 558 3531 630 Πατρδς
3556 559 3751 629 ἑαυτὴν

2177 655 2549 726 ἐμφανίζουσα
2584 654 2730 723 λέγει
2772 656 2883 717 τοῖς
2930 652 3127 717 ἀξίοιςο
3173 649 3314 719 Ἐγώ
3343 653 3459 720 ειμι
3503 649 3540 715 ἠ
3590 649 3748 713 ὁδός.

2176 746 2375 810 οὐδεὶς
2422 747 2532 816 γὰρ
2574 746 2806 815 ἔρχεται
2845 742 2994 813 πρὸς
3039 741 3146 796 τὸν
3193 742 3427 812 Πατέρα
3456 742 3509 795 εί
3548 739 3635 811 μὴ
3679 740 3752 793 δι’

2179 837 2342 907 ἐμοῦ.

2424 928 2677 981 ’Ἕνεκεν
2707 926 2812 979 τοῦ
2846 926 3133 994 ὀνόματός
3158 926 3507 995 σου,Κύριε.

2249 1021 2472 1092 Ὅμοιον
2498 1020 2653 1074 τοῦτο
2672 1017 2768 1089 τῷ,
2791 1017 2885 1086 Μὴ
2912 1016 3075 1086 ἡμῖν,
3097 1018 3291 1085 Κύριε,
3309 1015 3393 1086 μὴ
3425 1015 3586 1086 ἡμῖν,
3614 1016 3750 1071 ἀλλ’

2178 1114 2215 1180 ἢ
2260 1112 2339 1178 τῷ
2382 1112 2629 1183 ὀνόματι
2661 1126 2780 1164 σου
2808 1109 2915 1175 δὸς
2950 1108 3170 1173 δόξανο
3205 1109 3266 1161 οὐ
3295 1108 3402 1180 γάρ
3432 1110 3517 1178 ἐφ’
3546 1110 3752 1171 ἑαυτοῖς

2178 1203 2283 1277 χρὴ
2308 1203 2546 1277 θαρρεῖν.
2587 1203 2645 1255 '0
2675 1202 2731 1255 δέ
2762 1202 2887 1264 τοὺς
2928 1200 3267 1272 πειρασμοὺς
3296 1200 3589 1271 ὑπομείνας
3628 1217 3747 1268 γεν-

2180 1295 2342 1360 ναίως
2392 1293 2658 1359 ἐλπιζέτω
2699 1293 2903 1346 τούτων
2947 1296 3161 1364 τυχεῖν,
3202 1292 3277 1356 ὠς
3323 1294 3387 1347 ἂν
3432 1294 3621 1363 στενὴν
3661 1293 3751 1346 καὶ

2176 1387 2538 1458 τεθλιμμένην
2564 1385 2808 1449 ὁδεύσας.

2190 1479 2292 1533 Ἐν
2323 1478 2400 1548 τῇ
2428 1478 2780 1546 δικαιοσύνῃ
2808 1493 2924 1531 σου
2939 1476 3189 1548 ἐξάξεις
3230 1475 3299 1529 ἐκ
3338 1477 3599 1545 θλίψεως
3641 1475 3752 1546 τήν

2782 1547 2994 1616 ψυχήν
3020 1566 3157 1617 μου.

2247 1641 2441 1711 Ψυχῆς
2484 1639 2697 1711 ἀληθῶς
2750 1639 2929 1709 θλίψις
2969 1638 3031 1691 τὸ
3086 1638 3488 1708 ταπεινωθῆναι
3524 1641 3603 1701 είς
3651 1639 3752 1708 γῆν

2176 1735 2273 1805 τὴν
2311 1734 2454 1806 ζωὴν
2498 1734 2683 1799 αὐτοῦ,
2716 1735 2810 1787 καὶ
2850 1736 2906 1786 ἐν
2951 1737 3239 1797 σκοτεινοῖς
3282 1734 3443 1787 αὑτὸν
3479 1734 3750 1806 καθῆσαι’

2178 1829 2271 1883 καὶ
2302 1830 2330 1881 ὁ
2362 1827 2466 1880 ὑπὸ
2494 1826 2768 1897 λογισμῶν
2796 1826 2851 1879 δὲ
2878 1826 3095 1895 φαύλων
3122 1828 3217 1879 καὶ
3242 1827 3541 1898 πυρώσεως
3567 1828 3754 1883 παθῶν

2181 1920 2564 1991 ἐνοχλούμενος
2591 1920 2688 1991 τὴν
2718 1920 2895 1992 ψυχὴν
2933 1919 3173 1973 θλίϐεται
3195 1935 3212 1952 ·
3242 1920 3454 1984 οὐδενὸς
3492 1920 3548 1974 δὲ
3591 1921 3755 1975 ἄλλου

2179 2014 2281 2069 ἔν..
2334 2032 2362 2067 ν
2417 2012 2672 2085 τοιαύτης
2725 2012 2955 2081 θλίψεως
2996 2011 3424 2083 ἐλευθεροῦντος,
3470 2013 3504 2083 ἦ
3554 2013 3652 2069 τοῦ
3699 2014 3759 2066 τὸ

2180 2104 2421 2176 κρυπτὸν
2483 2106 2582 2174 τῆς
2646 2104 2873 2175 καρδίας
2927 2104 3125 2168 εἰδότος
3182 2104 3337 2157 Θεοῦ.
3390 2105 3547 2158 Ἀλλά
3590 2107 3687 2159 καὶ
3730 2106 3758 2158 ὁ

2178 2198 2282 2251 ὑπὸ
2316 2198 2644 2268 διοχλήσεων
2688 2196 3017 2251 ἀπατεώνων
3069 2199 3165 2269 τὴν
3209 2198 3383 2268 ψυχὴν
3423 2200 3759 2270 ταραττόμε-

2177 2306 2265 2352 νος
2297 2288 2528 2342 θλίσοιτο
2562 2289 2647 2342 ἂντ
2672 2287 2921 2359 μεγάλως
2965 2288 3051 2341 ὅτε
3082 2288 3337 2359 μάλιστα,
3372 2290 3430 2342 ού
3462 2290 3759 2360 δυνάμενος

2176 2380 2469 2451 διελέγχειν
2515 2379 2583 2433 τὰ
2630 2380 2955 2449 σοφίσματα,
3006 2378 3311 2431 εὐλαϐεῖται
3348 2378 3420 2450 μὴ
3467 2379 3756 2450 ἀποσφαλῇ

2176 2472 2275 2543 τῆς
2332 2470 2620 2541 ἀληθείας⁹
2683 2472 2865 2539 ἐξάγει
2932 2471 2987 2523 δὲ
3046 2470 3223 2541 ψυχὴν
3284 2471 3465 2541 πάσης
3527 2469 3759 2540 θλίψεως

2176 2560 2455 2632 τοιαύτης,
2500 2559 2825 2630 ἐπιλάμπων
2878 2558 3044 2629 αὐτὴν
3093 2559 3186 2615 καὶ
3230 2556 3601 2628 καταλάμπων
3640 2558 3758 2619 ταῖς

2156 2652 2337 2733 ,ἰδίαις
2388 2654 2778 2726 μαρμαρυγαῖς
2820 2652 2914 2704 καὶ
2967 2651 3114 2719 ἄγων
3164 2651 3333 2721 αὐτὴν
3378 2652 3459 2713 εἰς
3505 2650 3564 2701 τὸ
3590 2648 3756 2718 ζῆσαι

2177 2747 2319 2798 κατά
2349 2746 2446 2817 τὴν
2478 2744 2824 2816 δικαιοσύνην
2855 2744 3044 2809 αὐτοῦ,
3085 2744 3160 2806 ὡς
3210 2744 3438 2813 ἔναγχος
3476 2741 3757 2795 ἀποδέδει-

2176 2853 2320 2889 κται.
2362 2836 2529 2889 Ἐλέει
2553 2836 2608 2888 δὲ
2636 2834 2770 2888 Θεοῦ
2808 2833 3344 2905 ἐξολοθρευθήσονται
3383 2834 3430 2885 οί
3459 2831 3665 2901 ἐχθροὶ,
3698 2830 3758 2881 οὐ

2174 2930 2296 2981 κατ’
2309 2928 2497 2980 οὐσίαν
2511 2926 2879 2998 φθειρόμενοι(
2892 2927 2996 2995 16),
3018 2924 3275 2978 ἀδύνατον
3297 2924 3405 2994 γὰρ
3426 2922 3598 2985 τοῦτο,
3626 2921 3761 2975 ἀλλά

2173 3019 2270 3090 τὴν
2305 3019 2416 3086 ’ἐξιν
2444 3018 2827 3081 ἀποϐαλόντες,
2865 3018 2943 3070 δι’
2972 3018 3037 3087 ἣν
3070 3015 3255 3086 ἐχθροὶ
3286 3014 3379 3067 τοῦ
3412 3014 3621 3068 δικαίου
3669 3013 3761 3066 καὶ

2176 3110 2452 3174 θλίϐοντες
2493 3111 2590 3181 τὴν
2621 3108 2795 3180 ψυχὴν
2828 3108 2992 3162 αὑτοῦ
3047 3108 3399 3179 τυγχάνουσιν
3425 3125 3439 3137 ο
3480 3105 3622 3158 οὕτω
3657 3106 3760 3174 γὰρ

502 3202 655 3257 addit
684 3219 699 3256 :
742 3202 880 3269 Quia
915 3221 1089 3260 servus
1118 3218 1239 3262 tuus
1268 3224 1360 3275 ego
1403 3223 1539 3261 sum.
1576 3208 1642 3262 Et
1675 3210 1891 3278 quidem
1920 3212 2064 3265 omni

2185 3205 2232 3255 ὲν
2276 3202 2459 3257 ἀνέσει
2502 3201 2653 3253 ἔσται
2687 3202 2715 3251 ό
2757 3199 2963 3262 δίκαιος
3008 3198 3132 3252 ἄνευ
3182 3197 3415 3268 πολέμου
3463 3197 3519 3249 ἐν
3567 3198 3762 3266 εἰρήνῃ

504 3295 847 3360 possessione
877 3296 1156 3368 gloriaque
1187 3299 1345 3371 longe
1376 3298 1566 3354 melius
1598 3310 1681 3356 est
1713 3315 1926 3355 servum
1953 3315 2074 3358 esse

509 3384 602 3439 Dei
652 3404 667 3440 ε
722 3386 875 3455 cujus
928 3390 1005 3443 rei
1060 3392 1489 3461 magnitudinem
1542 3393 1800 3447 Servator
1857 3409 2075 3463 quoque

500 3477 757 3545 exposuit
812 3481 1163 3544 astantibus,
1214 3482 1459 3537 dicens;
1512 3481 1617 3536 Vos
1665 3500 1745 3537 me
1800 3483 2073 3551 appellatis

505 3569 789 3622 Dominum
804 3580 850 3624 et
884 3572 1219 3639 Magistrum,
1253 3582 1303 3627 et
1343 3576 1466 3629 bene
1490 3574 1686 3637 dicitis,
1708 3591 1823 3628 sum
1848 3576 1981 3629 enim
2005 3577 2072 3629 ⁸⁸.

503 3658 645 3713 Nihil
674 3659 890 3715 demum
921 3672 1203 3730 tanmpere
1242 3664 1427 3720 hostes
1458 3675 1677 3722 nostros
1706 3664 1892 3736 fugat,
1917 3680 2076 3734 quam

400 3750 401 3753 “
502 3750 764 3819 spiritalis
815 3754 1118 3810 meditatio.

1004 4018 1324 4074 PSALMUS
1354 4017 1582 4074 CXLIII.

581 4110 637 4165 Si
669 4110 830 4180 huius
852 4112 1044 4181 psalmi
1074 4113 1463 4166 continentiam
1487 4114 1553 4167 ad
1575 4112 1825 4167 Davidem
1853 4112 2079 4180 referas,

509 4206 811 4272 praesertim
846 4204 971 4272 quia
1009 4205 1061 4257 in
1114 4204 1389 4259 nonnullis
1439 4204 1843 4272 exemplaribus
1882 4204 2080 4257 inscri-

508 4299 657 4351 hitur
694 4297 761 4352 de
784 4296 1029 4363 Goliath,
1078 4297 1225 4353 dices
1248 4297 1513 4367 psalmum
1548 4296 1734 4351 Davidi
1760 4312 2079 4367 congruere,

508 4389 621 4453 qui,
652 4399 711 4443 ut
742 4399 820 4445 est
854 4390 906 4442 in
949 4390 1202 4453 historia,
1236 4389 1413 4442 virum
1452 4389 1597 4442 illum
1634 4388 1764 4442 vicit
1795 4404 1900 4442 non
1933 4402 2084 4442 com-

2175 3295 2395 3364 διάγων.
2441 3292 2869 3362 Ἐκκαλούμενος
2895 3290 2950 3342 δὲ
2976 3289 3111 3359 πρὸς
3137 3289 3197 3341 τὸ
3228 3288 3508 3340 ἐπινεῦσαι
3533 3286 3623 3339 τὸν
3662 3304 3762 3338 πα-

2180 3386 2599 3458 ρακαλούμενον,
2629 3384 2874 3453 ἐπήγαγε
2902 3381 2983 3443 τὸ,
3018 3380 3144 3433 ’Ότι
3170 3384 3202 3433 ό
3236 3379 3450 3443 δοῦλός
3497 3394 3612 3432 σου
3646 3376 3762 3446 εἰμὶ

2177 3480 2308 3549 ἐγώ.
2344 3478 2652 3549 Κτημάτων
2676 3476 2732 3528 δὲ
2766 3476 2858 3528 καὶ
2892 3473 3223 3543 αὐχημάτων
3255 3472 3315 3525 τὸ
3346 3472 3596 3541 μέγιστον
3621 3487 3760 3540 χρητ

2182 3572 2405 3643 ματίσαι
2456 3569 2591 3623 Θεοῦ
2633 3568 2837 3621 δοῦλον.
2883 3566 3129 3619 Δείκνυσι
3176 3564 3232 3617 δέ
3278 3564 3337 3616 τὸ
3381 3563 3607 3634 μέγεθος
3637 3561 3761 3614 τού-

2178 3683 2270 3719 του
2297 3664 2390 3717 καὶ
2415 3664 2443 3715 ὁ
2477 3662 2668 3732 Σωτὴρ
2694 3661 2867 3728 λέγων
2908 3661 3020 3722 τοῖς
3068 3656 3314 3711 συνοῦσιν
3341 3655 3489 3726 αὐτῷ
3514 3673 3527 3685 ·
3566 3653 3764 3722 ’ἴᾉεῖς

2180 3752 2426 3825 φωνεῖτέ
2450 3770 2525 3823 με
2550 3756 2583 3806 ό
2605 3752 2820 3820 Κύριος
2840 3749 2937 3802 καὶ
2966 3752 2998 3802 ό
3020 3746 3410 3811 Διδάσκαλος,
3441 3744 3537 3798 καὶ
3564 3743 3764 3808 καλῶς

2180 3846 2403 3914 λέγετε,
2420 3843 2533 3913 εἰμὶ
2552 3842 2664 3912 γάρ
2684 3858 2697 3873 ·
2720 3842 2871 3895 οὐδὲν
2891 3840 3063 3904 οὓτως
3086 3838 3376 3893 ἀποδιώκει
3392 3839 3514 3901 τοὺς
3536 3836 3765 3907 ἐχθροὺς

2182 3937 2358 4009 ἡμῶν,
2402 3936 2477 3999 ὠς
2509 3936 2709 4007 θεωρία
2749 3936 3091 4004 πνευματική
3123 3935 3254 4004 (17).

2723 4024 3010 4078 ΨΑΛΜυΣ
3053 4027 3151 4079 ΡΜ
3159 4028 3231 4079 Γ’.

2254 4122 2316 4173 Εἰ
2357 4120 2454 4191 μὲν
2497 4119 2791 4190 ἀναφέρεις
2836 4119 3006 4172 ταῦτα
3052 4117 3145 4170 ἐπὶ
3177 4117 3266 4170 τὸν
3304 4114 3485 4179 Δαυῒδ,
3530 4113 3766 4185 μάλιστα

2184 4213 2262 4265 ὅτι
2300 4212 2443 4265 κατά
2471 4228 2593 4264 τινα
2633 4210 2739 4264 τῶν
2784 4212 3130 4286 ἀντιγράφων
3178 4209 3575 4281 ἐπιγέγραπται
3629 4205 3765 4273 πρὸς

2185 4304 2275 4357 τὸν
2312 4303 2528 4369 Γολιάθ,
2564 4306 2711 4374 ἐρεῖς
2740 4302 2999 4373 ἁρμόζειν
3032 4300 3199 4370 αὐτῷ,
3229 4300 3370 4352 κατά
3395 4298 3492 4369 τὴν
3524 4297 3766 4366 ἱστορίαν

2186 4398 2495 4468 νενικηκότι
2520 4396 2609 4449 τὸν
2638 4395 2807 4466 ἄνδρα
2829 4394 2889 4447 οὐ
2934 4398 3001 4465 τῇ
3037 4396 3188 4463 κοινῇ
3222 4390 3541 4461 παντευχίᾳ,
3582 4405 3765 4443 πεποι-

510 4482 656 4535 muni
691 4492 964 4535 armatura
993 4522 1007 4547 ,
1044 4483 1138 4536 sed
1175 4496 1270 4535 sua
1320 4496 1445 4548 erga
1495 4481 1660 4535 Deum
1707 4480 1896 4533 fiducia
1933 4499 1945 4533 :
1976 4495 2080 4549 quo

2188 4487 2343 4559 θήσει
2399 4488 2457 4541 δέ
2508 4490 2576 4559 τῇ
2630 4488 2722 4539 ἐπὶ
2764 4485 2854 4538 τὸν
2894 4485 3066 4537 Θεόν·
3113 4484 3171 4535 ὃν
3211 4482 3397 4553 ὥσπερ
3450 4478 3766 4533 διδάσκαλον

509 4573 611 4626 sibi
664 4573 925 4643 magistro
956 4584 1269 4642 assumpto,
1320 4581 1449 4626 tunc
1498 4573 1721 4641 quidem
1770 4571 2080 4625 Goliathum

2189 4548 2644 4651 ἐπιγραφόμενος,
2698 4579 2818 4631 τότε
2879 4576 2977 4647 μὲν
3023 4576 3113 4628 τὸν
3159 4548 3461 4643 Γολιάθντῇ
3508 4573 3767 4642 σφενδόνῃ

508 4664 670 4718 funda
724 4666 889 4731 ictum
944 4665 1252 4732 interfecit;
1304 4664 1439 4718 alias
1489 4678 1617 4718 vero
1661 4665 1713 4718 in
1756 4678 1886 4733 agro
1937 4663 2087 4718 feras

509 4757 854 4825 strangulans
884 4756 1186 4811 interemit.
1223 4757 1415 4811 Docuit
1439 4771 1564 4810 vero
1595 4756 1935 4825 potissimum
1965 4756 2083 4809 haec

507 4864 705 4915 canere
730 4850 795 4903 ad
822 4850 1160 4918 psalterium,
1194 4866 1315 4905 cum
1367 4850 1614 4903 manibus
1658 4848 1954 4918 digitisque
1987 4862 2083 4917 pro

509 4942 715 5013 plectro
746 4952 925 5007 utens,
946 4943 1250 5011 invisibiles
1280 4944 1553 5005 daemonas
1575 4941 1791 4995 Saulem
1821 4954 2083 5001 vexantes

511 5033 733 5103 fugavit.
757 5035 911 5100 Quod
944 5037 987 5090 si
1015 5037 1082 5089 ad
1107 5036 1351 5105 quemvis
1377 5036 1579 5103 justum
1618 5036 1729 5089 haec
1757 5034 2081 5100 referantur,

510 5125 659 5179 dices
680 5135 905 5193 cunctas
932 5126 1171 5189 hominis
1201 5127 1307 5180 Deo
1331 5127 1507 5181 dilecti
1538 5128 1781 5181 actiones
1806 5128 1857 5181 in
1888 5128 2085 5191 adver-

508 5216 779 5271 sariarum
812 5226 1143 5286 potestatum
1180 5217 1403 5270 exitium
1433 5230 1680 5286 vergere,
1706 5218 1813 5271 Deo
1844 5219 1965 5285 ipso.
1992 5218 2089 5272 has

513 5325 769 5363 manuum
829 5309 1177 5381 Operationes
1222 5308 1507 5373 dirigente.
1543 5310 1750 5383 Digitos
1782 5310 1900 5379 ejus
1932 5310 2086 5374 dicit,

509 5419 669 5472 opera
685 5405 851 5460 etiam
870 5386 1087 5471 minima
1103 5404 1349 5469 ltutnanze
1366 5402 1489 5454 vitm
1505 5386 1859 5461 denotatis.Et
1873 5404 2087 5474 quidem

513 5513 767 5552 tuannum
802 5512 1020 5552 suarum
1052 5496 1371 5549 extensione
1416 5495 1627 5564 Moyses
1661 5496 1989 5552 Amalecitas
2032 5495 2082 5548 in

2188 4672 2401 4726 καθεῖλε
2443 4670 2649 4743 βαλών’
2697 4670 2881 4725 ἄλλοτε
2929 4669 2985 4722 δὲ
3031 4668 3155 4731 τοὺς
3206 4668 3324 4720 κατ’
3379 4664 3546 4736 ἀγρὸν
3595 4663 3767 4733 θῆρας

2187 4769 2307 4829 ταῖς
2324 4766 2477 4835 χερσὶ
2506 4764 2712 4832 πνίγων
2728 4764 2942 4834 ἀνῄρει.
2962 4762 3206 4830 Ἔπρεπε
3234 4760 3291 4812 δὲ
3318 4757 3551 4829 μάλιστα
3581 4756 3673 4809 ἐπὶ
3698 4757 3764 4823 τῇ

2188 4857 2281 4911 τοῦ
2311 4856 2610 4929 ψαλτηρίου
2655 4854 2983 4926 ἀνακρούσει
3010 4852 3183 4908 ταῦτα
3221 4851 3401 4920 λέγειν
3425 4848 3606 4910 αὑτὸν,
3655 4848 3765 4907 ὅτε,

2188 4954 2305 5017 ταῖς
2369 4950 2525 5021 χερσὶ
2568 4948 2663 5002 καὶ
2704 4951 2814 5011 τοῖς
2855 4946 3135 5008 δακτύλοις
3184 4945 3303 4997 ἀντὶ
3348 4942 3441 4995 τοῦ
3492 4941 3767 5011 πλήκτρου

2192 5042 2492 5114 χρώμενος,
2520 5043 2647 5105 τοὺς
2676 5041 2939 5112 ἀοράτους
2962 5038 3218 5109 δαίμονας
3252 5034 3447 5106 ἤλαυνε
3487 5032 3564 5103 τῷ
3598 5031 3768 5085 Σαοῦλ

2192 5134 2559 5204 ἐνοχλοῦντας.
2610 5135 2672 5186 El
2713 5132 2756 5185 δ’
2804 5133 2896 5185 ἐπὶ
2943 5132 3120 5185 πάντα
3164 5129 3371 5181 δίκαιον
3416 5127 3669 5195 ἀνάγοιτο
3702 5123 3770 5176 τὰ

2198 5228 2357 5298 ῥητὰ,
2385 5229 2527 5297 ἐρεῖς
2554 5225 2731 5288 πάσας
2771 5222 2865 5281 τοῦ
2895 5220 3173 5290 θεοφιλοῦς
3201 5220 3427 5291 πράξεις
3452 5218 3770 5287 καθαίρεσιν

2194 5320 2302 5372 τῶν
2346 5317 2734 5387 ἀντικειμένων
2764 5315 3045 5386 δυνάμεων
3087 5315 3351 5384 ἐνεργεῖν,
3393 5312 3487 5364 τοῦ
3526 5309 3660 5363 Θεοῦ
3689 5309 3769 5361 δι-

2194 5409 2462 5479 δασκάλου
2503 5410 2601 5481 τῆς
2650 5407 2863 5477 τοιᾶσδε
2917 5406 3024 5459 τῶν
3067 5405 3266 5479 χειρῶν
3314 5404 3587 5466 ἐκτάσεως
3630 5418 3771 5471 γινο-

2197 5502 2391 5571 μένου·
2440 5502 2562 5565 τοὺς
2617 5501 2674 5554 δὲ
2722 5497 3015 5563 δακτύλους
3066 5498 3231 5553 αὑτοῦ
3298 5497 3395 5559 τὰς
3447 5496 3609 5567 μέχρι
3662 5491 3771 5545 τῶν

582 5610 632 5642 ⁸³
667 5607 941 5673 Joanmv,
977 5606 1028 5662 6.
1107 5603 1313 5658 l“I‘sal.
1348 5622 1501 5668 (χιιι,
1544 5608 1588 5660 I.
1665 5608 1709 5637 ⁸⁵
1759 5606 1915 5661 Joan.
1948 5624 2067 5674 xm,
2098 5611 2186 5665 1'5.

584 5746 697 5817 (t6)
738 5748 793 5800 In
831 5745 1012 5817 codice
1060 5758 1270 5817 carioso
1323 5746 1513 5817 lacuna
1560 5748 1843 5817 suppletur
1889 5767 2077 5805 recen-

516 5813 865 5881 tioic'mantt
903 5813 1284 5889 $05376pr...
1337 5816 1448 5887 Ego
1494 5813 1678 5873 tamen
1724 5820 1887 5877 tttului
1931 5822 2083 5887 φθει-

2191 5769 2804 5883 ρλιίῖζῐίλιιίιιιίιιιιυιιο
2853 5820 2952 5883 piae
2984 5817 3351 5875 meditationis
3382 5813 3617 5873 laudent.
