3968 6502
213 420 274 475 55
1333 417 1839 474 COMMENTARIA
1880 418 1945 475 IN
1981 418 2320 477 PSALMOS.
3382 428 3451 482 54

207 538 539 612 μικροτάτων
577 537 855 609 ἐνεργείας
885 538 994 590 τῶν
1025 539 1166 593 κατά
1190 540 1279 594 τὸν
1306 540 1643 612 ἀνθρώπινον
1669 541 1781 611 βίον

1897 546 2065 616 lugam
2098 547 2365 601 vertebat.
2404 545 2615 601 Videsis
2647 547 2810 601 etiam
2860 561 2926 600 ne
2979 547 3118 605 forte
3161 550 3231 605 sit
3291 552 3450 607 Chri-

202 630 422 701 ἐδήλωσε
442 646 454 655 ·
510 629 608 681 καὶ
648 630 890 700 Μωῦσῆς
934 630 991 683 δὲ
1018 630 1115 694 τὰς
1140 635 1325 703 χεῖρας
1349 632 1602 685 ἐκτείνων
1626 633 1777 704 ἐτρο-

202 722 353 778 ποῦςο
390 721 485 774 τὸν
544 721 811 792 Ἀμαλήκ.
864 721 1006 793 Ὅρα
1046 722 1101 776 δὲ
1134 723 1207 795 μὴ
1250 725 1483 792 Χριστὸς
1513 727 1541 778 6
1582 724 1774 793 λέγων,

202 813 615 888 τροπωσάμενος
647 814 775 876 τοὺς
812 813 1078 885 ἀοράτους
1119 813 1347 886 ἐχθρούς
1370 832 1383 845 ·
1428 815 1577 887 δηλοί
1616 816 1725 888 γὰρ
1748 817 1778 869 6

203 906 414 976 ψαλμὸς,
446 904 525 968 ὡς
565 903 928 976 δειχθήσεται,
972 904 1067 958 καὶ
1095 905 1323 959 κάθοδον
1368 906 1532 961 αὑτοῦ
1575 908 1673 979 τὴν
1718 906 1777 974 ἐξ

203 996 436 1068 ούρανοῦ,
488 998 586 1049 καὶ
626 997 836 1069 τροπὴν
888 996 1180 1067 δαιμόνων,
1217 998 1311 1052 καὶ¹
1354 998 1544 1070 κλῆσιν
1587 998 1776 1065 ὲθνῶν,

206 1092 285 1144 καὶ
325 1088 415 1141 δύο
455 1088 646 1152 λαούς.

376 1182 438 1234 '0
462 1179 836 1235 ὐποτὰσσων
864 1180 971 1233 τὸν
993 1182 1148 1235 λαόν
1171 1198 1291 1249 μου
1335 1183 1437 1235 ὑπ’
1475 1180 1598 1251 ἐμέ.

265 1273 388 1328 Θεοῦ
423 1275 545 1326 ἐστι
583 1273 645 1325 τὸ
695 1273 1021 1326 ὑποτάσσειν
1058 1273 1149 1326 τὸν
1181 1273 1376 1327 ἑαυτοῦ
1413 1273 1541 1327 λαὸν
1570 1272 1779 1345 ἀνθρώ-

210 1381 345 1427 ποις·
373 1366 511 1435 ὅπερ
539 1365 590 1416 εί
619 1365 695 1436 μὴ
735 1366 799 1417 ὲκ
842 1364 977 1417 Θεοῦ
1020 1366 1241 1433 γίνοιτο,
1277 1366 1377 1419 οὑκ
1404 1344 1476 1420 ’ἄν
1516 1383 1645 1419 ποτε
1675 1344 1780 1435 γέ-

212 1473 335 1509 νοιτο
350 1455 460 1525 (I8)
478 1473 491 1485 ·
522 1456 648 1509 οὑδὲ
664 1457 771 1527 γὰρ
794 1456 1036 1527 Μωῦσῆς
1061 1458 1305 1529 ἡγήσατο
1326 1457 1390 1513 ἂν
1408 1456 1500 1511 τοῦ
1525 1458 1777 1512 τοσούτου

213 1548 446 1619 πλήθους,
483 1548 565 1620 μὴ
592 1546 688 1602 τοῦ
718 1548 927 1618 Κυρίου
968 1548 1333 1615 ὑποτάξαντος
1360 1549 1506 1621 αὑτῷ
1532 1551 1621 1603 τὸν
1654 1552 1780 1604 ἑαυ-

210 1641 290 1695 τοῦ
322 1640 465 1704 λαὸν,
497 1640 564 1693 οὑ
593 1640 661 1694 δι’
688 1640 866 1694 ὅπλων
906 1641 938 1710 ἢ
981 1640 1070 1695 διὰ
1114 1642 1471 1712 παρατάξεως
1503 1642 1778 1714 ἀνθρωπί-

213 1732 420 1803 νηςμδιά
443 1733 501 1786 δὲ
546 1734 647 1805 τῆς
684 1733 995 1804 κρείττονος
1038 1733 1339 1805 δυνάμεως.

212 1826 387 1894 Κύριε,
426 1825 488 1877 τί
519 1824 701 1878 ἐστιν
740 1824 1069 1905 ἄνθρωπος,
1116 1826 1204 1879 ὅτι
1241 1824 1551 1895 ἐγνώσθης
1583 1825 1779 1892 αὑτῷ;

270 1917 602 1972 Πυνθάνεται
624 1916 825 1985 όλόγος
845 1894 1387 1990 ἐρωτηματικῶςτὸ,
1413 1918 1464 1971 τί
1506 1919 1653 1972 ἔστιν
1690 1920 1780 1973 ἄν·
1814 1894 1854 1948 Β

214 2010 426 2081 θρωπος,
450 2011 609 2081 ἡμᾶς
634 2008 841 2074 διδάξαι
870 2010 1210 2081 βουλόμενος,
1237 2012 1319 2064 ὅτι
1341 2011 1485 2081 μέγα
1503 2029 1551 2063 τι
1570 2010 1780 2081 ἄνθρω-

214 2118 326 2165 πος’
351 2102 407 2154 οὑ
468 2101 585 2172 γὰρ
643 2102 711 2155 ἂν
755 2100 999 2173 ἐχώρησε
1039 2102 1172 2155 Θεοῦ
1211 2101 1433 2170 γνῶσιν,
1474 2102 1579 2155 οὐδ’
1621 2102 1685 2155 ἂν
1735 2104 1782 2155 ἐ-

215 2194 401 2265 μνήσθη
418 2194 593 2249 αὑτοῦ
618 2196 646 2248 6
662 2194 793 2257 Θεὸς
808 2194 1000 2260 οὕτως,
1017 2194 1092 2258 ὡς
1110 2195 1201 2248 καὶ
1219 2196 1440 2266 Σωτῆρα
1464 2195 1557 2249 καὶ
1571 2198 1781 2267 Λυτρω-

213 2287 295 2354 τὴν
322 2286 704 2351 ἐξαποστεῖλαι
748 2286 897 2357 αὑτῷ
932 2287 1023 2340 τὸν
1054 2287 1247 2341 ἑαυτοῦ
1282 2288 1471 2357 Λόγον.
1521 2288 1783 2359 Παραινεῖ

212 2377 257 2429 δὲ
285 2380 336 2431 ὲν
368 2378 445 2449 τῷ
475 2378 635 2449 αὑτῷ
678 2379 770 2432 καὶ
808 2380 1032 2451 μηδενὸς
1076 2379 1363 2450 ἀνθρώπου
1399 2381 1779 2451 καταφρονεῖν,

214 2472 290 2523 καί
324 2472 398 2524 ὅτι
441 2472 641 2544 μηδεὶς
684 2472 832 2539 ἀξιον
860 2472 1116 2543 κατορθοῖ
1136 2473 1235 2543 τῆς
1273 2472 1528 2543 τοιαύτης
1563 2473 1782 2544 εὑεργε-

216 2579 336 2626 σιας.

289 2656 474 2725 Κύριε,
512 2656 1061 2726 κλῖνονρὺρανούς
1084 2672 1221 2720 σου,
1256 2657 1352 2709 καὶ
1380 2656 1685 2724 κατάϐηθι.

274 2735 473 2819 Σφόδρα
514 2748 837 2817 ἀναγκαίως
868 2749 960 2802 καὶ
991 2747 1302 2812 ἀκολούθως
1334 2747 1529 2821 [λέγει]
1561 2748 1655 2800 καὶ
1686 2748 1784 2799 αὑ-

218 2839 290 2892 τὸν
320 2841 626 2912 καταϐῆναι
663 2841 754 2893 τὸν
804 2840 898 2894 τοῦ
932 2841 1067 2894 Θεοῦ
1113 2841 1282 2909 Λόγον
1331 2842 1409 2904 εἰς
1468 2839 1785 2911 καθαίρεσιν

217 2930 305 2982 τῶν
328 2931 607 3002 πολεμίων
626 2949 639 2961 ·
670 2934 717 2985 εί
745 2932 854 3005 γὰρ
882 2934 975 2986 καὶ
999 2932 1067 2987 τά
1090 2932 1344 3003 μάλιστα,
1366 2934 1524 3002 φησὶ,
1544 2932 1786 2984 διδάσκει

217 3022 298 3086 τὰς
318 3023 449 3094 ὲμάς
473 3028 671 3097 χεῖρας
695 3026 787 3079 καὶ
830 3026 955 3091 τοὺς
992 3024 1287 3088 δακτύλους
1317 3026 1465 3087 ὅπως
1491 3025 1596 3096 χρὴ
1629 3024 1787 3076 πολε-

220 3119 340 3183 μεῖν,
370 3116 502 3169 άλλά
531 3119 635 3171 καὶ
664 3118 747 3180 τίς
792 3119 941 3189 ἰσχὺς
989 3118 1297 3189 ἀνθρώπου,
1330 3118 1424 3171 καὶ
1464 3116 1602 3186 πόση
1630 3115 1787 3169 δύνα-

221 3225 297 3277 μις
327 3209 414 3262 τοῦ
438 3209 643 3281 θνητοῦ
678 3212 772 3265 καὶ
804 3211 1125 3283 ματαιότητι
1151 3209 1527 3280 ὁμοιωθέντος,
1562 3208 1697 3279 πρὸς
1727 3206 1787 3259 τὸ

218 3297 482 3372 δυνηθῆναι
529 3306 725 3374 στῆναι
768 3301 909 3356 κατά
951 3303 1047 3373 τῆς
1095 3303 1359 3372 τοσαύτης
1399 3300 1784 3372 παρατάξεως;

220 3389 285 3443 διὸ
315 3396 373 3447 σὺ
413 3395 602 3459 αὑτὸς,
638 3389 682 3448 ὦ
710 3394 902 3466 Κύριε,
945 3394 1121 3447 κλῖνον
1169 3395 1452 3466 οὐρανοὺς,
1486 3394 1584 3446 καὶ
1618 3391 1788 3444 κατά-

222 3484 343 3554 ϐηθι.
376 3488 657 3559 υύρανοὺς
688 3486 744 3540 δέ
792 3504 923 3558 φησι
964 3487 1061 3549 τὰς
1106 3486 1495 3556 ὲπινοουμένας
1538 3487 1596 3537 ἐν
1641 3482 1788 3553 αὑτῷ

221 3574 485 3647 δυνάμειςο
526 3580 607 3642 ὡς
639 3580 697 3632 δὲ
746 3581 929 3651 πατὴρ
976 3578 1210 3650 νηπίοις,
1258 3580 1353 3631 καὶ
1395 3578 1471 3641 ὡς
1519 3576 1789 3648 μαθηταῖς

220 3665 511 3735 διδάσκαλος
561 3672 1007 3739 συγκαταϐαίνει.

353 3761 821 3827 Ἐξαπόστειλον
849 3762 965 3830 τὴν
989 3762 1158 3831 χεῖρά
1184 3778 1301 3817 σου
1329 3763 1397 3826 ἐξ
1426 3763 1644 3831 ὕψους.

290 3852 716 3919 Ἐξαπόστειλον,
746 3856 909 3925 φησὶν
934 3857 963 3907 6
994 3855 1225 3926 ψαλμὸς,
1260 3856 1358 3927 τὴν
1387 3856 1673 3925 ποιητικὴν
1698 3856 1790 3909 καὶ

225 3944 544 4019 φυλακτικὴν
590 3947 699 4000 τῶν
746 3946 883 4001 ὅλων
918 3950 1077 4018 χεῖρα
1123 3948 1213 4000 ἐπὶ
1259 3946 1337 4017 τῷ
1385 3947 1663 4013 ἐξελέσθαι
1697 3947 1791 4000 καὶ

225 4035 466 4105 ῥύσασθαί
502 4056 577 4109 με
606 4038 671 4092 ὲκ
697 4039 806 4091 τῶν
853 4038 1061 4092 πολλῶν
1091 4038 1296 4093 ὑδάτων
1324 4041 1417 4093 καὶ
1453 4038 1562 4092 τῶν
1592 4039 1792 4110 χειρῶν

224 4128 314 4183 τῶν
333 4131 631 4203 ἀλλοτρίων
651 4131 781 4184 υἱῶν
800 4148 812 4161 ·
842 4130 1063 4184 δυνατὸν
1090 4130 1145 4183 δὲ
1171 4131 1231 4183 τὸ
1256 4131 1313 4197 ἐξ
1343 4131 1548 4185 ὑδάτων
1582 4130 1792 4183 πολλῶν

226 4222 461 4294 ῥυσθῆναι
495 4226 674 4277 εἰπεῖν
703 4222 810 4277 τῶν
842 4222 1092 4295 πονηρῶν
1124 4224 1404 4295 δυνάμεων
1435 4223 1529 4277 καὶ
1560 4224 1653 4275 τοῦ
1675 4224 1793 4275 δια-

224 4313 361 4368 δόλου
389 4317 481 4369 τοῦ
533 4314 796 4385 βασιλέως
833 4315 1051 4368 πάντων
1101 4314 1211 4368 τῶν
1252 4315 1540 4369 τοιούτων’
1579 4315 1792 4386 ἐξαιρε-

226 4404 360 4477 θῆναι
380 4409 435 4462 δὲ
463 4411 563 4463 καὶ
589 4410 652 4462 ὲκ
672 4408 854 4479 χειρὸς
875 4408 980 4461 τῶν
1004 4407 1298 4479 ἀλλοτρίων
1326 4407 1475 4471 υἱῶν,
1505 4406 1613 4459 τῶν
1644 4410 1795 4479 ἐνερ-

226 4502 482 4571 γουμένων
532 4502 627 4554 ὑπ’
666 4500 844 4553 αὑτῶν
881 4499 1217 4571 ἀνθρώπων
1255 4499 1353 4563 τὰς
1400 4501 1795 4563 ἐπαναστάσεις

1879 646 2017 703 stus,
2084 638 2173 707 qui
2234 638 2368 693 ait:
2423 638 2476 692 in
2537 638 2721 707 fugam
2786 638 3083 707 conjiciens
3150 639 3452 697 invisibiles

1882 728 2091 783 hostes.
2122 727 2257 782 Nam
2290 728 2551 797 psalmus,
2584 738 2642 783 ut
2671 728 3155 796 demonstrabitur,
3206 741 3263 787 et
3304 735 3451 789 redi-

1882 827 1994 874 tum
2054 818 2172 888 ejus
2232 820 2299 875 de
2375 818 2561 886 caelo,
2625 832 2681 875 et
2754 819 2935 891 fugam
2992 822 3344 892 daemonum,
3399 835 3453 881 et

1879 907 2117 977 gentium
2163 910 2538 979 vocationem,
2588 911 2724 967 duos
2769 909 3003 982 denique
3053 913 3302 983 populos,
3352 915 3450 970 de-

1880 1008 2053 1054 notat.

1951 1184 2117 1239 Vens.
2153 1182 2210 1237 2.
2256 1183 2359 1250 Qui
2379 1183 2609 1237 subdidit
2639 1181 2890 1252 populum
2925 1198 3093 1235 meum
3138 1182 3233 1235 sub
3277 1197 3380 1237 me.

1953 1275 2048 1331 Dei
2081 1284 2166 1330 est
2190 1276 2446 1345 populum
2470 1290 2627 1329 suum
2660 1274 2967 1328 hominibus
2991 1272 3277 1340 subjicere,
3310 1274 3452 1344 quod

1882 1368 1987 1423 nisi
2016 1382 2045 1421 a
2078 1366 2186 1422 Deo
2213 1368 2323 1429 flat,
2356 1382 2631 1436 nunquam
2690 1366 2800 1421 ﬁet.
2853 1365 2983 1420 Nam
3030 1379 3202 1435 neque
3246 1364 3454 1436 Moyses

1882 1460 2043 1515 talem
2119 1468 2435 1530 tantamque
2508 1458 2910 1513 multitudinem
2988 1457 3273 1523 rexisset,
3346 1455 3451 1512 nisi

1880 1552 1930 1606 ei
1977 1549 2240 1607 Dominus
2296 1551 2549 1622 populum
2583 1565 2740 1605 suum
2796 1549 3145 1614 subdidisset,
3203 1564 3309 1603 non
3361 1564 3452 1604 ar-

1882 1646 1986 1701 llis
2044 1660 2220 1715 neque
2267 1645 2547 1701 hominum
2600 1644 2886 1711 exercitu,
2942 1644 3036 1700 sed
3088 1642 3311 1699 meliore
3360 1658 3457 1715 ρος

1885 1737 2075 1791 tentia.

1882 1826 2048 1891 Vens,
2081 1826 2136 1879 2.
2165 1825 2405 1895 Domine,
2427 1826 2555 1896 quid
2579 1835 2654 1880 est
2681 1826 2858 1892 homo,
2885 1826 3012 1895 quia
3052 1826 3331 1881 innotuisti
3358 1825 3406 1880 ei
3433 1826 3457 1879 7

1953 1919 2345 1987 lnterrogativo
2395 1918 2556 1972 modo
2598 1918 2790 1988 quaerit
2828 1918 3155 1982 Psalmista,
3203 1918 3330 1988 quid
3386 1918 3459 1971 sit

1883 2011 2079 2077 homo;
2114 2010 2311 2065 docere
2335 2024 2433 2065 nos
2460 2009 2668 2072 volens,
2700 2025 2954 2079 magnum
2977 2010 3105 2080 quid
3132 2023 3253 2064 esse
3282 2009 3459 2063 homi-

1884 2119 2028 2159 nem.
2059 2103 2230 2158 Secus
2261 2082 2429 2168 enim,
2467 2118 2641 2173 neque
2671 2102 2786 2172 ipse
2812 2103 2904 2158 Dei
2930 2104 3177 2156 notitiam
3209 2112 3455 2173 caperet,

1883 2211 2057 2266 neque
2089 2197 2234 2251 Deus
2280 2205 2562 2265 tantopere
2613 2195 2732 2265 ejus
2779 2196 3139 2263 meminisset,
3180 2206 3241 2251 ut
3288 2196 3456 2250 etiam

1884 2287 2226 2341 Servatorem
2256 2285 2778 2355 Redemptoremque
2817 2286 2865 2340 ci
2908 2288 3141 2341 mitteret
3182 2288 3457 2356 proprium

1884 2377 2144 2432 Verbum.
2173 2376 2353 2431 Monet
2388 2378 2546 2432 simul
2576 2393 2644 2432 ne
2665 2392 2994 2446 quemquam
3024 2377 3294 2431 hominem
3328 2391 3459 2429 con-

1887 2478 2234 2533 temnamus;
2286 2479 2342 2524 et
2388 2471 2530 2539 quod
2575 2485 2735 2527 nemo
2764 2470 3028 2526 beneﬁcio
3060 2480 3212 2524 tanto
3237 2469 3457 2538 dignum

1884 2561 2087 2629 aliquid
2118 2572 2263 2631 agat.
3266 2616 3283 2635 ,

1887 2654 2051 2709 Vens.
2090 2654 2145 2709 5.
2202 2654 2441 2719 Domine,
2486 2655 2683 2709 inclina
2725 2657 2877 2711 mlo:
2921 2665 3060 2720 tuos,
3108 2664 3155 2708 et
3188 2653 3457 2707 descende.

1955 2744 2275 2803 Necessario
2292 2747 2578 2801 admodum
2596 2758 2651 2803 et
2666 2759 3028 2804 consentanee
3048 2746 3250 2818 [dicit],
3284 2747 3460 2814 ipsum

1887 2839 2233 2894 descendisse
2271 2839 2360 2894 Dei
2412 2838 2649 2894 Verbum
2709 2842 2775 2895 ad
2835 2841 3072 2895 hostium
3128 2840 3460 2893 destructio-

1889 2948 2033 2987 nem.
2070 2933 2300 2987 Etiamsi
2335 2934 2503 2997 enim,
2553 2932 2751 3002 inquit,
2804 2932 3022 3001 egregie
3066 2930 3224 2983 docet
3269 2943 3460 2982 manus

1889 3040 2036 3080 meas
2066 3025 2133 3078 ad
2159 3025 2383 3089 bellum,
2434 3034 2673 3080 attamen
2696 3024 2953 3093 quantula
2982 3032 3066 3076 est
3097 3021 3177 3074 vis
3204 3019 3461 3082 hominis,

1890 3128 1946 3172 et
1972 3117 2221 3172 morituri
2260 3117 2435 3170 virtus
2466 3116 2557 3186 qui
2591 3116 2820 3169 vanitati
2863 3113 3057 3167 similis
3084 3122 3187 3175 est,
3216 3120 3273 3164 ut
3301 3119 3465 3162 tanta:

1894 3209 2134 3265 hostium
2160 3208 2295 3262 aciei
2327 3209 2583 3263 resistere
2610 3207 2827 3277 possit?
2863 3206 3005 3275 Ergo
3034 3216 3087 3258 tu
3124 3204 3260 3273 ipse,
3290 3202 3466 3255 Domi-

1890 3318 1982 3368 ne,
2018 3302 2186 3357 caelos
2211 3300 2435 3364 inclina,
2466 3311 2520 3355 ct
2563 3300 2852 3354 descende.
2881 3296 3061 3353 Caelos
3098 3306 3277 3349 autem
3312 3295 3464 3358 dicit,

1890 3412 2012 3464 qua:
2040 3394 2111 3448 ibi
2146 3393 2519 3464 intelliguntur
2541 3408 2663 3446 esse
2696 3400 3010 3459 potestates.
3043 3389 3214 3444 Porro
3245 3403 3343 3443 ceu
3370 3402 3466 3455 pa—

1892 3497 1973 3540 ter
2008 3486 2073 3539 ad
2106 3485 2360 3554 parvulos
2402 3484 2560 3548 ﬁlios,
2611 3500 2709 3539 ceu
2761 3484 2826 3538 ad
2869 3482 3165 3552 discipulos
3209 3479 3469 3549 magiSter

1890 3580 2189 3634 descendit.

2110 3764 2271 3820 Vens.
2321 3765 2372 3820 7.
2410 3764 2605 3818 Emitte
2624 3778 2837 3817 manuni
2861 3772 3005 3815 tuam
3030 3776 3094 3815 ea:
3125 3760 3253 3813 alto.

1963 3858 2183 3925 Emitte,
2228 3859 2303 3912 ait
2341 3859 2600 3929 psalmus,
2648 3858 3014 3928 operatricein
3069 3856 3464 3922 tutelaremque

1892 3951 2132 4005 omnium
2159 3965 2403 4017 manum,
2437 3961 2496 4004 ut
2525 3966 2687 4005 eruas
2726 3950 3032 4019 Iiberesque
3076 3963 3161 4002 me
3184 3947 3251 4001 de
3279 3946 3466 4000 multis

1894 4042 2167 4107 ﬂuctibus,
2190 4052 2245 4097 et
2268 4044 2568 4100 alienorum
2602 4042 2835 4097 ﬁliorum
2871 4042 3140 4096 manibus.
3182 4039 3299 4093 Jam
3335 4039 3472 4108 eripi

1894 4134 1960 4188 de
1996 4133 2489 4197 multis-ﬂuctibus,
2534 4134 2757 4202 intelligi
2797 4142 2975 4201 potest
3014 4132 3079 4185 de
3113 4130 3269 4185 malis
3320 4142 3475 4199 pote-

1895 4225 2143 4291 statibus,
2175 4236 2230 4279 et
2265 4226 2332 4279 de
2362 4227 2552 4279 harum
2606 4226 2847 4279 omnium
2897 4239 3023 4295 rege
3070 4223 3305 4278 diabolo.
3344 4223 3473 4276 Item

1896 4314 2113 4370 liberari
2151 4315 2218 4371 de
2246 4316 2547 4370 alienorum
2592 4314 2828 4368 filiorum
2864 4314 3134 4377 manibus,
3181 4326 3376 4380 nempe
3408 4310 3475 4363 de

1896 4409 2183 4465 commotis
2267 4410 2482 4463 illorum
2552 4413 2778 4464 obsessu
2858 4404 3189 4459 hominibus.
3260 4402 3474 4457 Etenim

1897 4500 2158 4569 impetum
2189 4502 2547 4554 tentationum
2573 4511 2739 4569 atque
2764 4498 3077 4568 impiorum,
3100 4512 3270 4564 aquas
3294 4493 3478 4563 appel-

227 4592 318 4663 γὰρ
358 4594 464 4647 τῶν
494 4594 822 4665 πειρασμῶν
854 4592 949 4645 καὶ
1000 4591 1108 4644 τῶν
1150 4591 1361 4644 ἀσεὸῶν
1395 4591 1564 4644 ὕδατα
1598 4591 1785 4647 ἐκάλερ

1897 4590 2052 4656 lavit,
2076 4599 2208 4645 utet
2239 4591 2365 4645 alibi
2398 4593 2473 4644 ait
2503 4605 2518 4644 :
2580 4589 2833 4645 Forsitan
2886 4604 3036 4658 aquae
3076 4587 3479 4641 submersiasent

229 4700 323 4746 σεν,
348 4685 419 4749 ὡς
454 4688 553 4740 καὶ
583 4685 815 4755 ἀλλαχοῦ
844 4701 1033 4755 φησιν’
1059 4684 1297 4753 Ἀρατὸ
1328 4683 1482 4751 ὕδωρ
1510 4684 1788 4736 κατεπόν-

227 4790 374 4829 τισεν
422 4776 618 4846 ἡμᾶς·
666 4778 758 4831 καὶ
803 4777 997 4830 πάλινο
1040 4774 1251 4831 Σῶσόν
1272 4792 1368 4844 με,
1424 4779 1455 4829 ό
1498 4776 1662 4839 Θεὸς,
1699 4774 1789 4828 ὅτι

228 4867 584 4935 εισήλθοσαν
619 4869 805 4922 ὕδατα
834 4868 943 4933 ἕως
976 4868 1185 4936 ψυχῆς
1208 4884 1355 4936 μου·
1390 4866 1696 4929 ἀκολούθως
1733 4868 1789 4920 δὲ

232 4959 350 5026 μετὰ
384 4963 482 5033 τὴν
525 4961 825 5014 κατάϐασιν
851 4960 946 5014 τοῦ
973 4960 1108 5013 Θεοῦ
1134 4960 1327 5028 Λόγου,
1374 4959 1472 5029 τὴν
1500 4958 1790 5028 ἐπιϐουλὴν

230 5049 321 5103 τῶν
370 5053 653 5109 ἀσεϐῶν...
700 5052 864 5106 αὐτοῦ
904 5071 1024 5124 τῳ..
1074 5051 1430 5121 θεασάμενος,
1468 5049 1537 5103 τὰ
1580 5048 1795 5121 προκεί-

234 5158 353 5211 μενα
383 5145 651 5213 θεσπίζει.

565 5238 747 5310 ’ῼὸὴν
792 5237 1012 5305 καινὴν
1042 5237 1266 5306 ᾇσομαί
1313 5251 1431 5291 σοι.

296 5330 456 5399 ’ᾼδει,
482 5334 579 5386 καὶ
605 5333 705 5402 τὴν
736 5331 926 5401 καινὴν
966 5329 1232 5400 διαθήκην
1274 5330 1332 5380 ἐν
1379 5332 1491 5390 τοῖς
1533 5328 1661 5397 περὶ
1703 5327 1802 5397 τῆς

235 5420 439 5476 καθόδου
462 5424 556 5477 τοῦ
582 5423 720 5477 Θεοῦ
744 5424 918 5491 Λόγου
946 5421 1444 5494 προφητευομένοις
1492 5438 1595 5490 μνη
1606 5436 1799 5489 μονευ-

237 5509 409 5581 θῆναι·
446 5516 524 5569 διὸ
557 5514 813 5586 δηλοῦται
861 5515 1000 5585 αὕτη
1038 5513 1129 5567 διὰ
1158 5512 1259 5584 τῆς
1300 5516 1491 5583 καινῆς
1513 5512 1675 5583 ᾠδῆς.
1703 5512 1795 5564 Ἑν

237 5602 303 5673 τῷ
334 5605 387 5659 δὲ
420 5608 597 5677 λέγειν
638 5607 853 5677 καινὴν,
885 5604 1236 5660 πεπαλαίωκε
1277 5604 1373 5675 τὴν
1422 5603 1665 5675 πρώτην,
1720 5601 1795 5664 ὣς

330 5746 374 5777 ¹⁴
412 5747 551 5802 Psal.
596 5763 788 5813 cum,
827 5747 881 5800 4.
954 5744 1187 5800 "Psal.
1233 5760 1422 5809 vaut,
1466 5743 1522 5796 ἓ.

1897 4701 1991 4738 nos
2012 4685 2076 4737 “.
2114 4683 2285 4738 Item:
2325 4683 2481 4738 Salva
2520 4700 2625 4747 me,
2668 4682 2920 4747 Domine,
2968 4681 3091 4750 quia
3148 4681 3479 4733 intraverunt

1899 4799 2051 4851 aqua:
2082 4798 2244 4849 usque
2273 4781 2339 4833 ad
2366 4782 2600 4833 animum
2631 4796 2798 4832 meam
2822 4779 2890 4831 ⁸⁷.
2922 4778 3299 4833 Consentanee
3350 4789 3479 4828 vero

1900 4884 2021 4943 post
2042 4874 2130 4926 Dei
2162 4873 2319 4926 Verbi
2337 4872 2685 4936 descensum,
2706 4872 2998 4941 impiorum
3023 4870 3248 4924 insidias
3268 4868 3479 4928 videns,

1902 4963 2272 5034 suprascripta
2303 4964 2657 5017 vaticinatur.

2078 5227 2241 5281 Vens.
2276 5226 2330 5282 9.
2375 5225 2651 5281 Canticum
2689 5243 2878 5281 novum
2917 5225 3144 5279 cantabo
3186 5224 3300 5279 tibi.

1974 5322 2156 5383 Canit,
2210 5337 2269 5376 se
2320 5336 2517 5397 novum
2565 5336 2781 5390 quinque
2828 5320 3007 5373 foedus
3056 5319 3108 5372 in
3151 5318 3238 5373 his
3266 5332 3385 5388 qua:
3414 5316 3484 5373 de

1899 5416 2075 5469 reditu
2109 5415 2203 5469 Dei
2244 5415 2404 5469 Verbi
2439 5416 2796 5478 vaticinatur,
2829 5413 3245 5467 memoravisse.
3273 5412 3484 5467 Idcirco

1906 5508 1958 5562 id
1996 5509 2175 5562 fmdus
2211 5524 2349 5563 novo
2383 5509 2600 5561 cantico
2651 5508 3076 5561 demonstratur.
3119 5506 3257 5561 Dum
3302 5513 3485 5560 autem

1904 5616 2102 5655 novum
2135 5600 2285 5666 dicit,
2318 5600 2469 5671 prius
2520 5600 2649 5653 illud
2702 5598 3035 5668 antiquavit,
3063 5607 3121 5654 ut
3148 5600 3224 5655 ait
3250 5600 3484 5670 Aposto-

305 5885 407 5953 (—l8)
452 5887 710 5959 Congruit
746 5887 1010 5944 Eusebius
1038 5901 1161 5940 cum
1189 5885 1313 5940 diro
1355 5884 1520 5941 I‘aulu
1547 5885 1699 5939 llotu.
1728 5899 1849 5951 Mli,
1896 5881 1942 5947 I,
1998 5882 2117 5937 Non
2146 5891 2218 5937 est
2252 5888 2477 5950 potestas
2508 5876 2605 5930 nisi
2638 5893 2668 5929 a
2695 5873 2823 5929 Deo.
