3968 6518
481 390 550 452 55
1167 383 1432 441 EUSEBII
1470 383 1929 441 CIESARIENSIS
1971 383 2121 439 ΟΡΡ.
2160 383 2338 439 PARS
2374 382 2459 440 Ill.
2494 414 2564 425 —
2600 381 3005 439 EXEGETICA.
3640 378 3709 433 56

483 514 564 566 lus
584 511 651 564 ⁸⁸.
694 509 767 565 De
816 505 1123 576 lmjnsmodi
1174 506 1391 560 cantico
1436 506 1580 561 dicta
1632 513 1759 560 sunt
1803 514 1859 559 et
1900 505 2036 561 illa:

2146 523 2303 577 φησιν
2324 506 2353 558 6
2388 503 2705 568 Ἀπόστολος
2724 521 2737 534 ·
2764 504 2892 574 περὶ
2917 500 3119 573 ταύτης
3145 500 3391 555 λέλεκται
3414 501 3514 571 τῆς
3531 500 3677 571 ᾠδῆς
3692 518 3704 531 ·

480 599 700 655 Cantate
739 595 966 651 Domino
995 594 1257 648 canticum
1289 611 1500 658 novum,
1538 604 1749 649 cantate
1790 595 2032 660 Domino,

2142 599 2363 667 ’ᾼσατε
2407 594 2486 660 τῷ
2526 595 2723 664 Κυρίῳ
2764 588 2928 665 ᾆσμα
2976 592 3204 657 καινὸν,
3248 591 3436 659 ᾅσατε
3482 590 3561 656 τῷ
3593 596 3712 646 Κυ-

479 694 649 747 omnis
678 701 817 744 terra
847 688 916 741 ".
944 685 1171 756 Insuper
1201 704 1216 739 :
1250 682 1521 750 Psallam,
1554 685 1747 753 inquit,
1789 685 2037 754 psalterio

2146 689 2259 754 βίῳ,
2273 685 2440 741 πᾶσα
2460 687 2501 753 ἡ
2534 686 2610 757 γῆ
2631 704 2645 716 ·
2675 685 2806 740 ἀλλὰ
2829 686 2945 749 καὶ,
2974 682 3237 746 Ψαλῶσι,
3257 684 3437 753 φησὶν,
3458 683 3527 736 ἐν
3556 687 3712 752 ψαλ-

479 777 840 843 decachordo;
864 777 1156 846 practicam
1186 775 1420 830 innuens
1443 776 1630 840 vitam,
1663 774 1843 828 anima
1879 775 2040 829 simul

479 882 535 925 et
564 885 789 940 corpore
837 876 1172 926 ooerantem.
1224 867 1362 921 Sunt
1390 868 1534 921 enim
1574 867 1811 935 quinque
1860 868 2041 923 carnis

479 975 691 1022 sensus,
716 962 956 1028 quinque
1000 957 1126 1010 item
1156 956 1349 1009 anima:
1394 955 1667 1025 potentiae,
1702 954 1897 1023 quibus
1919 968 2042 1008 cor-

479 1052 630 1122 porei
667 1065 859 1107 sensus
903 1058 1207 1103 moventur.

728 1230 897 1286 Vens.
929 1229 1018 1285 10.
1056 1229 1159 1295 Qui
1191 1231 1280 1283 dat
1314 1228 1537 1283 salutem
1578 1227 1809 1297 regibus.

551 1323 654 1391 Qui
692 1322 950 1377 cmlorum
980 1336 1202 1392 regnum
1242 1335 1339 1375 nos
1386 1319 1589 1384 docuit,
1636 1332 1787 1386 reges
1817 1330 1912 1370 eos
1934 1314 2043 1369 eiii-

481 1416 557 1469 cit
599 1414 692 1484 qui
726 1413 814 1468 illo
866 1412 1011 1483 digni
1062 1411 1285 1477 iuerint,
1334 1413 1533 1482 quibus
1559 1412 1719 1464 etiam
1745 1409 1792 1463 vi
1827 1409 2041 1479 propria

482 1505 711 1559 salutem
760 1503 967 1559 confert
1008 1520 1023 1568 ;
1083 1501 1353 1572 simulque
1398 1510 1542 1555 recte
1600 1506 1841 1569 agentes,
1889 1506 2043 1552 extra

485 1596 687 1665 peccati
725 1595 1062 1650 dominatum
1100 1594 1271 1665 ponit.
1321 1592 1519 1663 Utique
1555 1591 1804 1645 Christus
1833 1590 1886 1642 in
1910 1587 2046 1642 Pro—

481 1688 684 1743 verbiis
718 1689 887 1743 dicit:
918 1688 1018 1741 Per
1042 1703 1123 1740 me
1155 1703 1297 1756 reges
1331 1694 1550 1755 regnant
1576 1685 1642 1738 ‘°.
1673 1683 1796 1738 llaec
1817 1696 2045 1737 cernens

481 1779 773 1847 Apostolus
798 1779 1071 1834 scribebat
1099 1797 1112 1832 :
1150 1777 1278 1832 Sine
1307 1776 1457 1830 nobis
1499 1775 1825 1845 regnaviatis,
1858 1784 1905 1827 et
1938 1774 2045 1827 uti-

2138 781 2316 849 τηρζῳ
2342 778 2698 848 δεκαχόρδῳ,
2724 778 2813 831 τὸν
2847 776 3147 849 πρακτικὸν
3191 774 3555 846 αἰνιττόμενος
3596 775 3709 844 βίον

2138 872 2225 926 διὰ
2264 871 2439 942 ψυχῆς
2484 871 2578 924 καὶ
2621 869 2872 941 σώματος
2922 867 3340 941 ἐνεργούμενον·
3401 866 3561 920 πέντε
3610 866 3709 937 μὲν

2140 964 2305 1017 ὄντων
2334 962 2534 1034 σαρκὸς
2569 961 2954 1033 αἰσθητηρίων,
2994 961 3152 1014 πέντε
3185 959 3240 1013 δὲ
3268 958 3374 1012 τῶν
3399 960 3497 1028 τῆς
3528 958 3706 1028 ψυχῆς

2140 1054 2440 1123 δυνάμεων,
2474 1053 2543 1106 δι’
2586 1046 2661 1107 ὧν
2688 1050 2757 1105 τὰ
2788 1052 3120 1124 αίσθητήρεα
3157 1051 3250 1105 τοῦ
3278 1050 3525 1122 σώματος
3547 1052 3710 1104 κινεῖο

2142 1165 2230 1201 ται
2261 1146 2391 1216 (19).

2253 1236 2337 1303 Τῷ
2365 1237 2589 1291 διδόντι
2632 1234 2745 1303 τὴν
2772 1235 3079 1303 σωτηρίαν
3106 1232 3230 1300 τοῖς
3251 1232 3579 1297 ,ϐασιλεῦσι
3604 1256 3611 1275 ι

2224 1330 2281 1384 Ὀ
2312 1328 2525 1394 διδάξας
2554 1326 2825 1398 βασιλείαν
2857 1326 3119 1398 οὐρανῶν,
3155 1325 3389 1395 βασιλεῖς
3418 1323 3708 1393 ἐργάζεται

2141 1420 2267 1485 τοὺς
2294 1420 2747 1491 καταξιουμένους
2777 1417 2968 1487 αὐτῆς,
2997 1413 3077 1480 οἷς
3108 1416 3287 1469 δίδωσι
3316 1415 3414 1486 τὴν
3447 1414 3575 1483 παρ’
3608 1412 3710 1464 αὺ-

2142 1511 2237 1565 τοῦ
2286 1512 2587 1583 σωτηρίανο
2627 1512 2743 1583 ἃμα
2783 1510 2841 1564 δὲ
2892 1507 3265 1580 κατορθώσασι
3318 1505 3379 1559 τὸ
3431 1504 3504 1576 μὴ
3557 1503 3710 1573 βασι-

2143 1600 2389 1654 λεύεσθαι
2421 1600 2527 1654 ὑπὸ
2567 1599 2871 1672 ἁμαρτίαςο
2908 1596 3139 1669 Χριστὸς
3170 1596 3213 1649 δ’
3240 1597 3386 1650 ἐστὶν
3418 1598 3446 1649 6
3473 1596 3530 1647 ὲν
3570 1595 3713 1667 ιῙαρ⁴

2142 1694 2347 1763 οιμίαις
2385 1691 2588 1760 λέγων·
2627 1693 2707 1745 Δι’
2752 1689 2896 1759 ἐμοῦ
2931 1687 3218 1754 βασιλεῖς
3267 1686 3706 1751 ,βασιλεύουσι-

2145 1783 2316 1837 ταῦτα
2364 1782 2517 1846 εἰδὼς
2565 1783 2595 1835 6
2656 1781 2972 1845 Ἀπόστολος
3020 1780 3256 1857 ἔγραφεο
3315 1778 3498 1846 Χωρὶς
3540 1775 3712 1845 ἡμῶν

484 1887 604 1924 imm
635 1870 992 1939 regnaveritis,
1020 1878 1074 1921 ut
1098 1878 1145 1923 et
1172 1884 1265 1921 nos
1298 1867 1559 1922 vobiscum
1591 1881 1957 1936 conregnemus
1976 1863 2038 1915 “.

2146 1872 2604 1938 ἐϐασιλεύσατε,
2646 1870 2746 1926 καὶ
2788 1870 3011 1940 ὄφελόν
3032 1888 3097 1939 γε
3130 1869 3583 1930 ἐϐασιλεύσατε,
3609 1866 3713 1918 ἵνα

483 1964 755 2032 Quoniam
803 1978 932 2034 ergo
975 1964 1057 2018 his
1082 1962 1309 2017 salutem
1361 1962 1501 2017 Deus
1548 1961 1796 2030 largitur,
1850 1960 2043 2018 merito

483 2058 581 2125 ipsi
616 2071 833 2127 quoque
867 2056 1057 2110 Davidi
1090 2070 1243 2124 spem
1293 2054 1488 2108 bonam
1537 2052 1811 2108 oraculum
1848 2053 2041 2122 injicit,

481 2150 597 2204 fore
625 2158 742 2203 uta
777 2149 1040 2217 peccatis,
1078 2148 1129 2200 in
1156 2162 1275 2216 qua:
1314 2146 1603 2215 aliquando
1636 2145 1852 2211 cecidit,
1905 2146 2046 2199 redi-

480 2251 681 2295 matur.
742 2240 877 2295 Nam
928 2239 1091 2295 Verbi
1146 2238 1237 2294 Dei
1289 2239 1583 2293 descensus
1614 2238 1800 2292 Davidi
1834 2245 2045 2307 quoque

481 2348 601 2385 cum
660 2332 781 2387 aliis
829 2333 1100 2388 beneficus
1133 2332 1368 2397 exstitit,
1408 2332 1499 2401 qui
1537 2331 1809 2387 nativitati
1844 2331 1958 2401 ejus
1989 2330 2042 2385 in

480 2439 645 2478 carne
669 2424 935 2479 iuserviit.

486 2601 655 2655 Vsus:
695 2600 781 2655 10.
826 2600 933 2666 Qui
971 2602 1180 2655 redimit
1232 2601 1486 2656 Dnvidem
1528 2619 1733 2657 servum
1791 2621 1943 2660 suum
1981 2609 2044 2663 de

1034 2673 1212 2741 gladio
1240 2672 1493 2741 maligno.

553 2760 777 2818 Gladius
815 2764 1107 2834 malignus,
1140 2763 1321 2834 lingua
1378 2774 1462 2819 est
1505 2767 1810 2832 atheorum,
1840 2780 1893 2824 et
1923 2770 2043 2824 illo-

483 2868 600 2907 rum
631 2868 911 2909 sermones
939 2855 1029 2923 qui
1078 2856 1411 2923 sophismata
1456 2859 1714 2913 adversus
1755 2859 1919 2915 Deum
1950 2875 2047 2915 ex-

481 2945 741 3012 cogitant,
775 2954 836 2999 ut
867 2947 1080 3001 animas
1125 2946 1477 3003 interﬁciant.
1525 2949 1713 3005 Manus
1770 2962 1948 3005 autem
1983 2954 2046 3006 li-

482 3035 675 3088 Iiorum
706 3036 1033 3101 alienorum,
1095 3046 1249 3092 actus
1294 3050 1420 3092 sunt
1465 3049 1520 3094 et
1569 3042 1674 3094 vita
1712 3041 1922 3095 illorum
1952 3043 2043 3111 qni

483 3124 579 3181 Dei
610 3126 755 3180 cultu
784 3127 942 3183 alieni
977 3137 1141 3192 sunt;
1170 3143 1398 3197 quorum
1431 3146 1493 3186 os
1526 3131 1791 3187 fabulosis
1820 3133 2043 3205 ﬁgmen-

2144 1965 2245 2020 καὶ
2275 1964 2446 2034 ἡμεῖς
2479 1964 2622 2034 ὑμῖν
2654 1963 3261 2033 συμϐασιλεύσωμεν·
3296 1961 3418 2014 ἐπεὶ
3461 1954 3551 2013 οὖν
3583 1956 3713 2011 τού-

2141 2073 2253 2119 τοις
2284 2056 2565 2127 χαρίζεται
2593 2057 2621 2108 6
2652 2053 2784 2117 Θεὸς
2814 2052 2913 2124 τὴν
2948 2052 3243 2124 σωτηρίαν,
3269 2051 3492 2113 εἰκότως
3517 2049 3609 2102 καὶ⁵
3632 2047 3712 2117 τῷ

2143 2146 2303 2200 Δαυῒδ
2329 2147 2537 2215 ἀγαθὰς
2580 2145 2801 2210 ἐλπίδας
2829 2145 3132 2216 ὑπογράφει
3166 2144 3227 2196 τὸ
3254 2142 3463 2211 λόγιον,
3502 2142 3578 2205 ὡς
3618 2142 3714 2195 λυ-

2142 2238 2542 2311 τρωθησομένῳ
2578 2240 2670 2307 ἀφ’
2704 2234 2780 2292 ὧν
2825 2236 3043 2291 πώποτε
3079 2236 3363 2291 πέπτωκεν
3393 2234 3709 2305 ἁμαρτιῶν·

2142 2333 2175 2402 ἠ
2205 2329 2313 2401 γὰρ
2343 2330 2567 2394 κάθοδος
2599 2329 2693 2383 τοῦ
2724 2329 2859 2383 Θεοῦ
2890 2329 3063 2397 Λόγου
3097 2326 3239 2399 μετά
3272 2327 3378 2380 τῶν
3406 2326 3577 2380 ἄλλων
3615 2327 3713 2379 καὶ

2143 2420 2220 2492 τῷ
2248 2419 2409 2473 Δαυῖδ
2437 2421 2766 2492 εὑεργητικὴ
2796 2419 3104 2490 γεγένηται,
3137 2417 3231 2471 ἆτε
3271 2414 3713 2485 διακονησαμένῳ

2142 2515 2209 2583 τῇ
2245 2512 2491 2582 ὲνσάρκῳ
2515 2511 2678 2565 αὑτοῦ
2712 2510 2938 2580 γενέσει.

2151 2602 2233 2669 Τῷ
2262 2602 2645 2673 λυτρουμένῳ
2673 2602 2853 2656 Δαυῒδ
2878 2601 2983 2655 τὸν
3010 2600 3235 2673 δοῦλον
3264 2598 3450 2654 αὐτοῦ
3478 2596 3545 2650 ἐκ
3565 2597 3713 2664 ῥομ-

2672 2674 2855 2740 φαίας
2891 2669 3177 2739 πονηρᾶς.

2227 2764 2496 2837 Ῥομφαία
2522 2764 2735 2837 πονηρὰ
2775 2767 2809 2836 ἡ
2846 2764 3063 2833 γλῶττά
3094 2766 3208 2815 ἐστι
3238 2762 3345 2813 τῶν
3385 2758 3580 2822 ἀθέων,
3616 2759 3711 2811 καὶ

2144 2857 2193 2910 oi
2221 2857 2369 2925 λόγοι
2397 2856 2503 2909 τῶν
2529 2855 2597 2909 τὰ
2641 2857 2946 2928 σοφίσματα
2977 2855 3113 2909 κατὰ
3157 2854 3250 2908 τοῦ
3289 2853 3421 2907 Θεοῦ
3456 2850 3715 2923 μελετών-

2143 2966 2251 3002 των
2290 2950 2369 3011 είς
2395 2946 2456 3000 τὸ
2489 2946 2732 3016 φονεύειν
2759 2946 2957 3017 ψυχὰς·
3000 2946 3118 3017 χεὶρ
3143 2945 3199 2997 δὲ
3226 2942 3355 2996 υἱῶν
3396 2941 3708 3011 ἀλλοτρίων,

2147 3035 2342 3110 πρᾶξις
2374 3036 2466 3091 καὶ
2495 3039 2522 3089 6
2548 3036 2658 3107 βίος
2686 3036 2793 3089 τῶν
2830 3036 3122 3108 ἀλλοτρίων
3154 3038 3253 3106 τῆς
3280 3032 3607 3093 θεοσεϐείας,
3634 3024 3715 3083 ὧν

2147 3133 2204 3183 ἐν
2246 3130 2432 3201 μύθοις
2464 3128 2850 3199 ἀναπλάσμασι
2882 3129 2974 3181 καί
2999 3130 3119 3190 ταῖς
3150 3128 3277 3197 περὶ
3305 3124 3536 3177 εἰδώλων
3578 3122 3713 3175 πλά-

486 3219 554 3272 tis
584 3227 639 3272 et
669 3218 933 3273 idolorum
983 3221 1264 3276 erroribus
1312 3221 1549 3293 loquitur
1590 3225 1878 3280 vanitates.
1938 3225 2043 3281 Ho-

2146 3240 2262 3286 ναις
2286 3221 2347 3274 τὸ
2376 3222 2548 3292 στόμα
2575 3220 2727 3273 λαλεῖ
2765 3221 3126 3290 ματαιότητας
3145 3234 3157 3246 ·
3186 3217 3389 3270 τούτων
3418 3216 3474 3269 δὲ
3508 3216 3599 3269 καὶ
3621 3215 3713 3267 δε-

484 3324 601 3362 rum
633 3310 795 3363 etiam
826 3312 1068 3379 dextera,
1101 3312 1151 3365 id
1180 3321 1265 3368 est
1295 3313 1377 3368 vis
1405 3316 1705 3384 operosior,
1736 3317 1960 3371 avaritia
1992 3328 2047 3372 et

488 3400 689 3467 rapinis
719 3413 1033 3470 occupatur.
1064 3402 1385 3472 Huiusmodi
1431 3417 1587 3460 erant
1636 3407 1832 3476 prioris
1866 3409 2044 3479 populi

486 3490 753 3556 homines,
782 3492 937 3546 sicuti
971 3493 1173 3548 dictum
1201 3504 1303 3550 est.
1340 3495 1414 3550 Ex
1451 3496 1669 3564 hisjam
1695 3514 1836 3553 nunc
1871 3500 2046 3554 denuo

482 3591 605 3636 urat
659 3580 824 3635 David
875 3599 935 3638 se
982 3586 1138 3655 eripi,
1191 3602 1258 3641 ne
1295 3588 1410 3656 pari
1456 3598 1797 3657 peccatorum
1849 3606 2047 3661 genere

486 3672 781 3728 irretiatur.

488 3763 650 3818 Vens.
681 3765 768 3821 12.
814 3767 1052 3851 Quorum
1096 3769 1199 3851 ﬁlii
1246 3771 1381 3825 sicut
1436 3772 1653 3826 novella:
1695 3773 2047 3840 plantationes

1012 3856 1067 3892 ιη
1098 3851 1370 3909 Juventute
1402 3859 1520 3894 sua.

552 3925 668 3980 Non
703 3928 901 3997 prioris
934 3932 1302 3985 tantummodo
1324 3934 1499 4001 populi
1536 3933 1656 3998 lilii,
1691 3935 1783 3988 sed
1805 3934 2043 3988 omnium

481 4034 511 4071 a
555 4019 647 4073 Dei
676 4020 820 4074 cultu
856 4021 1183 4086 alienorum,
1219 4038 1318 4077 ceu
1353 4040 1503 4078 novre
1530 4025 1897 4094 plantationes
1923 4034 2049 4080 sunt

2150 3312 2256 3377 ξιὰ,
2283 3313 2552 3366 τουτέστιν
2580 3316 2613 3383 ἡ
2643 3311 3062 3382 πρακτικωτέρα
3098 3310 3343 3379 δύναμις,
3375 3308 3503 3379 περὶ
3525 3306 3714 3359 πλεον-

2148 3405 2293 3471 εξίας
2352 3403 2446 3458 καὶ
2495 3403 2748 3476 ἁρπαγὰς
2786 3401 3109 3472 ἀσχολεῖται.
3140 3400 3379 3454 Τοιοῦτοι
3419 3400 3463 3452 δ’
3505 3399 3569 3452 ἂν
3604 3393 3715 3450 εἶεν

2147 3498 2240 3549 καὶ
2274 3498 2322 3549 οἱ
2362 3496 2427 3548 ὲκ
2457 3495 2550 3549 τοῦ
2590 3494 2854 3567 προτέρου
2896 3494 3045 3557 λαοῦ,
3090 3493 3210 3547 καθ’
3248 3491 3284 3546 ἀ
3324 3491 3565 3561 εἴρηται·
3605 3489 3721 3542 ἀπὸ

2145 3589 2347 3643 τούτων
2363 3583 2456 3641 οὖν
2476 3588 2568 3640 ἐπὶ
2585 3587 2678 3641 τοῦ
2701 3588 2963 3658 παρόντος
2978 3586 3074 3657 ἤδη
3095 3584 3343 3653 δεύτερον
3370 3586 3397 3636 6
3425 3580 3585 3635 Δαυῖδ
3618 3583 3719 3651 ῥυ-

2148 3681 2339 3751 σθῆναι
2367 3678 2601 3749 εὔχεται,
2622 3679 2707 3732 ἵνα
2732 3678 2805 3750 μὴ
2820 3678 2931 3748 ἁλῷ
2953 3680 3062 3740 τοῖς
3080 3676 3285 3746 ὁμοίοις
3306 3674 3713 3745 ἁμαρτήμασιν.

2145 3769 2257 3827 Ὧν
2293 3775 2348 3827 οἱ
2392 3771 2508 3825 υἱοὶ
2538 3772 2618 3837 ὡς
2652 3772 2913 3858 νεόφυτα
2946 3768 3229 3847 ζδρυμένα
3267 3767 3337 3819 ἐν
3365 3763 3440 3832 τῇ
3480 3764 3716 3830 νεότητι

2821 3857 3037 3895 αυτων.

2218 3936 2325 3989 Τοῦ
2353 3935 2619 4007 προτέρου
2642 3933 2772 3988 λαοῦ
2799 3934 2847 3985 οί
2869 3931 2973 3985 υἱοὶ
2998 3932 3060 3984 οὐ
3096 3931 3274 3999 μόνον,
3299 3927 3433 3981 ἀλλά
3466 3927 3557 3980 καὶ⁵
3586 3925 3717 3978 πάν-

2145 4044 2250 4079 των
2276 4026 2383 4078 τῶν
2411 4024 2704 4095 ἀλλοτρίων
2749 4023 2848 4092 τῆς
2875 4019 3179 4082 θεοσεϐείας
3210 4019 3285 4081 ὡς
3312 4016 3544 4085 νεόφυτά
3569 4017 3717 4068 ἐστιν

482 4112 535 4164 in
561 4109 845 4178 jnventute
872 4127 990 4166 sua.
1022 4111 1161 4167 Justi
1192 4122 1369 4167 autem
1409 4116 1643 4168 hominis
1674 4130 1801 4169 caro
1832 4114 2043 4168 inlirma

2149 4115 2408 4188 ἱδρυμένα
2452 4118 2509 4168 ὲν
2565 4117 2631 4185 τῇ
2678 4114 2887 4183 νεότητι
2930 4110 3135 4164 αὐτῶν·
3190 4107 3282 4160 τοῦ
3330 4106 3385 4159 δὲ
3429 4105 3637 4158 δικαίου
3676 4106 3712 4173 ὴ

478 4210 581 4263 est,
613 4209 667 4254 et
710 4200 827 4267 ejus
865 4202 1059 4257 mentis
1101 4200 1276 4257 fastus
1314 4213 1616 4258 emortuus.
1672 4203 1910 4267 Illorum,
1954 4204 2043 4273 qui

2148 4206 2284 4279 σάρξ
2314 4209 2460 4261 ἐστιν
2498 4206 2748 4277 ἀσθενὴς,
2783 4206 2874 4259 καί
2908 4204 2967 4256 τὸ
3000 4200 3253 4274 φρόνημά
3299 4202 3414 4254 ἐστι
3450 4214 3717 4265 νενεκρω-

480 4297 547 4351 ile
597 4297 1009 4353 circumcisione
1070 4309 1217 4365 sunt,
1274 4300 1397 4355 tiliae
1458 4315 1671 4370 quoque
1736 4301 2043 4356 meretricio

2150 4298 2341 4369 μένονο
2375 4299 2579 4352 τούτων
2619 4298 2727 4351 τῶν
2767 4298 2831 4351 ὲκ
2872 4294 3175 4370 περιτομῆς
3206 4294 3301 4346 καὶ
3333 4293 3387 4345 al
3421 4290 3719 4359 θυγατέρες

480 4400 631 4440 more
664 4396 789 4439 sunt
822 4397 1118 4454 exornatas,
1146 4390 1213 4444 ad
1258 4390 1439 4461 templi
1482 4391 1767 4461 imaginem
1802 4392 1892 4446 ubi
1937 4391 2043 4460 spi-

2146 4390 2435 4463 ἑταιρικῶς
2479 4392 2585 4444 εἰσι
2627 4388 3036 4460 κεκοσμημέναι
3082 4386 3156 4450 ὡς
3197 4386 3451 4456 ὁμοίωμα
3489 4382 3618 4439 ναοῦ
3659 4385 3718 4435 ὲν

482 4476 616 4529 ritus
650 4479 820 4532 malus
850 4478 1131 4534 inhabitat.
1164 4479 1288 4536 Ideo
1315 4482 1383 4537 de
1413 4481 1517 4536 illis
1562 4482 1693 4535 dicit
1740 4484 1997 4551 prapheta
2025 4502 2039 4537 :

2146 4475 2188 4550 ᾧ
2225 4484 2457 4555 πονηρὸν
2497 4481 2713 4553 πνεῦμα
2753 4483 2982 4535 ὲνοικεῖ’
3018 4480 3272 4557 διόκφησι
3312 4478 3439 4549 περὶ
3471 4472 3648 4528 αὐτῶν
3688 4474 3723 4527 6

480 4567 769 4629 Propterea
823 4570 1148 4625 iurauerunt
1192 4572 1322 4640 ﬁlia:
1368 4571 1543 4628 Sionis
1594 4581 1767 4626 erecto
1807 4574 1963 4637 collo,
1990 4585 2039 4628 et

2146 4574 2458 4644 προφήτης’
2521 4573 2663 4627 Ἀνθ’
2707 4564 2794 4625 ὧν
2837 4568 3251 4636 ἐπορεύθησαν
3297 4566 3356 4617 αὶ
3402 4560 3718 4631 θυγατέρες

478 4676 597 4715 cum
642 4663 851 4718 nutibus
896 4665 1175 4720 oculorum
1197 4667 1264 4732 ",
1290 4675 1343 4721 et
1370 4666 1598 4734 reliqua.
1647 4665 1832 4721 Sancti
1861 4676 2041 4722 autem

479 4750 727 4807 homines
759 4756 1011 4824 templum
1046 4758 1136 4811 Dei
1170 4767 1314 4819 suunt,
1355 4767 1409 4811 et
1451 4758 1543 4811 Dei
1579 4757 1800 4825 spiritus
1834 4757 1885 4810 in
1915 4757 2045 4826 ipsis

478 4840 767 4898 inhabitat.
800 4844 865 4901 Et
898 4846 1109 4901 illorum
1158 4849 1372 4916 quidem
1398 4847 1674 4901 abundant
1718 4846 2046 4901 redundant-

476 4945 583 4997 que
609 4946 811 4996 penora
843 4934 1326 4989 thesaurizantium
1359 4936 1409 4989 in
1445 4945 1587 4989 terra
1618 4944 1672 4990 et
1703 4935 1997 4989 dicentium
2027 4948 2044 4989 :

476 5023 756 5078 Destruam
791 5024 980 5079 horrea
1005 5043 1120 5079 mea
1144 5038 1190 5080 et
1218 5026 1477 5089 ampliora
1519 5025 1795 5095 wdiﬁcabo
1827 5024 1914 5093 ⁶³;
1946 5026 2045 5080 lto-

477 5131 597 5170 rum
628 5127 815 5173 contra
847 5122 1135 5176 thesaurus
1160 5121 1213 5173 in
1245 5120 1383 5174 cmlo
1411 5128 1513 5173 est.
1542 5119 1757 5173 Illorum
1802 5133 1935 5174 oves
1968 5118 2046 5173 fe-

476 5211 667 5264 cundte
686 5226 749 5265 ac
772 5227 1097 5275 numerosae,
1128 5213 1398 5281 bovesque
1430 5212 1623 5273 crassi,
1655 5211 1960 5280 cuiusmodi
1990 5210 2045 5265 in

475 5297 689 5369 Egypti
714 5302 979 5370 ubertate.
999 5318 1192 5372 nempe
1220 5302 1298 5357 illi
1316 5302 1540 5372 pulchra
1559 5302 1736 5372 specie
1755 5312 1809 5358 et
1831 5302 2047 5359 eximiis

476 5390 733 5446 carnibus
758 5409 895 5461 quos
916 5393 1045 5448 vidit
1063 5393 1298 5450 Pharao.
1320 5396 1425 5451 Sed
1440 5394 1573 5464 justi
1602 5394 1706 5450 viri
1721 5395 1861 5451 ovile
1881 5408 2045 5462 puras

476 5479 709 5547 animas,
744 5494 800 5538 et
826 5486 995 5542 bonas
1042 5502 1106 5539 ac
1148 5487 1438 5542 rationales
1475 5505 1604 5545 oves
1642 5489 2042 5558 complectitur.

2146 4664 2301 4719 Σιὼν
2334 4665 2403 4720 ἐν
2431 4662 2648 4735 ὑψηλῷ
2674 4661 2950 4733 τραχήλῳ
2973 4661 3069 4715 καί
3098 4660 3167 4713 ἐν
3188 4659 3480 4726 νεύμασιν
3505 4655 3719 4721 ὀφθαλ-

2141 4756 2293 4827 μῶν,
2313 4757 2406 4810 καὶ
2432 4755 2501 4811 τὰ
2533 4754 2689 4826 ἑξῆς·
2720 4757 2769 4808 οί
2795 4754 2851 4806 δὲ
2880 4753 3024 4821 ἅγιοι
3075 4751 3197 4813 ναός
3223 4751 3327 4801 είσι
3354 4744 3510 4809 Θεοῦ,
3539 4744 3631 4797 καὶ
3658 4743 3719 4796 τὸ

2148 4847 2364 4919 πνεῦμα
2384 4846 2477 4901 τοῦ
2497 4845 2629 4901 Θεοῦ
2659 4846 2799 4899 οἰκεῖ
2826 4847 2884 4898 ὲν
2913 4844 3123 4905 αὐτοῖς’
3150 4842 3241 4894 καὶ
3265 4838 3372 4891 τῶν
3405 4837 3501 4908 μὲν
3528 4850 3717 4905 περιτ-

2146 4939 2293 4996 τεύει
2320 4940 2415 4994 καὶ
2449 4940 2673 5010 ὑπερχεῖ
2702 4937 2772 4991 τὰ
2801 4938 3001 5007 ταμεῖα
3028 4932 3459 5005 θησαυριζόντων
3493 4928 3586 4981 ἐπὶ
3620 4926 3717 4996 τῆς

2149 5032 2272 5103 γῆς’
2318 5031 2413 5085 καὶ
2456 5031 2738 5099 λεγόντων,
2768 5025 3006 5083 Καθελῶ
3029 5042 3148 5093 μου
3175 5024 3282 5087 τὰς
3301 5018 3606 5087 ἀποθήκας
3621 5016 3718 5071 καὶ

2145 5122 2417 5193 μείζονας
2435 5119 2826 5189 οἰκοδομήσω·
2857 5117 2964 5171 τῶν
2998 5116 3055 5169 δὲ
3096 5116 3124 5167 6
3171 5112 3441 5185 θησαυρός
3487 5112 3633 5164 ἐστιν
3661 5112 3721 5163 ὲν

2152 5213 2367 5287 οὐρανῷ
2384 5230 2398 5244 ·
2423 5212 2517 5267 καὶ
2544 5211 2649 5265 τῶν
2682 5211 2779 5282 μὲν
2805 5210 2918 5263 ἔστι
2948 5208 3196 5280 πρόϐατα
3229 5205 3499 5260 πολύτοκα
3524 5201 3698 5273 πληθύ

2151 5324 2331 5372 νοντα,
2359 5305 2452 5359 καὶ
2490 5303 2609 5374 βόες
2650 5305 2863 5373 παχεῖς,
2888 5302 3063 5355 ὁποῖοι
3106 5301 3204 5371 τῆς
3244 5297 3517 5365 Αἰγύπτου
3552 5292 3723 5365 εὐθη-

2150 5400 2267 5462 νίας
2289 5414 2302 5428 ·
2344 5395 2499 5450 καλοὶ
2546 5394 2655 5466 γὰρ
2681 5393 2760 5464 τῷ
2798 5393 2925 5446 εῖδει
2954 5392 3049 5445 καὶ⁸
3090 5390 3335 5444 ἐκλεκτοὶ
3379 5390 3497 5450 ταῖς
3528 5384 3716 5456 σαρξὶν

2149 5486 2291 5561 ἦσαν
2315 5488 2409 5553 οὓς
2435 5484 2571 5544 εῐδεν
2596 5491 2625 5543 6
2649 5484 2867 5557 Φαραώ·
2898 5486 2992 5539 τοῦ
3020 5484 3076 5538 δὲ
3099 5484 3304 5540 δικαίου
3330 5483 3365 5553 ἡ
3392 5479 3590 5550 ποίμνη
3612 5477 3716 5545 ψυ-

475 5572 577 5643 χὰς
608 5576 917 5646 ἀκεραίους,
948 5581 1039 5632 καὶ
1068 5579 1245 5648 ἁγαθά
1272 5582 1365 5634 καὶ
1397 5582 1591 5649 λογικὰ
1634 5581 1880 5652 πρόϐατα
1924 5583 2339 5654 ἐμπεριείληφε.

546 5689 593 5719 ⁸⁸
624 5688 916 5751 Iiebr.vlu.
947 5693 1031 5746 l3.
1108 5694 1152 5724 ⁸³
1186 5694 1323 5750 Psal.
1357 5712 1481 5763 xcv,
1516 5699 1565 5751 ι.

1678 5699 1722 5729 ⁶⁰
1758 5697 1920 5752 Prov.
1957 5712 2043 5753 vm

2146 5699 2191 5753 5.
2269 5699 2309 5730 ⁸³
2346 5696 2510 5751 lCor.
2538 5712 2612 5763 tv,
2643 5695 2696 5750 8.
2776 5694 2821 5725 ⁸²
2860 5693 3068 5755 lsa.m,
3104 5690 3187 5745 l6.
3267 5688 3309 5718 ⁸³
3344 5685 3475 5742 Luc.
3502 5698 3599 5749 xit,
3624 5683 3709 5737 18.

478 5824 483 5833 -
549 5802 660 5873 (l9)
690 5801 894 5860 Videsis
921 5803 1120 5863 Niceno
1151 5807 1435 5867 Serrarum
1471 5812 1707 5883 episcopi
1738 5812 2061 5883 prowmium
2095 5828 2127 5867 a
2157 5813 2315 5869 nobis
2344 5812 2546 5868 editum
2571 5812 2636 5867 ad
2662 5810 2911 5867 catenam
2942 5806 2993 5861 in
3026 5802 3284 5859 Psalmos.
