3968 6500
226 394 279 449 57
1329 389 1833 447 COMMENTABIA
1870 390 1937 446 IN
1977 393 2315 451 PSALMOS.
3387 397 3456 453 58

280 508 379 562 Του
420 503 685 578 [δικαίου]
719 506 818 576 μὲν
858 506 947 560 διὰ
992 505 1054 560 τὸ
1104 506 1389 576 φοϐεῖσθαι
1430 508 1522 562 τὸν
1556 506 1779 580 Κύριον,

1956 508 2098 565 Justi
2122 510 2246 577 viri,
2274 518 2561 581 propterea
2590 509 2735 580 quod
2778 508 3063 565 Dominum
3105 510 3277 575 timet,
3315 507 3454 566 beati

222 600 462 670 μακάριοι
516 602 570 653 οί
600 601 708 652 υἱοὶ
748 598 879 651 ὡσεὶ
909 598 1145 668 νεόφυτά
1187 601 1323 654 εἰσιν
1363 598 1559 653 ἐλαιῶν
1598 600 1782 672 κύκλῳ

225 693 309 761 τῆς
339 690 627 762 τραπέζης
655 689 820 743 αὐτοῦ
844 707 858 721 ο
890 690 1000 743 τῶν
1028 689 1083 743 δὲ
1121 690 1414 762 ἀλλοτρίων
1463 694 1511 745 οί
1566 693 1670 745 υἱοὶ
1707 692 1785 756 ὼς

221 780 433 849 νιόφυτα
462 777 728 849 ἱδρυμένα
760 780 818 831 ὲν
838 782 905 850 τῇ
932 780 1146 850 νεότητι
1178 779 1375 832 αὐτῶν.
1406 780 1659 852 Κάκείνῳ
1685 781 1783 852 μὲν

220 873 304 926 οὐκ
328 872 433 924 εἰσὶ
472 870 809 941 θυγατέρεςο
854 870 1065 935 τούτοις
1095 871 1154 925 δέ
1199 873 1302 925 εἱσι
1334 872 1783 942 κεκαλλωπισμέ-

219 976 313 1023 ναι,
352 960 900 1031 περικεκοσμημέναι
926 961 1002 1024 ὡς
1045 961 1296 1032 ὁμοίωμα
1341 961 1504 1015 ναοῦ·
1548 962 1784 1033 κάκείνῳ

222 1051 307 1121 μὲν
335 1051 472 1104 εἰσὶν
510 1051 619 1103 υἱοὶ
646 1049 800 1115 υἱῶν,
833 1050 1043 1114 τούτοις
1067 1050 1123 1104 δὲ
1159 1052 1314 1122 οὐχί·
1348 1052 1427 1105 ἔτι
1460 1053 1653 1124 ἐκείνῳ
1684 1051 1784 1123 μὲν

219 1142 383 1194 οὐκέτι
422 1143 653 1210 ταμεῖον
693 1140 815 1193 οὐδὲ
852 1139 1101 1212 ἀποθήκη
1120 1158 1134 1172 ·
1163 1141 1367 1195 τούτων
1395 1142 1451 1195 δὲ
1477 1142 1545 1196 τὰ
1585 1145 1786 1213 ταμεῖα

221 1234 384 1304 πλήρη
415 1231 825 1304 ὲξερευγόμενα
864 1235 930 1286 ὲκ
961 1232 1154 1286 τούτου
1184 1235 1264 1297 είς
1291 1232 1448 1287 τοῦτο
1467 1251 1480 1264 ·
1511 1235 1603 1287 καὶ
1645 1234 1785 1288 κατὰ

219 1326 272 1379 τὸ
305 1324 634 1393 Εὑαγγέλιον
664 1324 721 1378 δὲ
750 1327 863 1389 τοῖς
889 1324 1246 1396 τρεφομένοις
1278 1325 1383 1379 ὑπὸ
1414 1324 1507 1379 τοῦ
1534 1326 1784 1398 οὐρανίου

221 1417 416 1488 Πατρὸς
460 1418 734 1481 πετεινοῖς
782 1416 876 1469 τοῦ
911 1416 1140 1487 ούρανοῦ
1185 1417 1370 1471 οὐκέτι
1413 1420 1635 1488 ταμεῖον
1666 1418 1785 1471 οὐδὲ

220 1510 470 1581 ἀποθήκη.
518 1510 645 1563 Υἱοὶ
675 1511 723 1563 οί
758 1510 1029 1581 αἱρετικοὶ
1082 1509 1251 1580 λόγοι,
1299 1512 1394 1564 καὶ
1432 1510 1501 1564 τὰ
1542 1513 1786 1584 νοήματα

218 1601 285 1666 ὡς
314 1602 566 1670 νεόφυτα,
600 1602 687 1655 διὰ
717 1602 816 1673 τὴν
859 1603 1210 1672 καινοτομίαν
1233 1618 1246 1632 ·
1292 1602 1589 1676 θυγατέρες
1618 1606 1673 1659 αί
1700 1605 1788 1659 λέ-

221 1693 314 1757 ξεις
332 1710 345 1724 ·
373 1693 891 1765 κεκαλλωπισμέναι
912 1693 970 1747 δὲ
993 1694 1079 1748 διὰ
1100 1695 1205 1767 τὴν
1229 1696 1448 1767 φράσιν,
1478 1697 1603 1751 ναὸν
1632 1693 1785 1752 οὖσαι

216 1784 298 1837 τοῦ
327 1786 697 1857 φρονήματος.

370 1878 492 1930 Οὐκ
522 1875 663 1930 ἐστι
691 1876 1049 1946 κατάπτωμα
1078 1877 1371 1947 φραγμοῦ,
1407 1896 1462 1933 κ.
1489 1896 1540 1932 τ.
1566 1878 1616 1933 λ.

276 1970 375 2023 Καὶ
409 1970 467 2021 ὲν
517 1968 605 2040 τῷ
644 1968 760 2022 Ἰὼϐ
804 1969 1049 2041 εἴρηται·
1085 1971 1189 2025 Διὰ
1231 1971 1288 2024 τί
1319 1970 1556 2036 ἀσεϐεῖς
1615 1970 1782 2035 ζῶσι,

218 2061 651 2114 πεπαλαίωνται
685 2060 754 2114 δὲ
793 2062 892 2114 καὶ
929 2062 999 2115 ἐν
1021 2063 1297 2129 πλούτου
1328 2064 1422 2116 καὶ
1454 2062 1523 2115 τὰ
1556 2062 1781 2132 ἐφεξῆς

218 2152 336 2223 πλήν
359 2152 641 2225 ἐπιφέρει*
666 2155 747 2208 Οὐ
762 2153 890 2223 μὴν
903 2152 1001 2207 καί
1033 2153 1268 2209 ἀσεϐῶν
1281 2156 1508 2225 λύχνος
1537 2155 1787 2223 σϐεσθῆ-

216 2259 383 2297 astat.
416 2244 527 2297 Kal.
564 2246 627 2297 ἐν
655 2241 1038 2315 ἑϐδομηκοστῷ
1065 2242 1300 2315 δευτέρῳ
1322 2243 1521 2315 ψαλμῷ
1543 2244 1780 2313 λέγεται·

228 2333 501 2400 ἐζὴλωσα
539 2333 649 2388 ἐπὶ
685 2334 809 2401 τοῖς
843 2335 1109 2404 ἀνόμοις,
1138 2335 1387 2404 εἰρήνην
1426 2334 1787 2405 ἁμαρτωλῶν

217 2424 442 2496 θεωρῶν,
472 2427 579 2479 καὶ
605 2425 675 2479 τά
712 2424 856 2497 ἑξῆς·
894 2418 969 2479 ὧν
998 2425 1091 2479 καὶ
1118 2425 1300 2479 αὐτῶν
1326 2426 1360 2496 ἡ
1391 2424 1546 2489 λύσις
1587 2425 1787 2495 ἐπάγε-

216 2534 289 2571 ται
310 2520 364 2570 ἐν
385 2517 483 2587 τῷ,
512 2516 648 2581 Πῶς
681 2517 927 2586 ἐγένοντο
960 2518 1039 2581 είς
1067 2518 1379 2588 ἐρήμωσινς
1410 2517 1641 2584 ἐξάπινα
1676 2518 1786 2572 άπ-

216 2604 390 2659 ὠλοντο
414 2606 503 2660 διὰ
520 2606 627 2677 τὴν
643 2605 898 2659 ἀδουλίαν
921 2603 1120 2669 αὐτῶν,
1143 2604 1219 2667 ὡς
1246 2604 1494 2658 ἐνύπνιον
1520 2605 1785 2676 ὲξεγειρο-

220 2693 389 2763 μένων.

730 2782 1023 2837 ΨΑΛΜΟΣ
1072 2783 1249 2835 PMA’.
1500 2787 1529 2816 "

273 2874 398 2929 Οὔτε
435 2874 505 2928 δι’
536 2874 776 2945 ὀργάνου
812 2872 908 2927 τοῦ
940 2872 1278 2943 καλουμένου
1316 2872 1611 2944 ψαλτηρίου
1640 2872 1785 2927 λέλε-

218 2983 320 3018 κται
352 2965 419 3019 τὰ
452 2966 820 3037 προκείμενα,
862 2963 986 3018 οὔτε
1028 2964 1095 3018 δι’
1138 2964 1303 3037 ᾠδῆς,
1352 2966 1473 3020 καθ’
1498 2966 1685 3038 ἓτερον
1726 2966 1783 3020 δὲ

215 3060 408 3129 τρόπον,
432 3060 687 3125 Αἵνεσις
712 3058 1137 3130 ἐπιγέγραπται.

398 3154 542 3206 Καθ’
578 3150 846 3219 ἑκάστην
870 3152 1099 3223 ἡμέραν
1123 3152 1440 3222 εὐλογήσω
1472 3168 1564 3206 σε.

282 3244 437 3317 Ἀρχὴ
491 3246 633 3317 παρ’
694 3244 965 3315 Ἑϐραίοις
1014 3245 1108 3307 τοῦ
1162 3246 1431 3320 παρόντος
1484 3246 1664 3317 στίχου
1719 3246 1779 3301 τδ

216 3335 299 3406 βήθ
323 3336 447 3403 (20).
472 3336 739 3391 Διδάσκει
763 3336 818 3389 δὲ
835 3338 916 3391 ὅτι
934 3339 1197 3410 προσήκει
1224 3337 1782 3410 ὥσπρόφειλὴνέκά-

216 3442 328 3497 στης
356 3429 578 3501 ἡμέρας
607 3428 686 3500 τῷ
723 3429 842 3501 Θεῷ
876 3431 969 3483 τὸν
1008 3430 1175 3502 ὕμνον
1211 3431 1538 3485 ἀποδιδόναι.
1579 3472 1591 3484 .
1626 3431 1783 3503 μηδεο

217 3522 325 3585 μιᾶς
354 3520 575 3592 ἡμέρας
615 3519 694 3590 τῷ
732 3519 851 3590 Θεῷ
880 3520 1047 3593 ὕμνον
1093 3522 1377 3594 ὀλιγωρεῖν
1418 3523 1512 3576 καὶ
1544 3520 1779 3592 ἀπολιμ-

214 3610 448 3666 πάνεσθαι
498 3611 645 3683 (2i).
677 3613 895 3684 Διανοίᾳ
943 3613 1038 3684 μὲν
1081 3609 1174 3667 οὖν
1204 3614 1298 3667 καὶ
1341 3613 1649 3685 λογισμοῖς,
1686 3614 1782 3668 καὶ

215 3703 330 3774 αὐτῇ
366 3705 457 3758 τοῦ
488 3706 557 3758 ὲν
587 3707 720 3776 ἡμῖν
750 3705 1059 3776 πνεύματος
1081 3705 1310 3776 δυνάμει
1339 3706 1501 3759 αὐτὸν
1526 3705 1617 3759 τὸν
1649 3705 1782 3759 Θεὸν

214 3793 427 3867 ύῷοῦμεν
467 3796 575 3850 καὶ
602 3796 930 3867 εὐλογοῦμεν
948 3813 962 3827 ’
996 3797 1200 3867 χείλεσι
1230 3796 1286 3849 δὲ
1313 3796 1406 3849 καὶ
1437 3795 1651 3866 θνητοῖς
1684 3797 1782 3867 ρή-

217 3902 331 3953 μασι
356 3887 447 3941 τοῦ
477 3888 621 3941 Θεοῦ
661 3888 722 3941 τὸ
759 3888 926 3959 ὄνομα
969 3887 1283 3959 δοξάζομενο
1323 3889 1421 3942 Αεὶ
1468 3888 1548 3951 σὲ,
1592 3888 1777 3960 φησὶν,

215 3975 375 4047 ὑμνῶν
418 3980 684 4045 διατελῶ,
737 3982 833 4034 καὶ
887 3981 1145 4052 οὐδεμίαν
1199 3980 1427 4052 ἄμοιρον
1484 3980 1629 4033 ἐάσω
1679 3980 1782 4051 τῆς

213 4068 483 4140 ὑμνῳδίας.
512 4072 668 4125 Ἂντὶ
705 4072 761 4125 δὲ
794 4072 909 4137 τοῦ,
935 4075 1022 4138 εὶς
1053 4074 1159 4125 τὸν
1187 4070 1375 4126 αἰῶνα
1404 4072 1510 4127 τοῦ
1542 4071 1777 4140 αἰῶνος,

213 4159 342 4229 ὁμὲν
382 4164 624 4228 Ἀκύλας
652 4163 857 4229 εἰσέτι,
892 4167 921 4217 ὁ
948 4165 1004 4218 δὲ
1043 4165 1336 4237 Σύμμαχος
1364 4164 1654 4235 διηνεκῶς
1682 4169 1780 4238 ἡρ-

216 4252 489 4321 μήνευσαν.
520 4287 599 4297 —
643 4257 934 4310 Ἀκόλουθα
963 4258 1019 4312 δὲ
1048 4257 1223 4313 πάντα
1264 4262 1377 4323 τοῖς
1412 4258 1742 4331 προλαϐοῦσι
1761 4275 1775 4288 ’

214 4344 359 4401 εἰπὼν
394 4350 508 4421 γὰρ
559 4348 875 4419 εὐλογήσω
926 4350 1024 4404 καὶ
1070 4351 1329 4419 opaco,
1397 4351 1666 4404 δείκνυσιν
1703 4349 1780 4414 ὡς

214 4437 343 4492 οὐδὲν
364 4441 515 4513 αὐτῷ
555 4441 912 4513 προστίθησιν
937 4444 970 4513 ἡ
1000 4459 1079 4496 πα
1094 4443 1141 4514 ρ’
1171 4442 1330 4514 ἡμῶν
1354 4442 1627 4514 εὐφημία·
1660 4444 1780 4496 ἐαυ-

1886 597 1980 652 lilii
2014 609 2267 669 tanquam
2296 600 2519 654 novella:
2548 599 2683 654 olere
2712 609 2839 655 sunt
2863 600 3007 654 circa
3037 615 3277 655 mensam
3311 600 3451 666 ejus.

1885 688 1993 744 Sed
2024 690 2326 745 alienorum
2360 708 2388 743 a
2419 691 2529 745 Deo
2576 689 2857 744 hominum
2905 690 3021 755 ﬁlii,
3069 690 3295 745 novellae
3330 700 3457 745 sunt

1884 780 2248 850 plantationes
2275 781 2329 836 in
2355 780 2643 849 iuventute
2671 796 2792 835 sua.
2830 781 2896 835 Et
2920 781 3082 849 priori
3118 781 3355 849 quidem,
3389 782 3455 835 ll-

1885 869 1972 926 Iia:
2004 885 2110 926 non
2141 880 2298 937 sunt;
2336 872 2421 927 his
2445 883 2626 925 autem
2672 873 2855 943 specie
2887 872 3111 940 pulchra
3156 881 3211 926 et
3250 882 3455 927 ornatae

1886 960 2058 1014 instar
2094 959 2299 1030 templi.
2333 959 2505 1015 Priori
2534 969 2660 1015 sunt
2711 960 2805 1014 lilii
2836 961 3107 1025 ﬁliorum;
3145 961 3229 1016 his
3254 976 3456 1029 nequa-

1884 1066 2069 1121 quam.
2088 1050 2312 1122 Insuper
2332 1053 2497 1122 priori
2531 1068 2636 1106 non
2668 1061 2751 1107 est
2780 1068 2928 1115 arca,
2961 1066 3136 1122 neque
3166 1054 3452 1119 horreum;

1886 1141 1973 1197 his
2001 1151 2181 1197 autem
2214 1144 2583 1214 promptuaria
2612 1147 2716 1200 hac
2749 1145 2873 1200 illac
2897 1146 3240 1214 perﬂuentia.
3268 1144 3453 1213 Atqui,

1887 1238 2180 1291 secundum
2218 1236 2590 1306 Evangelium,
2639 1237 2762 1294 coeli
2816 1237 3128 1293 volatilibus
3177 1252 3205 1292 a
3244 1238 3455 1293 caelesti

1888 1327 2050 1382 Patre
2083 1329 2304 1385 nutritis
2359 1345 2463 1384 non
2513 1339 2597 1385 est
2646 1331 3077 1401 promptuarium
3126 1344 3300 1399 neque
3332 1329 3455 1384 bor-

1888 1435 2037 1474 reum
2064 1421 2130 1476 “.
2160 1421 2301 1486 Filii,
2331 1422 2706 1493 intelliguntur
2759 1422 3135 1477 haereticorum
3157 1433 3450 1479 sermones,

1886 1528 2189 1581 eorumque
2222 1522 2527 1569 commenta
2575 1522 2831 1583 tanquam
2895 1528 3046 1567 novae
3096 1510 3455 1579 plantationes

1885 1605 1954 1659 ob
2017 1605 2093 1659 rei
2152 1605 2470 1661 novitatem.
2528 1605 2702 1671 Filiae,
2766 1605 3139 1676 intelliguntur
3195 1604 3454 1658 vocabula

1887 1696 2109 1766 pulchra
2140 1705 2194 1752 et
2217 1709 2409 1753 ornata
2466 1698 2533 1753 ad
2585 1697 2935 1770 loquendum,
2981 1705 3034 1751 et
3078 1695 3241 1750 veluti
3288 1696 3456 1749 fastus

1890 1787 2164 1856 templum.

2089 1877 2253 1931 Vens.
2293 1878 2380 1932 II.
2423 1878 2543 1932 Non
2571 1891 2643 1932 est
2673 1880 2826 1932 ruina
2855 1879 3117 1944 maceries,
3147 1888 3252 1932 etc.

1958 1969 2013 2023 In
2041 1969 2142 2025 Joh
2174 1987 2387 2040 quoque
2414 1972 2611 2024 dicitur
2636 1991 2648 2025 :
2693 1972 2801 2026 Cur
2829 1972 2972 2039 impii
3000 1972 3193 2036 vivunt,
3224 1981 3270 2023 et
3295 1970 3350 2023 in
3375 1969 3461 2025 die

1887 2061 2025 2116 vitiis
2046 2071 2414 2115 consenescunt
2448 2061 2529 2116 ⁸⁸2
2565 2074 2619 2117 et
2652 2063 2878 2132 reliqua.
2917 2060 3302 2116 Verumtamen
3330 2062 3457 2116 sub-

1881 2150 2002 2219 jieit
2029 2168 2044 2205 :
2083 2150 2311 2227 Tametsi
2337 2154 2614 2222 impiorum
2644 2154 2855 2207 lucerna
2890 2153 3252 2222 exstinguetur
3277 2152 3342 2206 “.
3391 2151 3458 2205 Et

1889 2244 1942 2298 iu
1977 2245 2378 2315 septuagesimo
2402 2246 2641 2300 secundo
2665 2245 2912 2317 psalmo:
2952 2242 3129 2298 Zelavi
3170 2260 3325 2314 super
3349 2243 3455 2297 ini-

1885 2352 2037 2407 quos,
2066 2351 2247 2402 pacem
2274 2346 2605 2405 peccatorum
2654 2335 2831 2389 videns
2861 2336 2927 2399 ⁸⁷,
2961 2344 3015 2389 et
3042 2333 3274 2402 reliqua.
3309 2334 3456 2401 Quo-

1887 2443 2007 2481 rum
2041 2427 2239 2483 solutio
2271 2426 2615 2499 subiungitur
2654 2427 2739 2482 his
2774 2428 2997 2483 verbis:
3047 2428 3328 2493 Quomodo
3376 2441 3461 2480 re-

1886 2520 2029 2576 dacti
2060 2529 2190 2576 sunt
2219 2521 2286 2575 ad
2316 2520 2709 2577 solitudinem?
2755 2520 2936 2574 subito
2979 2519 3257 2587 perierunt
3280 2516 3349 2573 ob
3379 2517 3460 2571 in-

1886 2613 2345 2670 considerantiam
2421 2629 2598 2669 suam.
2658 2629 2757 2669 ceu
2821 2613 3093 2667 somnium
3154 2608 3460 2681 evigilantis

1886 2716 2070 2760 mente
2105 2706 2307 2760 deﬂuit.

2386 2794 2706 2861 PSALMUS
2745 2796 2972 2852 CXLIV.

1958 2886 2142 2957 Neque
2168 2888 2235 2943 ad
2263 2902 2525 2959 organum
2576 2905 2750 2957 neque
2806 2893 2874 2944 ad
2930 2888 3247 2959 psalterium
3284 2890 3460 2943 dictus

1885 2977 1982 3032 fuit
2014 2977 2101 3033 hic
2137 2978 2401 3047 psalmus,
2426 2994 2602 3048 neque
2641 2979 2837 3035 cantici
2876 2979 3275 3051 autcujuslibet
3300 2978 3458 3034 metri

1884 3084 2079 3125 nomen
2117 3069 2299 3138 habet,
2331 3070 2425 3125 sed
2457 3070 2600 3125 Laus
2633 3071 2965 3127 inscribitur.

2032 3161 2193 3216 Vens.
2226 3160 2282 3217 2.
2324 3160 2431 3217 Per
2457 3165 2689 3234 singulos
2723 3166 2833 3219 dies
2863 3164 3157 3218 benedicam
3202 3164 3317 3217 tibi.

1961 3251 2176 3307 Initium
2204 3254 2346 3322 apud
2376 3254 2633 3310 Hebrteos
2664 3255 2950 3324 praesentis
2979 3254 3231 3309 versiculi
3261 3260 3343 3308 est
3371 3252 3462 3308 Iit-

1885 3356 1997 3401 tera
2061 3345 2197 3400 bella.
2264 3346 2532 3401 Docemur
2590 3359 2814 3414 autem,
2872 3357 3125 3417 oportere
3203 3359 3459 3415 tanquam

1885 3438 2315 3506 uniuscujusque
2350 3439 2454 3493 diei
2487 3439 2752 3505 debitum,
2805 3440 3066 3511 hymnum
3110 3441 3217 3493 Deo
3258 3438 3465 3507 persol-

1882 3544 2029 3593 vere,
2062 3529 2227 3592 nullo,
2262 3529 2502 3600 inquam,
2535 3532 2621 3585 die
2646 3532 2990 3604 hymuodiam
3027 3532 3265 3585 divinam
3295 3528 3465 3600 negli-

1883 3636 2008 3693 gere
2043 3630 2132 3675 aut
2161 3621 2439 3676 omittere.
2472 3622 2537 3677 Et
2562 3633 2742 3678 mente
2787 3623 3028 3697 quidem,
3082 3633 3136 3676 et
3179 3620 3464 3690 cogitatio-

1883 3714 2067 3782 nihus,
2123 3723 2179 3768 et
2228 3714 2343 3783 ipsa
2388 3713 2615 3785 spiritus
2655 3715 2703 3770 vi
2758 3716 2924 3770 Deum
2955 3714 3265 3770 extollimus
3301 3721 3469 3783 atque

1886 3804 2214 3861 laudamus:
2246 3806 2404 3861 labiis
2435 3822 2565 3861 vero
2604 3816 2657 3862 et
2684 3808 2949 3877 perituris
2993 3807 3177 3862 verbis
3222 3804 3317 3861 Dei
3367 3818 3466 3857 no-

1885 3911 2008 3952 men
2048 3896 2441 3969 glorilicamus.
2475 3898 2573 3963 'I'e,
2610 3898 2809 3969 inquit,
2856 3913 3075 3970 semper
3112 3898 3329 3969 hymnis
3375 3913 3466 3952 ee-

1892 3988 2066 4054 lebro,
2099 3988 2411 4060 nullamque
2460 3990 2602 4045 diem
2657 3991 2864 4061 absque
2913 3992 3199 4062 hymnodia
3248 4000 3467 4060 praeter-

1887 4080 2061 4134 mitto.
2093 4079 2210 4135 .Iam
2248 4096 2345 4151 pro
2376 4082 2580 4146 verbis,
2617 4083 2671 4135 in
2710 4099 2812 4136 rrec
2830 4082 2976 4136 ulum
3033 4082 3235 4146 swculi,
3272 4080 3462 4150 Aquila

1882 4172 2274 4241 interpretatus
2312 4181 2420 4238 est,
2448 4190 2612 4244 usque
2638 4174 2835 4238 adhuc,
2879 4174 3241 4244 Symmachus
3284 4183 3468 4226 autem

1882 4264 2228 4321 continenter.
2258 4296 2327 4304 —
2349 4264 2555 4320 Cuncta
2589 4274 2770 4320 autem
2801 4274 3167 4320 consentanea
3202 4274 3330 4319 sunt
3359 4264 3467 4334 pri-

1879 4354 2087 4410 oribus.
2121 4354 2255 4409 Nam
2285 4370 2408 4410 cum
2466 4356 2685 4423 dixerit,
2723 4356 2957 4412 laudabo
2995 4366 3049 4412 et
3084 4356 3356 4420 exaltabo,
3391 4356 3467 4410 si-

1881 4445 2102 4517 gniﬁcat
2136 4447 2270 4502 nihil
2300 4446 2408 4504 Deo
2434 4449 2556 4503 addi
2598 4464 2628 4503 a
2678 4450 2888 4504 nostris
2930 4449 3197 4505 laudibus.
3246 4446 3467 4504 Nosmet

214 4529 322 4593 τοὺς
350 4531 407 4583 δὲ
452 4532 881 4605 λαμπρύνομεν,
916 4529 1065 4587 αἶνον
1102 4533 1158 4587 δὲ
1198 4535 1278 4598 είς
1305 4532 1397 4585 τὸν
1434 4529 1581 4586 αἶνον
1624 4550 1781 4604 προσ-

1892 4540 2068 4609 potius
2116 4539 2477 4604 illustramus,
2530 4542 2657 4595 dum
2699 4540 2916 4596 laudem
2968 4541 3127 4598 laude
3181 4540 3466 4597 connecti-

215 4633 430 4686 αγοντες.

346 4716 451 4769 Καὶ
485 4715 563 4785 τῇ
590 4716 948 4785 δικαιοσύνῃ
976 4732 1092 4771 σου
1124 4716 1618 4785 ἀγαλλιάσονται.

270 4806 363 4859 Διὰ
401 4808 612 4862 τούτων
651 4809 894 4863 διδάσκει
936 4808 1030 4862 τοῦ
1066 4808 1201 4862 Θεοῦ
1247 4808 1345 4873 τὰς
1385 4810 1606 4880 ἀρετὰς,
1654 4810 1777 4863 ὅσαι

214 4895 280 4959 εἰς
307 4899 448 4969 ἡμᾶς
483 4900 785 4972 διήκουσιν,
822 4902 915 4970 ἀφ’
951 4893 1027 4954 ὧν
1068 4901 1229 4954 αὑτὸν
1272 4902 1365 4955 καὶ
1404 4901 1774 4973 γνωρίζομενο

214 4984 297 5049 τὰς
321 4991 425 5062 γὰρ
462 4992 605 5065 ὑπὲρ
626 4994 773 5065 ἡμᾶς
805 4991 1152 5064 ἀθεωρήτους
1177 4995 1309 5064 ἡμῖν
1335 4991 1501 5058 οὔσας
1528 4995 1623 5047 καὶ
1648 4995 1779 5048 ἀκα-

212 5075 516 5149 ταλήπτους.
542 5084 642 5153 οὐχ
670 5077 779 5137 οἷόν
811 5082 872 5136 τέ
906 5084 1021 5136 ἐστι
1050 5083 1216 5155 θνητῇ
1249 5083 1410 5152 φύσει
1438 5084 1773 5155 περιλαϐεῖν.

224 5164 319 5221 ’Δεῖ
349 5170 404 5224 δὲ
440 5175 523 5237 εἰς
559 5175 709 5245 ἡμᾶς
749 5174 1049 5244 φθάνουσαι
1083 5174 1177 5228 τοῦ
1231 5174 1367 5228 Θεοῦ
1416 5176 1630 5247 ἀρεταὶ,
1683 5176 1777 5246 ἀφ’

211 5247 276 5310 ὧν
301 5262 459 5317 αὐτὸν
498 5264 863 5338 γινώσκομεν,
900 5268 956 5319 αἱ
988 5266 1164 5336 φωναί
1198 5268 1336 5320 εἰσιν
1363 5262 1539 5323 αὗται.

276 5577 316 5607 ⁸⁸
346 5577 537 5636 IIattb.
573 5596 645 5645 vt,
680 5582 768 5636 26.
846 5583 891 5614 ⁸⁵
919 5581 1020 5637 Job
1047 5599 1157 5649 xxi,
1186 5582 1236 5635 7.

278 5761 385 5834 {'10)
420 5762 624 5834 Nempe
651 5758 903 5831 ant-5:2,
939 5771 991 5823 in
1018 5772 1157 5824 omni
1178 5772 1279 5826 die.

1884 4646 2023 4687 IIIIIS.

2109 4719 2274 4776 Vens.
2310 4721 2364 4775 7.
2403 4720 2473 4776 Et
2504 4725 2717 4792 Justiria
2757 4735 2847 4778 tua
2897 4723 3250 4779 exsultabant.

1956 4811 2052 4867 His
2074 4813 2257 4869 verbis
2283 4814 2524 4869 declarat
2553 4814 2644 4870 Dei
2678 4817 2927 4883 virtutes,
2960 4825 3234 4887 quatenus
3260 4814 3328 4869 ad
3364 4829 3468 4869 nos

1886 4903 2202 4969 deveniunt,
2231 4918 2301 4958 ex
2322 4906 2522 4974 quibus
2556 4908 2805 4962 eumdem
2836 4909 3218 4978 cognoscimus
3247 4925 3261 4973 ;
3296 4907 3461 4961 virtu-

1887 5007 1991 5061 tes,
2054 4996 2297 5065 inquam,
2342 4996 2501 5053 nobis
2552 4999 2885 5068 superiores,
2938 5000 3240 5055 invisibiles
3280 5007 3336 5052 ct
3373 4996 3461 5050 iu-

1886 5088 2432 5157 comprehensibiles,
2506 5106 2644 5159 quas
2715 5090 2959 5147 mortalis
3026 5103 3215 5146 natura
3283 5098 3465 5142 meme

1886 5178 2173 5249 complecti
2203 5182 2412 5250 nequit.
2481 5182 2737 5240 Attamen
2801 5184 2894 5240 Dei
2944 5184 3175 5238 virtutes
3204 5188 3465 5252 perpetuo

1886 5270 1952 5325 ad
1997 5286 2097 5326 nos
2129 5272 2504 5341 decurrentes,
2547 5292 2611 5331 ex
2648 5277 2852 5348 quibus
2898 5292 3020 5334 eum
3064 5275 3463 5347 cognoscimus,

1886 5362 1965 5416 ha:
1997 5363 2219 5418 totidem
2250 5379 2587 5431 voces_sunt.

1314 5584 1514 5638 “ibid.
1549 5584 1632 5637 17.
1713 5585 1755 5615 ⁸⁷
1816 5584 1959 5641 Psal.
2012 5602 2179 5654 ωιτη,
2218 5590 2271 5644 5.

280 5832 382 5903 (2t)
410 5832 796 5909 Observemus,
836 5850 971 5896 teste
1005 5841 1256 5910 Eusebio,
1307 5842 1614 5914 hymnodia:
1638 5843 1966 5914 quotidianae
1998 5844 2051 5899 in
2084 5843 2323 5902 Ecclesia
2358 5845 2825 5903 consuetudinem.
