3968 6498
476 400 545 456 59
1144 389 1413 446 EUSEBII
1453 382 1934 441 CAESARIENSIS
1970 381 2122 438 OPP.
2167 377 2344 435 PARS
2376 378 2471 435 ιιι.
2498 410 2565 419 —-
2606 375 3019 433 EXEGETICA.
3652 381 3727 429 δυ

584 517 746 570 Vens.
775 516 828 570 8.
860 512 1147 566 Miserator
1174 508 1547 633 e{.misericors
1578 507 1859 570 Dominus,
1888 512 1945 559 et

1145 594 1374 633 retaua.

1145 594 1374 649 rettqua.

545 680 679 735 Cum
714 676 843 732 nihil
873 690 968 731 nos
992 686 1259 736 essemus,
1286 682 1464 740 neque
1496 669 1672 724 adhuc
1694 666 2043 728 exsistentes,

478 772 530 825 in
562 770 737 823 lucem
767 765 1016 837 protulit.
1053 763 1259 818 Deinde
1289 777 1457 831 prava
1494 759 1661 815 multa
1694 765 1944 829 agentes,
1990 765 2047 811 et

476 861 708 932 superbo
733 866 1046 927 contemptu
1071 856 1336 921 viventes,
1372 870 1477 909 non
1502 868 1600 923 pro
1631 850 1837 906 meritis
1861 863 2047 919 perse-

474 954 681 1023 quitur,
729 951 821 1007 sed
858 950 1170 1012 miseretur,
1198 948 1399 1015 diuque
1443 960 1542 1001 nos
1583 953 1746 999 vocat
1779 942 1845 996 ad
1874 940 2047 1009 pceni-

478 1043 723 1108 tentiam,
756 1041 881 1111 quia
911 1050 1140 1093 mortem
1170 1038 1475 1107 peccatoris
1505 1051 1609 1091 non
1642 1034 1780 1098 vult,
1810 1034 1904 1088 sed
1933 1050 2047 1088 ma-

476 1135 559 1203 gis
581 1133 699 1204 ejus
727 1132 1126 1201 pmniteutiant.
1178 1128 1363 1199 Neque
1399 1130 1474 1183 ita
1502 1118 1631 1198 erga
1680 1142 1807 1181 suos
1838 1135 2043 1179 tantum

479 1241 536 1280 se
560 1225 718 1295 gerit,
748 1224 843 1279 sed
876 1237 1004 1293 erga
1032 1236 1222 1278 omnes
1248 1221 1473 1276 omnino
1500 1237 1514 1283 ;
1543 1227 1627 1273 est
1654 1218 1800 1272 enim
1836 1216 2046 1272 cunctis

477 1317 760 1386 benignus.

513 1493 676 1550 Vens.
711 1495 764 1550 9.
798 1493 865 1548 Et
899 1494 1281 1613 miseratio-nes!
1294 1495 1411 1559 ejus
1443 1504 1600 1558 super
1643 1485 1820 1540 omnia
1852 1501 2010 1554 opera

1130 1580 1243 1613 81118
1288 1577 1390 1613 em.

1130 1577 1390 1629 ejusdem.

545 1654 811 1721 Quoniam
860 1652 1239 1708 miserationes
1293 1650 1410 1721 ejus
1467 1649 1685 1705 cunctis
1751 1648 2047 1719 praevalent

472 1746 716 1814 ejusdem
744 1746 1021 1815 Operihus,
1058 1751 1456 1812 consequenter
1502 1741 1705 1796 dictum
1754 1750 1872 1795 est:
1905 1738 2044 1793 Con-

2072 504 2117 561 Α
2140 501 2467 569 Οικτίρμων
2491 499 2588 552 καὶ
2611 498 2889 567 ἐλεήμων
2906 500 2939 550 ό
2962 496 3195 563 Κύριος,
3223 495 3314 547 καὶ
3336 492 3403 547 τὰ
3434 492 3723 552 ἀκόλουθα.

2215 654 2306 724 Μὴ
2333 652 2441 723 γὰρ
2483 653 2643 716 ὄντας
2670 653 2843 722 ἡμᾶς,
2872 649 3004 721 μηδὲ
3037 649 3373 716 ὑφεστῶτας,
3401 650 3724 723 παρήγαγεν

2144 746 2224 809 εἰς
2253 744 2369 813 φῶς
2388 761 2402 775 ·
2444 739 2563 798 εἶτα
2592 742 2761 797 πολλὰ
2794 742 3037 814 δρῶντας
3078 742 3225 795 κακά
3256 742 3349 796 καὶ
3382 759 3725 813 καταφρονη-

2142 837 2310 901 τικῶς
2358 837 2578 907 ἔχοντας
2633 836 2831 899 αὐτοὺς
2878 836 2940 888 ού
2997 834 3316 906 μετέρχεται
3366 837 3484 887 κατ’
3528 834 3721 899 ἀξίαν·

2144 929 2234 999 ἐμ.
2265 967 2281 983 .
2308 928 2365 982 δὲ
2392 931 2548 993 ὲλεεῖ,
2578 927 2713 981 ἀλλά
2743 929 2838 982 καὶ
2876 926 3221 998 μακροθυμεῖ
3246 925 3723 997 προσκαλούμενος

2142 1019 2293 1090 ἡμᾶς
2321 1022 2401 1083 είς
2439 1019 2747 1090 μετάνοιαν,
2783 1016 2871 1070 διὰ
2904 1017 2964 1070 τὸ
3003 1016 3077 1087 μὴ
3120 1015 3403 1086 βούλεσθαι
3431 1014 3522 1069 τὸν
3560 1016 3727 1069 θάνα-

2143 1129 2233 1164 τον
2281 1112 2375 1165 τοῦ
2421 1109 2768 1183 ἀμαρτωλοῦ,
2817 1110 2892 1174 ὡς
2932 1109 3031 1181 τὴν
3080 1109 3368 1181 μετάνοιαν
3417 1108 3612 1162 αὑτοῦ·
3659 1109 3724 1161 ού

2148 1199 2304 1270 μόνον
2341 1200 2398 1253 δὲ
2440 1200 2569 1271 περὶ
2617 1199 2742 1262 τοὺς
2774 1200 3008 1262 οἰκείους
3050 1197 3207 1251 τοῦτό
3252 1199 3432 1261 ἐστιν,
3464 1196 3601 1250 ἀλλά
3628 1197 3728 1250 καὶ

2146 1292 2273 1362 περὶ
2323 1291 2530 1353 πάντας
2587 1289 2956 1355 ἁπαξαπλῶς,
3016 1289 3139 1343 ἐπεὶ
3187 1288 3280 1341 καὶ
3325 1288 3559 1360 χρηστός
3606 1289 3727 1340 ὲστι

2144 1384 2257 1446 τοῖς
2293 1381 2590 1452 σύμπασιν.

2145 1475 2254 1529 Καὶ
2288 1477 2343 1527 ol
2372 1473 2657 1543 οἰκτιρμοί
2691 1473 2875 1527 αὐτοῦ
2900 1471 2996 1525 ἐπὶ
3027 1470 3223 1524 πάντα
3251 1468 3323 1523 τὰ
3349 1469 3493 1539 ἔργα
3514 1470 3725 1525 αὑτοῦ.

2230 1649 2450 1721 Ἐπειδὴ
2489 1651 2537 1703 οἱ
2582 1649 2857 1720 οίκτιρμοὶ
2902 1645 3065 1701 αὑτοῦ
3113 1647 3204 1700 ἐπὶ
3248 1645 3424 1699 πάντα
3475 1644 3543 1698 τά
3586 1644 3730 1715 ἔργα

2146 1742 2333 1799 αὐτοῦ.
2371 1743 2682 1806 ἀκολούθως
2708 1742 2991 1795 λέλεκται’
3033 1737 3732 1809 Ἐξομολογησάσθωσάν

472 1839 730 1906 ﬁteantur
761 1839 853 1891 tibi
884 1839 941 1891 in
965 1837 1141 1890 omnia
1171 1851 1329 1905 opera
1370 1844 1482 1887 tua.
1539 1833 1779 1887 Debetur
1806 1832 1856 1885 ei
1894 1831 2043 1885 insu-

2153 1847 2246 1886 σοι
2278 1833 2476 1887 πάντα
2516 1834 2589 1887 τὰ
2627 1833 2771 1902 ἔργα
2816 1845 2963 1885 σου·
3012 1829 3425 1899 προσοφείλεται
3469 1827 3615 1896 αὐτῷ
3649 1826 3731 1887 ῶς

472 1944 593 1999 per,
619 1939 679 1984 ut
708 1930 836 2000 ipsa:
860 1944 980 1999 quas
1010 1927 1278 1981 inanimes
1314 1925 1698 1980 existimantur
1757 1932 2040 1987 creaturas,

470 2036 606 2076 voce
631 2022 1019 2091 propemodum
1050 2020 1246 2073 emissa
1281 2018 1486 2087 gratias
1518 2017 1566 2069 ei
1608 2026 1795 2086 agant,
1826 2023 1880 2067 et
1909 2030 2041 2067 cott-

472 2112 732 2166 ﬁteantur
760 2111 997 2166 creatori
1049 2124 1172 2164 suo.
1220 2106 1523 2177 Participat
1548 2106 1691 2159 enim
1722 2103 2044 2172 sapientiam

468 2202 588 2269 ejus
614 2218 950 2273 unaquaeque
971 2203 1039 2257 ab
1059 2217 1125 2257 eo
1156 2200 1306 2255 varie
1330 2207 1647 2255 constructa
1682 2206 1957 2258 creatura,
1991 2205 2046 2248 et

470 2296 581 2348 vim
614 2295 910 2350 creationis
947 2293 1185 2350 mirabili
1226 2292 1459 2346 artiﬁcio
1489 2290 1672 2345 sentit.
1722 2286 2047 2358 Specialiter

470 2398 601 2440 vero
630 2385 1010 2455 praecipueque
1039 2383 1212 2439 sancti
1247 2383 1367 2453 ejus
1399 2382 1658 2452 majorem
1712 2379 1887 2435 laudis
1933 2394 2047 2448 par-

473 2486 581 2532 tem
613 2478 960 2533 rctribuunt:
994 2492 1117 2532 nam
1144 2476 1211 2531 iis
1245 2491 1365 2545 qua:
1390 2475 1631 2545 cogitant
1668 2483 1834 2541 atque
1859 2479 2042 2540 agunt,

472 2582 697 2638 regnum
724 2570 841 2637 ejus
869 2570 1188 2640 praedicant.
1226 2570 1279 2623 in
1330 2579 1674 2623 antecessum
1726 2565 1779 2619 id
1820 2562 2047 2618 manife-

472 2669 706 2724 stantes,
734 2670 790 2714 ut
827 2670 1086 2730 tanquam
1114 2661 1165 2715 ei
1203 2661 1519 2723 militantes,
1554 2658 1723 2725 gloria
1752 2658 1859 2711 siut
1895 2656 2044 2723 regni

473 2753 612 2819 ejus.
652 2751 1034 2807 Praedicabunt
1086 2754 1213 2808 item
1262 2752 1675 2808 connaturalem
1722 2766 1888 2820 regno
1926 2750 2045 2818 ejus

469 2844 832 2909 dominatum,
860 2854 914 2899 et
940 2845 1085 2915 quod
1137 2860 1476 2915 unaqumque
1506 2854 1756 2898 creatura
1795 2843 2047 2897 ordinate

2146 1924 2241 1978 καὶ
2270 1923 2409 1977 αύτά
2430 1924 2498 1977 τὰ.
2527 1922 2859 1994 νομιζόμενα
2888 1917 3027 1974 εἶναι
3053 1920 3256 1990 ἄψυχα,
3295 1918 3476 1989 φωνὴν
3499 1918 3733 1986 ἀφιέντα

2149 2016 2430 2087 μονονουχὶ
2473 2016 2815 2086 εὐχαριστεῖν
2866 2014 2960 2067 καὶ
3004 2012 3439 2084 ἐξομολογεῖσθαι
3480 2010 3555 2081 τῷ
3603 2027 3729 2062 ποι-

2146 2108 2337 2178 ήσαντι
2370 2108 2531 2162 αὑτά.
2558 2107 2793 2178 Μετέχει
2826 2106 2935 2178 γὰρ
2962 2106 3060 2175 τῆς
3086 2104 3252 2158 αὑτοῦ
3284 2105 3473 2173 σοφίας
3500 2106 3733 2157 ἕκαστον

2146 2200 2309 2253 αὐτοῦ
2354 2200 2463 2253 τῶν
2512 2200 2689 2272 έργων
2740 2200 3001 2264 ποικίλως
3054 2198 3579 2267 κατεσκευασμένον,
3632 2198 3733 2250 καὶ

2146 2293 2435 2360 πανσόφως
2504 2293 2726 2363 μετέχον
2797 2292 2897 2362 τῆς
2954 2291 3351 2363 δημιουργικῆς
3408 2291 3730 2359 δυνάμεως·

2146 2384 2543 2455 ἀφωρισμένως
2600 2384 2658 2439 δὲ
2702 2384 2795 2438 καὶ
2850 2385 3143 2456 ἐξαιρέτως
3177 2386 3225 2437 οἱ
3271 2386 3408 2437 ὅσιοι
3460 2383 3621 2436 αὑτοῦ
3666 2382 3735 2435 τὸ

2150 2476 2333 2549 μεῖζον
2373 2477 2472 2546 τῆς
2521 2477 2958 2549 ὲξομολογήσεως
3010 2477 3355 2531 ἀποδιδόασιο
3404 2477 3470 2530 δι’
3502 2469 3576 2529 ὧν
3619 2475 3735 2547 γάρ

2148 2570 2403 2641 φρονοῦσι
2452 2572 2545 2623 καὶ
2582 2570 2897 2640 πράττουσι,
2926 2569 3025 2641 τὴν
3053 2570 3326 2639 βασιλείαν
3368 2568 3531 2622 αὑτοῦ
3579 2569 3735 2639 ὲροῦ-

2149 2681 2253 2727 σιν,
2286 2664 2674 2734 ἐμφανίζοντες
2710 2663 3140 2734 προγευστικῶς,
3175 2662 3250 2726 ὡς
3287 2662 3435 2731 αὐτῷ
3473 2678 3734 2733 στρατευ-

2150 2759 2372 2828 σάμενοι
2403 2756 2561 2820 δόξαν
2590 2751 2729 2809 εἶναι
2763 2756 2863 2826 τῆς
2903 2755 3180 2825 βασιλείας
3209 2754 3373 2809 αὑτοῦ
3394 2771 3407 2785 ’
3436 2754 3735 2825 λαλήσουσι

2146 2850 2202 2904 δὲ
2246 2850 2340 2903 x11
2383 2849 2606 2921 συμφυῆ
2645 2848 2962 2903 δυναστείαν
2995 2852 3060 2919 τῇ
3100 2848 3370 2919 βασιλείᾳ,
3419 2848 3493 2913 ὡς
3522 2848 3735 2902 ἕκαστα

469 2935 519 2989 ei
556 2936 763 2991 subest.
801 2936 931 2992 Cum
975 2939 1086 2991 sint
1137 2936 1384 2993 benevoli
1437 2937 1490 2991 hi
1524 2935 1614 3004 qui
1649 2935 1820 3004 gratia
1854 2943 1940 2987 tua
1978 2934 2045 2987 ad

472 3036 523 3082 te
556 3043 652 3093 per
675 3030 1019 3083 sanctitatem
1047 3030 1298 3084 conversi
1330 3036 1477 3092 sunt,
1513 3028 1653 3082 bona
1689 3042 1787 3080 sua
1817 3026 1939 3080 sine
1968 3025 2044 3079 in-

2153 2939 2253 2992 τῶν
2278 2938 2590 3008 κτισμάτων
2621 2938 2933 3093 sexve);
2972 2937 3120 3008 αὐτῷ
3152 2936 3548 2991 ὑποτέτακται·
3578 2938 3736 3000 ὄντες

2153 3030 2519 3093 φιλάνθρωποι
2547 3032 2594 3082 οἱ
2625 3029 2693 3093 τῆ
2807 3029 2897 3093 ρὸς
2924 3030 2985 3083 σὲ
3015 3031 3110 3083 καὶ
3142 3030 3292 3093 παρά
3320 3029 3413 3081 σοῦ
3453 3029 3734 3093 ὁσιότητος

472 3036 523 3082 te
556 3043 652 3097 per
675 3030 1019 3083 sanctitatem
1047 3030 1298 3084 conversi
1330 3036 1477 3092 sunt,
1513 3028 1653 3082 bona
1689 3042 1787 3080 sua
1817 3026 1939 3080 sine
1968 3025 2044 3079 in-

468 3117 614 3172 vidia
657 3121 1066 3174 communicant
1116 3135 1217 3189 per
1273 3119 1647 3189 magisterium
1700 3118 1826 3172 ﬁliis
1871 3117 2046 3171 homi-

2148 3030 2519 3103 φιλάνθρωποι
2547 3032 2594 3082 οἱ
2625 3029 2740 3099 τῆ(
2760 3029 2897 3099 πρὸς
2924 3030 2985 3083 σὲ
3015 3031 3110 3083 καὶ
3142 3030 3292 3099 παρά
3320 3029 3413 3081 σοῦ
3453 3029 3734 3098 ὁσιότητος

2151 3121 2625 3193 μεταποιούμενοι,
2665 3119 2914 3189 ἀφθόνως
2951 3114 3025 3174 ὧν
3056 3120 3214 3190 ἔσχον
3243 3120 3464 3188 ἀγαθῶν
3511 3120 3732 3190 μεταδι-

471 3223 624 3264 num.
680 3208 882 3265 Rerum
940 3198 1338 3275 tantummodo‘,
1382 3225 1502 3279 qua:
1549 3210 1844 3263 humanam
1876 3209 2042 3262 vitam

2153 3217 2298 3270 δόασι
2347 3216 2460 3277 τοῖς
2503 3212 2611 3267 τῶν
2645 3211 2950 3283 ἀνθρώπων
2993 3212 3128 3275 υἱοῖς
3163 3210 3582 3274 διδασκαλικῶςο
3634 3210 3736 3280 μό-

468 3301 763 3363 excedunt,
792 3303 1055 3372 magister
1097 3312 1263 3372 atque
1295 3310 1612 3356 antecessor
1640 3299 1892 3355 Christus
1924 3308 2046 3363 est;

471 3406 596 3445 cum
629 3391 665 3445 ii
697 3392 792 3461 qui
824 3394 1001 3447 adhuc
1030 3393 1123 3447 ﬁlii
1157 3393 1435 3447 hominum
1465 3401 1642 3457 erant,
1692 3392 1933 3460 magistri
1962 3406 2049 3445 es-

468 3493 589 3537 sent
618 3481 796 3540 eﬂecti
840 3486 1003 3541 abiis
1041 3501 1182 3555 quos
1232 3486 1349 3557 ipse
1400 3484 1659 3540 Christus
1706 3487 2043 3539 erudiverat.

468 3572 670 3630 Paulus
698 3577 865 3648 igitur
899 3592 1003 3631 non
1056 3578 1122 3633 ab
1149 3577 1482 3644 hominibus,
1520 3586 1617 3632 aut
1644 3592 1742 3643 per
1772 3577 2044 3639 homines,

2145 3326 2251 3361 νων
2278 3306 2389 3378 γὰρ
2420 3305 2527 3358 τῶν
2572 3306 2669 3374 τὴν
2701 3304 3048 3375 ἀνθρωπίνην
3083 3304 3227 3375 ζωὴν
3257 3302 3738 3375 ὑπεραναὸεϐηκό-

2143 3418 2251 3453 των
2293 3398 2610 3460 διδάσκαλος
2653 3396 2747 3449 καὶ
2782 3396 3099 3467 καθηγητὴς
3140 3398 3170 3449 6
3212 3396 3467 3468 Χριστὸς,
3508 3394 3615 3448 τῶν
3650 3395 3734 3447 ἔτι

2143 3488 2519 3559 τυγχανόντων
2556 3486 2689 3540 υἱῶν
2726 3487 3029 3558 ἀνθρώπων
3060 3486 3395 3541 διδασκάλων
3430 3485 3741 3557 γινομένων

2146 3580 2252 3633 ὑπὸ
2278 3580 2389 3633 τῶν
2423 3580 2528 3632 ὑπὸ
2564 3579 2803 3649 Χριστοῦ
2834 3578 3280 3649 πεπαιδευμένων
3300 3595 3313 3609 ⁸
3358 3577 3570 3641 Παῦλος
3599 3578 3734 3647 γοῦν

468 3666 564 3720 sed
593 3681 622 3719 a
653 3668 987 3724 revelatioue
1017 3669 1144 3725 Jesu
1174 3668 1376 3725 Christi
1411 3679 1636 3740 accepto
1666 3668 2038 3739 Evangelia",

2153 3677 2175 3729 6
2207 3674 2282 3745 μὴ
2315 3672 2469 3743 παρά
2494 3671 2796 3743 ἀνθρώπων
2815 3671 2961 3741 ,ἢὸι’
2988 3668 3311 3741 ἀνθρώπων,
3338 3670 3475 3724 ἀλλά
3500 3671 3567 3724 δι’
3596 3673 3735 3725 ἀποι

472 3757 633 3827 idque
668 3758 913 3827 edoctus,
970 3760 1215 3829 gentium
1269 3761 1460 3816 doctor
1489 3761 1543 3815 in
1574 3760 1678 3815 ﬁde
1726 3774 1791 3814 ac
1820 3760 2046 3813 veritate

2153 3763 2433 3833 καλύψεως
2462 3762 2635 3833 Ἰησοῦ
2658 3761 2893 3834 Χριστοῦ
2919 3760 3250 3833 παραλαϐὼν
3272 3762 3363 3814 καὶ
3382 3762 3650 3833 διδαχθεὶς
3671 3764 3741 3815 τὸ

470 3850 660 3904 evasit.
693 3849 832 3917 Quin
858 3852 995 3907 adeo
1031 3850 1296 3912 Servator
1340 3853 1455 3922 ipse
1503 3852 1652 3907 misit
1675 3852 1947 3921 apostolos
1978 3852 2043 3905 ad

2153 3853 2500 3922 Εύαγγέλιον,
2524 3853 2843 3917 διδάσκαλος
2866 3852 3035 3906 ἐθνῶν
3062 3854 3118 3906 ὲν
3141 3853 3320 3905 πίστει
3357 3855 3451 3907 καὶ
3471 3854 3699 3925 ἀληθεία
3715 3873 3729 3885 ·

468 3942 742 3999 docendas
794 3955 1016 4015 gentes;
1072 3958 1210 4015 quos
1257 3954 1420 3997 antea
1472 3954 1757 3999 monuerat
1788 3957 1855 3998 ne
1881 3958 2042 4012 quem

2153 3944 2341 4013 ἀμέλει
2370 3942 2499 4013 γοῦν
2542 3944 2637 3998 καὶ
2670 3943 2835 4005 αὐτὸς
2866 3945 2894 3996 6
2921 3945 3113 4015 Σωτὴρ
3138 3944 3411 4015 ἐκπέμπει
3444 3945 3568 4008 τοὺς
3605 3946 3739 3999 ἀποο

468 4034 789 4105 ntagislrum
847 4037 900 4090 in
946 4045 1092 4090 terra
1131 4035 1491 4104 appellarent.
1538 4035 1668 4102 Qua:
1709 4050 1837 4106 ergo
1882 4036 1950 4089 ab
1978 4050 2043 4088 eo

2153 4035 2372 4099 στόλους
2402 4037 2493 4089 ἐπὶ
2520 4036 2597 4106 τῷ
2632 4035 2971 4107 μαθητεῦσαι
2998 4037 3172 4090 πάντα
3200 4036 3270 4089 τὰ
3298 4036 3446 4107 ἔθνη,
3470 4038 3735 4109 πρότερον

468 4125 647 4178 sancti
680 4125 917 4190 discunt,
953 4126 1068 4181 haec
1099 4126 1225 4179 liliis
1257 4127 1541 4181 hominum
1577 4128 1881 4181 notiﬁcaut.

2153 4127 2444 4191 παιδεύσας
2466 4129 2664 4192 αὐτοὺς
2690 4128 2765 4199 μὴ
2790 4128 2974 4181 καλεῖν
3009 4128 3327 4181 διδάσκαλον
3355 4130 3449 4183 ἐπὶ
3474 4130 3574 4201 τῆς
3598 4131 3730 4202 γῆς’

466 4212 503 4267 ἃ
530 4214 707 4269 τοίνυν
730 4220 860 4289 παρ’
884 4219 1049 4273 αὑτοῦ
1085 4219 1444 4290 μανθάνουσιν
1485 4222 1533 4273 οἱ
1572 4222 1727 4285 ὅσιοι,
1756 4219 2080 4292 γνωρίζουσι
2100 4222 2213 4283 τοῖς
2247 4220 2355 4273 τῶν
2384 4220 2686 4291 ἀνθρώπων
2714 4222 2869 4285 υἱοῖς.

539 4330 706 4388 Vens.
746 4335 832 4388 14.
873 4334 1074 4390 Fidelis
1116 4335 1375 4389 Dominus
1407 4338 1459 4391 in
1483 4339 1812 4392 sermonibus
1837 4342 1968 4393 suis.

2350 4336 2567 4399 Πιστὸς
2597 4337 2812 4405 Κύριος
2840 4336 2910 4390 ὲν
2933 4335 3059 4403 τοῖς
3085 4339 3291 4407 λόγοις
3322 4338 3527 4392 αὑτοῦ.

541 4442 742 4500 Fidelis
788 4447 952 4510 Deus,
990 4465 1097 4503 non
1145 4452 1297 4520 quasi
1339 4451 1500 4505 ﬁdem
1545 4451 1902 4520 participans,
1945 4452 2039 4503 sed

2221 4446 2416 4510 Πιστὸς
2452 4446 2507 4499 δὲ
2541 4449 2569 4500 ὁ
2606 4446 2739 4510 Θεὸς
2782 4448 2881 4517 οὐχ
2920 4447 2996 4511 ὡς
3039 4445 3280 4519 μετέχων
3315 4448 3582 4510 πίστεως,
3616 4446 3733 4499 ἀλλ’

466 4537 595 4606 quia
653 4538 759 4592 ﬁde
814 4539 1010 4608 dignus
1056 4542 1279 4597 dicitur.
1333 4544 1538 4597 Cuncta
1565 4544 1708 4597 enim
1736 4558 1855 4611 qua:
1882 4542 2038 4605 dicit,

2153 4537 2218 4601 ὡς
2252 4536 2562 4603 ἀξιόπιστος
2599 4539 2844 4610 εἴρηταιο
2879 4538 3055 4592 πάντα
3101 4539 3210 4611 γὰρ
3246 4540 3281 4593 ἃ
3320 4540 3467 4608 λέγει
3499 4540 3729 4609 γίνεταιδ

468 4637 626 4694 nunt,
651 4626 805 4697 juxta
835 4630 965 4685 illud
1001 4650 1014 4686 :
1061 4631 1182 4702 Ipse
1213 4635 1383 4689 dixit:
1416 4633 1607 4687 Nonne
1635 4633 1816 4702 faciet,
1845 4643 1893 4686 et
1936 4650 2040 4686 non

2153 4631 2287 4684 κατά
2316 4630 2397 4695 τὸ,
2430 4630 2624 4698 Αὐτὸς
2653 4628 2843 4685 εἶπεν
2876 4631 3023 4700 Οὐχὶ
3057 4632 3297 4697 ποιήσει
3333 4631 3429 4685 καὶ
3464 4632 3598 4701 οὐχὶ
3632 4632 3735 4701 ἐμ-

466 4722 699 4775 manebit
738 4722 824 4776 "1’
852 4723 1075 4794 Insuper
1117 4726 1289 4780 illud:
1335 4726 1535 4780 Caelum
1597 4735 1645 4779 et
1689 4737 1829 4779 terra
1864 4735 2041 4779 trans-

2153 4725 2339 4790 μενεῐ;
2362 4725 2512 4794 λέγει
2534 4726 2590 4779 δὲ
2625 4727 2720 4779 καὶ
2751 4726 2832 4779 τό·
2873 4726 2935 4779 '0
2966 4724 3221 4794 οὐρανὸς
3256 4724 3355 4778 καὶ
3389 4725 3426 4793 ἡ
3470 4723 3547 4794 γῆ
3584 4738 3733 4795 παρ-

467 4811 920 4879 ibunl,sermones
948 4828 1125 4870 autem
1153 4818 1249 4870 mei
1274 4834 1375 4871 non
1399 4817 1826 4885 prwleribunt".
1856 4815 2042 4871 Justus

2153 4818 2484 4882 ελεύσεται,
2534 4821 2587 4872 οἱ
2640 4818 2709 4871 δὲ
2741 4820 2911 4890 λόγοι
2945 4836 3064 4887 μου
3108 4819 3179 4871 οὐ
3226 4818 3313 4887 μὴ
3363 4817 3726 4887 παρέλθωσι.

466 4903 595 4958 item
629 4914 733 4971 est,
775 4918 1042 4976 quatenus
1073 4909 1385 4978 itnpertitur
1430 4910 1698 4963 creaturis
1744 4909 1854 4963 suis
1880 4909 2042 4977 justi-

467 4996 638 5050 tiam:
689 4998 850 5053 sicuti
890 5000 1057 5053 etiam
1106 5011 1328 5054 sanctus
1364 5000 1417 5054 in
1453 5000 1541 5064 iis,
1573 5002 1662 5069 qui
1694 5002 2039 5055 sanctitatem

466 5086 587 5155 ejus
607 5089 957 5159 participant.
1001 5092 1240 5159 Denique
1282 5092 1549 5161 sapientia
1593 5093 1850 5147 Servatur
1874 5104 1959 5147 est
1990 5092 2041 5146 in

468 5188 558 5238 ιιο,
584 5182 675 5248 qui
705 5180 882 5235 instar
905 5181 1030 5250 ejus-
1046 5184 1319 5252 sapientes
1348 5194 1491 5240 sunt.

468 5266 631 5323 Vsus.
669 5270 758 5327 15.
799 5272 878 5328 Tu
901 5274 998 5327 das
1021 5288 1194 5327 escam
1218 5274 1435 5327 illorum
1468 5285 1696 5345 tempore
1720 5283 2036 5343 opportuno.

542 5358 633 5414 Ait
656 5363 821 5417 etiam
850 5364 1117 5419 Eusebius
1144 5365 1311 5418 Deum
1341 5381 1447 5419 nott
1471 5373 1682 5419 tantum
1711 5380 1833 5421 esse
1860 5365 2043 5434 lapso-

2145 4910 2256 4961 Καὶ
2297 4910 2442 4974 ὃσ-ιος
2480 4910 2559 4972 δὲ,
2595 4910 2671 4974 ὡς
2726 4912 3003 4981 ὁσιότητος
3046 4910 3360 4980 μεταδιδοὺς
3399 4912 3511 4969 τοῖς
3548 4908 3734 4980 ἔργοις

2150 5000 2337 5053 αὐτοῦ’
2374 5000 2567 5073 ῶσπερ
2599 5002 2694 5055 καὶ
2729 5003 2882 5070 ἅγιος
2912 5004 2969 5054 έν
2992 5004 3103 5067 τοῖς
3139 5000 3424 5071 μετέχουσι
3457 5002 3557 5071 τῆς
3588 5001 3733 5070 άγιὸ-

2148 5107 2310 5159 τητος
2352 5091 2517 5144 αὑτοῦ
2538 5108 2551 5121 ·
2590 5092 2683 5145 καὶ
2715 5092 2876 5161 σοφία
2902 5092 3051 5144 ἐστὶν
3081 5091 3109 5142 6
3143 5092 3334 5162 Σωτὴρ
3370 5092 3427 5143 ἐν
3464 5094 3578 5156 τοῖς
3612 5092 3730 5145 κατ’

2151 5184 2311 5236 αὐτὸν
2345 5187 2546 5252 σοφοῖς.

2255 5276 2338 5328 Σὺ
2375 5275 2553 5341 δίδως
2593 5275 2706 5343 τὴν
2741 5276 2972 5345 τροφὴν
3002 5276 3200 5329 αὐτῶν
3228 5276 3297 5328 ἐν
3332 5276 3618 5344 εὐκαιρίᾳ.

2218 5367 2355 5436 Φησὶ
2401 5367 2457 5419 δὲ
2488 5368 2583 5419 καὶ
2618 5369 2646 5420 6
2674 5366 2930 5429 Εὐσέϐιος
2972 5366 3106 5437 εὲἓ),
3137 5367 3212 5430 ὡς
3248 5368 3308 5420 ού
3350 5367 3510 5437 μόνον
3546 5366 3729 5437 ἱατρός

470 5464 591 5505 rum
638 5454 906 5510 medicum
951 5466 1009 5513 et
1055 5456 1459 5512 contractarum
1499 5467 1837 5524 sanatorem,
1863 5463 1957 5512 sed
1989 5467 2045 5513 et

2153 5462 2296 5512 ἐστιν
2326 5463 2353 5514 ὁ
2384 5459 2515 5524 Θεὸς
2554 5459 2663 5513 τῶν
2694 5459 3084 5523 πεπτωκότων,
3120 5462 3213 5513 καὶ
3247 5459 3590 5531 θεραπευτής
3620 5458 3729 5512 τῶν

576 5636 622 5667 ⁸⁸
645 5635 763 5693 Gal.
799 5655 840 5703 ι,
886 5638 937 5693 1.
1012 5637 1221 5694 “Num.
1263 5657 1419 5708 ut",
1453 5641 1539 5696 l9.
1608 5640 1654 5672 ⁷⁸
1706 5639 1837 5698 Luc.
1891 5656 2009 5706 xxI,
2052 5642 2141 5697 33.

544 5772 660 5840 (2-3}
703 5773 921 5829 Eusebii
964 5791 1159 5831 nomen
1194 5778 1244 5830 in
1293 5778 1575 5833 codicibus
1614 5794 1750 5846 quos
1790 5779 2041 5833 adltibui-
2152 5792 2273 5847 qua:
2299 5776 2568 5847 edidimus
2591 5775 3042 5845 iragmcntorum.
3074 5774 3185 5829 lloc
3246 5783 3425 5826 tamen
3469 5773 3584 5827 loco
3627 5789 3704 5826 au

476 5859 595 5898 ntus
635 5856 949 5902 constanter
1001 5848 1051 5901 itt
1113 5850 1451 5919 marginibus
1498 5849 1757 5905 scribitur
1806 5852 2047 5905 omnium
2157 5846 2276 5904 etor
2301 5846 2519 5903 Catena:
2547 5847 2749 5904 codicis
2783 5848 2823 5904 Ο
2850 5848 3017 5902 etiam
3050 5847 3101 5900 in
3136 5854 3392 5902 contentu
3418 5853 3617 5913 posutt.
