  <div class='ocr_page' id='page_1' title='image "/cluster/home/n/w/nwhite01/storage/ocr_20150623/24/hvd.32044019207729/036.png"; bbox 0 0 3968 6504; ppageno 0'>
   <div class='ocr_carea' id='block_1_1' title="bbox 249 356 3499 475">
    <p class='ocr_par' dir='ltr' id='par_1_1' title="bbox 249 356 3499 475">
     <span class='ocr_line' id='line_1_1' title="bbox 249 356 3499 475; baseline 0.025 -79"><span class='ocrx_word' id='word_1_1' title='bbox 249 356 307 411; x_wconf 77' lang='grc' dir='ltr'><strong>δι</strong></span> <span class='ocrx_word' id='word_1_2' title='bbox 1367 370 1865 437; x_wconf 77' lang='lat' dir='ltr'><strong>COMMENTARIA</strong></span> <span class='ocrx_word' id='word_1_3' title='bbox 1904 384 1969 440; x_wconf 83' lang='lat' dir='ltr'><strong>IN</strong></span> <span class='ocrx_word' id='word_1_4' title='bbox 2008 388 2342 453; x_wconf 82' lang='lat' dir='ltr'><strong>PSALMOS.</strong></span> <span class='ocrx_word' id='word_1_5' title='bbox 3435 421 3499 475; x_wconf 78' lang='lat'><strong>62</strong></span> 
     </span>
    </p>
   </div>
   <div class='ocr_carea' id='block_1_2' title="bbox 249 477 1338 560">
    <p class='ocr_par' dir='ltr' id='par_1_2' title="bbox 249 477 1338 560">
     <span class='ocr_line' id='line_1_2' title="bbox 249 477 1338 560; baseline 0.013 -30"><span class='ocrx_word' id='word_1_6' title='bbox 249 477 726 548; x_wconf 70' lang='grc' dir='ltr'>κατερραγμένων,</span> <span class='ocrx_word' id='word_1_7' title='bbox 773 480 910 536; x_wconf 89' lang='grc' dir='ltr'><strong>ἀλλά</strong></span> <span class='ocrx_word' id='word_1_8' title='bbox 956 484 1051 538; x_wconf 61' lang='grc' dir='ltr'><strong>καλ¹</strong></span> <span class='ocrx_word' id='word_1_9' title='bbox 1106 490 1338 560; x_wconf 80' lang='grc' dir='ltr'>τροφεὺς</span> 
     </span>
    </p>
   </div>
   <div class='ocr_carea' id='block_1_3' title="bbox 244 568 1822 661">
    <p class='ocr_par' dir='ltr' id='par_1_3' title="bbox 244 568 1822 661">
     <span class='ocr_line' id='line_1_3' title="bbox 244 568 1822 661; baseline 0.016 -38"><span class='ocrx_word' id='word_1_10' title='bbox 244 568 321 623; x_wconf 82' lang='grc' dir='ltr'>διὸ</span> <span class='ocrx_word' id='word_1_11' title='bbox 359 570 457 621; x_wconf 74' lang='grc' dir='ltr'>καὶ</span> <span class='ocrx_word' id='word_1_12' title='bbox 486 569 702 623; x_wconf 80' lang='grc' dir='ltr'>πάντων</span> <span class='ocrx_word' id='word_1_13' title='bbox 730 572 838 626; x_wconf 86' lang='grc' dir='ltr'><strong>τῶν</strong></span> <span class='ocrx_word' id='word_1_14' title='bbox 870 574 1101 643; x_wconf 84' lang='grc' dir='ltr'>λογικῶν</span> <span class='ocrx_word' id='word_1_15' title='bbox 1130 596 1189 632; x_wconf 89' lang='grc' dir='ltr'><strong>τε</strong></span> <span class='ocrx_word' id='word_1_16' title='bbox 1224 583 1319 636; x_wconf 77' lang='grc' dir='ltr'>καὶ</span> <span class='ocrx_word' id='word_1_17' title='bbox 1354 584 1564 661; x_wconf 84' lang='grc' dir='ltr'>ἀλόγων</span> <span class='ocrx_word' id='word_1_18' title='bbox 1594 590 1747 655; x_wconf 80' lang='grc' dir='ltr'>ζώων</span> <span class='ocrx_word' id='word_1_19' title='bbox 1773 596 1822 648; x_wconf 85' lang='grc' dir='ltr'>οἱ</span> 
     </span>
    </p>
   </div>
   <div class='ocr_carea' id='block_1_4' title="bbox 245 654 1823 749">
    <p class='ocr_par' dir='ltr' id='par_1_4' title="bbox 245 654 1823 749">
     <span class='ocr_line' id='line_1_4' title="bbox 245 654 1823 749; baseline 0.02 -43"><span class='ocrx_word' id='word_1_20' title='bbox 245 654 517 725; x_wconf 62' lang='grc' dir='ltr'>ὀφθαλμοὶ</span> <span class='ocrx_word' id='word_1_21' title='bbox 554 656 666 711; x_wconf 83' lang='grc' dir='ltr'><strong>ἀνω</strong></span> <span class='ocrx_word' id='word_1_22' title='bbox 696 662 777 723; x_wconf 77' lang='grc' dir='ltr'>εἰς</span> <span class='ocrx_word' id='word_1_23' title='bbox 804 662 969 717; x_wconf 82' lang='grc' dir='ltr'>αὐτὸν</span> <span class='ocrx_word' id='word_1_24' title='bbox 996 666 1380 738; x_wconf 81' lang='grc' dir='ltr'>ἀναϐλέπουσι,</span> <span class='ocrx_word' id='word_1_25' title='bbox 1429 654 1541 730; x_wconf 58' lang='grc' dir='ltr'><strong>καί</strong></span> <span class='ocrx_word' id='word_1_26' title='bbox 1569 654 1823 749; x_wconf 85' lang='grc' dir='ltr'>φυσικαῖς</span> 
     </span>
    </p>
   </div>
   <div class='ocr_carea' id='block_1_5' title="bbox 243 748 1821 843">
    <p class='ocr_par' dir='ltr' id='par_1_5' title="bbox 243 748 1821 843">
     <span class='ocr_line' id='line_1_5' title="bbox 243 748 1821 843; baseline 0.016 -42"><span class='ocrx_word' id='word_1_27' title='bbox 243 764 349 801; x_wconf 81' lang='grc' dir='ltr'>τισι</span> <span class='ocrx_word' id='word_1_28' title='bbox 392 748 494 801; x_wconf 78' lang='grc' dir='ltr'>καὶ</span> <span class='ocrx_word' id='word_1_29' title='bbox 529 749 802 817; x_wconf 73' lang='grc' dir='ltr'><strong>διδακταῖς</strong></span> <span class='ocrx_word' id='word_1_30' title='bbox 833 756 1033 827; x_wconf 80' lang='grc' dir='ltr'><strong>ὁρμαῖς</strong></span> <span class='ocrx_word' id='word_1_31' title='bbox 1082 761 1217 832; x_wconf 76' lang='grc' dir='ltr'>πρὸς</span> <span class='ocrx_word' id='word_1_32' title='bbox 1264 764 1427 820; x_wconf 82' lang='grc' dir='ltr'>αὐτὸν</span> <span class='ocrx_word' id='word_1_33' title='bbox 1465 748 1681 827; x_wconf 86' lang='grc' dir='ltr'>πάντων</span> <span class='ocrx_word' id='word_1_34' title='bbox 1719 775 1821 843; x_wconf 83' lang='grc' dir='ltr'>ἀφ-</span> 
     </span>
    </p>
   </div>
   <div class='ocr_carea' id='block_1_6' title="bbox 242 840 1821 935">
    <p class='ocr_par' dir='ltr' id='par_1_6' title="bbox 242 840 1821 935">
     <span class='ocr_line' id='line_1_6' title="bbox 242 840 1821 935; baseline 0.017 -41"><span class='ocrx_word' id='word_1_35' title='bbox 242 840 513 914; x_wconf 81' lang='grc' dir='ltr'>ορώντων,</span> <span class='ocrx_word' id='word_1_36' title='bbox 551 844 715 909; x_wconf 78' lang='grc' dir='ltr'>αὐτὸς</span> <span class='ocrx_word' id='word_1_37' title='bbox 742 843 830 901; x_wconf 75' lang='grc' dir='ltr'><strong>οἷα</strong></span> <span class='ocrx_word' id='word_1_38' title='bbox 875 851 1060 924; x_wconf 80' lang='grc' dir='ltr'>πατὴρ</span> <span class='ocrx_word' id='word_1_39' title='bbox 1094 856 1299 924; x_wconf 81' lang='grc' dir='ltr'>ἀγαθὸς</span> <span class='ocrx_word' id='word_1_40' title='bbox 1347 861 1447 925; x_wconf 87' lang='grc' dir='ltr'><strong>τάς</strong></span> <span class='ocrx_word' id='word_1_41' title='bbox 1474 866 1683 935; x_wconf 83' lang='grc' dir='ltr'>τροφὰς</span> <span class='ocrx_word' id='word_1_42' title='bbox 1708 840 1821 932; x_wconf 58' lang='lat' dir='ltr'><strong>soi;</strong></span> 
     </span>
    </p>
   </div>
   <div class='ocr_carea' id='block_1_7' title="bbox 243 936 1820 1025">
    <p class='ocr_par' dir='ltr' id='par_1_7' title="bbox 243 936 1820 1025">
     <span class='ocr_line' id='line_1_7' title="bbox 243 936 1820 1025; baseline 0.017 -38"><span class='ocrx_word' id='word_1_43' title='bbox 243 940 447 1006; x_wconf 79' lang='grc' dir='ltr'>καιροῖς</span> <span class='ocrx_word' id='word_1_44' title='bbox 474 940 797 1012; x_wconf 74' lang='grc' dir='ltr'><strong>ἐπιτηδείως</strong></span> <span class='ocrx_word' id='word_1_45' title='bbox 829 936 1017 999; x_wconf 76' lang='grc' dir='ltr'>ἄλλοτε</span> <span class='ocrx_word' id='word_1_46' title='bbox 1045 947 1210 1013; x_wconf 78' lang='grc' dir='ltr'>ἄλλας</span> <span class='ocrx_word' id='word_1_47' title='bbox 1239 958 1484 1025; x_wconf 80' lang='grc' dir='ltr'><strong>χορηγεῖ,</strong></span> <span class='ocrx_word' id='word_1_48' title='bbox 1515 961 1629 1021; x_wconf 85' lang='grc' dir='ltr'>τοῖς</span> <span class='ocrx_word' id='word_1_49' title='bbox 1656 961 1820 1014; x_wconf 80' lang='grc' dir='ltr'>πᾶσιν</span> 
     </span>
    </p>
   </div>
   <div class='ocr_carea' id='block_1_8' title="bbox 242 1030 1822 1121">
    <p class='ocr_par' dir='ltr' id='par_1_8' title="bbox 242 1030 1822 1121">
     <span class='ocr_line' id='line_1_8' title="bbox 242 1030 1822 1121; baseline 0.015 -38"><span class='ocrx_word' id='word_1_50' title='bbox 242 1030 335 1102; x_wconf 80' lang='grc' dir='ltr'>τὴν</span> <span class='ocrx_word' id='word_1_51' title='bbox 366 1034 533 1104; x_wconf 85' lang='grc' dir='ltr'>χεῖρά</span> <span class='ocrx_word' id='word_1_52' title='bbox 550 1051 610 1087; x_wconf 87' lang='grc' dir='ltr'><strong>τε</strong></span> <span class='ocrx_word' id='word_1_53' title='bbox 646 1035 747 1105; x_wconf 80' lang='grc' dir='ltr'>τὴν</span> <span class='ocrx_word' id='word_1_54' title='bbox 782 1036 1204 1114; x_wconf 80' lang='grc' dir='ltr'><strong>δημιουργικὴν,</strong></span> <span class='ocrx_word' id='word_1_55' title='bbox 1232 1047 1478 1101; x_wconf 80' lang='grc' dir='ltr'><strong>τουτέστι</strong></span> <span class='ocrx_word' id='word_1_56' title='bbox 1514 1050 1613 1121; x_wconf 82' lang='grc' dir='ltr'>τὴν</span> <span class='ocrx_word' id='word_1_57' title='bbox 1661 1051 1822 1105; x_wconf 89' lang='grc' dir='ltr'>δύνα-</span> 
     </span>
    </p>
   </div>
   <div class='ocr_carea' id='block_1_9' title="bbox 245 1123 1817 1207">
    <p class='ocr_par' dir='ltr' id='par_1_9' title="bbox 245 1123 1817 1207">
     <span class='ocr_line' id='line_1_9' title="bbox 245 1123 1817 1207; baseline 0.015 -33"><span class='ocrx_word' id='word_1_58' title='bbox 245 1140 352 1193; x_wconf 83' lang='grc' dir='ltr'>μιν,</span> <span class='ocrx_word' id='word_1_59' title='bbox 385 1123 640 1188; x_wconf 78' lang='grc' dir='ltr'>ἐξαπλῶν</span> <span class='ocrx_word' id='word_1_60' title='bbox 669 1127 919 1196; x_wconf 80' lang='grc' dir='ltr'>ἀφθόνως</span> <span class='ocrx_word' id='word_1_61' title='bbox 951 1133 1045 1185; x_wconf 78' lang='grc' dir='ltr'>καὶ</span> <span class='ocrx_word' id='word_1_62' title='bbox 1087 1134 1504 1204; x_wconf 83' lang='grc' dir='ltr'><strong>ἀνεπικωλύτως</strong></span> <span class='ocrx_word' id='word_1_63' title='bbox 1542 1144 1649 1196; x_wconf 82' lang='grc' dir='ltr'><strong>πᾶν</strong></span> <span class='ocrx_word' id='word_1_64' title='bbox 1680 1141 1817 1207; x_wconf 76' lang='grc' dir='ltr'>ζῶον</span> 
     </span>
    </p>
   </div>
   <div class='ocr_carea' id='block_1_10' title="bbox 243 1214 1816 1302">
    <p class='ocr_par' dir='ltr' id='par_1_10' title="bbox 243 1214 1816 1302">
     <span class='ocr_line' id='line_1_10' title="bbox 243 1214 1816 1302; baseline 0.017 -37"><span class='ocrx_word' id='word_1_65' title='bbox 243 1214 546 1287; x_wconf 71' lang='grc' dir='ltr'>ἐμπίπλησι</span> <span class='ocrx_word' id='word_1_66' title='bbox 572 1218 673 1290; x_wconf 85' lang='grc' dir='ltr'><strong>τῆς</strong></span> <span class='ocrx_word' id='word_1_67' title='bbox 704 1220 814 1273; x_wconf 87' lang='grc' dir='ltr'><strong>τῶν</strong></span> <span class='ocrx_word' id='word_1_68' title='bbox 854 1223 944 1276; x_wconf 82' lang='grc' dir='ltr'><strong>ὑπ’</strong></span> <span class='ocrx_word' id='word_1_69' title='bbox 974 1225 1140 1279; x_wconf 80' lang='grc' dir='ltr'>αὐτοῦ</span> <span class='ocrx_word' id='word_1_70' title='bbox 1178 1227 1534 1302; x_wconf 86' lang='grc' dir='ltr'>δωρουμένων</span> <span class='ocrx_word' id='word_1_71' title='bbox 1574 1235 1816 1289; x_wconf 84' lang='grc' dir='ltr'>ἀπολαύ-</span> 
     </span>
    </p>
   </div>
   <div class='ocr_carea' id='block_1_11' title="bbox 242 1323 387 1370">
    <p class='ocr_par' dir='ltr' id='par_1_11' title="bbox 242 1323 387 1370">
     <span class='ocr_line' id='line_1_11' title="bbox 242 1323 387 1370; baseline 0.007 -12"><span class='ocrx_word' id='word_1_72' title='bbox 242 1323 387 1370; x_wconf 85' lang='grc' dir='ltr'>σεως.</span> 
     </span>
    </p>
   </div>
   <div class='ocr_carea' id='block_1_12' title="bbox 250 1399 1819 1533">
    <p class='ocr_par' dir='ltr' id='par_1_12' title="bbox 250 1399 1819 1533">
     <span class='ocr_line' id='line_1_12' title="bbox 250 1399 1819 1484; baseline 0.015 -34"><span class='ocrx_word' id='word_1_73' title='bbox 250 1399 455 1468; x_wconf 80' lang='grc' dir='ltr'>Ἓγτὺς</span> <span class='ocrx_word' id='word_1_74' title='bbox 499 1402 719 1471; x_wconf 84' lang='grc' dir='ltr'>Κύριος</span> <span class='ocrx_word' id='word_1_75' title='bbox 750 1404 901 1460; x_wconf 76' lang='grc' dir='ltr'>πᾶσι</span> <span class='ocrx_word' id='word_1_76' title='bbox 940 1408 1065 1474; x_wconf 82' lang='grc' dir='ltr'>τοῖς</span> <span class='ocrx_word' id='word_1_77' title='bbox 1095 1408 1590 1484; x_wconf 79' lang='grc' dir='ltr'>ἐπικαλουμένοις</span> <span class='ocrx_word' id='word_1_78' title='bbox 1628 1417 1819 1472; x_wconf 84' lang='grc' dir='ltr'>αὐτὸν</span> 
     </span>
     <span class='ocr_line' id='line_1_13' title="bbox 833 1477 1211 1533; baseline 0.013 -4"><span class='ocrx_word' id='word_1_79' title='bbox 833 1477 905 1529; x_wconf 78' lang='grc' dir='ltr'><strong>ἐν</strong></span> <span class='ocrx_word' id='word_1_80' title='bbox 943 1479 1211 1533; x_wconf 75' lang='grc' dir='ltr'>ἀληθεία.</span> 
     </span>
    </p>
   </div>
   <div class='ocr_carea' id='block_1_13' title="bbox 852 1494 1211 1548">
    <p class='ocr_par' dir='ltr' id='par_1_13' title="bbox 852 1494 1211 1548">
     <span class='ocr_line' id='line_1_14' title="bbox 852 1494 1211 1548; baseline 0.019 -21"><span class='ocrx_word' id='word_1_81' title='bbox 852 1494 905 1529; x_wconf 73' lang='grc' dir='ltr'><strong>ιν</strong></span> <span class='ocrx_word' id='word_1_82' title='bbox 943 1494 1211 1548; x_wconf 54' lang='lat' dir='ltr'><strong>annuam.</strong></span> 
     </span>
    </p>
   </div>
   <div class='ocr_carea' id='block_1_14' title="bbox 300 1557 1813 1653">
    <p class='ocr_par' dir='ltr' id='par_1_14' title="bbox 300 1557 1813 1653">
     <span class='ocr_line' id='line_1_15' title="bbox 300 1557 1813 1653; baseline 0.016 -39"><span class='ocrx_word' id='word_1_83' title='bbox 300 1557 427 1615; x_wconf 76' lang='grc' dir='ltr'>Εἶτα</span> <span class='ocrx_word' id='word_1_84' title='bbox 461 1564 655 1639; x_wconf 85' lang='grc' dir='ltr'>ἐπειδὴ</span> <span class='ocrx_word' id='word_1_85' title='bbox 683 1567 877 1637; x_wconf 84' lang='grc' dir='ltr'>ὀλίγων</span> <span class='ocrx_word' id='word_1_86' title='bbox 910 1572 1027 1625; x_wconf 80' lang='grc' dir='ltr'>ἐστὶ</span> <span class='ocrx_word' id='word_1_87' title='bbox 1054 1573 1115 1626; x_wconf 85' lang='grc' dir='ltr'>τὸ</span> <span class='ocrx_word' id='word_1_88' title='bbox 1143 1573 1404 1631; x_wconf 86' lang='grc' dir='ltr'>δύνασθαι</span> <span class='ocrx_word' id='word_1_89' title='bbox 1432 1579 1813 1653; x_wconf 83' lang='grc' dir='ltr'>ἐπιστημόνως</span> 
     </span>
    </p>
   </div>
   <div class='ocr_carea' id='block_1_15' title="bbox 238 1655 1814 1747">
    <p class='ocr_par' dir='ltr' id='par_1_15' title="bbox 238 1655 1814 1747">
     <span class='ocr_line' id='line_1_16' title="bbox 238 1655 1814 1747; baseline 0.015 -40"><span class='ocrx_word' id='word_1_90' title='bbox 238 1655 386 1709; x_wconf 72' lang='grc' dir='ltr'>αὑτὸν</span> <span class='ocrx_word' id='word_1_91' title='bbox 438 1657 845 1727; x_wconf 84' lang='grc' dir='ltr'>ἐπικαλεῖσθαι,</span> <span class='ocrx_word' id='word_1_92' title='bbox 899 1665 994 1717; x_wconf 74' lang='grc' dir='ltr'><strong>καὶ</strong></span> <span class='ocrx_word' id='word_1_93' title='bbox 1054 1667 1443 1732; x_wconf 84' lang='grc' dir='ltr'>καταξιοῦσθαι</span> <span class='ocrx_word' id='word_1_94' title='bbox 1498 1673 1665 1728; x_wconf 78' lang='grc' dir='ltr'>αὐτοῦ</span> <span class='ocrx_word' id='word_1_95' title='bbox 1714 1676 1814 1747; x_wconf 84' lang='grc' dir='ltr'>τῆς</span> 
     </span>
    </p>
   </div>
   <div class='ocr_carea' id='block_1_16' title="bbox 237 1748 1812 1836">
    <p class='ocr_par' dir='ltr' id='par_1_16' title="bbox 237 1748 1812 1836">
     <span class='ocr_line' id='line_1_17' title="bbox 237 1748 1812 1836; baseline 0.015 -37"><span class='ocrx_word' id='word_1_96' title='bbox 237 1748 413 1819; x_wconf 77' lang='grc' dir='ltr'>ἀκοῆς,</span> <span class='ocrx_word' id='word_1_97' title='bbox 458 1750 719 1822; x_wconf 73' lang='grc' dir='ltr'>ἐπιφέρει</span> <span class='ocrx_word' id='word_1_98' title='bbox 765 1754 1080 1823; x_wconf 82' lang='grc' dir='ltr'>ἀναγκαίως</span> <span class='ocrx_word' id='word_1_99' title='bbox 1124 1760 1481 1816; x_wconf 81' lang='grc' dir='ltr'>ἐπαναλαὸὼν</span> <span class='ocrx_word' id='word_1_100' title='bbox 1515 1764 1607 1819; x_wconf 84' lang='grc' dir='ltr'>τὸν</span> <span class='ocrx_word' id='word_1_101' title='bbox 1654 1765 1812 1836; x_wconf 86' lang='grc' dir='ltr'>λόγον</span> 
     </span>
    </p>
   </div>
   <div class='ocr_carea' id='block_1_17' title="bbox 1382 493 1799 592">
    <p class='ocr_par' dir='ltr' id='par_1_17' title="bbox 1382 493 1787 553">
     <span class='ocr_line' id='line_1_18' title="bbox 1382 493 1787 553; baseline 0.022 -8"><span class='ocrx_word' id='word_1_102' title='bbox 1382 493 1493 548; x_wconf 83' lang='grc' dir='ltr'><strong>τῶν</strong></span> <span class='ocrx_word' id='word_1_103' title='bbox 1531 496 1787 553; x_wconf 72' lang='grc' dir='ltr'>ἁπάντων</span> 
     </span>
    </p>
   </div>
   <div class='ocr_carea' id='block_1_18' title="bbox 1911 493 3494 592">
    <p class='ocr_par' dir='ltr' id='par_1_18' title="bbox 1925 512 3494 592">
     <span class='ocr_line' id='line_1_19' title="bbox 1925 512 3494 592; baseline 0.021 -30"><span class='ocrx_word' id='word_1_104' title='bbox 1925 512 2168 568; x_wconf 91' lang='lat' dir='ltr'><strong>omnium</strong></span> <span class='ocrx_word' id='word_1_105' title='bbox 2197 518 2550 576; x_wconf 85' lang='lat' dir='ltr'><strong>nutritorem.</strong></span> <span class='ocrx_word' id='word_1_106' title='bbox 2602 523 2969 591; x_wconf 82' lang='lat' dir='ltr'><strong>Quamobrem</strong></span> <span class='ocrx_word' id='word_1_107' title='bbox 2995 535 3235 590; x_wconf 89' lang='lat' dir='ltr'><strong>omnium</strong></span> <span class='ocrx_word' id='word_1_108' title='bbox 3264 544 3373 592; x_wconf 88' lang='lat' dir='ltr'><strong>tam</strong></span> <span class='ocrx_word' id='word_1_109' title='bbox 3405 555 3494 592; x_wconf 88' lang='lat' dir='ltr'><strong>ra-</strong></span> 
     </span>
    </p>
   </div>
   <div class='ocr_carea' id='block_1_19' title="bbox 1924 602 3493 688">
    <p class='ocr_par' dir='ltr' id='par_1_19' title="bbox 1924 602 3493 688">
     <span class='ocr_line' id='line_1_20' title="bbox 1924 602 3493 688; baseline 0.02 -33"><span class='ocrx_word' id='word_1_110' title='bbox 1924 602 2204 662; x_wconf 88' lang='lat' dir='ltr'><strong>tionalium</strong></span> <span class='ocrx_word' id='word_1_111' title='bbox 2251 625 2415 680; x_wconf 90' lang='lat' dir='ltr'><strong>quam</strong></span> <span class='ocrx_word' id='word_1_112' title='bbox 2466 616 2632 671; x_wconf 89' lang='lat' dir='ltr'><strong>etiam</strong></span> <span class='ocrx_word' id='word_1_113' title='bbox 2680 620 3077 680; x_wconf 89' lang='lat' dir='ltr'><strong>irrationalium</strong></span> <span class='ocrx_word' id='word_1_114' title='bbox 3128 629 3493 688; x_wconf 89' lang='lat' dir='ltr'><strong>animantium</strong></span> 
     </span>
    </p>
   </div>
   <div class='ocr_carea' id='block_1_20' title="bbox 1921 696 3495 792">
    <p class='ocr_par' dir='ltr' id='par_1_20' title="bbox 1921 696 3495 792">
     <span class='ocr_line' id='line_1_21' title="bbox 1921 696 3495 792; baseline 0.02 -44"><span class='ocrx_word' id='word_1_115' title='bbox 1921 696 2064 752; x_wconf 90' lang='lat' dir='ltr'><strong>oculi</strong></span> <span class='ocrx_word' id='word_1_116' title='bbox 2090 699 2157 754; x_wconf 88' lang='lat' dir='ltr'><strong>ad</strong></span> <span class='ocrx_word' id='word_1_117' title='bbox 2189 716 2314 757; x_wconf 91' lang='lat' dir='ltr'><strong>eum</strong></span> <span class='ocrx_word' id='word_1_118' title='bbox 2361 708 2690 777; x_wconf 86' lang='lat' dir='ltr'><strong>suspiciunt,</strong></span> <span class='ocrx_word' id='word_1_119' title='bbox 2739 722 2793 768; x_wconf 92' lang='lat' dir='ltr'><strong>et</strong></span> <span class='ocrx_word' id='word_1_120' title='bbox 2842 717 3495 792; x_wconf 85' lang='lat' dir='ltr'><strong>naturalibusinsitisquc</strong></span> 
     </span>
    </p>
   </div>
   <div class='ocr_carea' id='block_1_21' title="bbox 1924 790 3495 885">
    <p class='ocr_par' dir='ltr' id='par_1_21' title="bbox 1924 790 3495 885">
     <span class='ocr_line' id='line_1_22' title="bbox 1924 790 3495 885; baseline 0.019 -44"><span class='ocrx_word' id='word_1_121' title='bbox 1924 790 2162 847; x_wconf 90' lang='lat' dir='ltr'><strong>motibus</strong></span> <span class='ocrx_word' id='word_1_122' title='bbox 2202 794 2349 850; x_wconf 92' lang='lat' dir='ltr'><strong>illum</strong></span> <span class='ocrx_word' id='word_1_123' title='bbox 2378 809 2650 868; x_wconf 89' lang='lat' dir='ltr'><strong>spectant,</strong></span> <span class='ocrx_word' id='word_1_124' title='bbox 2697 806 2823 860; x_wconf 90' lang='lat' dir='ltr'><strong>dum</strong></span> <span class='ocrx_word' id='word_1_125' title='bbox 2866 808 2980 877; x_wconf 92' lang='lat' dir='ltr'><strong>ipse</strong></span> <span class='ocrx_word' id='word_1_126' title='bbox 3020 818 3079 864; x_wconf 88' lang='lat' dir='ltr'><strong>ut</strong></span> <span class='ocrx_word' id='word_1_127' title='bbox 3126 812 3303 869; x_wconf 89' lang='lat' dir='ltr'><strong>bonus</strong></span> <span class='ocrx_word' id='word_1_128' title='bbox 3339 790 3495 885; x_wconf 85' lang='lat' dir='ltr'><strong>pater</strong></span> 
     </span>
    </p>
   </div>
   <div class='ocr_carea' id='block_1_22' title="bbox 1923 886 3490 976">
    <p class='ocr_par' dir='ltr' id='par_1_22' title="bbox 1923 886 3490 976">
     <span class='ocr_line' id='line_1_23' title="bbox 1923 886 3490 976; baseline 0.019 -42"><span class='ocrx_word' id='word_1_129' title='bbox 1923 886 2260 953; x_wconf 89' lang='lat' dir='ltr'><strong>temporibus</strong></span> <span class='ocrx_word' id='word_1_130' title='bbox 2288 889 2497 948; x_wconf 84' lang='lat' dir='ltr'><strong>idoneis</strong></span> <span class='ocrx_word' id='word_1_131' title='bbox 2544 908 2699 951; x_wconf 86' lang='lat' dir='ltr'><strong>escas</strong></span> <span class='ocrx_word' id='word_1_132' title='bbox 2744 900 2919 955; x_wconf 91' lang='lat' dir='ltr'><strong>modis</strong></span> <span class='ocrx_word' id='word_1_133' title='bbox 2949 902 3116 958; x_wconf 89' lang='lat' dir='ltr'><strong>variis</strong></span> <span class='ocrx_word' id='word_1_134' title='bbox 3161 907 3490 976; x_wconf 89' lang='lat' dir='ltr'><strong>suppeditat,</strong></span> 
     </span>
    </p>
   </div>
   <div class='ocr_carea' id='block_1_23' title="bbox 1918 975 3489 1059">
    <p class='ocr_par' dir='ltr' id='par_1_23' title="bbox 1918 975 3489 1059">
     <span class='ocr_line' id='line_1_24' title="bbox 1918 975 3489 1059; baseline 0.018 -33"><span class='ocrx_word' id='word_1_135' title='bbox 1918 975 2240 1046; x_wconf 79' lang='lat' dir='ltr'><strong>cunctisque</strong></span> <span class='ocrx_word' id='word_1_136' title='bbox 2286 996 2507 1039; x_wconf 88' lang='lat' dir='ltr'><strong>manum</strong></span> <span class='ocrx_word' id='word_1_137' title='bbox 2557 1002 2709 1042; x_wconf 89' lang='lat' dir='ltr'><strong>suam</strong></span> <span class='ocrx_word' id='word_1_138' title='bbox 2749 992 3095 1059; x_wconf 88' lang='lat' dir='ltr'><strong>creatricem,</strong></span> <span class='ocrx_word' id='word_1_139' title='bbox 3135 996 3186 1049; x_wconf 93' lang='lat' dir='ltr'><strong>id</strong></span> <span class='ocrx_word' id='word_1_140' title='bbox 3213 975 3298 1053; x_wconf 90' lang='lat' dir='ltr'><strong>est</strong></span> <span class='ocrx_word' id='word_1_141' title='bbox 3338 1013 3489 1054; x_wconf 89' lang='lat' dir='ltr'><strong>suam</strong></span> 
     </span>
    </p>
   </div>
   <div class='ocr_carea' id='block_1_24' title="bbox 1923 1064 3492 1155">
    <p class='ocr_par' dir='ltr' id='par_1_24' title="bbox 1923 1064 3492 1155">
     <span class='ocr_line' id='line_1_25' title="bbox 1923 1064 3492 1155; baseline 0.02 -40"><span class='ocrx_word' id='word_1_142' title='bbox 1923 1064 2205 1136; x_wconf 87' lang='lat' dir='ltr'><strong>virtutem,</strong></span> <span class='ocrx_word' id='word_1_143' title='bbox 2256 1071 2597 1132; x_wconf 86' lang='lat' dir='ltr'><strong>abundanter</strong></span> <span class='ocrx_word' id='word_1_144' title='bbox 2619 1089 2673 1134; x_wconf 94' lang='lat' dir='ltr'><strong>et</strong></span> <span class='ocrx_word' id='word_1_145' title='bbox 2696 1081 2815 1135; x_wconf 92' lang='lat' dir='ltr'><strong>sine</strong></span> <span class='ocrx_word' id='word_1_146' title='bbox 2843 1082 2952 1138; x_wconf 91' lang='lat' dir='ltr'><strong>ullo</strong></span> <span class='ocrx_word' id='word_1_147' title='bbox 2978 1083 3363 1155; x_wconf 89' lang='lat' dir='ltr'><strong>impedimento</strong></span> <span class='ocrx_word' id='word_1_148' title='bbox 3387 1091 3492 1145; x_wconf 82' lang='lat' dir='ltr'><strong>im-</strong></span> 
     </span>
    </p>
   </div>
   <div class='ocr_carea' id='block_1_25' title="bbox 1917 1159 3487 1244">
    <p class='ocr_par' dir='ltr' id='par_1_25' title="bbox 1917 1159 3487 1244">
     <span class='ocr_line' id='line_1_26' title="bbox 1917 1159 3487 1244; baseline 0.018 -34"><span class='ocrx_word' id='word_1_149' title='bbox 1917 1159 2185 1231; x_wconf 87' lang='lat' dir='ltr'><strong>pertiens,</strong></span> <span class='ocrx_word' id='word_1_150' title='bbox 2239 1179 2401 1222; x_wconf 90' lang='lat' dir='ltr'><strong>omne</strong></span> <span class='ocrx_word' id='word_1_151' title='bbox 2460 1171 2663 1226; x_wconf 89' lang='lat' dir='ltr'><strong>animal</strong></span> <span class='ocrx_word' id='word_1_152' title='bbox 2705 1174 2891 1244; x_wconf 79' lang='lat' dir='ltr'><strong>replet</strong></span> <span class='ocrx_word' id='word_1_153' title='bbox 2952 1177 3216 1233; x_wconf 86' lang='lat' dir='ltr'><strong>donorum</strong></span> <span class='ocrx_word' id='word_1_154' title='bbox 3267 1197 3487 1239; x_wconf 87' lang='lat' dir='ltr'><strong>suorum</strong></span> 
     </span>
    </p>
   </div>
   <div class='ocr_carea' id='block_1_26' title="bbox 1917 1247 2113 1306">
    <p class='ocr_par' dir='ltr' id='par_1_26' title="bbox 1917 1247 2113 1306">
     <span class='ocr_line' id='line_1_27' title="bbox 1917 1247 2113 1306; baseline 0.02 -4"><span class='ocrx_word' id='word_1_155' title='bbox 1917 1247 2113 1306; x_wconf 81' lang='lat' dir='ltr'><strong>fructu.</strong></span> 
     </span>
    </p>
   </div>
   <div class='ocr_carea' id='block_1_27' title="bbox 1928 1425 3488 1505">
    <p class='ocr_par' dir='ltr' id='par_1_27' title="bbox 1928 1425 3488 1505">
     <span class='ocr_line' id='line_1_28' title="bbox 1928 1425 3488 1505; baseline 0.013 -23"><span class='ocrx_word' id='word_1_156' title='bbox 1928 1425 2086 1488; x_wconf 71' lang='lat' dir='ltr'><strong>Vnus.</strong></span> <span class='ocrx_word' id='word_1_157' title='bbox 2124 1432 2213 1487; x_wconf 77' lang='lat' dir='ltr'><strong>l8.</strong></span> <span class='ocrx_word' id='word_1_158' title='bbox 2245 1432 2418 1505; x_wconf 81' lang='lat' dir='ltr'><strong>PrOpe</strong></span> <span class='ocrx_word' id='word_1_159' title='bbox 2454 1449 2529 1491; x_wconf 83' lang='lat' dir='ltr'><strong>est</strong></span> <span class='ocrx_word' id='word_1_160' title='bbox 2570 1439 2825 1496; x_wconf 84' lang='lat' dir='ltr'><strong>Dominus</strong></span> <span class='ocrx_word' id='word_1_161' title='bbox 2858 1446 3097 1499; x_wconf 86' lang='lat' dir='ltr'><strong>omnibus</strong></span> <span class='ocrx_word' id='word_1_162' title='bbox 3127 1447 3488 1503; x_wconf 73' lang='lat' dir='ltr'><strong>invocantibus</strong></span> 
     </span>
    </p>
   </div>
   <div class='ocr_carea' id='block_1_28' title="bbox 2460 1513 2942 1567">
    <p class='ocr_par' dir='ltr' id='par_1_28' title="bbox 2460 1513 2942 1567">
     <span class='ocr_line' id='line_1_29' title="bbox 2460 1513 2942 1567; baseline 0.012 -6"><span class='ocrx_word' id='word_1_163' title='bbox 2460 1525 2577 1564; x_wconf 89' lang='lat' dir='ltr'><strong>eum</strong></span> <span class='ocrx_word' id='word_1_164' title='bbox 2618 1513 2671 1565; x_wconf 87' lang='lat' dir='ltr'><strong>in</strong></span> <span class='ocrx_word' id='word_1_165' title='bbox 2708 1516 2942 1567; x_wconf 76' lang='lat' dir='ltr'><strong>veritate.</strong></span> 
     </span>
    </p>
   </div>
   <div class='ocr_carea' id='block_1_29' title="bbox 1990 1591 3487 1677">
    <p class='ocr_par' dir='ltr' id='par_1_29' title="bbox 1990 1591 3487 1677">
     <span class='ocr_line' id='line_1_30' title="bbox 1990 1591 3487 1677; baseline 0.013 -31"><span class='ocrx_word' id='word_1_166' title='bbox 1990 1591 2197 1651; x_wconf 87' lang='lat' dir='ltr'><strong>Deinde</strong></span> <span class='ocrx_word' id='word_1_167' title='bbox 2219 1599 2345 1667; x_wconf 87' lang='lat' dir='ltr'><strong>quia</strong></span> <span class='ocrx_word' id='word_1_168' title='bbox 2383 1615 2678 1671; x_wconf 88' lang='lat' dir='ltr'><strong>paucorum</strong></span> <span class='ocrx_word' id='word_1_169' title='bbox 2715 1615 2801 1661; x_wconf 93' lang='lat' dir='ltr'><strong>est</strong></span> <span class='ocrx_word' id='word_1_170' title='bbox 2843 1608 3117 1677; x_wconf 84' lang='lat' dir='ltr'><strong>sapienter</strong></span> <span class='ocrx_word' id='word_1_171' title='bbox 3162 1624 3283 1664; x_wconf 89' lang='lat' dir='ltr'><strong>emn</strong></span> <span class='ocrx_word' id='word_1_172' title='bbox 3331 1611 3487 1664; x_wconf 73' lang='lat' dir='ltr'><strong>invoo</strong></span> 
     </span>
    </p>
   </div>
   <div class='ocr_carea' id='block_1_30' title="bbox 1914 1690 3485 1770">
    <p class='ocr_par' dir='ltr' id='par_1_30' title="bbox 1914 1690 3485 1770">
     <span class='ocr_line' id='line_1_31' title="bbox 1914 1690 3485 1770; baseline 0.014 -32"><span class='ocrx_word' id='word_1_173' title='bbox 1914 1697 2062 1754; x_wconf 90' lang='lat' dir='ltr'><strong>care,</strong></span> <span class='ocrx_word' id='word_1_174' title='bbox 2092 1696 2258 1757; x_wconf 91' lang='lat' dir='ltr'><strong>atque</strong></span> <span class='ocrx_word' id='word_1_175' title='bbox 2289 1690 2406 1759; x_wconf 85' lang='lat' dir='ltr'><strong>ejus</strong></span> <span class='ocrx_word' id='word_1_176' title='bbox 2431 1696 2782 1753; x_wconf 82' lang='lat' dir='ltr'><strong>exauditione</strong></span> <span class='ocrx_word' id='word_1_177' title='bbox 2814 1699 3008 1770; x_wconf 88' lang='lat' dir='ltr'><strong>dignos</strong></span> <span class='ocrx_word' id='word_1_178' title='bbox 3042 1702 3253 1769; x_wconf 85' lang='lat' dir='ltr'><strong>baberi,</strong></span> <span class='ocrx_word' id='word_1_179' title='bbox 3294 1719 3485 1759; x_wconf 83' lang='lat' dir='ltr'><strong>neces-</strong></span> 
     </span>
    </p>
   </div>
   <div class='ocr_carea' id='block_1_31' title="bbox 1913 1780 3486 1849">
    <p class='ocr_par' dir='ltr' id='par_1_31' title="bbox 1913 1780 3486 1849">
     <span class='ocr_line' id='line_1_32' title="bbox 1913 1780 3486 1849; baseline 0.008 -14"><span class='ocrx_word' id='word_1_180' title='bbox 1913 1780 2059 1835; x_wconf 85' lang='lat' dir='ltr'><strong>sario</strong></span> <span class='ocrx_word' id='word_1_181' title='bbox 2089 1796 2397 1839; x_wconf 89' lang='lat' dir='ltr'><strong>sermonem</strong></span> <span class='ocrx_word' id='word_1_182' title='bbox 2428 1802 2717 1845; x_wconf 84' lang='lat' dir='ltr'><strong>resumens</strong></span> <span class='ocrx_word' id='word_1_183' title='bbox 2754 1791 2864 1845; x_wconf 85' lang='lat' dir='ltr'><strong>ait:</strong></span> <span class='ocrx_word' id='word_1_184' title='bbox 2900 1808 3008 1847; x_wconf 92' lang='lat' dir='ltr'><strong>non</strong></span> <span class='ocrx_word' id='word_1_185' title='bbox 3044 1794 3297 1849; x_wconf 90' lang='lat' dir='ltr'><strong>omnibus</strong></span> <span class='ocrx_word' id='word_1_186' title='bbox 3333 1796 3486 1849; x_wconf 88' lang='lat' dir='ltr'><strong>invo-</strong></span> 
     </span>
    </p>
   </div>
   <div class='ocr_carea' id='block_1_32' title="bbox 236 1837 1799 1954">
    <p class='ocr_par' dir='ltr' id='par_1_32' title="bbox 236 1837 1799 1954">
     <span class='ocr_line' id='line_1_33' title="bbox 236 1837 1799 1924; baseline 0.012 -34"><span class='ocrx_word' id='word_1_187' title='bbox 236 1837 321 1891; x_wconf 77' lang='grc' dir='ltr'>καὶ</span> <span class='ocrx_word' id='word_1_188' title='bbox 356 1840 527 1910; x_wconf 79' lang='grc' dir='ltr'>φησὶν</span> <span class='ocrx_word' id='word_1_189' title='bbox 559 1841 643 1895; x_wconf 85' lang='grc' dir='ltr'>ὅτι</span> <span class='ocrx_word' id='word_1_190' title='bbox 696 1843 756 1896; x_wconf 79' lang='grc' dir='ltr'>οὐ</span> <span class='ocrx_word' id='word_1_191' title='bbox 804 1847 940 1899; x_wconf 80' lang='grc' dir='ltr'>πᾶσι</span> <span class='ocrx_word' id='word_1_192' title='bbox 972 1849 1086 1911; x_wconf 88' lang='grc' dir='ltr'>τοῖς</span> <span class='ocrx_word' id='word_1_193' title='bbox 1128 1850 1581 1924; x_wconf 79' lang='grc' dir='ltr'>ἐπικαλουμένοις</span> <span class='ocrx_word' id='word_1_194' title='bbox 1629 1856 1799 1911; x_wconf 80' lang='grc' dir='ltr'>αὐτὸν</span> 
     </span>
     <span class='ocr_line' id='line_1_34' title="bbox 242 1931 1700 1954; baseline 0 0"><span class='ocrx_word' id='word_1_195' title='bbox 242 1931 356 1954; x_wconf 55' lang='grc' dir='ltr'><strong>ιιῖὶλ</strong></span> <span class='ocrx_word' id='word_1_196' title='bbox 391 1932 536 1954; x_wconf 38' lang='grc' dir='ltr'><strong>--Ιηρμ</strong></span> <span class='ocrx_word' id='word_1_197' title='bbox 561 1952 576 1954; x_wconf 84' lang='grc'><strong>-</strong></span> <span class='ocrx_word' id='word_1_198' title='bbox 608 1935 715 1954; x_wconf 59' lang='grc'><strong>--9,</strong></span> <span class='ocrx_word' id='word_1_199' title='bbox 759 1931 792 1954; x_wconf 70' lang='grc' dir='ltr'><strong>ιο</strong></span> <span class='ocrx_word' id='word_1_200' title='bbox 873 1936 916 1954; x_wconf 64' lang='lat'><strong>9‘</strong></span> <span class='ocrx_word' id='word_1_201' title='bbox 970 1937 995 1954; x_wconf 78' lang='grc' dir='ltr'><strong>Λ</strong></span> <span class='ocrx_word' id='word_1_202' title='bbox 1038 1938 1051 1954; x_wconf 70' lang='grc' dir='ltr'><em>ρ</em></span> <span class='ocrx_word' id='word_1_203' title='bbox 1188 1939 1214 1951; x_wconf 70' lang='grc' dir='ltr'><strong><em>ο</em></strong></span> <span class='ocrx_word' id='word_1_204' title='bbox 1409 1943 1420 1954; x_wconf 73' lang='grc' dir='ltr'><em>ι</em></span> <span class='ocrx_word' id='word_1_205' title='bbox 1687 1948 1700 1954; x_wconf 81' lang='grc'><strong>-</strong></span> 
     </span>
    </p>
   </div>
   <div class='ocr_carea' id='block_1_33' title="bbox 1911 1837 3486 1954">
    <p class='ocr_par' dir='ltr' id='par_1_33' title="bbox 1917 1873 3486 1954">
     <span class='ocr_line' id='line_1_35' title="bbox 1917 1873 3486 1954; baseline 0.01 -27"><span class='ocrx_word' id='word_1_206' title='bbox 1917 1873 2171 1928; x_wconf 83' lang='lat' dir='ltr'><strong>cantibus</strong></span> <span class='ocrx_word' id='word_1_207' title='bbox 2210 1889 2355 1940; x_wconf 88' lang='lat' dir='ltr'><strong>eum,</strong></span> <span class='ocrx_word' id='word_1_208' title='bbox 2411 1878 2505 1932; x_wconf 90' lang='lat' dir='ltr'><strong>sed</strong></span> <span class='ocrx_word' id='word_1_209' title='bbox 2551 1878 2620 1936; x_wconf 89' lang='lat' dir='ltr'><strong>iis</strong></span> <span class='ocrx_word' id='word_1_210' title='bbox 2655 1884 3029 1938; x_wconf 89' lang='lat' dir='ltr'><strong>tantummodo</strong></span> <span class='ocrx_word' id='word_1_211' title='bbox 3066 1886 3154 1954; x_wconf 89' lang='lat' dir='ltr'><strong>qui</strong></span> <span class='ocrx_word' id='word_1_212' title='bbox 3186 1901 3309 1941; x_wconf 92' lang='lat' dir='ltr'><strong>cum</strong></span> <span class='ocrx_word' id='word_1_213' title='bbox 3341 1888 3486 1941; x_wconf 88' lang='lat' dir='ltr'><strong>veri-</strong></span> 
     </span>
    </p>
   </div>
   <div class='ocr_carea' id='block_1_34' title="bbox 236 1931 1808 2014">
    <p class='ocr_par' dir='ltr' id='par_1_34' title="bbox 236 1931 1808 2014">
     <span class='ocr_line' id='line_1_36' title="bbox 236 1931 1808 2014; baseline 0.012 -31"><span class='ocrx_word' id='word_1_214' title='bbox 236 1931 358 1985; x_wconf 87' lang='grc' dir='ltr'><strong>ἀλλά</strong></span> <span class='ocrx_word' id='word_1_215' title='bbox 388 1932 577 2003; x_wconf 84' lang='grc' dir='ltr'>μόνοις</span> <span class='ocrx_word' id='word_1_216' title='bbox 604 1935 717 1999; x_wconf 86' lang='grc' dir='ltr'>τοῖς</span> <span class='ocrx_word' id='word_1_217' title='bbox 756 1931 815 1990; x_wconf 70' lang='grc' dir='ltr'>ἓν</span> <span class='ocrx_word' id='word_1_218' title='bbox 861 1936 1088 2010; x_wconf 82' lang='grc' dir='ltr'>ἀληθείᾳ</span> <span class='ocrx_word' id='word_1_219' title='bbox 1123 1939 1281 1996; x_wconf 82' lang='grc' dir='ltr'>τοῦτο</span> <span class='ocrx_word' id='word_1_220' title='bbox 1314 1943 1647 2014; x_wconf 85' lang='grc' dir='ltr'>πράττουσιν</span> <span class='ocrx_word' id='word_1_221' title='bbox 1684 1948 1808 2002; x_wconf 89' lang='grc' dir='ltr'>ἐπι-</span> 
     </span>
    </p>
   </div>
   <div class='ocr_carea' id='block_1_35' title="bbox 235 2024 1809 2109">
    <p class='ocr_par' dir='ltr' id='par_1_35' title="bbox 235 2024 1809 2109">
     <span class='ocr_line' id='line_1_37' title="bbox 235 2024 1809 2109; baseline 0.011 -31"><span class='ocrx_word' id='word_1_222' title='bbox 235 2024 510 2095; x_wconf 80' lang='grc' dir='ltr'>τυγχάνει·</span> <span class='ocrx_word' id='word_1_223' title='bbox 564 2026 676 2080; x_wconf 84' lang='grc' dir='ltr'><strong>τῶν</strong></span> <span class='ocrx_word' id='word_1_224' title='bbox 726 2028 834 2102; x_wconf 85' lang='grc' dir='ltr'><strong>γὰρ</strong></span> <span class='ocrx_word' id='word_1_225' title='bbox 874 2030 949 2103; x_wconf 83' lang='grc' dir='ltr'>μὴ</span> <span class='ocrx_word' id='word_1_226' title='bbox 993 2032 1253 2090; x_wconf 85' lang='grc' dir='ltr'>τοιούτων</span> <span class='ocrx_word' id='word_1_227' title='bbox 1304 2038 1521 2108; x_wconf 87' lang='grc' dir='ltr'>μακρὰν</span> <span class='ocrx_word' id='word_1_228' title='bbox 1565 2040 1809 2109; x_wconf 83' lang='grc' dir='ltr'>ἀφέστη-</span> 
     </span>
    </p>
   </div>
   <div class='ocr_carea' id='block_1_36' title="bbox 234 2112 1811 2199">
    <p class='ocr_par' dir='ltr' id='par_1_36' title="bbox 234 2112 1811 2199">
     <span class='ocr_line' id='line_1_38' title="bbox 234 2112 1811 2199; baseline 0.014 -32"><span class='ocrx_word' id='word_1_229' title='bbox 234 2134 343 2169; x_wconf 85' lang='grc' dir='ltr'>κεν·</span> <span class='ocrx_word' id='word_1_230' title='bbox 377 2112 460 2181; x_wconf 76' lang='grc' dir='ltr'>οἷς</span> <span class='ocrx_word' id='word_1_231' title='bbox 499 2118 600 2171; x_wconf 77' lang='grc' dir='ltr'>καὶ</span> <span class='ocrx_word' id='word_1_232' title='bbox 638 2120 837 2191; x_wconf 84' lang='grc' dir='ltr'>φησίν·</span> <span class='ocrx_word' id='word_1_233' title='bbox 880 2127 950 2178; x_wconf 80' lang='grc' dir='ltr'><strong>Αἱ</strong></span> <span class='ocrx_word' id='word_1_234' title='bbox 982 2124 1258 2196; x_wconf 79' lang='grc' dir='ltr'>ἁμαρτίαι</span> <span class='ocrx_word' id='word_1_235' title='bbox 1285 2129 1454 2199; x_wconf 80' lang='grc' dir='ltr'>ὑμῶν</span> <span class='ocrx_word' id='word_1_236' title='bbox 1495 2130 1811 2188; x_wconf 69' lang='grc' dir='ltr'>διωτῶσιν</span> 
     </span>
    </p>
   </div>
   <div class='ocr_carea' id='block_1_37' title="bbox 228 2208 1808 2293">
    <p class='ocr_par' dir='ltr' id='par_1_37' title="bbox 228 2208 1808 2293">
     <span class='ocr_line' id='line_1_39' title="bbox 228 2208 1808 2293; baseline 0.012 -32"><span class='ocrx_word' id='word_1_237' title='bbox 228 2208 333 2262; x_wconf 78' lang='grc' dir='ltr'>ἀνὰ</span> <span class='ocrx_word' id='word_1_238' title='bbox 354 2208 557 2277; x_wconf 83' lang='grc' dir='ltr'>μέσον</span> <span class='ocrx_word' id='word_1_239' title='bbox 583 2209 732 2280; x_wconf 82' lang='grc' dir='ltr'>ἐμοῦ</span> <span class='ocrx_word' id='word_1_240' title='bbox 757 2212 855 2268; x_wconf 81' lang='grc' dir='ltr'>καὶ</span> <span class='ocrx_word' id='word_1_241' title='bbox 883 2213 1080 2285; x_wconf 80' lang='grc' dir='ltr'>ὑμῶν·</span> <span class='ocrx_word' id='word_1_242' title='bbox 1111 2221 1241 2293; x_wconf 75' lang='grc' dir='ltr'>περὶ</span> <span class='ocrx_word' id='word_1_243' title='bbox 1269 2220 1475 2275; x_wconf 91' lang='grc' dir='ltr'>τούτων</span> <span class='ocrx_word' id='word_1_244' title='bbox 1502 2222 1560 2276; x_wconf 84' lang='grc' dir='ltr'>δὲ</span> <span class='ocrx_word' id='word_1_245' title='bbox 1593 2226 1686 2279; x_wconf 75' lang='grc' dir='ltr'>καὶ</span> <span class='ocrx_word' id='word_1_246' title='bbox 1713 2225 1808 2279; x_wconf 67' lang='grc' dir='ltr'>ἀλα</span> 
     </span>
    </p>
   </div>
   <div class='ocr_carea' id='block_1_38' title="bbox 232 2298 1808 2384">
    <p class='ocr_par' dir='ltr' id='par_1_38' title="bbox 232 2298 1808 2384">
     <span class='ocr_line' id='line_1_40' title="bbox 232 2298 1808 2384; baseline 0.011 -31"><span class='ocrx_word' id='word_1_247' title='bbox 232 2298 379 2370; x_wconf 80' lang='grc' dir='ltr'>λαχοῦ</span> <span class='ocrx_word' id='word_1_248' title='bbox 428 2302 687 2358; x_wconf 84' lang='grc' dir='ltr'>λέλεκται</span> <span class='ocrx_word' id='word_1_249' title='bbox 710 2321 725 2335; x_wconf 73' lang='grc'><strong>⁸</strong></span> <span class='ocrx_word' id='word_1_250' title='bbox 788 2308 944 2361; x_wconf 87' lang='grc' dir='ltr'>Διότι</span> <span class='ocrx_word' id='word_1_251' title='bbox 1002 2310 1057 2363; x_wconf 81' lang='grc' dir='ltr'>οὶ</span> <span class='ocrx_word' id='word_1_252' title='bbox 1087 2312 1499 2380; x_wconf 81' lang='grc' dir='ltr'>μακρύνοντες</span> <span class='ocrx_word' id='word_1_253' title='bbox 1553 2314 1808 2384; x_wconf 80' lang='grc' dir='ltr'>ἑαυτοὺς</span> 
     </span>
    </p>
   </div>
   <div class='ocr_carea' id='block_1_39' title="bbox 230 2393 1806 2478">
    <p class='ocr_par' dir='ltr' id='par_1_39' title="bbox 230 2393 1806 2478">
     <span class='ocr_line' id='line_1_41' title="bbox 230 2393 1806 2478; baseline 0.011 -31"><span class='ocrx_word' id='word_1_254' title='bbox 230 2393 335 2447; x_wconf 74' lang='grc' dir='ltr'>ἀπὸ</span> <span class='ocrx_word' id='word_1_255' title='bbox 382 2396 502 2451; x_wconf 88' lang='grc' dir='ltr'>σοῦ</span> <span class='ocrx_word' id='word_1_256' title='bbox 546 2396 934 2453; x_wconf 76' lang='grc' dir='ltr'>ἀπολοῦνται.</span> <span class='ocrx_word' id='word_1_257' title='bbox 983 2401 1125 2455; x_wconf 84' lang='grc' dir='ltr'>Πᾶσι</span> <span class='ocrx_word' id='word_1_258' title='bbox 1168 2404 1267 2474; x_wconf 86' lang='grc' dir='ltr'>μὲν</span> <span class='ocrx_word' id='word_1_259' title='bbox 1307 2400 1400 2459; x_wconf 84' lang='grc' dir='ltr'>οὖν</span> <span class='ocrx_word' id='word_1_260' title='bbox 1451 2407 1618 2478; x_wconf 77' lang='grc' dir='ltr'>ἐγγὺς</span> <span class='ocrx_word' id='word_1_261' title='bbox 1663 2410 1806 2465; x_wconf 82' lang='grc' dir='ltr'>κατὰ</span> 
     </span>
    </p>
   </div>
   <div class='ocr_carea' id='block_1_40' title="bbox 231 2486 1806 2573">
    <p class='ocr_par' dir='ltr' id='par_1_40' title="bbox 231 2486 1806 2573">
     <span class='ocr_line' id='line_1_42' title="bbox 231 2486 1806 2573; baseline 0.012 -36"><span class='ocrx_word' id='word_1_262' title='bbox 231 2486 505 2558; x_wconf 83' lang='grc' dir='ltr'>πρόνοιαν,</span> <span class='ocrx_word' id='word_1_263' title='bbox 548 2491 693 2545; x_wconf 87' lang='grc' dir='ltr'><strong>κατά</strong></span> <span class='ocrx_word' id='word_1_264' title='bbox 724 2492 908 2562; x_wconf 84' lang='grc' dir='ltr'>σχέσιν</span> <span class='ocrx_word' id='word_1_265' title='bbox 937 2493 994 2547; x_wconf 84' lang='grc' dir='ltr'>δὲ</span> <span class='ocrx_word' id='word_1_266' title='bbox 1030 2498 1143 2559; x_wconf 84' lang='grc' dir='ltr'>τοῖς</span> <span class='ocrx_word' id='word_1_267' title='bbox 1177 2496 1273 2552; x_wconf 82' lang='grc' dir='ltr'>σὺν</span> <span class='ocrx_word' id='word_1_268' title='bbox 1304 2500 1582 2573; x_wconf 81' lang='grc' dir='ltr'>ἐπιστήμῃ</span> <span class='ocrx_word' id='word_1_269' title='bbox 1609 2501 1806 2555; x_wconf 83' lang='grc' dir='ltr'>καλοῦ-</span> 
     </span>
    </p>
   </div>
   <div class='ocr_carea' id='block_1_41' title="bbox 232 2578 1804 2666">
    <p class='ocr_par' dir='ltr' id='par_1_41' title="bbox 232 2578 1804 2666">
     <span class='ocr_line' id='line_1_43' title="bbox 232 2578 1804 2666; baseline 0.012 -36"><span class='ocrx_word' id='word_1_270' title='bbox 232 2593 277 2629; x_wconf 86' lang='grc' dir='ltr'><strong>σι</strong></span> <span class='ocrx_word' id='word_1_271' title='bbox 296 2595 309 2607; x_wconf 71' lang='grc' dir='ltr'><strong>ο</strong></span> <span class='ocrx_word' id='word_1_272' title='bbox 339 2578 498 2639; x_wconf 79' lang='grc' dir='ltr'>τοῦτο</span> <span class='ocrx_word' id='word_1_273' title='bbox 528 2581 642 2653; x_wconf 83' lang='grc' dir='ltr'>γὰρ</span> <span class='ocrx_word' id='word_1_274' title='bbox 668 2581 749 2645; x_wconf 83' lang='grc' dir='ltr'><strong>τὸ,</strong></span> <span class='ocrx_word' id='word_1_275' title='bbox 778 2582 849 2636; x_wconf 81' lang='grc' dir='ltr'><strong>ἐν</strong></span> <span class='ocrx_word' id='word_1_276' title='bbox 889 2584 1161 2654; x_wconf 76' lang='grc' dir='ltr'>ἀληθείᾳ.</span> <span class='ocrx_word' id='word_1_277' title='bbox 1198 2617 1266 2629; x_wconf 83' lang='grc'><strong><em>-</em></strong></span> <span class='ocrx_word' id='word_1_278' title='bbox 1310 2590 1464 2643; x_wconf 83' lang='grc' dir='ltr'><strong>Μετὰ</strong></span> <span class='ocrx_word' id='word_1_279' title='bbox 1491 2591 1589 2663; x_wconf 86' lang='grc' dir='ltr'><strong>τὴν</strong></span> <span class='ocrx_word' id='word_1_280' title='bbox 1619 2595 1804 2666; x_wconf 86' lang='grc' dir='ltr'>κοινὴν</span> 
     </span>
    </p>
   </div>
   <div class='ocr_carea' id='block_1_42' title="bbox 228 2670 1803 2756">
    <p class='ocr_par' dir='ltr' id='par_1_42' title="bbox 228 2670 1803 2756">
     <span class='ocr_line' id='line_1_44' title="bbox 228 2670 1803 2756; baseline 0.01 -34"><span class='ocrx_word' id='word_1_281' title='bbox 228 2670 277 2722; x_wconf 77' lang='grc' dir='ltr'>δὲ</span> <span class='ocrx_word' id='word_1_282' title='bbox 310 2671 570 2743; x_wconf 86' lang='grc' dir='ltr'>πρόνοιαν</span> <span class='ocrx_word' id='word_1_283' title='bbox 614 2672 893 2745; x_wconf 82' lang='grc' dir='ltr'>ἐξαίρετον</span> <span class='ocrx_word' id='word_1_284' title='bbox 945 2675 1045 2747; x_wconf 82' lang='grc' dir='ltr'>τὴν</span> <span class='ocrx_word' id='word_1_285' title='bbox 1075 2679 1202 2750; x_wconf 79' lang='grc' dir='ltr'>περὶ</span> <span class='ocrx_word' id='word_1_286' title='bbox 1228 2679 1336 2732; x_wconf 89' lang='grc' dir='ltr'><strong>τῶν</strong></span> <span class='ocrx_word' id='word_1_287' title='bbox 1372 2681 1580 2735; x_wconf 80' lang='grc' dir='ltr'>πιστῶν</span> <span class='ocrx_word' id='word_1_288' title='bbox 1610 2684 1803 2756; x_wconf 83' lang='grc' dir='ltr'>ἐπενή-</span> 
     </span>
    </p>
   </div>
   <div class='ocr_carea' id='block_1_43' title="bbox 228 2766 1801 2846">
    <p class='ocr_par' dir='ltr' id='par_1_43' title="bbox 228 2766 1801 2846">
     <span class='ocr_line' id='line_1_45' title="bbox 228 2766 1801 2846; baseline 0.011 -31"><span class='ocrx_word' id='word_1_289' title='bbox 228 2781 355 2835; x_wconf 82' lang='grc' dir='ltr'>νοχε,</span> <span class='ocrx_word' id='word_1_290' title='bbox 388 2766 449 2820; x_wconf 86' lang='grc' dir='ltr'>τὸ</span> <span class='ocrx_word' id='word_1_291' title='bbox 481 2767 747 2822; x_wconf 81' lang='grc' dir='ltr'>τοιούτων</span> <span class='ocrx_word' id='word_1_292' title='bbox 776 2769 945 2839; x_wconf 87' lang='grc' dir='ltr'>ἐγγὺς</span> <span class='ocrx_word' id='word_1_293' title='bbox 990 2767 1161 2837; x_wconf 83' lang='grc' dir='ltr'>εἶναι,</span> <span class='ocrx_word' id='word_1_294' title='bbox 1206 2775 1298 2829; x_wconf 77' lang='grc' dir='ltr'>καὶ</span> <span class='ocrx_word' id='word_1_295' title='bbox 1328 2775 1589 2846; x_wconf 82' lang='grc' dir='ltr'>μειζόνως</span> <span class='ocrx_word' id='word_1_296' title='bbox 1622 2778 1801 2833; x_wconf 80' lang='grc' dir='ltr'>αὐτῶν</span> 
     </span>
    </p>
   </div>
   <div class='ocr_carea' id='block_1_44' title="bbox 232 2860 586 2927">
    <p class='ocr_par' dir='ltr' id='par_1_44' title="bbox 232 2860 586 2927">
     <span class='ocr_line' id='line_1_46' title="bbox 232 2860 586 2927; baseline 0.017 -19"><span class='ocrx_word' id='word_1_297' title='bbox 232 2860 586 2927; x_wconf 79' lang='grc' dir='ltr'>προνοεῖσθαι.</span> 
     </span>
    </p>
   </div>
   <div class='ocr_carea' id='block_1_45' title="bbox 227 2948 1796 3030">
    <p class='ocr_par' dir='ltr' id='par_1_45' title="bbox 227 2948 1796 3030">
     <span class='ocr_line' id='line_1_47' title="bbox 227 2948 1796 3030; baseline 0.011 -30"><span class='ocrx_word' id='word_1_298' title='bbox 227 2948 460 3030; x_wconf 66' lang='grc' dir='ltr'>Αζνεσιν</span> <span class='ocrx_word' id='word_1_299' title='bbox 484 2953 719 3030; x_wconf 73' lang='grc' dir='ltr'>Κυρίου</span> <span class='ocrx_word' id='word_1_300' title='bbox 760 2954 1119 3030; x_wconf 48' lang='lat' dir='ltr'><strong>insinuaret}</strong></span> <span class='ocrx_word' id='word_1_301' title='bbox 1152 2958 1349 3028; x_wconf 80' lang='grc' dir='ltr'>στόμα</span> <span class='ocrx_word' id='word_1_302' title='bbox 1388 2980 1529 3030; x_wconf 85' lang='grc' dir='ltr'>μου,</span> <span class='ocrx_word' id='word_1_303' title='bbox 1566 2962 1663 3015; x_wconf 77' lang='grc' dir='ltr'>καὶ</span> <span class='ocrx_word' id='word_1_304' title='bbox 1696 2965 1796 3019; x_wconf 84' lang='grc' dir='ltr'><strong>εὑ·-</strong></span> 
     </span>
    </p>
   </div>
   <div class='ocr_carea' id='block_1_46' title="bbox 255 3022 1760 3102">
    <p class='ocr_par' dir='ltr' id='par_1_46' title="bbox 255 3022 1760 3102">
     <span class='ocr_line' id='line_1_48' title="bbox 255 3022 1760 3102; baseline 0.01 -29"><span class='ocrx_word' id='word_1_305' title='bbox 255 3022 489 3090; x_wconf 71' lang='grc' dir='ltr'>λογείτω</span> <span class='ocrx_word' id='word_1_306' title='bbox 533 3022 705 3076; x_wconf 78' lang='grc' dir='ltr'>πᾶσα</span> <span class='ocrx_word' id='word_1_307' title='bbox 738 3024 893 3093; x_wconf 79' lang='grc' dir='ltr'>σὰρξ</span> <span class='ocrx_word' id='word_1_308' title='bbox 923 3027 990 3080; x_wconf 84' lang='grc' dir='ltr'>τὸ</span> <span class='ocrx_word' id='word_1_309' title='bbox 1028 3027 1217 3097; x_wconf 81' lang='grc' dir='ltr'>ὄνομα</span> <span class='ocrx_word' id='word_1_310' title='bbox 1253 3022 1319 3084; x_wconf 72' lang='grc' dir='ltr'>τὸ</span> <span class='ocrx_word' id='word_1_311' title='bbox 1352 3022 1525 3102; x_wconf 55' lang='grc' dir='ltr'>ἅγιον</span> <span class='ocrx_word' id='word_1_312' title='bbox 1553 3034 1760 3088; x_wconf 85' lang='grc' dir='ltr'>αὐτοῦ.</span> 
     </span>
    </p>
   </div>
   <div class='ocr_carea' id='block_1_47' title="bbox 285 3112 1801 3194">
    <p class='ocr_par' dir='ltr' id='par_1_47' title="bbox 285 3112 1801 3194">
     <span class='ocr_line' id='line_1_49' title="bbox 285 3112 1801 3194; baseline 0.008 -29"><span class='ocrx_word' id='word_1_313' title='bbox 285 3112 426 3177; x_wconf 88' lang='grc' dir='ltr'>Τέως</span> <span class='ocrx_word' id='word_1_314' title='bbox 459 3115 567 3184; x_wconf 82' lang='grc' dir='ltr'>μὲν</span> <span class='ocrx_word' id='word_1_315' title='bbox 597 3113 765 3167; x_wconf 83' lang='grc' dir='ltr'>αἰνῶν</span> <span class='ocrx_word' id='word_1_316' title='bbox 788 3116 849 3168; x_wconf 87' lang='grc' dir='ltr'><strong>ού</strong></span> <span class='ocrx_word' id='word_1_317' title='bbox 878 3116 1133 3187; x_wconf 74' lang='grc' dir='ltr'>διαλείψω</span> <span class='ocrx_word' id='word_1_318' title='bbox 1161 3118 1314 3173; x_wconf 86' lang='grc' dir='ltr'>Θεόν.</span> <span class='ocrx_word' id='word_1_319' title='bbox 1341 3120 1584 3194; x_wconf 78' lang='grc' dir='ltr'>Εὕχομαι</span> <span class='ocrx_word' id='word_1_320' title='bbox 1611 3123 1667 3176; x_wconf 82' lang='grc' dir='ltr'>δὲ</span> <span class='ocrx_word' id='word_1_321' title='bbox 1706 3125 1801 3177; x_wconf 73' lang='grc' dir='ltr'>καὶ</span> 
     </span>
    </p>
   </div>
   <div class='ocr_carea' id='block_1_48' title="bbox 1916 1966 3486 2049">
    <p class='ocr_par' dir='ltr' id='par_1_48' title="bbox 1916 1966 3486 2049">
     <span class='ocr_line' id='line_1_50' title="bbox 1916 1966 3486 2049; baseline 0.01 -32"><span class='ocrx_word' id='word_1_322' title='bbox 1916 1973 2026 2019; x_wconf 91' lang='lat' dir='ltr'><strong>tate</strong></span> <span class='ocrx_word' id='word_1_323' title='bbox 2064 1966 2118 2019; x_wconf 89' lang='lat' dir='ltr'><strong>id</strong></span> <span class='ocrx_word' id='word_1_324' title='bbox 2161 1977 2352 2037; x_wconf 88' lang='lat' dir='ltr'><strong>agunt,</strong></span> <span class='ocrx_word' id='word_1_325' title='bbox 2387 1974 2635 2028; x_wconf 88' lang='lat' dir='ltr'><strong>occurrit</strong></span> <span class='ocrx_word' id='word_1_326' title='bbox 2667 1992 2682 2030; x_wconf 91' lang='lat'><strong>:</strong></span> <span class='ocrx_word' id='word_1_327' title='bbox 2734 1991 2965 2046; x_wconf 86' lang='lat' dir='ltr'><strong>namque</strong></span> <span class='ocrx_word' id='word_1_328' title='bbox 3002 1978 3070 2031; x_wconf 88' lang='lat' dir='ltr'><strong>ab</strong></span> <span class='ocrx_word' id='word_1_329' title='bbox 3102 1979 3171 2033; x_wconf 86' lang='lat' dir='ltr'><strong>iis</strong></span> <span class='ocrx_word' id='word_1_330' title='bbox 3201 1979 3291 2049; x_wconf 91' lang='lat' dir='ltr'><strong>qui</strong></span> <span class='ocrx_word' id='word_1_331' title='bbox 3328 1978 3486 2034; x_wconf 88' lang='lat' dir='ltr'><strong>aliter</strong></span> 
     </span>
    </p>
   </div>
   <div class='ocr_carea' id='block_1_49' title="bbox 1912 2057 3484 2132">
    <p class='ocr_par' dir='ltr' id='par_1_49' title="bbox 1912 2057 3484 2132">
     <span class='ocr_line' id='line_1_51' title="bbox 1912 2057 3484 2132; baseline 0.01 -20"><span class='ocrx_word' id='word_1_332' title='bbox 1912 2071 1970 2112; x_wconf 87' lang='lat' dir='ltr'><strong>se</strong></span> <span class='ocrx_word' id='word_1_333' title='bbox 2008 2057 2232 2126; x_wconf 82' lang='lat' dir='ltr'><strong>habent,</strong></span> <span class='ocrx_word' id='word_1_334' title='bbox 2263 2060 2424 2131; x_wconf 87' lang='lat' dir='ltr'><strong>longe</strong></span> <span class='ocrx_word' id='word_1_335' title='bbox 2463 2062 2639 2119; x_wconf 89' lang='lat' dir='ltr'><strong>abest.</strong></span> <span class='ocrx_word' id='word_1_336' title='bbox 2678 2064 2883 2132; x_wconf 87' lang='lat' dir='ltr'><strong>Quibus</strong></span> <span class='ocrx_word' id='word_1_337' title='bbox 2908 2069 3070 2124; x_wconf 90' lang='lat' dir='ltr'><strong>etiam</strong></span> <span class='ocrx_word' id='word_1_338' title='bbox 3113 2072 3222 2125; x_wconf 89' lang='lat' dir='ltr'><strong>ait:</strong></span> <span class='ocrx_word' id='word_1_339' title='bbox 3255 2068 3484 2127; x_wconf 77' lang='lat' dir='ltr'><strong>Peccala</strong></span> 
     </span>
    </p>
   </div>
   <div class='ocr_carea' id='block_1_50' title="bbox 1910 2155 3485 2235">
    <p class='ocr_par' dir='ltr' id='par_1_50' title="bbox 1910 2155 3485 2235">
     <span class='ocr_line' id='line_1_52' title="bbox 1910 2155 3485 2235; baseline 0.011 -33"><span class='ocrx_word' id='word_1_340' title='bbox 1910 2160 2082 2204; x_wconf 84' lang='lat' dir='ltr'><strong>vestra</strong></span> <span class='ocrx_word' id='word_1_341' title='bbox 2108 2167 2191 2205; x_wconf 85' lang='lat' dir='ltr'><strong>me</strong></span> <span class='ocrx_word' id='word_1_342' title='bbox 2225 2169 2257 2206; x_wconf 92' lang='lat' dir='ltr'><strong>a</strong></span> <span class='ocrx_word' id='word_1_343' title='bbox 2299 2155 2442 2209; x_wconf 80' lang='lat' dir='ltr'><strong>vobis</strong></span> <span class='ocrx_word' id='word_1_344' title='bbox 2481 2159 2817 2225; x_wconf 86' lang='lat' dir='ltr'><strong>separant“.</strong></span> <span class='ocrx_word' id='word_1_345' title='bbox 2855 2160 2930 2215; x_wconf 91' lang='lat' dir='ltr'><strong>De</strong></span> <span class='ocrx_word' id='word_1_346' title='bbox 2978 2162 3064 2216; x_wconf 89' lang='lat' dir='ltr'><strong>bis</strong></span> <span class='ocrx_word' id='word_1_347' title='bbox 3102 2163 3229 2219; x_wconf 89' lang='lat' dir='ltr'><strong>alibi</strong></span> <span class='ocrx_word' id='word_1_348' title='bbox 3266 2179 3485 2235; x_wconf 88' lang='lat' dir='ltr'><strong>quoque</strong></span> 
     </span>
    </p>
   </div>
   <div class='ocr_carea' id='block_1_51' title="bbox 1909 2241 3487 2327">
    <p class='ocr_par' dir='ltr' id='par_1_51' title="bbox 1909 2241 3487 2327">
     <span class='ocr_line' id='line_1_53' title="bbox 1909 2241 3487 2327; baseline 0.009 -31"><span class='ocrx_word' id='word_1_349' title='bbox 1909 2241 2117 2296; x_wconf 86' lang='lat' dir='ltr'><strong>dictum</strong></span> <span class='ocrx_word' id='word_1_350' title='bbox 2172 2253 2295 2298; x_wconf 87' lang='lat' dir='ltr'><strong>est:</strong></span> <span class='ocrx_word' id='word_1_351' title='bbox 2346 2242 2609 2309; x_wconf 83' lang='lat' dir='ltr'><strong>Quoniam</strong></span> <span class='ocrx_word' id='word_1_352' title='bbox 2637 2249 2729 2315; x_wconf 90' lang='lat' dir='ltr'><strong>qui</strong></span> <span class='ocrx_word' id='word_1_353' title='bbox 2775 2268 2807 2303; x_wconf 91' lang='lat' dir='ltr'><strong>a</strong></span> <span class='ocrx_word' id='word_1_354' title='bbox 2846 2261 2895 2305; x_wconf 85' lang='lat' dir='ltr'><strong>le</strong></span> <span class='ocrx_word' id='word_1_355' title='bbox 2943 2270 2999 2306; x_wconf 89' lang='lat' dir='ltr'><strong>se</strong></span> <span class='ocrx_word' id='word_1_356' title='bbox 3040 2253 3306 2325; x_wconf 80' lang='lat' dir='ltr'><strong>elongant,</strong></span> <span class='ocrx_word' id='word_1_357' title='bbox 3366 2274 3487 2327; x_wconf 79' lang='lat' dir='ltr'><strong>per-</strong></span> 
     </span>
    </p>
   </div>
   <div class='ocr_carea' id='block_1_52' title="bbox 1910 2333 3486 2418">
    <p class='ocr_par' dir='ltr' id='par_1_52' title="bbox 1910 2333 3486 2418">
     <span class='ocr_line' id='line_1_54' title="bbox 1910 2333 3486 2418; baseline 0.011 -32"><span class='ocrx_word' id='word_1_358' title='bbox 1910 2333 2061 2387; x_wconf 83' lang='lat' dir='ltr'><strong>ibunt</strong></span> <span class='ocrx_word' id='word_1_359' title='bbox 2082 2335 2150 2388; x_wconf 70' lang='lat'><strong>7’.</strong></span> <span class='ocrx_word' id='word_1_360' title='bbox 2184 2334 2411 2393; x_wconf 84' lang='lat' dir='ltr'><strong>Cunctis</strong></span> <span class='ocrx_word' id='word_1_361' title='bbox 2446 2338 2632 2408; x_wconf 87' lang='lat' dir='ltr'><strong>itaque</strong></span> <span class='ocrx_word' id='word_1_362' title='bbox 2670 2343 3014 2411; x_wconf 81' lang='lat' dir='ltr'><strong>providentia</strong></span> <span class='ocrx_word' id='word_1_363' title='bbox 3049 2362 3144 2400; x_wconf 92' lang='lat' dir='ltr'><strong>sua</strong></span> <span class='ocrx_word' id='word_1_364' title='bbox 3188 2362 3354 2418; x_wconf 83' lang='lat' dir='ltr'><strong>prope</strong></span> <span class='ocrx_word' id='word_1_365' title='bbox 3396 2350 3486 2404; x_wconf 87' lang='lat' dir='ltr'><strong>ad-</strong></span> 
     </span>
    </p>
   </div>
   <div class='ocr_carea' id='block_1_53' title="bbox 1918 2427 3485 2503">
    <p class='ocr_par' dir='ltr' id='par_1_53' title="bbox 1918 2427 3485 2503">
     <span class='ocr_line' id='line_1_55' title="bbox 1918 2427 3485 2503; baseline 0.009 -23"><span class='ocrx_word' id='word_1_366' title='bbox 1918 2435 2025 2493; x_wconf 85' lang='lat' dir='ltr'><strong>est,</strong></span> <span class='ocrx_word' id='word_1_367' title='bbox 2057 2427 2151 2483; x_wconf 87' lang='lat' dir='ltr'><strong>sed</strong></span> <span class='ocrx_word' id='word_1_368' title='bbox 2183 2437 2361 2485; x_wconf 83' lang='lat' dir='ltr'><strong>tamen</strong></span> <span class='ocrx_word' id='word_1_369' title='bbox 2392 2433 2535 2500; x_wconf 90' lang='lat' dir='ltr'><strong>quod</strong></span> <span class='ocrx_word' id='word_1_370' title='bbox 2560 2432 2623 2486; x_wconf 89' lang='lat' dir='ltr'><strong>ad</strong></span> <span class='ocrx_word' id='word_1_371' title='bbox 2664 2433 2915 2490; x_wconf 72' lang='lat' dir='ltr'><strong>allectum</strong></span> <span class='ocrx_word' id='word_1_372' title='bbox 2946 2438 3164 2503; x_wconf 92' lang='lat' dir='ltr'><strong>attinet,</strong></span> <span class='ocrx_word' id='word_1_373' title='bbox 3208 2442 3362 2494; x_wconf 89' lang='lat' dir='ltr'><strong>adest</strong></span> <span class='ocrx_word' id='word_1_374' title='bbox 3408 2441 3485 2494; x_wconf 91' lang='lat' dir='ltr'><strong>iu-</strong></span> 
     </span>
    </p>
   </div>
   <div class='ocr_carea' id='block_1_54' title="bbox 1907 2519 3483 2600">
    <p class='ocr_par' dir='ltr' id='par_1_54' title="bbox 1907 2519 3483 2600">
     <span class='ocr_line' id='line_1_56' title="bbox 1907 2519 3483 2600; baseline 0.009 -29"><span class='ocrx_word' id='word_1_375' title='bbox 1907 2519 2232 2575; x_wconf 85' lang='lat' dir='ltr'><strong>vocantibus</strong></span> <span class='ocrx_word' id='word_1_376' title='bbox 2258 2537 2382 2575; x_wconf 91' lang='lat' dir='ltr'><strong>cum</strong></span> <span class='ocrx_word' id='word_1_377' title='bbox 2418 2524 2722 2593; x_wconf 90' lang='lat' dir='ltr'><strong>sapientia;</strong></span> <span class='ocrx_word' id='word_1_378' title='bbox 2749 2527 2801 2581; x_wconf 92' lang='lat' dir='ltr'><strong>id</strong></span> <span class='ocrx_word' id='word_1_379' title='bbox 2826 2529 2969 2581; x_wconf 86' lang='lat' dir='ltr'><strong>enim</strong></span> <span class='ocrx_word' id='word_1_380' title='bbox 3007 2529 3278 2600; x_wconf 89' lang='lat' dir='ltr'><strong>signiﬁcat</strong></span> <span class='ocrx_word' id='word_1_381' title='bbox 3307 2532 3363 2584; x_wconf 88' lang='lat' dir='ltr'><strong>in</strong></span> <span class='ocrx_word' id='word_1_382' title='bbox 3400 2548 3483 2585; x_wconf 83' lang='lat' dir='ltr'><strong>ve-</strong></span> 
     </span>
    </p>
   </div>
   <div class='ocr_carea' id='block_1_55' title="bbox 1908 2610 3480 2692">
    <p class='ocr_par' dir='ltr' id='par_1_55' title="bbox 1908 2610 3480 2692">
     <span class='ocr_line' id='line_1_57' title="bbox 1908 2610 3480 2692; baseline 0.01 -30"><span class='ocrx_word' id='word_1_383' title='bbox 1908 2610 2091 2666; x_wconf 85' lang='lat' dir='ltr'><strong>ritate.</strong></span> <span class='ocrx_word' id='word_1_384' title='bbox 2156 2610 2285 2667; x_wconf 91' lang='lat' dir='ltr'><strong>Post</strong></span> <span class='ocrx_word' id='word_1_385' title='bbox 2334 2617 2642 2685; x_wconf 80' lang='lat' dir='ltr'><strong>generalem</strong></span> <span class='ocrx_word' id='word_1_386' title='bbox 2704 2618 3123 2689; x_wconf 86' lang='lat' dir='ltr'><strong>providentiam,</strong></span> <span class='ocrx_word' id='word_1_387' title='bbox 3187 2622 3480 2692; x_wconf 89' lang='lat' dir='ltr'><strong>specialem</strong></span> 
     </span>
    </p>
   </div>
   <div class='ocr_carea' id='block_1_56' title="bbox 1906 2703 3476 2785">
    <p class='ocr_par' dir='ltr' id='par_1_56' title="bbox 1906 2703 3476 2785">
     <span class='ocr_line' id='line_1_58' title="bbox 1906 2703 3476 2785; baseline 0.007 -29"><span class='ocrx_word' id='word_1_388' title='bbox 1906 2716 2035 2770; x_wconf 90' lang='lat' dir='ltr'><strong>erga</strong></span> <span class='ocrx_word' id='word_1_389' title='bbox 2088 2703 2273 2760; x_wconf 86' lang='lat' dir='ltr'><strong>ﬁdeles</strong></span> <span class='ocrx_word' id='word_1_390' title='bbox 2319 2706 2523 2775; x_wconf 89' lang='lat' dir='ltr'><strong>intulit,</strong></span> <span class='ocrx_word' id='word_1_391' title='bbox 2580 2724 2770 2781; x_wconf 90' lang='lat' dir='ltr'><strong>nempe</strong></span> <span class='ocrx_word' id='word_1_392' title='bbox 2818 2712 2960 2781; x_wconf 86' lang='lat' dir='ltr'><strong>quod</strong></span> <span class='ocrx_word' id='word_1_393' title='bbox 2996 2713 3081 2769; x_wconf 87' lang='lat' dir='ltr'><strong>bis</strong></span> <span class='ocrx_word' id='word_1_394' title='bbox 3118 2728 3287 2785; x_wconf 87' lang='lat' dir='ltr'><strong>prope</strong></span> <span class='ocrx_word' id='word_1_395' title='bbox 3316 2714 3476 2776; x_wconf 87' lang='lat' dir='ltr'><strong>adsit,</strong></span> 
     </span>
    </p>
   </div>
   <div class='ocr_carea' id='block_1_57' title="bbox 1905 2794 2499 2865">
    <p class='ocr_par' dir='ltr' id='par_1_57' title="bbox 1905 2794 2499 2865">
     <span class='ocr_line' id='line_1_59' title="bbox 1905 2794 2499 2865; baseline 0.015 -19"><span class='ocrx_word' id='word_1_396' title='bbox 1905 2794 2192 2865; x_wconf 79' lang='lat' dir='ltr'><strong>magisque</strong></span> <span class='ocrx_word' id='word_1_397' title='bbox 2232 2798 2499 2855; x_wconf 88' lang='lat' dir='ltr'><strong>consulat.</strong></span> 
     </span>
    </p>
   </div>
   <div class='ocr_carea' id='block_1_58' title="bbox 1906 2964 3477 3052">
    <p class='ocr_par' dir='ltr' id='par_1_58' title="bbox 1906 2964 3477 3052">
     <span class='ocr_line' id='line_1_60' title="bbox 1906 2964 3477 3052; baseline 0.006 -27"><span class='ocrx_word' id='word_1_398' title='bbox 1906 2964 2192 3052; x_wconf 74' lang='lat' dir='ltr'><strong>VERS._2|.</strong></span> <span class='ocrx_word' id='word_1_399' title='bbox 2229 2973 2465 3052; x_wconf 50' lang='lat' dir='ltr'><strong>Laudem</strong></span> <span class='ocrx_word' id='word_1_400' title='bbox 2508 2976 2725 3052; x_wconf 72' lang='lat' dir='ltr'><strong>Domini</strong></span> <span class='ocrx_word' id='word_1_401' title='bbox 2781 2978 3028 3052; x_wconf 73' lang='lat' dir='ltr'><strong>loquetur</strong></span> <span class='ocrx_word' id='word_1_402' title='bbox 3079 2997 3137 3034; x_wconf 89' lang='lat' dir='ltr'><strong>os</strong></span> <span class='ocrx_word' id='word_1_403' title='bbox 3180 2996 3376 3052; x_wconf 83' lang='lat' dir='ltr'><strong>meum,</strong></span> <span class='ocrx_word' id='word_1_404' title='bbox 3429 2992 3477 3036; x_wconf 83' lang='lat' dir='ltr'><strong>et</strong></span> 
     </span>
    </p>
   </div>
   <div class='ocr_carea' id='block_1_59' title="bbox 2081 3045 3308 3121">
    <p class='ocr_par' dir='ltr' id='par_1_59' title="bbox 2081 3045 3308 3121">
     <span class='ocr_line' id='line_1_61' title="bbox 2081 3045 3308 3121; baseline 0.009 -25"><span class='ocrx_word' id='word_1_405' title='bbox 2081 3045 2350 3099; x_wconf 84' lang='lat' dir='ltr'><strong>benedicat</strong></span> <span class='ocrx_word' id='word_1_406' title='bbox 2374 3048 2544 3101; x_wconf 85' lang='lat' dir='ltr'><strong>omnis</strong></span> <span class='ocrx_word' id='word_1_407' title='bbox 2573 3065 2698 3102; x_wconf 88' lang='lat' dir='ltr'><strong>caro</strong></span> <span class='ocrx_word' id='word_1_408' title='bbox 2735 3045 2938 3103; x_wconf 79' lang='lat' dir='ltr'><strong>nomini</strong></span> <span class='ocrx_word' id='word_1_409' title='bbox 2967 3061 3148 3105; x_wconf 84' lang='lat' dir='ltr'><strong>sancto</strong></span> <span class='ocrx_word' id='word_1_410' title='bbox 3175 3051 3308 3121; x_wconf 82' lang='lat' dir='ltr'><strong>ejus.</strong></span> 
     </span>
    </p>
   </div>
   <div class='ocr_carea' id='block_1_60' title="bbox 1976 3133 3477 3212">
    <p class='ocr_par' dir='ltr' id='par_1_60' title="bbox 1976 3133 3477 3212">
     <span class='ocr_line' id='line_1_62' title="bbox 1976 3133 3477 3212; baseline 0.005 -24"><span class='ocrx_word' id='word_1_411' title='bbox 1976 3133 2199 3189; x_wconf 82' lang='lat' dir='ltr'><strong>Interim</strong></span> <span class='ocrx_word' id='word_1_412' title='bbox 2229 3151 2258 3189; x_wconf 91' lang='lat' dir='ltr'><strong>a</strong></span> <span class='ocrx_word' id='word_1_413' title='bbox 2297 3135 2391 3190; x_wconf 90' lang='lat' dir='ltr'><strong>Dei</strong></span> <span class='ocrx_word' id='word_1_414' title='bbox 2432 3136 2686 3193; x_wconf 87' lang='lat' dir='ltr'><strong>laudibus</strong></span> <span class='ocrx_word' id='word_1_415' title='bbox 2726 3153 2831 3193; x_wconf 91' lang='lat' dir='ltr'><strong>non</strong></span> <span class='ocrx_word' id='word_1_416' title='bbox 2872 3138 3156 3195; x_wconf 85' lang='lat' dir='ltr'><strong>desistam.</strong></span> <span class='ocrx_word' id='word_1_417' title='bbox 3208 3140 3346 3212; x_wconf 91' lang='lat' dir='ltr'><strong>Opto</strong></span> <span class='ocrx_word' id='word_1_418' title='bbox 3376 3158 3477 3196; x_wconf 87' lang='lat' dir='ltr'><strong>au-</strong></span> 
     </span>
    </p>
   </div>
   <div class='ocr_carea' id='block_1_61' title="bbox 225 3203 1799 3313">
    <p class='ocr_par' dir='ltr' id='par_1_61' title="bbox 225 3203 1799 3286">
     <span class='ocr_line' id='line_1_63' title="bbox 225 3203 1799 3286; baseline 0.008 -29"><span class='ocrx_word' id='word_1_419' title='bbox 225 3203 396 3259; x_wconf 81' lang='grc' dir='ltr'>θᾶττον</span> <span class='ocrx_word' id='word_1_420' title='bbox 430 3206 711 3286; x_wconf 76' lang='grc' dir='ltr'>ἀποϐῆναι</span> <span class='ocrx_word' id='word_1_421' title='bbox 736 3208 837 3279; x_wconf 83' lang='grc' dir='ltr'>τὴν</span> <span class='ocrx_word' id='word_1_422' title='bbox 869 3208 1134 3278; x_wconf 84' lang='grc' dir='ltr'>λέγουσαν</span> <span class='ocrx_word' id='word_1_423' title='bbox 1173 3214 1509 3285; x_wconf 81' lang='grc' dir='ltr'>προφητείαν</span> <span class='ocrx_word' id='word_1_424' title='bbox 1529 3234 1541 3246; x_wconf 94' lang='grc'><strong>·</strong></span> <span class='ocrx_word' id='word_1_425' title='bbox 1588 3216 1799 3285; x_wconf 79' lang='grc' dir='ltr'>Ἐκχεῶ</span> 
     </span>
    </p>
   </div>
   <div class='ocr_carea' id='block_1_62' title="bbox 1911 3203 3476 3313">
    <p class='ocr_par' dir='ltr' id='par_1_62' title="bbox 1911 3225 3476 3313">
     <span class='ocr_line' id='line_1_64' title="bbox 1911 3225 3476 3313; baseline 0.005 -34"><span class='ocrx_word' id='word_1_426' title='bbox 1911 3232 2015 3279; x_wconf 89' lang='lat' dir='ltr'><strong>lem</strong></span> <span class='ocrx_word' id='word_1_427' title='bbox 2048 3225 2285 3282; x_wconf 88' lang='lat' dir='ltr'><strong>celerius</strong></span> <span class='ocrx_word' id='word_1_428' title='bbox 2315 3230 2368 3282; x_wconf 90' lang='lat' dir='ltr'><strong>in</strong></span> <span class='ocrx_word' id='word_1_429' title='bbox 2414 3245 2526 3283; x_wconf 90' lang='lat' dir='ltr'><strong>rem</strong></span> <span class='ocrx_word' id='word_1_430' title='bbox 2567 3230 2809 3285; x_wconf 83' lang='lat' dir='ltr'><strong>conferri</strong></span> <span class='ocrx_word' id='word_1_431' title='bbox 2846 3233 3188 3313; x_wconf 78' lang='lat' dir='ltr'><strong>prophetiam</strong></span> <span class='ocrx_word' id='word_1_432' title='bbox 3233 3249 3353 3303; x_wconf 75' lang='lat' dir='ltr'><strong>qua:</strong></span> <span class='ocrx_word' id='word_1_433' title='bbox 3397 3237 3476 3288; x_wconf 91' lang='lat' dir='ltr'><strong>di-</strong></span> 
     </span>
    </p>
   </div>
   <div class='ocr_carea' id='block_1_63' title="bbox 222 3296 1793 3377">
    <p class='ocr_par' dir='ltr' id='par_1_63' title="bbox 222 3296 1793 3377">
     <span class='ocr_line' id='line_1_65' title="bbox 222 3296 1793 3377; baseline 0.008 -28"><span class='ocrx_word' id='word_1_434' title='bbox 222 3296 327 3351; x_wconf 78' lang='grc' dir='ltr'>ἀπὸ</span> <span class='ocrx_word' id='word_1_435' title='bbox 367 3299 472 3353; x_wconf 79' lang='grc' dir='ltr'>τοῦ</span> <span class='ocrx_word' id='word_1_436' title='bbox 520 3300 872 3368; x_wconf 80' lang='grc' dir='ltr'>Πνεύματός</span> <span class='ocrx_word' id='word_1_437' title='bbox 907 3319 1027 3370; x_wconf 83' lang='grc' dir='ltr'>μου</span> <span class='ocrx_word' id='word_1_438' title='bbox 1052 3303 1151 3357; x_wconf 78' lang='grc' dir='ltr'>ἐπὶ</span> <span class='ocrx_word' id='word_1_439' title='bbox 1190 3304 1397 3361; x_wconf 80' lang='grc' dir='ltr'>πᾶσαν</span> <span class='ocrx_word' id='word_1_440' title='bbox 1423 3307 1650 3377; x_wconf 80' lang='grc' dir='ltr'>σάρκα·</span> <span class='ocrx_word' id='word_1_441' title='bbox 1682 3310 1793 3367; x_wconf 86' lang='grc' dir='ltr'>καί·</span> 
     </span>
    </p>
   </div>
   <div class='ocr_carea' id='block_1_64' title="bbox 224 3387 1797 3463">
    <p class='ocr_par' dir='ltr' id='par_1_64' title="bbox 224 3387 1797 3463">
     <span class='ocr_line' id='line_1_66' title="bbox 224 3387 1797 3463; baseline 0.011 -24"><span class='ocrx_word' id='word_1_442' title='bbox 224 3387 381 3441; x_wconf 83' lang='grc' dir='ltr'>Πᾶσα</span> <span class='ocrx_word' id='word_1_443' title='bbox 415 3387 583 3458; x_wconf 79' lang='grc' dir='ltr'>πνοὴ</span> <span class='ocrx_word' id='word_1_444' title='bbox 624 3389 918 3453; x_wconf 74' lang='grc' dir='ltr'>αἰνεσιὶτω</span> <span class='ocrx_word' id='word_1_445' title='bbox 950 3392 1057 3445; x_wconf 87' lang='grc' dir='ltr'>τὸν</span> <span class='ocrx_word' id='word_1_446' title='bbox 1084 3396 1336 3463; x_wconf 86' lang='grc' dir='ltr'>Κύριον·</span> <span class='ocrx_word' id='word_1_447' title='bbox 1370 3397 1519 3453; x_wconf 79' lang='grc' dir='ltr'>ἐσται</span> <span class='ocrx_word' id='word_1_448' title='bbox 1553 3401 1609 3454; x_wconf 82' lang='grc' dir='ltr'>δὲ</span> <span class='ocrx_word' id='word_1_449' title='bbox 1641 3402 1797 3458; x_wconf 79' lang='grc' dir='ltr'>τοῦτο</span> 
     </span>
    </p>
   </div>
   <div class='ocr_carea' id='block_1_65' title="bbox 224 3478 1796 3562">
    <p class='ocr_par' dir='ltr' id='par_1_65' title="bbox 224 3478 1796 3562">
     <span class='ocr_line' id='line_1_67' title="bbox 224 3478 1796 3562; baseline 0.012 -32"><span class='ocrx_word' id='word_1_450' title='bbox 224 3478 369 3555; x_wconf 69' lang='grc' dir='ltr'>ἡνίκα</span> <span class='ocrx_word' id='word_1_451' title='bbox 408 3479 470 3533; x_wconf 87' lang='grc' dir='ltr'>τὸ</span> <span class='ocrx_word' id='word_1_452' title='bbox 513 3480 791 3555; x_wconf 87' lang='grc' dir='ltr'>πλήρωμα</span> <span class='ocrx_word' id='word_1_453' title='bbox 823 3482 933 3537; x_wconf 88' lang='grc' dir='ltr'><strong>τῶν</strong></span> <span class='ocrx_word' id='word_1_454' title='bbox 970 3483 1140 3537; x_wconf 86' lang='grc' dir='ltr'>ἐθνῶν</span> <span class='ocrx_word' id='word_1_455' title='bbox 1170 3487 1416 3562; x_wconf 77' lang='grc' dir='ltr'>εἰσέλθῃ,</span> <span class='ocrx_word' id='word_1_456' title='bbox 1448 3491 1536 3544; x_wconf 81' lang='grc' dir='ltr'>ὅτε</span> <span class='ocrx_word' id='word_1_457' title='bbox 1568 3494 1660 3546; x_wconf 77' lang='grc' dir='ltr'>καὶ</span> <span class='ocrx_word' id='word_1_458' title='bbox 1689 3497 1796 3549; x_wconf 75' lang='grc' dir='ltr'><strong>πᾶν</strong></span> 
     </span>
    </p>
   </div>
   <div class='ocr_carea' id='block_1_66' title="bbox 224 3571 1796 3655">
    <p class='ocr_par' dir='ltr' id='par_1_66' title="bbox 224 3571 1796 3655">
     <span class='ocr_line' id='line_1_68' title="bbox 224 3571 1796 3655; baseline 0.011 -31"><span class='ocrx_word' id='word_1_459' title='bbox 224 3571 361 3639; x_wconf 84' lang='grc' dir='ltr'>γένος</span> <span class='ocrx_word' id='word_1_460' title='bbox 408 3573 721 3646; x_wconf 84' lang='grc' dir='ltr'>ἀνθρώπων</span> <span class='ocrx_word' id='word_1_461' title='bbox 782 3576 1118 3649; x_wconf 78' lang='grc' dir='ltr'>σωθήσεται·</span> <span class='ocrx_word' id='word_1_462' title='bbox 1182 3581 1355 3652; x_wconf 87' lang='grc' dir='ltr'>στόμα</span> <span class='ocrx_word' id='word_1_463' title='bbox 1411 3582 1467 3639; x_wconf 75' lang='grc' dir='ltr'>δὲ</span> <span class='ocrx_word' id='word_1_464' title='bbox 1527 3584 1673 3655; x_wconf 89' lang='grc' dir='ltr'>λέγει</span> <span class='ocrx_word' id='word_1_465' title='bbox 1735 3589 1796 3641; x_wconf 86' lang='grc' dir='ltr'>τὸ</span> 
     </span>
    </p>
   </div>
   <div class='ocr_carea' id='block_1_67' title="bbox 221 3660 1797 3747">
    <p class='ocr_par' dir='ltr' id='par_1_67' title="bbox 221 3660 1797 3747">
     <span class='ocr_line' id='line_1_69' title="bbox 221 3660 1797 3747; baseline 0.011 -30"><span class='ocrx_word' id='word_1_466' title='bbox 221 3666 410 3735; x_wconf 73' lang='grc' dir='ltr'>νοητὸν,</span> <span class='ocrx_word' id='word_1_467' title='bbox 444 3666 582 3739; x_wconf 78' lang='grc' dir='ltr'>περὶ</span> <span class='ocrx_word' id='word_1_468' title='bbox 608 3660 669 3720; x_wconf 76' lang='grc' dir='ltr'><strong>οὗ</strong></span> <span class='ocrx_word' id='word_1_469' title='bbox 688 3669 781 3739; x_wconf 64' lang='grc' dir='ltr'>καξι</span> <span class='ocrx_word' id='word_1_470' title='bbox 814 3670 1068 3743; x_wconf 78' lang='grc' dir='ltr'>ἀλλαχοῦ·</span> <span class='ocrx_word' id='word_1_471' title='bbox 1085 3670 1260 3727; x_wconf 86' lang='grc' dir='ltr'>Πᾶσα</span> <span class='ocrx_word' id='word_1_472' title='bbox 1285 3674 1442 3743; x_wconf 81' lang='grc' dir='ltr'>σὰρξ</span> <span class='ocrx_word' id='word_1_473' title='bbox 1456 3679 1797 3747; x_wconf 79' lang='grc' dir='ltr'>εὐλογοῦσα</span> 
     </span>
    </p>
   </div>
   <div class='ocr_carea' id='block_1_68' title="bbox 222 3754 1793 3833">
    <p class='ocr_par' dir='ltr' id='par_1_68' title="bbox 222 3754 1793 3833">
     <span class='ocr_line' id='line_1_70' title="bbox 222 3754 1793 3833; baseline 0.012 -27"><span class='ocrx_word' id='word_1_474' title='bbox 222 3754 277 3807; x_wconf 75' lang='grc' dir='ltr'>τὸ</span> <span class='ocrx_word' id='word_1_475' title='bbox 308 3756 489 3827; x_wconf 78' lang='grc' dir='ltr'>ὄνομα</span> <span class='ocrx_word' id='word_1_476' title='bbox 520 3760 743 3827; x_wconf 82' lang='grc' dir='ltr'>Κυρίου</span> <span class='ocrx_word' id='word_1_477' title='bbox 771 3761 963 3827; x_wconf 79' lang='grc' dir='ltr'>ἔσται,</span> <span class='ocrx_word' id='word_1_478' title='bbox 980 3762 1220 3833; x_wconf 82' lang='grc' dir='ltr'>δηλονότι</span> <span class='ocrx_word' id='word_1_479' title='bbox 1253 3765 1341 3829; x_wconf 82' lang='grc' dir='ltr'><strong>είς</strong></span> <span class='ocrx_word' id='word_1_480' title='bbox 1356 3763 1465 3818; x_wconf 83' lang='grc' dir='ltr'>τὸν</span> <span class='ocrx_word' id='word_1_481' title='bbox 1491 3767 1676 3823; x_wconf 75' lang='grc' dir='ltr'>αἰῶνα</span> <span class='ocrx_word' id='word_1_482' title='bbox 1696 3770 1793 3824; x_wconf 78' lang='grc' dir='ltr'>καὶ</span> 
     </span>
    </p>
   </div>
   <div class='ocr_carea' id='block_1_69' title="bbox 221 3847 1789 3932">
    <p class='ocr_par' dir='ltr' id='par_1_69' title="bbox 221 3847 1789 3932">
     <span class='ocr_line' id='line_1_71' title="bbox 221 3847 1789 3932; baseline 0.011 -33"><span class='ocrx_word' id='word_1_483' title='bbox 221 3847 294 3913; x_wconf 80' lang='grc' dir='ltr'><strong>είς</strong></span> <span class='ocrx_word' id='word_1_484' title='bbox 320 3848 422 3903; x_wconf 86' lang='grc' dir='ltr'>τὸν</span> <span class='ocrx_word' id='word_1_485' title='bbox 439 3848 635 3905; x_wconf 72' lang='grc' dir='ltr'>αἰῶνα</span> <span class='ocrx_word' id='word_1_486' title='bbox 661 3852 768 3907; x_wconf 88' lang='grc' dir='ltr'>τοῦ</span> <span class='ocrx_word' id='word_1_487' title='bbox 787 3853 1021 3921; x_wconf 74' lang='grc' dir='ltr'>αἰῶνος,</span> <span class='ocrx_word' id='word_1_488' title='bbox 1051 3855 1288 3929; x_wconf 76' lang='grc' dir='ltr'>ὀψομένη</span> <span class='ocrx_word' id='word_1_489' title='bbox 1315 3857 1375 3918; x_wconf 82' lang='grc' dir='ltr'>τὸ</span> <span class='ocrx_word' id='word_1_490' title='bbox 1403 3861 1670 3932; x_wconf 79' lang='grc' dir='ltr'>σωτήριον</span> <span class='ocrx_word' id='word_1_491' title='bbox 1696 3861 1789 3916; x_wconf 80' lang='grc' dir='ltr'><strong>τοῦ</strong></span> 
     </span>
    </p>
   </div>
   <div class='ocr_carea' id='block_1_70' title="bbox 221 3938 1115 4017">
    <p class='ocr_par' dir='ltr' id='par_1_70' title="bbox 221 3938 1115 4017">
     <span class='ocr_line' id='line_1_72' title="bbox 221 3938 1115 4017; baseline 0.011 -25"><span class='ocrx_word' id='word_1_492' title='bbox 221 3938 359 4006; x_wconf 78' lang='grc' dir='ltr'>Θεοῦ,</span> <span class='ocrx_word' id='word_1_493' title='bbox 385 3943 477 3996; x_wconf 79' lang='grc' dir='ltr'>καὶ</span> <span class='ocrx_word' id='word_1_494' title='bbox 506 3943 610 3996; x_wconf 86' lang='grc' dir='ltr'><strong>ούκ</strong></span> <span class='ocrx_word' id='word_1_495' title='bbox 635 3939 767 3998; x_wconf 75' lang='grc' dir='ltr'>οὖσα</span> <span class='ocrx_word' id='word_1_496' title='bbox 798 3945 871 4010; x_wconf 82' lang='grc' dir='ltr'>ὡς</span> <span class='ocrx_word' id='word_1_497' title='bbox 904 3947 1115 4017; x_wconf 69' lang='grc' dir='ltr'>χόρτος.</span> 
     </span>
    </p>
   </div>
   <div class='ocr_carea' id='block_1_71' title="bbox 743 4038 1248 4095">
    <p class='ocr_par' dir='ltr' id='par_1_71' title="bbox 743 4038 1248 4095">
     <span class='ocr_line' id='line_1_73' title="bbox 743 4038 1248 4095; baseline 0.014 -6"><span class='ocrx_word' id='word_1_498' title='bbox 743 4038 1034 4092; x_wconf 80' lang='grc' dir='ltr'><strong>ΨΑΛΜΟΣ</strong></span> <span class='ocrx_word' id='word_1_499' title='bbox 1071 4042 1248 4095; x_wconf 88' lang='lat' dir='ltr'><strong>PME&#39;.</strong></span> 
     </span>
    </p>
   </div>
   <div class='ocr_carea' id='block_1_72' title="bbox 280 4121 1791 4210">
    <p class='ocr_par' dir='ltr' id='par_1_72' title="bbox 280 4121 1791 4210">
     <span class='ocr_line' id='line_1_74' title="bbox 280 4121 1791 4210; baseline 0.011 -35"><span class='ocrx_word' id='word_1_500' title='bbox 280 4121 346 4175; x_wconf 72' lang='grc' dir='ltr'><strong>Τὸ</strong></span> <span class='ocrx_word' id='word_1_501' title='bbox 373 4124 673 4197; x_wconf 87' lang='grc' dir='ltr'>ἀλληλούία</span> <span class='ocrx_word' id='word_1_502' title='bbox 718 4124 867 4195; x_wconf 62' lang='grc' dir='ltr'>οιίνον</span> <span class='ocrx_word' id='word_1_503' title='bbox 909 4132 1115 4203; x_wconf 88' lang='grc' dir='ltr'>Κυρίου</span> <span class='ocrx_word' id='word_1_504' title='bbox 1158 4135 1439 4205; x_wconf 89' lang='grc' dir='ltr'>σημαίνει·</span> <span class='ocrx_word' id='word_1_505' title='bbox 1478 4136 1649 4200; x_wconf 78' lang='grc' dir='ltr'>οὕτως</span> <span class='ocrx_word' id='word_1_506' title='bbox 1683 4138 1791 4210; x_wconf 77' lang='grc' dir='ltr'><strong>γὰρ</strong></span> 
     </span>
    </p>
   </div>
   <div class='ocr_carea' id='block_1_73' title="bbox 221 4209 1786 4298">
    <p class='ocr_par' dir='ltr' id='par_1_73' title="bbox 221 4209 1786 4298">
     <span class='ocr_line' id='line_1_75' title="bbox 221 4209 1786 4298; baseline 0.012 -34"><span class='ocrx_word' id='word_1_507' title='bbox 221 4209 567 4283; x_wconf 76' lang='grc' dir='ltr'>ἑρμηνεύεται</span> <span class='ocrx_word' id='word_1_508' title='bbox 602 4219 636 4288; x_wconf 82' lang='grc' dir='ltr'>ἡ</span> <span class='ocrx_word' id='word_1_509' title='bbox 665 4217 809 4284; x_wconf 78' lang='grc' dir='ltr'>λέξις</span> <span class='ocrx_word' id='word_1_510' title='bbox 828 4235 843 4250; x_wconf 89' lang='grc'><strong>·</strong></span> <span class='ocrx_word' id='word_1_511' title='bbox 878 4219 1025 4275; x_wconf 78' lang='grc' dir='ltr'>ἐστιν</span> <span class='ocrx_word' id='word_1_512' title='bbox 1055 4218 1147 4277; x_wconf 76' lang='grc' dir='ltr'>οὖν</span> <span class='ocrx_word' id='word_1_513' title='bbox 1181 4225 1277 4278; x_wconf 80' lang='grc' dir='ltr'>καὶ</span> <span class='ocrx_word' id='word_1_514' title='bbox 1308 4226 1369 4278; x_wconf 89' lang='grc' dir='ltr'>τὸ</span> <span class='ocrx_word' id='word_1_515' title='bbox 1403 4209 1786 4298; x_wconf 85' lang='grc' dir='ltr'>προκείμενον,</span> 
     </span>
    </p>
   </div>
   <div class='ocr_carea' id='block_1_74' title="bbox 1906 3318 3475 3399">
    <p class='ocr_par' dir='ltr' id='par_1_74' title="bbox 1906 3318 3475 3399">
     <span class='ocr_line' id='line_1_76' title="bbox 1906 3318 3475 3399; baseline 0.002 -26"><span class='ocrx_word' id='word_1_516' title='bbox 1906 3318 2016 3375; x_wconf 86' lang='lat' dir='ltr'><strong>cit:</strong></span> <span class='ocrx_word' id='word_1_517' title='bbox 2046 3318 2340 3389; x_wconf 73' lang='lat' dir='ltr'><strong>Eﬂ&#39;undam</strong></span> <span class='ocrx_word' id='word_1_518' title='bbox 2388 3322 2453 3375; x_wconf 85' lang='lat' dir='ltr'><strong>de</strong></span> <span class='ocrx_word' id='word_1_519' title='bbox 2491 3319 2698 3391; x_wconf 76' lang='lat' dir='ltr'><strong>Spiritu</strong></span> <span class='ocrx_word' id='word_1_520' title='bbox 2757 3341 2869 3378; x_wconf 87' lang='lat' dir='ltr'><strong>meo</strong></span> <span class='ocrx_word' id='word_1_521' title='bbox 2911 3342 3066 3394; x_wconf 82' lang='lat' dir='ltr'><strong>super</strong></span> <span class='ocrx_word' id='word_1_522' title='bbox 3116 3343 3321 3399; x_wconf 77' lang='lat' dir='ltr'><strong>omnem</strong></span> <span class='ocrx_word' id='word_1_523' title='bbox 3360 3344 3475 3380; x_wconf 85' lang='lat' dir='ltr'><strong>car-</strong></span> 
     </span>
    </p>
   </div>
   <div class='ocr_carea' id='block_1_75' title="bbox 1902 3410 3477 3484">
    <p class='ocr_par' dir='ltr' id='par_1_75' title="bbox 1902 3410 3477 3484">
     <span class='ocr_line' id='line_1_77' title="bbox 1902 3410 3477 3484; baseline 0.006 -20"><span class='ocrx_word' id='word_1_524' title='bbox 1902 3426 2018 3465; x_wconf 88' lang='lat' dir='ltr'><strong>nem</strong></span> <span class='ocrx_word' id='word_1_525' title='bbox 2044 3413 2091 3443; x_wconf 84' lang='grc'><strong>⁷³</strong></span> <span class='ocrx_word' id='word_1_526' title='bbox 2117 3430 2131 3479; x_wconf 89' lang='grc'>;</span> <span class='ocrx_word' id='word_1_527' title='bbox 2159 3421 2252 3467; x_wconf 90' lang='lat' dir='ltr'><strong>et:</strong></span> <span class='ocrx_word' id='word_1_528' title='bbox 2290 3410 2475 3467; x_wconf 89' lang='lat' dir='ltr'><strong>Omnis</strong></span> <span class='ocrx_word' id='word_1_529' title='bbox 2520 3415 2739 3484; x_wconf 81' lang='lat' dir='ltr'><strong>spiritus</strong></span> <span class='ocrx_word' id='word_1_530' title='bbox 2792 3415 2973 3471; x_wconf 82' lang='lat' dir='ltr'><strong>laudet</strong></span> <span class='ocrx_word' id='word_1_531' title='bbox 3026 3418 3324 3473; x_wconf 88' lang='lat' dir='ltr'><strong>Dominum.</strong></span> <span class='ocrx_word' id='word_1_532' title='bbox 3365 3419 3477 3474; x_wconf 87' lang='lat' dir='ltr'><strong>lloc</strong></span> 
     </span>
    </p>
   </div>
   <div class='ocr_carea' id='block_1_76' title="bbox 1904 3504 3475 3579">
    <p class='ocr_par' dir='ltr' id='par_1_76' title="bbox 1904 3504 3475 3579">
     <span class='ocr_line' id='line_1_78' title="bbox 1904 3504 3475 3579; baseline 0.006 -26"><span class='ocrx_word' id='word_1_533' title='bbox 1904 3517 2035 3559; x_wconf 70' lang='lat' dir='ltr'><strong>vero</strong></span> <span class='ocrx_word' id='word_1_534' title='bbox 2081 3504 2361 3573; x_wconf 87' lang='lat' dir='ltr'><strong>continget</strong></span> <span class='ocrx_word' id='word_1_535' title='bbox 2400 3521 2519 3560; x_wconf 89' lang='lat' dir='ltr'><strong>cum</strong></span> <span class='ocrx_word' id='word_1_536' title='bbox 2562 3506 2845 3576; x_wconf 86' lang='lat' dir='ltr'><strong>plenitudo</strong></span> <span class='ocrx_word' id='word_1_537' title='bbox 2880 3510 3124 3579; x_wconf 77' lang='lat' dir='ltr'><strong>gentium</strong></span> <span class='ocrx_word' id='word_1_538' title='bbox 3179 3510 3475 3575; x_wconf 84' lang='lat' dir='ltr'><strong>introierit,</strong></span> 
     </span>
    </p>
   </div>
   <div class='ocr_carea' id='block_1_77' title="bbox 1898 3595 3476 3668">
    <p class='ocr_par' dir='ltr' id='par_1_77' title="bbox 1898 3595 3476 3668">
     <span class='ocr_line' id='line_1_79' title="bbox 1898 3595 3476 3668; baseline 0.003 -18"><span class='ocrx_word' id='word_1_539' title='bbox 1898 3605 1954 3650; x_wconf 89' lang='lat' dir='ltr'><strong>et</strong></span> <span class='ocrx_word' id='word_1_540' title='bbox 1991 3595 2306 3650; x_wconf 84' lang='lat' dir='ltr'><strong>universum</strong></span> <span class='ocrx_word' id='word_1_541' title='bbox 2334 3596 2616 3651; x_wconf 86' lang='lat' dir='ltr'><strong>hominum</strong></span> <span class='ocrx_word' id='word_1_542' title='bbox 2655 3614 2830 3668; x_wconf 90' lang='lat' dir='ltr'><strong>genus</strong></span> <span class='ocrx_word' id='word_1_543' title='bbox 2853 3599 3062 3654; x_wconf 86' lang='lat' dir='ltr'><strong>salvum</strong></span> <span class='ocrx_word' id='word_1_544' title='bbox 3100 3601 3214 3656; x_wconf 86' lang='lat' dir='ltr'><strong>ﬁet.</strong></span> <span class='ocrx_word' id='word_1_545' title='bbox 3249 3601 3321 3657; x_wconf 88' lang='lat' dir='ltr'><strong>0s</strong></span> <span class='ocrx_word' id='word_1_546' title='bbox 3344 3603 3476 3656; x_wconf 89' lang='lat' dir='ltr'><strong>dicit</strong></span> 
     </span>
    </p>
   </div>
   <div class='ocr_carea' id='block_1_78' title="bbox 1898 3687 3475 3757">
    <p class='ocr_par' dir='ltr' id='par_1_78' title="bbox 1898 3687 3475 3757">
     <span class='ocr_line' id='line_1_80' title="bbox 1898 3687 3475 3757; baseline 0.003 -15"><span class='ocrx_word' id='word_1_547' title='bbox 1898 3687 2286 3754; x_wconf 82' lang='lat' dir='ltr'><strong>intellectuale,</strong></span> <span class='ocrx_word' id='word_1_548' title='bbox 2316 3698 2374 3743; x_wconf 91' lang='lat' dir='ltr'><strong>ut</strong></span> <span class='ocrx_word' id='word_1_549' title='bbox 2395 3689 2546 3757; x_wconf 86' lang='lat' dir='ltr'><strong>alibi,</strong></span> <span class='ocrx_word' id='word_1_550' title='bbox 2598 3689 2783 3746; x_wconf 85' lang='lat' dir='ltr'><strong>Omnis</strong></span> <span class='ocrx_word' id='word_1_551' title='bbox 2816 3710 2940 3747; x_wconf 89' lang='lat' dir='ltr'><strong>caro</strong></span> <span class='ocrx_word' id='word_1_552' title='bbox 2973 3696 3233 3750; x_wconf 73' lang='lat' dir='ltr'><strong>benedice:</strong></span> <span class='ocrx_word' id='word_1_553' title='bbox 3274 3697 3475 3749; x_wconf 86' lang='lat' dir='ltr'><strong>nomini</strong></span> 
     </span>
    </p>
   </div>
   <div class='ocr_carea' id='block_1_79' title="bbox 1896 3778 3473 3853">
    <p class='ocr_par' dir='ltr' id='par_1_79' title="bbox 1896 3778 3473 3853">
     <span class='ocr_line' id='line_1_81' title="bbox 1896 3778 3473 3853; baseline 0.004 -21"><span class='ocrx_word' id='word_1_554' title='bbox 1896 3778 2109 3833; x_wconf 86' lang='lat' dir='ltr'><strong>Domini</strong></span> <span class='ocrx_word' id='word_1_555' title='bbox 2140 3781 2193 3834; x_wconf 87' lang='lat' dir='ltr'><strong>in</strong></span> <span class='ocrx_word' id='word_1_556' title='bbox 2223 3781 2476 3835; x_wconf 80' lang='lat' dir='ltr'><strong>sweulum</strong></span> <span class='ocrx_word' id='word_1_557' title='bbox 2508 3790 2559 3836; x_wconf 82' lang='lat' dir='ltr'><strong>et</strong></span> <span class='ocrx_word' id='word_1_558' title='bbox 2601 3784 2655 3837; x_wconf 88' lang='lat' dir='ltr'><strong>in</strong></span> <span class='ocrx_word' id='word_1_559' title='bbox 2697 3786 2950 3839; x_wconf 64' lang='lat' dir='ltr'><strong>sacculum</strong></span> <span class='ocrx_word' id='word_1_560' title='bbox 2991 3788 3265 3853; x_wconf 73' lang='lat' dir='ltr'><strong>sa&#39;culi&quot;,</strong></span> <span class='ocrx_word' id='word_1_561' title='bbox 3328 3787 3473 3841; x_wconf 80' lang='lat' dir='ltr'><strong>salu-</strong></span> 
     </span>
    </p>
   </div>
   <div class='ocr_carea' id='block_1_80' title="bbox 1897 3872 3400 3944">
    <p class='ocr_par' dir='ltr' id='par_1_80' title="bbox 1897 3872 3400 3944">
     <span class='ocr_line' id='line_1_82' title="bbox 1897 3872 3400 3944; baseline 0.003 -18"><span class='ocrx_word' id='word_1_562' title='bbox 1897 3880 2011 3927; x_wconf 88' lang='lat' dir='ltr'><strong>tare</strong></span> <span class='ocrx_word' id='word_1_563' title='bbox 2039 3872 2133 3927; x_wconf 87' lang='lat' dir='ltr'><strong>Dei</strong></span> <span class='ocrx_word' id='word_1_564' title='bbox 2167 3882 2498 3944; x_wconf 85' lang='lat' dir='ltr'><strong>spectatura,</strong></span> <span class='ocrx_word' id='word_1_565' title='bbox 2529 3890 2630 3929; x_wconf 87' lang='lat' dir='ltr'><strong>nec</strong></span> <span class='ocrx_word' id='word_1_566' title='bbox 2658 3875 2771 3942; x_wconf 89' lang='lat' dir='ltr'><strong>jam</strong></span> <span class='ocrx_word' id='word_1_567' title='bbox 2804 3876 2978 3931; x_wconf 86' lang='lat' dir='ltr'><strong>instar</strong></span> <span class='ocrx_word' id='word_1_568' title='bbox 3009 3878 3116 3933; x_wconf 83' lang='lat' dir='ltr'><strong>feni</strong></span> <span class='ocrx_word' id='word_1_569' title='bbox 3149 3878 3400 3933; x_wconf 87' lang='lat' dir='ltr'><strong>decidua.</strong></span> 
     </span>
    </p>
   </div>
   <div class='ocr_carea' id='block_1_81' title="bbox 2400 4053 2969 4113">
    <p class='ocr_par' dir='ltr' id='par_1_81' title="bbox 2400 4053 2969 4113">
     <span class='ocr_line' id='line_1_83' title="bbox 2400 4053 2969 4113; baseline 0.007 -4"><span class='ocrx_word' id='word_1_570' title='bbox 2400 4053 2721 4111; x_wconf 79' lang='lat' dir='ltr'><strong>PSALMUS</strong></span> <span class='ocrx_word' id='word_1_571' title='bbox 2756 4054 2969 4113; x_wconf 80' lang='lat' dir='ltr'><strong>CXLV.</strong></span> 
     </span>
    </p>
   </div>
   <div class='ocr_carea' id='block_1_82' title="bbox 1961 4142 3471 4215">
    <p class='ocr_par' dir='ltr' id='par_1_82' title="bbox 1961 4142 3471 4215">
     <span class='ocr_line' id='line_1_84' title="bbox 1961 4142 3471 4215; baseline 0.001 -18"><span class='ocrx_word' id='word_1_572' title='bbox 1961 4142 2189 4198; x_wconf 86' lang='lat' dir='ltr'><strong>Alleluia</strong></span> <span class='ocrx_word' id='word_1_573' title='bbox 2222 4143 2433 4199; x_wconf 87' lang='lat' dir='ltr'><strong>laudem</strong></span> <span class='ocrx_word' id='word_1_574' title='bbox 2464 4144 2674 4199; x_wconf 79' lang='lat' dir='ltr'><strong>Domini</strong></span> <span class='ocrx_word' id='word_1_575' title='bbox 2720 4145 3013 4215; x_wconf 81' lang='lat' dir='ltr'><strong>signiﬁcat.</strong></span> <span class='ocrx_word' id='word_1_576' title='bbox 3062 4144 3153 4199; x_wconf 90' lang='lat' dir='ltr'><strong>Sic</strong></span> <span class='ocrx_word' id='word_1_577' title='bbox 3186 4145 3331 4198; x_wconf 90' lang='lat' dir='ltr'><strong>enim</strong></span> <span class='ocrx_word' id='word_1_578' title='bbox 3374 4160 3471 4199; x_wconf 75' lang='lat' dir='ltr'><strong>ex-</strong></span> 
     </span>
    </p>
   </div>
   <div class='ocr_carea' id='block_1_83' title="bbox 1892 4233 3471 4304">
    <p class='ocr_par' dir='ltr' id='par_1_83' title="bbox 1892 4233 3471 4304">
     <span class='ocr_line' id='line_1_85' title="bbox 1892 4233 3471 4304; baseline 0.002 -18"><span class='ocrx_word' id='word_1_579' title='bbox 1892 4233 2121 4302; x_wconf 89' lang='lat' dir='ltr'><strong>plicatur</strong></span> <span class='ocrx_word' id='word_1_580' title='bbox 2150 4233 2492 4289; x_wconf 83' lang='lat' dir='ltr'><strong>vocabulum.</strong></span> <span class='ocrx_word' id='word_1_581' title='bbox 2527 4233 2671 4288; x_wconf 89' lang='lat' dir='ltr'><strong>Laus</strong></span> <span class='ocrx_word' id='word_1_582' title='bbox 2690 4235 2977 4302; x_wconf 87' lang='lat' dir='ltr'><strong>estitaque</strong></span> <span class='ocrx_word' id='word_1_583' title='bbox 3033 4249 3272 4303; x_wconf 64' lang='lat' dir='ltr'><strong>praesens</strong></span> <span class='ocrx_word' id='word_1_584' title='bbox 3326 4236 3471 4304; x_wconf 86' lang='lat' dir='ltr'><strong>psal-</strong></span> 
     </span>
    </p>
   </div>
   <div class='ocr_carea' id='block_1_84' title="bbox 220 4298 1799 4393">
    <p class='ocr_par' dir='ltr' id='par_1_84' title="bbox 220 4298 1789 4387">
     <span class='ocr_line' id='line_1_86' title="bbox 220 4298 1789 4387; baseline 0.013 -33"><span class='ocrx_word' id='word_1_585' title='bbox 220 4298 374 4368; x_wconf 80' lang='grc' dir='ltr'>αἶνος·</span> <span class='ocrx_word' id='word_1_586' title='bbox 417 4307 501 4362; x_wconf 81' lang='grc' dir='ltr'>διὸ</span> <span class='ocrx_word' id='word_1_587' title='bbox 541 4308 607 4379; x_wconf 79' lang='grc' dir='ltr'>δὴ</span> <span class='ocrx_word' id='word_1_588' title='bbox 652 4311 955 4383; x_wconf 83' lang='grc' dir='ltr'>ἀρχόμενὸς</span> <span class='ocrx_word' id='word_1_589' title='bbox 1006 4332 1171 4387; x_wconf 84' lang='grc' dir='ltr'>φησιν</span> <span class='ocrx_word' id='word_1_590' title='bbox 1218 4316 1247 4369; x_wconf 85' lang='grc' dir='ltr'>ὁ</span> <span class='ocrx_word' id='word_1_591' title='bbox 1294 4316 1482 4386; x_wconf 88' lang='grc' dir='ltr'>λόγος·</span> <span class='ocrx_word' id='word_1_592' title='bbox 1520 4319 1705 4386; x_wconf 73' lang='lat' dir='ltr'><strong>Atrei,</strong></span> <span class='ocrx_word' id='word_1_593' title='bbox 1748 4320 1789 4386; x_wconf 79' lang='grc' dir='ltr'><em>ὴ</em></span> 
     </span>
    </p>
   </div>
   <div class='ocr_carea' id='block_1_85' title="bbox 1911 4298 3468 4393">
    <p class='ocr_par' dir='ltr' id='par_1_85' title="bbox 1911 4298 3468 4393">
     <span class='ocr_line' id='line_1_87' title="bbox 1911 4298 3468 4393; baseline 0.001 -16"><span class='ocrx_word' id='word_1_594' title='bbox 1911 4338 2012 4378; x_wconf 88' lang='lat' dir='ltr'><strong>nus</strong></span> <span class='ocrx_word' id='word_1_595' title='bbox 2029 4341 2042 4377; x_wconf 92' lang='lat'><strong>:</strong></span> <span class='ocrx_word' id='word_1_596' title='bbox 2058 4338 2226 4393; x_wconf 90' lang='lat' dir='ltr'><strong>quare</strong></span> <span class='ocrx_word' id='word_1_597' title='bbox 2247 4332 2302 4377; x_wconf 94' lang='lat' dir='ltr'><strong>et</strong></span> <span class='ocrx_word' id='word_1_598' title='bbox 2320 4323 2535 4392; x_wconf 89' lang='lat' dir='ltr'><strong>incipit:</strong></span> <span class='ocrx_word' id='word_1_599' title='bbox 2561 4310 2766 4388; x_wconf 81' lang='lat' dir='ltr'><strong>Lauda,</strong></span> <span class='ocrx_word' id='word_1_600' title='bbox 2797 4298 2976 4377; x_wconf 76' lang='lat' dir='ltr'><strong>anima</strong></span> <span class='ocrx_word' id='word_1_601' title='bbox 2999 4298 3135 4388; x_wconf 79' lang='lat' dir='ltr'><strong>mea,</strong></span> <span class='ocrx_word' id='word_1_602' title='bbox 3161 4323 3468 4387; x_wconf 83' lang='lat' dir='ltr'><strong>Dominum;</strong></span> 
     </span>
    </p>
   </div>
   <div class='ocr_carea' id='block_1_86' title="bbox 220 4397 1799 4486">
    <p class='ocr_par' dir='ltr' id='par_1_86' title="bbox 220 4397 1785 4483">
     <span class='ocr_line' id='line_1_88' title="bbox 220 4397 1785 4483; baseline 0.02 -41"><span class='ocrx_word' id='word_1_603' title='bbox 220 4397 371 4466; x_wconf 61' lang='grc' dir='ltr'>ψυχή</span> <span class='ocrx_word' id='word_1_604' title='bbox 390 4418 540 4468; x_wconf 84' lang='grc' dir='ltr'>μου,</span> <span class='ocrx_word' id='word_1_605' title='bbox 565 4400 674 4455; x_wconf 85' lang='grc' dir='ltr'>τὸν</span> <span class='ocrx_word' id='word_1_606' title='bbox 701 4404 940 4473; x_wconf 83' lang='grc' dir='ltr'>Κύριον,</span> <span class='ocrx_word' id='word_1_607' title='bbox 959 4407 1078 4478; x_wconf 70' lang='grc' dir='ltr'>ἤτοι</span> <span class='ocrx_word' id='word_1_608' title='bbox 1100 4408 1195 4462; x_wconf 80' lang='grc' dir='ltr'>τοῦ</span> <span class='ocrx_word' id='word_1_609' title='bbox 1220 4408 1527 4480; x_wconf 85' lang='grc' dir='ltr'>πνεύματος</span> <span class='ocrx_word' id='word_1_610' title='bbox 1550 4414 1616 4481; x_wconf 79' lang='grc' dir='ltr'><strong>τῇ</strong></span> <span class='ocrx_word' id='word_1_611' title='bbox 1641 4411 1785 4483; x_wconf 70' lang='grc' dir='ltr'>ψυχῇ</span> 
     </span>
    </p>
   </div>
   <div class='ocr_carea' id='block_1_87' title="bbox 1911 4397 3469 4486">
    <p class='ocr_par' dir='ltr' id='par_1_87' title="bbox 1911 4414 3469 4486">
     <span class='ocr_line' id='line_1_89' title="bbox 1911 4414 3469 4486; baseline 0.003 -17"><span class='ocrx_word' id='word_1_612' title='bbox 1911 4417 2004 4471; x_wconf 61' lang='lat' dir='ltr'><strong>sive</strong></span> <span class='ocrx_word' id='word_1_613' title='bbox 2024 4415 2246 4485; x_wconf 91' lang='lat' dir='ltr'><strong>spiritus</strong></span> <span class='ocrx_word' id='word_1_614' title='bbox 2262 4416 2496 4470; x_wconf 86' lang='lat' dir='ltr'><strong>animam</strong></span> <span class='ocrx_word' id='word_1_615' title='bbox 2517 4414 2854 4480; x_wconf 88' lang='lat' dir='ltr'><strong>adhortetur,</strong></span> <span class='ocrx_word' id='word_1_616' title='bbox 2874 4415 2989 4470; x_wconf 89' lang='lat' dir='ltr'><strong>sive</strong></span> <span class='ocrx_word' id='word_1_617' title='bbox 3014 4416 3127 4486; x_wconf 91' lang='lat' dir='ltr'><strong>ipsa</strong></span> <span class='ocrx_word' id='word_1_618' title='bbox 3153 4432 3231 4473; x_wconf 86' lang='lat' dir='ltr'><strong>se.</strong></span> <span class='ocrx_word' id='word_1_619' title='bbox 3267 4417 3469 4474; x_wconf 79' lang='lat' dir='ltr'><strong>Deinde</strong></span> 
     </span>
    </p>
   </div>
   <div class='ocr_carea' id='block_1_88' title="bbox 220 4491 1799 4578">
    <p class='ocr_par' dir='ltr' id='par_1_88' title="bbox 220 4491 1788 4572">
     <span class='ocr_line' id='line_1_90' title="bbox 220 4491 1788 4572; baseline 0.01 -31"><span class='ocrx_word' id='word_1_620' title='bbox 220 4491 739 4563; x_wconf 84' lang='grc' dir='ltr'>παρακελευομένου,</span> <span class='ocrx_word' id='word_1_621' title='bbox 776 4496 809 4568; x_wconf 77' lang='grc' dir='ltr'>ἢ</span> <span class='ocrx_word' id='word_1_622' title='bbox 848 4498 1018 4569; x_wconf 81' lang='grc' dir='ltr'>αὐτῆς</span> <span class='ocrx_word' id='word_1_623' title='bbox 1052 4501 1251 4572; x_wconf 75' lang='grc' dir='ltr'>ἑαυτῇ·</span> <span class='ocrx_word' id='word_1_624' title='bbox 1285 4496 1385 4554; x_wconf 70' lang='grc' dir='ltr'>εἷθ’</span> <span class='ocrx_word' id='word_1_625' title='bbox 1430 4502 1788 4557; x_wconf 83' lang='grc' dir='ltr'>ὑπακούσασα</span> 
     </span>
    </p>
   </div>
   <div class='ocr_carea' id='block_1_89' title="bbox 1911 4491 3464 4578">
    <p class='ocr_par' dir='ltr' id='par_1_89' title="bbox 1911 4508 3464 4578">
     <span class='ocr_line' id='line_1_91' title="bbox 1911 4508 3464 4578; baseline 0.001 -16"><span class='ocrx_word' id='word_1_626' title='bbox 1911 4509 2145 4563; x_wconf 87' lang='lat' dir='ltr'><strong>nandato</strong></span> <span class='ocrx_word' id='word_1_627' title='bbox 2168 4508 2574 4578; x_wconf 85' lang='lat' dir='ltr'><strong>obtemperans,</strong></span> <span class='ocrx_word' id='word_1_628' title='bbox 2604 4516 2854 4577; x_wconf 91' lang='lat' dir='ltr'><strong>prompte</strong></span> <span class='ocrx_word' id='word_1_629' title='bbox 2900 4511 3188 4577; x_wconf 81' lang='lat' dir='ltr'><strong>respondet</strong></span> <span class='ocrx_word' id='word_1_630' title='bbox 3232 4511 3418 4566; x_wconf 90' lang='lat' dir='ltr'><strong>dicens</strong></span> <span class='ocrx_word' id='word_1_631' title='bbox 3451 4528 3464 4563; x_wconf 92' lang='lat'><strong>:</strong></span> 
     </span>
    </p>
   </div>
   <div class='ocr_carea' id='block_1_90' title="bbox 217 4578 1799 4669">
    <p class='ocr_par' dir='ltr' id='par_1_90' title="bbox 217 4578 1778 4665">
     <span class='ocr_line' id='line_1_92' title="bbox 217 4578 1778 4665; baseline 0.012 -34"><span class='ocrx_word' id='word_1_632' title='bbox 217 4578 282 4648; x_wconf 83' lang='grc' dir='ltr'>τῷ</span> <span class='ocrx_word' id='word_1_633' title='bbox 320 4586 726 4656; x_wconf 81' lang='grc' dir='ltr'>προστάγματι,</span> <span class='ocrx_word' id='word_1_634' title='bbox 780 4590 1075 4661; x_wconf 88' lang='grc' dir='ltr'>προθύμως</span> <span class='ocrx_word' id='word_1_635' title='bbox 1115 4593 1471 4665; x_wconf 84' lang='grc' dir='ltr'>ἀποκρίνεται</span> <span class='ocrx_word' id='word_1_636' title='bbox 1512 4594 1778 4664; x_wconf 85' lang='grc' dir='ltr'>λέγουσα·</span> 
     </span>
    </p>
   </div>
   <div class='ocr_carea' id='block_1_91' title="bbox 1911 4578 3469 4669">
    <p class='ocr_par' dir='ltr' id='par_1_91' title="bbox 1911 4598 3469 4669">
     <span class='ocr_line' id='line_1_93' title="bbox 1911 4598 3469 4669; baseline 0.002 -15"><span class='ocrx_word' id='word_1_637' title='bbox 1911 4598 2143 4654; x_wconf 72' lang='lat' dir='ltr'><strong>Laudabo</strong></span> <span class='ocrx_word' id='word_1_638' title='bbox 2172 4599 2456 4654; x_wconf 83' lang='lat' dir='ltr'><strong>Dominum</strong></span> <span class='ocrx_word' id='word_1_639' title='bbox 2493 4600 2549 4653; x_wconf 86' lang='lat' dir='ltr'><strong>in</strong></span> <span class='ocrx_word' id='word_1_640' title='bbox 2574 4600 2680 4653; x_wconf 86' lang='lat' dir='ltr'><strong>vita</strong></span> <span class='ocrx_word' id='word_1_641' title='bbox 2726 4616 2861 4664; x_wconf 87' lang='lat' dir='ltr'><strong>mea,</strong></span> <span class='ocrx_word' id='word_1_642' title='bbox 2917 4600 3142 4669; x_wconf 82' lang='lat' dir='ltr'><strong>psallam</strong></span> <span class='ocrx_word' id='word_1_643' title='bbox 3193 4601 3303 4657; x_wconf 89' lang='lat' dir='ltr'><strong>Deo</strong></span> <span class='ocrx_word' id='word_1_644' title='bbox 3352 4618 3469 4657; x_wconf 88' lang='lat' dir='ltr'><strong>meo</strong></span> 
     </span>
    </p>
   </div>
   <div class='ocr_carea' id='block_1_92' title="bbox 210 4672 1799 4763">
    <p class='ocr_par' dir='ltr' id='par_1_92' title="bbox 210 4672 1774 4758">
     <span class='ocr_line' id='line_1_94' title="bbox 210 4672 1774 4758; baseline 0.013 -34"><span class='ocrx_word' id='word_1_645' title='bbox 210 4672 414 4729; x_wconf 80' lang='grc' dir='ltr'>Αίνέσω</span> <span class='ocrx_word' id='word_1_646' title='bbox 440 4678 665 4747; x_wconf 81' lang='grc' dir='ltr'>Κύριον</span> <span class='ocrx_word' id='word_1_647' title='bbox 692 4680 760 4733; x_wconf 82' lang='grc' dir='ltr'><strong>ἐν</strong></span> <span class='ocrx_word' id='word_1_648' title='bbox 780 4680 892 4751; x_wconf 77' lang='grc' dir='ltr'><strong>ζωῇ</strong></span> <span class='ocrx_word' id='word_1_649' title='bbox 901 4702 1041 4753; x_wconf 80' lang='grc' dir='ltr'>μου,</span> <span class='ocrx_word' id='word_1_650' title='bbox 1086 4686 1257 4747; x_wconf 63' lang='grc' dir='ltr'>ψαλῶ</span> <span class='ocrx_word' id='word_1_651' title='bbox 1289 4686 1371 4753; x_wconf 85' lang='grc' dir='ltr'>τῷ</span> <span class='ocrx_word' id='word_1_652' title='bbox 1390 4687 1513 4754; x_wconf 87' lang='grc' dir='ltr'><strong>Θεῷ</strong></span> <span class='ocrx_word' id='word_1_653' title='bbox 1534 4707 1655 4758; x_wconf 86' lang='grc' dir='ltr'><strong>μου</strong></span> <span class='ocrx_word' id='word_1_654' title='bbox 1671 4690 1774 4757; x_wconf 80' lang='grc' dir='ltr'>ἕως</span> 
     </span>
    </p>
   </div>
   <div class='ocr_carea' id='block_1_93' title="bbox 1911 4672 3467 4763">
    <p class='ocr_par' dir='ltr' id='par_1_93' title="bbox 1911 4691 3467 4762">
     <span class='ocr_line' id='line_1_95' title="bbox 1911 4691 3467 4762; baseline 0.003 -17"><span class='ocrx_word' id='word_1_655' title='bbox 1911 4691 2125 4752; x_wconf 73' lang='grc' dir='ltr'>ιιιοηάὶιι</span> <span class='ocrx_word' id='word_1_656' title='bbox 2159 4691 2331 4761; x_wconf 72' lang='lat' dir='ltr'><strong>fuero.</strong></span> <span class='ocrx_word' id='word_1_657' title='bbox 2362 4692 2514 4759; x_wconf 87' lang='lat' dir='ltr'><strong>Quod</strong></span> <span class='ocrx_word' id='word_1_658' title='bbox 2538 4694 2582 4748; x_wconf 89' lang='lat' dir='ltr'><strong>si</strong></span> <span class='ocrx_word' id='word_1_659' title='bbox 2618 4692 2942 4748; x_wconf 90' lang='lat' dir='ltr'><strong>immortalis</strong></span> <span class='ocrx_word' id='word_1_660' title='bbox 2970 4702 3053 4750; x_wconf 89' lang='lat' dir='ltr'><strong>est</strong></span> <span class='ocrx_word' id='word_1_661' title='bbox 3086 4694 3291 4762; x_wconf 90' lang='lat' dir='ltr'><strong>anima,</strong></span> <span class='ocrx_word' id='word_1_662' title='bbox 3320 4710 3467 4751; x_wconf 83' lang='lat' dir='ltr'><strong>sem-</strong></span> 
     </span>
    </p>
   </div>
   <div class='ocr_carea' id='block_1_94' title="bbox 216 4765 1799 4855">
    <p class='ocr_par' dir='ltr' id='par_1_94' title="bbox 216 4765 1781 4855">
     <span class='ocr_line' id='line_1_96' title="bbox 216 4765 1781 4855; baseline 0.013 -38"><span class='ocrx_word' id='word_1_663' title='bbox 216 4765 461 4838; x_wconf 72' lang='grc' dir='ltr'>ὑπάρχω.</span> <span class='ocrx_word' id='word_1_664' title='bbox 485 4772 554 4824; x_wconf 79' lang='lat' dir='ltr'><strong>El</strong></span> <span class='ocrx_word' id='word_1_665' title='bbox 586 4772 644 4825; x_wconf 84' lang='grc' dir='ltr'>δὲ</span> <span class='ocrx_word' id='word_1_666' title='bbox 667 4773 935 4839; x_wconf 85' lang='grc' dir='ltr'>ἀθάνατός</span> <span class='ocrx_word' id='word_1_667' title='bbox 960 4778 1104 4831; x_wconf 90' lang='grc' dir='ltr'>ἐστιν</span> <span class='ocrx_word' id='word_1_668' title='bbox 1128 4780 1163 4850; x_wconf 78' lang='grc' dir='ltr'>ἡ</span> <span class='ocrx_word' id='word_1_669' title='bbox 1188 4778 1358 4850; x_wconf 77' lang='grc' dir='ltr'>ψυχὴ,</span> <span class='ocrx_word' id='word_1_670' title='bbox 1390 4781 1477 4833; x_wconf 79' lang='grc' dir='ltr'><strong>ἀεί</strong></span> <span class='ocrx_word' id='word_1_671' title='bbox 1506 4799 1564 4835; x_wconf 86' lang='grc' dir='ltr'><strong>τε</strong></span> <span class='ocrx_word' id='word_1_672' title='bbox 1592 4783 1657 4855; x_wconf 80' lang='grc' dir='ltr'><strong>ζῇ</strong></span> <span class='ocrx_word' id='word_1_673' title='bbox 1686 4784 1781 4839; x_wconf 78' lang='grc' dir='ltr'><strong>καὶ</strong></span> 
     </span>
    </p>
   </div>
   <div class='ocr_carea' id='block_1_95' title="bbox 1911 4765 3464 4855">
    <p class='ocr_par' dir='ltr' id='par_1_95' title="bbox 1911 4783 3464 4855">
     <span class='ocr_line' id='line_1_97' title="bbox 1911 4783 3464 4855; baseline 0.003 -20"><span class='ocrx_word' id='word_1_674' title='bbox 1911 4797 2090 4853; x_wconf 70' lang='lat' dir='ltr'><strong>terque</strong></span> <span class='ocrx_word' id='word_1_675' title='bbox 2120 4783 2253 4838; x_wconf 78' lang='lat' dir='ltr'><strong>vivit</strong></span> <span class='ocrx_word' id='word_1_676' title='bbox 2280 4793 2335 4839; x_wconf 91' lang='lat' dir='ltr'><strong>et</strong></span> <span class='ocrx_word' id='word_1_677' title='bbox 2362 4792 2446 4838; x_wconf 90' lang='lat' dir='ltr'><strong>est</strong></span> <span class='ocrx_word' id='word_1_678' title='bbox 2471 4784 2632 4839; x_wconf 83' lang='lat' dir='ltr'><strong>etiam</strong></span> <span class='ocrx_word' id='word_1_679' title='bbox 2666 4793 2790 4853; x_wconf 88' lang='lat' dir='ltr'><strong>post</strong></span> <span class='ocrx_word' id='word_1_680' title='bbox 2817 4785 3116 4841; x_wconf 88' lang='lat' dir='ltr'><strong>discessum</strong></span> <span class='ocrx_word' id='word_1_681' title='bbox 3155 4801 3184 4839; x_wconf 90' lang='lat' dir='ltr'><strong>a</strong></span> <span class='ocrx_word' id='word_1_682' title='bbox 3214 4801 3464 4855; x_wconf 86' lang='lat' dir='ltr'><strong>corpore,</strong></span> 
     </span>
    </p>
   </div>
   <div class='ocr_carea' id='block_1_96' title="bbox 217 4854 1781 4945">
    <p class='ocr_par' dir='ltr' id='par_1_96' title="bbox 217 4854 1781 4945">
     <span class='ocr_line' id='line_1_98' title="bbox 217 4854 1781 4945; baseline 0.013 -36"><span class='ocrx_word' id='word_1_683' title='bbox 217 4854 427 4929; x_wconf 80' lang='grc' dir='ltr'>ὑπάρχει</span> <span class='ocrx_word' id='word_1_684' title='bbox 468 4863 567 4916; x_wconf 74' lang='grc' dir='ltr'>καὶ</span> <span class='ocrx_word' id='word_1_685' title='bbox 598 4867 736 4933; x_wconf 84' lang='grc' dir='ltr'>μετὰ</span> <span class='ocrx_word' id='word_1_686' title='bbox 773 4868 873 4939; x_wconf 77' lang='grc' dir='ltr'>τὴν</span> <span class='ocrx_word' id='word_1_687' title='bbox 910 4869 1005 4926; x_wconf 70' lang='grc' dir='ltr'>τοῦ</span> <span class='ocrx_word' id='word_1_688' title='bbox 1037 4870 1286 4941; x_wconf 81' lang='grc' dir='ltr'>σώματος</span> <span class='ocrx_word' id='word_1_689' title='bbox 1329 4854 1651 4945; x_wconf 83' lang='grc' dir='ltr'>ἀπαλλαγὴν</span> <span class='ocrx_word' id='word_1_690' title='bbox 1692 4876 1781 4929; x_wconf 83' lang='grc' dir='ltr'>δυ-</span> 
     </span>
    </p>
   </div>
   <div class='ocr_carea' id='block_1_97' title="bbox 215 4950 1777 5037">
    <p class='ocr_par' dir='ltr' id='par_1_97' title="bbox 215 4950 1777 5037">
     <span class='ocr_line' id='line_1_99' title="bbox 215 4950 1777 5037; baseline 0.014 -37"><span class='ocrx_word' id='word_1_691' title='bbox 215 4950 421 5023; x_wconf 82' lang='grc' dir='ltr'>ναμένη,</span> <span class='ocrx_word' id='word_1_692' title='bbox 458 4956 649 5025; x_wconf 82' lang='grc' dir='ltr'>φησίν·</span> <span class='ocrx_word' id='word_1_693' title='bbox 681 4957 769 5021; x_wconf 84' lang='grc' dir='ltr'><strong>Ὠς</strong></span> <span class='ocrx_word' id='word_1_694' title='bbox 816 4960 924 5030; x_wconf 79' lang='grc' dir='ltr'>ἄρα</span> <span class='ocrx_word' id='word_1_695' title='bbox 965 4961 1086 5015; x_wconf 79' lang='grc' dir='ltr'>οὐδὲ</span> <span class='ocrx_word' id='word_1_696' title='bbox 1135 4963 1354 5018; x_wconf 83' lang='grc' dir='ltr'>πώποτε</span> <span class='ocrx_word' id='word_1_697' title='bbox 1383 4964 1659 5037; x_wconf 84' lang='grc' dir='ltr'>παύσομαι</span> <span class='ocrx_word' id='word_1_698' title='bbox 1689 4969 1777 5021; x_wconf 87' lang='grc' dir='ltr'>αί-</span> 
     </span>
    </p>
   </div>
   <div class='ocr_carea' id='block_1_98' title="bbox 214 5039 1778 5126">
    <p class='ocr_par' dir='ltr' id='par_1_98' title="bbox 214 5039 1778 5126">
     <span class='ocr_line' id='line_1_100' title="bbox 214 5039 1778 5126; baseline 0.015 -35"><span class='ocrx_word' id='word_1_699' title='bbox 214 5039 358 5096; x_wconf 83' lang='grc' dir='ltr'>νοῦσα</span> <span class='ocrx_word' id='word_1_700' title='bbox 400 5048 495 5101; x_wconf 82' lang='grc' dir='ltr'>τὸν</span> <span class='ocrx_word' id='word_1_701' title='bbox 542 5048 766 5121; x_wconf 87' lang='grc' dir='ltr'>Κύριον,</span> <span class='ocrx_word' id='word_1_702' title='bbox 811 5052 925 5105; x_wconf 82' lang='grc' dir='ltr'>ἀλλ’</span> <span class='ocrx_word' id='word_1_703' title='bbox 974 5056 1055 5118; x_wconf 87' lang='grc' dir='ltr'><strong>είς</strong></span> <span class='ocrx_word' id='word_1_704' title='bbox 1107 5057 1352 5126; x_wconf 79' lang='grc' dir='ltr'>μακροὺς</span> <span class='ocrx_word' id='word_1_705' title='bbox 1409 5057 1629 5123; x_wconf 83' lang='grc' dir='ltr'>αἰῶνας,</span> <span class='ocrx_word' id='word_1_706' title='bbox 1683 5060 1778 5114; x_wconf 73' lang='grc' dir='ltr'>καὶ</span> 
     </span>
    </p>
   </div>
   <div class='ocr_carea' id='block_1_99' title="bbox 216 5131 1776 5225">
    <p class='ocr_par' dir='ltr' id='par_1_99' title="bbox 216 5131 1776 5225">
     <span class='ocr_line' id='line_1_101' title="bbox 216 5131 1776 5225; baseline 0.013 -40"><span class='ocrx_word' id='word_1_707' title='bbox 216 5131 373 5188; x_wconf 79' lang='grc' dir='ltr'>πάντα</span> <span class='ocrx_word' id='word_1_708' title='bbox 398 5138 488 5191; x_wconf 80' lang='grc' dir='ltr'>τὸν</span> <span class='ocrx_word' id='word_1_709' title='bbox 516 5142 617 5211; x_wconf 81' lang='grc' dir='ltr'>τῆς</span> <span class='ocrx_word' id='word_1_710' title='bbox 637 5141 908 5197; x_wconf 81' lang='grc' dir='ltr'>ἀθανάτου</span> <span class='ocrx_word' id='word_1_711' title='bbox 938 5144 1084 5217; x_wconf 77' lang='grc' dir='ltr'>ζωῆς</span> <span class='ocrx_word' id='word_1_712' title='bbox 1113 5164 1214 5217; x_wconf 87' lang='grc' dir='ltr'><strong>μου</strong></span> <span class='ocrx_word' id='word_1_713' title='bbox 1246 5148 1379 5219; x_wconf 87' lang='grc' dir='ltr'>βίον,</span> <span class='ocrx_word' id='word_1_714' title='bbox 1408 5150 1562 5204; x_wconf 73' lang='grc' dir='ltr'>οὐδὲν</span> <span class='ocrx_word' id='word_1_715' title='bbox 1592 5152 1776 5225; x_wconf 79' lang='grc' dir='ltr'>ἓτερον</span> 
     </span>
    </p>
   </div>
   <div class='ocr_carea' id='block_1_100' title="bbox 214 5225 1775 5311">
    <p class='ocr_par' dir='ltr' id='par_1_100' title="bbox 214 5225 1775 5311">
     <span class='ocr_line' id='line_1_102' title="bbox 214 5225 1775 5311; baseline 0.02 -37"><span class='ocrx_word' id='word_1_716' title='bbox 214 5225 505 5293; x_wconf 75' lang='grc' dir='ltr'>πράττουσα</span> <span class='ocrx_word' id='word_1_717' title='bbox 529 5230 626 5283; x_wconf 86' lang='grc' dir='ltr'>τοῦ</span> <span class='ocrx_word' id='word_1_718' title='bbox 660 5234 831 5289; x_wconf 81' lang='grc' dir='ltr'>αἰνεῖν</span> <span class='ocrx_word' id='word_1_719' title='bbox 862 5235 953 5289; x_wconf 86' lang='grc' dir='ltr'>τὸν</span> <span class='ocrx_word' id='word_1_720' title='bbox 976 5236 1179 5309; x_wconf 80' lang='grc' dir='ltr'>Κύριον</span> <span class='ocrx_word' id='word_1_721' title='bbox 1202 5238 1513 5295; x_wconf 88' lang='grc' dir='ltr'>διατελέσω.</span> <span class='ocrx_word' id='word_1_722' title='bbox 1558 5241 1642 5307; x_wconf 83' lang='grc' dir='ltr'>Ὠς</span> <span class='ocrx_word' id='word_1_723' title='bbox 1670 5241 1775 5311; x_wconf 73' lang='grc' dir='ltr'><strong>ψυ·</strong></span> 
     </span>
    </p>
   </div>
   <div class='ocr_carea' id='block_1_101' title="bbox 215 5312 1776 5404">
    <p class='ocr_par' dir='ltr' id='par_1_101' title="bbox 215 5312 1776 5404">
     <span class='ocr_line' id='line_1_103' title="bbox 215 5312 1776 5404; baseline 0.006 -26"><span class='ocrx_word' id='word_1_724' title='bbox 215 5312 301 5382; x_wconf 75' lang='grc' dir='ltr'><strong>χῆς</strong></span> <span class='ocrx_word' id='word_1_725' title='bbox 324 5317 378 5371; x_wconf 81' lang='grc' dir='ltr'>δὲ</span> <span class='ocrx_word' id='word_1_726' title='bbox 409 5321 704 5390; x_wconf 76' lang='grc' dir='ltr'>ἀκουστέον</span> <span class='ocrx_word' id='word_1_727' title='bbox 744 5324 1009 5399; x_wconf 79' lang='grc' dir='ltr'>λεγούσης</span> <span class='ocrx_word' id='word_1_728' title='bbox 1029 5330 1110 5393; x_wconf 85' lang='grc' dir='ltr'>τὸ,</span> <span class='ocrx_word' id='word_1_729' title='bbox 1135 5328 1245 5395; x_wconf 81' lang='grc' dir='ltr'>ἕως</span> <span class='ocrx_word' id='word_1_730' title='bbox 1268 5330 1537 5401; x_wconf 82' lang='grc' dir='ltr'>ὑπάρχω,</span> <span class='ocrx_word' id='word_1_731' title='bbox 1571 5334 1668 5404; x_wconf 84' lang='grc' dir='ltr'>οὐχ</span> <span class='ocrx_word' id='word_1_732' title='bbox 1700 5334 1776 5398; x_wconf 85' lang='grc' dir='ltr'>ὡς</span> 
     </span>
    </p>
   </div>
   <div class='ocr_carea' id='block_1_102' title="bbox 218 5406 1774 5493">
    <p class='ocr_par' dir='ltr' id='par_1_102' title="bbox 218 5406 1774 5493">
     <span class='ocr_line' id='line_1_104' title="bbox 218 5406 1774 5493; baseline 0.012 -35"><span class='ocrx_word' id='word_1_733' title='bbox 218 5406 494 5480; x_wconf 80' lang='grc' dir='ltr'>μελλούσης</span> <span class='ocrx_word' id='word_1_734' title='bbox 524 5415 643 5484; x_wconf 85' lang='grc' dir='ltr'>μετ’</span> <span class='ocrx_word' id='word_1_735' title='bbox 670 5416 811 5470; x_wconf 83' lang='grc' dir='ltr'>αὐτὰ</span> <span class='ocrx_word' id='word_1_736' title='bbox 853 5419 927 5489; x_wconf 81' lang='grc' dir='ltr'>μὴ</span> <span class='ocrx_word' id='word_1_737' title='bbox 962 5418 1250 5490; x_wconf 83' lang='grc' dir='ltr'>ὑπάρχειν,</span> <span class='ocrx_word' id='word_1_738' title='bbox 1287 5421 1401 5473; x_wconf 84' lang='grc' dir='ltr'>ἀλλ’</span> <span class='ocrx_word' id='word_1_739' title='bbox 1433 5424 1513 5485; x_wconf 87' lang='grc' dir='ltr'><strong>είς</strong></span> <span class='ocrx_word' id='word_1_740' title='bbox 1547 5422 1774 5493; x_wconf 81' lang='grc' dir='ltr'>ἄπειρον</span> 
     </span>
    </p>
   </div>
   <div class='ocr_carea' id='block_1_103' title="bbox 216 5495 1776 5585">
    <p class='ocr_par' dir='ltr' id='par_1_103' title="bbox 216 5495 1776 5585">
     <span class='ocr_line' id='line_1_105' title="bbox 216 5495 1776 5585; baseline 0.015 -38"><span class='ocrx_word' id='word_1_741' title='bbox 216 5495 295 5549; x_wconf 76' lang='grc' dir='ltr'><strong>τὸν</strong></span> <span class='ocrx_word' id='word_1_742' title='bbox 316 5500 413 5571; x_wconf 73' lang='grc' dir='ltr'>τῆς</span> <span class='ocrx_word' id='word_1_743' title='bbox 451 5505 743 5577; x_wconf 82' lang='grc' dir='ltr'>ὑπάρξεως</span> <span class='ocrx_word' id='word_1_744' title='bbox 774 5509 944 5582; x_wconf 84' lang='grc' dir='ltr'>αὐτῆς</span> <span class='ocrx_word' id='word_1_745' title='bbox 967 5511 1158 5583; x_wconf 87' lang='grc' dir='ltr'>χρόνον</span> <span class='ocrx_word' id='word_1_746' title='bbox 1181 5513 1292 5584; x_wconf 76' lang='grc'><strong>(25)</strong></span> <span class='ocrx_word' id='word_1_747' title='bbox 1331 5513 1566 5567; x_wconf 78' lang='grc' dir='ltr'>αἰνέσειν</span> <span class='ocrx_word' id='word_1_748' title='bbox 1606 5516 1776 5585; x_wconf 81' lang='grc' dir='ltr'>ἐπαγ-</span> 
     </span>
    </p>
   </div>
   <div class='ocr_carea' id='block_1_104' title="bbox 214 5590 879 5673">
    <p class='ocr_par' dir='ltr' id='par_1_104' title="bbox 214 5590 879 5673">
     <span class='ocr_line' id='line_1_106' title="bbox 214 5590 879 5673; baseline 0.02 -30"><span class='ocrx_word' id='word_1_749' title='bbox 214 5590 521 5669; x_wconf 80' lang='grc' dir='ltr'>γελλομένης</span> <span class='ocrx_word' id='word_1_750' title='bbox 543 5599 633 5653; x_wconf 78' lang='grc' dir='ltr'><strong>τὸν</strong></span> <span class='ocrx_word' id='word_1_751' title='bbox 655 5601 879 5673; x_wconf 89' lang='grc' dir='ltr'>Κύριον.</span> 
     </span>
    </p>
   </div>
   <div class='ocr_carea' id='block_1_105' title="bbox 277 5710 1794 5793">
    <p class='ocr_par' dir='ltr' id='par_1_105' title="bbox 277 5710 1794 5793">
     <span class='ocr_line' id='line_1_107' title="bbox 277 5710 1794 5793; baseline 0.011 -25"><span class='ocrx_word' id='word_1_752' title='bbox 277 5710 317 5741; x_wconf 75' lang='grc'>¹¹</span> <span class='ocrx_word' id='word_1_753' title='bbox 344 5713 441 5770; x_wconf 82' lang='lat' dir='ltr'><strong>lsa.</strong></span> <span class='ocrx_word' id='word_1_754' title='bbox 472 5734 579 5783; x_wconf 65' lang='grc' dir='ltr'>ιιι,</span> <span class='ocrx_word' id='word_1_755' title='bbox 604 5720 657 5787; x_wconf 73' lang='grc'>2.</span> <span class='ocrx_word' id='word_1_756' title='bbox 736 5723 780 5753; x_wconf 73' lang='grc' dir='ltr'><strong>τ’</strong></span> <span class='ocrx_word' id='word_1_757' title='bbox 806 5721 947 5777; x_wconf 85' lang='lat' dir='ltr'><strong>Psal.</strong></span> <span class='ocrx_word' id='word_1_758' title='bbox 985 5740 1153 5792; x_wconf 60' lang='grc' dir='ltr'>ωιτη,</span> <span class='ocrx_word' id='word_1_759' title='bbox 1196 5727 1286 5781; x_wconf 76' lang='grc'><strong>27.</strong></span> <span class='ocrx_word' id='word_1_760' title='bbox 1364 5728 1409 5759; x_wconf 85' lang='grc'><strong>⁷³</strong></span> <span class='ocrx_word' id='word_1_761' title='bbox 1432 5727 1568 5784; x_wconf 82' lang='lat' dir='ltr'><strong>Jucl.</strong></span> <span class='ocrx_word' id='word_1_762' title='bbox 1603 5745 1662 5793; x_wconf 89' lang='lat' dir='ltr'><strong>ll,</strong></span> <span class='ocrx_word' id='word_1_763' title='bbox 1701 5730 1794 5785; x_wconf 76' lang='lat'><strong>9.8.</strong></span> 
     </span>
    </p>
   </div>
   <div class='ocr_carea' id='block_1_106' title="bbox 1883 4874 3462 4945">
    <p class='ocr_par' dir='ltr' id='par_1_106' title="bbox 1883 4874 3462 4945">
     <span class='ocr_line' id='line_1_108' title="bbox 1883 4874 3462 4945; baseline 0.002 -17"><span class='ocrx_word' id='word_1_764' title='bbox 1883 4874 2008 4945; x_wconf 87' lang='lat' dir='ltr'><strong>jure</strong></span> <span class='ocrx_word' id='word_1_765' title='bbox 2040 4889 2141 4929; x_wconf 91' lang='lat' dir='ltr'><strong>suo</strong></span> <span class='ocrx_word' id='word_1_766' title='bbox 2171 4877 2249 4930; x_wconf 91' lang='lat' dir='ltr'><strong>ait</strong></span> <span class='ocrx_word' id='word_1_767' title='bbox 2279 4874 2599 4945; x_wconf 79' lang='lat' dir='ltr'><strong>:Nunquum</strong></span> <span class='ocrx_word' id='word_1_768' title='bbox 2623 4876 2869 4931; x_wconf 89' lang='lat' dir='ltr'><strong>desinam</strong></span> <span class='ocrx_word' id='word_1_769' title='bbox 2895 4878 3114 4933; x_wconf 90' lang='lat' dir='ltr'><strong>laudare</strong></span> <span class='ocrx_word' id='word_1_770' title='bbox 3140 4878 3462 4942; x_wconf 89' lang='lat' dir='ltr'><strong>Dominum;</strong></span> 
     </span>
    </p>
   </div>
   <div class='ocr_carea' id='block_1_107' title="bbox 1888 4966 3466 5036">
    <p class='ocr_par' dir='ltr' id='par_1_107' title="bbox 1888 4966 3466 5036">
     <span class='ocr_line' id='line_1_109' title="bbox 1888 4966 3466 5036; baseline -0.003 -14"><span class='ocrx_word' id='word_1_771' title='bbox 1888 4966 1981 5022; x_wconf 83' lang='lat' dir='ltr'><strong>sed</strong></span> <span class='ocrx_word' id='word_1_772' title='bbox 2034 4967 2192 5036; x_wconf 85' lang='lat' dir='ltr'><strong>longa</strong></span> <span class='ocrx_word' id='word_1_773' title='bbox 2247 4967 2469 5034; x_wconf 68' lang='lat' dir='ltr'><strong>saecula,</strong></span> <span class='ocrx_word' id='word_1_774' title='bbox 2505 4974 2560 5021; x_wconf 89' lang='lat' dir='ltr'><strong>et</strong></span> <span class='ocrx_word' id='word_1_775' title='bbox 2605 4976 2775 5022; x_wconf 89' lang='lat' dir='ltr'><strong>totum</strong></span> <span class='ocrx_word' id='word_1_776' title='bbox 2822 4968 3144 5023; x_wconf 85' lang='lat' dir='ltr'><strong>immortalis</strong></span> <span class='ocrx_word' id='word_1_777' title='bbox 3168 4981 3303 5021; x_wconf 80' lang='lat' dir='ltr'><strong>mea:</strong></span> <span class='ocrx_word' id='word_1_778' title='bbox 3342 4968 3466 5018; x_wconf 72' lang='lat' dir='ltr'><strong>vita:</strong></span> 
     </span>
    </p>
   </div>
   <div class='ocr_carea' id='block_1_108' title="bbox 1886 5057 3464 5131">
    <p class='ocr_par' dir='ltr' id='par_1_108' title="bbox 1886 5057 3464 5131">
     <span class='ocr_line' id='line_1_110' title="bbox 1886 5057 3464 5131; baseline -0.002 -17"><span class='ocrx_word' id='word_1_779' title='bbox 1886 5071 2120 5131; x_wconf 90' lang='lat' dir='ltr'><strong>tempus,</strong></span> <span class='ocrx_word' id='word_1_780' title='bbox 2148 5061 2364 5116; x_wconf 90' lang='lat' dir='ltr'><strong>nonnisi</strong></span> <span class='ocrx_word' id='word_1_781' title='bbox 2422 5060 2647 5116; x_wconf 85' lang='lat' dir='ltr'><strong>laudans</strong></span> <span class='ocrx_word' id='word_1_782' title='bbox 2702 5058 2989 5117; x_wconf 90' lang='lat' dir='ltr'><strong>Dominum</strong></span> <span class='ocrx_word' id='word_1_783' title='bbox 3021 5062 3336 5129; x_wconf 86' lang='lat' dir='ltr'><strong>transigam.</strong></span> <span class='ocrx_word' id='word_1_784' title='bbox 3373 5057 3464 5111; x_wconf 82' lang='lat' dir='ltr'><strong>Sic</strong></span> 
     </span>
    </p>
   </div>
   <div class='ocr_carea' id='block_1_109' title="bbox 1883 5152 3461 5221">
    <p class='ocr_par' dir='ltr' id='par_1_109' title="bbox 1883 5152 3461 5221">
     <span class='ocr_line' id='line_1_111' title="bbox 1883 5152 3461 5221; baseline -0.001 -14"><span class='ocrx_word' id='word_1_785' title='bbox 1883 5153 2047 5210; x_wconf 89' lang='lat' dir='ltr'><strong>etiam</strong></span> <span class='ocrx_word' id='word_1_786' title='bbox 2068 5154 2355 5209; x_wconf 87' lang='lat' dir='ltr'><strong>audiamus</strong></span> <span class='ocrx_word' id='word_1_787' title='bbox 2385 5154 2652 5210; x_wconf 89' lang='lat' dir='ltr'><strong>dicentem</strong></span> <span class='ocrx_word' id='word_1_788' title='bbox 2673 5156 2934 5219; x_wconf 87' lang='lat' dir='ltr'><strong>animam,</strong></span> <span class='ocrx_word' id='word_1_789' title='bbox 2958 5154 3124 5207; x_wconf 84' lang='lat' dir='ltr'><strong>donec</strong></span> <span class='ocrx_word' id='word_1_790' title='bbox 3145 5152 3315 5221; x_wconf 74' lang='lat' dir='ltr'><strong>fuero,</strong></span> <span class='ocrx_word' id='word_1_791' title='bbox 3355 5168 3461 5205; x_wconf 77' lang='lat' dir='ltr'><strong>non</strong></span> 
     </span>
    </p>
   </div>
   <div class='ocr_carea' id='block_1_110' title="bbox 1883 5244 3462 5315">
    <p class='ocr_par' dir='ltr' id='par_1_110' title="bbox 1883 5244 3462 5315">
     <span class='ocr_line' id='line_1_112' title="bbox 1883 5244 3462 5315; baseline -0.001 -15"><span class='ocrx_word' id='word_1_792' title='bbox 1883 5247 2026 5315; x_wconf 92' lang='lat' dir='ltr'><strong>quod</strong></span> <span class='ocrx_word' id='word_1_793' title='bbox 2053 5258 2240 5315; x_wconf 84' lang='lat' dir='ltr'><strong>postea</strong></span> <span class='ocrx_word' id='word_1_794' title='bbox 2276 5264 2378 5300; x_wconf 91' lang='lat' dir='ltr'><strong>non</strong></span> <span class='ocrx_word' id='word_1_795' title='bbox 2409 5250 2482 5303; x_wconf 89' lang='lat' dir='ltr'><strong>sit</strong></span> <span class='ocrx_word' id='word_1_796' title='bbox 2519 5251 2799 5315; x_wconf 88' lang='lat' dir='ltr'><strong>duratura,</strong></span> <span class='ocrx_word' id='word_1_797' title='bbox 2828 5248 2920 5303; x_wconf 88' lang='lat' dir='ltr'><strong>sed</strong></span> <span class='ocrx_word' id='word_1_798' title='bbox 2957 5247 3081 5315; x_wconf 90' lang='lat' dir='ltr'><strong>quia</strong></span> <span class='ocrx_word' id='word_1_799' title='bbox 3114 5246 3166 5299; x_wconf 92' lang='lat' dir='ltr'><strong>in</strong></span> <span class='ocrx_word' id='word_1_800' title='bbox 3192 5244 3462 5298; x_wconf 79' lang='lat' dir='ltr'><strong>inﬁnitum</strong></span> 
     </span>
    </p>
   </div>
   <div class='ocr_carea' id='block_1_111' title="bbox 1884 5340 3463 5411">
    <p class='ocr_par' dir='ltr' id='par_1_111' title="bbox 1884 5340 3463 5411">
     <span class='ocr_line' id='line_1_113' title="bbox 1884 5340 3463 5411; baseline -0.002 -17"><span class='ocrx_word' id='word_1_801' title='bbox 1884 5350 2098 5410; x_wconf 90' lang='lat' dir='ltr'><strong>tempus</strong></span> <span class='ocrx_word' id='word_1_802' title='bbox 2151 5340 2331 5397; x_wconf 84' lang='lat' dir='ltr'><strong>futura</strong></span> <span class='ocrx_word' id='word_1_803' title='bbox 2380 5344 2452 5398; x_wconf 87' lang='lat' dir='ltr'><strong>sit</strong></span> <span class='ocrx_word' id='word_1_804' title='bbox 2500 5343 2851 5399; x_wconf 88' lang='lat' dir='ltr'><strong>subsistentia</strong></span> <span class='ocrx_word' id='word_1_805' title='bbox 2885 5340 3020 5410; x_wconf 83' lang='lat' dir='ltr'><strong>ejus,</strong></span> <span class='ocrx_word' id='word_1_806' title='bbox 3069 5340 3295 5411; x_wconf 85' lang='lat' dir='ltr'><strong>parique</strong></span> <span class='ocrx_word' id='word_1_807' title='bbox 3337 5354 3463 5410; x_wconf 85' lang='lat' dir='ltr'><strong>spa-</strong></span> 
     </span>
    </p>
   </div>
   <div class='ocr_carea' id='block_1_112' title="bbox 1884 5432 3070 5504">
    <p class='ocr_par' dir='ltr' id='par_1_112' title="bbox 1884 5432 3070 5504">
     <span class='ocr_line' id='line_1_114' title="bbox 1884 5432 3070 5504; baseline 0 -18"><span class='ocrx_word' id='word_1_808' title='bbox 1884 5432 1958 5487; x_wconf 92' lang='lat' dir='ltr'><strong>tio</strong></span> <span class='ocrx_word' id='word_1_809' title='bbox 1991 5432 2276 5489; x_wconf 90' lang='lat' dir='ltr'><strong>Dominum</strong></span> <span class='ocrx_word' id='word_1_810' title='bbox 2310 5450 2368 5492; x_wconf 89' lang='lat' dir='ltr'><strong>se</strong></span> <span class='ocrx_word' id='word_1_811' title='bbox 2404 5435 2744 5491; x_wconf 88' lang='lat' dir='ltr'><strong>laudaturam</strong></span> <span class='ocrx_word' id='word_1_812' title='bbox 2769 5432 3070 5504; x_wconf 87' lang='lat' dir='ltr'><strong>promittat.</strong></span> 
     </span>
    </p>
   </div>
   <div class='ocr_carea' id='block_1_113' title="bbox 1872 5730 2419 5801">
    <p class='ocr_par' dir='ltr' id='par_1_113' title="bbox 1872 5730 2419 5801">
     <span class='ocr_line' id='line_1_115' title="bbox 1872 5730 2419 5801; baseline 0.004 -14"><span class='ocrx_word' id='word_1_813' title='bbox 1872 5732 1919 5761; x_wconf 73' lang='lat'><em>&quot;</em></span> <span class='ocrx_word' id='word_1_814' title='bbox 1943 5730 2083 5788; x_wconf 85' lang='lat' dir='ltr'><strong>Psal.</strong></span> <span class='ocrx_word' id='word_1_815' title='bbox 2124 5748 2300 5801; x_wconf 76' lang='lat' dir='ltr'><strong>cxuv,</strong></span> <span class='ocrx_word' id='word_1_816' title='bbox 2331 5734 2419 5789; x_wconf 73' lang='lat'><strong>2|.</strong></span> 
     </span>
    </p>
   </div>
   <div class='ocr_carea' id='block_1_114' title="bbox 283 5832 2177 5911">
    <p class='ocr_par' dir='ltr' id='par_1_114' title="bbox 283 5832 2177 5911">
     <span class='ocr_line' id='line_1_116' title="bbox 283 5832 2177 5911; baseline 0.009 -21"><span class='ocrx_word' id='word_1_817' title='bbox 283 5832 749 5911; x_wconf 72' lang='lat' dir='ltr'><strong>(9.3)Pcrspicuum</strong></span> <span class='ocrx_word' id='word_1_818' title='bbox 778 5834 998 5899; x_wconf 80' lang='lat' dir='ltr'><strong>Eusebii</strong></span> <span class='ocrx_word' id='word_1_819' title='bbox 1030 5843 1093 5901; x_wconf 91' lang='lat' dir='ltr'><strong>de</strong></span> <span class='ocrx_word' id='word_1_820' title='bbox 1127 5846 1319 5903; x_wconf 78' lang='lat' dir='ltr'><strong>animae</strong></span> <span class='ocrx_word' id='word_1_821' title='bbox 1340 5848 1751 5908; x_wconf 84' lang='lat' dir='ltr'><strong>immortalitate</strong></span> <span class='ocrx_word' id='word_1_822' title='bbox 1785 5852 2177 5911; x_wconf 77' lang='lat' dir='ltr'><strong>testimonium.</strong></span> 
     </span>
    </p>
   </div>
  </div>
