3968 6500
458 375 531 431 os
1166 367 1431 423 susssu
1469 349 1936 427 cmssnrss’srs
1973 369 2127 426 opp.
2170 369 2350 425 rans
2389 366 2479 424 ιιι.
2518 394 2589 407 -
2621 360 3037 419 exsomnes.
3643 362 3717 412 δι

624 488 786 543 Vsus.
825 486 879 541 '5.
926 482 1105 538 Nolite
1134 484 1398 551 conﬁdere
1434 483 1487 536 in
1514 484 1867 552 principibus.

539 581 647 635 Iloc
676 579 851 635 simile
876 578 949 632 illi
986 595 1000 631 :
1028 574 1236 629 Bonum
1259 562 1333 629 est
1378 575 1644 642 conﬁdere
1671 577 1725 628 in
1768 574 1988 628 Domino
2011 612 2027 639 ,

459 690 616 745 quam
646 672 904 739 conﬁdere
934 671 988 723 in
1024 669 1254 723 homine.
1299 667 1506 722 Bonum
1529 678 1605 722 est
1632 684 1840 736 sperare
1869 685 1901 722 α
1927 666 2033 720 Do-

460 764 627 826 mino,
660 778 817 832 quam
853 776 1066 823 sperare
1095 778 1126 813 α
1156 760 1483 827 principibus
1512 760 1578 815 ⁷⁵.
1614 758 1668 814 Id
1716 768 1895 814 autem
1924 758 2033 830 syl-

461 857 690 924 logismo
723 853 1080 907 demonstrat.
1112 849 1245 903 Nam
1291 850 1335 904 si
1380 850 1502 918 ipsi,
1536 850 1709 919 inquit
1737 888 1753 914 ,
1805 849 2030 903 salutem

461 934 562 1001 sibi
592 960 910 1013 comparare
960 942 1344 1012 nequiverunt,
1406 958 1653 1013 quaenam
1711 944 1816 997 erit
1850 942 1917 996 ab
1949 942 2032 997 his

462 1035 701 1089 utilitas?
738 1033 921 1102 Neque
952 1035 1095 1087 enim
1139 1034 1321 1088 valent
1348 1034 1673 1104 semetipsos
1712 1042 1886 1086 morte
1918 1031 2030 1085 eri-

462 1142 594 1196 pere
624 1135 746 1193 post
773 1125 1064 1178 terminum
1099 1142 1111 1178 2
1141 1139 1265 1177 nam
1297 1122 1581 1177 morientis
1606 1122 1839 1176 hominis
1869 1121 2034 1190 spiri-

464 1230 550 1274 tus
565 1233 836 1287 egressus,
862 1217 988 1271 illuc
1016 1216 1171 1269 vadet
1194 1230 1299 1285 quo
1328 1214 1646 1268 abducetur.
1673 1213 1898 1281 Reliqua
1931 1213 2031 1267 lto-

465 1308 626 1362 minis
663 1323 788 1377 pars
837 1307 889 1361 in
945 1306 1220 1375 pulverem
1274 1319 1429 1359 suum
1469 1312 1788 1367 revertetur,
1824 1313 2033 1358 natura:

462 1398 564 1467 legi
604 1399 932 1467 obsequens,
958 1413 1119 1467 quam
1166 1394 1324 1451 initio
1346 1393 1488 1449 Deus
1511 1395 1715 1449 Adamo
1735 1395 1925 1449 statuit
1950 1395 2033 1450 di-

461 1506 591 1547 cens
623 1510 638 1546 :
670 1489 853 1544 Pulvis
884 1508 957 1555 es,
1011 1500 1060 1542 et
1089 1490 1145 1542 in
1173 1488 1435 1556 pulverem
1466 1486 1740 1540 reverteris
1786 1486 1854 1537 ".
1887 1486 2033 1552 Quo-

463 1597 582 1635 rum
642 1582 931 1636 verborum
974 1594 1169 1636 sensus
1217 1586 1344 1632 est:
1380 1575 1621 1632 Consilia
1676 1577 1882 1643 omnia,
1913 1592 2034 1647 qua:

462 1674 638 1729 adhuc
667 1675 769 1728 vita
808 1675 1007 1728 comite
1037 1672 1177 1743 apud
1225 1688 1284 1729 se
1345 1672 1590 1741 cogitans
1641 1679 2028 1739 congesserat,

462 1766 615 1834 quasi
649 1765 866 1820 futurus
906 1776 1162 1832 aeternus,
1191 1780 1521 1820 coacervatis
1548 1765 1601 1818 in
1640 1774 1785 1818 terra
1814 1762 2032 1816 thesau-

2063 488 2112 544 Δ.

2464 477 2561 546 Μὴ
2589 475 2911 530 πεποίθατε
2938 471 3032 526 ἐπ’
3058 470 3352 540 ἀρχοντας

2206 570 2426 641 Ὅμοιον
2446 568 2545 639 τῷ,
2571 565 2819 637 Ἀγαθὸν
2855 564 3204 618 πεποιθέναι
3245 562 3343 616 ἐπὶ
3390 562 3624 630 Κύριον,
3669 563 3711 633 ἢ

2131 660 2472 715 πεποιθέναι
2492 659 2583 712 ἐπ’
2604 657 2933 728 ἄνθρωπον
2963 656 3189 727 ἀγαθὸν
3211 651 3473 715 ἐλπίζειν
3484 655 3582 708 ἐπὶ
3599 657 3714 710 Κύ-

2122 769 2279 820 ριον,
2318 752 2357 820 ἢ
2386 751 2655 815 ἐλπίζειν
2685 750 2780 804 ἐπ’
2801 748 3119 818 ἄρχοντας·
3147 746 3305 800 τοῦτο
3338 745 3395 799 δὲ
3418 745 3713 818 παρίστησι

2130 843 2219 898 διὰ
2246 840 2626 914 συλλογισμοῖν
2656 843 2706 895 εί
2745 840 2854 912 γὰρ
2883 840 3062 904 αὐτοὶ,
3089 839 3274 910 φησὶν,
3305 840 3519 903 ἑαυτοῖς
3558 854 3714 910 περιρ

2131 936 2459 1009 ποιήσασθαι
2502 935 2775 1007 σωτηρίαν
2800 935 2898 1006 οὐχ
2924 928 3025 987 οἷοί
3054 932 3116 986 τέ
3147 934 3274 999 εἰσι,
3303 933 3387 997 τίς
3415 932 3479 987 ἂν
3505 932 3716 1003 γένοιτο

2130 1028 2239 1083 ἀπὸ
2264 1028 2372 1082 τῶν
2396 1028 2651 1083 τοιούτων
2678 1027 2950 1097 ὠφέλεια;
2978 1026 3100 1080 οὐδὲ
3146 1025 3256 1099 γάρ
3295 1025 3551 1081 δύνανται
3580 1027 3715 1079 ἐαυ-

2130 1121 2256 1185 τοὺς
2299 1119 2576 1185 ἐξελέσθαι
2618 1116 2714 1171 τοῦ
2753 1117 2983 1172 θανάτου
3015 1116 3153 1189 μετά
3179 1118 3240 1172 τὸ
3276 1118 3430 1182 τέλος
3456 1116 3565 1188 (τι)
3586 1136 3600 1148 ο
3653 1117 3717 1170 τὸ

2136 1213 2234 1284 μὲν
2248 1212 2357 1285 γὰρ
2372 1212 2468 1267 τοῦ
2492 1211 2816 1283 θνήσκοντος
2832 1210 3014 1278 ὲξελεύ
3022 1227 3173 1264 σεται
3202 1209 3420 1282 πνεῦμα
3436 1209 3569 1280 (25),
3586 1209 3717 1265 ἔνθα

2134 1304 2201 1360 ἂν
2233 1306 2425 1379 ἀπάγῃ
2445 1306 2474 1358 6
2500 1304 2727 1373 ἀπάγων
2743 1320 2756 1334 ⁸
2793 1305 2822 1356 6
2846 1304 2904 1358 δὲ
2932 1302 3115 1367 λοιπὸς
3140 1302 3424 1375 ἄνθρωπος
3447 1302 3719 1373 ἀποστρὲ-

2132 1397 2226 1468 ψει
2254 1400 2335 1462 εἰς
2360 1398 2457 1469 τὴν
2484 1398 2586 1468 γῆν
2626 1395 2816 1459 αὐτοῦ,
2844 1395 3006 1466 νόμον
3050 1395 3263 1465 φύσεως
3290 1394 3511 1467 πληρῶν
3532 1395 3589 1448 ὃν
3615 1397 3717 1448 ἐπ·-

2135 1488 2377 1561 έσκηψεν
2396 1488 2633 1560 ἀρχῆθεν
2652 1490 2680 1541 6
2705 1486 2935 1557 Θεὸςτῷ
2968 1487 3137 1558 Ἀδάμ
3169 1486 3355 1540 εἰπών’
3384 1484 3475 1555 Γῆ
3505 1483 3577 1552 εἴ,
3617 1486 3718 1540 καί

2133 1580 2223 1646 εις
2279 1576 2397 1651 γῆν
2454 1578 2810 1633 ἀπελεύσει’
2860 1571 2921 1631 οὗ
2979 1577 3297 1648 λεγόμενον,
3350 1579 3413 1631 Οἱ
3466 1578 3719 1649 λογισμοὶ

2136 1671 2337 1734 πάντες
2365 1668 2458 1734 οὒς
2494 1669 2576 1724 ἔτι
2604 1668 2811 1740 περιὼν
2850 1667 2926 1740 τῷ
2952 1668 3053 1740 βίῳ
3082 1670 3361 1739 συνήγαγε
3388 1672 3515 1742 παρ’
3541 1668 3720 1740 ἑαυτῷ

2133 1761 2531 1832 διανοούμενος,
2567 1761 2661 1814 καὶ
2702 1758 2893 1833 ὥσπερ
2934 1777 3019 1824 τις
3062 1760 3281 1824 αἰώνιος
3326 1760 3572 1828 συνάγων
3625 1760 3721 1814 καὶ

466 1869 580 1919 ros.
616 1856 877 1910 terribilia
917 1870 976 1911 se
1007 1857 1275 1909 facturum
1323 1856 1619 1926 spondens,
1654 1863 1709 1909 et
1735 1852 1855 1908 aliis
1887 1868 2033 1907 com-

2139 1854 2482 1927 θησαυρίζων
2506 1855 2600 1908 ἐπὶ
2628 1855 2751 1924 γῆς,
2789 1856 3035 1924 ποιήσειν
3072 1871 3131 1907 τε
3159 1853 3228 1907 τά
3254 1853 3403 1907 δεινὰ
3439 1853 3720 1921 ἐπαγγελ-

460 1948 697 2008 minans,
735 1962 838 2000 una
876 1947 1009 2001 hora
1056 1946 1321 2016 dissipata
1364 1945 1639 2016 peribunt,
1670 1954 1889 2010 cuncta,
1949 1944 2033 1999 in-

460 2054 645 2107 quam,
669 2038 893 2093 consilia
926 2038 1343 2104 dominantium,
1373 2039 1464 2108 qui
1509 2054 1543 2093 a
1587 2038 1743 2108 plebe
1775 2036 2036 2106 suSpicie-

460 2132 683 2187 bantur.
728 2132 793 2186 Et
826 2131 1046 2200 quidem
1106 2131 1240 2186 dicit
1303 2132 1575 2202 principes
1621 2130 1781 2199 hujus
1809 2128 2032 2194 saeculi;

462 2238 698 2292 namque
723 2232 778 2278 et
803 2222 854 2276 hi
892 2222 1158 2277 caducum
1210 2223 1413 2278 habent
1451 2222 1837 2293 principatum.
1886 2218 2037 2275 Unus

462 2309 659 2367 salutis
688 2323 882 2365 auctor
906 2311 1167 2366 Servator
1185 2320 1291 2374 est,
1318 2313 1410 2382 qui
1433 2312 1511 2365 ait
1537 2328 1553 2365 :
1606 2310 1773 2365 Nemo
1805 2309 2036 2379 amplius

463 2401 697 2455 salvabit
727 2413 925 2470 praeter
945 2418 1054 2458 me.
1092 2402 1149 2457 Si
1176 2418 1304 2473 ergo
1334 2404 1400 2457 ab
1442 2402 1553 2466 illo,
1597 2417 1701 2456 non
1735 2411 1915 2455 autem
1955 2401 2033 2453 vi-

462 2492 614 2545 ribus
643 2492 875 2562 propriis
896 2492 1194 2559 salvantur,
1223 2495 1492 2564 quomodo
1525 2494 1657 2550 alios
1690 2493 1904 2549 salvare
1937 2508 2033 2563 po-

458 2592 642 2639 terunt
671 2586 694 2639 ?

569 2767 729 2825 Vsus.
767 2768 820 2823 6.
856 2769 960 2834 Qui
994 2770 1221 2824 custodit
1262 2770 1532 2824 veritatem
1564 2772 1618 2822 in
1648 2769 1928 2824 sazculum.

546 2860 749 2933 Nempe
779 2863 1049 2917 dictorum
1098 2878 1342 2927 suorum,
1371 2879 1490 2931 quae
1522 2863 1575 2917 in
1614 2862 1913 2933 Scripturis
1940 2880 2037 2919 ex-

457 2957 655 3025 posuit,
683 2956 970 3011 veritatem
995 2956 1374 3024 comprobaus.
1399 2955 1652 3011 Promisit
1672 2958 1817 3012 enim
1838 2972 1898 3013 se
1918 2973 2036 3022 eos,

457 3064 580 3102 cum
605 3048 872 3118 judicium
908 3046 1021 3113 ﬂet,
1052 3046 1500 3118 puniturum.qui
1533 3048 1585 3101 in
1614 3060 1878 3117 praesente
1927 3051 2035 3105 vita

459 3142 644 3210 inique
664 3155 723 3195 se
744 3140 1036 3209 gesserint.
1060 3137 1153 3193 Est
1187 3149 1241 3193 et
1272 3138 1375 3192 alia
1400 3138 1689 3208 promissio
1720 3157 1733 3193 :
1768 3139 1922 3194 Beati
1944 3142 2035 3211 qui
2063 3181 2105 3237 ε

457 3234 695 3287 esuriant
717 3242 768 3286 et
794 3235 1004 3298 sitiunt,
1028 3233 1276 3301 quoniam
1334 3232 1437 3297 ipsi
1478 3232 1888 3298 saturabuntur,
1946 3251 2035 3289 vos

457 3333 634 3376 (autem
683 3323 925 3377 esuriem
980 3324 1048 3377 ".
1091 3322 1230 3391 Quin
1272 3322 1408 3377 adeo
1454 3323 1767 3377 sensibilem
1818 3340 2038 3396 quoque

458 3430 640 3469 escam
677 3416 943 3471 famelicis
967 3417 1018 3471 in
1047 3418 1263 3472 deserto
1285 3417 1533 3472 exhibuit
1557 3433 1777 3487 manna,
1809 3428 1863 3473 et
1885 3420 2039 3490 quin-

457 3521 566 3576 que
590 3508 864 3562 hominum
883 3508 1049 3563 millia
1082 3509 1366 3574 saturavit,
1386 3518 1442 3563 et
1472 3524 1567 3577 per
1593 3526 1812 3566 corvum
1839 3514 2035 3580 Eliam,

454 3608 514 3653 et
569 3614 665 3669 per
726 3601 1041 3670 prophetam
1080 3601 1387 3655 Abacucum
1431 3602 1729 3658 Dauielem.
1771 3603 1865 3661 Jus
1894 3606 2028 3661 dixit

459 3689 784 3743 calumniam
837 3692 1009 3761 passis
1044 3690 1278 3762 Josepho
1305 3702 1471 3762 atque
1515 3694 1802 3763 Susannaa,
1840 3697 1917 3752 illi
1969 3697 2036 3752 ab

459 3779 713 3852 Egyptia
749 3781 945 3838 femina
966 3824 981 3848 ,
1010 3785 1136 3840 huic
1161 3800 1191 3836 ιι
1221 3782 1497 3852 iudicibus
1534 3785 1771 3851 lsraelis,
1825 3805 2032 3844 necnon

461 3878 651 3932 Davitli
705 3892 735 3930 a
769 3876 950 3932 Saule.
999 3876 1163 3934 Plena
1207 3876 1515 3947 huiusmodi
1555 3879 1818 3949 exemplis
1853 3881 2033 3935 divina

458 3971 730 4025 volumina
759 3980 902 4025 sunt.

458 4058 625 4115 Vens.
675 4061 723 4113 7.
766 4059 1020 4113 Dominus
1067 4058 1221 4140 soivit
1262 4063 1601 4140 compeditos,
1650 4062 1907 4116 Dominus
1942 4064 2033 4117 dat

982 4133 1134 4183 cteris
1173 4133 1505 4201 sapientiam.

530 4222 876 4291 Compeditos
901 4223 1087 4287 solvit,
1120 4224 1498 4278 remissionem
1545 4234 1895 4295 peccatorum
1933 4224 2036 4279 lar-

458 4316 613 4383 giens
639 4316 705 4370 iis
745 4317 838 4387 qui
886 4316 1213 4373 delictorum
1255 4332 1475 4373 suorum
1519 4318 1726 4372 catenis
1755 4319 2032 4373 constrin-

456 4418 681 4477 guntur.
717 4409 939 4465 Videtur
967 4421 1145 4467 autem
1174 4410 1262 4466 his
1290 4407 1472 4465 verbis
1521 4409 1862 4464 vocationem
1900 4426 2032 4481 gen-

2136 1945 2379 2017 λόμενος,
2412 1946 2509 1999 καὶ
2552 1945 2715 1999 πάλιν
2743 1945 2951 2017 ἑτέροις
2976 1944 3234 2011 ἀπειλῶν,
3271 1945 3378 1999 ὑπὸ
3409 1946 3538 2013 μίαν
3567 1945 3723 2016 ὥρα)

2139 2037 2548 2110 σσεσθήσονται,
2589 2038 2686 2092 καὶ
2719 2037 3045 2092 ἀπολοῦνται
3076 2040 3275 2101 πάντες
3307 2041 3356 2091 oi
3385 2038 3724 2108 διαλογισμοὶ

2136 2129 2337 2194 αὐτῶν,
2361 2130 2561 2203 δηλαδὴ
2585 2130 2694 2184 τῶν
2733 2130 3010 2203 ἀρχόντων
3034 2131 3146 2184 τῶν
3172 2130 3322 2203 παρὰ
3345 2130 3559 2194 πολλοῖς
3592 2129 3724 2183 θαυ-

2139 2221 2485 2294 μαζομένων.
2531 2225 2693 2294 Λέγοι
2736 2226 2781 2280 δ’
2825 2225 2892 2280 ἂν
2938 2226 3034 2281 καὶ
3079 2226 3348 2299 ἄρχοντας
3390 2226 3577 2281 τούτου
3624 2224 3723 2279 τοῦ

2135 2315 2358 2379 αἰῶνος·
2393 2318 2753 2391 μεταπτωτὴν
2784 2318 2894 2391 γάρ
2937 2320 3031 2374 καὶ
3060 2314 3204 2374 οὗτοι
3255 2318 3438 2391 ἔχουσι
3482 2318 3578 2391 τήν
3618 2320 3725 2391 ἀρ·

2136 2410 2270 2480 χῆν’
2316 2412 2344 2464 6
2381 2410 2439 2463 δὲ
2484 2410 2673 2483 Σωτὴρ
2709 2411 2868 2482 μόνος
2909 2410 3082 2476 αἴτιος
3122 2412 3416 2484 σωτηρίας,
3459 2414 3486 2466 6
3515 2411 3723 2485 λέγ,ων·

2136 2506 2332 2571 Σὼζων
2368 2504 2553 2558 οὐκέτι
2594 2503 2774 2577 πάρεξ
2809 2504 2974 2575 ἐμοῦ·
3011 2505 3060 2557 εί
3089 2504 3267 2559 τοίνυν
3310 2504 3368 2571 ἐξ
3413 2503 3596 2557 αὑτοῦ·
3629 2503 3726 2557 καὶ

2135 2598 2237 2650 οὐκ
2260 2598 2468 2652 οἴκοθεν
2504 2597 2787 2663 σώζονται,
2828 2595 2944 2661 πῶς
2974 2598 3193 2669 ἑτέρους
3233 2596 3425 2663 σώζειν
3465 2598 3724 2669 δυνήσον-

2135 2706 2225 2743 ται
2251 2706 2265 2755 ;

2248 2779 2361 2834 Τὸν
2395 2779 2796 2850 φυλάσσοντα
2826 2778 3117 2846 ἀλήθειαν
3146 2781 3233 2845 είς
3256 2778 3362 2833 τὸν
3387 2777 3595 2833 αἰῶνα.

2207 2872 2329 2928 Τῶν
2372 2872 2544 2942 λόγων
2594 2872 2780 2937 αὑτοῦ,
2817 2868 2891 2926 ὧν
2920 2873 2979 2926 ὲν
3018 2875 3141 2937 ταῖς
3182 2873 3425 2945 Γραφαῖς
3465 2873 3728 2943 ἐπηγγεί-

2137 2961 2289 3027 λατο,
2350 2962 2712 3035 πιστούμενος
2770 2961 2868 3034 τὴν
2915 2962 3207 3035 ἀλήθειαν’
3260 2962 3567 3034 ὲκδικήσειν
3612 2964 3727 3036 γὰρ

2138 3056 2501 3128 ἐπηγγείλατο
2544 3056 2672 3118 τοὺς
2710 3055 2853 3109 κατά
2886 3054 2979 3108 τὸν
3012 3055 3254 3128 παρόντα
3280 3054 3392 3125 βίον
3428 3054 3727 3126 ἀδικουμέ-

2139 3167 2280 3213 νους,
2310 3150 2368 3202 ὲν
2394 3147 2571 3220 καιρῷ
2594 3147 2672 3218 τῷ
2694 3148 2795 3219 τῆς
2815 3146 3051 3218 κρίσεως
3072 3163 3084 3176 ·
3115 3147 3208 3200 καὶ
3234 3145 3365 3217 ἄλλη
3396 3145 3727 3212 ἐπαγγελία,

2140 3240 2220 3294 τόο
2242 3239 2526 3307 Μακάριοι
2546 3242 2600 3293 οἱ
2616 3237 2938 3301 πεινῶντες
2964 3237 3062 3289 καὶ
3085 3233 3401 3305 διψῶντες,
3427 3237 3515 3290 ὅτι
3552 3237 3727 3290 αὐτοὶ

2138 3328 2679 3399 χορτασθήσονται,
2702 3325 2871 3396 ὑμεῖς
2890 3325 2958 3378 δὲ
2986 3324 3319 3380 πεινάσετεο
3339 3325 3475 3380 ἀλλά
3511 3327 3604 3380 καὶ
3640 3329 3730 3381 ai-

2084 3476 2087 3477 ,
2141 3419 2351 3492 σθητῶς
2399 3414 2602 3493 τροξοὴν
2650 3419 2708 3471 ὲν
2757 3418 2951 3491 ἐρήμῳ
2994 3420 3107 3483 τοῖς
3152 3416 3377 3471 πεινῶσι
3428 3418 3488 3470 τὸ
3546 3418 3728 3487 μάννα

2138 3513 2401 3585 παρέσχε,
2440 3513 2535 3566 καὶ
2564 3511 2725 3565 πέντε
2774 3511 3022 3582 χιλιάδας
3062 3510 3330 3583 διέθρεψε,
3363 3512 3459 3564 καῖ⁹
3498 3509 3584 3563 διὰ
3629 3529 3728 3565 κο-

2141 3605 2323 3675 ράκων
2365 3601 2572 3666 Ἠλίαν,
2603 3602 2698 3655 καί¹
2727 3600 2794 3654 δι’
2840 3601 3165 3673 Ἀμὸακοὺμ
3187 3601 3281 3655 τοῦ
3317 3603 3592 3673 προφήτου
3631 3600 3728 3654 τὸν

2138 3694 2365 3766 Δανιήλ·
2403 3693 2625 3765 ἐποίησε
2655 3694 2713 3747 δὲ
2748 3694 2923 3767 κρίμα
2946 3697 3057 3758 τοῖς
3090 3694 3471 3764 ἀδικουμένοις
3518 3694 3725 3765 Ἰωσὴφ

2138 3787 2231 3841 καὶ
2258 3787 2535 3859 Σωσάννῃ,
2567 3786 2642 3858 τῷ
2677 3786 2779 3857 μὲν
2808 3786 2913 3840 ὑπὸ
2938 3787 3039 3856 τῆς
3072 3785 3399 3853 Αἰγυπτίας,
3430 3787 3497 3856 τῇ
3523 3784 3580 3837 δὲ
3614 3785 3726 3838 ὑπὸ

2135 3881 2243 3933 τῶν
2276 3878 2478 3951 κριτῶν
2525 3877 2759 3949 Ἰσραὴλ,
2800 3878 2894 3931 καὶ
2924 3876 3002 3947 τῷ
3032 3875 3195 3930 Δαυῖδ
3239 3876 3342 3929 ύπὸ
3381 3875 3577 3930 Σαούλ.
3610 3878 3726 3931 Καὶ

2138 3970 2318 4041 πλήρη
2340 3968 2449 4022 τῶν
2474 3967 2728 4021 τοιούτων
2757 3968 2827 4021 τὰ
2860 3968 2978 4021 θεῖα
3004 3968 3414 4040 συγγράμματα

2135 4064 2350 4133 Κύριος
2404 4063 2539 4116 λύει
2597 4060 3073 4185 πεπεδημένους,
3122 4063 3338 4131 Κύριος
3390 4059 3577 4131 σοφοῖ
3627 4079 3728 4117 τυ-

2810 4149 2851 4185 m
2896 4149 3023 4185 oue.

2808 4149 3023 4201 φλους.

2207 4224 2624 4296 Πεπεδημένους
2655 4223 2792 4289 λύει,
2829 4224 3024 4294 ἄφεσιν
3073 4224 3360 4296 ἁμαρτιῶν
3390 4224 3564 4289 διδοὺς
3601 4228 3725 4290 ταῖς

2136 4320 2345 4391 σειραῖς
2389 4317 2499 4371 τῶν
2561 4317 2707 4371 ίδίων
2756 4318 3173 4390 ἁμαρτημάτων
3237 4317 3720 4389 κατεσφιγμένοις.

2138 4412 2321 4465 "Eatur.
2347 4410 2403 4463 δὲ
2432 4408 2521 4463 διά
2547 4409 2751 4464 τούτων
2766 4410 3100 4464 αἰνίττεσθαι
3119 4412 3220 4481 τὴν
3247 4410 3357 4463 τῶν
3390 4409 3559 4465 ἐθνῶν
3586 4409 3724 4481 κλῆ-

459 4500 593 4555 ιίιιιιι
623 4501 865 4569 innuere,
915 4517 1126 4558 necnon
1175 4502 1387 4557 Domini
1443 4501 1585 4555 inter
1614 4501 1864 4556 homines
1892 4517 2033 4569 prae-

2139 4518 2242 4565 σιν,
2274 4500 2370 4554 καὶ
2402 4499 2496 4553 τοῦ
2530 4500 2737 4570 Κυρίου
2770 4499 2870 4571 τὴν
2911 4502 2992 4564 εἰς
3026 4500 3347 4572 ἀνθρώπους
3391 4500 3721 4573 παρουσίαν,

457 4596 713 4662 sentiam,
740 4607 793 4650 et
826 4596 955 4650 hinc
985 4595 1184 4649 factam
1219 4596 1473 4652 omnibus
1528 4593 1871 4649 medicinam.
1899 4592 2025 4649 Haec

457 4684 591 4739 mihi
617 4684 870 4752 cogitatio
906 4685 1118 4749 incidit,
1146 4685 1198 4739 in
1229 4685 1549 4741 meritoriam
1582 4685 1854 4739 revocanti
1878 4684 2033 4741 Isaia:

456 4779 522 4832 de
543 4775 829 4832 Servatore
855 4786 1040 4832 nostro
1063 4777 1493 4847 pradictionem,
1541 4792 1644 4847 qua
1687 4777 1857 4832 dicit:
1893 4778 2030 4832 Ecce

454 4868 605 4936 posui
645 4878 691 4921 te
718 4876 775 4920 ut
794 4869 866 4922 sis
899 4870 1069 4938 [tedas
1090 4869 1313 4940 generis,
1344 4869 1518 4923 lumen
1535 4871 1791 4939 gentium;
1814 4881 1871 4922 ιιι
1892 4886 2023 4923 ocu-

454 4961 531 5013 los
562 4976 819 5014 ctccorum
845 4963 1074 5030 operias,
1100 4973 1154 5015 ut
1180 4962 1399 5016 uinculis
1428 4964 1659 5016 detentos
1685 4965 1932 5031 expedias
1957 4964 2024 5018 ⁷⁸.

455 5052 547 5106 Sic
577 5054 721 5107 enim
756 5063 811 5109 et
856 5054 958 5109 hoc
983 5055 1105 5111 loco
1154 5055 1412 5110 Dominus
1457 5056 1791 5124 compeditos
1837 5056 2022 5111 solvit.

454 5141 589 5197 Tum
652 5154 707 5199 et
764 5143 891 5199 illud
934 5145 1131 5200 dicitur
1180 5165 1194 5197 :
1260 5144 1517 5199 Dominus
1574 5146 1671 5198 dat
1715 5147 1867 5200 cacis
1930 5163 2022 5199 sa-

451 5236 724 5304 pientiam.
758 5235 902 5291 Sane
928 5238 1124 5292 mirum
1157 5247 1261 5303 est,
1289 5252 1519 5306 corpore
1557 5240 1736 5303 caecis,
1768 5238 1885 5309 plus
1924 5239 2029 5294 ali-

453 5328 584 5399 quid
638 5328 1009 5400 intelligeutiaa
1056 5331 1234 5384 inesse
1282 5329 1494 5398 solere,
1535 5333 1662 5401 quia
1704 5330 1843 5388 Deus
1904 5331 2028 5387 illos

522 5502 569 5534 ⁷⁸
607 5502 747 5558 Psal.
794 5519 965 5570 cxvu,
998 5506 1128 5571 8,9.
1205 5504 1251 5537 ⁷⁸
1277 5502 1417 5561 Gen.
1470 5522 1556 5574 ιιι,
1592 5505 1679 5561 l9.
1756 5507 1802 5539 ⁷⁷
1829 5506 2080 5569 Matth.v,
2111 5504 2187 5572 6;
2229 5505 2362 5565 Luc.
2408 5522 2499 5571 vr,
2528 5506 2588 5561 2|
2614 5547 2630 5574 ,
2665 5507 2756 5563 25.

524 5664 639 5742 (gi)
670 5665 743 5720 De
772 5664 1087 5742 praescripto
1128 5666 1254 5742 vita}
1306 5669 1534 5742 termino
1565 5670 1760 5742 legesis
1794 5672 2007 5741 longam

453 5735 798 5864 Ξίὲιὲἐὲὶηιιί
824 5736 1145 5805 patriarclue
1180 5735 1760 5800 CP.~dissertati6uem
1797 5760 1825 5797 a
1860 5735 2017 5799 nobis

508 5824 520 5862 Ι
677 5853 690 5861 ,
721 5824 805 5863 ἕΗΙί

677 5824 805 5863 ιιιιιι,ι

2134 4596 2235 4665 τήν
2280 4610 2341 4645 τε
2386 4592 2452 4646 δι’
2504 4593 2676 4664 αὐτῆς
2735 4592 2907 4646 ἅπασι
2971 4593 3344 4664 γενησομένην
3400 4592 3659 4665 θεραπεί;
3676 4612 3719 4648 θ.

2133 4686 2305 4739 Τοῦτο
2343 4684 2401 4738 δὲ
2434 4687 2577 4739 νοεῖν
2613 4702 2703 4756 μοι
2742 4682 2978 4754 ἐπῆλθεν
3008 4685 3089 4747 είς
3138 4686 3359 4757 μνήμην
3393 4685 3721 4739 ἀναλαϐόντι

2131 4777 2233 4850 τὴν
2274 4778 2495 4832 Ἡσαΐου
2525 4778 2653 4849 περὶ
2682 4776 2777 4830 τοῦ
2806 4777 3060 4849 Σωτῆρος
3092 4777 3250 4849 ἡμῶν
3286 4777 3608 4849 πρόρρησιν,
3646 4777 3721 4830 δι’

2133 4867 2201 4943 ἧς
2228 4890 2392 4944 φησιν
2413 4890 2426 4902 ·
2482 4871 2627 4926 Ἰδοὺ
2661 4870 2895 4928 τέθεικά
2920 4886 2996 4926 σε
3019 4874 3106 4937 είς
3144 4871 3440 4939 διαθήκην
3474 4870 3716 4940 γένους,

2131 4967 2219 5029 εὶς
2244 4962 2370 5033 φῶς
2401 4962 2612 5027 ἐθνῶν,
2639 4962 2872 5029 ἀνοῖξαι
2898 4965 3247 5035 ὀφθαλμοὺς
3297 4963 3563 5033 τυφλῶν,
3618 4964 3719 5029 ἐξ-

2133 5055 2376 5127 αγαγεῖν
2398 5057 2467 5110 ἐκ
2490 5054 2729 5126 δεσμῶν
2759 5057 3137 5129 δεδεμένους.
3165 5057 3321 5112 Οὕτω
3348 5058 3459 5130 γάρ
3500 5060 3595 5112 καὶ
3627 5060 3716 5114 ὲν-

2132 5146 2307 5200 ταῦθα
2336 5148 2364 5200 6
2410 5146 2615 5218 Κύριος
2638 5147 2753 5200 λύει
2784 5149 3222 5221 πεπεδημένους·
3270 5149 3482 5220 εἴρηται
3523 5150 3580 5203 δὲ
3622 5151 3717 5203 καὶ

2132 5240 2214 5304 τὸ,
2262 5241 2327 5293 '0
2358 5240 2574 5308 Κύριος
2609 5240 2796 5309 σοφοῖ
2838 5242 3128 5311 τυφλούςο
3159 5240 3439 5313 θαυμάσαι
3468 5241 3513 5295 δ’
3538 5241 3711 5304 ἔστιν,

2133 5332 2282 5394 ὅπως
2308 5330 2402 5383 καὶ
2428 5330 2543 5393 τοῖς
2560 5330 2629 5383 τὰ
2654 5330 2882 5401 σώματα
2908 5332 3102 5403 πηροῖς
3149 5332 3335 5387 πλεῖόν
3359 5350 3412 5385 τι
3446 5331 3715 5397 συνέσεως

2833 5508 2880 5540 ⁷⁸
2910 5507 3014 5565 lsa.
3052 5525 3182 5573 xui,
3217 5509 3269 5563 6.

2205 5670 2318 5739 (25)
2352 5670 2444 5742 De,
2485 5670 2684 5725 animat
2733 5670 2880 5726 exitu
2914 5670 3107 5742 legitur
3156 5668 3380 5742 humilia
3414 5667 3473 5722 S.
3515 5666 3704 5742 Cyr-illi

2132 5740 2672 5810 AlchediIionibus,
2706 5757 2867 5810 quam
2911 5739 3090 5796 tamen
3119 5739 3333 5795 codices
3356 5753 3383 5790 a
3406 5754 3492 5810 me
3517 5739 3707 5792 obser-

2134 5811 2245 5867 vati
2273 5809 2570 5881 Thcopbilo
2602 5808 2932 5883 ejus‘patruo
2958 5828 3021 5867 ac
3054 5811 3328 5867 decessori
3368 5808 3635 5863 tribuunt.
