3968 6498
346 454 351 459 ς
456 406 519 460 3‘:
866 372 871 379 ’
1154 400 1414 455 EUSEBII
1454 398 1920 456 CIESARIENSIS
1960 397 2109 453 ora.
2155 396 2331 451 rans
2371 396 2458 451 tn.
2496 427 2564 436 -
2604 397 3017 455 EXEGETICA.
3629 414 3701 463 es

453 525 827 577 demonstrans
855 519 1018 573 Deum
1046 533 1151 572 non
1184 523 1416 587 partium
1473 516 1845 572 tantummodo
1872 514 2016 569 orbis

2126 513 2222 583 τῆς
2254 512 2482 566 καθόλου
2516 514 2798 583 Προνοίας,
2831 515 3065 581 δεικνὺς,
3083 517 3159 581 ὡς
3187 519 3248 571 ού
3282 519 3441 589 μόνον
3477 525 3701 590 κηζεται

453 627 637 666 curam
657 626 859 681 gerere,
883 626 1064 664 verum
1094 611 1259 663 etiam
1290 611 1649 664 humanorum
1673 610 2014 678 dogmatutn:

454 716 507 758 et
540 706 681 772 quod
708 704 854 758 solus
882 704 1099 758 noverit
1142 712 1418 757 astrorum
1452 715 1763 760 numerum.
1793 698 2017 768 positio-

456 812 571 859 nes,
602 805 655 850 et
676 810 893 860 causas,
922 795 1324 864 magnitudines
1345 809 1563 863 quoque
1603 803 1657 845 et
1691 790 1974 845 distantias
2001 828 2016 854 ,

455 888 677 939 virtutes
703 897 757 941 et
799 886 1112 951 eﬂicaciam,
1168 888 1458 955 unicuique
1516 886 1767 939 idoneum
1826 896 2019 936 nomen

458 979 756 1047 imponens.

603 1067 764 1122 Vens.
791 1069 842 1121 7.
876 1068 1151 1122 Praecinilo
1179 1067 1407 1121 Domino
1450 1065 1505 1119 in
1529 1066 1877 1134 confessione.

529 1158 907 1230 Symmachus,
943 1157 1215 1213 Recensete
1257 1157 1368 1213 Deo
1404 1157 1802 1226 confessionem,
1848 1153 2021 1207 canile

459 1251 565 1305 Deo
584 1262 760 1305 nostro
791 1270 907 1305 cum
934 1252 1070 1322 lyra.
1108 1252 1297 1321 Aquila
1330 1269 1343 1305 :
1370 1250 1640 1303 Recensete
1659 1248 1882 1302 Domino
1902 1262 2020 1299 cum

455 1344 745 1411 gratiarum
784 1345 1009 1408 actione,
1051 1346 1219 1397 canite
1258 1341 1366 1395 Deo
1401 1352 1585 1393 nostra
1640 1354 1757 1391 cum
1786 1337 2015 1391 cithara.

455 1436 555 1501 Qui
610 1435 732 1489 aliis
786 1434 1181 1489 confessionem
1218 1443 1271 1487 et
1314 1433 1577 1503 psalmum
1609 1431 1901 1497 imperant,
1938 1428 2021 1482 di-

456 1528 597 1582 versi
617 1526 734 1581 sine
762 1527 924 1579 dubio
948 1534 1073 1580 sunt
1099 1526 1165 1579 ab
1190 1525 1257 1579 iis
1294 1523 1487 1594 quibus
1533 1523 1849 1591 imperatur.
1878 1518 2020 1586 Ergo

454 1621 649 1674 chorus
680 1618 1022 1686 propheticus
1047 1627 1101 1671 et
1132 1616 1455 1685 apostolicus
1483 1613 1549 1667 ad
1574 1613 1822 1667 eumdem
1852 1609 2018 1663 Deum

453 1724 566 1769 eos,
597 1710 686 1778 qui
718 1709 782 1763 de
812 1724 1037 1762 numero
1080 1725 1184 1760 non
1220 1714 1395 1768 erant,
1442 1713 1618 1766 vocat,
1662 1702 1911 1756 ethnicos
1946 1701 2021 1754 ni-

2119 602 2226 653 τῶν
2266 602 2359 654 τοῦ
2394 602 2598 673 κόσμου
2632 604 2834 675 μερῶν,
2888 604 3023 659 ἀλλὰ
3062 609 3153 660 καὶ
3197 608 3304 661 τῶν
3337 609 3700 681 ἀνθρωπίνων

2118 692 2434 762 δογμάτωνο
2473 694 2563 746 καὶ
2601 696 2759 764 μόνος
2784 696 3017 767 ἀριθμὸν
3062 698 3277 771 ἄστρων
3319 698 3447 761 οἶδε.
3481 703 3572 754 καὶ
3607 703 3699 755 θέ-

2120 801 2253 847 σεις,
2302 785 2395 837 καὶ
2443 785 2541 849 τάς
2588 787 2787 852 αἰτίας,
2840 789 3041 861 μεγέθη
3087 808 3145 843 τε
3178 792 3273 845 καὶ
3313 794 3699 864 ἀποστήματα.

2119 875 2376 946 δυνάμεις
2407 894 2465 929 τε
2500 878 2594 931 καὶ
2624 879 2926 950 ἐνεργείας,
2952 882 3165 951 ἑκάστῳ
3193 884 3500 957 πρόσφορον
3529 887 3699 957 ὄνομα

2120 967 2351 1038 τίθησιν.

2288 1060 2605 1128 Ἐξὰρξατε
2645 1059 2724 1125 τῷ
2752 1062 2947 1130 Κυρίῳ
2978 1063 3047 1116 ἐν
3075 1064 3525 1137 ἐξομολογησει.

2202 1150 2258 1203 '0
2290 1150 2606 1221 Σύμμαχος,
2639 1152 3019 1217 Καταλέξατε
3049 1153 3128 1220 τῷ
3172 1159 3367 1226 Κυρίῳ
3410 1160 3699 1229 ἐξομολό-

2120 1258 2320 1310 γησιν,
2366 1243 2757 1311 μελῳδήσατε
2808 1243 2889 1309 τῷ
2952 1244 3073 1311 Θεῷ
3118 1247 3287 1316 ἡμῶν
3333 1249 3431 1303 διὰ
3482 1253 3693 1321 λύρας.

2134 1333 2382 1398 Ἀκύλας,
2418 1336 2793 1399 Καταλέξατε
2838 1335 2919 1401 τῷ
2963 1340 3157 1406 Κυρίῳ
3208 1340 3279 1393 ἐν
3326 1344 3696 1411 εὐχαριστίᾳ,

2114 1424 2503 1492 μελῳδήσατε
2532 1424 2611 1490 τῷ
2640 1426 2759 1492 Θεῷ
2790 1427 2960 1495 ἡμῶν
2982 1429 3051 1482 ἐν
3076 1429 3305 1498 κιθάρᾳ.
3337 1433 3399 1484 Οἱ
3424 1434 3699 1503 προστάτ-

2120 1534 2299 1579 τοντες
2332 1517 2536 1588 ἑτέροις
2570 1516 3004 1587 ἐξομολογεῖσθαι
3039 1522 3131 1574 καὶ
3162 1521 3404 1590 ψάλλειν,
3432 1523 3606 1596 ἕτεροι
3631 1525 3700 1580 ἂν

2120 1605 2227 1661 εἶεν
2266 1609 2374 1662 τῶν
2419 1610 2920 1681 προσταττομένων·
2959 1612 3117 1682 χορὸς
3144 1613 3321 1666 τοίνυν
3364 1616 3701 1686 προφητικὸς

2119 1701 2205 1754 διὰ
2239 1701 2457 1780 τούτων,
2474 1702 2567 1755 καὶ
2592 1702 2950 1765 ἁιτιοστολικὸς
2982 1704 3075 1755 ἐπὶ
3102 1704 3193 1759 τὸν
3229 1705 3389 1760 αὐτὸν
3415 1707 3545 1760 Θεὸν
3570 1708 3699 1772 τοὺς

454 1801 671 1864 mirum,
706 1802 892 1855 dicens
926 1819 938 1853 :
977 1799 1198 1852 Psallite
1240 1798 1346 1851 Deo
1374 1809 1574 1850 nostra.
1606 1792 1803 1848 Jubent
1836 1805 2016 1846 autem

2126 1795 2197 1866 μὴ
2230 1796 2389 1859 ὄντας
2414 1794 2472 1860 ἐξ
2499 1795 2675 1848 αὐτῶν
2703 1794 3072 1860 ἀνακαλεῖται,
3110 1798 3234 1857 τοὺς
3260 1798 3367 1851 ἀπὸ
3390 1799 3498 1852 τῶν
3526 1799 3700 1852 ἐθνῶν

455 1892 567 1946 [nec
594 1893 778 1954 verba,
814 1900 989 1945 mente
1022 1891 1240 1959 quidem
1273 1899 1328 1943 et
1358 1886 1776 1957 cogitationibus
1826 1887 2016 1939 animat

2126 1856 2382 1958 δηλονότι,
2417 1856 2684 1957 λέγοντες
2726 1888 2961 1944 Ψάλατε
3008 1856 3087 1955 np
3135 1888 3255 1953 Θεῷ
3291 1888 3477 1958 ἡμῶν.
3520 1892 3699 1961 Προσ-

453 1985 722 2046 conﬁteri,
754 1984 999 2053 corporis
1028 1991 1207 2035 autem
1239 1982 1515 2051 operibus,
1540 1978 1714 2053 veluti
1756 1978 1908 2047 pulsa
1941 1976 2020 2030 ci-

454 2073 632 2137 thara,
686 2074 785 2143 ipsi
840 2048 1098 2143 psallere.
1132 2072 1197 2126 Et
1242 2048 1456 2141 quidem
1490 2048 1639 2124 more
1677 2085 1775 2123 suo
1825 2084 2022 2135 corpus

455 2164 691 2232 psalterii
726 2153 1056 2233 citharaaqne
1080 2164 1300 2217 nomine
1333 2161 1616 2215 Psalmista
1645 2161 1891 2223 denotat,
1924 2175 2020 2214 ceu

454 2256 716 2310 concinne
743 2266 799 2311 et
822 2257 1065 2325 sapiente
1100 2271 1226 2311 cum
1257 2255 1538 2309 harmonia
1568 2263 1933 2322 compactum.
1964 2252 2021 2306 In

454 2346 558 2401 huc
594 2348 737 2401 enim
770 2364 923 2403 mens
968 2348 1185 2402 virtutis
1210 2346 1467 2415 operibus
1506 2362 1729 2413 canens,
1782 2347 2021 2400 divinam

452 2438 863 2509 spiritalemque
895 2440 1005 2496 Deo
1043 2440 1223 2495 reddit
1262 2438 1571 2493 melodiam.

634 2722 794 2778 Vens.
836 2725 887 2778 9.
925 2722 1026 2787 Qui
1053 2725 1142 2775 dat
1179 2738 1349 2775 escam
1383 2720 1541 2788 pullis
1565 2734 1838 2773 corvorum

960 2795 1318 2846 invocantibus
1358 2810 1500 2845 eum.

523 2883 739 2937 Tradita
772 2882 927 2936 nobis
960 2892 1042 2935 est
1084 2880 1307 2950 physica
1339 2878 1580 2948 quaadam
1613 2876 1891 2942 doctrina,
1922 2890 2020 2929 ceu

452 2974 495 3027 si
525 2973 649 3041 pulli
696 2989 984 3028 corvorum
1019 2986 1049 3023 a
1102 2974 1217 3025 suis
1247 2970 1587 3040 parentibus,
1623 2982 1728 3021 non
1760 2981 1913 3036 aeque
1957 2982 2021 3021 ac

452 3064 591 3118 alius
615 3065 823 3135 generis
863 3064 1041 3116 avium
1086 3062 1237 3130 pulli,
1294 3062 1529 3115 alantur.
1561 3058 1768 3115 Revera
1802 3059 2019 3112 destitui

452 3157 702 3209 dicuntur
754 3172 782 3209 a
835 3156 1169 3226 genitoribus
1220 3156 1332 3208 suis
1389 3168 1677 3208 corvorum
1720 3151 1873 3220 pulli,
1924 3150 2019 3205 sed

456 3257 637 3300 tamen
664 3246 821 3302 aliter
846 3248 913 3298 ali
945 3244 1266 3298 mirabiliter
1295 3261 1322 3295 a
1358 3243 1449 3297 Dei
1476 3242 1737 3313 potentia.
1786 3239 1923 3294 Nam
1965 3251 2021 3294 el.

452 3348 738 3407 antequam
788 3338 988 3407 proprii
1051 3346 1305 3407 parentes
1366 3334 1650 3398 accedant,
1718 3332 1870 3387 hiare
1922 3347 2018 3387 ore

449 3430 724 3497 dicuntttr,
778 3445 917 3483 escte
957 3429 1323 3492 necessitate;
1372 3435 1449 3491 et,
1480 3437 1538 3480 ut
1569 3426 1746 3480 solent
1796 3426 1870 3479 illi
1920 3424 2017 3494 qui

454 3522 621 3578 Deum
681 3523 970 3586 invocant,
1006 3521 1235 3574 naturali
1284 3520 1513 3589 quodam
1546 3518 1803 3572 instinctu
1835 3518 2013 3571 cibum

450 3625 634 3683 petere
658 3615 725 3667 ab
753 3628 816 3666 eo
843 3615 932 3681 qui
965 3622 1215 3666 naturam
1243 3611 1483 3664 donavit.
1508 3608 1681 3678 Atque
1712 3610 1781 3662 ita
1812 3607 2017 3664 deferri

452 3708 518 3758 ad
555 3720 649 3758 eos
681 3719 777 3773 per
807 3720 986 3759 aerem
1022 3718 1203 3760 escam
1232 3704 1494 3772 aliquam,
1531 3716 1663 3755 aura
1695 3702 1924 3771 quadam
1964 3704 2014 3754 in

446 3815 507 3853 os
538 3797 794 3852 delatam.

911 3995 1236 4051 PSALMUS
1264 3992 1523 4050 CXLVII.

613 4087 776 4142 Vens.
816 4086 870 4140 8.
898 4087 1229 4142 Annuutians
1254 4089 1460 4142 verbum
1492 4089 1645 4139 Suum
1666 4085 1856 4140 Iacob.

514 4179 607 4233 Ait
642 4179 925 4233 Eusebius.
968 4171 1236 4234 Accurate
1271 4179 1560 4233 admodum
1619 4178 1830 4231 videtur
1881 4176 2015 4229 mihi

447 4273 551 4327 hoc
581 4274 896 4326 vocabulum
929 4272 1131 4339 aliquid
1167 4272 1386 4337 docere,
1449 4285 1642 4339 nempe
1691 4271 2014 4323 annuntians

446 4381 734 4418 sermonem
773 4381 926 4417 suum
955 4363 1177 4417 Jacobo.
1211 4362 1325 4416 Non
1356 4363 1502 4417 enim
1534 4363 1670 4416 dixit
1694 4363 1901 4414 mittens
1932 4360 2013 4415 vel

444 4456 533 4525 qui
560 4458 720 4510 misit.
757 4457 917 4511 Aliud
941 4472 1071 4511 vero
1101 4466 1183 4509 est
1206 4458 1557 4518 annuntiare,
1603 4454 1749 4507 aliud
1798 4454 2015 4506 mittere

2122 1980 2304 2033 τάττει
2344 1981 2401 2033 δὲ
2453 1982 2481 2033 6
2524 1980 2679 2048 λόγος
2706 1981 2913 2052 διανοίᾳ
2948 1980 3047 2051 μὲν
3089 1982 3182 2033 καὶ
3217 1980 3495 2052 λογισμοῖς
3520 1982 3698 2054 ψυχῆς

2124 2070 2587 2140 ἐξομολογεῖσθαι,
2644 2071 2825 2142 ἔργοις
2871 2072 2929 2125 δὲ
2984 2074 3097 2136 τοῖς
3157 2072 3247 2125 διὰ
3293 2073 3387 2125 τοῦ
3446 2074 3699 2145 σώματος

2122 2158 2308 2231 ὥσπερ
2369 2161 2458 2215 διά
2514 2160 2741 2231 κιθάρας
2793 2162 3191 2233 ἐνεργουμένης
3243 2162 3465 2232 ψάλλειν
3522 2163 3695 2233 αὐτῷ’

2126 2251 2366 2322 συνήθως
2393 2253 2450 2305 δέ
2481 2254 2541 2306 τὸ
2576 2254 2733 2325 σῶμα
2772 2254 3068 2325 ψαλτήριον
3102 2255 3198 2308 καὶ
3226 2256 3456 2327 κιθάραν
3482 2256 3699 2327 ὠνόμα-

2125 2363 2237 2407 σεν,
2269 2346 2364 2399 ἅτε
2392 2345 2680 2417 εὐρύθμως
2711 2349 2806 2400 καὶ
2839 2347 2957 2418 μεθ’
2978 2347 3241 2419 ἁρμονίας
3272 2349 3441 2418 σοφῆς
3480 2349 3699 2417 συγκείο

2127 2457 2284 2509 μενον
2303 2457 2317 2470 ·
2363 2442 2421 2493 ὲν
2464 2440 2635 2510 τούτῳ
2662 2441 2769 2513 γὰρ
2810 2444 2837 2494 6
2862 2443 2986 2505 νοῦς
3013 2443 3445 2515 ἀνακρουόμενος
3470 2442 3555 2497 διὰ
3587 2444 3699 2497 τῶν

2124 2534 2241 2586 κατ’
2277 2533 2478 2603 ἀρετὴν
2524 2531 2774 2604 πράξεων
2816 2532 3145 2606 τὴν’ἕνθεον
3182 2538 3276 2589 καὶ
3322 2537 3699 2609 πνευματικὴν

2127 2624 2393 2695 μελῳδίαν
2426 2626 2738 2697 ἀναπέμπει
2772 2626 2847 2697 τῷ
2873 2627 2991 2698 Θεῷ
3026 2628 3167 2699 (2'7).

2122 2716 2353 2770 Διδόντι
2387 2716 2746 2789 τροφὴνίκαὶ
2777 2721 2899 2785 τοῖς
2946 2723 3227 2785 νεοσσοῖς
3262 2719 3380 2774 τῶν
3421 2720 3699 2789 κοράκων

2466 2788 2587 2853 τοῖς
2616 2788 3111 2859 ἐπικαλουμένοις
3138 2792 3344 2845 αὐτόν.

2194 2873 2365 2930 ’Ἦλθε
2401 2878 2457 2931 δέ
2484 2896 2567 2942 τις
2601 2881 2679 2942 εἰς
2702 2882 2850 2950 ἡμᾶς
2899 2881 3123 2949 φυσικὸς
3147 2881 3322 2949 λόγος,
3353 2882 3429 2945 ὡς
3466 2881 3540 2953 μὴ
3571 2898 3701 2952 τρε-

2124 2970 2372 3039 φομένων
2394 2970 2622 3023 νεοττῶν
2638 2971 2746 3024 τῶν
2770 2973 3018 3043 κοράκων
3038 2973 3141 3025 ὑπὸ
3164 2972 3271 3027 τῶν
3292 2974 3695 3043 γεννησάντων,

2122 3060 2321 3131 ὁμοίως
2353 3064 2465 3124 τοῖς
2494 3061 2599 3114 τῶν
2628 3062 2802 3115 ἄλλων
2841 3062 3042 3134 ὀρνέων
3086 3067 3339 3128 νεοττοῖς
3376 3065 3704 3118 καταλείπε-

2125 3149 2247 3202 σθαι
2280 3150 2377 3220 μὲν
2409 3150 2516 3221 γάρ
2555 3150 2661 3203 τῶν
2699 3152 2950 3221 κοράκων
2980 3152 3112 3221 φασὶ
3151 3154 3277 3216 τοὺς
3304 3155 3553 3216 νεοττοὺς
3594 3152 3701 3205 ὑπὸ

2124 3240 2232 3294 τῶν
2255 3241 2678 3311 γεγεννηκότων,
2703 3242 2992 3313 τρέφεσθαι
3030 3244 3087 3297 δὲ
3111 3241 3255 3317 ἄλλῳ
3293 3245 3578 3317 παραδόξῳ
3603 3244 3700 3299 τοῦ

2126 3333 2261 3387 Θεοῦ
2308 3335 2568 3406 δυνάμει·
2624 3335 2819 3405 μηκέτι
2883 3337 2989 3409 γὰρ
3050 3338 3232 3403 αὐτοῖς
3289 3338 3699 3409 πλησιαζόντων

2126 3427 2549 3498 γεγεννηκότων,
2598 3427 2885 3498 κεχηνέναι
2928 3429 2987 3481 τὸ
3030 3429 3199 3499 στόμα
3246 3430 3452 3500 τροφῆς
3497 3429 3697 3499 ἐνδείᾳ,

2126 3518 2219 3570 καὶ
2256 3518 2490 3571 ἐοικέναι
2528 3516 2974 3588 ἐπικαλουμένοις
3012 3520 3103 3573 τὸν
3152 3520 3303 3583 Θεὸν,
3353 3524 3554 3592 φυσικῇ
3591 3539 3699 3575 τινι

2126 3610 2373 3680 ἐνεργείᾳ
2406 3610 2505 3679 τὴν
2528 3610 2731 3681 τροφὴν
2762 3610 3043 3675 αἰτοῦντας
3072 3611 3219 3683 παρὰ
3246 3612 3337 3667 τοῦ
3369 3614 3428 3666 τὸ
3442 3609 3578 3668 εἶναι
3600 3617 3699 3669 αύ-

2123 3704 2235 3766 τοῖς
2265 3701 2667 3773 δεδωρημένου*
2698 3701 2839 3755 οὓτω
2868 3703 2925 3755 δέ
2956 3704 3216 3775 φέρεσθαι
3256 3706 3442 3770 αὐτοῖς
3475 3723 3593 3759 τινα
3638 3706 3699 3771 ἐξ

2124 3794 2284 3865 ἀέρος
2324 3794 2528 3865 τροφὴν
2563 3793 2705 3847 κατὰ
2742 3794 2836 3847 τοῦ
2885 3798 3150 3867 στόματος
3192 3797 3297 3850 ὑπό
3340 3815 3483 3862 τινος
3521 3797 3699 3871 αὔρας

2126 3886 2556 3959 ευνωθουμένην.

2667 4001 2956 4054 ΨΔΛΜΟΣ
2990 4003 3167 4055 ΡΜΖ¹.

2204 4095 2266 4146 '0
2294 4092 2692 4163 ἀπαγγέλλων
2719 4094 2826 4146 τὸν
2861 4094 3044 4161 λόγον
3067 4093 3255 4148 αὑτοῦ
3286 4093 3366 4159 τῷ
3409 4092 3623 4149 Ἰακώϐ.

2190 4186 2325 4255 Φησὶ
2346 4185 2402 4238 δὲ
2434 4186 2527 4238 καὶ
2547 4183 2575 4235 6
2606 4184 2862 4246 Εύσέὸιος
2893 4185 3025 4255 (‘28).
3047 4186 3257 4257 Σφόδρα
3283 4186 3337 4239 δέ
3372 4186 3695 4259 ἀπηκριϐω-

2125 4278 2299 4347 μένως
2328 4294 2416 4348 μοι
2444 4278 2640 4348 δοκεῖὴ
2675 4276 2922 4347 παροῦσα
2948 4276 3090 4341 λέξις
3108 4277 3400 4344 διδάσκειν,
3436 4277 3489 4329 '0
3514 4278 3698 4347 ἀπατ-

2121 4369 2353 4437 γέλλων
2380 4368 2485 4421 τὸν
2508 4370 2692 4437 λόγον
2733 4369 2919 4423 αὐτοῦ
2947 4368 3025 4435 τῷ
3064 4368 3284 4423 Ἰακώϐ·
3316 4369 3376 4422 οὐ
3403 4369 3510 4441 γὰρ
3544 4371 3698 4441 εἴρη-

2120 4476 2236 4522 κεν,
2282 4462 2315 4512 ὀ
2364 4458 2778 4521 ἀποστέλλων,
2815 4459 2847 4530 ἢ
2896 4462 2928 4513 ό
2974 4461 3363 4526 ἀποστείλας.
3409 4460 3568 4513 Ἀλλο
3598 4460 3696 4532 δή·

447 4550 529 4605 vel
559 4550 715 4603 mitti.
761 4548 917 4605 Prius
951 4552 1097 4605 enim
1134 4549 1411 4619 portendit
1440 4548 1584 4616 quod
1619 4545 1857 4599 futurum
1893 4554 2010 4609 est,

2126 4568 2225 4603 που
2250 4548 2397 4603 ἐστὶν
2424 4552 2775 4620 ἀπαγγεῖλαι,
2804 4551 2899 4603 καὶ
2922 4551 3048 4605 ἄλλο
3079 4552 3138 4604 τὸ
3166 4551 3479 4605 ἀποστεῖλαι
3510 4550 3544 4622 ἢ
3568 4554 3700 4605 ἀπο-

445 4648 499 4695 et
531 4641 808 4709 praedicit;
862 4640 1089 4695 alterum
1124 4655 1253 4695 vero
1312 4654 1423 4694 rem
1459 4647 1775 4706 praesentem
1811 4634 2011 4705 signiﬁ-

445 4741 551 4795 cat,
576 4732 627 4786 id
654 4741 759 4799 est,
790 4748 948 4801 quem
986 4733 1101 4803 ipse
1131 4732 1278 4787 misit
1300 4734 1365 4785 ad
1397 4729 1822 4799 praedicandum.
1854 4726 1928 4779 Ita
1958 4735 2016 4779 ut

445 4823 782 4877 annuntiatio
807 4824 1022 4891 quidem
1061 4833 1117 4877 et
1170 4821 1446 4893 praedictio
1477 4818 1665 4882 futuri,
1711 4819 1799 4870 uni
1829 4816 2013 4872 lsraeli

445 4912 587 4968 facta
640 4914 831 4980 fuerit;
874 4915 1061 4969 missio
1121 4927 1300 4968 autem
1362 4930 1467 4967 nou
1502 4912 1630 4965 huic
1671 4910 1785 4973 uni,
1823 4924 2012 4964 verum

442 5008 605 5059 etiam
644 5008 855 5061 cunctis
879 5007 1000 5060 aliis
1020 5007 1293 5075 gentibus.
1335 5003 1446 5058 Sed
1482 5001 1714 5057 fortasse
1737 5002 1883 5056 dicet
1910 5001 2013 5055 ali-

443 5098 565 5167 quis
593 5116 607 5152 :
644 5099 703 5152 Si
730 5100 941 5154 caeteris
974 5097 1283 5153 hontinibus
1310 5096 1697 5150 revelationem
1722 5110 1826 5148 non
1863 5095 2011 5161 fecit,

444 5194 712 5260 quomodo
751 5208 844 5247 eos
878 5195 1050 5263 punit,
1080 5203 1273 5257 nempe
1304 5191 1467 5243 etiam
1502 5187 1622 5240 illos
1653 5186 1743 5256 qui
1781 5196 1909 5241 ante
1937 5187 2014 5240 le-

444 5296 566 5349 gem
602 5282 872 5346 vixerunt,
910 5293 962 5337 et
1010 5292 1120 5334 toto
1166 5280 1302 5333 orbe
1340 5286 1662 5347 peccatores
1691 5275 1885 5330 fuere?
1925 5275 2013 5331 Di-

444 5372 618 5427 cimus
646 5388 775 5442 ergo
807 5374 908 5428 hos
940 5372 1156 5442 quidem
1180 5369 1415 5439 iudicari
1448 5384 1475 5421 a
1512 5368 1621 5423 Deo
1660 5383 1723 5421 ex
1744 5368 1868 5438 jure
1924 5385 2013 5422 na-

447 5462 631 5527 turali,
660 5464 802 5533 quod
837 5463 994 5517 nobis
1048 5462 1315 5525 inhaeret;
1362 5456 1632 5512 lsraelitas
1676 5467 1854 5511 autem
1901 5465 2012 5509 tum

441 5557 563 5626 jure
594 5555 851 5621 naturali,
875 5565 987 5609 tum
1006 5558 1169 5608 etiam
1190 5552 1422 5620 scripto,
1453 5549 1527 5604 ita
1558 5560 1616 5603 ut
1649 5548 1822 5618 majus
1847 5549 2016 5603 bene-

2115 4642 2459 4694 στέλλεσθαι·
2518 4642 2577 4694 τὸ
2622 4643 2718 4713 μὲν
2761 4642 2870 4713 γὰρ
2913 4641 3216 4714 προμηνύει
3265 4643 3327 4696 τὸ
3370 4643 3558 4714 μέλλον
3601 4645 3699 4697 καὶ

2114 4733 2387 4805 προλέγει·
2437 4734 2499 4786 τὸ
2535 4733 2590 4786 δὲ
2631 4734 2931 4804 παρουσίαν
2976 4735 3252 4805 σημαίνει,
3304 4735 3521 4787 καὶτὸν
3561 4736 3700 4789 ἀπο-

2116 4825 2379 4877 σταλέντα
2417 4824 2483 4877 δι’
2516 4824 2707 4877 ἐαυτοῦ
2736 4826 3025 4897 κηρύττειν
3046 4844 3058 4856 ·
3092 4826 3230 4879 ὥστε
3270 4827 3367 4898 τὴν
3396 4827 3492 4898 μὲν
3517 4829 3699 4895 ἀπαγ-

2116 4914 2301 4982 γελίαν
2334 4916 2428 4968 καὶ
2452 4916 2549 4986 τὴν
2580 4917 2881 4987 πρόρρησιν
2908 4917 3001 4969 τοῦ
3036 4916 3340 4987 μέλλοντος,
3366 4917 3696 4987 γεγενῆσθαι

2121 5004 2272 5075 παρὰ
2323 5005 2469 5077 μόνῳ
2499 5005 2576 5075 τῷ
2624 5006 2858 5077 Ἰσραὴλ,
2906 5007 3002 5078 τὴν
3035 5007 3089 5059 δὲ
3137 5008 3441 5079 ἀποστολὴν
3486 5009 3586 5061 οὐκ
3630 5009 3697 5063 ἂν

2120 5096 2310 5167 ἐκείνῳ
2346 5096 2510 5167 μόνῳ,
2560 5096 2694 5150 ἀλλὰ
2740 5099 2835 5151 καὶ
2883 5100 3015 5151 πᾶσι
3061 5100 3171 5163 τοῖς
3217 5098 3422 5163 λοιποῖς
3462 5099 3692 5153 ἔθνεσιν.

2132 5180 2267 5234 Ἀλλ’
2302 5183 2430 5245 ἴσως
2456 5181 2598 5235 εἴποι
2631 5201 2713 5247 τις
2739 5184 2823 5237 ἄν·
2852 5186 2960 5238 Καὶ
2990 5186 3062 5256 μὴ
3085 5186 3330 5256 δηλώσας
3356 5192 3467 5252 τοῖς
3488 5189 3696 5255 λοιποῖς

2118 5273 2442 5345 ἀνθρώποις,
2488 5274 2604 5339 πῶς
2637 5277 2831 5341 αὐτοὺς
2871 5277 3106 5341 κολάζει,
3153 5284 3245 5332 καὶ
3285 5283 3411 5345 τοὺς
3451 5281 3556 5353 πρὸ
3600 5282 3693 5335 τοῦ

2118 5368 2283 5437 νόμου
2313 5368 2408 5421 καὶ
2444 5369 2569 5431 τοὺς
2599 5369 2912 5439 ἁπανταχοῦ
2954 5369 3052 5439 τῆς
3094 5373 3417 5443 οἰκουμένης
3444 5374 3697 5446 ἁμαρτά-

2121 5476 2347 5524 νοντας;
2380 5460 2487 5511 Καὶ
2524 5460 2720 5531 φαμέν·
2750 5462 2983 5526 Τούτους
3009 5465 3106 5533 μὲν
3144 5466 3317 5537 κρίνει
3346 5468 3454 5520 ἀπὸ
3477 5468 3572 5521 τοῦ
3600 5487 3697 5539 φυ-

2125 5550 2276 5603 σικοῦ
2322 5551 2484 5622 νόμου
2522 5554 2617 5606 καί
2661 5554 2755 5606 τοῦ
2791 5556 2848 5607 ἐν
2888 5557 3041 5626 ἡμῖν,
3082 5560 3206 5621 τοὺς
3246 5558 3301 5611 δὲ
3354 5560 3695 5632 Ἰσραηλίτας

515 5786 626 5856 (-27)
661 5785 858 5841 Conler
894 5797 1078 5839 rursus
1111 5782 1232 5856 hac
1268 5796 1427 5856 super
1470 5794 1526 5833 re
1572 5776 2005 5856 Niceueeditutn
2047 5792 2076 5832 a
2105 5779 2256 5835 nobis
2276 5780 2559 5853 prologum
2596 5782 2814 5841 Catenae
2853 5785 3071 5843 Patrum
3099 5788 3152 5845 in
3181 5786 3441 5846 Psalmos.

515 5847 625 5923 (is)
654 5857 845 5913 Recole
878 5859 1129 5911 adnotata
1171 5854 1234 5907 ad
1273 5847 1537 5921 psalmum
1573 5863 1752 5914 chtv,
1782 5847 1867 5902 15.
