3968 6502
220 393 278 450 69
1319 385 1823 442 COMMENTARIA
1865 387 1932 442 IN
1972 384 2315 444 PSALMOS.
3386 381 3455 435 70

217 515 296 568 καὶ
331 512 433 565 ἀπὸ
458 509 646 563 τούτου
683 509 776 563 καὶ
809 509 920 563 ἀπὸ
962 507 1059 563 τοῦ
1104 509 1353 580 γραπτοῦ
1399 510 1535 581 (39),
1559 509 1700 563 ὥστε
1742 511 1777 581 ἡ

1885 509 2087 570 licium,
2125 509 2346 578 majoris
2397 506 2766 562 damnationis
2812 506 2900 561 his
2928 520 3092 560 causa
3150 504 3265 571 ﬂat,
3320 502 3456 557 obe-

215 604 363 674 τοολλὴ
402 602 691 673 εὐεργεσία
736 602 981 667 πλείονος
1024 602 1206 667 αὐτοῖς
1237 604 1616 675 κατακρίσεως
1650 604 1777 657 ὑπόο

1885 602 2145 656 dientiam
2176 600 2599 672 negligentibus.
2635 600 2840 654 Idcirco
2880 600 3021 654 Deus
3070 598 3213 651 haud
3275 597 3453 651 dixit:

214 698 345 760 θεσις
390 696 599 764 γίνεται
651 694 1085 767 ρεραθυμηκόσι·
1124 695 1212 749 διὰ
1252 694 1413 747 τοῦτο
1474 697 1569 749 καὶ
1614 697 1777 761 αὐτὸς

1885 694 1994 748 Νοη
2027 695 2155 749 fecit
2177 694 2323 748 omni
2366 694 2535 765 genti,
2567 693 2661 748 sed
2689 692 2779 747 Sic
2814 708 2915 746 non
2938 690 3098 762 fecit;
3128 689 3180 744 id
3208 697 3315 755 est,
3348 703 3453 742 non

213 788 297 841 οὐκ
332 784 497 850 εἶπεν,
542 790 623 841 ὅτι
655 788 754 840 οὐκ
795 788 1019 857 ἐποίησε
1053 788 1215 841 παντὶ
1247 788 1412 852 ἔθνει,
1445 789 1558 843 ἀλλ’
1589 792 1778 857 οὕτως

1885 788 2093 842 tabulas
2121 786 2291 851 misit,
2322 801 2426 840 non
2458 786 2668 840 litteras
2692 786 2743 840 in
2768 795 2951 840 monte
2975 783 3129 848 Sina,
3157 782 3251 839 sed
3286 796 3455 851 pecu-

214 880 305 931 οῠκ
320 878 588 946 ἐποίησεο
604 878 760 931 τουτέ
770 895 885 931 στιν
906 879 966 930 ού
996 878 1210 944 πλάκας
1238 879 1334 932 ἐπε
1343 881 1502 950 μψεν,
1521 882 1580 934 ού
1601 882 1778 953 γράμ-

1885 879 2094 934 liariter
2124 886 2328 934 tantum
2355 877 2575 935 Iudaeis.

215 987 338 1039 ματα
402 969 468 1023 τὰ
508 970 604 1024 ἐπὶ
668 971 761 1023 τοῦ
827 971 1013 1024 Σινέου
1061 972 1240 1044 ὅρους,
1295 973 1433 1027 ἀλλὰ
1500 977 1614 1037 τοῖς
1666 976 1797 1029 Ἰου-

211 1064 357 1129 δαίοις
385 1067 447 1119 ὲκ
481 1067 823 1137 περιουσίας.

708 1162 1003 1216 ΨΑΛΜΟΣ
1054 1163 1238 1216 PMH'.

281 1252 357 1304 Ἐν
392 1252 490 1322 μὲν
519 1252 599 1323 τῷ
628 1252 750 1324 ρμε’
791 1253 991 1325 ψαλμῷ
1039 1256 1137 1325 μία
1171 1256 1294 1309 καθ’
1329 1256 1526 1327 ἑαυτὴν
1558 1258 1590 1327 ή
1625 1255 1771 1328 ψυχὴ

212 1345 287 1396 τὸν
317 1342 513 1415 Κύριον
568 1347 740 1399 αἰνεῖν
774 1348 1074 1413 ἐκελεύετο,
1119 1348 1418 1417 φάσκοντος
1463 1348 1556 1401 τοῦ
1591 1348 1772 1417 λόγου,

214 1437 370 1497 Αἴνει,
406 1436 442 1501 ἠ
490 1436 666 1505 ψυχή
706 1455 846 1508 μου,
884 1439 992 1493 τὸν
1024 1442 1261 1507 Κύριον.
1309 1442 1395 1493 Ἐν
1427 1440 1484 1492 δὲ
1529 1440 1605 1511 τῷ
1657 1440 1773 1510 μετ’

214 1528 351 1579 αὐτὸν
380 1527 589 1597 πλῆθος
620 1530 714 1582 ἐπὶ
759 1532 849 1583 τὸν
883 1528 1032 1585 αἶνον
1067 1533 1250 1586 ἐκάλει
1280 1532 1368 1586 διὰ
1398 1532 1513 1595 τοῦ,
1556 1532 1776 1585 Αἰτεῖτε

215 1619 419 1685 Κύριον,
454 1619 545 1673 ὅτι
578 1620 801 1690 ἀγαθὸν
828 1625 1070 1694 ψαλμός
1090 1642 1101 1654 ·
1141 1626 1233 1678 ἐπὶ
1262 1624 1318 1677 δὲ
1349 1624 1442 1677 τοῦ
1476 1624 1603 1695 ἑξῆς
1636 1625 1772 1697 αὐτὴ

2356 1159 2677 1217 PSALMUS
2705 1158 2979 1215 CXLVIII.

1947 1256 2003 1309 In
2031 1258 2238 1323 psalmo
2282 1254 2498 1323 quidem
2529 1269 2689 1318 chv,
2738 1252 2830 1306 uni
2883 1266 2978 1320 per
3009 1264 3067 1305 se
3112 1249 3308 1303 anima:
3337 1248 3451 1302 lan-

1876 1347 2011 1402 dare
2050 1348 2334 1401 Dominum
2364 1346 2751 1416 imperabatur.
2786 1343 2861 1397 lbi
2887 1344 3030 1397 enim
3059 1340 3454 1397 diciturzLau-

1877 1441 1945 1492 da
1973 1478 1988 1502 ,
2044 1440 2221 1492 anima
2248 1455 2401 1504 mea,
2456 1436 2736 1490 Dominum
2767 1436 2832 1489 δ’.
2878 1435 2934 1489 In
2986 1435 3232 1504 proximo
3275 1442 3454 1488 autem

1883 1532 2170 1586 multitudo
2209 1531 2539 1585 invitabatur
2589 1531 2673 1585 bis
2719 1529 2901 1584 verbis
2942 1528 3226 1583 :Laudate
3272 1526 3457 1582 Domi-

1881 1638 2002 1675 :tum
2027 1663 2041 1687 ,
2074 1624 2322 1692 quoniam
2350 1623 2483 1675 bona
2521 1638 2599 1675 res
2632 1621 2866 1690 psalmus
2892 1621 2958 1675 ⁸⁸.
2994 1621 3234 1690 Denique
3265 1620 3317 1674 in
3350 1619 3457 1674 alio

222 1711 555 1781 Ἰερουσαλὴμ
607 1710 767 1764 τοῦτο
807 1713 1069 1785 πράττειν
1120 1714 1518 1785 προσετάττετο
1569 1717 1628 1768 ἐν
1670 1714 1769 1786 τῷ,

1885 1713 2240 1782 subsequente
2270 1713 2384 1780 ipsa
2433 1712 2767 1766 Hierusalem
2801 1713 2905 1767 hoc
2933 1727 3090 1780 agere
3114 1711 3409 1779 jubebatur
3441 1732 3455 1767 :

223 1802 481 1868 Ἐπαίνει,
528 1803 948 1876 Ἰερουσαλὴμ,
993 1807 1101 1861 τὸν
1141 1809 1381 1877 Κύριον.
1442 1808 1776 1873 ’Δκολούθως

212 1888 289 1948 οὖν
311 1894 532 1961 ἐκείνοις
567 1898 595 1951 ὁ
625 1898 985 1969 προκείμενος
1017 1895 1165 1964 αἶνος
1191 1900 1448 1954 ἐπιτείνει
1472 1902 1530 1954 τὸ
1564 1902 1776 1974 παράγ-

213 1988 380 2057 γελμα,
426 1989 572 2059 μετὰ
623 1989 722 2061 τὴν
768 1992 1001 2064 μερικὴν
1051 1993 1450 2064 παρακέλευσιν
1502 1988 1664 2060 αῦξον
1715 1994 1776 2047 τὸ

214 2080 545 2152 πρόσταγμα’
588 2082 802 2153 ἀθρόως
844 2100 903 2136 τε
951 2081 1084 2155 ὁμοῦ
1128 2084 1229 2155 τὴν
1276 2085 1508 2156 γενητὴν
1558 2086 1776 2141 ἅπασαν

214 2172 359 2225 κτίσιν
387 2174 484 2244 τήν
516 2191 583 2227 τε
612 2175 896 2248 ὁρωμένην
928 2177 1020 2230 καὶ
1049 2176 1145 2249 τὴν
1173 2178 1403 2249 ἀόρατον
1437 2180 1531 2231 ἐπὶ
1564 2179 1656 2233 τὸν
1690 2176 1777 2233 αϊ-

213 2281 285 2316 νον
310 2263 395 2316 τοῦ
428 2264 574 2318 θεοῦ
604 2270 893 2339 παρορμᾷο
927 2269 1068 2322 κατὰ
1112 2270 1209 2341 μὲν
1254 2272 1351 2343 τὴν
1390 2273 1563 2344 ἀρχὴν
1603 2272 1671 2326 τὰ
1717 2274 1775 2328 ἐν

211 2357 307 2418 τοῖς
325 2358 573 2427 οὐρανοῖς
606 2360 700 2411 καὶ⁵
728 2360 879 2415 τὰ³ἐν
908 2364 1020 2425 τοῖς
1045 2362 1289 2432 ὑψίστοις
1316 2364 1772 2436 ἀνακαλούμενος

216 2443 388 2515 προῖὼν
420 2446 475 2498 δὲ
517 2446 592 2499 τὰ
625 2448 717 2500 ἐπὶ
757 2449 858 2519 τῆς
886 2451 988 2521 γῆς
1025 2453 1119 2505 καὶ
1156 2452 1227 2505 τὰ
1264 2457 1321 2507 ἐν
1348 2457 1470 2517 ταῖς
1495 2453 1773 2521 ἁϐύσσοις,

213 2537 294 2606 οὐχ
333 2539 402 2601 ὡς
444 2539 670 2593 πάντων
707 2541 888 2613 ψυχῆς
936 2544 1029 2597 καὶ
1069 2545 1228 2614 λόγου
1272 2548 1628 2619 μετεχόντων,
1659 2549 1773 2602 ἀλλ’

214 2629 279 2690 είς
316 2628 480 2682 ταῦτα
521 2632 655 2695 τοὺς
698 2632 856 2701 λόγου
890 2635 1273 2707 μετειληχότας
1309 2639 1638 2692 ἀποϐλέπειν
1684 2658 1777 2694 κε-

214 2717 357 2785 λεύει,
398 2721 489 2775 καὶ
545 2723 647 2793 τὴν
678 2724 890 2789 τούτοις
919 2726 1219 2798 γενομένην
1261 2730 1448 2799 σοφίαν
1492 2748 1773 2803 καταμαν-

215 2806 464 2876 θάνοντας,
498 2812 596 2865 τὸν
621 2813 858 2885 Ποιητὴν
882 2816 1164 2884 ἀνυμνεῖν.

660 2903 769 2956 Καὶ
799 2902 988 2957 πᾶσαι
1022 2905 1301 2962 ἄϐυσσοι.

274 2993 483 3066 Ἕτερος
559 2994 831 3060 ἀϐύσσους
876 2997 973 3069 τὴν
1022 2999 1130 3053 τῶν
1174 3001 1539 3073 καταχθονίων
1604 3004 1773 3075 ἔφησε

216 3084 393 3157 χώραν,
433 3087 584 3142 κατὰ
614 3090 828 3143 Παῦλον
865 3090 1087 3144 εἰπόντα
1108 3109 1121 3122 ο
1153 3094 1244 3165 Μὴ
1270 3094 1449 3167 εἴπῃς,
1482 3098 1577 3163 Τίς
1602 3115 1778 3152 κατα·
1804 3094 1845 3151 C

217 3176 429 3243 ϐήσεται
466 3184 561 3248 εἰς
608 3180 723 3250 τὴν
780 3181 1077 3248 ἄϐυσσον,
1130 3186 1376 3238 τουτέστι
1424 3189 1659 3255 Χριστὸν
1713 3192 1778 3244 ἐκ

215 3273 396 3343 νεκρῶν
450 3276 784 3343 ἀναγαγεῖν;
827 3277 919 3328 καὶ
977 3278 1035 3328 ἐν
1103 3275 1260 3342 Ἰὼϐ,
1303 3279 1405 3331 Ἐν
1443 3278 1531 3343 δὲ,
1589 3282 1776 3353 φησὶν,

219 3362 429 3430 ἴχνεσιν
478 3367 763 3421 ἀϐύσσου
801 3368 1278 3437 περιεπάτησας;
1312 3370 1537 3443 Μήποτε
1583 3374 1639 3427 δὲ
1686 3378 1779 3431 καὶ

215 3452 349 3509 τοῦτο
374 3458 584 3529 πλῆθος
615 3458 821 3513 ὑδάτων
849 3460 997 3530 δηλοῖ
1023 3462 1144 3514 καθ’
1180 3455 1241 3515 οῦ
1269 3464 1641 3536 περιεπάτησε
1666 3468 1779 3521 Κύ-

221 3562 344 3616 ριος;
376 3550 447 3613 ὼς
478 3551 580 3618 ἀφ’
615 3551 808 3623 ἑτέρας
840 3553 1015 3623 ἀρχῆς
1040 3550 1177 3607 εἶναι
1209 3555 1290 3618 τὸ,
1320 3557 1687 3628 Ἀνοίτονται
1710 3560 1779 3615 δέ

217 3655 296 3692 σοι
316 3642 455 3710 φόϐῳ
479 3644 672 3697 πύλαι
704 3644 997 3709 θανάτου;

342 3818 566 3887 ’ᾼσατε
599 3818 678 3884 τῷ
714 3821 908 3890 Κυρίῳ
941 3815 1105 3893 ᾆσμα
1138 3824 1367 3889 καινὸν,
1396 3843 1450 3878 κ.
1487 3845 1538 3881 τ.
1569 3828 1618 3881 λ.

277 3907 372 3961 Τοῦ
405 3910 597 3963 καινοῦ
622 3911 865 3983 ᾄσματος
888 3913 1070 3983 (50)...
1096 3918 1159 3986 τῇ
1178 3914 1288 3969 τῶν
1308 3916 1469 3970 ὁσίων
1484 3918 1779 3992 Ἐκκλησία

217 3997 452 4070 ᾀδομένου
480 4046 494 4068 ,
548 4002 747 4075 δηλαδὴ
796 4003 895 4075 τῆς
941 4006 1034 4057 τοῦ
1078 4007 1329 4078 Σωτῆρος
1376 4009 1536 4080 ἡμῶν
1568 4013 1779 4083 Καινῆς

216 4089 511 4162 Διαθήκης..
548 4092 761 4163 παλαιῷ
795 4095 1076 4164 προσέχων
1123 4097 1339 4169 Ἰσραὴλ
1368 4098 1446 4169 τῷ
1491 4099 1580 4153 διὰ
1612 4103 1779 4155 Μωῡ-

220 4181 333 4246 ato;
351 4201 365 4213 ⁸
386 4185 444 4237 τὸ
472 4185 662 4239 καινὸν
688 4186 744 4238 δὲ
771 4185 925 4238 τοῦτο
953 4188 1348 4260 παράδειγμα..
1377 4191 1774 4263 εὐφραινέσθω·

217 4272 356 4336 αὐτὸς
398 4274 510 4344 γὰρ
543 4270 612 4345 ἦν
661 4276 690 4326 ὁ
726 4274 821 4327 τοῦ
850 4274 985 4329 Θεοῦ
1024 4277 1194 4345 Λόγος
1243 4280 1271 4331 ὁ
1313 4281 1658 4351 χρηματίσας
1701 4281 1778 4352 τῷ

216 4364 437 4429 Μωῦσεῖ,
488 4369 586 4421 καὶ
628 4368 719 4420 τὸν
774 4367 987 4439 Ἰσραὴλ
1034 4368 1319 4438 ἐξαγαγὼν
1364 4372 1427 4424 ὲκ
1474 4373 1572 4444 τῆς
1613 4374 1778 4442 Αίγύ-

1876 1804 2085 1868 Lauda,
2120 1803 2474 1868 Hierusalem,
2496 1803 2784 1857 Dominum
2811 1803 2877 1857 3‘.
2913 1804 3287 1858 Consentanea
3319 1817 3459 1871 pran-

1875 1894 2036 1949 dictis
2084 1909 2323 1963 praesens
2354 1894 2471 1948 laus
2517 1893 2735 1961 jussum
2766 1895 3025 1963 ampliat;
3072 1904 3126 1949 et
3157 1894 3454 1965 congestim

1875 1995 2178 2040 creaturam
2208 1986 2369 2039 simul
2403 1987 2711 2041 universam
2749 1996 2856 2040 tam
2892 1987 3157 2042 visibilem
3182 2003 3344 2056 quam
3373 1987 3455 2041 in-

1874 2078 2144 2134 visibilem
2172 2080 2236 2133 ad
2271 2079 2361 2132 Dei
2398 2079 2611 2133 laudent
2641 2079 2842 2134 excitat
2876 2099 2888 2134 :
2924 2080 3078 2134 initio
3105 2080 3321 2149 quidem
3352 2092 3458 2134 cte-

1877 2171 2030 2226 lestia
2079 2182 2135 2225 et
2181 2172 2553 2226 excelsissima
2586 2172 2824 2226 invitans
2853 2190 2868 2227 :
2905 2187 3032 2226 mox
3060 2172 3413 2243 progrediens
3437 2211 3453 2233 ,

1878 2263 2157 2317 terrestria
2203 2272 2257 2317 et
2305 2278 2424 2331 quae
2461 2262 2511 2315 in
2552 2263 2762 2330 abyssis
2808 2273 3127 2317 versantur:
3162 2276 3267 2316 non
3312 2261 3453 2329 quod

1874 2354 2054 2405 omnia
2083 2354 2263 2406 anima
2295 2362 2349 2407 et
2390 2352 2598 2418 loquela
2634 2354 2854 2420 praedita
2890 2355 3017 2415 sint,
3053 2355 3145 2408 sed
3183 2353 3453 2421 homines,

1874 2444 1969 2514 qui
2002 2443 2209 2513 loquela
2238 2454 2361 2498 sunt
2390 2445 2618 2514 praediti,
2641 2444 2795 2513 jubet
2829 2446 2947 2500 illas
2970 2455 3251 2501 creaturas
3280 2445 3453 2514 respi—

1875 2551 1999 2591 cere
2028 2577 2044 2602 ,
2095 2548 2149 2589 et
2195 2551 2505 2606 expressam
2550 2536 2607 2591 in
2659 2538 2741 2591 bis
2772 2537 2866 2592 Dei
2898 2539 3220 2606 sapientiam
3252 2552 3456 2608 cogno-

1877 2637 2112 2694 scentes,
2142 2627 2454 2684 Creatorem
2482 2630 2697 2701 hymnis
2724 2630 3025 2685 celebrare.

2268 2898 2433 2952 Vens.
2466 2898 2520 2949 7.
2560 2897 2625 2951 Et
2659 2914 2838 2951 omnes
2860 2899 3054 2967 abyssi.

1949 2990 2098 3045 Alius
2130 2991 2344 3059 quidam
2380 2992 2603 3061 abyssos
2626 2992 2754 3045 dicit
2782 3006 2904 3045 esse
2928 2993 3336 3046 subterraneam
3373 3006 3458 3045 re-

1880 3083 2093 3153 gionem
2119 3124 2134 3148 ,
2168 3093 2325 3152 prout
2364 3083 2561 3137 Paulus
2593 3083 2667 3135 ait
2706 3100 2718 3134 :
2755 3080 2841 3137 Ne‘
2860 3083 3031 3145 dicas,
3068 3082 3196 3147 Quis
3245 3081 3452 3135 descen-

1880 3179 1964 3230 det
2016 3178 2068 3228 in
2117 3176 2359 3246 abyssum
2388 3175 2453 3240 ⁸⁵,
2495 3174 2545 3228 id
2586 3184 2669 3228 est
2718 3172 2787 3227 ob
2836 3173 3110 3226 Christum
3162 3188 3190 3227 a
3227 3174 3457 3227 mortuis

1880 3269 2286 3324 revocandum?
2321 3269 2384 3321 Et
2414 3266 2551 3335 apud
2582 3265 2774 3322 Jobnm
2808 3283 2822 3319 :
2859 3265 2925 3319 In
2952 3267 3234 3336 profundo,
3260 3265 3455 3335 inquit,

1879 3360 2053 3430 abyssi
2075 3358 2357 3412 ambulasti
2389 3356 2478 3410 l"’1’
2509 3356 2643 3410 Num
2674 3355 2814 3410 forte
2843 3358 3006 3410 etiam
3040 3357 3143 3409 hoc
3174 3356 3456 3421 vocabulo,

1879 3449 2031 3517 copia
2065 3463 2329 3517 aquarum
2356 3449 2645 3501 denotatur
2668 3460 2828 3515 supra
2853 3460 3011 3515 quam
3038 3444 3333 3499 ambulavit
3357 3446 3461 3499 Do-

1880 3542 2061 3596 minus
2088 3542 2111 3594 ?
2142 3540 2216 3594 ita
2240 3552 2297 3593 nt
2326 3539 2546 3593 aliunde
2594 3538 2919 3608 repetendus
2948 3538 3019 3592 sit
3045 3553 3236 3592 sensus
3261 3538 3459 3592 verbo-

1882 3648 1999 3686 rum
2034 3649 2049 3685 :
2084 3631 2408 3700 Aperiantur
2446 3633 2581 3696 tibi,
2629 3630 2842 3684 timoris
2873 3644 3034 3683 causa
3060 3668 3076 3695 ,
3122 3640 3290 3698 parite
3320 3645 3461 3682 mor—

1879 3727 1944 3780 tis
1959 3726 2002 3757 ⁸⁷
2030 3724 2053 3778 ?

1949 3817 2113 3873 Vens.
2148 3817 2202 3870 1.
2228 3814 2451 3870 Cantate
2480 3813 2708 3868 Domino
2733 3814 2994 3867 canticum
3025 3829 3238 3877 novum,
3278 3820 3385 3867 etc.

1950 3908 2100 3963 Novo
2134 3907 2350 3962 cantico
2375 3906 2426 3959 in
2445 3914 2757 3959 sanctorum
2793 3904 3034 3959 Ecclesia
3064 3912 3284 3959 cantato
3307 3918 3460 3958 nem-

1879 4015 1945 4070 pe
1964 3999 2094 4053 Novi
2126 3998 2372 4052 Ftnderis
2404 3996 2709 4050 Servatoris
2740 3995 2979 4049 nostri...
3001 3995 3192 4060 veteri,
3223 4008 3344 4064 qua:
3366 3995 3462 4048 da-

1880 4103 1931 4146 ta
1965 4091 2068 4146 fuit
2100 4106 2197 4160 per
2238 4090 2477 4160 Moysem
2508 4128 2522 4152 ,
2558 4087 2662 4158 legi
2699 4088 2981 4142 adhaerens
3015 4086 3203 4142 Israel.
3250 4086 3456 4139 Novum

1882 4185 1983 4238 hoc
2015 4182 2359 4252 exemplar...
2394 4180 2649 4235 exsultet.
2683 4178 2858 4249 Ipsum
2888 4179 3033 4232 enim
3064 4188 3184 4233 erat
3217 4176 3309 4232 Dei
3340 4177 3460 4231 Ver-

1880 4276 2029 4339 bum,
2063 4271 2203 4344 quod
2239 4273 2405 4344 Moysi
2441 4271 2662 4327 oracula
2689 4271 2908 4337 edebat,
2937 4278 2991 4325 et
3020 4268 3269 4325 lsraelem
3297 4267 3460 4339 Egy-

1881 4378 1972 4438 pto
1997 4367 2203 4432 eduxit,
2232 4366 2441 4435 sibique
2471 4379 2537 4419 ex
2573 4378 2639 4418 eo
2668 4361 2918 4432 populum
2952 4360 3281 4432 peculiarem
3320 4358 3456 4414 eﬂ'e-

220 4471 333 4508 πτθυ
358 4459 491 4529 (51),
524 4460 758 4528 ποιήσας
795 4476 853 4511 τε
888 4460 1051 4513 αὐτὸν
1098 4462 1292 4515 ἐαυτοῦ
1334 4461 1480 4517 λαόν.
1521 4441 1645 4527 Τοῖς
1678 4441 1776 4536 μὲν

1885 4462 1974 4515 cit.
2022 4459 2176 4514 Filiis
2204 4474 2334 4527 ergo
2365 4457 2610 4527 apprime
2656 4455 2837 4510 Sionis
2873 4454 3093 4507 mandat
3136 4450 3370 4522 gaudere
3403 4460 3458 4503 et

217 4540 294 4597 οῦν
319 4548 448 4611 υἱοῖς
482 4547 622 4601 Σιὼν
662 4547 871 4620 χαίρειν
904 4552 998 4603 καὶ
1025 4551 1284 4623 ἀγαλλιᾷν
1324 4553 1563 4625 πρώτοις
1593 4574 1778 4629 παραο

216 4637 475 4694 κελεύεται
509 4641 605 4693 ἐπὶ
637 4639 715 4711 τῷ
750 4641 961 4711 βασιλεῖ
997 4644 1207 4695 αὐτῶνθ
1243 4646 1405 4709 αὐτὸς
1438 4647 1496 4700 δὲ
1540 4644 1608 4720 ἦν
1643 4650 1779 4715 ..τὸς

1874 4554 2144 4606 exsultare
2174 4550 2244 4604 ob
2279 4563 2457 4619 regem
2492 4548 2752 4618 ipsorum.
2782 4545 2895 4600 Hoc
2921 4554 3100 4599 autem
3130 4554 3249 4598 erat
3281 4545 3456 4612 ipsum

1876 4643 1969 4699 Dei
1996 4644 2272 4706 Verbum,
2299 4643 2427 4696 olim
2452 4640 2676 4709 ‘quidem
2704 4653 2798 4694 rex
2829 4638 3063 4700 illorum,
3096 4652 3256 4706 quem
3289 4636 3340 4690 hi
3372 4645 3456 4688 ta-

218 4730 359 4783 πάλιν
384 4732 413 4784 ὁ
446 4733 543 4786 τοῦ
581 4732 716 4785 Θεοῦ
745 4733 936 4802 Λόγος,
972 4734 1138 4788 πάλαι
1184 4736 1282 4807 μὲν
1317 4738 1495 4791 αὐτῶν
1526 4739 1778 4810 βασιλεὺς

1885 4750 1999 4789 men
2048 4734 2240 4788 deinde
2293 4741 2678 4787 recusantum.
2718 4729 2860 4783 unde
2905 4726 3182 4796 propheta!
3221 4722 3454 4779 Samueli

217 4817 296 4884 ὢν,
342 4822 568 4896 ὕστερον
612 4822 667 4876 δὲ
701 4824 1060 4895 παραιτηθεὶς
1094 4824 1208 4897 [ὑπ’
1255 4827 1480 4897 αύῙτῶν·
1518 4829 1597 4883 διὸ
1646 4832 1780 4904 πρὸς

218 4910 294 4963 τὸν
340 4916 627 4985 προφήτην
660 4914 916 4985 Σαμουήλ
951 4931 1115 4985 φησιν
1169 4932 1183 4946 θ
1213 4919 1294 4970 οὐ
1341 4918 1416 4971 σὲ
1455 4919 1779 4989 ἐξουθενή-

217 5019 397 5069 κασιν,
464 5006 607 5061 ἀλλ’
657 5006 807 5075 ἐμὲ..
864 5007 951 5076 μὴ
996 5008 1358 5071 βασιλεύειν
1404 5011 1499 5064 ἐπ’
1553 5013 1776 5069 αὐτῶν.

218 5093 352 5148 Ἐπεὶ
377 5097 433 5151 δὲ
480 5098 554 5169 μὴ
600 5098 912 5169 ὑπήκουσαν
946 5101 1010 5169 τῇ
1054 5099 1265 5170 κλήσει,
1301 5102 1527 5167 εἰκότως
1552 5106 1653 5177 τῆς
1681 5106 1780 5175 χά-

220 5204 348 5257 ριτος
399 5191 502 5261 τῆς
563 5190 901 5262 εὐφροσύνης
956 5192 1185 5257 ἑαυτοὺς
1229 5194 1550 5267 ἐπέρησαν·
1600 5198 1671 5252 τά
1712 5215 1778 5267 γε

221 5279 311 5350 μὴν
343 5281 469 5354 ἐθνη
496 5283 590 5335 τὸν
614 5283 845 5345 ἐκείνοις
884 5283 1121 5356 πρώτοις
1154 5287 1597 5360 κατηγγελμένον
1624 5289 1780 5360 βασι-

294 5424 334 5454 "
367 5425 511 5480 Psal.
564 5441 723 5489 CXLV,
776 5426 832 5479 2.

934 5426 981 5457 ⁸³
1010 5426 1156 5482 Psal.
1198 5442 1377 5497 chvr,
1430 5435 1474 5487 l.

216 5490 254 5521 ⁸⁷
280 5494 399 5551 ibid.
434 5497 522 5550 17.

621 5498 668 5529 ⁸⁸
694 5498 711 5551 l
736 5498 867 5568 Reg.
899 5512 1021 5563 vni,
1048 5498 1101 5552 7.

282 5632 386 5707 (29)
418 5634 591 5707 Magni
610 5636 775 5707 pretii
800 5646 882 5690 est
911 5636 1023 5692 haec
1051 5635 1266 5692 Eusebii
1298 5633 1541 5707 doctrina
1572 5636 1640 5689 ob
1669 5635 1775 5689 sol-

224 5705 407 5776 vendas
438 5705 526 5759 de'
549 5706 891 5760 ethnicorum
930 5709 1103 5761 salute
1130 5707 1215 5761 vel
1247 5705 1599 5760 damnatione
1650 5721 1774 5776 pro-

225 5773 407 5844 positas
440 5790 471 5844 a
508 5776 842 5844 philosophis
872 5777 1230 5832 dillicnltates.

290 5842 393 5913 (ὅθ)
427 5842 595 5915 Hujus
630 5842 911 5917 fragmenti
952 5848 1153 5904 lacuna:
1184 5849 1235 5903 in
1268 5846 1569 5917 antiquiore
1600 5846 1778 5903 lacero

1582 5435 1628 5466 ⁸⁵
1664 5435 1810 5489 Psal.
1871 5449 2071 5498 cxuvu,
2143 5434 2229 5488 I2.

1876 4826 2056 4881 aiebat
2091 4843 2104 4879 :
2140 4824 2263 4879 Non
2296 4837 2347 4878 te
2382 4832 2844 4889 contempserunt,
2887 4821 2977 4873 sed
3014 4834 3094 4871 me
3117 4856 3133 4883 ,
3178 4817 3457 4886 quominus

1881 4936 2037 4989 super
2061 4935 2149 4973 eos
2171 4934 2375 4988 regnem
2400 4917 2468 4971 ⁸⁸.
2496 4917 2562 4971 Et
2601 4916 2729 4984 quia
2759 4911 3033 4968 vocationi
3067 4924 3173 4963 non
3204 4906 3457 4962 obedive‘

1883 5022 2051 5077 runt,
2097 5012 2292 5066 merito
2324 5009 2599 5079 semetipsi
2639 5008 2809 5078 gratia
2849 5005 3051 5059 lmtitiae
3102 5004 3454 5057 orbaverunt.

1880 5104 1951 5159 Et
1995 5103 2347 5174 praedicatum
2397 5104 2615 5172 quidem
2678 5099 2924 5170 apprime
2973 5095 3176 5150 Iudaeis
3230 5104 3456 5161 regem,

1881 5205 2072 5266 gentes
2097 5210 2220 5251 eum
2250 5204 2610 5265 agnoscentes
2635 5193 2972 5247 admiserunt
2997 5228 3012 5252 ,
3058 5187 3286 5254 ideoque
3320 5184 3457 5239 laeti-

1880 5289 1975 5354 tia,
2003 5302 2122 5357 quaa
2137 5289 2431 5343 secundum
2453 5286 2617 5341 Deum
2635 5294 2740 5349 εει,
2765 5292 2822 5339 et
2841 5278 3131 5338 exsultatio
3149 5277 3282 5348 ipsis
3313 5277 3457 5331 acci-

2342 5435 2387 5465 ⁸⁸
2420 5434 2576 5488 Rom.
2634 5448 2687 5499 χ,
2719 5430 2772 5485 7.
2885 5425 2931 5456 ⁸⁸
2958 5423 3061 5479 Job
3104 5438 3335 5489 xxxvnl,
3366 5420 3456 5477 16.

1880 5638 2178 5707 exemplari
2207 5647 2514 5708 supersunt.

1941 5701 2063 5790 .(51)
2102 5701 2296 5766 Recole
2325 5711 2464 5765 dicta
2490 5726 2521 5765 a
2546 5708 2701 5763 nobis
2730 5707 2781 5763 in
2809 5718 2918 5763 not.
2952 5708 3020 5763 ad
3048 5723 3183 5763 vers.
3221 5706 3284 5759 IO
3309 5701 3456 5774 psal-

1884 5795 1955 5834 mI
1982 5795 2179 5835 CXXXV.
