3968 6498
511 376 579 433 7i
1222 375 1485 433 ευδειιιι
1524 374 1993 433 CESARIENSIS
2030 373 2180 430 OPP.
2222 374 2400 431 PARS
2437 374 3048 431 lll.-—EXEGETICA.
3714 382 3791 439 ῬΞ

513 497 615 553 dit.
645 496 782 552 Hinc
816 504 929 551 toto
955 494 1087 551 orbe
1116 504 1306 565 gentes
1351 494 1405 548 in
1446 494 1561 550 suis
1605 494 1854 550 ecclesiis
1881 493 2092 548 laudant

2204 493 2300 547 λέα
2342 494 2637 561 ἐπιγνόντα
2663 491 3044 556 κατεδέξαντοο
3071 491 3260 564 διόπερ
3290 494 3323 565 ἡ
3356 494 3497 548 κατὰ
3531 496 3662 551 Θεὸν
3695 500 3791 552 εύσ

517 602 714 642 nomen
740 587 859 655 ejus
890 602 987 641 ceu
1020 585 1223 656 proprii
1252 586 1430 655 regis,
1451 586 1544 640 Dei
1572 586 1782 640 scilicet
1816 584 1977 641 Verbi
1999 585 2091 639 Je-

516 693 581 733 su
608 679 809 734 Christi
842 693 1033 732 nomen
1068 677 1226 745 pleno
1252 677 1421 731 choro
1451 693 1572 731 cum
1619 678 1855 747 tripudio
1879 676 2089 747 glorill-

517 777 727 820 cantes.
762 766 867 820 Sed
901 776 953 821 et
982 767 1072 835 qui
1122 753 1379 822 solitatim
1410 768 1588 839 degit,
1620 767 1778 822 bonis
1816 772 1931 822 suis
1958 766 2094 821 acti-

520 860 623 913 bus
645 868 697 913 et
725 860 968 928 corporis
1015 860 1492 915 exercitationibus
1525 861 1782 931 hymnum
1827 860 2093 930 quodam-

522 952 683 1005 modo
712 961 763 1005 et
818 952 1182 1006 laudationem
1218 950 1328 1006 Deo
1364 952 1601 1007 coniicit.
1650 951 1704 1005 ld
1758 952 2095 1008 credibiliter

519 1042 818 1111 praedicens
867 1042 1150 1097 Psalmisla
1195 1044 1368 1113 pergit
1404 1043 1595 1111 jubere
1643 1052 1701 1096 ut
1735 1052 1992 1115 tympano
2040 1052 2095 1099 et

518 1134 779 1204 psalterio
797 1134 1029 1205 psallant
1053 1136 1101 1190 ei
1128 1152 1142 1189 ε
1158 1135 1395 1207 tympani
1417 1135 1678 1189 vocabqu
1694 1135 1953 1189 denotans
1973 1151 2096 1190 cur-

519 1242 655 1297 pus,
697 1227 955 1298 psalterio
988 1228 1312 1297 spiritum...
1343 1229 1719 1296 morti/ieantes
1746 1229 1977 1282 membra
2007 1245 2097 1281 su-

517 1335 612 1386 per
672 1329 870 1371 terram
896 1319 963 1383 '9,
1022 1330 1069 1372 et
1120 1320 1248 1373 Jesu
1300 1320 1754 1389 mortiﬁcationem
1778 1321 1832 1374 in
1882 1336 2097 1387 corpore

518 1411 949 1477 circumferentes
992 1412 1060 1465 νο,
1119 1412 1217 1478 Qui
1262 1411 1536 1466 exsultant
1588 1411 1657 1465 ob
1708 1426 1889 1481 regem
1937 1427 2092 1466 suum

520 1514 625 1554 una
656 1517 779 1556 cum
807 1502 1186 1558 exsultante...
1216 1504 1304 1572 qui
1352 1503 1479 1557 fecit
1522 1518 1714 1558 eum...
1759 1513 2014 1575 tympano
2041 1515 2095 1559 et

518 1593 780 1661 psalterio
808 1594 1062 1662 psallunt.

2200 584 2439 657 φροσύνη
2472 585 2565 637 καὶ
2608 583 2928 654 ἀγαλλίασις
2961 584 3222 655 μετῆλθεν
3245 587 3331 638 ἐπ’
3362 588 3533 642 αύτά’
3568 589 3690 644 ὅθεν
3719 593 3791 644 τά

2201 678 2301 747 μὲν
2328 675 2449 729 καθ’
2477 676 2603 746 ὅλης
2628 676 2727 747 τῆς
2758 676 3086 747 οἰκουμένης
3110 676 3238 750 ἔθνη
3267 681 3385 742 ταῖς
3412 680 3621 737 ἑαυτῶν
3664 683 3793 736 Ἐκ-

2200 764 2452 835 κλησίαις
2511 763 2718 818 αίνοῦσι
2748 764 2808 818 τὸ
2833 764 3002 835 ὄνομα
3041 764 3207 820 αὑτοῦ
3234 768 3328 821 τοῦ
3364 768 3627 839 βασιλέως
3658 772 3791 826 ἑαυ-

2198 856 2328 924 τῶν,
2363 857 2421 910 ἐν
2445 856 2593 928 χορῷ
2620 856 2715 910 τοῦ
2744 856 2880 910 Θεοῦ
2910 858 3083 927 Λόγου
3112 857 3172 911 τὸ
3203 858 3375 930 ὄνομα
3411 861 3617 933 Ἰησοῦν
3652 865 3696 916 Χ
3706 882 3792 935 ρι-

2202 948 2326 1002 στὸν
2360 950 2497 1020 μετά
2527 948 2742 1020 χορείας
2766 946 3097 1015 δοξάζοντες
3118 948 3254 1002 ἀλλὰ
3282 951 3417 1004 καὶὸ
3440 953 3626 1017 καθεὶς
3655 956 3788 1024 παρ’

2202 1045 2379 1117 ἐαυτῷ
2420 1063 2570 1099 ..νων
2598 1046 2642 1099 δ’
2680 1045 2858 1117 ἔργων
2892 1044 3130 1114 ἀγαθῶν,
3167 1045 3260 1099 καὶ
3290 1045 3378 1099 διὰ
3410 1045 3639 1117 τῷν-τοῦ
3681 1044 3793 1099 σώ-

2206 1157 2373 1210 ματος
2408 1139 2658 1212 πράξεων
2695 1140 2764 1193 τὰ
2796 1138 3151 1192 συντελοῦντα
3187 1140 3267 1201 εἰς
3305 1137 3474 1209 ῦμνον
3511 1139 3605 1191 καὶ
3646 1138 3792 1202 δοξο-

2202 1227 2388 1297 λογίαν
2424 1229 2518 1281 τοῦ
2544 1228 2679 1281 Θεοῦ
2719 1228 3129 1301 διαπράττεται.
3166 1230 3407 1293 Εἰκότως
3446 1228 3607 1283 τοῦτο
3651 1230 3791 1282 αὐτὸ

2203 1320 2489 1391 προλαϐὼν
2510 1322 2539 1373 ό
2560 1320 2716 1389 λόγος
2747 1320 3074 1392 προστάττει
3102 1321 3325 1391 φάσκων
3346 1339 3359 1352 ·
3399 1323 3485 1377 Ἐν
3518 1323 3790 1393 τυμπάνῳ

2202 1414 2295 1465 καὶ
2342 1412 2625 1483 ψαλτηρίῳ
2653 1412 2981 1482 ψαλάτωσαν
3020 1413 3170 1484 αὐτῷ
3195 1431 3208 1443 ·
3256 1415 3540 1485 τύμπανον
3576 1414 3676 1485 μέν
3727 1413 3791 1465 τὸ

2205 1507 2364 1576 σῶμα
2386 1505 2830 1578 προσαγορεύων,
2864 1506 3162 1577 ψαλτήριον
3197 1507 3253 1561 δέ
3294 1507 3354 1561 τὸ
3398 1508 3659 1577 πνεῦμα..
3692 1524 3791 1561 νε-

2203 1597 2542 1667 κρώσαντες
2574 1599 2646 1652 τὰ
2667 1598 2824 1668 μέλη
2857 1600 2930 1653 τὰ
2956 1600 3054 1653 ἐπὶ
3088 1599 3200 1667 τῆς
3227 1600 3358 1670 γῆς,
3393 1600 3491 1653 καὶ
3522 1601 3637 1669 τὴν
3680 1601 3793 1667 Ἰη-

518 1688 635 1742 σοῦ
675 1689 968 1758 νέκρωσιν
1017 1694 1088 1744 ἐν
1137 1692 1217 1759 τῷ
1267 1692 1492 1762 σώματι
1545 1692 1995 1762 περιφέροντεςο
2044 1695 2094 1747 oi
2138 1694 2533 1766 ἀγαλλιώμενοι
2598 1695 2692 1747 ἐπὶ
2753 1694 2829 1766 τῷ
2872 1693 3079 1765 βασιλεῖ
3106 1694 3285 1749 αὐτῶν
3313 1695 3429 1767 ἅμα
3453 1694 3531 1766 τῷ
3558 1696 3791 1766 εὐφραι-

518 1780 748 1851 νομένῳ.
779 1820 793 1833 .
840 1786 1125 1855 ποιήσαντι
1156 1786 1339 1850 αὑτὸν,
1370 1787 1429 1838 ἐν
1453 1786 1723 1857 τυμπάνῳ
1765 1788 1858 1841 καὶ
1888 1786 2175 1859 ψαλτηρίῳ
2207 1787 2521 1858 ψάλλουσιν.

1017 1875 1339 1932 PSALMUS
1370 1875 1601 1931 CXLIX.

735 1969 898 2023 VERS.
935 1968 989 2025 5.
1017 1968 1361 2022 Lwtabuntur
1387 1968 1443 2021 in
1468 1968 1724 2021 cubilibus
1754 1968 1883 2022 suis.

590 2058 759 2113 Aliter
788 2075 918 2114 vero
948 2099 963 2123 ,
996 2069 1224 2113 mortem
1258 2069 1572 2114 sanctorum
1612 2060 1874 2115 v0cabulo
1905 2060 2099 2114 cubili-

520 2150 614 2202 bus
650 2149 848 2205 innuit.
902 2150 1290 2205 Dormitionem
1329 2153 1533 2221 quippe
1562 2150 1700 2205 solet
1725 2168 1845 2205 eam
1898 2168 2097 2208 vocare

519 2242 839 2312 Scriptura,
894 2242 1105 2298 dicente
1155 2243 1320 2298 Paulo
1369 2262 1383 2297 :
1436 2242 1512 2297 De
1562 2243 1942 2298 dormientibus
1993 2262 2093 2298 au-

521 2343 622 2387 tem
667 2336 787 2389 nolo
833 2352 921 2389 vos
974 2337 1218 2406 ignorare
1246 2377 1261 2400 ,
1312 2337 1506 2405 fratres
1548 2338 1617 2394 ".
1669 2338 1832 2393 Vetus
1883 2353 2099 2408 quoque

520 2426 930 2483 Testamentum
975 2430 1053 2483 ait
1101 2447 1114 2484 :
1156 2429 1414 2485 Dormim‘t
1470 2432 1643 2487 David
1699 2448 1818 2485 cum
1858 2433 2097 2501 patribus

522 2611 684 2667 Vens.
704 2612 758 2667 6.
790 2611 1159 2688 Exultationes
1188 2614 1284 2668 Dei
1306 2616 1361 2668 in
1397 2626 1607 2683 gutture
1626 2634 1831 2683 eorum,
1858 2627 1906 2671 et
1931 2618 2097 2688 gladii

867 2685 1118 2752 ancipites
1144 2686 1199 2739 in
1232 2688 1473 2741 manibus
1503 2689 1754 2757 ipsorum.

590 2773 867 2845 ltiOpinate
913 2776 1106 2844 Aquila
1163 2788 1483 2847 prtesetttetn
1537 2778 1861 2832 sententiam
1926 2792 2096 2848 expo-

519 2865 649 2929 suit,
681 2865 807 2919 dum
836 2863 1183 2919 Hebrzeorum
1214 2866 1475 2920 vocabulo
1498 2870 1685 2928 servit.
1704 2867 1889 2922 dicens
1918 2886 1931 2923 :
1966 2867 2095 2923 Gla-

516 2956 637 3010 dius
683 2957 878 3027 gemini
909 2958 1015 3010 oris
1040 2958 1095 3011 in
1137 2973 1297 3010 manu
1332 2957 1587 3023 ipsorum.
1624 2957 1728 3012 Sed
1761 2968 1817 3016 et
1847 2959 1933 3013 his
1966 2975 2099 3014 con-

522 3049 685 3103 traria
732 3058 1102 3103 memorantur
1139 3048 1359 3102 alicubi.
1417 3048 1543 3102 Filii
1574 3052 1883 3117 hominum,
1918 3053 2094 3106 dentes

516 3156 696 3193 eorum
741 3155 890 3191 arma
923 3149 972 3193 et
1016 3142 1261 3208 saginat,
1292 3150 1339 3193 et
1385 3138 1567 3209 lingua
1617 3141 1852 3210 ipsarum
1887 3142 2095 3212 gladius

2728 1878 3019 1933 ΨΑΛΜΟΣ
3062 1878 3219 1931 ΡΜΘ¹
3228 1916 3241 1931 .

2376 1970 2864 2041 Ἄγαλλιάσονται
2891 1971 2990 2025 ἐπὶ
3021 1971 3139 2024 τῶν
3167 1972 3379 2027 κοιτῶν
3409 1970 3624 2027 αὐτῶν.

2279 2064 2488 2128 ’Δλλως
2510 2063 2567 2117 δέ
2592 2064 2683 2117 τὸν
2721 2063 2949 2119 θάνατον
2970 2064 3079 2117 τῶν
3115 2064 3278 2118 ὁσίων
3306 2064 3527 2135 ᾐνίξατο
3550 2064 3640 2118 διὰ
3669 2063 3793 2119 τῶν

2199 2156 2429 2210 κοιτῶν.
2463 2157 2734 2228 Κοίμησιν
2758 2155 2867 2223 γάρ
2892 2155 3051 2209 εἴωθε
3089 2156 3273 2209 καλεῖν
3314 2156 3477 2210 αὐτὸν
3510 2158 3543 2227 ὴ
3571 2156 3789 2227 Γραφὴ,

2199 2242 2447 2311 λέγοντος
2484 2246 2578 2297 καὶ
2614 2243 2849 2297 Παύλου·
2878 2245 3019 2312 Περὶ
3050 2244 3119 2297 δὲ
3150 2244 3269 2298 τῶν
3296 2246 3673 2315 κοιμωμένων
3715 2247 3792 2300 οὐ

2199 2336 2354 2391 θέλω
2365 2334 2522 2406 ὑμᾶς
2542 2334 2802 2405 ἀγνοεῖν,
2818 2334 3087 2405 ἀδελφοί·
3112 2336 3205 2389 καὶ
3228 2338 3262 2407 η
3285 2336 3494 2391 Παλαιὰ
3515 2336 3571 2390 δέ
3596 2351 3787 2409 φησιν·

2212 2428 2529 2497 Ἐκοιμήθη
2565 2428 2748 2482 Δαυῒδ
2778 2428 2928 2497 μετὰ
2956 2427 3078 2482 τῶν
3104 2428 3373 2497 πατέρων
3396 2428 3602 2483 αὑτοῦ.

2199 2610 2272 2661 Αἱ
2296 2604 2566 2676 ὑψώσεις
2591 2607 2697 2661 τοῦ
2729 2607 2878 2661 Θεοῦ
2908 2608 2979 2661 ἐν
3004 2606 3256 2677 ,λάρυγγι
3273 2607 3619 2677 adtingam
3638 2608 3790 2677 ῥομ-

2379 2677 2547 2746 φαῖιιι
2576 2677 2847 2747 δι’στομοι
2876 2678 2947 2731 ἐν
2975 2678 3104 2743 ταῖς
3132 2676 3346 2748 χερσίν
3370 2676 3587 2731 αὐτῶν.

2273 2769 2599 2841 Παραδόξως
2640 2770 2698 2822 δὲ
2752 2769 2983 2833 Ἀκύλας
3018 2768 3120 2840 τὴν
3159 2769 3510 2823 ἀποδοθεῖσαν
3548 2768 3791 2823 διάνοιαν

2202 2863 2533 2934 παρέστησε,
2562 2862 2853 2926 δουλεύσας
2881 2863 2945 2932 τῇ
2973 2861 3080 2934 τῶν
3121 2860 3386 2934 Ἑϐραίων
3413 2864 3561 2933 φωνῇ
3589 2861 3785 2914 εἰπών’

2199 2928 2473 3023 Μάχαιρα
2497 2953 2812 3024 στομάτων
2846 2928 3058 3025 (ὄλῖγὲν
3081 2928 3230 3022 χειρί
3252 2928 3467 3007 αὐτῶν.
3506 2928 3664 3005 ’Ᾰλλά
3692 2952 3792 3006 καὶ

2202 3047 2332 3117 περὶ
2377 3043 2486 3098 τῶν
2525 3045 2787 3108 τοιούτοις
2813 3046 3067 3099 ἐναντίων
3102 3045 3219 3113 (55)
3248 3045 3463 3116 εἴρηταί
3490 3061 3614 3097 που·
3659 3045 3788 3099 Υἱοὶ

2199 3136 2544 3205 ἀνθρώπιον,
2562 3140 2615 3190 οι
2638 3136 2882 3203 ὀδόντες
2926 3136 3123 3191 αὐτῶν
3167 3136 3325 3190 ὅπλα
3352 3136 3650 3203 καὶβέλη,
3684 3138 3789 3191 καί

519 3242 705 3285 acutus
747 3231 818 3298 ",
865 3241 926 3285 ut
967 3231 1219 3286 occidant
1250 3241 1517 3302 quotquot
1553 3233 1687 3304 ipsis
1719 3236 1919 3305 captivi
1972 3253 2092 3292 suc-

2204 3232 2239 3299 ἡ
2256 3228 2507 3300 γλῶσσα
2521 3227 2718 3283 αὐτῶν
2726 3228 2988 3299 μάχαιρα
3006 3227 3190 3293 ὀξεῖα,
3205 3228 3534 3298 φονευόντων
3547 3230 3671 3291 τοὺς
3690 3230 3789 3281 ὑπ’

518 3324 801 3378 cumbunt.
844 3321 1069 3392 PrOprie
1102 3339 1231 3378 vero
1261 3326 1495 3395 gladium
1528 3327 1727 3395 gemini
1763 3328 1879 3382 oris
1904 3367 1919 3392 ,
1955 3330 2092 3384 acti-

518 3417 620 3470 bus
648 3416 891 3471 exerceri
935 3420 1093 3470 docet
1133 3414 1443 3471 Psalmista.
1477 3416 1844 3483 Dicitautem,
1883 3420 2092 3473 exalta-

517 3509 686 3561 tiones
716 3507 814 3561 Dei
840 3509 893 3561 in
922 3518 1132 3577 gutture
1154 3524 1334 3562 eorum
1358 3548 1373 3573 ,
1399 3510 1524 3578 quia
1556 3525 1690 3565 voce
1722 3513 2012 3567 utebantur
2039 3514 2093 3568 in

518 3600 671 3653 verbi
708 3600 1045 3666 ministerio,
1078 3600 1220 3669 apud
1253 3615 1349 3655 eos
1376 3602 1467 3671 qui
1502 3604 1692 3658 audire
1720 3612 1973 3672 poterant
2007 3614 2093 3659 at-

520 3690 772 3745 tollentes
807 3692 1089 3762 hymnum.
1124 3692 1350 3747 Actibus
1388 3705 1565 3748 autem
1620 3695 1725 3749 vim
1772 3697 2097 3752 exserebant

518 3783 841 3837 adversaria:
869 3784 1127 3853 potentia:
1154 3784 1455 3840 victricem.
1498 3784 1687 3841 Manus
1720 3786 1931 3840 illorum
1956 3825 1972 3852 ,
2004 3804 2093 3841 ac-

518 3884 606 3931 tus
629 3874 780 3941 dicit,
827 3876 941 3930 sive
976 3876 1051 3931 rei
1101 3877 1351 3946 gerenda:
1375 3892 1561 3931 curam
1606 3890 1932 3945 susceptam.
1966 3880 2096 3933 Erat

514 3975 698 4021 autem
730 3967 847 4021 hac
881 3967 1193 4036 evangelica
1226 3968 1559 4037 praedicatio,
1596 3983 1716 4039 quae
1739 3970 1948 4041 gladius
1969 3987 2095 4041 quo-

514 4073 622 4126 que
656 4058 991 4121 nominatur,
1024 4059 1153 4127 quia
1189 4059 1453 4114 malorum
1499 4069 1557 4114 et
1592 4060 1931 4129 impurorum
1980 4062 2093 4131 spi-

515 4152 715 4205 rituum
764 4164 960 4220 greges
1008 4151 1400 4220 persequitur,
1452 4160 1507 4205 et
1562 4167 1853 4222 Oppressus
1910 4154 2097 4223 inique

513 4253 704 4311 gentes
754 4242 1056 4308 ulciscitur,
1103 4252 1161 4297 et
1213 4243 1616 4299 idololatricum
1672 4246 1855 4315 p0puli
1886 4245 2091 4301 cultum

514 4334 783 4388 emendat.

517 4506 683 4563 Vsus.
710 4509 762 4564 8.
800 4510 880 4563 Ad
911 4510 1209 4581 alligandos
1235 4528 1377 4583 reges
1402 4528 1583 4566 eorum
1606 4514 2089 4583 compedibus,etc.

2204 3323 2383 3377 αὐτῶν
2405 3323 2703 3394 ἡλωκότας.
2746 3324 2973 3387 Οίκείως
3003 3322 3059 3375 δέ
3104 3322 3200 3394 τὴν
3235 3324 3332 3394 μὲν
3369 3323 3643 3395 μάχαιραν
3676 3322 3791 3377 τῶν

2205 3417 2483 3487 στομάτων
2527 3417 2585 3470 ἐν
2613 3418 2732 3479 ταῖς
2776 3415 3038 3481 πράξεσιν
3086 3416 3326 3487 ἐνεργεῖν
3369 3416 3397 3467 ό
3440 3414 3594 3483 λόγος
3646 3432 3791 3486 παρ-

2203 3505 2420 3576 έστησε,
2472 3504 2579 3570 τὰς
2608 3505 2664 3557 δὲ
2692 3507 2959 3573 ὑψώσεις
2987 3504 3091 3558 τοῦ
3122 3503 3270 3557 Θεοῦ
3299 3504 3369 3556 ἐν
3414 3502 3493 3569 τῷ
3533 3505 3790 3573 στόματι

2202 3596 2419 3661 αὐτῶν,
2452 3597 2601 3667 φωνῇ
2625 3596 2732 3666 γὰρ
2755 3595 2992 3667 ἐχρῶντο
3026 3597 3117 3649 ἐπὶ
3139 3595 3459 3667 διδασκαλίᾳ
3479 3595 3573 3649 τοῦ
3597 3596 3785 3665 λόγου,

2203 3690 2357 3761 παρά
2380 3693 2489 3753 τοῖς
2510 3689 2731 3743 ἀκούειν
2761 3684 3434 3760 δυναμένοιςάνυψοῦντες
3467 3689 3557 3742 τὸν
3578 3688 3752 3759 ῦμνον
3768 3706 3783 3719 ·

2202 3786 2323 3846 ταῖς
2357 3783 2413 3837 δὲ
2461 3782 2722 3854 πράξεσιν
2770 3782 2923 3852 ἰσχὺν
2970 3777 3116 3853 εἶχον
3162 3783 3551 3853 καθαιρετικὴν
3599 3781 3787 3854 πάσης

2202 3875 2583 3946 ἀντικειμένης
2606 3873 2907 3944 δυνάμεως.
2937 3873 3140 3945 Χεῖρας
3166 3874 3265 3945 μὲν
3297 3873 3476 3927 αὐτῶν
3502 3872 3600 3937 τὰς
3639 3874 3787 3945 πρά-

2205 3967 2315 4033 ξεις
2362 3968 2548 4037 φησὶν,
2605 3966 2724 4036 ἦτοι
2770 3968 2837 4036 ἢν
2891 3964 3323 4036 μετεχειρίζοντο
3374 3963 3781 4036 πραγματείαν.

2201 4058 2351 4129 Αύτη
2372 4059 2429 4111 δὲ
2456 4054 2521 4130 ἢν
2547 4060 2575 4112 ὁ
2597 4057 2950 4127 εὑαγγελικὸς
2978 4056 3153 4125 λόγος,
3175 4056 3234 4119 ὃς
3259 4056 3352 4109 καὶ
3380 4055 3624 4127 ῥομφαία
3648 4055 3783 4108 ὠνο-

2205 4150 2407 4221 μάσθη,
2433 4148 2767 4204 ἐκδιὼκουσα
2792 4150 2890 4213 τὰς
2922 4148 3029 4203 τῶν
3052 4149 3303 4221 πονηρῶν
3333 4151 3426 4203 καὶ
3451 4149 3783 4221 ἀκαθάρτων

2202 4245 2527 4315 πνευμάτων
2575 4244 2809 4311 ἀγέλαςο
2862 4246 3036 4296 ποιεῖν
3080 4253 3140 4296 τε
3191 4242 3290 4314 τὴν
3336 4242 3611 4313 ἐκδίκησιν
3668 4242 3783 4294 τῶν

2206 4336 2549 4409 ἠδικημένων
2576 4335 2764 4402 ἐθνῶν,
2794 4336 2887 4391 καὶ
2932 4335 3171 4405 ἐλέγχειν
3200 4335 3293 4388 τοῦ
3335 4334 3464 4387 λαοῦ
3496 4334 3595 4405 τὴν
3624 4333 3783 4386 είδω-

2200 4425 2534 4499 λολατρείαν.

2205 4518 2314 4574 Τοῦ
2332 4518 2562 4573 δεῖσθαι
2578 4518 2719 4585 τοὺς
2741 4517 3025 4584 βασιλεῖς
3046 4515 3319 4571 αὐτῶνέν
3334 4515 3562 4581 πέδαις,
3580 4534 3634 4569 κ.
3652 4534 3701 4569 τ.
3723 4516 3773 4570 λ.

585 4601 1032 4673 Quandoquidem
1063 4606 1205 4660 haud
1232 4606 1393 4661 aliter
1419 4606 1619 4662 licebat
1644 4611 1857 4678 eripere
1904 4624 1970 4665 ac
2016 4610 2085 4665 li-

2276 4609 2493 4681 Ἐπειδὴ
2520 4610 2620 4663 οὐκ
2644 4610 2818 4675 ἄλλως
2853 4607 2920 4682 ἦν
2956 4609 3319 4679 ὑπεξαγαγεῖν
3348 4610 3442 4662 καὶ
3473 4607 3775 4680 ἐλευθερῶ-

515 4693 710 4748 berare
755 4709 853 4749 eos
890 4697 983 4765 qui
1016 4697 1320 4752 daemonum
1374 4698 1504 4753 olim
1544 4704 1931 4768 premebantur
1966 4717 2087 4758 ser-

2204 4718 2283 4755 :at
2316 4702 2441 4765 τοὺς
2468 4702 2635 4756 πάλαι
2668 4704 2781 4765 τοῖς
2818 4702 3036 4775 δαίμοσι
3089 4698 3519 4773 δεδου“ωμένους
3558 4700 3590 4771 ἢ
3639 4701 3779 4756 καθ-

514 4790 667 4853 vitio,
698 4788 804 4844 nisi
831 4790 1052 4846 domitis
1090 4792 1431 4862 alligatisque
1462 4793 1699 4863 ipsorum
1728 4793 2088 4864 principibus,

2204 4792 2576 4859 υποτάξαντας
2594 4795 2858 4866 πρότερον
2885 4796 2980 4849 καὶ
2998 4795 3408 4865 καταδήσαντας
3426 4796 3554 4856 τοὺς
3569 4793 3772 4864 ἄρχον-

515 4881 712 4935 merito
744 4881 855 4935 haec
906 4882 1082 4952 pergit
1113 4882 1319 4937 dicere.
1362 4880 1491 4937 Loci
1529 4896 1747 4937 sensum
1795 4898 2088 4952 cognosces

2204 4902 2292 4949 τας
2320 4886 2522 4951 αὐτῶν,
2573 4886 2795 4949 εἰκότως
2838 4886 3177 4941 ἐπιλέλεκται
3222 4885 3415 4939 ταῦτα.
3449 4885 3679 4954 Νοήσεις
3715 4885 3773 4939 δὲ

514 4974 678 5028 etiam
702 4988 731 5026 a
764 4972 1071 5030 Servatoris
1102 4990 1231 5030 voce
1262 4974 1492 5029 dicentis
1532 4993 1547 5029 :
1586 4974 1862 5040 Quomodo
1892 4976 2086 5047 aliquis

2204 4979 2286 5030 καὶ
2322 4979 2481 5032 τοῦτο
2515 4980 2623 5033 ἀπὸ
2663 4979 2763 5049 τῆς
2808 4979 3074 5050 σωτηρίου
3105 4978 3309 5050 φωνῆς,
3345 4978 3413 5030 δι’
3439 4972 3505 5050 ἧς
3530 4977 3769 5048 εἴρηταιο

513 5068 716 5137 ingredi
755 5079 921 5134 potest
965 5070 1180 5121 domum
1221 5068 1375 5136 [ortis
1397 5108 1412 5134 ,
1444 5070 1658 5138 ejusque
1688 5085 1808 5122 uasa
1838 5069 2083 5137 diripere,

2204 5071 2324 5140 Πῶς
2340 5073 2591 5129 δύναταί
2608 5092 2697 5141 τις
2719 5074 3017 5129 εἰσελθεῖν
3036 5077 3121 5139 είς
3142 5074 3255 5141 τὴν
3265 5074 3460 5127 οὶκίαν
3483 5072 3587 5127 τοῦ
3605 5075 3773 5142 ισχυ-

514 5162 616 5214 nisi
645 5161 792 5229 prius
820 5161 1009 5230 fortem
1039 5145 1356 5231 alligaverit,
1390 5173 1443 5213 ut
1477 5171 1589 5214 tum
1622 5163 1833 5215 demunt
1866 5162 2081 5215 domum

2204 5164 2293 5217 soi)
2315 5167 2412 5219 καὶ
2434 5167 2503 5220 τὰ
2518 5168 2707 5236 σκεύη
2734 5167 2921 5221 αὐτοῦ
2935 5165 3281 5235 διαρπάσαι,
3302 5166 3410 5220 ἐὰν
3424 5163 3510 5236 μὴ
3533 5163 3773 5233 πρῶτον

584 5336 630 5368 ⁸⁸
655 5336 833 5393 Colos.
868 5353 951 5403 Ill,
978 5338 1032 5393 5.
1108 5338 1154 5369 ⁹⁰
1204 5336 1246 5391 ιι
1270 5339 1395 5393 Cor.
1428 5355 1501 5404 tv,
1532 5340 1619 5394 10.
1711 5342 1755 5373 ’ί
1786 5341 1806 5396 l
1838 5342 2031 5398 Thess.
2066 5359 2092 5397 l‘

2206 5345 2263 5399 2.
2351 5346 2397 5377 θ’
2442 5345 2506 5401 111
2542 5346 2742 5417 Βεελι,
2771 5348 2858 5401 10.

583 5450 697 5523 (52)
725 5452 875 5507 Alius
907 5454 1073 5509 codex
1101 5495 1116 5515 .
1163 5455 1338 5525 στόμα
1376 5458 1575 5513 αὐτῶν.
1616 5491 1684 5500 -
1722 5460 1886 5516 Vides
1914 5460 2081 5515 Euse-

517 5520 660 5574 bium
691 5527 881 5602 stric_to
908 5538 1066 5602 sensu
1090 5520 1585 5602 intellexisseapud
1608 5532 1852 5602 Aquilam
1880 5532 2083 5602 στομά-

514 5606 622 5669 των
671 5606 734 5669 e:
788 5591 1291 5669 llebraico__mt5t5
1359 5591 1746 5664 oris-duplicis.
1795 5600 1910 5669 (Sic
1947 5591 2037 5657 aio
2066 5642 2082 5663 .

517 5661 643 5740 quia
664 5659 871 5740 ‘Latiue
904 5678 1006 5740 non
1035 5664 1264 5740 dicimus
1294 5669 1464 5740 arium
1501 5659 1584 5724 vel
1628 5688 1779 5724 orum
1801 5659 1913 5726 cas.
1956 5659 2079 5740 gen.

518 5730 680 5814 plur.)
719 5732 783 5782 At
817 5732 866 5782 in
902 5732 1208 5814 polyglottis
1236 5734 1411 5814 Lond.
1453 5740 1679 5814 acierunt
1727 5755 1886 5794 sensu
1916 5730 2085 5814 uicta-

521 5800 745 5865 phorico
770 5840 785 5865 ,
813 5814 971 5869 quem
994 5800 1357 5875 signiﬁcatum
1395 5809 1517 5865 inde
1549 5809 1888 5878 desumptum
1915 5810 2083 5867 Mont-

2969 5347 3017 5379 "
3047 5345 3189 5403 Psal.
3223 5362 3307 5401 LV!
3340 5388 3353 5410 ,
3394 5348 3447 5400 5.

2182 5462 2471 5520 fauconius
2520 5466 2573 5518 in
2606 5464 2863 5532 Hexaplis
2900 5464 3149 5533 apposuit
3201 5464 3298 5533 ipsi
3342 5462 3569 5529 Aquilze.
3599 5463 3764 5533 Atqui

2182 5534 2448 5591 Eusebius
2486 5535 2586 5587 nisi
2631 5537 2694 5587 ad
2730 5536 2976 5589 strictum
3016 5535 3263 5590 vocabuli
3312 5534 3591 5601 originalis
3636 5551 3766 5587 sen-

2182 5621 2305 5660 sum
2356 5606 2715 5685 respexisset,
2763 5605 3015 5675 Aquilam
3062 5606 3132 5660 de
3173 5604 3453 5658 idiousmo
3495 5602 3764 5659 Hebraico

2184 5690 2335 5731 reum
2364 5689 2467 5729 non
2501 5685 2719 5743 egisset.

2255 5744 2369 5816 (35)
2400 5745 2483 5801 Al.
2516 5748 2662 5812 cod.,
2692 5743 2801 5802 τῶν
2832 5744 3088 5800 τοιούτων
3120 5744 3383 5800 ἐναντίον.
