3968 6546
498 484 574 542 75
1178 479 1266 536 ΕΙ]
1275 478 1447 536 SEBII
1485 477 1596 537 (11E
1605 466 1968 532 SARIEN‘SIS
2007 472 2065 528 Ol

2200 469 2380 524 PARS
2418 469 2512 524 ill.
2558 498 2623 510 -—
2662 464 3075 523 EXEGETICA.
3687 463 3753 517 76

499 598 751 670 spirituum
776 610 1013 669 praesens
1048 609 1225 652 sermo
1253 576 1327 650 ad
1362 572 1759 665 hymnologiam
1791 597 2065 663 provocat,

2192 587 2267 639 ιπὶ
2308 586 2406 657 τὴν
2460 583 2781 655 ὑμνολογῐαν
2827 579 3106 643 ἀνακαλεῖ,
3148 577 3260 631 ἀλλ’
3304 577 3425 630 ἐπεὶ
3460 578 3532 649 μὴ
3561 577 3759 649 τρόπος

500 692 623 762 quia
648 701 824 746 tamen
857 704 961 745 non
991 704 1130 743 unus
1159 697 1241 743 est
1274 689 1515 741 omnium
1550 686 1741 739 modus
1767 699 1941 754 neque
1973 683 2067 735 ani.

2194 676 2261 741 εἷς
2283 677 2391 730 τῶν
2424 676 2662 739 πάντων,
2698 674 2830 744 μηδὲ
2863 670 3014 743 [μία]
3038 669 3296 735 διάθεσις,
3328 670 3445 724 κατ’
3471 669 3761 738 ἀναλογίαν

500 778 576 832 mi
612 777 837 831 affectus
867 816 881 838 ,
934 790 1038 829 non
1091 774 1211 827 sine
1261 770 1521 839 analogia:
1557 785 1747 824 norma
1791 767 2067 837 unicuique

2197 771 2395 840 ἑκάστῳ
2435 767 2663 840 ὄργανόν
2692 783 2744 818 τι
2778 767 2909 837 πρὸς
2953 763 3045 818 τόν
3091 762 3258 834 ὕμνον
3292 763 3594 834 ἐπιτήδειον
3633 763 3764 830 ἀφο-

501 867 751 921 idoneutn
802 879 1064 936 organum
1125 864 1326 933 hymno
1395 860 1757 915 adhibendum
1811 857 2068 913 decernit.

2195 863 2340 934 ρίζει·
2381 863 2410 914 6
2445 861 2543 932 μὲν
2572 859 2680 931 γάρ
2703 876 2792 932 ,τις
2826 854 3255 926 ὲπαναόεδηκὼς
3287 859 3353 928 τῇ
3382 856 3549 927 ἀρετῇ
3578 871 3762 925 κρειτ-

507 959 748 1025 Namque
775 957 849 1011 illi
882 956 973 1025 qui
1009 969 1198 1009 omnes
1226 938 1428 1031 virtute
1457 951 1793 1020 superaverit
1822 992 1837 1017 ,
1875 950 1940 1002 ad
1970 947 2074 1002 lau.

2200 955 2348 1017 τόνως
2393 952 2534 1024 ὑπὲρ
2566 952 2797 1013 πάντας,
2847 950 2939 1004 τὸν
2984 945 3132 1002 αἶνον
3182 948 3503 1002 ἀποδίδωσιν
3549 949 3606 1007 ἐν
3649 946 3767 1016 ἤχῳ

502 1052 623 1106 dem
657 1048 956 1105 canemlam
1008 1046 1151 1101 tubae
1187 1044 1427 1100 sonitum
1455 1043 1728 1106 attribuit,
1774 1042 1897 1113 quia
1927 1040 2069 1095 vide-

2199 1046 2500 1114 τάλπιγγος,
2537 1042 2722 1114 ἐπειδὴ
2762 1043 2976 1097 πάντων
3004 1041 3250 1113 ὀργάνων
3284 1039 3766 1111 μεγαλοφωνοτέρα

502 1133 634 1188 licet
663 1132 1151 1186 instrumentorum
1180 1127 1426 1182 omnium
1449 1127 1794 1182 vocalissima
1820 1132 1903 1178 est
1929 1124 2069 1186 tuha1

2201 1139 2217 1208 ιλ
2250 1135 2500 1204 σάλπιγξ,
2534 1137 2627 1189 καλ¹
2660 1133 2901 1205 μείζονος
2935 1134 3027 1186 καὶ
3059 1131 3454 1203 κραταιοτέρας
3486 1131 3768 1201 δυνάμεως

504 1234 561 1279 et
590 1223 796 1292 majore
822 1219 1156 1289 fortioreque
1181 1219 1232 1273 vi
1258 1232 1395 1286 opus
1423 1226 1506 1273 est
1552 1217 1601 1272 ei
1631 1211 1721 1285 qui
1749 1215 1840 1269 illa
1877 1215 1955 1268 uti
1993 1229 2071 1268 vc-

2203 1230 2264 1279 ῖεῖ
2289 1228 2401 1288 τοῖς
2445 1225 2579 1296 αὐτῇ
2618 1224 2941 1295 χρωμένοις·
2976 1222 3203 1275 τοιοῦτοι
3238 1218 3379 1294 ἦσαν
3406 1224 3455 1275 οἱ
3500 1224 3637 1293 ἱεροὶ
3672 1221 3770 1276 τοῦ

510 1313 591 1369 lit.
627 1309 1121 1379 Hujusmodieraut
1149 1306 1287 1362 sacri
1322 1304 1552 1375 apostoli
1589 1302 1919 1365 Servatoris,
1954 1315 2077 1369 quo«

2206 1317 2435 1388 Ξωτῆρος
2468 1316 2775 1379 ἀπόστολοι,
2823 1308 2898 1367 ὧν
2932 1315 2995 1386 δὴ
3035 1314 3324 1376 εἰς-πᾶσαν
3357 1312 3454 1383 τὴν
3483 1313 3584 1382 γῆν
3623 1311 3773 1381 ἐξῆλ.

513 1418 633 1458 rum
664 1417 797 1457 sane
820 1401 873 1456 in
900 1402 1211 1456 universam
1247 1406 1449 1453 terram
1478 1410 1645 1452 sonus
1684 1395 1877 1460 exivit,
1922 1403 2080 1463 atque

2209 1414 2276 1460 »εν
2305 1409 2332 1460 ὁ
2357 1406 2611 1475 φθόγγος,
2636 1406 2731 1459 καὶ
2770 1406 2847 1469 εἰς
2873 1404 2939 1458 τὰ
2973 1406 3186 1475 πέρατα
3211 1404 3310 1473 τῆς
3347 1403 3668 1472 οἰκουμένης
3706 1402 3776 1455 τὰ

507 1496 575 1549 ad
603 1493 786 1548 mundi
815 1493 1083 1548 terminos
1125 1482 1305 1546 verba
1329 1490 1567 1559 ipsorum
1599 1489 1665 1550 ⁵⁷,
1700 1487 1825 1541 dum
1853 1487 2074 1542 vocalis-

2209 1502 2407 1571 lﬁpaw
2440 1501 2639 1567 αὐτῶν,
2668 1500 2746 1570 τῷ
2779 1498 3146 1571 μεγαλοφώνῳ
3172 1499 3266 1551 τοῦ
3301 1497 3653 1567 εύαγγελικοῦ
3683 1515 3776 1567 κη-

508 1587 702 1639 simam
757 1584 1030 1653 Evangelii
1086 1580 1524 1652 praedicationem
1578 1578 1856 1639 facerent,
1897 1578 1971 1632 ita
2027 1587 2075 1631 ttl

2211 1592 2463 1661 δύγματος
2495 1590 2855 1662 χρησαμένων
2976 1578 3278 1661 ἀνθρώπων
3297 1587 3651 1659 πληρωθῆναι
3676 1588 3778 1656 τῆς

507 1686 668 1732 aures
694 1677 974 1731 hominum
1002 1683 1141 1730 voce
1172 1674 1384 1727 illarum
1423 1670 1781 1741 replerentur.
1816 1669 1922 1724 Sed
1963 1683 2074 1724 cum

2213 1685 2371 1757 »ωνῆς
2404 1684 2601 1739 αύτῶν.
2642 1683 2857 1753 Ἐπειδὴ
2909 1682 2982 1754 μὴ
3016 1683 3217 1746 πάντες
3245 1677 3345 1735 οἷοί
3391 1681 3451 1734 τέ
3484 1683 3589 1733 εἰσι
3635 1680 3780 1732 κατὰ

509 1784 615 1824 non
646 1783 836 1822 omnes
879 1765 1097 1820 valeant
1129 1765 1268 1819 tubae
1304 1778 1433 1818 voce
1461 1802 1477 1827 ,
1525 1777 1679 1833 aeque
1709 1778 1773 1816 ac
1814 1762 2038 1830 apostoli
2068 1802 2076 1825 ,

2213 1779 2313 1841 τοὺς
2336 1777 2667 1841 ἀποστόλους
2703 1778 2760 1828 ὲν
2789 1778 2939 1845 φωνῇ
2974 1775 3271 1844 σάλπιγγος
3302 1776 3490 1845 ὑμνεῖν
3515 1773 3605 1825 τὸν
3622 1770 3780 1834 Θεὸν,

511 1858 678 1913 Deum
731 1857 995 1920 laudare.
1054 1854 1438 1909 condescendit
1491 1868 1672 1907 sermo
1736 1852 2078 1919 Psalmistm,

2216 1868 2612 1936 ωγκαταϐαἱνει
2654 1867 2681 1917 6
2725 1865 2882 1934 λόγος
2933 1865 3026 1918 καὶ
3090 1862 3523 1935 παρακελεύεται
3574 1862 3783 1932 ἑτέροις

510 1950 839 2015 mandatque
877 1945 999 2001 aliis
1036 1946 1250 2013 quidem
1299 1945 1374 1998 uti
1416 1943 1673 2019 psalterio
1708 1953 1800 1996 aut
1835 1943 2077 2009 cithara,

2218 1934 2294 2011 ei:
2324 1956 2632 2028 ψαλτηρίῳ,
2668 1956 2878 2027 ἑτέροις
2914 1955 2969 2008 δὲ
3016 1934 3237 2026 κιθάρᾳ,
3282 1955 3375 2007 καὶ
3517 1951 3703 2013 ἄλλοις
3727 1951 3785 2003 ὲν

510 2037 633 2092 aliis
661 2044 916 2106 tympano
942 2074 958 2099 ,
986 2035 1109 2090 aliis
1147 2035 1264 2104 ipso
1295 2049 1461 2104 opere
1497 2043 1551 2090 et
1576 2036 1819 2103 corporis
1851 2032 2077 2100 actibus1

2219 2048 2493 2120 ὐμπάνοις
2656 2049 2768 2109 τοῖς
2813 2046 2911 2116 μὲν
2945 2045 3011 2097 δι’
3039 2044 3215 2116 ἔργων
3237 2082 3252 2106 ,
3284 2042 3380 2096 καὶ
3425 2040 3513 2094 διὰ
3546 2039 3656 2092 τῶν
3686 2036 3786 2092 τοῦ

509 2135 813 2204 animaeque
866 2132 1166 2202 composito
1220 2137 1274 2183 et
1333 2128 1651 2183 harmonico
1717 2137 1863 2181 motu
1921 2129 2076 2182 Deutr

2223 2140 2443 2212 ώματος
2471 2139 2739 2210 πράξεων,
2772 2141 2884 2201 τοῖς
2931 2137 2987 2190 δὲ
3023 2137 3088 2189 δι’
3123 2135 3293 2205 αὐτῆς
3337 2133 3516 2203 ψυχῆς
3638 2130 3790 2201 κινή·

511 2225 807 2302 laudare...
835 2224 1039 2292 Spiritu
1073 2220 1480 2276 inhabitante...
1501 2234 1622 2275 cum
1649 2219 1847 2273 dixerit
1877 2237 1889 2273 :
1915 2217 2078 2272 Orabc

2216 2249 2334 2295 πεως
2362 2230 2652 2303 εὐρύθμως
2703 2229 2797 2283 καὶ
2828 2227 3163 2300 ὲναρμονῑως
3325 2223 3418 2277 τοῦ
3460 2221 3783 2292 ῐΙνεύματος

514 2317 727 2385 spiritu;
765 2317 926 2369 orabo
963 2325 1010 2369 et
1038 2324 1204 2368 mente
1225 2313 1298 2373 9⁸.
1329 2310 1447 2366 Jam
1469 2327 1590 2366 cum
1620 2310 1721 2365 tria
1765 2310 1875 2389 sint
1908 2311 1961 2365 in
2000 2326 2081 2364 no-

2224 2319 2288 2373 οῦ
2322 2318 2703 2382 κατοικοῦντος
2843 2320 2929 2370 ἐπ’
2979 2319 3045 2370 ἂν
3082 2316 3238 2389 λέγῃο
3278 2312 3650 2386 Προσεύξομαι
3711 2310 3791 2380 τῷ

514 2404 669 2463 his...
701 2420 904 2463 sermo.

2225 2402 2492 2478 πνεύματι,
2514 2406 2879 2478 προσεύξομαι
2904 2406 2959 2459 δὲ
2985 2406 3080 2458 καὶ
3117 2405 3195 2476 τῷ
3218 2405 3319 2457 νοῒ·
3343 2403 3509 2474 τριῶν
3532 2402 3587 2454 δὲ
3616 2401 3792 2455 όντων

2196 2496 2390 2550 τῶν-ὲν
2415 2499 2548 2568 ἡμῖν
2675 2513 2710 2566 η
2741 2497 2770 2547 6
2794 2495 2968 2564 λόγος.

713 2585 883 2644 Vens.
912 2588 963 2644 Ι.
992 2586 1235 2643 Laudate
1262 2585 1425 2641 Deum
1449 2584 1504 2639 in
1528 2583 1725 2638 sanctis
1756 2583 1892 2651 ejus.

2433 2587 2662 2641 Αἰνεῖτε
2698 2587 2848 2639 Θεὸν
2874 2586 2943 2638 ἐν
2966 2584 3088 2649 τοῖς
3113 2584 3302 2653 ἁγίοις
3334 2570 3539 2636 αὑτοῦ.

591 2678 785 2746 Aquila
845 2676 1065 2747 quidem
1108 2677 1165 2730 in
1211 2673 1541 2742 sanctiﬁcata
1572 2671 1687 2741 ejus
1722 2670 1891 2734 dicit;
1939 2668 2099 2740 Sym-

2283 2678 2340 2732 Ὀ
2371 2678 2470 2750 μέν
2494 2695 2578 2731 τοι
2619 2677 2849 2741 Ἀκύλας
2887 2678 2957 2731 ἐν
2981 2675 3326 2747 ἡγιασμένῳ
3351 2672 3539 2727 αὑτοῦ
3571 2687 3734 2741 φησι·
3769 2675 3796 2725 6

517 2768 746 2825 machus
788 2777 966 2823 autem
998 2769 1053 2821 in
1092 2775 1272 2820 sancto
1317 2762 1451 2833 ejus.
1491 2759 1734 2815 Laudato
1772 2774 1890 2814 eum
1919 2760 1975 2813 in
2004 2757 2084 2827 lir-

2233 2771 2256 2822 ὲ
2289 2769 2359 2822 Σύ
2368 2786 2602 2841 μμαχος.
2643 2764 2712 2822 ἐκ
2741 2768 2821 2833 τῷ
2848 2767 2993 2837 ἁγίῳ
3018 2767 3225 2822 αὑτοῦ.
3251 2765 3478 2820 Αἰνεῖτε
3508 2762 3707 2816 αὐτὸν
3729 2763 3800 2815 ἐν

518 2870 783 2915 momento
870 2856 1078 2913 virtutis
1130 2856 1267 2925 ejus.
1326 2852 1772 2909 Firmamentum
1836 2852 2085 2908 ctelorunt

2231 2859 2559 2928 ’τερεώματι
2585 2858 2893 2948 δυηάμεως
2915 2857 3120 2911 αὑτοῦ.
3149 2855 3257 2908 Καὶ
3290 2855 3362 2926 μή
3397 2870 3524 2919 ποτε
3556 2851 3667 2906 τῶν
3701 2851 3798 2905 ού-

519 2963 631 3005 nou
678 2948 813 3005 dicit
836 2989 853 3014 ,
887 2961 1063 3018 neque
1093 2945 1325 3016 alicujus
1353 2944 1455 2999 loci
1483 2956 1649 3013 supra
1694 2942 1796 2998 hos
1829 2942 2086 2998 altissimi.

2241 2949 2383 3003 ανῶν
2435 2950 2528 3003 καὶ
2558 2942 2838 3015 τῶνύπὲρ
2871 2946 3091 3011 τούτους
3129 2945 3387 3016 ύψίστων·
3418 2943 3602 3015 ἕτερός
3641 2943 3804 2996 ἐστιν

519 3037 677 3094 Alius
724 3046 809 3094 est
856 3044 1079 3092 sanctus
1109 3034 1204 3091 Dei
1231 3073 1248 3100 ,
1285 3048 1447 3104 quem
1480 3033 1960 3103 perhorrescentes
1991 3031 2086 3086 dae.

2235 3058 2361 3109 ιγιος
2387 3039 2482 3094 τοῦ
2514 3038 2673 3103 Θεοῦ,
2700 3038 2760 3092 ὃν
2787 3037 3227 3107 καταπλαγέντες
3270 3035 3365 3089 καὶ
3394 3034 3643 3105 δαίμονες
3682 3033 3802 3086 ἔλε-

520 3143 714 3185 mones
735 3129 954 3184 aiebant
980 3144 996 3182 :
1026 3127 1232 3184 Scimus
1260 3136 1309 3181 te
1336 3126 1454 3195 quis
1476 3127 1548 3181 sis
1575 3135 1790 3180 sanctus
1816 3123 1914 3178 Dei
1932 3125 2011 3189 ”;
2035 3138 2087 3178 ac

2235 3147 2318 3183 ον·
2347 3128 2606 3199 Οἴδαμεν
2642 3143 2716 3183 σε
2747 3129 2841 3193 τίς
2871 3127 2927 3182 ετ
2960 3130 2994 3181 ό
3017 3126 3186 3197 ἅγιος
3216 3124 3324 3180 τοῦ
3363 3124 3530 3180 Θεοῦ’
3563 3124 3622 3177 ὲν
3753 3125 3802 3176 oi

521 3232 683 3287 quem
714 3217 804 3286 qui
838 3216 1225 3294 pervenerint,
1271 3229 1569 3284 congruum
1603 3205 1840 3284 perfecte
1882 3213 2088 3284 religio-

2236 3222 2504 3293 ἐνόμενοι,
2548 3220 2640 3273 τὸν
2685 3221 2962 3289 πρέποντα
3003 3221 3113 3282 τοῖς
3145 3217 3328 3290 ἄκρως
3356 3214 3803 3285 τετελειωμένοις

521 3309 602 3363 sis
641 3309 904 3380 hymnum
932 3306 1188 3362 attollere
1226 3316 1498 3377 poterunt.
1536 3306 1674 3373 Quid
1695 3306 1838 3361 enim
1870 3306 2088 3361 beatius.

2247 3332 2374 3385 μνον
2408 3311 2723 3383 ἀναπέμψαι
2765 3312 3101 3383 δυνήσονται.
3148 3310 3212 3363 Tl
3240 3310 3349 3381 γὰρ
3377 3304 3805 3379 μακαριώτερον

524 3413 686 3466 quam
723 3398 773 3454 ei
795 3413 914 3454 esse
941 3398 1280 3468 copulatum,
1317 3403 1371 3452 et
1404 3410 1503 3467 per
1525 3396 1675 3450 illum
1705 3394 1898 3449 Patri?
1929 3394 2091 3461 Quan-

2241 3404 2498 3468 νωθέντος
2524 3403 2691 3472 αὐτῷ,
2724 3402 2817 3456 καὶ
2846 3403 2913 3455 δι’
2938 3403 3105 3455 αὑτοῦ
3132 3402 3208 3472 τῷ
3234 3400 3407 3472 Πατρί
3423 3417 3436 3464 ;
3472 3397 3593 3470 Χρὴ
3616 3396 3685 3451 δὲ
3710 3395 3808 3453 καὶ

524 3503 687 3557 quam
715 3497 964 3558 oportet,
991 3502 1092 3543 nos
1131 3488 1198 3542 ad
1227 3488 1516 3558 prophetas
1558 3500 1774 3555 quoque
1806 3495 1861 3541 et
1887 3497 2104 3556 aposto-
2208 3499 2286 3560 εἰς
2328 3497 2454 3559 τοὺς
2510 3496 2793 3566 προφήτας
2843 3494 2937 3548 καὶ
2985 3493 3318 3555 ἀποστόλους
3361 3491 3454 3545 καὶ
3510 3489 3811 3561 μάρτυρας

526 3578 608 3635 los
658 3590 1037 3659 martyresque
1083 3580 1476 3649 respicientes,
1530 3577 1753 3633 laudare
1790 3580 2093 3632 earumdem

2247 3585 2547 3657 φορῶντας,
2577 3587 2835 3656 ἀνυμνεῖν
2881 3584 3061 3638 αὐτῶν
3106 3585 3196 3638 τὸν
3231 3583 3385 3647 Θεὸν,
3422 3570 3511 3634 τὸν
3537 3579 3810 3653 τοιαύτην

529 3666 696 3722 Deum
723 3706 738 3731 ,
786 3668 878 3738 qui
924 3668 1086 3723 talem
1135 3668 1446 3723 hominibus
1484 3668 1829 3738 egregiorum
1863 3667 2096 3722 virorum

2052 3682 2103 3721 m
2210 3675 2515 3748 ἀνθρώποις
2544 3676 2762 3745 ἀγαθῶν
2793 3676 3001 3748 ἀνδρῶν
3032 3674 3202 3747 φορὰν
3235 3672 3615 3747 χαρισάμενον.

528 3760 742 3828 copiam
782 3760 1072 3815 concessit.

620 3847 785 3903 Vsus.
809 3848 865 3902 2.
902 3843 1141 3907 Laudat:
1168 3865 1285 3903 eum
1312 3849 1599 3921 secundum
1634 3849 2021 3902 multitudinem

2242 3852 2439 3907 κινεῖτε
2475 3853 2659 3907 αὐτὸν
2683 3853 2831 3908 κατὰ
2858 3853 2922 3905 τὸ
2956 3853 3191 3920 πλῆθος
3224 3851 3332 3921 τῆς
3352 3853 3809 3921 μεγαλωσύνης

1045 3919 1424 3989 magnitudinis
1449 3920 1586 3987 ejus.

1541 3934 1586 3972 8-
2902 3919 3108 3977 αὐτοῦ.

602 4006 953 4080 Unaquaeque
997 4011 1144 4071 enim
1180 4009 1299 4079 ejus
1330 4009 1534 4065 creatio
1560 4008 1847 4079 plurimam
1879 4009 2108 4078 hymno-

2288 4015 2556 4067 Ἔκαστον
2588 4014 2693 4086 γὰρ
2726 4015 2891 4067 αὐτοῦ
2919 4012 3303 4086 δημιούργημα
3341 4011 3510 4064 δεῖται
3537 4012 3814 4082 πλείστης

527 4099 727 4171 logiam
755 4102 987 4171 requirit
1019 4122 1032 4156 :
1071 4102 1460 4174 magnitudinis
1489 4104 1637 4158 enim
1668 4102 1787 4172 ejus
1824 4099 2004 4154 nullus
2026 4110 2094 4155 εει

2253 4106 2554 4176 μνολογίας·
2603 4106 2703 4177 τῆς
2751 4106 2859 4176 γὰρ
2903 4104 3291 4177 μεγαλωσύνης
3339 4102 3500 4158 αὐτοῦ
3548 4103 3655 4156 οὐκ
3691 4106 3816 4157 ἔστι

530 4193 799 4248 terminus
830 4195 870 4248 ί.
901 4193 1073 4249 Porro
1103 4194 1249 4249 haud
1293 4194 1525 4259 suadet,
1569 4202 1626 4247 ut
1652 4207 1834 4262 parem
1864 4193 1983 4263 ejus
2018 4192 2097 4246 di-

2251 4197 2403 4267 :épaq'
2438 4197 2497 4249 οὐ
2531 4196 2676 4265 λέγει
2722 4197 2777 4249 δὲ
2820 4196 3147 4268 ἀντίρροπον
3174 4196 3357 4258 αὐτοῖς
3388 4193 3683 4248 ἀποδοῦναι
3719 4196 3818 4250 τὸν

530 4283 723 4352 gnitati
778 4285 1037 4355 hymnum
1068 4284 1312 4340 dicamus
1340 4327 1355 4351 ,
1406 4285 1551 4354 quod
1581 4284 1698 4338 lieri
1743 4285 1929 4353 nequit
1958 4299 1973 4347 ;
2009 4284 2097 4338 sed

2252 4303 2402 4357 μνον·
2438 4286 2695 4340 ἀδύνατον
2727 4288 2852 4358 γάρ·
2882 4287 3016 4341 ἀλλὰ
3040 4287 3102 4340 τὸ
3128 4285 3269 4340 κατὰ
3304 4285 3528 4357 δύναμιν
3556 4287 3814 4349 ἀπαιτεῖ,

533 4374 766 4442 postulat
793 4385 846 4427 ut
879 4389 979 4443 pro
1006 4375 1232 4445 viribus,
1252 4374 1639 4444 magnitudinis
1666 4372 1784 4442 eius
1812 4373 2100 4428 multitudi-

2052 4373 2108 4427 Ii-
2215 4375 2527 4439 ἐννοοῦντας
2556 4377 2618 4429 τὸ
2647 4377 2848 4447 πλῆθος
2888 4377 2987 4448 τῆς
3017 4376 3405 4448 μεγαλωσύνης
3432 4376 3619 4430 αὐτοῦ.

535 4478 655 4517 nem
689 4473 1035 4534 reputantes,
1070 4466 1121 4519 id
1148 4480 1394 4533 agamus.
1483 4478 1494 4488 '

535 4595 2948 4624 um

2952 4600 3821 4628 rm

1024 4770 1504 4861 EUSEBII
1587 4768 2301 4857 FRAGMENTA
2382 4770 2504 4857 IN
2583 4765 3320 4861 PROVERBIA.

1612 4914 1746 4999 (Mat,
1770 4934 2061 4986 Bibliotheca
2083 4948 2203 4984 nova
2232 4937 2456 4995 Patrum,
2482 4936 2564 4996 ιν,
2593 4938 2725 4999 516.)
2756 4972 2759 4979 .

3708 5066 3737 5087 ο

605 5245 659 5299 7.
720 5241 1040 5313 Impleamus
1113 5243 1294 5293 domos
1321 5247 1529 5293 nostras
1586 5239 1790 5316 spoliis.
1872 5240 2172 5304 Eusebii.[

2291 5241 2352 5304 ξ’.
2396 5240 2743 5309 ⁸Πλήσιομεν
2786 5239 2855 5291 δὲ
2890 5240 3099 5302 οἴκους
3156 5237 3481 5307 ἡμετέρους
3525 5240 3813 5301 ,σκύλων

538 5334 787 5404 Spoliant
846 5331 1110 5386 daemonia
1158 5329 1279 5382 illos
1320 5344 1457 5398 quos
1520 5329 1749 5384 vicerint
1797 5346 1810 5380 :
1859 5330 2105 5383 auferunt

2256 5329 2502 5382 ζύσεὸίου.
2539 5328 2895 5411 Σκυλεύουσιν
2920 5327 3013 5390 οὓς
3041 5328 3264 5382 νικῶσιν
3289 5331 3337 5382 οἱ
3360 5329 3633 5397 δαίμονες,
3668 5331 3823 5402 λαμ-

537 5424 748 5479 scilicet
791 5423 856 5476 ah
886 5421 1018 5490 ipsis
1054 5418 1148 5473 Dei
1186 5427 1542 5486 armaturam,
1579 5420 1631 5473 id
1657 5431 1742 5475 cst
1784 5418 2013 5489 galeam,
2046 5420 2104 5474 lo

2261 5421 2477 5483 άνοντες
2516 5420 2610 5473 ἀπ’
2645 5419 2823 5472 αὐτῶν
2852 5421 2952 5490 τὴν
2981 5421 3074 5474 τοῦ
3102 5420 3237 5475 Θεοῦ
3271 5420 3592 5486 πανοπλίαν,
3639 5423 3827 5493 {nom

607 5537 652 5569 "'
680 5532 822 5588 Psai.
854 5547 1010 5596 svnt,
1050 5530 1104 5585 5.
1183 5531 1229 5563 "
1256 5532 1271 5585 Ι
1305 5529 1430 5584 Cor.
1465 5545 1579 5594 xlv,
1628 5530 1714 5585 i5.
1791 5530 1837 5560 9’
1867 5529 2033 5584 Marc.
2063 5545 2101 5594 l,
2141 5528 2245 5594 2i;
2283 5529 2420 5585 Luc.
2452 5545 2530 5595 tv,
2558 5530 2648 5587 3i.
2738 5533 2752 5563 ¹
2783 5529 2931 5585 Psal.
2961 5548 3140 5598 cxuv,
3164 5524 3221 5589 '5.

537 5629 791 5683 tinniens.
829 5645 847 5678 s
882 5624 1305 5696 Ilymnigqnoque
1333 5625 1709 5696 pronuntiandi
1743 5636 1883 5690 sunt,
1918 5626 1984 5678 de
2006 5626 2121 5694 qui-
2226 5624 2365 5677 Bene
2393 5640 2521 5696 pero
2545 5641 2740 5680 sonans
2770 5626 3069 5695 cymbalum
3112 5627 3237 5680 dicit
3265 5624 3559 5681 Psalmista
3588 5641 3839 5684 suam

540 5700 637 5752 bus
678 5699 873 5750 dictum
893 5693 1031 5766 est:
1066 5693 1322 5748 Narratio
1354 5695 1595 5766 7Itomt'nis
1618 5696 1882 5766 religiosi,
1918 5693 2121 5762 semper
2223 5693 2650 5766 ntodulatarnque
2671 5693 2864 5761 vocent,
2891 5712 3143 5766 quanam
3177 5697 3318 5751 clare
3348 5697 3608 5764 exprimit,
3649 5714 3838 5765 quam

541 5769 789 5838 sapiens._
816 5785 833 5816 ι
871 5765 943 5820 0s
967 5765 1102 5835 justi
1142 5765 1484 5838 meditabitur
1515 5761 1825 5838 sapientiam
1853 5803 1866 5824 ,
1891 5761 2118 5838 retre—
2223 5762 2381 5838 etiam
2436 5761 2769 5838 iubilationis
2815 5761 3111 5836 cymbalum
3167 5761 3444 5838 appellavit
3545 5761 3840 5825 εἰσίοι-ἱρή

539 5831 708 5903 liqua.
744 5835 860 5891 Hoc
882 5831 979 5902 est;
1013 5835 1485 5904 mentc,lingua,ct
1515 5848 1603 5887 ore
1628 5831 1795 5887 Deum
1823 5832 2107 5887 celebrare.
2217 5832 2411 5891 Imtnno
2450 5833 2717 5891 idoneum.
