3968 6498
292 398 355 453 ῃ
1196 395 1711 452 COMMENTARIA
1751 398 1815 451 lN
1857 399 2115 460 lSAlAM.
2160 436 2223 445 —
2257 363 2658 460 romano.
3474 417 3543 468 73

292 521 479 581 ricam,
511 526 563 572 et
605 516 839 585 gladium
881 518 1122 587 spiritus.
1184 512 1319 573 Sunt
1352 529 1530 574 autem
1565 522 1841 575 daemonio

1962 526 2058 596 τὴν
2115 529 2541 599 περικεφαλαίαν
2575 530 2671 583 καὶ
2724 528 2949 600 θώρακα
3003 533 3094 585 καὶ
3139 533 3236 602 τὴν
3271 532 3545 605 μάχαιραν

290 624 399 661 rum
428 607 641 671 dooms,
675 606 1040 663 maleficorum
1069 609 1347 663 hominum
1383 612 1851 681 congregationes,

278 714 416 769 quas
462 699 624 753 etiam
678 700 904 769 implere
962 699 1161 754 vellent
1205 701 1432 771 spoliis,
1478 702 1530 756 id
1571 712 1656 757 est
1702 705 1857 758 bonis

282 790 581 859 quaajustis
609 791 870 860 eripiunt.
910 792 1073 861 Atqui
1108 792 1381 861 quomodo
1411 793 1583 861 spolia
1615 793 1857 862 appellas

282 897 363 945 ea,
394 897 515 949 qua:
548 882 839 937 ltaud'belli
866 882 993 951 jure
1022 883 1237 953 cepisti,
1280 883 1373 937 sed
1416 884 1529 938 sola
1568 884 1856 953 iniquitate

282 972 421 1026 male
459 973 553 1026 tibi
587 980 739 1041 parta
770 972 933 1027 sunt?

349 1062 400 1115 8.
427 1062 495 1115 Et
520 1075 756 1134 torquent
782 1081 999 1118 aureum
1033 1064 1170 1116 circa
1198 1064 1389 1117 collum
1413 1073 1579 1118 tuum.
1610 1064 1850 1119 Eusebii.

282 1152 447 1207 Sicuti
484 1168 643 1222 caput
672 1165 725 1208 et
763 1155 960 1208 collum
993 1155 1250 1233 denotant
1278 1166 1535 1220 mentem,
1578 1157 1648 1209 ita
1682 1155 1849 1209 etiam

278 1246 484 1314 torquis
519 1256 578 1300 et
619 1260 817 1300 corona
852 1247 1155 1302 scientiam.

1956 618 2049 671 τοῦ
2097 620 2431 689 πνεύματος’
2487 616 2623 673 οἴκοι
2672 620 2726 673 δὲ
2767 621 2945 675 αὐτῶν
2984 623 3171 675 αἰτῶν
3220 625 3542 695 κακούργων

1957 712 2263 783 ἐκκλησίαι,
2301 712 2364 777 ἃς
2394 714 2486 767 καὶ
2516 713 2791 785 ἐμπλῆσαι
2818 713 3110 784 βούλωνται
3147 715 3378 782 σκύλων,
3422 718 3540 787 ἦτοι

1957 806 2185 875 καρπῶν
2230 799 2303 860 ὧν
2334 808 2397 859 ἐκ
2426 807 2533 859 τῶν
2560 807 2781 860 δικαίων
2811 808 3115 879 ἁρπάζουσι
3134 825 3148 840 ο
3197 808 3314 872 πῶς
3360 808 3416 861 δὲ
3447 810 3540 861 καὶ

1959 894 2129 949 σκῦλα
2160 897 2580 966 προσαγορεύεις
2606 898 2675 950 τὰ
2707 897 2780 969 μὴ
2797 881 3046 969 ’πολέμου
3074 899 3221 969 νόμῳ
3244 898 3536 969 ληφθέντα,

1956 989 2069 1042 ἀλλ’
2087 991 2147 1042 ὲκ
2173 989 2384 1060 γυμνῆς
2403 989 2504 1058 τῆς
2532 990 2743 1051 ἀδικίας
2770 989 2954 1052 κακῶς
2989 1007 3069 1041 σοι
3105 990 3535 1061 περιγενόμενα;

2026 1088 2094 1152 η’.
2126 1081 2240 1135 Καὶ
2270 1079 2480 1134 κλοιὸν
2514 1082 2777 1148 χρύσεον
2806 1081 2937 1147 περὶ
2976 1080 3055 1144 τῷ
3092 1081 3393 1149 τραχήλῳ.
3430 1080 3537 1133 Εὑ-

1956 1174 2159 1228 σεϐίον.
2198 1174 2409 1243 ’Ὥσπερ
2444 1172 2499 1225 δὲ
2526 1172 2735 1242 κεφαλὴ
2752 1173 2857 1224 ’καὶ
2888 1170 3157 1242 τράχηλος
3178 1172 3266 1224 τὸν
3291 1170 3414 1226 νοῦν
3437 1172 3537 1244 δη-

1956 1264 2154 1329 λοῦσιν,
2189 1265 2331 1318 οὕτω
2354 1264 2446 1317 καὶ
2466 1264 2641 1325 κλοιὸς
2670 1265 2763 1316 καὶ
2792 1262 3054 1332 στέφανος
3081 1262 3181 1332 τὴν
3209 1262 3429 1329 γνῶσιν.

289 1394 3393 1427 W

1354 1558 2445 1729 ΕΥΣΕΒΙΟΥ

1449 1832 1677 1917 ΤΟΥ
1752 1826 2350 1917 ΠΑΜΦΙΛΟΥ

527 2022 1754 2159 ΥΠΟΜΝΗΜΑΤΑ
1828 2029 2087 2153 ΕΙΣ
2163 2026 2509 2157 ΤΟΝ
2589 2024 3255 2158 ΗΣΑΙΑΝ.

1012 2413 1772 2570 EUSEBII
1864 2411 2792 2571 PAMPHILI

856 2702 1913 2817 COMMENTARIA
2004 2704 2152 2814 IN
2233 2704 2908 2816 HESAIAM.

1304 2923 1673 2985 (Momnvcox,
1703 2919 1929 2973 Collectio
1952 2934 2072 2971 nova
2102 2924 2323 2983 Patrum,
2352 2928 2384 2971 t.
2416 2925 2499 2985 ll.)

1553 3224 2236 3318 PRIEFATIO.

328 3420 440 3476 Mn
476 3420 535 3476 in
564 3420 744 3474 animo
774 3428 915 3483 erat,
947 3432 1067 3472 cum
1113 3420 1178 3472 ab
1222 3416 1373 3471 initio
1405 3417 1545 3471 hanc
1581 3416 1847 3487 συλλογὴν
1877 3424 1919 3479 Β
1950 3415 2145 3470 decimi
2180 3414 2385 3481 saeculi,
2422 3415 2511 3470 ubi
2548 3415 2927 3485 Expositioncs
2950 3416 3168 3471 Eusebii
3195 3426 3248 3473 et
3281 3418 3529 3484 aliorum,

256 3527 474 3582 operum
534 3511 746 3582 publico
774 3510 1177 3565 destinabamus
1205 3508 1344 3574 usui,
1380 3508 1595 3564 Eusebii
1643 3510 1694 3562 in
1739 3507 1844 3563 Hc-

260 3603 421 3657 saiam
472 3602 556 3673 (1)
599 3601 1017 3657 Commentariis
1063 3615 1280 3655 manum
1326 3601 1613 3654 admovere
1664 3618 1678 3653 :
1722 3614 1845 3653 nam

261 3707 373 3746 cum
400 3695 575 3747 codex
605 3691 662 3746 S.
693 3689 916 3745 Taurini
962 3689 1312 3744 Ebroicensis
1354 3689 1626 3744 sexdecim
1670 3688 1845 3741 solum

259 3783 460 3840 'llesaia:
514 3785 699 3852 capita
744 3798 873 3838 cum
923 3782 1331 3837 commentariis
1363 3779 1715 3835 circumferat
1747 3789 1846 3845 ;ut

264 3875 458 3943 reliqua
486 3874 700 3929 sarcire
727 3889 1008 3943 possemus
1026 3914 1044 3935 .
1073 3873 1409 3927 diuturniore
1436 3887 1601 3940 opera
1629 3881 1683 3926 et
1722 3887 1845 3943 per-

258 3964 550 4029 quisitione
572 3978 708 4032 opus
734 3963 848 4019 fore
881 3964 1224 4031 putabamus.
1256 3960 1456 4017 Verum
1493 3962 1582 4017 ubi
1617 3962 1681 4017 ad
1709 3978 1841 4032 ope-

266 4055 332 4107 ris
361 4055 816 4110 restaurationem
858 4056 1090 4124 amplam
1134 4054 1183 4107 in
1220 4054 1497 4109 codicibus
1540 4055 1719 4124 Regiis
1752 4070 1842 4111 se-

259 4156 421 4213 getem
474 4145 662 4200 oﬂ'erri
727 4146 881 4199 nobis
932 4145 1444 4210 animadvertimus,
1478 4160 1572 4215 spe
1605 4163 1667 4200 ac
1693 4146 1843 4216 cupi-

266 4235 380 4289 dine
404 4236 536 4290 moti
567 4237 704 4290 bene
736 4236 983 4306 gerendae
1023 4237 1120 4297 rei,
1162 4250 1262 4290 nec
1296 4235 1536 4290 deterriti
1583 4237 1841 4291 horumce

257 4326 501 4381 codicum
536 4327 883 4396 legendorum
923 4326 1263 4390 dillicultate,
1292 4328 1716 4380 commentarios
1745 4327 1842 4380 de-

262 4424 421 4474 mum,
454 4420 518 4465 ut
544 4410 774 4465 facultas
828 4411 969 4477 tulit,
1019 4413 1295 4476 eruimus,
1341 4421 1396 4466 et
1430 4412 1480 4464 in
1511 4420 1837 4479 postremam

261 4498 475 4567 hujusce
517 4502 647 4555 tomi
687 4513 929 4571 partem,
962 4503 1106 4570 quod
1158 4502 1263 4556 alio
1308 4510 1435 4555 tunc
1478 4517 1581 4555 non
1615 4501 1835 4566 liceret,

260 4592 622 4660 conjiciendos
653 4592 927 4647 duximus.
975 4591 1175 4646 Verum
1211 4602 1321 4646 tum
1373 4593 1475 4646 bac
1509 4593 1573 4646 de
1612 4607 1693 4657 re,
1725 4602 1834 4645 tum

260 4681 741 4738 decommentario
773 4686 912 4753 ipso,
959 4701 1056 4755 pro
1100 4698 1249 4739 more
1294 4690 1478 4738 nostro
1516 4683 1733 4752 prmfari
1768 4698 1834 4736 ne

256 4789 469 4841 gravem
479 4792 564 4829 ur.

1005 4889 1102 4957 ει.

194 5036 207 5055 .
262 4975 331 5030 De
354 4980 620 5033 codicibus
660 4980 797 5033 unde
837 4980 1095 5102 profatu!
1120 4978 1328 5032 Eusebii
1360 4977 1749 5031 Commentnria
1780 4977 1834 5029 in

556 5098 561 5102 .
959 5065 1175 5102 esatam.

959 5065 1175 5102 esatam.

324 5139 524 5208 Utjam
555 5142 735 5196 dicere
777 5142 1189 5210 occupavimus,
1230 5140 1399 5194 codex
1446 5137 1789 5193 Ebroicensis
1816 5176 1831 5201 ,

259 5228 376 5283 olim
415 5232 709 5286 cardinalis
740 5232 1005 5294 Perronii,
1032 5247 1190 5300 quem
1234 5230 1320 5284 ille
1351 5230 1402 5282 in
1436 5230 1586 5283 Italia
1625 5244 1689 5283 ex
1738 5243 1832 5282 vc-

261 5322 410 5377 tustis
460 5323 738 5377 codicibus
770 5322 1005 5377 exscribi
1060 5322 1307 5384 curavit,
1349 5325 1490 5377 inter
1538 5321 1640 5375 alia
1697 5324 1833 5374 bene

263 5410 415 5463 multa
446 5412 908 5466 Comntentarium
940 5411 1153 5465 Eusebii
1189 5410 1241 5465 in
1280 5411 1522 5464 Psalmos
1546 5450 1559 5474 ,
1584 5418 1638 5464 et
1667 5410 1834 5463 Euse-

261 5498 326 5551 bii
358 5502 595 5570 ejusdem
625 5502 966 5557 in‘llesaiam
1007 5504 1277 5557 sexdecim
1312 5504 1488 5571 capita
1525 5501 1833 5571 complecti-

262 5599 363 5644 tur.
390 5594 472 5648 Ad
501 5595 614 5650 lucc
640 5610 766 5649 vero
795 5610 862 5649 ex
893 5596 1078 5650 codice
1105 5595 1274 5665 Regio
1309 5610 1457 5648 num.
1503 5593 1666 5657 2458,
1700 5596 1830 5648 duo-

1952 3524 2056 3563 non
2092 3509 2337 3578 cxcerpti
2372 3518 2425 3563 et
2446 3509 2751 3578 compendii
2781 3524 2950 3575 more,
2992 3512 3084 3566 sed
3126 3510 3262 3575 fuse,
3295 3523 3451 3582 prout
3479 3515 3531 3567 in

1949 3599 2082 3669 ipsis
2133 3600 2446 3654 auctoribus
2480 3600 2800 3665 exstabant,
2843 3611 3210 3669 assumuntur,
3248 3603 3533 3659 Commen-

1949 3690 2118 3744 tarios
2150 3704 2178 3743 a
2215 3690 2472 3746 vicesimo
2516 3699 2714 3745 octavo
2744 3692 2919 3760 capite
2963 3694 3025 3749 ad
3059 3695 3534 3763 quadragesimum

1946 3782 2180 3851 primum
2225 3783 2456 3837 mutuati
2502 3798 2714 3837 sumus.
2765 3783 2995 3854 Reliqua
3042 3801 3174 3841 vero
3214 3802 3281 3840 ex
3316 3787 3535 3843 Catenis

1944 3873 2131 3943 Regiis
2163 3874 2550 3944 manuscriptis
2590 3874 2879 3939 sarcimus,
2912 3891 3065 3931 num.
3115 3877 3274 3944 1891,
3312 3877 3452 3933 1892
3479 3887 3535 3934 οι

1944 3965 2104 4031 2457,
2141 3980 2367 4035 quarum
2414 3968 2590 4036 prima
2641 3975 2695 4021 et
2730 3975 3025 4035 postrema,
3079 3968 3534 4034 membranaceaa.

1945 4056 2140 4110 decimi
2174 4057 2358 4111 saeculi
2384 4066 2530 4111 sunt.
2554 4057 2629 4111 Ea
2660 4072 2790 4111 vero
2812 4071 2931 4126 quae
2956 4057 3095 4111 1892
3129 4067 3362 4125 notatur,
3377 4060 3536 4114 bom-

1944 4147 2160 4217 bycina,
2200 4149 2508 4203 duodecimi
2541 4149 2758 4214 saeculi,
2791 4164 2854 4202 ac
2910 4148 3068 4219 longe
3124 4139 3363 4206 melioris
3393 4161 3533 4206 nota!

1942 4246 1996 4291 et
2027 4238 2151 4291 ﬁdei
2190 4246 2271 4293 est
2323 4252 2484 4307 quam
2523 4238 2664 4291 alite.
2708 4236 2776 4293 Ut
2812 4248 2990 4293 autem
3044 4254 3110 4293 ex
3160 4240 3380 4306 eorum,
3412 4257 3533 4311 qua:

1942 4328 2151 4398 integra
2180 4337 2493 4397 supersunt,
2521 4331 2931 4399 comparatione
2980 4330 3242 4399 liquidum
3283 4342 3387 4395 est,
3414 4333 3532 4389 hac

1940 4427 2129 4471 catena
2156 4419 2442 4473 admodum
2472 4435 2645 4489 pauca
2700 4422 2921 4489 omittit,
2951 4422 3342 4491 explicationes
3396 4423 3532 4479 intc-

1937 4520 2061 4576 gras
2090 4505 2268 4572 aﬂert,
2302 4508 2628 4578 Eusebiique
2666 4510 2971 4565 oralionem
2994 4551 3009 4576 ,
3042 4526 3140 4566 nec
3171 4511 3388 4567 brevius
3420 4529 3521 4568 nec

1938 4610 2093 4650 secus
2119 4599 2396 4666 exprimit.
2428 4599 2594 4667 Hujus
2621 4600 2746 4654 item
2781 4601 2854 4654 rei
2895 4610 3267 4670 argumentum
3297 4617 3363 4657 ex
3394 4602 3519 4657 Πίου

1939 4688 2148 4755 ronymi
2182 4688 2233 4742 in
2268 4688 2517 4744 Hesaiam
2535 4689 2951 4745 Commentariis
2976 4692 3206 4747 eruitur.
3244 4691 3374 4746 Nam
3394 4709 3518 4749 cum

1860 4759 1905 4815 (ἶ
1945 4779 2305 4849 Hieronymus
2336 4781 2549 4835 Eusebii
2577 4782 3052 4850 interpretationes
3076 4800 3180 4839 non
3215 4784 3527 4853 infrequen-

1947 4876 2027 4919 ter
2060 4868 2125 4920 ad
2158 4871 2380 4923 verbum
2414 4885 2551 4939 pene
2583 4871 2894 4935 transferat,
2920 4873 3048 4927 hinc
3081 4872 3390 4942 conjectura
3422 4886 3524 4935 est.

1945 4958 2130 5024 plenas
2164 4959 2281 5014 illas
2314 4960 2657 5033 integrasque
2683 4962 2733 5015 in
2762 4962 2965 5018 Catena
2995 4963 3198 5029 aﬂ‘erri,
3229 4964 3416 5033 quales
3447 4967 3530 5019 ni-

1944 5050 2139 5103 mirum
2169 5051 2531 5124 Hieronymus
2568 5068 2634 5108 ex
2667 5054 3089 5111 Commentariis
3125 5064 3380 5109 verterat.

2015 5140 2231 5196 Monere
2284 5159 2349 5196 ne
2389 5145 2567 5212 pigeat
2622 5147 2866 5201 codicem
2904 5145 3277 5201 Colbertinum
3337 5162 3530 5199 nume-

1943 5246 2002 5285 ro
2028 5231 2190 5296 2596,
2228 5233 2355 5288 olim
2399 5233 2746 5291 Bibliotheca:
2788 5237 3045 5296 Thuanae,
3085 5234 3297 5291 initium
3356 5237 3525 5291 Com-

1944 5324 2337 5377 mentariorum
2390 5325 2678 5389 Basiliiin
2732 5327 3004 5390 Ilesaiam,
3038 5327 3253 5395 Eusebii
3303 5332 3547 5383 nomine

1942 5413 2293 5471 circumferre
2332 5419 2432 5471 hoc
2468 5421 2659 5487 modo,
2688 5419 2947 5472 Εὑσεὸίου
2980 5420 3073 5473 τοῦ
3112 5422 3399 5496 ῌαμφίλου
3431 5425 3523 5494 ἑρ-

1944 5508 2140 5577 μηνεία
2175 5511 2252 5571 εἰς
2280 5510 2371 5562 τὸν
2407 5514 2694 5582 προφήτην
2733 5513 2961 5564 Ἡσαΐαν
2983 5513 3141 5583 λόγος
3163 5515 3231 5567 α’.
3263 5515 3394 5589 ‘lnit.
3421 5517 3526 5569 E5-

1942 5596 2099 5659 ξασοε
2131 5599 2205 5669 μὴ
2227 5602 2475 5668 γενέσθαι
2495 5603 2594 5672 τὴν
2628 5604 2801 5674 φυγὴν
2823 5602 2993 5658 ὑμῶν.
3019 5604 3219 5665 Deinde
3240 5620 3366 5662 vero
3388 5607 3522 5675 liil‘t‘,

330 5707 404 5787 (1)
438 5707 685 5764 Hesaiam
725 5727 831 5765 non
883 5690 1082 5765 Isaiam
1126 5712 1434 5776 scribimus,
1466 5726 1652 5767 vocem
1681 5711 1922 5766 Graecam
1995 5716 2219 5778 Ἡσαΐας
2282 5717 2592 5787 sequentes,
2661 5721 2760 5774 etsi
2834 5719 3093 5776 Hebraicc
3120 5726 3293 5784 ηπνων
3316 5715 3525 5774 188ᾱίηὲ

263 5778 541 5832 scribatur.
