3968 6548
441 436 512 492 '19
1115 391 1383 485 EliSEBll
1424 429 1899 488 C/ESAlllENSlS
1938 431 2087 486 ()PP.
2130 431 2318 488 PARS
2356 430 2444 488 ΙΙΙ.
2487 463 2553 472 --
2595 432 3008 490 EXEGETICA.
3648 439 3716 495 80

443 568 564 624 quae
621 551 762 623 apud
795 549 1051 606 Basilium
1103 563 1208 602 una
1250 543 1392 603 serie
1440 549 1710 620 leguntur,
1750 567 1870 606 cum
1929 552 2028 605 hoc
2062 558 2103 612 Α
2139 565 2262 604 oros
2290 550 2551 620 legerem,
2580 553 2722 606 aliud
2755 562 2922 606 ηιυιιο
2967 533 3166 621 reperi,
3197 565 3359 622 quam
3399 554 3580 611 indice
3605 571 3728 624 pro-

441 643 600 700 titulo
633 650 866 710 exstant,
885 641 1141 704 ὑπόθεσις
1171 640 1454 699 Εὑσεὸίου.
1473 642 1597 697 luit.
1644 644 1861 714 Ἐπειδὴ
1885 644 2026 698 κατὰ

442 736 670 810 χρόνους
701 735 923 804 γέγονεν
954 735 982 787 ὁ
1028 735 1336 805 προφήτης.
1369 733 1499 790 Post
1532 735 1647 790 haec
1681 735 2027 789 Commenta-

442 828 558 882 rius
590 825 876 880 inchoatur
900 825 985 879 his
1017 824 1198 878 verbis
1236 841 1248 877 :
1295 824 1526 897 Ὀρασις
1572 832 1643 880 α’.
1681 826 1914 897 Ὄρασις
1959 825 2026 895 ἣν

437 914 576 971 εἶδεν
611 917 870 981 Ἡσαΐας,
922 927 1028 971 etc.
1073 915 1193 970 luit.
1243 919 1364 972 Τῶν
1406 919 1538 990 παρ’
1587 919 1717 988 ἡμῖν
1766 918 2026 988 αἰσθητη-

443 1010 570 1082 ρίων
602 1008 664 1061 τὸ
691 1009 1110 1080 ἐναργέστατον.
1145 1008 1332 1063 L'trtnn
1365 1017 1545 1063 autem
1589 1010 1701 1064 haec
1735 1007 2026 1063 Commen-

440 1103 576 1156 taria
614 1101 794 1155 Basilii
831 1100 938 1154 sint
978 1115 1184 1165 necne,
1225 1115 1330 1155 non
1388 1095 1529 1155 satis
1574 1100 1832 1154 convenit
1885 1099 2025 1152 inter

437 1196 750 1261 Scriptores.
774 1193 844 1246 At
872 1192 906 1246 ii
943 1193 1103 1245 etiam
1134 1191 1223 1260 qui
1258 1191 1446 1247 Basilii
1491 1206 1612 1247 esse
1659 1201 2018 1262 propugnant,

439 1282 654 1336 initium
700 1279 828 1335 illud
885 1280 1219 1350 prmlationis
1268 1295 1417 1336 more
1456 1282 1796 1350 pra'tnissutn
1824 1321 1838 1342 ,
1873 1296 2020 1334 assu-

438 1383 675 1429 meutum
724 1374 992 1443 quoddam
1025 1387 1145 1429 esse
1195 1373 1436 1428 fatentur
1471 1391 1484 1427 :
1514 1373 1652 1442 quod
1707 1387 1806 1425 nec
1838 1371 2020 1425 Basilii

434 1465 527 1529 sil,
547 1479 646 1520 nec
671 1463 1075 1519 Commentario
1101 1466 1153 1519 in
1188 1465 1436 1519 llesaiam
1469 1465 1776 1525 conveniat,
1800 1472 1852 1517 et
1873 1461 2018 1516 aliud

435 1571 658 1624 prorsus
681 1566 824 1627 agat.
859 1557 971 1627 Ego
995 1573 1124 1613 vero
1149 1556 1381 1611 Eusebio
1411 1555 1582 1610 multo
1603 1555 1782 1608 minus
1817 1554 2017 1608 ascribi

435 1661 592 1716 posse
618 1654 765 1717 puto,
791 1655 902 1701 tum
928 1648 996 1702 ob
1023 1648 1147 1718 styli
1169 1645 1590 1716 discrepantiam
1614 1644 1773 1715 plane
1800 1644 2019 1714 COﬂSjtl-

433 1753 611 1803 cnam,
633 1747 744 1792 tum
769 1739 894 1807 quia
921 1738 1313 1807 subsequentes
1339 1737 1747 1801 Commentarii,
1780 1736 1871 1806 qui
1898 1751 2018 1805 per-

433 1829 560 1883 inde
593 1829 808 1884 Eusebii
834 1829 1051 1884 nomine
1075 1829 1264 1883 eodem
1298 1828 1351 1882 in
1378 1828 1565 1882 codice
1591 1826 2014 1896 subiunguntur,

2134 644 2401 697 mittebat.
2436 643 2755 713 Ubicun’que
2788 644 2934 698 enim
2987 658 3111 699 cum
3166 645 3391 699 historia
3433 646 3719 711 defecerit,

2134 732 2328 785 transit
2368 733 2433 785 ad
2463 732 2797 802 allegoriam,
2833 740 2889 787 et
2920 732 2993 788 ita
3035 742 3287 804 separata
3322 735 3620 800 consociat,
3657 748 3719 790 ut

2134 820 2302 874 mirer
2348 836 2469 875 eum
2517 837 2654 877 nova
2703 824 2971 878 sermonis
3000 823 3205 879 fabrica
3243 827 3295 880 in
3333 842 3494 880 unum
3524 844 3722 896 corpus

2130 910 2358 978 lapidem
2391 912 2703 982 ferrumque
2725 914 3080 985 conjungere.
3121 915 3232 972 lloc
3281 919 3517 972 breviter
3538 921 3725 974 admo-

2128 1004 2244 1066 nui,
2275 1019 2344 1058 ne
2373 1005 2492 1074 quis
2521 1019 2620 1058 nos
2665 1008 2813 1074 putc't
2857 1023 2923 1061 ex
2969 1008 3111 1062 illius
3159 1011 3401 1064 fontibus
3448 1022 3724 1066 ntuluasse

2128 1107 2249 1159 quae
2273 1093 2540 1158 dicimus;
2577 1109 2700 1147 nam
2725 1105 2779 1148 et
2805 1095 2856 1148 in
2880 1099 3133 1164 pra-senti
3167 1101 3406 1168 capitulo
3437 1101 3721 1155 adversum

2124 1180 2340 1237 Judteos
2374 1193 2428 1238 et
2472 1184 2901 1254 Hierosolymam
2945 1188 3076 1242 dicit
3120 1189 3458 1258 prophetiam
3512 1192 3666 1260 dirigi
3705 1209 3720 1245 :

2125 1278 2266 1344 quod
2300 1278 2351 1330 in
2407 1279 2672 1348 principio
2731 1281 2851 1334 ﬁdei
2897 1280 3226 1336 Christianae
3257 1286 3333 1336 ad
3364 1293 3500 1338 totas
3533 1296 3722 1353 gentes

2124 1368 2380 1436 epistolas
2414 1371 2681 1437 miserint,
2713 1387 2778 1426 ne
2802 1372 3147 1441 susciperent
3169 1376 3470 1444 passionem
3491 1377 3716 1441 Christi,

2123 1468 2175 1514 et
2222 1459 2468 1514 miserint
2503 1477 2674 1530 usque
2722 1465 2789 1518 ad
2851 1465 3188 1534 IEthiopiam
3223 1477 3277 1520 et
3317 1469 3716 1523 occidentalem

2124 1551 2360 1619 plagam,
2389 1559 2666 1621 totumque
2704 1554 2892 1608 orbem
2945 1556 3104 1625 hujus
3149 1556 3495 1625 blasphemiae
3546 1559 3721 1612 disse-

2123 1641 2420 1696 minatioue
2469 1643 2888 1711 contpleverint.
2927 1665 2945 1696 ›
2979 1646 3148 1712 Quam
3205 1647 3714 1715 interpretationem

2122 1731 2186 1783 ad
2219 1732 2467 1786 eumdem
2515 1732 2694 1787 locum
2750 1735 2993 1802 pluribus
3037 1737 3381 1805 prosequitur
3414 1738 3715 1801 Eusebius,

2121 1831 2176 1874 ut
2205 1823 2400 1890 cuique
2437 1822 2620 1876 videre
2662 1821 2838 1877 liceat.
2877 1823 3028 1890 Quod
3059 1841 3219 1894 porro
3247 1826 3322 1878 ait
3353 1824 3718 1896 lliermuymus

432 1919 629 1976 diversi
672 1936 893 1990 prorsus
924 1936 952 1973 α
991 1919 1414 1974 Commentariis
1455 1919 1671 1974 Eusebii
1719 1928 1864 1973 sunt.
1902 1918 2011 1974 Cu-
2043 1901 2085 1959 Β
2117 1913 2405 1968 Eusebium
2433 1915 2594 1969 modo
2620 1915 2901 1970 litteralem
2922 1927 2976 1970 et
3020 1917 3362 1981 historicum,
3396 1921 3552 1973 modo
3578 1921 3716 1976 alle-

426 2007 516 2075 jus
552 2022 716 2078 porro
745 2008 818 2064 sit
848 2018 1219 2064 assumeutum
1255 2008 1563 2078 huiusmodi
1596 2022 1703 2062 non
1727 2009 1862 2062 satis
1887 2022 2012 2078 per-

428 2109 693 2166 spectum.
729 2098 997 2154 Caeterum
1053 2098 1309 2161 ὑπόθεσις
1336 2099 1445 2164 illa,
1483 2098 1638 2167 cuius
1667 2099 1877 2152 initium
1906 2107 2010 2164 est,

439 2189 657 2263 Ἐπειδὴ
690 2192 832 2244 κατὰ
864 2191 1121 2263 χρόνους,
1153 2201 1210 2245 ut
1250 2206 1412 2261 supra
1453 2191 1717 2255 diximus,
1748 2193 1813 2245 ad
1849 2191 2013 2246 Com-

427 2283 752 2338 mentarium
789 2283 936 2336 illum
965 2284 1054 2354 qui
1082 2282 1261 2337 Basilii
1292 2283 1514 2337 nomine
1545 2282 1852 2353 insignitur,
1871 2283 2010 2337 haud

427 2374 590 2431 dubie
636 2376 868 2445 pertinet
909 2393 923 2429 :
969 2391 1089 2430 nam
1135 2375 1189 2429 in
1244 2375 1429 2430 codice
1475 2373 1642 2445 Regio
1687 2375 2012 2450 bombycino

425 2467 731 2522 duodecimi
784 2467 990 2532 saeculi,
1027 2468 1080 2521 in
1128 2465 1306 2523 fronte
1351 2466 1764 2536 Expositionum
1812 2466 1865 2520 in
1904 2466 2010 2520 lle-

423 2560 596 2614 aaiam
628 2559 810 2614 Basilii
843 2559 1059 2614 nomine
1085 2558 1453 2629 praemittitur.
1475 2558 1605 2624 Qua:
1635 2567 1812 2612 autem
1842 2559 2009 2629 hypo-

425 2650 561 2706 tbesi
594 2659 858 2720 prmeunt,
883 2637 1059 2705 aliena
1087 2659 1141 2704 et
1172 2649 1445 2718 adjectitia
1474 2663 1596 2704 esse
1628 2649 1904 2704 videntur.

1151 2740 1273 2811 δη.

429 2828 474 2886 l.
517 2829 836 2886 Testimonia
879 2841 1102 2896 veterum
1138 2833 1203 2884 de
1256 2830 1470 2885 Eusebii
1515 2830 1924 2886 Commentariis
1959 2833 2011 2884 in

506 2897 782 2954 Hesaiam.
822 2900 888 2953 ll.
931 2900 1007 2954 De
1050 2916 1234 2970 genere
1278 2901 1681 2968 interpretandi.
1730 2900 1816 2955 Ill.
1857 2901 2012 2954 Nihil

493 2970 641 3040 dubii
700 2970 833 3038 περὶ
869 2970 1288 3039 τνησιότητος.
1337 2970 1422 3025 IV.
1459 2971 1575 3034 Quo
1629 2981 1856 3040 tempore
1898 2973 2009 3025 lucc

493 3037 887 3092 Commentario
923 3040 1142 3092 ediderit
1180 3040 1459 3094 Eusebius.

482 3131 522 3181 Ι.
547 3132 852 3182 Testimttnia
888 3134 1136 3241 veteremH
1154 3130 1454 3204 deﬁusebii
1495 3131 1872 3182 Commentariis
1895 3131 1945 3178 in

1143 3205 1341 3241 esatam.

1143 3205 1341 3241 esatam.

493 3277 853 3347 Hieronymus
877 3275 971 3330 lib.
1001 3275 1074 3328 De
1095 3276 1439 3344 scriptoribus
1467 3275 1834 3329 ecclesiasticis
1871 3275 2012 3328 inter

421 3360 527 3418 alia
558 3361 772 3417 Eusebii
796 3363 1101 3433 opera,hoc
1121 3364 1244 3418 item
1271 3375 1536 3422 recenset.
1558 3363 1625 3416 Et
1652 3365 1705 3418 in
1736 3363 2007 3428 Ilesaiam,

422 3455 627 3525 inquit,
659 3455 820 3508 libros
865 3456 1061 3508 decem.
1101 3455 1154 3508 ln
1211 3455 1431 3523 prologo
1471 3465 1649 3510 autem
1689 3457 1740 3510 in
1779 3455 2006 3526 Exposi-

422 3542 622 3597 tionem
655 3540 882 3608 llesaiae,
907 3543 985 3598 sic
1009 3543 1169 3597 habet
1197 3563 1208 3596 :
1233 3542 1490 3598 Eusebius
1513 3561 1716 3616 quoque
1745 3544 2009 3613 Pamphili

413 3633 574 3701 juxta
600 3632 900 3687 historicum
923 3633 1345 3704 explanationem
1383 3635 1680 3706 quindecim
1719 3636 1882 3690 edidit
1918 3651 2006 3688 vo-

420 3723 646 3780 lumina.
687 3725 755 3779 At
787 3724 1180 3798 llieronymmn
1230 3727 1344 3782 sive
1384 3727 1553 3784 libros
1584 3728 1698 3784 sive
1737 3728 2007 3784 volumina

419 3824 706 3880 memoret,
736 3815 968 3884 idipsum
997 3816 1304 3885 signiﬁcare
1339 3819 1544 3890 liquet;
1580 3834 1704 3872 nam
1732 3819 1784 3873 in
1815 3819 2002 3874 eodem

421 3904 648 3974 prologo
687 3905 752 3961 de
787 3905 1020 3977 Origene
1059 3909 1185 3963 talia
1223 3910 1368 3965 tatur
1414 3929 1428 3965 :
1481 3909 1738 3979 Origenes
1784 3911 2002 3978 triginta

418 3996 708 4065 volumina,
736 4014 763 4052 e
798 4000 985 4069 quibus
1024 4002 1299 4057 vicesimus
1329 4013 1509 4056 sextus
1551 4002 1681 4056 liber
1724 4019 1827 4056 non
1859 4004 2001 4056 inre-

419 4087 566 4143 nitur
591 4103 609 4150 ;
637 4088 779 4143 unde
813 4089 981 4160 igitur
1010 4093 1172 4146 modo
1216 4091 1424 4157 decem,
1475 4091 1636 4146 modo
1663 4091 1999 4162 quindecim,

416 4178 634 4235 Eusebii
677 4181 866 4248 libros,
899 4199 992 4239 seu
1030 4183 1300 4238 volumina
1327 4191 1544 4237 exstare
1569 4182 1703 4236 dicit
1731 4183 1754 4237 ?
1785 4183 1840 4236 ld
1870 4198 2002 4238 sane

416 4268 502 4324 vel
541 4272 931 4342 exemplarium
963 4273 1244 4339 varietati;
1277 4287 1459 4342 parem
1494 4272 1693 4342 quippe
1721 4273 1773 4326 in
1810 4271 1999 4326 Histo-

418 4361 496 4414 ria
520 4365 872 4417 ecctesiastica
897 4364 1168 4433 ejusdem,
1189 4363 1595 4417 distinctionum
1629 4363 1998 4417 diversitatem

413 4450 912 4521 deprehendimus;
962 4455 1043 4509 vel
1089 4453 1500 4509 amanuensium
1552 4454 1684 4510 vitio
1731 4457 1991 4511 ascribas.

2115 2006 2353 2075 goricatn
2379 2008 2746 2061 narrationem
2777 2007 3082 2074 instituere,
3110 2009 3360 2062 omnibus
3377 2009 3550 2077 palam
3583 2011 3710 2077 erit,

2115 2098 2157 2150 si
2189 2097 2268 2150 vel
2302 2097 2633 2167 primoribus
2661 2098 2876 2166 quidem
2931 2099 3097 2152 labris
3144 2102 3241 2153 bos
3269 2099 3715 2154 Commentarios

2115 2187 2416 2257 attigerint.
2473 2186 2627 2253 Quod
2676 2196 2857 2241 autem
2913 2189 3048 2242 dicit
3083 2204 3141 2243 se
3201 2204 3307 2242 non
3367 2204 3432 2243 ex
3467 2190 3712 2243 “Eusebii

2117 2279 2353 2333 fontibus
2388 2280 2656 2343 hausisse,
2690 2278 2755 2332 de
2807 2287 2918 2332 toto
2968 2279 3370 2334 Commentario
3418 2281 3710 2348 intelligas.

2115 2369 2219 2425 Tot
2245 2372 2390 2425 enim
2417 2381 2674 2443 tantaque
2707 2374 2905 2428 ibidem
2936 2381 3153 2425 enarrat
3183 2371 3563 2443 Hieronymus,
3589 2389 3712 2442 quae

2116 2461 2377 2517 Eusebius
2420 2478 2486 2518 ne
2517 2478 2674 2518 nosse
2702 2463 2916 2532 quidem
2941 2502 2956 2527 ,
2988 2464 3181 2517 nedum
3218 2477 3478 2518 enarrare
3511 2464 3711 2531 potuit,

2117 2561 2175 2605 ut
2232 2552 2577 2622 periniquum
2654 2561 2796 2606 esset
2851 2550 3256 2623 Hieronymiani
3307 2550 3706 2606 Commentarii

2115 2643 2341 2713 gloriam
2377 2643 2430 2697 in
2464 2641 2759 2697 Eusebium
2809 2642 3084 2696 conferre.
3137 2642 3391 2696 Attamen
3431 2641 3522 2697 ille
3568 2645 3711 2697 bene

2118 2735 2281 2790 multa
2319 2752 2384 2789 ex
2428 2737 2578 2791 hisce
2607 2736 3030 2791 Commentariis
3073 2737 3390 2807 expiscatus
3433 2747 3536 2802 est,
3570 2753 3710 2808 quo-

2117 2843 2234 2880 rum
2265 2828 2541 2883 minimam
2572 2841 2778 2899 partem
2812 2844 2912 2884 nos
2937 2829 3102 2883 variis
3126 2829 3178 2882 in
3210 2828 3342 2882 locis
3373 2824 3711 2892 notavimus.~

2114 2920 2380 2978 Caeterum
2435 2923 2538 2979 hac
2587 2923 2841 2977 cautione
2896 2922 3022 2992 jure
3085 2921 3256 2974 utitur
3291 2919 3705 2988 Hieronymus:

2115 3013 2240 3080 quia
2277 3029 2400 3067 cum
2440 3029 2699 3069 censores
2751 3013 2902 3068 multi
2944 3013 3124 3068 invido
3154 3013 3311 3068 oculo
3351 3013 3467 3082 ejus
3501 3013 3705 3082 scripta

2118 3104 2411 3158 lustrarent
2435 3145 2448 3168 ,
2476 3104 2781 3174 perieulum
2817 3109 2937 3158 erat
2982 3119 3048 3158 ne
3087 3105 3258 3174 ipsum
3287 3106 3448 3175 plagii
3481 3106 3706 3164 nomine

2120 3193 2504 3258 incesserent;
2553 3194 2646 3249 sed
2704 3193 2836 3249 illud
2885 3194 3078 3261 injuria
3116 3194 3317 3248 factum
3367 3202 3704 3250 essetnam

2115 3283 2360 3353 quantuli
2392 3283 2550 3353 pretii
2587 3292 2715 3338 sunt
2753 3298 2819 3340 ea
2858 3299 2978 3352 quae
3020 3298 3088 3338 ex
3139 3276 3392 3340 Eusebio'
3418 3286 3700 3351 delibavit,

2113 3372 2157 3426 si
2196 3381 2578 3440 comparentur
2608 3387 2728 3426 cum
2761 3373 2860 3438 iis,
2891 3386 3012 3441 quae
3047 3374 3107 3428 S.
3153 3373 3352 3427 Doctor
3384 3375 3596 3428 erudite
3632 3373 3709 3431 d9

2113 3463 2380 3518 llebraieo
2417 3473 2565 3518 textu
2607 3477 2671 3518 ac
2707 3463 2774 3518 de
2816 3464 3049 3518 lectione
3095 3464 3325 3534 vulgata:
3357 3465 3556 3536 passim
3591 3463 3708 3519 dis-

2112 3555 2301 3610 seruit.
2333 3553 2444 3610 Nec
2485 3555 2580 3611 abs
2625 3571 2684 3611 re
2723 3555 2860 3610 forte
2897 3555 3045 3610 dicas
3097 3556 3385 3610 Eusebium
3419 3566 3473 3610 et
3509 3555 3708 3611 lliero-

2113 3663 2333 3717 nymum
2374 3649 2561 3703 eadem
2590 3648 2704 3720 ipsa
2730 3663 2796 3703 ex
2831 3647 3083 3719 Origenis
3113 3648 3534 3722 Commentariis
3560 3652 3704 3706 hau-

2111 3754 2264 3797 SlSSB.

2182 3831 2234 3882 lu
2265 3830 2723 3886 Praeliminaribus
2757 3832 2820 3886 ad
2854 3830 3104 3900 Procopii
3139 3830 3606 3904 Comntentarium
3640 3833 3699 3888 in

2111 3921 2361 3978 llesaium
2393 3934 2614 3978 curante
2641 3924 2798 3977 Petro
2823 3923 3074 3977 Curterio
3103 3924 3330 3988 editum,
3367 3925 3482 3978 tunc
3505 3924 3701 3992 legun-

2108 4025 2196 4068 tur
2221 4031 2284 4069 ex
2310 4015 2493 4069 codice
2517 4014 2708 4068 lleuati
2729 4014 2982 4068 lllarchali
3015 4033 3026 4068 :
3055 4013 3380 4085 Μετελήφθη
3409 4016 3438 4067 ὁ
3466 4015 3700 4079 Ἡσαΐας

2106 4102 2212 4154 ἀπὸ
2244 4102 2576 4173 ἀντιγράφου
2614 4102 2704 4154 τοῦ
2753 4103 2897 4155 ἀδεᾶ
2933 4101 3336 4166 Ἀπολλιναρίου
3377 4103 3471 4156 τοῦ
3516 4121 3698 4157 κοινο-

2106 4188 2502 4264 6ιάρχου,ὲνῷ
2558 4193 2947 4247 καθυπόκειται
2987 4194 3247 4248 ταῦτα....
3307 4193 3636 4266 Metequan
3667 4195 3698 4247 ὁ

2117 4289 2342 4354 Ἡσαΐας
2382 4292 2444 4342 ὲκ
2495 4289 2599 4344 τῶν
2649 4289 2789 4343 κατὰ
2813 4291 2909 4355 τὰς
2943 4291 3183 4354 ἐκδόσεις
3223 4289 3518 4354 Ἐξαπλῶν,
3563 4290 3698 4342 ἀντ-

2103 4382 2304 4452 εϐλήοη
2346 4381 2400 4434 δὲ
2429 4382 2521 4434 καὶ
2559 4382 2694 4452 πρὸς
2723 4381 3379 4452 ἓτερονἙξαπλοῦν,ἕχον
3403 4382 3500 4451 τὴν
3518 4396 3698 4451 παραε-

2103 4475 2400 4544 σημείωσιν
2443 4473 2738 4544 ταύτην....
2805 4474 3151 4547 Διώρθωνται
3213 4467 3454 4544 ἀκριϐῶς
3520 4475 3696 4526 πᾶσαι

413 4539 680 4595 Γάριοτιιιιι
708 4543 821 4598 haec
851 4559 942 4598 seu
991 4543 1350 4609 voluminum,
1377 4557 1470 4598 seu
1501 4543 1763 4599 librorum
1795 4545 1994 4599 distin-

2114 4566 2155 4616 ιὶ
2220 4564 2483 4627 ἐκδόσεις·
2529 4563 2940 4636 ἀντεϐλήοησαν
2997 4563 3104 4632 γὰρ
3158 4564 3292 4633 πρὸς
3353 4561 3696 4633 τετραπλοῦν

414 4634 651 4703 rtiojam
689 4637 777 4690 diu
810 4637 988 4705 periit,
1021 4638 1247 4707 ejusque
1274 4652 1340 4692 ne
1378 4637 1660 4708 vestigium
1692 4639 1906 4708 quidem
1941 4640 1991 4692 in

411 4726 694 4782 codicibus
728 4729 1011 4797 reperitur.
1471 4798 1476 4800 _

487 4818 628 4871 Idem
664 4819 1022 4889 llierouymus
1053 4820 1102 4872 in
1150 4820 1371 4889 prologo
1403 4822 1468 4873 ad
1500 4821 1694 4875 librum
1733 4837 1763 4873 v
1791 4821 1846 4874 in
1887 4820 1988 4874 lle-

409 4909 581 4964 saiam
605 4910 719 4964 haec
751 4911 908 4964 habet
937 4929 947 4962 :
988 4929 1006 4959 ‹
1054 4911 1193 4976 Quid
1245 4911 1405 4981 igitur
1434 4910 1671 4965 faciant?
1701 4913 1994 4966 subeamne

410 5012 568 5070 Opus,
603 5001 655 5053 in
687 5015 793 5069 quo
820 5000 1170 5054 eruditissimi
1203 5001 1303 5054 viri
1333 5001 1684 5064 sudaverunt,
1708 5000 1994 5072 Origeuem

410 5089 602 5158 loquor
629 5099 684 5144 et
716 5090 1004 5144 Eusebium
1042 5090 1340 5161 Pamphili.
1369 5107 1601 5162 quorum
1635 5091 1774 5146 alter
1813 5093 1996 5147 liberis

411 5179 679 5250 allegoriae
718 5180 906 5248 spatiis
934 5192 1217 5253 evagatur,
1277 5193 1336 5240 et
1368 5183 1739 5252 interpretatis
1773 5184 1997 5238 nomini-

411 5271 512 5324 bus
541 5271 897 5339 singulorum,
928 5274 1204 5344 ingenium
1241 5291 1401 5330 suum
1435 5275 1560 5329 facit
1604 5274 1859 5330 Ecclesiae
1903 5292 1993 5330 sa-

411 5375 688 5417 cramenta
723 5385 733 5419 :
767 5364 905 5420 alter
935 5367 1248 5422 historicum
1279 5367 1668 5436 expositionem
1703 5369 1858 5421 titulo
1910 5383 1995 5421 re-

411 5454 762 5521 promittens.
798 5456 1065 5512 interdum
1117 5457 1452 5512 obliviscitur
1519 5459 1820 5526 propositi,
1855 5467 1906 5512 et
1936 5459 1986 5512 in

409 5537 658 5610 Origenis
693 5543 826 5597 scita
878 5545 1125 5600 concedit
1164 5548 1187 5598 Υ
1227 5565 1244 5595 ι
1289 5544 1405 5600 Sub
1440 5547 1553 5601 hate
1604 5557 1784 5600 autem
1835 5548 1990 5601 initio

409 5632 605 5701 capitis
627 5632 1050 5703 decimi'octavi,
1101 5637 1170 5690 ita
1204 5636 1446 5705 loquitur
1476 5657 1488 5691 :
1530 5657 1546 5689 ι
1580 5638 1840 5694 Eusebius
1873 5639 1986 5693 Cae-

412 5724 670 5779 sariensis
715 5726 1025 5781 historicam
1069 5729 1563 5796 interpretationem
1605 5730 1760 5784 titulo
1806 5745 1989 5798 repro-

412 5814 652 5881 mittens,
684 5818 907 5874 diversis
939 5821 1185 5875 sensibus
1239 5828 1536 5890 evagatur;
1574 5819 1725 5888 cuius
1770 5835 1891 5874 cum
1929 5820 1990 5874 li-

2111 4655 2355 4707 Ἡσαΐαν·
2377 4654 2455 4707 ἔτι
2479 4654 2534 4707 δὲ
2566 4654 2657 4707 καὶ
2682 4655 2817 4726 πρὸς
2834 4654 3146 4720 Ἑξαπλοῦν.
3167 4654 3308 4725 Πρὸς
3336 4653 3566 4715 τούτοις.
3600 4653 3697 4706 καὶ

2099 4743 2207 4795 ἀπὸ
2251 4747 2351 4814 τῆς
2387 4745 2580 4815 ἀρχῆς,
2627 4744 2730 4808 ἕως
2783 4743 2878 4797 τοῦ
2930 4745 3206 4816 ὁράματος
3260 4744 3458 4814 Τύρου,
3507 4743 3695 4812 τὸμων

2100 4831 2440 4903 ἐξηγητικῶν
2494 4837 2572 4896 εἰς
2607 4834 2698 4886 τὸν
2741 4835 2968 4887 Ἡσαΐαν
3006 4835 3332 4905 Ὠριγένους,
3387 4833 3481 4886 καὶ
3533 4833 3697 4904 ἀκρι-

2101 4921 2209 4985 ϐῶς
2269 4924 2664 4999 ἐπιστήσαντες
2713 4928 2778 4995 τῇ
2845 4926 3051 4996 ἐννοίᾳ,
3108 4924 3227 4977 καθ’
3261 4924 3328 4992 ἦν
3385 4923 3694 4994 ἐξηγήσατο

2101 5015 2338 5086 ἑκάστην
2371 5015 2534 5081 λέξιν,
2571 5016 2692 5069 καθ’
2714 5017 2789 5079 ὠς
2817 5011 2929 5070 οἷόν
2969 5035 3026 5069 τε
3068 5012 3156 5088 ἦν,
3186 5017 3278 5069 καὶ
3313 5017 3420 5068 πᾶν
3453 5014 3714 5094 ἀμφίϐο-⁸

2099 5105 2187 5158 λον
2231 5105 2369 5158 κατὰ
2411 5107 2510 5176 τὴν
2545 5107 2753 5160 ἐκείνου
2802 5107 3006 5160 ἔννοιαν
3052 5105 3500 5178 διωρθωσάμεθα.
3543 5105 3692 5176 Πρὸς

2099 5197 2307 5261 τούτοις
2354 5199 2642 5269 συνεκρίθη
2677 5201 2708 5270 ὴ
2757 5201 2864 5252 τῶν
2887 5200 3287 5269 Ἐϐδομήκοιτα
3328 5198 3555 5260 ἕκδοσις,
3594 5197 3689 5249 καὶ

2100 5288 2234 5358 πρὸς
2286 5288 2352 5339 τὰ
2399 5290 2503 5340 ὑπὸ
2545 5290 2803 5342 Εὑσεϐίου
2847 5292 2923 5352 εἰς
2969 5291 3058 5342 τὸν
3100 5291 3326 5343 Ἡσαΐαν
3379 5289 3682 5358 εἰρημένα,

2103 5375 2194 5425 καὶ
2221 5376 2277 5426 ἐν
2314 5372 2393 5438 οἷς
2457 5375 2782 5444 διεφώνουν,
2818 5379 2917 5448 τῆς
2963 5377 3274 5448 ἐξηγήσεως
3329 5378 3426 5450 τὴν
3479 5379 3686 5432 ἔννοιαν

2101 5463 2605 5539 ζητήσαντες,πρὸς
2625 5457 2793 5539 αὐτὴν
2825 5468 3260 5540 ἐδιωροώσαμεν.
3292 5469 3346 5523 ld
3385 5479 3499 5524 est:
3531 5488 3549 5520 ι
3576 5471 3686 5522 Ex-

2099 5558 2332 5625 scriptus
2369 5571 2449 5610 est
2480 5557 2706 5612 llesaias
2741 5563 2808 5613 ab
2833 5561 3125 5629 exemplari
3169 5561 3380 5616 abbatis
3407 5560 3690 5630 Apollinag

2101 5645 2162 5698 rii
2187 5646 2601 5708 ctenobiarcbm,
2631 5647 2681 5700 in
2706 5664 2810 5716 quo
2832 5648 2943 5710 haec
2966 5648 3391 5718 subjiciuntur...
3415 5649 3680 5717 Desuntp~

2098 5747 2220 5804 pttts
2283 5746 2365 5789 est
2417 5736 2638 5791 llesaias
2688 5739 2753 5791 ab
2788 5739 3039 5809 llexaplis
3091 5740 3410 5805 editionum,
3453 5738 3684 5797 collatus;

2097 5830 2272 5874 autem
2297 5832 2387 5876 est
2411 5836 2530 5877 cum
2549 5822 2788 5896 Hexaplo
2807 5827 2930 5895 alio,
2948 5830 2999 5881 in
3025 5843 3130 5896 quo
3159 5828 3258 5883 ista
3281 5829 3680 5886 adnotantur...
