3968 6538
252 437 304 494 8i
529 475 540 481 -
1155 430 1661 487 COMMENTARIA
1701 431 1766 484 lN

1922 432 1986 485 lA
1998 432 2066 487 Μ.
2107 466 2172 474 —
2211 433 2596 490 ΡΗΔΕΕᾺΤΙΟ.
3416 437 3485 490 82

248 559 492 610 Accurate
547 549 818 604 editioncs
857 562 1044 602 onmes
1095 559 1350 603 correcta:
1391 558 1552 614 sunt;
1595 549 1802 604 collata:

1915 549 2263 618 τυγχάνουσιν
2283 566 2294 578 ·
2319 549 2549 603 ἴστωσαν
2572 549 2678 621 γάρ
2696 549 2770 612 ὡς
2795 550 2854 602 ού
2891 549 3046 619 μόνον
3080 549 3344 622 διαφόρως
3367 553 3490 620 ἠνέ-

246 648 372 702 enim
397 643 614 698 fuerunt
639 658 760 697 cum
795 642 1022 710 tctraplo
1049 641 1275 709 llesaiae,
1309 648 1509 696 etcum
1543 641 1800 710 llexaplo.

248 739 429 792 I‘rarler
479 735 624 796 haec,
667 732 734 786 ab
781 732 938 786 initio
977 732 1140 786 etiam
1169 774 1184 797 ,
1230 747 1404 800 usque
1438 731 1505 785 ad
1540 732 1800 786 visionem

249 825 378 894 Tyri,
407 823 718 877 accuratius
753 824 1095 875 emendatum
1143 830 1245 876 est.
1289 821 1422 875 Nam
1467 837 1586 876 cum
1632 829 1805 874 tomo-

247 932 349 971 rutn
383 913 750 982 Expositionis
792 911 1044 978 Origenis
1093 912 1147 966 in
1189 912 1437 966 llesaiam
1467 912 1620 981 copia
1653 911 1805 966 nobis

245 1016 392 1070 esset,
423 1004 616 1058 sedqu
645 1005 990 1057 advertentes
1017 1018 1122 1072 quo
1155 1018 1317 1058 sensu
1347 1003 1589 1073 singulas
1617 1004 1805 1058 dictio-

246 1113 328 1152 nes
354 1096 671 1165 accepisset,
709 1109 806 1164 pro
833 1093 1091 1148 facultate
1116 1093 1379 1164 quidquid
1415 1095 1632 1149 dubiant
1665 1105 1802 1160 erat,

245 1191 303 1243 ad
345 1188 484 1242 illius
531 1187 856 1242 sententiam
887 1185 1249 1241 correximus.
1293 1184 1565 1240 Praeterea
1611 1184 1804 1240 collata

243 1292 315 1336 est
343 1280 503 1333 etiam
541 1277 895 1348 Septuaginta
936 1275 1292 1348 lnterpretum
1330 1277 1517 1344 editio,
1555 1292 1677 1333 cum
1717 1279 1804 1347 iis,

242 1388 346 1442 quae
376 1372 426 1424 in
453 1369 705 1425 llesaiam
742 1369 959 1438 scripsit
985 1368 1249 1423 Eusebius
1277 1377 1364 1424 :et
1385 1369 1439 1423 in
1467 1370 1661 1440 quibus
1688 1381 1804 1427 erat

245 1464 482 1527 varietas,
505 1461 759 1532 indagato
785 1459 1163 1530 explicationis
1183 1474 1368 1525 sensu,
1393 1460 1460 1516 ad
1495 1461 1610 1530 ejus
1646 1462 1803 1518 fidem

241 1554 652 1610 emendavimus.
692 1569 712 1604 ι
759 1549 1058 1621 Procopius
1091 1562 1276 1619 certe,
1306 1556 1398 1624 qui
1452 1569 1518 1608 ex
1562 1562 1804 1609 veterum

242 1643 540 1696 collectione
576 1656 732 1696 suum
764 1641 817 1694 in
857 1641 1104 1696 Hesaiam
1145 1641 1608 1699 Commentariutn
1645 1645 1801 1700 ador-

241 1737 389 1801 navit,
423 1750 492 1789 ex
526 1733 763 1790 Eusebio
809 1734 1012 1802 passim
1042 1735 1209 1790 multa
1247 1735 1506 1807 decerpit,
1544 1739 1704 1794 modo
1739 1737 1807 1792 ad

239 1827 457 1880 litteram
485 1836 541 1880 et
566 1827 788 1880 verbum
812 1825 878 1880 de
900 1826 1066 1881 verbo
1095 1842 1110 1891 ;
1151 1827 1330 1892 modo,
1367 1837 1421 1883 et
1449 1827 1665 1898 quidem
1695 1827 1805 1881 fre-

1910 639 2114 710 χθησαν
2139 642 2195 693 ἐν
2238 643 2349 703 τοῖς
2389 641 2622 710 νοήμασι
2662 639 2761 709 τῆς
2802 639 3156 694 θεοπνεύστου
3194 643 3413 713 Γραφῆς
3443 646 3491 696 οἰ

1908 731 2110 802 ταύτην
2149 731 2572 802 ήρμηνευκότες,
2603 730 2738 785 ἀλλά
2774 730 2830 783 δὲ
2874 731 2968 784 καὶ
3003 732 3140 786 αύτά
3168 732 3236 786 τά
3272 735 3494 804 ῥήματα
3525 791 3530 811 ι

1908 823 2008 893 τῆς
2045 823 2212 893 αὐτῆς
2245 823 2392 886 Θείας
2429 823 2653 894 Γραφῆς
2686 823 2785 876 οὐκ
2821 821 2950 885 ἴσως
2990 821 3368 887 διεστείλαντο,
3399 825 3494 878 καὶ

1909 914 2050 967 οὕτω
2081 914 2177 985 τὴν
2217 915 2511 986 ἑρμηνείαν
2542 915 2836 986 ἐπέθηκαν.
2881 914 2939 967 Ὀ
2986 915 3081 984 μὲν
3117 913 3225 984 γὰρ
3256 914 3494 980 πλείους,

1909 1007 1937 1059 ὁ
1956 1005 2012 1057 δέ
2041 1005 2234 1075 ἥττους
2269 1006 2480 1076 στίχους
2509 1005 2858 1076 προθέμενος,
2881 1005 2979 1076 τὴν
3009 1004 3265 1075 ἐξήγησιν
3306 1005 3496 1076 ἐποιή-

1914 1113 2060 1150 σατο.
2086 1097 2193 1149 Καὶ
2226 1097 2289 1148 ἐκ
2323 1096 2514 1150 τούτου
2542 1098 2789 1151 δοκοῦσιν
2835 1097 2883 1149 oi
2913 1095 3136 1170 ἀριθμοὶ
3159 1098 3271 1160 τοῖς
3322 1113 3494 1165 κεφα-

1911 1185 2081 1249 λαίοις
2126 1188 2488 1259 ἐπικείμενοι,
2517 1188 2885 1259 ἀναχαιτίζειν
2925 1188 2984 1241 τὸ
3014 1187 3205 1256 ἔδαφος
3231 1185 3497 1256 ἀναγινώο

1913 1295 2138 1342 σκοντας
2160 1281 2237 1343 εἰς
2260 1279 2321 1332 τὸ
2356 1280 2541 1351 πρόσω
2576 1280 2798 1350 βαίνειν.
2834 1278 2954 1350 Χρὴ
2991 1274 3082 1332 οὖν
3112 1278 3208 1332 καὶ
3246 1277 3496 1349 δεύτερον

1913 1369 2006 1422 καὶ
2029 1370 2208 1441 τρίτον
2254 1371 2546 1440 κεφάλαον
2577 1369 2671 1424 τοῦ
2711 1370 2938 1440 ἐδάφους
2970 1370 3066 1441 τῆς
3096 1369 3256 1438 ἁγίας
3275 1369 3496 1439 Γραφῆς

1911 1460 2298 1530 ἀναγινώσκειν
2331 1479 2344 1492 ⁸
2374 1464 2467 1516 καὶ
2496 1461 2636 1516 οὕτω
2679 1461 2778 1524 τὰς
2821 1461 3146 1531 ἐγκειμένας
3178 1460 3492 1532 ἑρμηνείας,

1915 1551 1978 1602 ἶν’
2013 1551 2316 1605 εὐσύνοπτοι
2351 1552 2502 1606 ἔσται
2540 1553 2652 1614 τοῖς
2692 1550 3078 1621 ἐντυγχάνουσι
3113 1548 3182 1604 τὰ
3224 1549 3492 1619 νοήματα.

1915 1655 2174 1728 Prologus
2213 1658 2556 1728 eruditissimi
2597 1665 2652 1728 et,
2693 1655 3001 1728 nobilissimi
3041 1654 3241 1728 domini
3266 1652 3493 1708 Joannis

2225 1727 2509 1798 Drtmgarii
2543 1729 2596 1781 in
2637 1727 2846 1781 beatum
2891 1723 3169 1778 Hesaiam.

1989 1862 2008 1895 ι
2038 1843 2432 1914 Prophetarum
2469 1843 2893 1912 eloquentissimi
2927 1841 3096 1897 divini
3128 1841 3494 1897 llesaitelibfo

237 1917 491 1983 σιιιετιιίυεν
526 1915 945 2005 [Ξυδθωί-δθξιεῧ
1003 1915 1354 1983 Ρδυοίοτίυυε
1401 1919 1681 1988 θκρΐῖίηίιο
1709 1917 1816 1973 ve“
1847 1917 1887 1972 Β
1916 1936 2212 2005 prophetia:
2259 1949 2370 2005 pra:
2407 1935 2658 1990 manibus
2707 1943 2954 2004 accepto,
3008 1947 3182 2003 eoque
3231 1931 3489 2000 perlecm,

239 2021 340 2058 rum
383 2005 477 2059 hic
531 2003 787 2074 Procopii
839 2003 1278 2062 Commentarius
1326 2007 1502 2062 media
1560 2007 1678 2063 fere
1729 2009 1812 2063 sui

234 2107 368 2164 parte
399 2104 692 2151 truncatus
731 2097 797 2150 ad
833 2112 930 2152 nos
983 2098 1240 2164 devenit,
1274 2098 1606 2155 lectionibus
1636 2099 1813 2156 llexa-

235 2187 422 2255 piorum
463 2186 719 2255 refertus,
743 2203 972 2259 quarum
1027 2199 1086 2243 ut.
1132 2190 1422 2246 nonnullas
1452 2192 1616 2247 habet
1653 2193 1814 2249 Euse-

235 2276 449 2343 bius,ita
485 2276 777 2348 plerasque
805 2276 984 2344 ali‘ert,
1017 2278 1285 2351 Procopio
1308 2283 1540 2338 intactas
1570 2293 1624 2340 et
1658 2284 1814 2340 inob-

232 2368 796 2435 Servatas.Ca3terum,
840 2368 1062 2425 allatum
1111 2371 1250 2428 istuc
1297 2375 1363 2429 de
1412 2374 1618 2430 Hesaize
1670 2375 1812 2432 libro

235 2456 618 2523 testimonium,
651 2458 828 2528 palam
860 2469 946 2516 est
993 2462 1258 2532 scriptum
1299 2463 1471 2520 fuisse
1521 2475 1808 2536 antequam

232 2542 455 2614 llexapla
500 2546 808 2600 interirent.
853 2546 1009 2615 Quod
1049 2553 1391 2619 quandonam
1435 2553 1722 2619 acciderit,
1756 2556 1808 2609 in

232 2637 536 2692 collectione
568 2635 934 2709 lleXaplorum
975 2642 1285 2711 propediem
1333 2642 1562 2710 edenda,
1591 2645 1809 2717 indaga-

234 2727 398 2782 bimus
430 2729 531 2798 (ε).

294 2819 381 2874 llis
407 2819 683 2888 subjicere
715 2822 890 2878 visum
917 2831 1000 2878 est
1030 2823 1312 2895 prologum
1349 2826 1400 2880 in
1427 2827 1611 2882 codice
1639 2825 1808 2897 Regio

232 2907 544 2980 bombycino
575 2911 792 2965 Catenae
821 2911 874 2966 in
904 2911 1154 2966 llesaiam
1179 2915 1480 2982 praeﬁxum,
1512 2916 1601 2983 qui
1621 2917 1808 2972 lectori

244 3016 333 3055 nec
365 3002 696 3071 injucundus
729 3019 827 3057 nec
854 3003 1224 3060 infructuosus
1255 3007 1379 3060 erit.

231 3140 520 3208 Πρόλογος
546 3139 654 3209 τοῦ
684 3137 1048 3209 λογιωτάτου
1101 3137 1200 3192 καί
1250 3140 1808 3209 πανευγενεστάτου

293 3207 473 3282 xvpoﬁ
517 3207 800 3282 ‘Iwglafrot;
843 3207 952 3277 τῆς
986 3210 1388 3279 Δρουγγαρίας
1429 3207 1544 3282 (sic)
1575 3213 1662 3276 είς
1705 3212 1810 3264 τὸν

292 3279 579 3348 μακάριον
618 3279 882 3334 Ἡσαΐαν.

293 3414 400 3484 Τῆς
434 3429 771 3484 προφητειας
797 3411 893 3466 τοῦ
935 3411 1222 3466 θεσπεσίου
1263 3415 1485 3468 Ἡσαΐου
1513 3415 1606 3468 τοῦ
1641 3433 1809 3486 μεγασ-

227 3503 587 3574 λοφωνοτάτου
613 3506 722 3558 τῶν
749 3505 1044 3578 προφητῶν
1084 3508 1183 3578 τὴν
1216 3507 1399 3578 βίϐλον
1440 3508 1579 3577 μετά
1620 3512 1809 3582 χεῖρας

229 3593 418 3663 λάδὼν,
439 3599 536 3652 καὶ
552 3597 756 3668 ταύτης
771 3594 873 3669 τὴν
889 3598 1194 3667 ἀνάγνωσιν
1217 3602 1607 3672 ποιησάμενος,
1626 3602 1808 3674 καὶμὴ

228 3688 483 3758 εὑρίσκων
519 3691 618 3760 τῆς
651 3677 761 3743 τῶν
790 3690 1192 3760 γεγραμμένων
1228 3675 1466 3755 διανοίας
1501 3693 1805 3761 ἐφικέσθαι,

231 3780 355 3849 πρὸς
387 3782 510 3844 τοὺς
556 3782 763 3854 ταύτην
804 3783 1238 3853 ήρμηνευκότας,
1283 3785 1451 3854 ἤγουν
1480 3785 1809 3856 ὑπομνημα-

230 3869 473 3934 τέσαντας
501 3871 807 3942 ἀνέδραμον
827 3911 841 3936 ,
870 3872 964 3924 καὶ
993 3871 1092 3944 τὴν
1133 3871 1286 3926 λύσιν
1325 3873 1434 3926 τῶν
1463 3872 1808 3945 ζητουμένων

228 3959 506 4032 διφόρως,
540 3963 616 4026 ὡς
654 3957 764 4016 οἷόν
805 3980 886 4027 τε,
929 3961 1125 4034 εὑρὼν,
1164 3965 1461 4032 ἀναγκαῖον
1513 3965 1808 4036 ἡγησάμην

229 4051 347 4120 τῇδε
397 4056 460 4123 τῇ
504 4053 672 4123 βίϐλῳ
730 4053 1107 4124 παραθέσθαι,
1144 4054 1231 4107 ἵνα
1267 4059 1380 4119 τοῖς
1425 4056 1808 4126 ἐντυγχάνουσι

231 4143 518 4214 κατάδηλος
568 4147 601 4217 ή
647 4145 755 4198 τῶν
803 4146 1196 4217 ἀπορουμένων
1248 4151 1512 4219 σαφήνεια
1561 4149 1804 4218 γένηται.

231 4235 424 4312 Μηδεὶς
469 4237 526 4290 δὲ
585 4237 662 4302 ὡς
713 4237 1036 4309 ἑτεροδόξων
1089 4240 1384 4310 ἑρμηνείας
1449 4241 1809 4308 συναγαγόντι

231 4324 534 4391 ἐγκαλείτω’
582 4328 729 4398 φημὶ
772 4327 836 4399 δὴ
892 4328 1218 4399 Ὠριγένους,
1256 4330 1348 4384 καὶ
1403 4329 1663 4382 Εὐσεϐίου
1715 4331 1807 4384 τοῦ

233 4415 575 4489 Καισαρείας,
603 4421 699 4473 καὶ
727 4418 1003 4490 Θεοδώρου
1057 4420 1404 4492 Ἡρακλείας,
1431 4421 1524 4473 καὶ
1545 4422 1806 4474 Εὐσεϐίου

243 4511 484 4584 Ἐμέσης,
511 4516 604 4568 καὶ
639 4514 1044 4585 ’Δπολλιναρίου
1064 4555 1077 4580 ,
1103 4516 1197 4568 καὶ
1225 4514 1554 4586 Θεοδωρίτου
1584 4515 1768 4587 Κύρου
1792 4533 1804 4547 ο

1916 2043 2036 2081 cum
2072 2027 2398 2095 scriptorum
2428 2026 2779 2096 assequendae
2824 2024 2992 2079 menti
3019 2039 3118 2094 par
3159 2037 3268 2079 non
3291 2037 3489 2084 essem,

1904 2108 1982 2174 'ad
2013 2119 2130 2188 ejus
2161 2118 2510 2187 interpretes,
2531 2132 2623 2172 seu
2660 2124 3115 2172 commentatores
3135 2129 3219 2170 me
3253 2114 3490 2177 contuli;

1913 2226 1977 2266 ac
2003 2211 2093 2265 ubi
2126 2209 2417 2265 dubiorum
2443 2206 2767 2263 solutionem
2815 2207 2965 2262 varie
2996 2207 3215 2262 allatam
3242 2208 3491 2262 animad-

1911 2302 2073 2367 verti,
2089 2301 2454 2356 necessarium
2477 2298 2602 2354 duxi
2625 2300 2748 2354 huic
2774 2298 2911 2354 libro
2934 2312 3152 2352 manum
3183 2297 3493 2363 admovere,

1912 2402 1972 2447 ut
2011 2391 2368 2476 quaaoibidem
2396 2388 2627 2445 obscura
2656 2397 2712 2444 et
2743 2388 2920 2444 dubiae
2943 2388 3223 2445 sententia:
3252 2395 3491 2452 exstant,

1911 2479 2068 2550 plana
2100 2477 2405 2548 legentibus
2448 2479 2764 2534 evaderent.
2804 2476 2884 2533 Ne
2914 2479 3036 2547 quis
3064 2489 3194 2531 vero
3221 2477 3351 2531 mihi
3388 2477 3496 2530 eri-

1911 2571 2040 2624 mini
2096 2579 2290 2634 vertat,
2328 2570 2471 2639 quod
2514 2572 2971 2628 heterodoxorum
3017 2569 3494 2639 interpretationes

1910 2661 2505 2734 collegerim,:0rigenis
2523 2664 2668 2728 dico,
2687 2664 2902 2719 Eusebii
2929 2662 3298 2729 Caesariensis,
3318 2661 3497 2717 Theo-

1911 2754 2027 2806 dori
2077 2753 2448 2820 lleracleotaa,
2491 2753 2710 2808 Eusebii
2754 2755 3040 2819 Emeseui,
3079 2751 3416 2824 Apollinari?
3441 2762 3497 2808 οι

1913 2843 2234 2898 Theodoreti
2263 2844 2385 2914 Cyri
2419 2861 2432 2897 :
2458 2857 2580 2897 nam
2612 2845 2667 2908 ii,
2703 2859 2824 2898 cum
2852 2861 2954 2898 non
2980 2847 3047 2899 de
3087 2846 3200 2899 suis
3230 2845 3498 2914 dogmati-

1911 2935 2011 2989 bus
2043 2935 2207 2989 verba
2244 2934 2472 3001 faciunt,
2517 2935 2785 2990 interdum
2816 2935 3043 3003 pulchre
3079 2934 3501 2989 ratiocinantur;
3559 2941 3564 2953 ‘

1911 3025 1966 3079 ld
1995 3041 2155 3095 porro
2185 3041 2291 3080 non
2319 3034 2450 3081 nutu
2479 3035 2533 3081 et
2565 3026 2834 3081 arbitratu
2880 3039 2999 3080 meo
3028 3011 3170 3090 feci;
3205 3025 3298 3080 sed
3335 3019 3496 3078 Obse-

1913 3126 2069 3172 cutus
2093 3117 2440 3173 sanctissimo
2469 3116 2616 3172 Patri
2651 3127 2840 3172 nostro
2885 3116 3118 3185 Cyrillo,
3143 3115 3362 3171 Christo
3396 3115 3494 3171 ad-

1914 3211 2070 3266 dicta:
2099 3221 2152 3266 et
2177 3225 2385 3282 magnae
2403 3211 2778 3266 Alexandrina:
2802 3210 3038 3266 civitatis
3062 3209 3494 3281 archiepiscopo,

1909 3303 2000 3372 qui
2030 3302 2082 3356 in
2112 3317 2208 3356 sua
2243 3304 2310 3358 ad
2346 3301 2628 3372 Eulogium
2658 3301 2882 3371 cpistola
2913 3302 2990 3354 ait
3036 3315 3051 3354 :
3091 3319 3110 3352 ι
3159 3300 3278 3358 Non
3315 3303 3496 3356 omnia

1912 3393 2290 3449 haereticorum
2347 3393 2493 3447 dicta
2555 3391 2808 3461 fugienda
2864 3400 2919 3446 et
2960 3394 3261 3462 respuenda
3323 3402 3493 3460 sunt;

1911 3485 2078 3539 multa
2114 3484 2258 3539 enim
2287 3485 2634 3548 confitentur,
2661 3499 2781 3553 qua:
2813 3499 2910 3539 nos
2950 3485 3078 3540 item
3105 3486 3446 3542 conﬁtemur.
3474 3504 3493 3538 ι

1911 3572 2024 3629 lloc
2064 3574 2193 3628 item
2249 3575 2510 3628 monitum
2555 3567 2812 3628 lectorem
2849 3575 3030 3642 volui,
3065 3591 3316 3646 magnum
3353 3577 3498 3631 scili-

1910 3673 1995 3719 cet
2022 3663 2279 3718 Basilium
2315 3662 2477 3730 hujus
2512 3666 2807 3735 prophetia:
2834 3675 3042 3737 partem
3081 3667 3495 3736 interpretatum

1909 3771 2031 3812 esse
2062 3772 2076 3808 :
2105 3771 2223 3825 qua:
2248 3764 2422 3810 tamen
2453 3757 2849 3824 interpretatio,
2882 3774 2948 3812 an
2975 3758 3093 3828 ejus
3130 3759 3222 3824 sit,
3255 3773 3284 3813 a
3317 3757 3498 3813 multis

1913 3848 1963 3901 in
2017 3847 2235 3902 dubium
2295 3855 2533 3901 vocatur.
2573 3846 2762 3917 Opera:
2818 3850 3050 3917 pretium
3103 3865 3317 3920 quoque
3369 3850 3497 3904 duxi

1912 3939 2012 3992 hoc
2043 3937 2342 4008 legentibus
2371 3937 2610 3992 indicare
2647 3947 2919 4014 et.notum
2953 3940 3153 4006 facere,
3180 3942 3498 4012 interpretes

1910 4039 1964 4084 et
1998 4035 2472 4094 commentatores,
2518 4044 2623 4103 no_n
2666 4029 2844 4098 modo,
2878 4033 3052 4099 quoad
3098 4033 3292 4087 divina:
3345 4032 3499 4085 Scri-

1911 4132 2082 4190 ptura;
2111 4136 2327 4177 sensum
2359 4131 2413 4176 et
2447 4121 2882 4190 intelligentiam,
2920 4133 3108 4178 mutuo
3141 4123 3451 4192 discrepare
3479 4160 3498 4189 ,

1911 4214 2004 4269 sed
2033 4213 2196 4267 etiam
2255 4213 2371 4280 ipsa
2426 4213 2621 4267 divina:
2672 4213 2964 4281 Scriptum
3023 4213 3184 4267 verba
3239 4228 3344 4269 non
3382 4213 3497 4283 pari

1912 4305 2070 4360 modo
2118 4303 2429 4358 distinxisse
2479 4303 2531 4356 in
2579 4305 2694 4359 suis
2747 4305 3331 4375 interpretationibus;
3373 4320 3496 4359 nam

1919 4398 2010 4452 alii
2061 4397 2339 4468 pluribus,
2379 4397 2470 4452 alii
2520 4398 2865 4467 paucioribus
2905 4399 3168 4468 appositis
3211 4399 3500 4464 versibus,

1911 4491 2281 4558 expositiones
2330 4504 2455 4544 suas
2507 4491 2839 4544 adornarunt
2886 4505 2901 4542 :
2945 4490 3176 4560 indeque
3227 4501 3312 4547 est
3356 4491 3499 4560 quod

233 4602 289 4656 ἐν
307 4581 383 4668 οἷς
404 4581 508 4677 γὰρ
541 4607 617 4678 μὴ
649 4606 777 4678 περὶ
809 4581 1095 4660 τῶν-ἰδίων
1125 4581 1417 4678 δογμάτων
1450 4581 1806 4676 διαλέγονται,

1916 4584 2125 4639 numeri
2152 4583 2420 4654 capitibus
2459 4585 2664 4653 praefixi
2697 4598 2812 4649 eos,
2851 4584 2941 4653 qui
2978 4591 3177 4637 textum
3209 4583 3381 4654 ipsum
3418 4581 3497 4636 le-

233 4691 374 4745 ἔστιν
390 4696 471 4748 ὅτε
490 4696 671 4760 καλῶς
692 4696 1061 4753 ἐπιϐάλλουσι.
1079 4697 1189 4750 Καὶ⁵
1214 4699 1371 4752 τοῦτο
1395 4697 1450 4750 δὲ
1469 4699 1568 4752 οὐκ
1586 4700 1808 4752 αὐτονόο

240 4801 350 4853 μως
377 4788 670 4859 πεποίηκα·
695 4787 808 4841 ἀλλ’
826 4787 1199 4859 ἀκολουθήσας
1227 4788 1305 4858 τῷ
1331 4790 1616 4860 ἁγιωτάτῳ
1654 4791 1810 4862 ήμῶν

238 4875 401 4944 Πατρὶ
435 4878 510 4948 τῷ
547 4877 649 4947 τῆς
701 4877 1079 4949 Ἀλεξάνδρου,
1116 4877 1463 4950 φιλοχρίστου
1485 4921 1498 4944 ,
1527 4881 1810 4948 Μεγάλου-

240 4966 428 5030 πόλεως
453 4969 864 5040 ἀρχιεπισκόπῳ
894 4967 1149 5040 Κυρίλλῳ
1169 5009 1183 5033 ,
1211 4970 1442 5041 φήσαντι
1473 4972 1530 5023 ἐν
1573 4973 1638 5042 τῇ
1677 4971 1812 5041 πρὸς

240 5055 476 5125 Εὺλόγιον
519 5060 776 5130 ἐπιστολῇ
797 5075 810 5089 ³
845 5061 926 5114 Οὐ
949 5059 1145 5114 πάντα
1178 5060 1298 5114 ὅσα
1327 5059 1618 5129 λέγουσιν
1639 5065 1694 5116 οἱ
1724 5066 1810 5117 al-

237 5151 438 5213 petuwl
491 5153 739 5220 φεύγειν
789 5150 886 5204 καὶ
932 5151 1345 5220 παραιτεῖσθαι
1400 5151 1515 5221 χρή
1563 5169 1575 5181 ·
1611 5154 1814 5208 πολλὰ

245 5240 344 5307 γὰρ
376 5237 877 5314 ὁμολογοῦσιν-,ὦν
904 5243 1001 5297 καὶ
1025 5244 1198 5314 ἡμεῖς
1247 5239 1674 5315 ὁμολογοῦμεν.
1701 5247 1810 5299 Καὶ

247 5329 385 5384 τοῦτο
414 5333 466 5386 δὲ
493 5334 793 5404 κατάδηλον
822 5334 960 5387 ποιῶ
989 5338 1100 5397 τοῖς
1131 5335 1571 5406 ἐντυγχάνουσιν,
1591 5335 1667 5398 ὡς
1694 5337 1723 5387 ὁ
1753 5336 1822 5389 ἐν-

248 5421 402 5487 ἁγίοις
446 5425 740 5490 Βασίλειος,
792 5427 957 5498 μέρος
985 5420 1036 5480 τι
1058 5426 1153 5497 τῆς
1193 5429 1250 5484 ἐν
1289 5427 1444 5497 χερσὶ
1478 5426 1815 5498 προφητείας

248 5503 724 5590 ἡρμήνευσενοῆτις
761 5518 1026 5589 ἑρμηνεία
1059 5518 1210 5589 παρὰ
1235 5518 1449 5582 πολλοῖς
1481 5517 1814 5589 ἀμφιϐάλλε-

251 5619 343 5658 ται.
371 5609 681 5679 Ἀναγκαῖον
713 5610 769 5663 δὲ
798 5609 984 5680 ᾠήθην
1018 5611 1112 5664 καὶ
1138 5610 1296 5664 τοῦτο
1332 5610 1655 5682 παραθεῖναι
1674 5608 1813 5681 τῷδε

254 5694 321 5764 τῷ
346 5703 601 5772 προοιμίῳ
625 5701 760 5772 πρὸς
791 5701 1096 5772 φανέρωσιν
1128 5703 1220 5755 καὶ
1261 5703 1558 5774 σαφήνειαν
1586 5704 1696 5768 τοῖς
1723 5704 1811 5759 ἐν-

315 5871 381 5942 (ε)
406 5835 535 5931 Vide
573 5833 798 5946 hujusce
829 5873 1148 5948 Pnlrologin’
1177 5886 1216 5935 l.
1257 5877 1373 5936 xv.

1917 4688 2068 4748 gnat,
2101 4677 2167 4730 ad
2200 4676 2455 4731 ulteriora
2487 4679 2763 4734 remittere
2812 4679 3122 4732 videantur.
3161 4677 3306 4746 Opus
3336 4677 3498 4746 igitur

1918 4778 2001 4821 est
2025 4769 2250 4823 alterum
2273 4769 2558 4824 tertiumve
2581 4779 2738 4837 caput
2765 4779 2943 4825 textus
2969 4780 3171 4825 sancta:
3205 4769 3501 4837 Scriptura:

1918 4859 2119 4929 legere,
2148 4869 2201 4914 et
2234 4869 2418 4928 postea
2453 4860 2725 4930 appositas
2766 4861 3274 4930 interpretationes,
3307 4869 3366 4913 ut
3406 4872 3497 4912 ea-

1919 4964 2039 5004 rum
2071 4964 2264 5005 sensus
2295 4949 2481 5006 lectori
2511 4950 2685 5006 facilis
2714 4951 3016 5022 obviusqne
3050 4953 3139 5006 sit.
3177 4970 3196 5002 ›

1994 5041 2059 5096 lli
2100 5056 2310 5108 omnes,
2363 5042 2436 5096 uti
2482 5043 2687 5107 videas,
2721 5045 3036 5112 scriptores,
3066 5042 3321 5097 videlicet
3369 5039 3494 5094 Ori—

1910 5148 2097 5204 genes,
2143 5132 2411 5189 Eusebius
2449 5133 2824 5201 Caesariensis,
2857 5135 3174 5190 Theodorus
3206 5132 3495 5187 Heracleo-

1913 5235 2014 5290 tes,
2057 5225 2326 5280 Eusebius
2363 5225 2693 5294 Emesenus,
2741 5226 3106 5297 Apollinarius
3140 5233 3194 5279 et
3237 5222 3489 5278 Theodo-

1918 5326 2090 5384 retus,
2121 5317 2264 5373 inter
2294 5319 2583 5374 haereticos
2627 5319 3051 5374 numerabantur
3080 5333 3094 5369 :
3133 5329 3237 5384 qua
3275 5317 3340 5370 de
3377 5331 3433 5369 re
3464 5330 3493 5368 a

1915 5409 2148 5479 septimo
2192 5408 2390 5464 saeculo
2425 5424 2529 5464 una
2562 5409 2664 5464 fuit
2696 5409 2935 5464 omnium
2972 5405 3141 5461 ferme
3181 5406 3495 5462 Grarcoruxn

1919 5501 2210 5558 sententia.
2255 5500 2440 5556 Basilii
2482 5516 2612 5558 vero
2645 5499 3084 5556 Commentarius
3154 5498 3244 5552 ille
3295 5499 3496 5567 imper-

1920 5589 2115 5655 fectus,
2163 5591 2214 5647 in
2265 5592 2476 5657 νοθείας
2522 5592 2881 5662 suspicionem
2920 5599 3165 5659 vocatus,
3211 5600 3267 5646 ut
3303 5589 3498 5645 testifi-

1925 5692 2080 5764 catur
2105 5680 2344 5742 Joannes
2375 5684 2479 5741 iste
2512 5683 2869 5754 Drungarius,
2899 5700 2928 5741 a
2956 5683 3142 5742 multis
3170 5681 3329 5739 hodie
3358 5680 3501 5739 inter
