3968 6538
471 417 541 477 85
1141 411 1410 468 EUSEBH
1447 411 1922 468 C:ESAHIENSIS
1959 413 2108 468 OPP.
2148 411 2325 467 PARS
2363 414 2448 468 Ill.
2488 443 2557 456 ο-
2596 413 3002 468 EXEGETICA.
3645 420 3706 474 81

463 533 625 588 dubia
658 546 816 600 opera
857 537 1126 585 censetur.
1163 529 1446 584 Hodiernis
1479 545 1637 599 porro
1669 531 2028 599 scriptoribus
2057 535 2102 590 Α
2131 529 2326 593 cuum',
2371 529 2464 598 qui
2514 529 2640 582 hinc
2674 527 3070 598 quamplurima
3121 528 3454 595 expiscatur,
3486 544 3538 583 et
3580 547 3706 583 non-

461 606 587 677 batc'
625 614 901 676 dubitandi
925 609 1101 676 causa
1131 631 1233 686 est,
1282 621 1556 675 silentium
1608 637 1799 691 nempe
1834 621 2025 697 Hiero,—

389 771 398 774 _
461 712 630 782 nymi,
659 712 751 780 qui
786 725 906 765 cum
938 712 990 765 in
1023 713 1244 781 prologo
1278 726 1384 766 suo
1407 712 1472 765 ad
1504 711 1717 766 Hesaiaz
1748 714 2028 767 Commen-

460 804 596 856 taria
646 817 862 865 omnes,
915 813 1178 872 quotquot
1230 814 1385 858 antea
1446 804 1649 858 Hessiae
1706 808 2026 873 interpretes

455 901 709 959 egerant,
762 903 1012 946 accurate
1072 885 1379 955 recenseat,
1435 911 1500 949 ne
1547 896 1652 965 γρῦ
1699 895 1914 962 quidem
1961 894 2026 947 de

456 979 634 1034 Basilii
693 984 1086 1036 commentario
1143 983 1346 1047 habet;
1399 983 1603 1039 Gra‘cis
1655 992 1832 1036 autem
1901 982 2024 1035 hinc

455 1071 598 1124 haud
630 1072 793 1125 dubie
825 1073 1060 1140 suspicio
1110 1076 1446 1136 nascebatur,
1477 1077 1616 1143 quod
1663 1077 1832 1146 stylus
1862 1074 2024 1129 Corn-

456 1164 842 1218 mentariorum
909 1165 1180 1221 Basiliano
1229 1169 1381 1238 longe
1437 1167 1701 1220 absimilis
1755 1168 2016 1220 videatur.

453 1254 588 1309 Rem
633 1255 898 1309 mittimus
936 1259 1156 1322 nostris,
1201 1259 1291 1328 qui
1326 1258 1506 1312 Basilii
1552 1272 1776 1326 operum
1826 1256 2022 1310 editio-

453 1355 576 1400 nem
607 1359 800 1399 novam
834 1346 1120 1401 adornant.

523 1435 648 1488 Haec
687 1444 876 1490 catena
921 1451 950 1489 a
991 1435 1199 1493 Joanne
1249 1437 1549 1506 Drungario
1591 1438 1815 1492 collecta
1868 1453 2022 1509 repe-

452 1525 593 1579 ritur
626 1525 752 1579 item
802 1527 854 1580 iu
896 1527 1080 1582 codice
1130 1528 1300 1598 Regio
1359 1543 1506 1583 num.
1539 1527 1698 1592 189i,
1734 1528 1912 1583 saeculi
1963 1545 2016 1595 κ,

452 1617 901 1682 uterubranaceo,
946 1626 1135 1686 estque
1178 1619 1247 1673 ibi
1283 1633 1471 1688 magna
1515 1619 1596 1672 sui
1645 1627 1796 1687 parte
1833 1619 2018 1673 mutila

452 1706 520 1758 ab
557 1708 731 1761 initio.
759 1708 958 1762 Catena
991 1716 1175 1762 autem
1213 1709 1320 1762 alia
1365 1710 1417 1762 in
1453 1709 1621 1778 Regio
1655 1710 1844 1764 codice
1878 1708 2017 1762 2457

452 1799 521 1852 ab
560 1799 662 1852 hac
709 1797 869 1867 longe
915 1799 1132 1854 diversa
1181 1806 1295 1864 est,
1337 1813 1400 1851 ae
1428 1813 1688 1867 perquam
1744 1799 2015 1852 minimam

2133 636 2408 688 nunquam
2461 619 2676 673 Eusebii
2729 618 3229 687 interpretationes,
3269 627 3326 671 ut
3378 619 3467 672 hic
3505 619 3708 674 haben-

2131 722 2235 774 tur,
2287 711 2440 779 quasi
2497 711 2593 765 abs
2644 725 2702 764 re
2741 711 2902 764 datas
2941 710 3158 778 depellit
3189 718 3243 764 et
3276 709 3544 766 confutet.
3589 711 3706 766 lmo
3764 697 3770 702 ’

2130 803 2243 869 ipse
2280 802 2546 856 Eusebius
2587 817 2710 855 sese
2755 801 2929 871 prodit
2985 801 3143 868 hujus
3177 801 3571 856 Commentarii
3607 819 3707 857 au-

2127 903 2361 957 ctorem,
2411 908 2529 948 cum
2584 904 2759 950 motas
2815 896 2881 949 ab
2936 895 3182 950 Ethnicis
3235 897 3289 948 in
3338 895 3709 950 Christianum

2127 997 2320 1036 nomen
2370 986 2684 1040 vexationes
2734 996 2788 1041 et
2828 987 3191 1050 carniﬁcinas,
3222 989 3458 1055 itemque
3507 989 3707 1056 princi-

2125 1088 2248 1140 pum
2294 1073 2422 1127 olim
2474 1075 2768 1130 infidelium
2806 1078 2872 1130 ad
2931 1076 3089 1131 iidem
3141 1079 3591 1141 conversionem,
3637 1087 3710 1149 _ut

2122 1164 2368 1218 oculatus
2423 1167 2574 1220 testis
2615 1176 2920 1220 memorat:
2960 1170 3054 1223 sed
3113 1170 3347 1222 maxime
3402 1170 3491 1224 ubi
3528 1172 3707 1224 Chro—

2123 1255 2243 1309 nica
2291 1257 2359 1309 ab
2410 1272 2469 1312 se
2524 1259 2667 1312 edita
2725 1260 2912 1313 laudat
2964 1260 3050 1315 his
3101 1262 3280 1315 verbis
3330 1264 3394 1314 ad
3451 1276 3570 1330 cap.
3601 1275 3704 1316 xm

2123 1342 2347 1408 llesaizr,
2384 1346 2472 1416 Τῷ
2510 1349 2566 1400 δὲ
2596 1351 2858 1418 φάσκοντι
2889 1352 3054 1422 λόγῳ
3101 1353 3246 1407 Ἰδοὺ
3276 1352 3532 1422 ἐπεγερῶ
3565 1351 3708 1422 ὑμῖν

2120 1435 2261 1500 τοὺς
2304 1436 2568 1505 Μήδους,
2623 1445 2892 1512 μαρτυρεῖ
2938 1445 2970 1513 ἡ
3020 1442 3120 1512 τῆς
3168 1443 3403 1513 ἱστορίας
3442 1443 3703 1506 ἔκϐασιςο

2121 1522 2468 1595 ἀνάγραπτος
2498 1524 2633 1582 οὖσα
2668 1533 2817 1601 παρὰ
2849 1533 2964 1594 τοῖς
3019 1531 3286 1602 Ἐλλήνων
3318 1531 3386 1585 τὰ
3429 1531 3707 1595 Χαλδαϊκὰ

2121 1611 2214 1663 καὶ
2245 1613 2312 1665 τὰ
2349 1614 2684 1686 Ἀσσυριακὰ
2715 1618 3216 1690 συγγραψαμένοις,
3247 1623 3358 1683 τοῖς
3392 1638 3449 1672 τε
3483 1620 3550 1672 τὰ
3592 1621 3716 1691 Μη-

2118 1698 2241 1754 δικὰ
2289 1704 2662 1776 ἱστορηκόσιν·
2697 1701 2770 1762 ὧν
2807 1710 2902 1762 καὶ
2948 1711 3108 1779 ἡμεῖς
3150 1710 3409 1774 πλείστας
3450 1712 3714 1777 ἀνελεξά-

2124 1790 2261 1858 μεθα
2311 1798 2620 1867 μαρτυρίας
2662 1799 2720 1850 ὲν
2755 1802 2866 1861 τοῖς
2883 1799 3188 1870 πονηθεῖσιν
3230 1804 3360 1871 ἡμῖν
3397 1803 3708 1870 Χρονικοῖς

452 1888 695 1942 locorum
735 1896 945 1956 partem
979 1886 1163 1953 aﬂ‘ert,
1205 1887 1608 1957 iunumerisque
1660 1890 1868 1944 mendis
1913 1888 2015 1944 ΐωο

2136 1883 2567 1955 Τυπηορίὲμμασι.
2610 1885 2666 1944 Id
2711 1899 2828 1954 est,
2874 1908 2892 1941 ι
2922 1889 3058 1944 lluic
3095 1901 3272 1946 autem
3307 1893 3451 1947 dicto
3503 1911 3515 1946 :
3564 1891 3718 1945 Ecce

453 1979 637 2043 datur,
689 1979 789 2034 etsi
842 1979 1163 2048 perantiqua
1211 1996 1224 2031 :
1269 1993 1391 2033 nam
1430 1979 1623 2034 decimi
1677 1979 1803 2033 item
1843 1979 2024 2036 saeculi

449 2078 556 2124 εει.

450 2176 514 2230 Η.
539 2179 617 2231 De
638 2193 828 2243 genere
863 2181 1223 2242 interpretandi
1252 2185 1305 2230 et
1325 2181 1389 2230 de
1433 2186 1656 2230 veterum
1698 2181 2024 2243 interpretum

1189 2256 1278 2292 usu
1287 2279 1298 2289 .

521 2344 686 2412 Quod.
719 2345 786 2399 ad
833 2344 1224 2416 interpretandi
1276 2344 1564 2407 rationem,
1613 2359 1720 2414 qua
1766 2345 2026 2400 Eusebius

450 2435 555 2490 hoc
598 2436 655 2490 in
691 2435 1090 2492 Commentario
1137 2437 1329 2500 utitur,
1381 2435 1645 2490 adeantur
1701 2423 1796 2489 ea.
1816 2451 1936 2504 qua:
1969 2437 2023 2490 in

451 2525 910 2581 Prmlimiuaribus
958 2527 1026 2581 ad
1079 2526 1456 2596 Expositiones
1529 2526 1580 2580 in
1635 2525 1877 2582 Psalmes
1923 2528 2026 2582 hac

451 2616 519 2670 de
554 2630 612 2687 re
647 2615 884 2670 diximus
924 2616 1004 2686 (ὅ)
1040 2635 1055 2670 :
1091 2617 1277 2671 eodem
1331 2616 1475 2683 enim
1528 2616 1810 2684 utrobique
1852 2616 2022 2685 expli.

449 2705 607 2760 candi
653 2720 852 2774 genere
897 2707 1140 2775 procedit
1181 2725 1194 2761 :
1230 2721 1294 2760 ac
1345 2706 1632 2762 litteralem
1675 2709 1855 2772 modo,
1899 2723 2022 2762 mox

449 2783 874 2866 mystagogieum
917 2805 970 2851 et
1020 2797 1370 2867 allegoricqu
1420 2811 1637 2851 sensum
1688 2798 1924 2867 exquirit
1971 2807 2024 2852 et

450 2885 629 2941 aﬂ'ert.
663 2871 926 2941 Nimirum
963 2900 1025 2940 ea
1059 2886 1383 2956 explanandi
1417 2887 1500 2940 via
1532 2888 1582 2940 in
1615 2887 1848 2943 Psalmis
1883 2899 1937 2943 et
1971 2889 2024 2942 in

449 2976 738 3046 prophetia
776 2976 1005 3041 Hesaiaa,
1040 2976 1132 3033 ubi
1166 2976 1423 3045 frequens
1453 2977 1653 3032 Christi
1684 2987 1738 3033 et
1772 2979 2028 3034 Ecclesia;

449 3070 681 3133 mentio,
716 3069 1012 3136 praesertim
1061 3068 1293 3122 ineunda
1324 3077 1408 3121 est
1431 3084 1641 3136 :unam
1682 3070 2022 3140 disciplinam

450 3159 904 3226 evangelistarum
969 3158 1446 3227 apostolorumquc
1506 3159 1752 3228 exemplo
1806 3169 2024 3215 tenuere

453 3247 555 3302 SS.
594 3246 802 3300 Patres.
859 3233 1238 3318 Quamobrem
1278 3247 1636 3318 Hieronymus
1674 3265 1778 3303 non
1824 3265 1888 3305 eo
1924 3252 2028 3305 Eu-

452 3338 663 3393 sebium
714 3339 929 3405 carpit,
977 3339 1118 3406 quod
1173 3337 1420 3393 llesaiam
1472 3339 1763 3408 allegorice
1801 3341 2026 3396 subinde

451 3444 606 3486 more
642 3430 1064 3498 interpretetur;
1120 3432 1212 3484 sed
1267 3430 1410 3498 quod
1469 3433 1856 3498 promissorum
1925 3434 2027 3487 im-

450 3535 679 3586 memor,
709 3523 798 3591 qui
830 3537 887 3576 se
919 3521 1208 3576 litteralem
1237 3521 1661 3590 historicamque
1704 3525 2023 3578 sententiam

450 3613 738 3666 allaturum
778 3613 1058 3682 professus
1097 3622 1245 3676 erat,
1294 3613 1562 3666 interdum
1597 3615 1661 3667 ad
1713 3613 2026 3684 allegoriam

450 3705 700 3758 declinet.
750 3704 882 3757 Nam
939 3705 1053 3772 ipse
1104 3702 1465 3772 Hieronymus
1497 3705 1550 3757 iu
1595 3705 1870 3774 allegoriis
1919 3705 2026 3760 ire;

450 3808 649 3861 quens,
702 3793 842 3848 hanc
895 3794 1058 3848 tradit
1101 3789 1153 3846 in
1207 3806 1428 3862 promgo
1481 3793 1767 3861 regulam:
1823 3813 1840 3845 ‹
1873 3793 2025 3850 Unde

449 3892 571 3950 post
627 3881 869 3936 historia:
919 3883 1238 3945 veritatem,
1291 3881 1642 3951 Spiritualiter
1714 3883 2022 3952 accipienda

453 3977 786 4029 suutomuia
815 3993 828 4030 ε
857 3984 914 4027 et
960 3974 1039 4028 sic
1075 3973 1257 4030 Judata
1304 3983 1358 4026 et
1405 3971 1729 4038 Jerusalem,
1775 3974 2021 4044 Babylon

451 4076 506 4120 et
545 4063 911 4130 Philisthiim,
961 4065 1117 4120 Moab
1163 4075 1219 4120 et
1276 4063 1602 4130 Damascus,
1651 4065 1917 4134 Egyptus
1969 4073 2024 4119 et

451 4154 728 4210 desertum
782 4169 950 4218 mare,
1001 4154 1229 4209 idumara
1260 4164 1314 4208 et
1360 4155 1579 4218 Arabia,
1624 4168 1688 4207 ac
1734 4153 1900 4207 Vallis
1946 4154 2024 4207 vi-

453 4245 657 4309 sionis;
706 4254 761 4298 et
813 4245 880 4297 ad
929 4254 1229 4298 extremum
1277 4244 1455 4314 Tyrus
1498 4252 1554 4298 et
1593 4244 1730 4297 visio
1777 4243 2020 4312 quadru-

451 4335 669 4405 pedum,
718 4336 1069 4403 intelligenda
1107 4342 1260 4398 sunt;
1295 4345 1352 4388 ut
1382 4342 1577 4389 cuncta
1612 4348 1920 4401 quaeramus
1969 4333 2021 4386 iu

450 4440 611 4480 sensu
637 4444 651 4480 :
681 4434 734 4480 et
770 4425 823 4479 in
851 4427 1102 4480 omnibus
1130 4426 1236 4489 his,
1268 4425 1422 4494 quasi
1455 4424 1667 4491 sapiens
1695 4424 2022 4479 architectus

452 4515 652 4569 Paulus
703 4515 977 4584 apostolus
1006 4509 1176 4586 iaciat
1226 4515 1678 4576 fundamentum,
1724 4511 1866 4580 quod
1915 4527 2018 4566 non

450 4615 532 4659 est
567 4605 712 4660 aliud
740 4616 936 4674 praeter
961 4607 1141 4662 .lesunt
1171 4606 1466 4661 Christum.
1500 4621 1518 4653 ι

525 4695 889 4767 llexaplorum
943 4713 1006 4752 ac
1058 4707 1300 4753 veterum
1349 4696 1708 4762 interpretum
1757 4691 2022 4746 lectiones

451 4787 655 4858 passim
712 4788 871 4843 atlert
916 4787 1215 4851 Eusebius,
1267 4795 1324 4840 et
1365 4786 1582 4855 quidem
1623 4783 1818 4837 multas
1865 4783 2021 4852 queis

453 4879 818 4949 Hieronymus
868 4894 1000 4933 usus
1055 4893 1161 4932 non
1211 4886 1312 4932 est.
1364 4874 1547 4930 Sicubi
1602 4888 1730 4927 vero
1774 4875 2019 4927 eamdem

453 4977 686 5039 uterque
730 4969 1017 5025 lectionem
1079 4969 1363 5033 exscribit,
1391 4967 1654 5022 Eusebius
1700 4964 2020 5034 prolixiores

451 5061 670 5115 exhibet
706 5078 726 5115 ι
769 5075 893 5114 nam
951 5058 1314 5132 Hieronymus
1372 5073 1474 5112 una
1539 5057 1778 5111 alterave
1838 5053 2024 5108 vocula

455 5160 765 5215 contentus,
798 5152 1081 5206 lectionem
1121 5152 1251 5207 item
1292 5147 1613 5204 Hebraicam
1643 5145 1854 5216 adlicit,
1880 5145 2022 5214 quod

453 5257 511 5296 ra
525 5242 636 5298 rius
672 5253 898 5313 praestat
930 5243 1213 5298 Eusebius.

853 5347 935 5397 III.
961 5347 1092 5397 Nihil
1112 5345 1246 5395 dubii
1269 5359 1348 5407 περὶ
1368 5355 1620 5407 meum...

527 5432 637 5488 Res
680 5447 747 5487 ex
782 5446 840 5487 se
868 5431 1016 5486 clara
1053 5440 1108 5484 et
1139 5442 1322 5499 aperta
1357 5440 1459 5493 est,
1498 5430 1681 5496 hosce,
1709 5442 1846 5500 quos
1877 5443 2022 5483 nunc

454 5526 683 5590 edimus,
715 5532 1081 5594 germanoset
1111 5537 1270 5579 veros
1294 5537 1413 5579 esse
1439 5522 1654 5578 Eusebii
1689 5522 1743 5576 in
1772 5519 2024 5577 Hesaiam

458 5615 910 5672 Commentarios.
962 5614 1018 5669 Id
1073 5613 1385 5684 Hieronymi
1457 5614 1780 5687 testimonio
1811 5612 2025 5683 conspi-

531 5778 607 5849 (3)
638 5775 768 5831 Vide
797 5785 998 5833 tonnun
1031 5777 1384 5848 superiorem.

2131 1977 2392 2030 suscitabo
2445 1981 2591 2033 vobis
2653 1979 2872 2046 Medos,
2949 1983 3064 2050 ipse
3131 1983 3373 2038 historia:
3447 1995 3706 2050 eventus,

2133 2056 2522 2125 testimonium.
2545 2082 2598 2127 et
2658 2073 2814 2130 ﬁdem
2866 2074 3012 2128 addit
3061 2091 3076 2128 :
3116 2090 3233 2143 quae
3283 2076 3508 2130 historia
3561 2076 3718 2144 aputt

2131 2158 2373 2227 Graecos,
2404 2162 2494 2229 qui
2534 2162 2858 2226 Chaldaica,
2889 2164 3272 2234 Assyriaca'et
3324 2165 3526 2220 Medica
3565 2166 3711 2220 scri-

2131 2261 2374 2318 pserunt,
2408 2254 2678 2320 reperitur
2709 2271 2723 2308 :
2750 2269 2983 2324 quorum
3035 2269 3134 2310 nos
3184 2255 3497 2310 testimonia
3531 2255 3706 2310 multa

2131 2339 2444 2410 collegimus
2470 2343 2522 2396 in
2551 2343 2826 2398 Cltronicis'
2851 2345 3073 2401 nostris.
3113 2363 3133 2397 ι
3176 2361 3179 2365 ·

2130 2443 2213 2494 IV.
2245 2446 2351 2505 Quo
2388 2450 2615 2509 tempore
2655 2448 2762 2498 haec
2782 2449 3140 2500 Commentaria
3182 2447 3428 2501 Eusebius
3467 2447 3704 2497 ediderit.

2203 2527 2328 2583 Haec
2365 2543 2528 2597 porro
2581 2545 2685 2584 una
2739 2532 2793 2584 in
2853 2531 2937 2588 his
2975 2531 3395 2586 Commentariis
3447 2530 3711 2598 temporis

2133 2627 2259 2672 nota
2293 2630 2592 2688 comparet.
2626 2622 2751 2676 Post
2780 2621 2924 2676 edita
2961 2637 3154 2692 nempe
3185 2621 3468 2684 Chronica,
3505 2620 3556 2674 id
3593 2631 3710 2696 est,

2129 2717 2251 2777 post
2296 2723 2496 2762 annum
2541 2710 2668 2774 524,
2695 2710 3067 2779 Expositiones
3111 2714 3164 2764 in
3200 2709 3448 2764 Hesaiam
3501 2709 3708 2772 edidit,

2130 2813 2235 2868 quo
2297 2810 2475 2854 autem
2547 2814 2725 2862 anno.
2786 2816 2854 2855 ne
2915 2801 3222 2871 conjectare
3297 2801 3513 2869 quidem
3570 2812 3704 2867 pos-

2133 2905 2342 2946 sumus.

2133 3071 2168 3124 I.
2211 3072 2468 3144 Eusebius
2501 3091 2654 3143 parce
2687 3084 2738 3128 et
2767 3076 2936 3144 sobrie
2973 3075 3038 3144 de
3084 3073 3224 3128 Filio
3252 3075 3347 3127 Dei
3377 3073 3606 3144 loquitur
3648 3073 3714 3125 in

2199 3142 2281 3194 Itis
2340 3142 2759 3197 Commentariis.
2833 3143 2895 3197 ll.
2969 3143 3164 3197 Contra
3223 3145 3398 3196 atheos
3440 3142 3490 3197 et
3539 3157 3701 3209 gene-

2202 3212 2422 3264 thliacos
2456 3213 2712 3282 interdum
2742 3213 2866 3282 agit.
2891 3211 2977 3265 Ill.
3005 3213 3278 3281 Apostolos
3313 3213 3709 3282 quatuordecim

2210 3291 2482 3364 nutrierat.
2513 3281 2602 3334 IV.
2651 3281 2952 3364 Singularis
2982 3282 3393 3364 de'ntartyribus
3442 3281 3708 3364 narratio.

2205 3346 2266 3400 ν.
2301 3349 2606 3418 Principum
2656 3346 2984 3403 sa'cularium
3029 3366 3149 3419 erga
3192 3346 3478 3402 Ecclesium
3514 3350 3706 3418 pietas.

2134 3459 2170 3508 Ι.
2194 3459 2440 3508 Eusebius
2477 3472 2624 3521 parce
2651 3463 2704 3508 et
2724 3458 2886 3521 sobrie
2913 3460 2977 3507 de
3015 3459 3142 3507 Filio
3163 3458 3258 3508 Dei
3304 3444 3522 3521 quuitur
3547 3459 3598 3506 in
3629 3458 3720 3507 bis

2720 3520 3112 3570 Commentariis.

2199 3599 2298 3664 Qui
2357 3600 2407 3652 iu
2460 3599 2872 3654 Commentariis
2928 3601 2978 3653 in
3036 3599 3279 3653 Psalmos
3351 3612 3589 3653 errorem
3634 3599 3709 3650 de

2133 3689 2267 3744 Filio
2305 3689 2396 3743 Dei
2437 3705 2594 3743 suum
2651 3691 2851 3758 passim
2909 3691 3238 3758 insperserat
3285 3689 3565 3752 Eusebius,
3612 3688 3706 3741 hic

2129 3798 2294 3852 parce
2339 3793 2393 3838 et
2435 3783 2615 3838 sobrie
2657 3799 2719 3837 ea
2772 3784 2837 3837 de
2891 3797 2948 3836 re
2967 3777 3037 3835 'ut
3087 3781 3377 3850 plurimum
3420 3779 3656 3848 loquitur
3691 3797 3708 3831 :

2135 3874 2482 3942 quamobrem
2527 3874 2885 3944 Hieronymus
2915 3873 3004 3940 qui
3035 3871 3370 3925 Psalmorum
3403 3868 3710 3937 Expositio-

2135 3980 2257 4017 nem
2284 3964 2553 4018 Ariauicis
2584 3949 2862 4017 erroribus
2893 3976 3166 4032 aspersam
3206 3975 3324 4015 esse
3362 3959 3707 4022 testificatur,

2134 4057 2265 4110 nihil
2301 4057 2604 4124 hujusmodi
2642 4057 2895 4110 observat
2922 4057 2972 4110 iu
3013 4057 3118 4110 hoc
3147 4055 3557 4110 commentario.
3592 4052 3702 4107 Sed

2131 4148 2254 4214 quia
2284 4148 2512 4201 arduum
2555 4157 2639 4202 est
2679 4148 2767 4201 diu
2805 4147 3139 4216 multumque
3170 4147 3426 4207 scribere,
3470 4145 3600 4212 quin
3635 4159 3707 4198 ex

2131 4247 2310 4292 mente
2357 4238 2634 4308 scriptoris
2680 4237 2882 4307 aliquid
2935 4237 3017 4291 vel
3067 4236 3435 4306 imprudenter
3481 4233 3702 4296 ellluat.

2131 4346 2235 4385 nou
2284 4332 2512 4384 obscure
2554 4325 2882 4385 sententiam
2918 4343 3068 4383 suam
3110 4329 3289 4395 prodit
3323 4326 3585 4381 Eusebius
3629 4328 3704 4380 ad

2130 4431 2249 4488 Cap.
2280 4436 2435 4482 mu,
2467 4421 2555 4474 uhi
2591 4420 2644 4473 iu
2676 4421 2790 4474 haec
2825 4418 2986 4475 verba
3021 4437 3034 4471 :
3073 4416 3214 4484 Ἐγὼ
3243 4420 3270 4470 ὀ
3303 4417 3462 4483 Θεὸς,
3486 4418 3580 4470 καὶ
3600 4418 3707 4471 οὐκ

2131 4513 2244 4569 ἔστι
2274 4513 2448 4584 παρὲξ
2476 4513 2610 4583 ἐμοῦ
2657 4512 2866 4578 σώζων,
2895 4513 2945 4567 id
2980 4522 3062 4566 est
3087 4530 3102 4566 :
3140 4530 3158 4562 ι
3189 4511 3296 4578 Ego
3320 4511 3480 4573 Deus,
3510 4519 3563 4561 et
3592 4524 3702 4562 non

2127 4615 2419 4673 estprzeter
2445 4621 2527 4659 me
2552 4606 2645 4674 qui
2675 4605 2879 4660 salvum
2901 4603 3081 4669 faciat,
3099 4622 3116 4655 ι
3137 4603 3313 4657 sicille
3329 4603 3489 4656 habet
3514 4618 3527 4653 :
3551 4602 3706 4662 Μιᾶς

2125 4695 2233 4766 γὰρ
2271 4695 2436 4770 οὔσης
2472 4696 2669 4766 ἀρχῆς,
2701 4696 2798 4766 μία
2828 4696 2912 4765 εἴη
2944 4694 3008 4747 ἂν
3034 4698 3066 4764 ἡ
3104 4694 3314 4764 θεότης,
3411 4688 3706 4761 συμπαρα-

2125 4785 2455 4856 λαμϐάνεται
2499 4785 2594 4838 καὶ
2640 4787 2674 4855 ἡ
2705 4785 2797 4837 τοῦ
2847 4782 3185 4851 Μονογενοῦς
3212 4784 3376 4836 αὑτοῦ
3429 4781 3698 4849 θεολογία.

2127 4876 2239 4931 Hoc
2288 4885 2370 4930 est
2405 4894 2419 4930 :
2461 4893 2480 4925 ι
2509 4875 2644 4929 Nam
2678 4891 2797 4929 cum
2833 4891 3000 4931 unum
3051 4886 3120 4930 stt
3181 4875 3504 4945 principium
3527 4913 3542 4939 ,
3593 4887 3702 4926 una

2126 4969 2288 5024 luerit
2331 4977 2387 5022 et
2418 4968 2615 5030 deitas,
2660 4981 2894 5038 quacum
2928 4968 3224 5022 assumitur
3273 4964 3541 5034 Unigeniti
3575 4963 3698 5031 ejus

2127 5060 2486 5130 theologiam
2542 5057 2633 5113 ubi
2686 5074 2792 5113 non
2844 5059 2966 5114 ideo
3013 5057 3134 5112 Filii
3189 5055 3512 5126 theologiam
3572 5069 3698 5109 cum

2125 5160 2349 5219 paterna
2383 5150 2584 5204 deitnte
2629 5151 2831 5206 assumi
2865 5149 3002 5215 vult,
3035 5151 3175 5218 quod
3227 5149 3397 5202 deitas
3439 5146 3557 5201 Filii
3590 5161 3696 5202 una

2125 5244 2428 5311 eademque
2457 5243 2529 5297 sit
2557 5249 2722 5311 atque
2754 5251 3020 5312 paterna:
3053 5256 3175 5295 nam
3206 5255 3325 5294 eam
3361 5239 3450 5294 ille
3478 5247 3700 5294 senten-

2127 5336 2254 5388 tiam
2287 5343 2345 5388 ut
2396 5333 2757 5388 Sabellianam
2799 5333 3029 5401 respuit;
3067 5333 3164 5386 sed
3207 5331 3351 5401 quod
3396 5331 3466 5386 ob
3499 5330 3696 5385 simili-

2129 5426 2368 5479 tudinem
2418 5425 2725 5494 quamdam,
2773 5424 2840 5478 ab
2872 5433 2994 5478 ortu
3047 5422 3184 5478 Deus
3235 5423 3535 5493 appellatus
3587 5423 3697 5487 sit,

2128 5519 2391 5588 siquidem
2422 5517 2666 5586 principii
2691 5525 2746 5570 et
2773 5515 2990 5572 deitatis
3022 5517 3282 5572 unitatem
3315 5515 3367 5569 in
3396 5514 3508 5570 solo
3530 5513 3694 5569 Patre

2129 5610 2334 5667 servari
2369 5609 2443 5664 ait
2473 5609 2581 5676 hic,
2611 5616 2663 5664 et
2695 5607 2894 5678 passim
2925 5608 3271 5679 apertiusque
3319 5607 3371 5662 in
3405 5607 3524 5663 aliis
3560 5620 3695 5677 ope-
