3968 6466
236 332 301 385 85
1158 329 1671 384 COMMENTARIA
1713 328 1779 382 ΙΝ
1818 327 2075 383 iSAlAM.
2118 358 2183 367 —
2220 326 2615 383 PilAiFATlO.
3444 340 3513 387 86

239 444 423 504 ribus,
503 446 563 492 ut
631 427 1093 493 commonstratur
1156 457 1207 491 ιιι
1274 440 1726 509 prmiiminaribus
1777 442 1842 494 ad
1874 445 1917 501 Α
1948 450 2292 503 accedentes,
2330 448 2674 505 usurparent.
2706 437 2904 491 Locum
2960 438 3155 495 afferre
3204 458 3272 497 ne
3315 445 3512 514 pigeat.

235 531 710 585 Conmientarium
745 530 796 582 in
833 527 1099 594 Psalmos,
1134 530 1223 584 ubi
1256 531 1469 585 videsis.

208 690 215 699 ι
366 638 431 685 ll.
455 635 641 687 Contra
666 636 841 685 albens
863 640 913 683 et
935 635 1277 697 genethliacos
1298 636 1547 685 interdum
1569 640 1685 699 agit.

206 710 213 748 δ
302 719 447 786 Quia
523 719 743 774 Eusebii
800 734 945 784 a2vo,
996 720 1136 773 athei
1196 719 1383 781 multi,
1436 729 1492 775 et
1550 722 1823 791 religionis

234 811 440 866 nullius
495 811 749 864 homines
822 820 1018 874 erant,
1070 810 1161 879 qui
1218 811 1330 867 fato
1388 827 1578 867 omnes
1642 829 1821 869 rerum

230 911 462 956 eventus
500 902 876 964 ascriberent;
912 901 1152 968 ejusdem
1199 900 1384 955 farina:
1429 902 1677 956 homines
1710 917 1824 971 pas-

232 992 329 1045 sim
366 992 674 1045 insectatur
703 992 968 1046 Eusebius
1004 992 1115 1056 hic,
1149 1002 1206 1046 ut
1240 992 1290 1046 in
1320 991 1742 1049 Commentariis
1769 996 1820 1047 in

232 1081 517 1136 Psalmos:
544 1082 635 1136 ubi
667 1092 778 1135 tum
808 1082 1037 1147 ratione,
1056 1091 1165 1136 tum
1194 1084 1458 1151 exemplis
1480 1086 1817 1155 comprobat,

232 1172 474 1225 numinis
518 1171 863 1241 providentia
906 1172 1160 1225 mundum
1199 1172 1589 1227 administrari.
1634 1191 1653 1223 ι
1684 1172 1818 1229 Nam

232 1276 351 1313 cum
389 1261 668 1328 sapientes
706 1260 863 1329 hujus
913 1260 1112 1326 saeculi,
1142 1279 1161 1312 ι
1197 1261 1276 1314 sic
1325 1260 1414 1315 ille
1446 1262 1512 1315 ad
1560 1276 1680 1332 cap.
1715 1278 1817 1328 ιι,

237 1370 253 1401 ι
282 1351 467 1404 omnia
518 1359 818 1420 spontaneo
868 1351 1082 1405 cuidam
1122 1366 1302 1405 rerum
1350 1354 1550 1416 motui,
1598 1368 1662 1407 ac
1713 1352 1819 1407 for-

233 1443 368 1497 tuito
419 1442 657 1496 naturali
715 1442 864 1497 casui
913 1453 968 1497 et
1014 1442 1125 1497 fato
1156 1446 1465 1510 ascribaut;
1510 1448 1818 1502 necessario

231 1548 472 1601 przesens
523 1549 726 1599 sermo,
784 1533 985 1588 nullam
1030 1549 1212 1589 rerum
1269 1535 1495 1591 fortuito
1546 1553 1673 1593 casu
1718 1536 1851 1593 ex?

229 1622 445 1686 sistere,
475 1622 574 1675 sed
611 1622 791 1675 omnia
831 1638 953 1677 cum
1004 1638 1256 1676 mensura
1300 1633 1355 1677 et
1390 1641 1618 1680 numero
1649 1642 1677 1680 a
1715 1627 1818 1680 Dn-

230 1714 399 1779 mino,
441 1714 537 1783 qui
574 1713 713 1767 Deus
754 1716 1100 1783 przedicalur,
1149 1716 1445 1769 constituta
1497 1718 1682 1784 fuisse,
1717 1721 1813 1773 de-

230 1804 419 1859 clarat.
449 1824 469 1856 ι
525 1804 649 1858 Pari
702 1807 860 1859 modo
917 1806 1189 1860 invehitur
1236 1807 1288 1859 in
1336 1821 1429 1861 eos
1470 1809 1595 1877 qui,
1644 1811 1815 1865 motui
1850 1785 1891 1843 Β

231 1905 506 1949 astrorum
569 1895 754 1949 omnia
828 1897 1201 1960 ascribentes,
1252 1898 1493 1967 genesim
1555 1899 1819 1969 cujusque

230 1986 627 2054 explorabant:
660 1989 752 2058 qui
787 1982 1102 2057 frequentes
1155 1990 1246 2043 illa
1280 1996 1597 2057 tempestate
1630 1999 1811 2044 erant.

232 2075 487 2145 Legimus
532 2093 665 2134 sane
703 2080 991 2133 Eusebium
1030 2080 1389 2144 Emesenum,
1433 2084 1577 2150 quod
1621 2083 1817 2135 ἀποτε-

228 2167 568 2240 λεσματικὴν
643 2180 959 2236 exerceret,
1018 2186 1045 2224 a
1102 2169 1261 2239 plebe
1328 2170 1543 2239 pulsum
1617 2174 1815 2229 throno

228 2257 396 2314 fuisse

355 2349 441 2398 ΙΙΙ.
484 2352 749 2413 Apostolos
771 2356 1145 2416 quatuordecim
1171 2364 1397 2407 numerat
1421 2358 1680 2408 Eusebius.

296 2433 590 2503 Apostolus
631 2439 1044 2505 quatuordecim
1097 2452 1347 2496 recenset
1393 2442 1681 2506 Eusebius,
1729 2443 1811 2495 ni-

229 2525 427 2579 mirum
475 2527 762 2583 duodecim
802 2529 925 2585 illos
957 2532 1238 2602 pristinos,
1270 2533 1495 2589 Matthia
1531 2536 1583 2589 in
1629 2535 1809 2589 locum

226 2615 375 2673 iuriae
442 2620 739 2687 proditoris
788 2614 1170 2678 duodecimum
1238 2624 1418 2679 locum
1479 2632 1807 2694 occupante,

229 2705 449 2763 Paulum
478 2720 533 2764 et
560 2708 822 2766 Iacobum
856 2710 1077 2768 fratrem
1113 2714 1359 2780 Domini;
1391 2730 1515 2770 nam
1546 2715 1806 2771 Iacobum

227 2797 371 2851 illum
403 2799 630 2855 fratrem
663 2800 897 2867 Domini,
927 2803 1088 2857 alium
1121 2818 1151 2857 a
1180 2803 1381 2859 Jacobo
1410 2805 1613 2875 Alphaei
1647 2815 1803 2876 putat

218 2906 365 2945 .esse.
415 2891 555 2946 Tres
613 2893 797 2961 itaque
844 2894 1170 2964 ὁμωνύμους
1228 2896 1504 2967 apostolos
1555 2910 1805 2956 numerat

232 2981 511 3048 Eusebius,
553 2983 811 3039 Jacabum
864 2986 1090 3041 fratrem
1136 2985 1383 3053 Joannis,
1420 2988 1679 3046 Jacobum
1710 2993 1805 3047 Al—

229 3073 395 3141 phzei,
430 3083 487 3128 et
538 3072 801 3131 Jacobum
852 3076 1073 3132 fratrem
1115 3077 1366 3147 Domini,
1411 3096 1570 3151 quem
1616 3084 1691 3138 ait
1734 3085 1803 3140 ab

229 3162 336 3230 ipso
356 3163 572 3219 Christo
593 3166 899 3236 episcopum
919 3165 1426 3238 Jerosolymitanum
1449 3175 1801 3231 constitutum

228 3254 401 3309 fuisse.
456 3254 614 3311 llunc
643 3273 806 3325 porro
844 3259 1019 3315 locum
1058 3260 1421 3333 Hieronymus
1462 3280 1527 3321 ex
1568 3266 1802 3324 Eusebio

227 3348 288 3401 ad
323 3350 544 3404 verbum
592 3366 754 3419 pene,
803 3362 863 3406 ut
897 3355 1097 3422 passim
1144 3355 1316 3419 solet,
1365 3358 1673 3420 transtulit,
1711 3361 1801 3429 qui

229 3448 395 3494 tamen
430 3456 553 3495 eam
600 3443 771 3512 ipsam
812 3445 1123 3512 opinionem
1156 3447 1209 3500 in
1250 3447 1391 3502 libro
1432 3448 1630 3504 Contra
1673 3449 1803 3505 Hel-

227 3530 414 3585 vidium
458 3543 773 3611 oppugnat,
826 3536 1067 3606 duosque
1134 3547 1340 3593 tantum
1388 3538 1620 3597 Jacobos
1681 3556 1801 3597 esse

227 3621 476 3678 defendit.
504 3624 693 3679 Trium
730 3643 893 3697 porro
935 3628 1261 3685 Jacoborum
1290 3632 1598 3702 opinionem
1630 3633 1802 3690 Euse-

227 3714 339 3769 bius
380 3732 447 3770 ex
492 3716 732 3787 Origene
766 3729 1047 3775 mutuatus
1078 3722 1333 3776 videtur:
1368 3738 1491 3776 nam
1545 3724 1590 3777 is
1638 3740 1798 3794 quem

228 3806 319 3861 sibi
353 3808 583 3863 alterum
630 3808 749 3876 ejus
786 3812 1062 3880 opinionis
1100 3823 1383 3867 auctorem
1416 3814 1641 3868 ascribit
1693 3817 1799 3871 Eu-

226 3899 420 3965 sebius,
461 3900 557 3953 lib.
586 3915 623 3954 ιι
666 3900 811 3955 Hist.
836 3904 1141 3973 eccl.,‘cap.
1173 3905 1225 3971 1,
1262 3904 1519 3960 Clemens
1552 3908 1801 3963 videlicet

226 3989 638 4056 Alexandrinus,
669 3992 887 4048 Eusebii
928 3996 1216 4049 sententia:
1243 3996 1586 4059 adversatur,
1617 3998 1709 4051 δύο
1739 4000 1795 4052 δὲ

225 4080 467 4146 γεγόνασι
504 4080 772 4145 Ἰάκωϐος,
805 4084 884 4138 sic
932 4084 1039 4147 ille,
1071 4082 1152 4149 εἷς
1183 4088 1210 4138 ὁ
1252 4085 1487 4150 δίκαιος’
1524 4087 1709 4159 ἕτερος
1742 4091 1797 4143 δὲ

224 4172 250 4222 ὀ
277 4173 677 4242 καρατομηθείς
717 4191 729 4226 :
774 4192 793 4225 ι
826 4174 940 4228 1)υο
969 4182 1149 4229 autem
1207 4174 1390 4231 Jacobi
1433 4177 1617 4243 fuere;
1661 4179 1798 4234 alius

222 4259 454 4327 justus,»
505 4262 621 4317 sive
650 4263 857 4329 Minor;
911 4283 929 4314 ι
962 4265 1101 4320 alius
1137 4267 1228 4335 qui
1281 4268 1461 4336 capite
1515 4278 1796 4324 truncatus

225 4359 321 4415 est,
344 4369 363 4402 ι
392 4365 487 4405 seu
527 4351 719 4421 Major.
749 4352 858 4408 Nec
893 4353 1105 4409 felicius
1130 4360 1317 4409 eodem
1354 4355 1514 4420 libro,
1552 4372 1673 4428 cap.
1698 4358 1791 4422 2'5,

1926 530 2006 582 Ad
2037 529 2181 582 illum
2215 530 2417 583 liesaiaa
2444 545 2655 582 versum
2682 544 2799 596 cap.
2827 544 2949 582 κων
2976 550 2987 583 :
3014 526 3202 597 Οὗτος
3224 533 3376 600 ἐρεῐ’
3404 534 3514 589 Τοῦ

1930 620 2077 675 Θεοῦ
2108 624 2258 690 εἰμι,
2294 622 2389 675 καὶ
2436 617 2613 685 οὗτος
2656 620 2951 686 ,ϐοήσεται
3002 622 3098 675 ἐπὶ
3146 623 3225 689 τῷ
3272 626 3512 693 ὀνεζιιατι

1939 712 2170 775 Ἰακὼϐ,
2219 713 2315 765 καὶ
2364 712 2563 779 ἕτερος
2610 710 2921 779 ἑπιπράψει
2981 710 3053 778 τῇ
3106 712 3253 782 χειρὶ
3301 715 3508 770 αὐτοῦ’

1931 803 2041 856 Τοῦ
2076 802 2223 857 Θεοῦ
2253 806 2388 872 εἰμι,
2425 804 2521 855 καὶ
2553 801 2649 855 ἐπὶ
2687 801 2764 867 τῷ
2796 804 3038 872 ὀνόματι
3074 806 3318 875 Ἰσραὴλ
3354 808 3509 873 ,βοή-

1924 910 2124 947 σεται·
2162 894 2213 947 id
2263 903 2345 948 est
2388 913 2401 946 ;
2438 912 2454 944 ι
2487 892 2583 946 ilic
2630 892 2769 947 dicet
2802 912 2813 946 :
2860 894 2950 948 Dei
2989 910 3138 960 snm,
3168 907 3223 951 et
3272 897 3359 951 hic
3400 898 3510 952 cla-

1926 985 2092 1039 mabit
2141 986 2191 1038 in
2242 986 2460 1039 nomine
2504 984 2700 1049 Jacob;
2752 995 2807 1039 et
2855 986 2993 1040 alius
3038 986 3308 1043 describet
3344 1005 3507 1043 manu

1924 1090 2019 1129 sua
2049 1092 2060 1125 :
2088 1074 2178 1127 Dei
2221 1090 2362 1139 sum,
2396 1085 2451 1127 et
2501 1074 2552 1127 in
2592 1074 2810 1128 nomine
2844 1075 3011 1129 Israel
3053 1075 3340 1143 clamabit;
3375 1100 3393 1131 ι
3430 1081 3509 1135 sic

1924 1166 2085 1219 habet
2122 1166 2209 1219 ille
2250 1184 2262 1218 :
2310 1166 2598 1235 Θαυμάσαι
2631 1165 2687 1217 δὲ
2742 1165 2889 1229 ἔστι,
2941 1168 3034 1219 καὶ
3090 1169 3507 1239 καταπλαγῆναι

1923 1256 2134 1326 ἀληθῶς
2185 1256 2283 1326 τὴν
2336 1255 2443 1308 τῶν
2496 1256 2846 1326 προφητικῶν
2911 1256 3082 1324 λόγων
3136 1258 3382 1329 δύναμιν,
3431 1260 3509 1323 ὡς

1922 1350 2102 1410 αὐτοῖς
2135 1348 2316 1418 ἔργοις
2361 1348 2426 1399 τὰ
2477 1349 2889 1418 ἀποτελέσματα
2942 1350 3377 1421 παρειλήφαμεν.
3417 1353 3504 1405 Ἐν

1921 1440 2050 1508 γοῦν
2086 1443 2195 1502 τοῖς
2239 1439 2358 1491 καθ’
2408 1442 2554 1510 ἡμᾶς
2608 1441 2806 1503 αὐτοὺς
2862 1441 3174 1512 γενομένοις
3222 1443 3503 1513 διωγμοῖς,

1923 1532 2147 1595 πολλοὺς
2181 1532 2287 1585 τῶν
2330 1532 2640 1600 ἀλλοφύλων
2688 1534 2856 1587 ἐθνῶν
2889 1534 3251 1605 ἐθεασάμεθα,
3296 1550 3503 1605 προαρ-

1923 1623 2189 1688 πάζοντας
2233 1626 2444 1687 ἑαυτοῖς
2478 1626 2572 1687 τὰς
2614 1625 2720 1678 τῶν
2769 1626 2938 1693 ἁγίων
2977 1626 3184 1697 ἀνδρῶν
3231 1643 3503 1697 προσηγορ

1924 1716 2071 1783 ρίας·
2119 1710 2191 1767 ὧν
2233 1718 2259 1767 ὁ
2308 1717 2404 1785 μὲν
2440 1716 2627 1769 ἑαυτὸν
2668 1716 2861 1769 Ἰακὼϐ
2911 1716 3127 1780 ἐκάλει,
3182 1718 3274 1770 καὶ
3319 1718 3504 1787 ἕτερος

1932 1804 2166 1876 Ἰσραὴλ,
2227 1806 2382 1869 ἄλλος
2416 1807 2472 1859 δὲ
2530 1806 2815 1877 Ἰερεμίαν,
2871 1808 2964 1861 λαὶ
3009 1807 3234 1860 Ἡσαΐαν
3278 1807 3501 1876 ἕτερος,

1920 1898 2011 1951 καὶ
2068 1898 2262 1968 Δανιὴλ
2305 1898 2463 1952 πάλιν
2510 1898 2686 1961 ἄλλος.
2735 1899 2970 1951 Τοιαῦτα
3018 1899 3147 1967 γοῦν
3199 1897 3499 1969 ἐπιγραφό-

1922 2004 2070 2056 μενοι
2142 1989 2378 2058 ὀνόματα
2440 1988 2530 2041 ἐπὶ
2584 1989 2641 2040 τὸ
2712 1989 3006 2060 μαρτύριον
3064 1989 3156 2041 τοῦ
3214 1989 3347 2041 Θεοῦ
3406 1990 3503 2042 σὺν

1918 2079 2096 2150 πολλῷ
2127 2079 2315 2151 θάρσει
2347 2082 2439 2133 καὶ
2475 2081 2754 2152 παρῤησίᾳ
2791 2080 3103 2151 παρῄεσαν
3140 2080 3175 2133 ἃ
3203 2079 3265 2151 δὴ
3300 2079 3501 2150 σημαί-

1915 2185 2077 2221 νουσα
2122 2170 2153 2239 ὴ
2190 2171 2493 2240 προφητεία
2539 2170 2735 2239 φησίνθ
2776 2166 2963 2235 Οὗτος
3007 2170 3143 2237 ἐμεῖ’
3196 2169 3305 2223 Τοῦ
3353 2168 3501 2223 Θεοῦ

1873 2244 1886 2252 ’
1914 2262 2050 2328 εἰμι,
2076 2278 2127 2312 κ.
2158 2278 2205 2312 τ.
2234 2259 2283 2313 λ.
2314 2260 2423 2316 Hoc
2447 2270 2565 2316 est:
2601 2281 2617 2311 ι
2645 2260 3003 2331 Μίιτίιτίξιιιίιιιθ
3034 2258 3179 2315 Subit
3206 2260 3500 2331 prophetia:

1915 2353 2021 2406 vim
2058 2363 2112 2407 et
2139 2352 2458 2418 eﬂicaciam,
2489 2364 2545 2408 et
2579 2368 2739 2423 quam
2779 2368 2907 2407 vere
2934 2354 3011 2409 rei
3043 2363 3298 2408 eventum
3327 2352 3500 2407 oculis

1912 2442 2339 2511 perceperimus.
2389 2440 2522 2495 Nam
2556 2442 2605 2494 in
2643 2440 3111 2511 persecutionibus
3140 2449 3327 2506 nostro
3365 2450 3497 2492 tem-

1913 2548 2045 2602 pore
2072 2532 2383 2597 concitatis,
2410 2532 2609 2587 multos
2652 2546 2716 2587 ex
2755 2530 3077 2600 alienigenis
3122 2529 3372 2598 gentibus
3420 2528 3501 2581 vi-

1912 2625 2111 2689 dimus,
2160 2626 2251 2693 qui
2308 2635 2623 2680 sanctorum
2685 2624 2928 2678 virorum
2987 2624 3205 2677 nomina
3265 2635 3498 2689 usurpa-

1910 2714 2068 2779 bant;
2106 2713 2245 2770 alius
2278 2717 2478 2784 quippe
2507 2730 2628 2770 sese
2672 2714 2934 2769 Jacobum
2981 2713 3317 2783 appellabat;
3358 2714 3499 2767 alius

1910 2806 2188 2870 lsraelem,
2223 2806 2362 2860 alius
2409 2806 2737 2872 Jeremiam;
2786 2807 2873 2861 hic
2909 2805 3189 2869 llesaiam,
3239 2806 3343 2860 iste
3383 2802 3493 2859 Da-

1909 2896 2129 2953 nielem.
2184 2896 2398 2952 Etenim
2452 2897 2535 2951 his
2589 2896 2694 2951 sibi
2747 2896 3001 2966 ascriptis
3055 2895 3386 2960 nominibus,
3421 2895 3491 2949 ad

1911 2988 2229 3059 martyrium
2295 3002 2393 3057 pro
2446 2988 2555 3042 Deo
2612 2986 2953 3041 subeundum
3018 3000 3141 3040 cum
3195 2983 3391 3038 ﬁducia
3440 2992 3496 3038 et

1910 3080 2215 3136 constantia
2250 3079 2601 3134 accedebant.
2629 3077 2758 3144 Quae
2795 3077 3073 3147 prophetia
3100 3076 3327 3142 indicat,
3362 3074 3488 3129 dum

1911 3173 1987 3227 ait
2036 3192 2048 3225 :
2097 3171 2199 3224 Hic
2228 3172 2361 3224 dicet
2395 3187 2411 3223 :
2442 3171 2536 3224 Dei
2571 3186 2718 3235 sum,
2752 3180 2856 3223 etc.
2908 3187 2926 3221 ι

2017 3263 2075 3315 ν.
2105 3261 2390 3324 Principum
2414 3262 2718 3311 saecularium
2745 3274 2863 3323 erga
2891 3260 3162 3309 Ecclesiam
3197 3260 3373 3321 pietas.

1978 3343 2039 3399 In
2096 3346 2239 3400 hunc
2294 3360 2509 3400 versum
2568 3359 2689 3415 cap.
2742 3358 2869 3397 thx
2905 3362 2917 3397 :
2952 3362 2969 3394 ι
3008 3344 3070 3397 Et
3124 3354 3287 3398 erunt
3337 3356 3493 3413 reges

1906 3438 2118 3493 nutritii
2154 3437 2259 3503 tui,
2296 3447 2350 3491 et
2398 3437 2599 3506 regina:
2638 3435 2882 3490 nutrices
2929 3445 3073 3500 tuae,
3100 3453 3118 3486 ι
3166 3435 3281 3488 haec
3325 3434 3490 3488 habet

1906 3530 2174 3585 Eusebius
2211 3538 2512 3584 memoratu
2568 3528 2729 3598 plane
2780 3526 2982 3596 digna:
3027 3514 3229 3592 (Quod
3274 3526 3342 3581 ad
3392 3527 3486 3579 lit-

1908 3630 2079 3676 teram
2116 3622 2397 3691 impletum
2450 3621 2581 3690 ipsis
2620 3618 2797 3675 oculis
2824 3620 3121 3686 cernimus,
3158 3621 3283 3673 dum
3326 3619 3362 3674 ii
3394 3619 3488 3691 qui

1903 3727 2217 3782 supremum
2273 3712 2561 3782 imperium
2600 3711 2871 3777 obtinent,
2920 3711 3257 3776 Ecclesiam,
3309 3711 3486 3764 nutri-

1905 3804 2100 3856 tiorum
2137 3804 2331 3865 instar,
2378 3810 2593 3871 gestant
2621 3813 2677 3857 et
2714 3803 2943 3859 fovent:
2982 3819 3057 3861 ac.
3098 3804 3298 3873 regina:
3348 3818 3485 3872 gen-

1903 3893 2055 3955 tium,
2090 3892 2139 3944 id
2177 3898 2279 3953 est,
2322 3891 2658 3959 singularum
2706 3892 2945 3960 gentium
2994 3901 3045 3947 et
3079 3892 3484 3961 provinciarum

1902 3988 2277 4055 magistratus,
2322 4000 2557 4055 superno
2600 3984 2712 4053 regi
2765 3986 3174 4052 ministrantes,
3224 3996 3485 4057 tanquam

1900 4077 2163 4140 nutrices,
2220 4060 2549 4145 pauperibus
2611 4075 2867 4130 Ecclesiae
2924 4076 3277 4146 imperatorio
3347 4085 3483 4130 nutu

1897 4182 2163 4222 annonam
2215 4167 2603 4234 suppeditant:
2639 4181 2809 4234 quare
2850 4167 3090 4220 nutrices
3124 4166 3243 4234 ejus
3281 4180 3484 4221 vocan-

1899 4266 2017 4320 tur;
2048 4257 2160 4310 sive
2188 4256 2482 4309 secundum
2503 4254 2910 4325 Symmachum,
2935 4274 2953 4306 ι
2981 4255 3063 4310 lac
3091 4255 3393 4326 prrebentes
3414 4272 3431 4324 ;
3456 4275 3478 4311 ι

1897 4349 1976 4402 sic
2018 4348 2159 4401 enim
2196 4345 2361 4401 habet
2417 4364 2429 4400 :
2477 4346 2543 4399 Et
2588 4346 2779 4416 regina:
2820 4364 3000 4401 eorum
3035 4349 3117 4402 lac
3152 4351 3478 4407 orwbebunt.

228 4438 573 4510 Hegesippum
602 4452 659 4495 ut
686 4442 789 4497 sibi
820 4443 1205 4513 astipulantem
1231 4443 1407 4499 aﬂ‘ert.
1440 4444 1529 4501 Ille
1562 4463 1793 4517 namque
1828 4448 1870 4501 1)
1901 4439 2033 4507 Quis
2062 4449 2241 4495 autem
2295 4448 2619 4494 memoratos
2666 4438 2949 4508 przrfeclos
2999 4456 3230 4498 cernens
3287 4444 3341 4498 in
3390 4459 3482 4500 ec-

222 4526 469 4585 Jacobum
519 4533 735 4601 quidem
782 4549 903 4589 cum
952 4535 1210 4605 apostolis
1246 4534 1545 4593 Ecclesiam
1577 4538 1796 4595 Jeroso-

226 4622 526 4694 lymitanam
563 4628 770 4683 rexisse
813 4628 923 4693 ait,
970 4644 1070 4684 nec
1105 4631 1226 4685 ideo
1276 4640 1452 4687 tamen
1502 4633 1675 4701 ipsum
1726 4650 1793 4689 ex

226 4716 285 4768 12
316 4718 685 4787 apostolorum
730 4736 959 4776 numero
1002 4736 1108 4775 non
1156 4721 1345 4789 fuisse,
1389 4724 1475 4779 vel
1528 4727 1791 4793 declarat,

223 4808 295 4861 vel
326 4810 524 4865 innuit.
556 4808 710 4875 Quod
751 4827 881 4866 vero
914 4813 966 4865 in
996 4812 1429 4871 Commentariis
1463 4816 1517 4870 in
1544 4815 1792 4877 Psalmos

223 4898 290 4950 ait
335 4898 627 4964 Eusebius,
657 4901 799 4954 baud
836 4900 1054 4957 diﬂicile
1088 4919 1208 4959 esse
1251 4904 1518 4975 cujusque
1571 4918 1791 4976 aposto-

223 4984 382 5042 lorum
433 4989 634 5043 tribum
686 4992 1000 5059 assiguare,
1043 4992 1132 5047 hic
1179 4993 1507 5048 confirmare
1555 4996 1788 5062 videtur,

223 5076 337 5130 dum
376 5079 455 5133 ait
505 5077 704 5133 Judam
770 5082 1071 5150 apostolum
1126 5083 1460 5152 proditorem
1520 5099 1586 5140 ex
1648 5088 1791 5141 tribu

222 5165 467 5235 prraim
499 5169 691 5226 fuisse.

352 5283 431 5332 IV.
462 5284 742 5345 Singularis
763 5285 964 5335 Eusebii
985 5287 1049 5335 de
1075 5288 1367 5349 martyribus
1390 5293 1622 5340 narratio.

285 5366 574 5435 Singulare
622 5382 849 5437 prorsus
892 5379 977 5424 est
1020 5369 1163 5437 quod
1200 5371 1365 5427 habet
1410 5374 1680 5429 Eusebius
1724 5375 1792 5430 de

222 5455 281 5511 iis
324 5459 449 5528 qui,
493 5473 561 5512 ex
594 5459 889 5526 gentilibus
920 5461 987 5515 ad
1025 5462 1181 5517 fidem
1231 5465 1511 5531 conversi,
1543 5467 1609 5519 ad
1643 5480 1788 5520 mar-

224 5550 405 5618 tyrium
452 5551 819 5615 accedebant;
870 5554 1013 5622 quod
1045 5556 1274 5623 scilicet,
1309 5557 1545 5628 propriis
1596 5558 1789 5628 positis

226 5640 540 5706 nominibus,
569 5640 869 5711 priscorum
906 5646 1344 5714 patriarcharum
1389 5656 1445 5703 et
1490 5649 1787 5718 propheta-

227 5741 331 5784 rum
366 5732 660 5796 vocabula,
704 5735 770 5791 ad
815 5751 1006 5795 necem
1042 5753 1140 5795 nro
1184 5737 1402 5796 Christo
1454 5740 1786 5798 subeundam

1899 4531 2061 4586 etesia
2097 4531 2189 4584 Dei
2222 4545 2397 4599 genua
2439 4529 2681 4595 ﬂectere,
2711 4545 2774 4584 ac
2810 4532 2865 4584 in
2898 4531 3136 4588 frontem
3168 4533 3320 4588 humi
3359 4549 3479 4606 pro-

1897 4621 2187 4684 cumbere,
2231 4635 2335 4674 non
2400 4621 2633 4675 fateatur
2686 4620 2825 4677 hanc
2879 4624 3218 4692 prophetiam
3275 4625 3344 4681 ad
3388 4626 3475 4681 lit-

1899 4720 2066 4765 teram
2112 4710 2437 4779 completam
2491 4729 2647 4778 esse,
2698 4731 2801 4785 qua
2849 4716 3050 4772 diserte
3100 4718 3211 4772 ait:
3242 4736 3262 4770 ι
3302 4717 3479 4790 Super

1896 4804 2089 4858 faciem
2114 4812 2271 4857 terra:
2297 4804 2600 4860 adorabunt
2624 4816 2699 4871 te,
2726 4816 2780 4862 et
2818 4808 3090 4876 pulverem
3146 4810 3477 4879 pedumtuo-

1903 4912 2024 4949 rum
2050 4896 2309 4964 lingent.»
2349 4896 2444 4951 Ubi
2472 4898 2621 4951 vides
2652 4899 2779 4953 item
2814 4916 3021 4957 morem
3054 4900 3474 4971 genuﬂectendj,

1896 5002 1959 5043 ac
1988 4987 2041 5040 in
2079 4997 2277 5041 terram
2315 4990 2727 5057 procumbendi,
2766 4993 2853 5047 hic
2886 5006 2943 5048 ut
2976 4996 3028 5049 in
3056 4994 3474 5051 Commentariis

1894 5076 1947 5130 iu
1995 5076 2240 5130 Psalmos
2273 5077 2578 5147 pnrdicari.

2606 5168 2634 5239 §
2676 5169 2765 5225 ιν.

1894 5257 1935 5313 1.
1975 5256 2304 5332 Denteroses
2327 5257 2662 5332 Iudaeorum.
2691 5259 2753 5332 li.
2794 5260 2869 5332 Qe
2903 5261 3222 5332 patriarcltis
3252 5270 3301 5314 et
3346 5278 3476 5332 apo-

1962 5326 2112 5381 stolis
2164 5329 2304 5395 apud
2348 5327 2585 5381 Judwos.
2647 5328 2733 5383 ill.
2786 5326 3040 5382 Eusebius
3096 5328 3320 5385 Hebraeo
3373 5326 3474 5384 ito-

1962 5406 2104 5534 ;tore
2142 5406 2218 5449 est
2253 5413 2398 5451 usus.
2433 5396 2519 5452 iV.
2548 5399 2633 5451 Ait
2675 5409 2869 5453 terram
2903 5415 3005 5451 non
3050 5414 3159 5453 esse
3214 5403 3474 5471 sphwrica

1988 5482 2153 5520 arma.

2322 5558 2359 5608 Ι.
2398 5558 2704 5608 Deuteroses
2735 5559 3033 5612 Iudaeorum.
3101 5594 3107 5600 η

1963 5641 2179 5700 Judaaos
2216 5658 2535 5715 plerumque
2569 5646 2883 5715 insectatur,
2914 5652 3027 5719 qui,
3055 5651 3281 5707 dimisso
3317 5650 3467 5707 Scri-

1892 5745 2178 5807 pturarum
2214 5753 2341 5796 vero
2395 5738 2633 5808 tramite,
2671 5758 2689 5792 ι
2721 5740 2991 5801 fabulosas
3043 5744 3355 5803 deuteroses
3399 5745 3467 5801 ad
