3968 6498
475 340 541 394 εἴ
1158 333 1423 390 EUSEB"
1463 330 1941 389 CESARIENSIS
1980 329 2023 381 ί.)

2177 325 2354 380 PARS
2393 326 2479 379 ιιι.
2524 357 2591 365 -
2630 326 3040 384 ΕΧΕΟΕΤΙΟΑ..
3654 334 3729 387 88

476 456 723 510 lectionis
756 453 1172 523 explicationem
1205 452 1543 504 adhiberent.
1580 447 1840 500 Doctores
1873 457 2048 495 autem
2080 448 2125 504 Α
2156 441 2363 493 videtur
2400 441 2725 509 Epiphanius
2759 442 2890 495 hacr.
2921 456 3115 505 χχχιιι,
3150 460 3297 498 num.
3327 449 3393 499 4:
3430 451 3595 511 ῦυτος
3616 452 3727 521 γὰρ

474 552 734 613 ipsorum,
760 545 849 614 qui
894 543 1193 597 doctrinam
1250 540 1715 609 cauponahantur,
1755 551 1784 590 e
1818 550 1875 590 re
1918 551 2046 590 cau-

471 653 637 701 pones
668 635 795 688 dicti
830 642 993 685 sunt:
1030 632 1120 699 qui
1154 630 1335 683 viuum
1371 645 1509 697 aqua
1554 628 1877 688 miscebant,
1918 626 2043 678 dum

470 741 723 781 sermone
768 725 821 777 in
859 738 1053 792 aquam
1107 720 1362 785 resoluto,
1405 734 1608 773 meram
1651 728 1704 772 et
1735 717 2043 771 restrictum

468 820 775 871 divinarum
831 814 1236 882 Scripturarum
1301 823 1578 872 mentem,
1628 823 1725 877 per
1766 820 2043 861 commen-

394 942 407 949 ς
470 908 616 960 titias
672 921 801 960 suas
871 906 1189 959 deuteroscs
1254 901 1593 957 foedarent.»
1655 898 1821 952 Erant
1882 909 2044 964 porro

467 999 812 1061 deuteroses,
864 996 977 1050 sive
1027 994 1278 1049 secundae
1334 993 1687 1056 traditiones,
1747 987 2043 1058 Epiphanio

470 1094 605 1141 teste
636 1088 767 1140 haar.
799 1100 993 1147 χχχιιι,
1030 1099 1081 1137 n.
1108 1084 1164 1147 9,
1194 1081 1558 1151 qttadwplicis
1582 1079 1822 1147 generis;
1856 1078 2042 1146 primae

470 1174 670 1243 Bloysis
706 1174 925 1228 nomine
962 1171 1523 1234 circumferebantur;
1568 1169 1820 1223 secundae
1870 1165 2039 1219 Rabbi

470 1258 705 1322 ’Λκιϐας
740 1258 911 1311 ιρι-ηαξ
938 1257 1127 1322 Addat,
1192 1255 1308 1309 sive
1342 1254 1525 1318 J‘udze;
1563 1259 1768 1321 quarta:
1807 1250 2039 1304 filiorum

463 1350 792 1403 Assamonaai
838 1358 1014 1403 erant.
1045 1346 1387 1401 Traditiones
1428 1344 1546 1398 illas
1583 1342 1793 1398 Hebraei
1845 1349 2041 1396 vocant

461 1449 649 1508 nam,
684 1440 881 1507 Minio,
912 1441 1055 1510 quod
1108 1438 1247 1493 idem
1289 1447 1445 1492 sonat
1477 1444 1639 1506 atque
1670 1434 1899 1488 secunda
1938 1443 2043 1488 tra-

462 1534 613 1585 ditio.
646 1533 726 1587 An
759 1548 920 1603 porro
950 1533 1051 1587 illae
1082 1533 1148 1586 ab
1182 1530 1420 1600 antiquis
1458 1529 1689 1582 laudata:
1725 1526 2039 1582 traditiones

462 1625 662 1678 eaedem
719 1634 883 1693 atque
938 1624 1214 1678 hodierna:
1269 1623 1408 1686 sint,
1467 1621 1769 1676 edisserere
1815 1634 1920 1674 non
1954 1628 2037 1675 est

462 1716 694 1770 instituti
738 1717 930 1771 nostri.

566 1828 569 1829 ⁷
646 1828 709 1877 ll.
733 1829 808 1877 De
837 1830 1124 1891 patriarcbis
1149 1834 1201 1877 et
1231 1828 1464 1890 apostolis
1488 1829 1616 1889 apud
1638 1827 1848 1876 Judaeos.

528 1911 680 1977 Quod
730 1912 796 1965 ad
848 1912 1191 1981 patriarchas
1230 1910 1577 1973 Judaeorum,
1629 1924 1750 1980 quae
1800 1908 2036 1979 dignitas

461 2001 676 2055 nonnisi
718 2010 841 2072 post
878 2003 1028 2057 utbis
1066 2001 1338 2056 excidium
1372 2010 1627 2069 usurpata
1675 2008 1915 2069 putatur,
1947 2014 2037 2052 eo-

454 2108 574 2147 rum
626 2098 962 2153 mentionem
1019 2098 1147 2152 facit
1203 2097 1468 2151 Eusebius
1514 2095 1578 2149 ad
1618 2103 1778 2163 caput
1826 2093 2036 2148 llcsaia:

454 2197 535 2247 ιιι,
563 2200 615 2238 v.
642 2188 696 2249 4.
734 2188 819 2242 his
862 2175 1080 2242 verbis:
1108 2188 1204 2250 Τίς
1246 2184 1337 2241 οὖν
1366 2188 1507 2258 ὀρῶν
1548 2188 1675 2250 τοὺς
1720 2186 1868 2257 παρὰ
1906 2188 2035 2239 Ἰου-

454 2272 622 2339 δαίοις
664 2277 1100 2348 ὀνομαζομένους
1140 2281 1512 2350 πατριάρχας,
1550 2278 1866 2340 νεανίσκους
1905 2277 2035 2347 άλη-

453 2364 580 2429 θῶς,
612 2367 672 2418 οὐ
701 2366 798 2438 τὴν
831 2368 939 2420 τῶν
975 2370 1243 2439 σωμάτων
1270 2370 1507 2441 ἡλικίαν,
1547 2368 1682 2422 ἀλλὰ
1714 2370 1813 2433 τὰς
1858 2369 2033 2441 ψυχὰς

452 2456 681 2521 ἀτελεῖς,
721 2459 815 2511 καὶ
842 2459 1039 2522 ἐνδεεῖς
1077 2460 1320 2529 φρενῶν;
1357 2460 1483 2523 τούς
1521 2476 1578 2513 τε
1610 2459 1827 2521 λοιποὺς
1856 2458 2034 2511 αὐτῶν

452 2545 825 2611 διδασκάλους,
862 2550 963 2602 οὐκ
996 2549 1061 2603 ἂν
1091 2551 1233 2603 εἴποι
1268 2552 1575 2623 ἐμπαίκτας
1607 2550 1773 2616 εἶναι,
1821 2552 1914 2603 καὶ
1942 2550 2035 2613 οὓς

452 2634 483 2700 ἡ
516 2635 824 2705 προφητεία
848 2637 1071 2708 ὲδήλου;
1107 2638 1160 2692 ld
1190 2648 1271 2693 est
1304 2661 1315 2694 :
1351 2657 1369 2689 ι
1398 2639 1529 2704 Quis
1569 2653 1700 2709 ergo
1727 2639 2034 2707 conspectis

382 2760 389 2763 ‹
453 2724 596 2787 illis,
650 2726 739 2795 qui
790 2728 930 2796 apud
974 2728 1188 2784 Iudaeos
1243 2731 1565 2799 patriarchas
1611 2739 1896 2795 vocantur,
1941 2746 2034 2787 eos

452 2830 558 2870 non
589 2832 849 2884 corporea
894 2827 1122 2884 statura,
1152 2820 1246 2874 sed
1282 2820 1447 2874 animi
1490 2820 1931 2886 imperfectione,
1968 2838 2033 2879 ac

450 2906 648 2960 mentis
698 2908 1028 2979 indigentia,
1078 2925 1203 2965 vere
1252 2926 1449 2980 pueros
1495 2926 1601 2966 non
1655 2922 1849 2979 vocet;
1898 2913 2030 2968 reli-

450 3012 693 3064 quosque
719 3012 905 3053 eorum
936 3001 1209 3069 doctores,
1258 3018 1364 3056 non
1400 3003 1549 3058 dicat
1580 3018 1701 3059 esse
1732 3005 2029 3070 derisores,

449 3085 633 3151 quales
664 3089 946 3157 prophetia
989 3090 1222 3145 indicat?
1251 3111 1269 3143 ι
1306 3093 1475 3146 Erant
1505 3109 1668 3162 porro
1706 3096 2033 3164 patriarcha:

452 3176 725 3245 principes
751 3177 992 3234 Judaicaa
1018 3182 1215 3249 gentis,
1251 3190 1385 3238 teste
1413 3183 1713 3253 Epiphanio
1739 3188 1869 3242 ltrer.
1900 3205 2028 3254 xxx,

454 3283 603 3321 num.
629 3269 684 3333 4,
716 3280 764 3324 et
800 3270 1001 3326 Codice
1046 3273 1425 3330 Tlteodosiano
1457 3276 1492 3329 l.
1524 3293 1637 3342 χνι,
1677 3279 1759 3332 tit.
1788 3280 1841 3335 8.
1878 3279 2033 3338 Hune

453 3373 581 3412 vero
635 3360 853 3416 Eusebii
910 3362 1086 3417 locum
1135 3364 1215 3419 sic
1264 3367 1521 3437 exprimit
1567 3367 1929 3440 HierOnymus
1978 3373 2031 3427 in

452 3452 699 3506 eumdem
752 3454 1076 3509 versiculum
1119 3474 1131 3508 :
1168 3474 1185 3506 ι
1218 3456 1637 3515 Consideremus
1690 3463 2033 3531 patriarchas

450 3541 783 3609 Judaaorum,
812 3557 866 3600 et
893 3548 1140 3616 juvenes,
1178 3551 1293 3605 sive
1327 3566 1547 3621 pueros,
1578 3552 2031 3628 etl‘eminatosque

449 3650 512 3689 ac
542 3635 753 3694 deliciis
790 3639 1089 3706 afﬂuentes,
1120 3651 1176 3698 et
1216 3642 1491 3714 impletam
1540 3649 1879 3718 prephetiam
1911 3665 2033 3707 esse

448 3739 773 3795 cernemus;
808 3751 826 3783 ι
869 3732 922 3785 id
972 3748 1037 3786 ex
1075 3734 1331 3799 Eusebio,
1385 3746 1444 3790 ut
1494 3747 1549 3791 et
1594 3738 1854 3810 pleraque
1901 3742 2029 3809 alia,

450 3826 752 3873 mutuatus.
786 3821 858 3873 De
892 3824 1151 3891 apostolis
1180 3824 1306 3878 item
1341 3824 1653 3882 Judmorum
1694 3831 1859 3883 verba
1902 3831 2031 3886 facit

446 3900 712 3963 Eusebius
752 3912 817 3963 ad
861 3923 1217 3980 caputxvttt,
1247 3930 1299 3975 v.
1330 3916 1380 3983 1,
1422 3916 1474 3969 Ὁ
1524 3918 1923 3972 ἀποστέλλων
1962 3920 2031 3972 ἐν

448 3995 731 4068 θαλάσσῃ
766 4000 989 4069 ὅμηρα·
1028 4004 1080 4058 id
1114 4016 1198 4061 est
1231 4028 1244 4062 :
1280 4028 1297 4059 ι
1328 4009 1428 4075 Qui
1461 4010 1629 4064 mittit
1675 4010 1727 4064 in
1753 4025 1903 4066 mare
1933 4012 2031 4065 ob-

446 4087 633 4141 sides:
666 4106 685 4139 ›
736 4091 825 4144 ttbi
875 4092 1237 4163 Symmachus
1282 4098 1466 4163 vertit,
1513 4098 1862 4153 ἀποστέλλων
1897 4101 2030 4153 ἀπο-

447 4177 664 4239 στόλους
687 4181 744 4234 ὲν
766 4180 1033 4254 eamcon-
1062 4203 1080 4235 ι
1104 4183 1205 4251 Qui
1238 4188 1399 4242 mittit
1423 4189 1697 4258 apostolos
1718 4189 1770 4243 in
1800 4205 1979 4258 mare;
2006 4209 2023 4240 ι

447 4267 561 4320 haec
588 4270 731 4323 enim
759 4271 944 4338 adjicit
974 4284 988 4327 ξ
1012 4275 1080 4327 Οἵ
1118 4293 1177 4328 τε
1205 4277 1490 4332 ἀπόστολοι
1519 4279 1720 4343 αὐτῶν,
1746 4278 2030 4342 ἐπιστολὰς

447 4358 688 4429 βιϐλίνας
721 4364 1089 4436 κομιζόμενοι,
1122 4367 1379 4441 ὑπεράνω
1412 4387 1471 4422 τε
1506 4368 1614 4423 τῶν
1649 4369 1854 4423 ὑδάτων
1902 4387 2028 4421 ναυ-

444 4448 775 4519 τιλλόμενοι,
816 4454 912 4507 καὶ
974 4456 1073 4527 τὴν
1126 4458 1401 4512 θάλασσαν
1448 4458 1804 4529 ἐμπλέοντες,
1850 4459 2025 4513 ἁπαν-

446 4539 611 4609 ταχοῦ
658 4542 760 4613 γῆς
810 4544 1101 4618 διέτρεχον,
1147 4547 1239 4601 τδν
1287 4547 1538 4619 περὶτοῦ
1580 4548 1830 4620 Σωτῆρος
1870 4549 2025 4621 ἡμῶν

446 4631 880 4702 ἐνδιαϐάλλοντες
924 4639 1100 4709 λόγον.
1144 4642 1498 4706 Ἀποστόλους
1524 4643 1579 4695 δὲ
1608 4643 1773 4695 εἰσέτι
1808 4644 1903 4696 καὶ
1930 4644 2024 4698 νῦν

444 4718 564 4784 εΟος
605 4726 754 4779 ἐστὶν
806 4729 1078 4795 Ἰουδαίοις
1126 4731 1411 4802 ὀνομάζειν
1477 4732 1602 4793 τοὺς
1638 4732 1706 4784 τὰ
1759 4733 2025 4801 ἐγκύκλια

443 4816 748 4887 γράμματα
797 4823 946 4894 παρὰ
997 4824 1105 4877 τῶν
1148 4825 1426 4895 ἀρχόντων
1483 4824 1661 4879 αὐτῶν
1709 4826 2023 4898 ἐπικομιζο-

454 4904 664 4973 μένους.
711 4909 825 4967 Hoc
872 4924 958 4968 est
1011 4932 1025 4968 :
1081 4933 1098 4965 ι
1129 4915 1479 4983 Apostolique
1502 4930 1718 4982 eorum,
1767 4918 2022 4989 epistolas

446 4993 679 5055 biblinas
714 5001 1048 5070 deferentes,
1090 5020 1155 5058 ac
1186 5020 1346 5074 supra
1377 5007 1596 5060 dorsum
1644 5021 1925 5076 aquarum,
1968 5018 2025 5066 et

445 5090 499 5141 in
538 5092 673 5145 mari
702 5093 1043 5164 navigantes,
1094 5096 1292 5164 ubique
1328 5105 1593 5151 terrarum
1626 5098 2023 5168 discurrebant,

444 5194 749 5237 sermonem
803 5185 872 5240 de
928 5183 1221 5241 Servatore
1288 5194 1477 5242 nostro
1528 5189 1816 5245 calumniis
1869 5191 2022 5246 velli-

443 5280 645 5327 rantes.
674 5274 957 5343 Apostolos
983 5291 1113 5330 vero
1142 5278 1304 5332 etiam
1338 5295 1478 5335 nunc
1513 5280 1677 5336 Judaei
1712 5294 2023 5351 nuncupare

444 5362 625 5418 solent
657 5380 774 5432 eos,
824 5367 915 5436 qui
972 5367 1269 5424 circulares
1318 5371 1621 5441 principum
1664 5388 1882 5428 suorum
1932 5373 2023 5428 lit-

445 5462 588 5508 teras
623 5456 1048 5525 circumquaque
1075 5456 1376 5513 deferunt.»
1404 5461 1528 5517 llaec
1562 5479 1721 5534 porro
1751 5474 2020 5534 postrema

342 5552 347 5559 '
440 5546 630 5611 verba,
660 5548 993 5610 ἀποστόλους
1036 5549 1092 5601 δὲ
1138 5550 1301 5604 εἰσέτι
1349 5554 1441 5607 καὶ
1484 5554 1597 5621 νῦν,
1630 5565 1758 5622 etc.,
1790 5559 2021 5627 ascripta

445 5635 612 5691 habes
636 5640 773 5706 apud
797 5637 1207 5705 (Ecumenium,
1231 5643 1298 5696 ad
1328 5641 1617 5712 Epistolam
1642 5648 1710 5700 ad
1733 5646 2018 5703 Romanos.

444 5724 519 5782 De
571 5728 829 5799 apostolis
880 5728 1184 5787 .luda'orum
1258 5734 1473 5802 paulum
1538 5738 1747 5794 diversa
1806 5738 2019 5795 tradere

2147 532 2174 581 ὁ
2217 529 2474 599 Ἰώσηπος
2524 530 2628 580 τῶν
2682 531 2810 599 παρ’
2843 530 3025 592 αὐτοῖς
3075 529 3457 600 ἀξιωματικῶν
3514 535 3727 604 ἀνδρῶν

2146 621 2455 690 ἐναρίθμιος
2502 615 2588 689 ἦν.
2620 621 2739 672 Εἰσὶ
2784 620 2839 672 δὲ
2874 615 3017 673 οὗτοι
3060 620 3196 691 μετὰ
3241 623 3330 675 τὸν
3378 625 3728 695 πατριάρχην

2146 708 2428 762 ἀπόστολοι
2491 708 2844 778 καλούμενον
2896 711 3315 783 προσεδρεύουσι
3368 713 3424 766 δὲ
3480 715 3558 784 τῷ
3616 733 3724 769 πα-

2146 801 2400 872 τριάρχῃ,
2433 800 2527 852 καὶ
2560 801 2654 853 σὺν
2695 800 2845 870 αὐτῷ
2888 802 3165 865 πολλάκις,
3198 804 3292 856 καὶ
3336 806 3393 856 ὲν
3432 807 3585 859 νυκτὶ
3627 804 3727 860 καὶ

2144 893 2200 946 ἐν
2241 894 2441 964 ἡμέρᾳ,
2491 892 2727 962 συνεχῶς
2773 893 3049 961 διάγουσι,
3099 894 3187 947 διὰ
3222 894 3283 947 τὸ
3329 896 3724 966 συμϐουλεύειν

2144 985 2237 1036 καὶ
2286 984 2576 1055 ἀναφέρειν
2640 982 2786 1052 αὑτῷ
2833 982 2902 1036 τὰ
2947 983 3088 1036 κατὰ
3133 984 3223 1037 τὸν
3279 985 3460 1054 νόμον.
3499 985 3554 1040 ld
3602 996 3721 1041 est:

2150 1094 2168 1127 ι
2200 1076 2411 1131 Etenim
2461 1075 2548 1129 hic
2608 1076 2719 1143 ipse
2768 1073 3034 1143 Iosephus
3082 1075 3224 1129 inter
3265 1077 3524 1143 dignitate
3584 1093 3725 1146 prae-

2143 1174 2349 1221 stautes
2397 1165 2542 1219 viros
2609 1178 2772 1234 penes
2828 1163 3035 1219 ludmos
3093 1166 3533 1219 numerabatur:
3584 1181 3727 1233 quos

2142 1267 2263 1327 post
2303 1257 2665 1326 patriarcltam
2709 1256 2979 1326 apostolos
3016 1257 3315 1311 nominant.
3359 1257 3615 1313 Assident
3664 1259 3723 1312 lti

2142 1343 2485 1412 patriarchas,
2518 1351 2569 1397 et
2619 1356 2742 1396 cum
2790 1357 2855 1397 eo
2906 1343 3100 1411 saepius
3148 1344 3238 1398 diu
3279 1354 3548 1415 noctuque
3594 1362 3724 1401 ver-

2141 1441 2330 1487 santur
2356 1451 2370 1485 :
2399 1433 2540 1503 quod
2588 1434 2760 1488 eidem
2798 1449 2827 1487 a
2863 1433 3107 1489 consiliis
3139 1435 3276 1500 sint,
3317 1443 3373 1489 et
3419 1436 3485 1489 de
3532 1437 3596 1490 iis
3635 1451 3729 1490 re-

2141 1523 2349 1588 ferant,
2398 1538 2516 1592 quae
2565 1524 2629 1577 ad
2669 1523 2836 1593 legem
2893 1524 3165 1592 pertinere
3203 1524 3515 1579 videntur.»
3565 1524 3719 1591 Quos

2141 1617 2303 1687 igitur
2350 1617 2416 1670 ad
2471 1616 2681 1672 litteras
2726 1616 2867 1671 ultro
2915 1617 3167 1686 citroque
3217 1617 3466 1671 ferendas
3511 1618 3728 1671 consti-

2142 1718 2284 1762 tutos
2318 1711 2393 1761 ait
2442 1707 2739 1770 Eusebius,
2788 1708 3006 1761 eosdem
3056 1715 3265 1772 contra,
3320 1716 3477 1762 noctu
3519 1708 3722 1776 diuque

2066 1792 2113 1851 B
2144 1809 2323 1853 astare
2373 1799 2716 1867 patriarchae,
2766 1798 2975 1867 ipsique
3016 1813 3043 1850 a
3086 1798 3330 1852 consiliis
3361 1813 3483 1853 esse
3535 1809 3725 1852 narrat

2138 1891 2493 1960 Epiphanius.
2550 1890 2747 1963 Verum
2805 1890 3018 1945 Eusebii
3068 1891 3356 1959 explicatio
3410 1906 3531 1944 cum
3586 1907 3728 1945 voce

2142 1980 2465 2044 ἀπόστολος,
2513 1979 2563 2033 id
2621 1989 2702 2034 est
2752 1981 2961 2047 missus,
3014 1982 3185 2050 magis
3237 1983 3507 2035 consentit
3556 2001 3568 2034 :
3627 1984 3721 2035 cui

2136 2072 2334 2126 acciuit
2355 2072 2534 2127 Codex
2560 2071 2964 2127 Thcodosianus
2984 2072 3057 2126 De
3089 2071 3317 2135 Iudicis,
3355 2072 3447 2129 lib.
3476 2088 3589 2136 xw,
3625 2073 3723 2141 qui

2137 2160 2216 2216 sic
2249 2162 2411 2216 habet
2438 2180 2450 2215 :
2495 2181 2513 2213 α
2545 2161 2979 2230 Superstitionis,
3013 2162 3217 2230 inquit,
3248 2161 3474 2228 indigna:
3507 2171 3589 2216 est
3610 2201 3625 2225 ,
3660 2171 3728 2215 ut

2137 2251 2566 2321 archisyuagogi,
2597 2252 2709 2307 sive
2756 2253 3053 2322 presbyteri
3103 2250 3428 2314 Judzeorum,
3454 2251 3536 2303 vel
3580 2266 3731 2319 quos

2137 2339 2239 2411 ipsi
2290 2342 2564 2410 apostolos
2618 2350 2842 2407 vocant,
2884 2342 2974 2410 qui
3032 2341 3096 2395 ad
3145 2342 3466 2411 exigendum
3519 2355 3721 2396 aurum

2136 2440 2296 2499 atque
2342 2439 2644 2499 argentum,
2672 2446 2701 2484 a
2742 2430 3047 2499 patriarcha
3095 2438 3242 2485 certo
3288 2438 3530 2500 tempore
3576 2430 3721 2484 diri-

2135 2529 2351 2591 guntur,
2394 2538 2422 2575 a
2461 2522 2687 2592 singulis
2721 2531 2964 2578 exactam
3010 2536 3276 2576 summam
3321 2531 3485 2591 atque
3524 2536 3720 2577 susce-

2135 2622 2307 2680 ptam;
2351 2614 2415 2667 ad
2451 2612 2699 2669 eumdem
2733 2622 3027 2683 reportent.
3066 2632 3084 2665 ι
3132 2611 3237 2667 Sed
3272 2613 3501 2670 fortasse
3537 2615 3734 2669 conci-

2136 2702 2325 2759 lientur
2373 2704 2675 2772 Opiniones,
2718 2704 2762 2758 si
2804 2704 3064 2767 dicamus,
3108 2703 3381 2772 apostolos
3410 2702 3727 2759 Judaeorutn

2138 2800 2422 2859 atrumque
2453 2793 2772 2861 praestitisse
2798 2807 3023 2861 munus;
3060 2801 3120 2847 ut
3152 2793 3360 2849 scilicet
3389 2794 3723 2863 patriarchae

2135 2882 2455 2949 assiderent,
2484 2899 2550 2938 ac
2577 2884 2696 2954 ejus
2728 2882 2881 2954 jussa
2914 2893 2967 2939 et
2999 2883 3259 2953 epistolas
3286 2884 3431 2941 ultro
3465 2885 3724 2955 citroque

2140 2970 2434 3027 deferrent.

2393 3121 2477 3171 Ill.
2507 3120 2752 3170 Eusebius
2774 3121 2987 3171 Hebraeo
3009 3123 3209 3172 doctore
3232 3129 3308 3172 est
3330 3138 3463 3173 usus.

2205 3269 2285 3323 Ad
2315 3277 2476 3338 caput
2507 3283 2638 3325 vero
2663 3283 2697 3319 ν
2726 3268 2803 3322 ait
2832 3265 3070 3333 Iudaeos,
3098 3270 3195 3339 qui
3222 3270 3291 3325 ab
3330 3272 3616 3325 atheorum
3660 3281 3726 3326 et

2136 3359 2538 3413 idololatrarum
2568 3358 2845 3413 consortio
2868 3357 3088 3413 minime
3119 3359 3504 3423 abhorrebant,
3538 3360 3721 3415 solum

2135 3449 2568 3504 Christianorum
2603 3447 3015 3503 contubernium
3046 3452 3335 3516 aversari,
3375 3450 3584 3519 piaeque
3632 3467 3728 3505 re-

2134 3540 2354 3611 ligionis
2402 3539 2637 3595 cultores
2674 3539 2875 3609 ubique
2908 3538 3108 3609 pellere
3137 3548 3193 3595 et
3239 3554 3457 3595 vexare.
3500 3540 3610 3595 Nec
3636 3550 3729 3595 ta-

2136 3645 2254 3685 men
2285 3631 2504 3685 insitum
2534 3630 2664 3685 illud
2690 3628 3000 3684 Judaeorum
3033 3629 3232 3684 animis
3263 3630 3315 3684 in
3344 3630 3719 3685 Christianum

2135 3736 2328 3776 nomen
2379 3722 2559 3775 odium
2619 3721 2908 3776 Eusebium
2961 3722 3264 3787 deterruit,
3315 3722 3603 3792 quominus
3657 3722 3720 3777 in

2132 3811 2549 3867 Commentariis
2595 3812 2708 3867 suis
2741 3812 2970 3867 Hebraeo
3013 3816 3235 3870 doctore
3268 3814 3338 3868 sit
3369 3828 3518 3876 usus,
3548 3828 3577 3866 a
3608 3827 3727 3881 quo

2132 3918 2237 3957 non
2280 3903 2445 3958 semel
2476 3918 2535 3958 se
2581 3904 3059 3974 interpretationes
3104 3903 3337 3958 mutuari
3374 3918 3501 3958 suas
3542 3904 3721 3972 profi-

2133 4001 2294 4047 tetur.
2322 3992 2411 4058 Et,
2439 3994 2582 4061 quod
2611 3994 2870 4050 observes
2898 3995 3083 4059 velim,
3114 3996 3420 4063 ubicunque
3450 3994 3721 4077 Eusebia:

2132 4097 2192 4138 se
2236 4083 2300 4137 ab
2330 4082 2556 4138 Hebraeo
2587 4084 2830 4149 doctore,
2859 4085 2946 4139 vel
2991 4086 3059 4139 ab
3093 4084 3334 4139 Hebraeis
3365 4083 3568 4152 aliquid
3600 4085 3723 4138 edi-

2132 4174 2330 4229 dicisse
2360 4175 2467 4240 ait,
2517 4174 2714 4230 ibidem
2754 4174 3114 4246 Hieronymus
3144 4191 3203 4231 se
3246 4175 3475 4245 idipsutn
3508 4177 3576 4231 ab
3610 4173 3722 4231 lle-

2138 4265 2291 4320 braeo
2323 4267 2545 4321 doctore
2572 4266 2846 4336 accepisse
2876 4266 3215 4320 testificatur.

2234 4376 2318 4426 IV.
2346 4376 2597 4427 Eusebius
2620 4379 2691 4426 ait
2710 4380 2893 4426 terram
2920 4390 3018 4426 non
3045 4389 3156 4425 esse
3174 4377 3410 4439 spheriea
3434 4377 3601 4428 forma.

2206 4461 2471 4517 Eusebius
2495 4461 2816 4531 plerumque
2848 4460 2901 4514 in
2932 4460 3356 4515 Commentariis
3388 4461 3440 4514 in
3469 4461 3720 4517 Psahnos

2133 4553 2261 4608 dicit
2284 4553 2543 4607 mundum
2573 4550 2836 4621 sphaarica
2869 4549 3037 4605 forma
3061 4562 3210 4614 esse;
3247 4551 3338 4605 sed
3370 4552 3544 4604 addita
3578 4568 3717 4607 cau-

2136 4645 2299 4710 tione,
2348 4657 2466 4698 eam
2516 4658 2639 4699 esse
2690 4642 3044 4712 quorumdam
3095 4643 3400 4712 opinionem
3449 4645 3558 4709 ait,
3610 4661 3714 4701 nce

2133 4737 2365 4794 obscure
2406 4736 2712 4791 subindicat
2745 4751 2805 4791 se
2839 4735 2969 4789 item
3003 4736 3190 4791 eadem
3231 4736 3498 4789 sententia
3534 4751 3659 4791 esse
3692 4755 3710 4791 :

2131 4841 2231 4881 nec
2264 4836 2442 4881 tamen
2475 4826 2527 4879 id
2558 4834 2743 4895 aperte
2792 4826 3034 4895 profiteri
3068 4826 3257 4892 audet,
3298 4827 3424 4893 quia
3460 4824 3713 4881 fortassis

2132 4919 2288 4989 longe
2319 4917 2464 4972 aliud
2506 4918 2849 4972 aestimabant
2886 4916 3031 4970 illius
3078 4916 3256 4971 επιξυιί
3290 4916 3603 4970 Christiani.
3639 4916 3712 4970 At

2131 5010 2219 5065 hic
2282 5016 2507 5063 coactus
2574 5006 2869 5062 secundum
2927 5006 3199 5076 vulgarem
3273 5006 3711 5061 Christianorum

2129 5108 2366 5155 mentem
2421 5099 2570 5154 illum
2624 5096 2836 5153 Hesaite
2890 5098 3066 5152 locum
3110 5112 3231 5166 cap.
3279 5112 3347 5150 xt.
3390 5096 3708 5165 explanare,

2137 5210 2155 5242 σ
2188 5190 2289 5256 Qui
2321 5189 2513 5245 statuit
2540 5188 2738 5245 ctelum
2782 5188 2936 5257 quasi
2973 5187 3256 5252 fornicem,
3288 5198 3341 5242 et
3369 5188 3616 5241 extendit
3651 5197 3711 5241 ut

2130 5280 2534 5337 tabernaculum
2580 5280 2646 5335 ad
2681 5279 3058 5343 habitandum,
3087 5296 3107 5330 ι
3156 5278 3221 5332 ad
3254 5278 3458 5333 Cosmae
3488 5280 3705 5348 opinio—

2129 5388 2252 5428 nem
2288 5385 2511 5443 prorsus
2539 5371 2789 5426 accedit:
2822 5388 2841 5421 ι
2872 5369 3090 5432 Deinde.
3114 5372 3306 5439 inquit,
3340 5386 3644 5426 sermonem
3673 5389 3706 5427 e

2132 5473 2273 5518 terra
2301 5463 2539 5533 erigens,
2570 5462 2854 5515 universos
2883 5462 3099 5526 excitat,
3140 5470 3198 5515 ut
3225 5462 3497 5518 caelestem
3532 5462 3706 5517 forni-

2127 5570 2267 5617 cem,
2292 5564 2348 5609 et
2378 5552 2815 5622 hemisphaerium
2841 5551 2968 5607 illud
2988 5566 3148 5620 supra
3179 5562 3374 5606 terram
3399 5552 3621 5619 elatum,
3645 5562 3703 5607 et

2130 5660 2357 5699 camerae
2394 5646 2567 5698 instar
2592 5643 2844 5699 omnibus
2885 5643 3189 5708 imminens,
3229 5643 3599 5708 admirentur;
3634 5659 3701 5699 ac

2130 5735 2363 5806 cogitent
2392 5744 2591 5804 quanta
2619 5736 2687 5791 sit
2711 5735 2883 5793 virtus
2912 5732 3052 5805 ejus,
3080 5734 3170 5804 qui
3194 5734 3387 5790 cretum
3419 5734 3697 5801 condidit;
