3968 6506
210 367 264 423 89
1183 349 1686 408 COMMENTARIA
1730 350 1796 403 IN
1837 349 2098 403 [SA-1AM.
2132 379 2199 390 —
2237 350 2391 406 CAP.
2432 351 2473 405 ι.
3396 360 3456 415 9r

210 479 671 547 considerentque,
724 487 831 527 non
877 472 992 526 sine
1031 484 1192 525 causa
1230 473 1296 522 ah
1344 484 1408 524 eo
1443 467 1641 523 emtum
1690 475 1771 521 ta-
1800 470 1846 529 Α
1876 466 2030 530 vidit,
2076 480 2182 520 non
2219 482 2403 535 parem
2453 466 2556 521 iilis
2590 467 2643 521 in
2694 468 3081 539 philosophicis
3128 479 3454 530 astronomi-

210 568 459 626 bernaculi
515 568 689 622 instar
724 563 1081 618 constitutum
1136 562 1327 626 tuisse,
1377 574 1609 628 superne
1643 561 1763 628 qni-

207 664 307 716 dem
340 672 641 729 expansum
673 672 835 727 supra
871 655 1075 717 omnia,
1105 668 1225 723 qnze
1258 653 1397 706 intra
1436 652 1609 721 ipsum
1639 666 1767 706 con-

208 754 460 812 tinentur;
498 747 570 801 iis
616 761 746 800 vero
772 746 863 815 qui
906 760 1070 814 supra
1112 742 1308 797 ccelum
1341 749 1489 803 sunt,
1526 740 1767 793 substra-

206 852 296 893 lum
343 838 406 891 ad
461 836 818 893 domicilium.
848 855 867 889 ι
922 834 1052 902 Quae
1118 831 1384 902 ipsissima
1428 839 1509 885 est
1558 829 1768 883 Cosma:

203 930 443 1001 Egyptii,
491 944 559 982 ac
589 944 728 998 pene
757 929 998 983 omnium
1045 934 1286 979 veterum
1316 924 1583 985 Patrum,
1635 935 1760 975 sen-

203 1020 367 1080 tentia,
412 1017 794 1089 Chrysostonii
839 1017 1065 1079 scilicet,
1098 1014 1373 1069 Severiaui
1412 1012 1759 1074 Gabalorum,

200 1109 459 1176 Augustini
492 1119 550 1161 et
584 1108 835 1172 aliorum,
867 1108 956 1177 qui
986 1107 1182 1162 cwlum
1214 1108 1266 1158 in
1301 1104 1521 1158 fornicis
1553 1118 1756 1158 morem

199 1212 334 1253 terra;
378 1200 688 1261 imminere,
733 1215 796 1253 ae
830 1201 1187 1268 undequaque
1222 1196 1391 1249 muris
1432 1194 1757 1248 firmissimis

200 1303 335 1345 terra:
364 1290 545 1357 inniti,
569 1290 816 1344 arbitrati
847 1301 994 1353 sunt,
1026 1289 1416 1357 antipodasquc
1452 1294 1753 1354 negarunt:

200 1382 282 1433 rati
315 1396 411 1433 non
444 1396 609 1449 posse
642 1380 887 1435 homines
920 1381 972 1433 in
1011 1378 1273 1446 oppositis
1312 1389 1467 1431 terrm
1513 1375 1757 1445 partibus

198 1474 409 1527 adversis
439 1474 691 1542 vestigiis
738 1483 905 1540 stare,
937 1473 1270 1540 sphzera'que
1292 1471 1598 1540 Opinionem
1631 1484 1754 1522 cum

197 1566 444 1633 Scriptura
476 1566 661 1618 divina
696 1579 955 1632 pugnare.
985 1562 1249 1616 Nimirum
1280 1562 1453 1624 Dens,
1482 1562 1571 1630 qui
1606 1560 1755 1615 nobis

1866 556 2052 625 eisque
2086 556 2335 624 peritiam
2369 557 2584 612 indidit.
2626 558 2765 624 Quid
2801 560 2944 615 enim
2991 564 3057 616 ad
3110 567 3455 621 sanctitatem

1869 662 2193 717 morumque
2224 648 2596 703 sinceritatem
2644 652 2895 707 conferat
2931 652 3155 720 hujusce
3195 658 3269 711 rei
3321 660 3453 712 noti-

1868 737 1939 790 tia
1958 739 1980 789 ἲ
1996 738 2189 791 Verum
2207 739 2386 793 hacdc
2405 755 2463 793 re
2496 740 2741 808 pluribus
2763 751 2941 797 actum
2961 745 3116 797 estin
3142 747 3454 815 praefatione

1866 829 1932 882 ad
1974 830 2181 883 Cosmrc
2211 829 2453 900 Egyplii
2501 832 2923 903 Topographiam
2970 836 3354 892 Christianam.
3409 841 3454 895 Is

1865 920 2009 973 enim
2046 936 2154 974 non
2190 923 2350 978 modo
2397 923 2620 977 Patrum
2667 927 2977 993 opinionem
3026 945 3123 998 pro
3144 930 3307 991 'virili
3357 933 3453 985 de-

1864 1012 2052 1080 fendit,
2084 1024 2137 1067 et
2184 1016 2251 1068 ab
2286 1026 2599 1069 exterorum
2648 1030 2847 1072 conatu
2886 1021 3168 1075 vindicare
3217 1024 3446 1093 satagit;

1860 1104 1955 1157 sed
1999 1104 2183 1166 etiam,
2231 1113 2489 1174 quantum
2543 1108 2772 1164 facultas
2823 1111 3052 1165 humana
3108 1124 3312 1180 potest,
3356 1129 3453 1167 ex-

1862 1195 2023 1261 plicat
2070 1203 2123 1248 et
2155 1197 2350 1263 aperit,
2398 1199 2490 1265 qui
2541 1200 2751 1267 possint
2800 1203 3093 1257 secundum
3130 1214 3445 1258 sanctorum

1861 1286 2078 1339 Patrum
2129 1289 2487 1353 sententiam,
2536 1306 2728 1345 cursus
2798 1293 2950 1359 solis,
3003 1294 3235 1363 eclipses
3289 1295 3447 1361 lunae,

1864 1388 2133 1431 astrorum
2202 1391 2409 1442 motus,
2466 1390 2770 1450 emtcraqne
2822 1385 3002 1437 omnia
3070 1385 3318 1451 intelligi.
3373 1386 3447 1440 lbi

1866 1472 2085 1523 vidcsis.
2137 1469 2260 1523 ll:cc
2316 1472 2366 1524 in
2413 1475 2753 1528 eruditorum
2808 1478 3151 1531 commodum
3211 1478 3450 1546 prmmit-

1868 1561 2022 1612 teuda
2074 1561 2345 1615 duximus.
2389 1563 2465 1616 Tu
2503 1578 2650 1628 vero,
2704 1566 2930 1621 candide
2992 1565 3182 1632 lector,
3232 1566 3352 1621 vale
3394 1576 3453 1619 et

196 1668 383 1711 sanctus
414 1658 533 1711 illos
572 1658 623 1709 in
659 1656 917 1711 doctrinm
968 1669 1286 1723 morumque
1324 1655 1608 1721 magistros
1640 1667 1765 1722 pru-
1799 1641 1840 1695 η
1872 1650 1954 1703 his
1982 1649 2181 1704 fruere.

196 1808 2119 1833 .———_——_———I—_-——-—-—_

758 1973 1555 2107 ΕΥΣΕΒΙΟΥ
1636 1967 2860 2107 ΥΠΟΜΝΗΜΑΤΑ

1466 2216 1637 2301 ΕΙΣ
1696 2217 2090 2302 ΙΙΣΑΙΑΝ
2109 2279 2128 2300 .

411 2537 975 2652 EUSEBII
1058 2537 2113 2660 COMMENTARIA
2194 2547 2375 2659 IN
2432 2542 3115 2660 HESAIAM.

694 2918 1092 2971 ΚΕΦΛΛᾹΙΟΝ
1131 2917 1209 2972 A'.

241 3027 254 3058 I
298 3008 536 3081 ὐρασις
584 3009 649 3077 ἣν
687 3008 794 3061 ἴδεν
838 3011 1067 3073 Ἡσαΐας
1116 3010 1230 3073 υἱὸς
1272 3009 1482 3080 Ἀμὼς,
1530 3011 1596 3081 ἥν
1638 3010 1745 3062 ἴδεν
1774 2993 1815 3049 C

182 3102 295 3151 κατὰ
319 3101 413 3171 τῆς
451 3099 726 3162 Ἰουδαίας
766 3102 859 3153 καὶ
892 3101 1033 3154 κατὰ
1087 3101 1443 3172 Ἰερουσαλὴμ
1496 3102 1554 3152 ὲν
1591 3102 1743 3171 βασι-

179 3191 273 3262 isi;
305 3191 475 3253 Ὀζὶου
499 3232 514 3255 ,
564 3192 660 3243 καὶ
703 3192 960 3263 Ἰωαθάμ,
982 3194 1075 3247 καὶ
1111 3193 1300 3263 Ἀχὰζ,
1338 3194 1431 3247 καὶ¹
1475 3182 1740 3257 Ἐζεκίου,

179 3282 215 3333 ἰε
251 3283 604 3336 ἐϐασίλευσαν
646 3284 745 3353 τῆς
800 3285 1075 3348 Ἰουδαίας.
1118 3288 1339 3349 Ἀκουε,
1372 3286 1601 3358 οὐρανὲ,
1648 3287 1745 3339 καὶ

179 3374 417 3438 indigeo.
453 3377 558 3445 γῆ,
600 3377 680 3428 ὃτι
712 3376 914 3448 Κύριος
945 3378 1223 3449 ἐλάλησεν.
1263 3380 1427 3442 Υἱοὺς
1477 3378 1745 3448 ἐγέννησα

178 3464 251 3515 καὶ
275 3464 489 3534 ὖᾲωσα·
532 3468 686 3520 αὐτοὶ
715 3468 770 3520 δέ
809 3486 875 3539 με
906 3469 1200 3541 ἠθέτησαν.
1238 3490 1256 3523 ι
1286 3471 1547 3535 Σύνθετος
1586 3473 1614 3524 ὁ
1651 3472 1744 3525 ἄν·

175 3558 358 3625 ϐρωπος
389 3560 452 3611 ἐκ
485 3560 674 3631 ψυχῆς
704 3562 795 3613 καὶ
823 3560 1091 3631 σώματος·
1120 3564 1151 3626 ἡ
1186 3563 1322 3634 σάρξ
1350 3564 1457 3616 ἀπὸ
1487 3564 1588 3633 τῆς
1617 3568 1740 3635 γῆς,

176 3648 199 3715 ἡ
221 3648 346 3720 ψυχὴ
386 3650 647 3722 οὐρανία.
694 3653 846 3705 Ἐπεὶ
885 3650 978 3705 οῦν
1022 3654 1158 3725 πρὸς
1198 3656 1483 3726 ἀμφότερα
1506 3656 1740 3726 αὐτῶνή

176 3740 428 3807 σλγγένειὰ
453 3745 633 3806 ἐστιν,
660 3745 751 3796 ἐπὶ
771 3743 880 3796 τῶν
906 3746 1251 3798 οἰκειοτάτων
1282 3747 1445 3799 αὑτοῦ
1481 3748 1577 3818 τὴν
1609 3766 1744 3820 μαρ-

173 3832 329 3901 τυρίαν
381 3834 603 3904 ἐλέγχει
638 3852 651 3864 ·
705 3854 723 3885 ι
776 3835 941 3899 Υἱοὺς
988 3836 1254 3907 ἐγέννησα
1318 3840 1412 3892 καὶ
1461 3840 1673 3909 ῦψωσα.
1717 3860 1735 3892 ι

174 3920 203 3970 Γ
205 3924 449 3993 εννήσεως
520 3925 635 3996 εἴδη
698 3925 818 3979 δύο⁸
854 3929 885 3997 ἡ
916 3927 1011 3997 μὲν
1044 3930 1077 3998 ἡ
1103 3930 1240 3983 κατὰ
1265 3930 1395 3983 Θεὸν
1439 3932 1737 4003 μόρφωσις,

173 4012 219 4077 ἐξ
246 4014 407 4084 ἔργων
467 4018 572 4070 καὶ
610 4018 923 4091 παραδοχῆς
971 4019 1258 4091 δογμάτων
1301 4023 1694 4094 ἐπιτελουμένη
1722 4042 1735 4055 ο

172 4104 231 4168 ὡς
254 4111 406 4180 γεννᾷ
434 4108 657 4172 Παῦλος
675 4110 741 4162 δι’
764 4111 1098 4179 Εὑαγγελίου
1121 4114 1246 4177 τοῦς
1272 4114 1519 4185 μαθητὰς
1550 4117 1735 4170 αὐτοῦ.

231 4393 246 4422 ο
276 4376 452 4445 Ἔγνω
487 4376 619 4446 βοῦς
640 4379 733 4431 τὸν
755 4380 1117 4451 κτησάμενον,
1142 4382 1234 4434 καὶ
1262 4381 1382 4444 ὄνος
1404 4381 1501 4452 τὴν
1531 4383 1736 4454 φάτνην

2483 2914 2714 2969 CAPUT
2766 2915 2807 2968 Ι.

1930 3009 2090 3063 \‘Ens.
2136 3010 2188 3071 l,
2237 3008 2291 3062 2.
2358 3028 2375 3059 ι
2412 3007 2559 3063 Visio
2594 3022 2757 3076 quam
2815 3006 2949 3061 vidit
3014 3006 3241 3061 Hesaias
3294 3006 3437 3062 filius

1852 3099 2040 3162 Amos,
2075 3113 2238 3166 quam
2275 3097 2409 3151 vidit
2438 3105 2633 3151 contra
2672 3095 2934 3162 Judacam,
2967 3104 3021 3150 et
3061 3105 3248 3151 contra
3273 3093 3434 3150 Jeru-

1849 3191 2041 3258 salem,
2070 3190 2426 3260 regnantibus
2458 3188 2611 3253 Ozia,
2657 3189 2931 3253 Joalham,
2987 3189 3169 3242 Achaz
3204 3196 3257 3240 et
3301 3188 3436 3241 Eze-

1848 3283 1994 3347 chia,
2026 3283 2117 3351 qui
2164 3290 2530 3352 regnaverunt
2582 3282 2635 3335 in
2684 3281 2891 3339 Iudaea.
2940 3280 3077 3334 Audi
3114 3280 3333 3342 caelum,
3381 3288 3438 3333 et

1850 3374 2076 3426 auribus
2101 3374 2319 3442 percipe
2367 3383 2535 3437 terra,
2584 3375 2713 3443 quia
2757 3373 3019 3427 Dominus
3051 3372 3266 3427 locutus
3326 3381 3431 3425 est.

1848 3466 2012 3520 Filios
2040 3467 2199 3535 genui
2231 3475 2284 3519 et
2308 3466 2541 3520 exaltavi
2574 3482 2587 3519 :
2621 3466 2692 3519 illi
2731 3475 2910 3519 autem
2942 3472 3267 3534 spreverunt
3288 3478 3428 3516 me.»

1850 3557 2022 3613 llnmo
2052 3573 2115 3614 ex
2147 3561 2327 3613 anima
2361 3568 2413 3613 et
2441 3573 2674 3626 corpore
2696 3550 3026 3612 constitutus
3056 3566 3177 3611 est:
3206 3571 3333 3611 caro
3365 3568 3430 3608 ex

1849 3661 2015 3713 terra,
2073 3652 2253 3706 anima
2308 3651 2554 3706 caelestis
2608 3650 2845 3705 exsistit.
2912 3650 3049 3716 Quia
3104 3664 3235 3703 vero
3306 3660 3431 3701 cum

1847 3751 2077 3809 utroque
2106 3760 2296 3797 eorum
2328 3744 2712 3811 cognationem
2743 3744 2905 3797 habet
2935 3744 3097 3798 homo
3117 3784 3132 3808 ,
3172 3744 3319 3797 circa
3360 3755 3425 3795 ea

1844 3850 1965 3904 qua:
2022 3835 2119 3904 ipsi
2189 3837 2427 3888 maxime
2475 3835 2694 3904 propria
2773 3844 2900 3888 sunt
2967 3833 3277 3890 testimonio
3332 3846 3434 3886 suo

1846 3928 2020 3995 ipsum
2052 3928 2300 3996 coarguit
2333 3943 2347 3979 :
2378 3947 2396 3979 ι
2421 3927 2589 3985 Filios
2622 3928 2782 3994 genui
2809 3932 2864 3980 et
2897 3926 3155 3983 exaltavi.
3188 3946 3206 3976 ι
3254 3922 3433 3979 Gene-

1844 4017 2077 4071 rationis
2131 4018 2249 4071 dua:
2299 4018 2511 4086 species
2556 4027 2703 4083 sunt,
2756 4032 2983 4086 quarum
3034 4018 3135 4071 alia
3191 4025 3291 4074 est.
3340 4014 3428 4068 illa

1843 4108 2143 4162 secundum
2206 4107 2377 4161 Deum
2433 4106 2628 4173 forma,
2674 4120 2795 4175 quae
2835 4121 2899 4159 ex
2943 4106 3197 4173 operibus
3251 4109 3305 4156 et
3361 4114 3427 4153 ex

1844 4200 2226 4252 mandatorum
2282 4199 2631 4266 perceptione
2677 4198 2957 4267 perficitur
2999 4213 3013 4249 :
3055 4210 3158 4263 qua
3215 4193 3429 4247 ratiost,

1832 4290 2045 4344 Paulus
2075 4289 2368 4359 discipulos
2401 4303 2529 4343 suos
2562 4304 2659 4359 per
2687 4288 3040 4359 Evangelium
3072 4287 3265 4357 gignit.

1913 4380 2079 4436 Vens.
2119 4382 2173 4437 5.
2216 4399 2234 4433 ‹
2270 4381 2534 4451 Cognovit
2562 4382 2658 4437 bos
2702 4395 3098 4451 possessorem,
3138 4390 3194 4434 et
3243 4378 3434 4432 asinus

170 4463 245 4515 τοῦ
288 4467 472 4539 κυρίου
516 4468 687 4521 αὐτοῦ
714 4487 726 4502 ⁸
778 4472 994 4542 Ἰσραὴλ
1022 4472 1077 4527 δέ
1124 4490 1189 4542 με
1235 4473 1334 4525 οὐκ
1376 4474 1535 4542 ἔγνω,
1581 4476 1674 4527 καὶ
1708 4479 1735 4529 ὁ

1855 4486 2080 4543 mesepe
2110 4473 2313 4528 domini
2354 4475 2456 4538 sui,
2492 4472 2658 4528 Israel
2682 4482 2861 4528 autem
2889 4488 2975 4527 me
3006 4487 3113 4526 non
3146 4472 3421 4541 cognovit,

170 4552 274 4617 ὶαός
297 4575 359 4627 με
391 4560 453 4611 οὐ
484 4559 777 4628 συνῆκεν.»
804 4559 941 4623 Βοῦς
970 4561 1068 4630 μὲν
1089 4562 1181 4613 καὶ
1204 4561 1343 4625 ὄνος,
1376 4567 1576 4634 φυσικῇ
1603 4582 1737 4632 φαν-

170 4646 307 4716 τασίᾳ
332 4652 457 4713 τοὺς
469 4651 773 4721 τρέφοντας
796 4652 1283 4719 ἐπιγινώσκουσιν·
1314 4655 1361 4707 οἱ
1386 4655 1440 4707 δὲ
1466 4655 1738 4727 τοσαύτης

168 4734 466 4804 ἀξιωθέντες
500 4742 657 4812 παρὰ
685 4742 778 4795 τοῦ
805 4742 940 4796 Θεοῦ
966 4744 1241 4815 προνοίας,
1262 4746 1336 4807 ὡς
1369 4747 1441 4816 μὴ
1473 4746 1631 4817 μόνον
1651 4747 1737 4799 λο-

169 4832 331 4893 rma;
360 4833 732 4903 καταστῆναι,
766 4833 902 4886 ἀλλὰ
937 4835 1032 4887 καὶ
1072 4834 1200 4887 λαὸν
1231 4837 1366 4890 Θεοῦ
1398 4840 1735 4908 χρηματίσαι

170 4919 571 4995 καταξιωθῆναι,
602 4926 735 4978 υἱῶν
792 4942 851 4978 τε
891 4927 1233 4998 προσηγορίᾳ
1257 4928 1580 4999 τιμηθῆναι,
1627 4932 1735 4985 οὐδ’

168 5010 345 5079 tanta);
394 5019 513 5080 τοῖς
567 5016 783 5085 ἀλόγοις
819 5017 1099 5088 θρέμμασι
1137 5018 1228 5071 τὸν
1276 5023 1613 5091 γεννήσαντα
1643 5024 1738 5078 καὶ

168 5101 439 5173 θρέψαντα,
480 5111 793 5182 τιμήσαντά
824 5127 883 5163 τε
925 5111 1020 5163 καὶ
1064 5110 1356 5180 ὑψώσαντα
1398 5116 1595 5179 αὐτοὺς
1625 5116 1738 5170 Κύ-

169 5211 264 5263 ριον
289 5199 553 5267 ἔγνωσαν.
586 5199 753 5273 Οἶμαι
773 5203 830 5256 δὲ
853 5203 940 5257 διὰ
965 5203 1169 5257 τούτων
1197 5207 1550 5276 προφητικῶς
1571 5208 1739 5261 αἰνίτ-

167 5300 213 5336 τε
221 5288 350 5352 σθαι,
365 5294 442 5355 ὡς
457 5294 550 5346 τὸν
560 5295 605 5346 Χ
617 5295 797 5363 ριστὸν
808 5294 901 5348 τοῦ
914 5294 1049 5348 Θεοῦ
1065 5295 1225 5349 αὐτὸν
1253 5298 1379 5350 ὄντα
1392 5298 1482 5351 τὸν
1512 5300 1593 5351 Κύ
1604 5318 1734 5372 ριον,

172 5375 331 5441 μόνοις
360 5382 545 5447 αὐτοῖς
571 5384 631 5450 ἐξ
662 5385 917 5438 ἁπάντων
955 5384 1065 5438 τῶν
1108 5385 1277 5440 ἐθνῶν
1324 5389 1737 5462 ἐπιδημήσαντα

169 5470 290 5528 κατὰ
327 5474 425 5543 τὴν
500 5475 949 5548 ἐνανθρὼπησιν,
1032 5478 1093 5529 οὐ
1150 5480 1569 5550 παραδέξονται,
1619 5485 1738 5539 οὐδὲ

171 5558 540 5630 ἐπι-γνώσονται
572 5569 757 5634 αὑτὸν,
806 5569 925 5623 οὐδὲ
957 5570 1270 5640 νοὴσουσιν,
1307 5573 1420 5625 ἀλλ’
1454 5575 1570 5628 οὐδὲ
1607 5592 1733 5631 συν·-

170 5648 196 5718 i;
207 5668 279 5705 τοῦ
288 5672 332 5708 τι
342 5697 356 5709 .

236 5760 252 5793 ι
285 5746 415 5801 Οὐαὶ
460 5751 608 5817 ἔθνος
653 5754 993 5827 ἁμαρτωλὸν,
1022 5759 1149 5825 λαὸς
1175 5760 1386 5832 πλήρης
1422 5762 1694 5834 ἁμαρτίας
1720 5802 1733 5827 ,

1838 4575 1892 4619 et
1928 4565 2162 4635 populus
2198 4581 2284 4618 me
2322 4580 2430 4620 non
2470 4564 2763 4619 intellexit.
2794 4580 2814 4616 ν
2852 4564 2955 4617 Bos
2984 4563 3201 4631 quidem
3234 4570 3288 4616 et
3319 4563 3428 4615 asi-

1840 4671 1941 4709 nus
1980 4671 2044 4709 ex
2092 4655 2322 4709 naturali
2381 4656 2641 4709 instinctu
2680 4668 2796 4718 eos,
2844 4654 2937 4722 qui
2972 4652 3291 4706 alimentum
3321 4650 3424 4705 sibi

1839 4748 2225 4817 suppeditant,
2280 4745 2785 4815 coguoscunt:qui
2843 4760 2974 4799 vero
3023 4753 3175 4799 tanta
3234 4759 3265 4797 a
3319 4744 3430 4797 Deo

1840 4839 2185 4906 providentia
2212 4839 2414 4907 dignati
2443 4846 2600 4901 sunt,
2634 4846 2691 4891 ut
2735 4853 2842 4891 non
2883 4837 3044 4891 modo
3076 4835 3427 4890 rationabiles

1840 4938 2044 4993 essent,
2075 4930 2168 4984 sed
2196 4930 2359 4984 etiam
2402 4929 2633 5000 populus
2671 4929 2763 4984 Dei
2797 4938 3140 4992 vocarentur,
3167 4928 3428 4981 ﬁliorum-

1838 5034 1943 5087 que
1976 5020 2194 5075 nomine
2220 5030 2573 5083 ornarentur,
2611 5036 2717 5074 non
2768 5021 2886 5089 pari
2924 5030 3086 5089 atque
3127 5019 3282 5073 bruta
3334 5014 3426 5082 ju-

1840 5117 2024 5164 menta
2060 5112 2219 5165 modo
2249 5127 2372 5165 eum
2406 5112 2497 5180 qui
2531 5126 2590 5166 se
2620 5112 2827 5181 genuit,
2863 5112 3142 5173 enutrivit,
3184 5109 3424 5161 honora-

1838 5202 1924 5255 vit
1974 5211 2029 5256 et
2085 5204 2366 5267 exaltavit,
2424 5204 2710 5258 Dominum
2760 5218 3054 5275 agnovere.
3116 5201 3209 5255 llis
3263 5216 3427 5268 porro

1840 5294 2075 5351 arbitror
2099 5298 2417 5367 prophetiae
2449 5299 2805 5362 subindicari,
2834 5300 2948 5353 fore
2973 5304 3029 5349 ut
3058 5293 3227 5349 Judmi
3252 5294 3424 5358 illum,

1840 5394 1931 5463 qui
1980 5392 2229 5448 Christus
2281 5393 2375 5448 Dei
2425 5400 2480 5446 et
2519 5393 2637 5461 ipse
2682 5392 2985 5455 Dominus,
3026 5392 3231 5462 quique
3282 5393 3423 5461 apud

1842 5487 1985 5552 illos,
2024 5502 2137 5557 pra:
2167 5487 2289 5541 aliis
2319 5488 2577 5541 omnibus
2604 5486 2874 5555 gentibus,
2922 5486 3084 5539 homo
3111 5487 3427 5556 peregrina-

1845 5590 1932 5635 tus
1966 5587 2076 5643 est,
2112 5594 2220 5633 non
2249 5580 2618 5648 susciperent,
2654 5591 2828 5647 neque
2861 5589 3274 5647 cognoscerent,
3324 5590 3425 5633 nec

1843 5680 2022 5727 mente
2055 5670 2435 5741 intelligerent.

1922 5762 2087 5820 Vnus.
2132 5764 2182 5820 4.
2247 5782 2267 5819 ι
2297 5765 2382 5819 Υίη
2445 5764 2587 5833 ενδιιί
2643 5765 2965 5835 pcccatrici,
3017 5765 3210 5837 populo
3258 5763 3421 5834 pleno
