3968 6496
499 331 561 385 οι
1177 325 1447 386 EUSEBll
1487 308 1968 387 cmsamexSns
2007 331 2155 388 opp.
2199 334 2376 389 rans
2415 334 2500 389 ttt.
2543 365 2614 378 -
2649 332 3064 392 EXEGETICA.
3183 371 3195 376 -
3693 340 3768 394 92

468 444 804 512 ,iniquitate,
834 445 1024 498 semini
1067 443 1231 510 malo,
1264 444 1388 499 filiis
1426 446 1650 513 iniquis.
1705 444 2070 514 Dereliquistis

2185 449 2407 521 σπέρμα
2428 450 2684 520 πονηρὸν,
2704 448 2810 500 υἱοὶ
2835 449 3045 519 ἄνομοι.
3084 448 3499 515 Ἐγκατελίπετε
3533 448 3625 501 τὸν
3650 450 3766 502 Κύ-

498 535 806 600 ῡοιιιιιιιιιιι,
841 545 895 589 et
933 536 1188 590 irritastis
1236 545 1486 590 sanctum
1539 537 1701 591 Israel
1734 556 1746 592 :
1779 538 2071 592 abalienati

497 638 620 680 sunt
685 637 1008 680 retrorsum.
1040 645 1059 677 ι
1125 624 1252 679 Ideo
1309 641 1440 694 ergo
1493 626 1805 681 Judaeorutn
1858 638 2072 697 gentem

497 718 741 787 coarguit
799 719 1162 786 miseramque
1219 720 1479 787 prtedicat
1533 720 1772 788 Spiritus
1829 732 2072 783 sanctus,

497 810 618 875 quia
655 807 893 860 omnium
925 809 1081 876 plane
1115 809 1359 876 gentium
1404 811 1642 864 deterior
1693 820 1796 875 est,
1848 820 1902 865 et
1948 812 2073 879 quia

498 897 570 950 illi
606 913 780 964 neque
806 912 872 950 ex
897 898 1207 965 adoptione,
1254 915 1430 968 neque
1461 915 1526 955 ex
1568 903 1778 956 honore
1813 900 2075 955 divinitus

497 988 600 1042 sibi
651 989 870 1053 collato,
923 989 1148 1042 exaltati
1199 990 1478 1056 videlicet,
1532 1007 1595 1047 ac
1643 993 2076 1060 praecellentibus

497 1082 815 1134 muneribus
851 1081 917 1135 ab
945 1095 1010 1134 eo
1038 1083 1246 1146 donatl,
1279 1085 1553 1152 quidpiam
1601 1086 1848 1139 utilitatis
1888 1101 2074 1154 perce-

497 1180 692 1238 perunt
722 1189 735 1224 :
770 1174 877 1224 imo
919 1189 1139 1227 verone
1167 1189 1230 1226 ex
1267 1174 1438 1243 plagis
1487 1175 1703 1244 quidem
1739 1186 1792 1230 et
1836 1178 2074 1248 castiga-

501 1262 758 1325 tionibus,
812 1265 965 1329 queis
1008 1280 1036 1316 a
1084 1265 1192 1318 Deo
1233 1265 1548 1334 frequenter
1600 1267 1650 1320 vi
1697 1267 1902 1322 amoris
1955 1283 2078 1336 per-

505 1361 680 1415 moto,
718 1353 1014 1420 impietatis
1043 1370 1154 1408 sua:
1206 1371 1370 1410 causa
1407 1355 1587 1411 allecti
1636 1368 1782 1424 sunt,
1835 1359 2077 1428 resipue-

499 1451 624 1494 runt
654 1458 670 1496 :
704 1458 850 1507 nam,
895 1461 913 1494 ί
941 1461 1098 1507 quem
1131 1447 1307 1515 diligit
1345 1447 1622 1510 Dominus,
1675 1449 1929 1518 castigat,
1978 1450 2075 1504 ﬂa-

511 1532 675 1600 gellat
702 1543 880 1587 autem
913 1548 1126 1587 Omnem
1161 1535 1350 1599 filium,
1385 1551 1541 1605 quem
1570 1537 1855 1606 accipit“.
1886 1557 1903 1589 ι
1947 1539 2078 1605 Quis

499 1632 678 1674 autem
716 1623 804 1677 ille
839 1624 959 1690 fuit,
1005 1641 1161 1690 quem
1195 1625 1598 1693 dereliquerunt
1622 1666 1637 1690 ,
1671 1628 1778 1681 nisi
1807 1627 2076 1697 Christus,

497 1727 656 1778 quem
704 1713 826 1780 quia
875 1713 1226 1768 irritaverunt
1277 1724 1342 1768 ει·
1371 1715 1803 1786 dereliquerunt,
1846 1733 1906 1775 ea
1958 1735 2080 1789 quae

497 1802 900 1871 subsequuntur
931 1807 1170 1874 perpessi
1203 1807 1368 1860 sunt?

570 1893 728 1947 Vens.
769 1896 823 1956 5,
855 1897 906 1949 6.
956 1913 974 1946 ι
1007 1895 1145 1961 Quid
1179 1896 1358 1950 adhuc
1387 1900 1772 1966 percutiamiui
1806 1901 2067 1968 adjicien-

497 1996 579 2040 tes
611 1985 996 2053 iniquitatem?
1025 2002 1190 2040 omne
1237 1998 1401 2056 caput
1448 1989 1500 2042 iu
1551 1991 1754 2056 labore,
1809 2001 1862 2047 et
1914 2008 2078 2049 omne

491 2092 588 2132 cor
627 2077 679 2129 in
733 2079 997 2141 tristitia;
1036 2095 1063 2130 a
1107 2078 1333 2147 pedibus
1367 2095 1539 2149 usque
1562 2083 1627 2136 ad
1659 2094 1822 2153 caput
1855 2100 1963 2139 non
1991 2095 2082 2140 est

493 2166 548 2222 in
580 2179 645 2220 eo
675 2168 906 2222 sanitas.
960 2168 1188 2233 Vulnus,
1239 2169 1402 2234 livor,
1453 2171 1610 2242 plaga
1667 2184 1904 2228 tumens.
1959 2175 2073 2229 Non

492 2258 622 2313 licet
645 2258 910 2327 malagma
947 2260 1230 2330 imponere
1251 2301 1267 2327 ,
1302 2277 1475 2333 neque
1501 2265 1703 2331 oleum,
1737 2282 1912 2335 neque
1941 2268 2075 2339 liga-

492 2361 694 2403 menta.
720 2368 745 2398 ι
785 2352 887 2416 Qui
922 2351 1036 2405 fieri
1073 2360 1305 2421 poterat,
1341 2362 1398 2407 ut
1428 2353 1574 2410 aliud
1608 2358 1675 2410 ad
1707 2358 1997 2413 sanitatem
2021 2369 2076 2416 et

493 2439 724 2494 salutem
766 2442 1162 2498 restituendam
1194 2443 1548 2512 pbarmacum
1584 2450 1927 2518 reperirent,
1979 2451 2073 2520 qui

493 2529 781 2585 Dominum
842 2533 1180 2602 abnegarant
1221 2550 1234 2585 :
1280 2549 1440 2604 quem
1498 2552 1604 2593 non
1655 2551 1924 2596 noverunt
1973 2558 2075 2598 nec

494 2621 881 2677 intellexerunt
927 2625 1215 2680 advenisse
1259 2627 1364 2681 sibi
1420 2628 1725 2683 animarum
1777 2632 2071 2699 medicum,

493 2715 584 2781 qui
620 2715 768 2771 solus
818 2732 1035 2772 onmem
1085 2722 1334 2775 morbum
1379 2729 1435 2774 et
1496 2735 1716 2778 omnem
1765 2724 2071 2780 animarum

493 2802 865 2859 infirmitatem
894 2821 1088 2860 curare
1119 2809 1366 2876 poterat?

567 2890 732 2946 Vens.
771 2893 822 2953 7,
871 2893 922 2947 8.
987 2911 1006 2944 ι
1047 2893 1214 2950 Terra
1275 2903 1453 2950 vestra
1515 2898 1767 2964 deserta,
1818 2899 2072 2959 civitates

491 2991 686 3035 vestra:
731 2997 1008 3038 succensae
1050 2985 1162 3054 igni
1199 3004 1210 3038 :
1251 2987 1532 3054 regionem
1592 2998 1833 3043 vestram
1883 3007 2069 3048 coram

495 3072 652 3125 vobis
682 3074 844 3126 alieni
895 3075 1205 3130 devorant:
1247 3086 1302 3130 et
1345 3076 1590 3131 desolata
1642 3089 1746 3144 est,
1799 3096 1992 3137 eversa
2041 3100 2069 3138 a

490 3163 702 3232 p0pulis
735 3164 949 3229 alienis,
975 3168 1118 3220 sicut
1142 3167 1552 3223 tabernaculum
1573 3168 1625 3222 in
1649 3171 1830 3238 vinea,
1860 3182 1911 3229 et
1934 3175 2074 3230 sicut

493 3255 764 3324 tugurium
797 3258 850 3309 in
897 3261 1299 3324 cucumerario,
1354 3261 1498 3316 sicut
1547 3263 1742 3319 civitas
1777 3266 2022 3322 obsessa.
2051 3289 2069 3320 ι

489 3343 571 3398 Ad
595 3348 895 3401 custodiam
927 3349 1197 3404 fructuum
1237 3352 1289 3404 in
1321 3352 1495 3409 vineis
1527 3356 1866 3411 nascentium
1901 3358 2077 3427 lignu-

493 3445 582 3488 tur
622 3440 877 3494 tentoria.
937 3441 1071 3494 Cum
1125 3458 1254 3512 ergo
1309 3445 1469 3500 vinea
1521 3448 1754 3516 propriis
1805 3447 2075 3510 fructibus

491 3529 660 3593 probe
717 3530 981 3584 instructa
1041 3541 1160 3598 est,
1210 3535 1357 3588 omni
1405 3552 1534 3591 cura
1605 3549 1659 3593 et
1706 3539 2076 3598 sollicitudine

498 3618 796 3670 tentorium
830 3631 1109 3684 servatur,
1148 3623 1219 3676 ita
1246 3634 1302 3676 ιιι
1331 3635 1516 3680 custos
1545 3629 1832 3703 diligenter
1867 3629 2079 3699 prospi-

491 3700 620 3766 ciat,
653 3717 740 3764 ne,
770 3704 860 3772 qui
890 3706 942 3758 in
979 3707 1061 3761 via
1091 3700 1689 3776 prmtereunt,.fructus
1736 3717 1854 3785 ejus
1887 3720 2075 3771 decer-

492 3800 642 3855 pant.
685 3791 820 3874 Qum
871 3807 1049 3852 autem
1096 3801 1254 3854 vinea
1313 3803 1652 3860 infructuosa
1707 3817 1811 3873 est,
1867 3808 1996 3862 illud
2043 3823 2072 3861 a

489 3884 738 3949 custode,
765 3893 822 3938 ut
850 3899 1276 3945 consentaneum
1309 3902 1410 3960 est,
1452 3897 1759 3967 negligitur.
1786 3900 2068 3966 Quamob-

491 3985 603 4024 rem
640 3971 997 4031 lsraeliticum
1031 3981 1284 4048 p0pu|um
1318 3985 1639 4040 derelictum
1706 3989 1772 4043 iri
1827 3987 2074 4045 intermi-

491 4074 674 4129 natur,
757 4077 946 4136 utpote
1005 4071 1098 4140 qui
1159 4085 1586 4132 consentaneum
1655 4080 1892 4135 fructum
1962 4097 2070 4136 non

487 4155 723 4211 emittat.
755 4158 1078 4216 Timendum
1116 4165 1298 4234 itaque
1331 4169 1490 4230 nobis
1523 4182 1626 4235 est,
1653 4187 1720 4226 ne
1751 4173 2070 4229 infructuosi

489 4244 678 4313 simus,
716 4260 773 4303 ut
797 4267 864 4306 ne
885 4269 948 4306 ex
976 4255 1056 4308 ira
1088 4255 1181 4310 Dei
1211 4259 1550 4316 deserantur.
1589 4261 1825 4332 Spiritus
1848 4273 2071 4318 sanctus

488 4341 693 4406 estqui
745 4357 840 4397 uos
879 4347 1137 4401 custodit.
1203 4349 1335 4404 Cum
1396 4353 1561 4421 igitur
1619 4354 1800 4408 anima
1851 4355 2066 4409 fructus

2184 556 2313 607 ριον,
2339 541 2431 592 καὶ
2449 539 2833 610 παρωργίσατε
2859 538 2948 591 τὸν
2969 540 3117 603 ἆπτιον
3151 537 3244 590 τοῦ
3269 538 3502 609 Ἱσραήλε
3521 539 3763 610 ἀπηλλοο

2179 628 2486 699 τριώθησαν
2517 631 2594 692 εἰς
2616 629 2684 682 τὰ
2705 629 2897 683 ὀπίσω.
2927 648 2945 681 ι
2979 631 3075 682 Διὰ
3097 629 3269 682 ταῦτα
3305 628 3432 697 γοῦν
3467 629 3765 698 ἀπελέγχει

2177 721 2238 771 τὸ
2283 720 2549 773 Ἰουδαίων
2601 721 2771 782 ἔθνος,
2811 721 2904 773 καὶ
2929 720 3201 784 ταλανίζει
3232 721 3426 783 αὑτοὺς
3446 719 3506 772 τὸ
3540 719 3766 788 Πνεῦμα

2177 812 2237 862 τὸ
2264 811 2448 878 ἅγιον,
2499 811 2575 874 ὡς
2621 812 2838 864 πάντων
2869 811 2976 864 τῶν
3007 811 3174 864 ἐθνῶν
3201 811 3436 883 χείρους,
3466 811 3558 864 καὶ
3585 810 3662 871 ὡς
3703 811 3766 862 τὸ

2181 905 2344 974 μηδὲν
2383 905 2782 974 ὠφεληθέντας,
2823 906 2958 974 μήτε
2989 905 3051 956 ἐκ
3079 905 3176 975 τῆς
3211 904 3498 967 υἱοθεσίας,
3527 905 3663 975 μήτε
3706 903 3767 966 ἐξ

2176 991 2244 1065 ἧς
2274 994 2425 1064 παρά
2448 994 2585 1047 Θεοῦ
2610 995 2774 1064 τιμῆς
2801 994 3108 1063 ἠξιώθησαν
3127 1012 3140 1024 ο
3166 993 3470 1062 ὑψωθέντες
3491 995 3585 1047 καὶ
3615 993 3766 1045 πλεξ-

2181 1102 2318 1137 στων
2365 1086 2504 1139 ὅσων
2539 1084 2830 1153 ἐξαιρέτων
2861 1083 3009 1153 παρά
3031 1081 3194 1135 αὑτοῦ
3223 1083 3610 1152 τετυχηκότες·
3646 1081 3764 1134 ἀλλ’

2177 1175 2297 1228 οὑδέ
2323 1176 2379 1241 ἐξ
2403 1169 2477 1227 ὧν
2503 1175 2761 1238 πολλάκις
2787 1173 3101 1244 ἐπλήγησαν
3134 1174 3199 1227 δι’
3216 1173 3518 1243 ὑπερϐολὴν
3541 1173 3766 1242 ἀγάπης

2178 1267 2312 1320 Θεοῦ
2340 1269 2669 1338 τυπτόμενοι
2701 1266 2792 1320 καὶ
2862 1265 3232 1334 κολαζόμενοι,
3259 1265 3367 1316 τῶν
3399 1263 3765 1334 ἀσεϐημάτων

2179 1358 2356 1410 αὑτῶν
2395 1359 2579 1411 ἕνεκεν
2605 1377 2616 1387 ·
2658 1377 2676 1410 t
2727 1361 2823 1414 Ὃν
2871 1357 2977 1428 γὰρ
3019 1358 3209 1426 ἀγαπᾷ
3254 1355 3456 1425 Κύριος
3490 1353 3761 1415 παιδεύει,

2183 1451 2434 1518 μαστιγοῖ
2459 1449 2514 1501 δὲ
2549 1448 2723 1501 πάντα
2742 1449 2874 1510 υἱὸν,
2893 1447 2950 1500 ὃν
2973 1446 3349 1517 παραδέχεται.
3367 1465 3384 1495 ι
3402 1445 3497 1507 Τίς
3527 1443 3583 1495 δὲ
3605 1439 3674 1514 ἦν
3703 1442 3764 1495 ὃν

2180 1538 2554 1606 ἐγκατέλιπον,
2580 1539 2658 1609 ἢὸ
2674 1538 2924 1609 Χριστός·
2945 1538 3003 1590 ὃν
3026 1537 3114 1590 διά
3140 1537 3200 1588 τὸ
3230 1535 3640 1608 παρωργικέναι
3667 1534 3770 1587 καὶ

2182 1629 2715 1697 ἐγκαταλελοιπέναι,
2762 1629 2832 1682 τὰ
2852 1629 2979 1699 ἐξῆς
3010 1628 3370 1698 ἐπιλεγόμενα
3395 1626 3761 1705 πεπόνθασιν;

2257 1911 2274 1942 ι
2319 1891 2383 1944 Τί
2431 1892 2509 1944 ἔτι
2561 1891 2803 1962 πληγῆτε
2859 1890 3241 1962 προστιθέντες
3291 1889 3552 1960 ἀνομίαν;
3610 1889 3764 1940 πᾶσα

2181 1983 2388 2052 κεφαλὴ
2416 1982 2494 2045 εἰς
2534 1982 2714 2045 πόνον,
2740 1981 2834 2034 καὶ
2877 1983 3025 2035 πᾶσα
3073 1980 3269 2052 καρδία
3301 1982 3382 2042 εἰς
3408 1979 3584 2044 λύπην
3605 1995 3618 2008 ο
3653 1977 3770 2030 ἀπὸ

2181 2073 2358 2126 ποδῶν
2405 2073 2508 2136 ἕως
2549 2071 2792 2142 κεφαλὴν
2837 2072 2936 2124 οὐκ
2970 2071 3114 2124 ἔστιν
3152 2073 3210 2123 ἐν
3253 2069 3402 2140 αὑτῷ
3449 2067 3764 2139 ὁλοκληρία.

2179 2166 2433 2236 Τραῦμα,
2470 2164 2706 2236 μώλωψ,
2763 2164 2944 2235 πληγὴ
2995 2163 3421 2233 φλεγμαίνουσα.
3477 2162 3592 2214 Οὐκ
3643 2161 3767 2213 ἐστι

2183 2253 2446 2324 μάλαγμα
2469 2251 2756 2315 ἐπιθεῖναι,
2783 2251 2906 2304 οῦτε
2933 2252 3130 2315 ἔλαιον,
3165 2251 3288 2305 οὒτε
3317 2250 3708 2321 καταδεσμούς.
3736 2268 3763 2302 ›

2177 2345 2302 2409 Πῶς
2340 2346 2396 2398 δὲ
2435 2347 2528 2398 καὶ
2567 2339 2676 2398 οἷόν
2726 2362 2783 2397 τε
2837 2341 2905 2416 ἦν
2946 2344 3132 2415 ἕτερον
3181 2343 3379 2406 αὑτοὺς
3439 2343 3630 2410 ὑγείας
3668 2342 3770 2395 καὶ

2179 2435 2454 2508 σωτηρίας
2497 2434 2779 2505 ποιητικὸν
2812 2434 3066 2506 εὑρέσθαι
3110 2434 3402 2505 φάρμακον
3441 2430 3769 2504 ἀρνησαμέ-

2176 2543 2300 2591 νους
2343 2526 2432 2579 τὸν
2478 2525 2709 2596 Κύριονο
2763 2523 2899 2596 μηδέ
2943 2523 3324 2594 ἐπεγνωκότας
3379 2523 3564 2588 αὑτὸν,
3623 2519 3768 2591 μηδὲ

2179 2622 2455 2685 συνιέντας
2487 2621 2894 2693 ἐπιδημήσαντα
2910 2621 3090 2683 αὑτοῖς
3111 2619 3203 2672 τὸν
3228 2618 3334 2672 τῶν
3348 2616 3534 2688 ψυχῶν
3553 2615 3766 2686 ἰατρὸν,

2175 2715 2269 2767 τὸν
2300 2715 2459 2786 μόνον
2491 2715 2672 2766 πᾶσαν
2702 2712 2853 2764 νόσον
2887 2711 2980 2764 καὶ
3025 2711 3206 2763 πᾶσαν
3253 2707 3522 2779 μαλακίαν
3564 2701 3762 2774 ψυχῶν

2174 2805 2311 2878 ὁμοῦ
2339 2807 2433 2859 καὶ
2455 2805 2721 2874 σωμάτων
2752 2800 3004 2855 ἰάσασθαι
3032 2800 3329 2869 δυνάμενον
3349 2839 3364 2862 ,

2251 2916 2269 2948 ι
2314 2897 2378 2950 Ἡ
2409 2897 2480 2967 γῆ
2512 2894 2665 2966 ὑμῶν
2704 2893 2930 2964 ἕρημος,
2967 2892 3025 2944 αἱ
3069 2891 3250 2953 πόλεις
3293 2888 3448 2959 ὑμῶν
3490 2887 3769 2958 πυρίκαυ-

2177 3005 2290 3042 στοι
2319 2989 2419 3058 τὴν
2459 2985 2642 3057 χώραν
2671 2983 2822 3056 ὑμῶν
2860 2983 3091 3038 ἐνώπιον
3121 2980 3274 3051 ὑμῶν
3329 2980 3600 3051 ἀλλότριοι
3630 2997 3768 3032 κατ-

2175 3081 2445 3134 εσθίουσιν
2477 3079 2680 3150 αὑτήν·
2723 3077 2817 3130 καὶ
2855 3075 3137 3144 ὴρέμωται
3171 3072 3629 3142 κατεστραμμένη
3658 3069 3775 3125 ὑπὸ.

2178 3171 2320 3226 λαῶν
2373 3171 2686 3242 ἀλλοτρίων,
2744 3169 2819 3231 ὡς
2871 3166 3043 3238 σκηνὴ
3093 3168 3150 3218 ἐν
3204 3165 3506 3236 ἀμπελῶνι,
3559 3164 3656 3216 κοιλ⁸
3690 3164 3769 3226 ὡς

2177 3265 2620 3337 ὀπωροφυλάκιον
2669 3267 2726 3317 ἐν
2762 3263 3095 3333 σικυηλάτῳ,
3127 3265 3203 3326 ὼς
3258 3263 3413 3325 πόλις
3444 3261 3772 3330 πολιορκου-

2181 3356 2313 3426 μένη
2331 3354 2425 3423 (4).
2441 3372 2457 3404 ι
2483 3355 2575 3418 Εἰς
2592 3353 2834 3426 φρουρὰν
2845 3353 2951 3405 τῶν
2973 3355 3029 3406 ἐν
3045 3355 3162 3414 ταῖς
3178 3351 3442 3422 ἀμπέλοις
3467 3347 3697 3420 καρπῶν
3711 3349 3771 3400 αἱ

2181 3446 2376 3516 σκηναὶ
2409 3447 2730 3516 πήγνυνται.
2764 3446 2932 3498 Ὅταν
2955 3445 3054 3514 μὲν
3084 3439 3176 3496 οὑν
3198 3442 3396 3514 εὑθηνῇ
3417 3445 3524 3504 τοῖς
3543 3440 3771 3502 οἰκείοις

2180 3541 2414 3609 καρποῖς
2447 3540 2477 3606 ἡ
2505 3537 2776 3606 ἄμπελος,
2818 3534 3229 3604 σπουδάζεταιή
3260 3533 3431 3605 σκηνὴ
3463 3532 3556 3585 καὶ
3584 3533 3771 3601 πάσης

2177 3629 2420 3693 ἀξιοῦται
2475 3627 2826 3697 ἐπιμελείας·
2873 3626 3014 3678 ὥστε
3059 3627 3151 3678 ἀπ’
3198 3625 3368 3695 αὑτῆς
3410 3622 3771 3676 κατοπτεύειν

2176 3721 2267 3772 τὸν
2295 3719 2530 3789 φύλακα,
2565 3720 2773 3788 μήποτε
2804 3717 3076 3788 τρυγῶσιν
3099 3717 3271 3785 αὑτὴν
3303 3716 3352 3766 οἱ
3375 3713 3768 3784 παραπορευό-

2187 3827 2335 3882 μενοι
2382 3811 2480 3878 τὴν
2531 3809 2670 3862 ὁδόν.
2723 3809 2887 3860 Ὅταν
2940 3808 2998 3860 δὲ
3049 3806 3298 3876 ἄκαρπος
3345 3801 3418 3876 ᾗ,
3478 3802 3772 3874 ἀμελεῖται

2178 3900 2491 3968 ἀναγκαίως
2533 3900 2631 3970 τῆς
2667 3897 2914 3968 ἀμπέλου
2957 3896 3025 3949 τά
3068 3896 3433 3966 φυλακτήρια.
3474 3892 3574 3945 Διά
3606 3892 3772 3944 τοῦτο

2175 3990 2269 4043 τοῦ
2315 3989 2708 4060 Ἰσραηλιτικοῦ
2740 3988 2866 4041 λαοῦ
2897 3988 2996 4056 τὴν
3023 3986 3407 4055 ὲγκατάλειῴιν
3424 3984 3660 4047 ἀπειλεῖ,
3692 3985 3772 4046 ὡς

2180 4085 2254 4155 μὴ
2283 4073 2756 4154 καρποφοροῦντος
2781 4080 2850 4133 τά
2891 4080 3268 4134 ἐπιϐάλλοντα.
3304 4077 3638 4148 Φοϐηθῶμεν
3673 4072 3771 4129 οῦν

2176 4170 2313 4226 εἶναι
2362 4174 2620 4244 ἄκαρποι,
2673 4171 2748 4241 μὴ
2776 4169 3295 4240 ἐγκαταλειφθῶμεν
3323 4169 3548 4238 ὑπὸτῆς
3593 4168 3770 4238 ὀργῆς

2174 4263 2269 4316 τοῦ
2297 4262 2451 4316 Θεοῦ.
2488 4265 2561 4316 Τὸ
2610 4261 2878 4332 φυλάσσον
2927 4265 3094 4333 ἡμᾶς,
3127 4263 3188 4314 τὸ
3234 4261 3460 4330 Πνεῦμα
3505 4260 3566 4313 τὸ
3608 4261 3769 4328 ἅγιόν

2176 4355 2340 4406 ἐστιν.
2383 4355 2549 4408 ’Ὀταν
2596 4353 2693 4424 μὲν
2736 4349 2826 4406 οὖν
2871 4355 3194 4424 καρποφορῇ
3245 4353 3276 4422 ὴ
3322 4351 3469 4421 ψυχὴ
3495 4350 3622 4415 ἀξια
3655 4351 3770 4403 τῶν

487 4436 818 4484 :eternorum
850 4437 1229 4502 peuuariorutu
1269 4440 1462 4507 dignos
1507 4441 1736 4510 profert,
1787 4452 1901 4496 tum
1929 4445 2070 4513 'per-

2179 4445 2408 4498 αἰωνίων
2457 4443 2774 4514 ἁποθηκῶν,
2825 4445 3131 4515 παραμένει
3179 4445 3273 4496 καὶ
3317 4443 3616 4512 φυλάσσει,
3670 4445 3771 4496 καὶ

491 4528 675 4573 manet
704 4521 794 4576 ille
835 4535 1040 4592 custos,
1083 4538 1137 4583 et
1167 4529 1459 4600 singularis
1481 4533 1580 4586 feri
1619 4531 1843 4588 insidias
1878 4536 2067 4603 procul

490 4610 696 4680 abigit;
729 4629 854 4668 cum
887 4627 1068 4672 autem
1104 4636 1264 4674 uvam
1288 4621 1432 4676 fell-is
1459 4631 1514 4676 et
1539 4624 1758 4677 botrum
1795 4626 2065 4679 amaritu-

489 4697 631 4754 dinis
662 4703 895 4772 profert,
952 4707 1349 4766 infructuosam
1403 4713 1642 4765 animam
1685 4712 1777 4768 ille
1819 4715 2063 4772 deserit:

487 4796 540 4841 et
564 4797 690 4846 tunc
715 4794 767 4846 in
790 4799 1038 4865 quemvis
1069 4801 1288 4856 brutum
1318 4803 1636 4871 cogitatum,
1661 4813 1715 4856 et
1741 4802 1792 4856 in
1816 4809 2065 4874 quamvis

487 4879 918 4942 irrationabilem
966 4893 1466 4962 concupiscentiam
1516 4893 1716 4948 decidit
1777 4895 1890 4951 illa.
1948 4895 2064 4952 Ple-

486 4984 715 5042 rumque
765 4993 928 5045 porro
960 4979 1246 5050 Scriptura
1283 4982 1538 5037 lsraelem
1591 4985 1803 5038 vineam
1863 4986 2068 5056 tropice

485 5075 792 5133 nuncupat;
832 5075 971 5144 ut‘,c
1000 5069 1225 5125 Vineam
1258 5087 1322 5125 ex
1369 5072 1605 5142 )Egypto
1649 5076 2010 5145 transtulisti;
2043 5097 2062 5131 ι

483 5161 559 5220 et,
625 5173 644 5208 ι
673 5156 841 5214 Vinea
875 5160 1018 5216 facta
1053 5171 1136 5217 est
1169 5163 1368 5216 dilecto
1399 5161 1446 5194 "
1468 5178 1508 5226 ;›
1559 5172 1634 5228 et,
1694 5182 1712 5215 ι
1739 5165 1850 5235 Ego
1885 5178 2065 5224 autem

485 5245 722 5315 plantavi
758 5261 808 5306 te
849 5253 1062 5308 vineam
1109 5252 1469 5318 fructuosam,
1517 5262 1687 5308 totam
1737 5271 1919 5312 veram
1967 5261 2008 5317 ³.
2040 5279 2060 5314 ο

2173 4534 2453 4605 πόρρωθεν
2493 4535 2745 4606 ἀπείργει
2776 4535 2876 4598 τάς
2915 4535 3008 4587 τοῦ
3054 4534 3238 4605 μονιοῦ
3270 4534 3364 4587 τοῦ
3408 4534 3608 4604 ἀγρίου
3642 4535 3770 4587 ἐπι-

2171 4625 2396 4688 ϐουλάς·
2435 4627 2560 4678 ὅταν
2598 4626 2652 4678 δέ
2684 4624 2955 4694 σταφυλὴν
2994 4624 3156 4695 χολῆς
3190 4625 3408 4694 γεωργῇ
3435 4624 3532 4676 καὶ
3563 4623 3770 4694 βότρυν

2173 4717 2395 4786 πικρίας
2426 4717 2654 4788 ἐκφέρῃ,
2680 4715 3262 4786 ἐγκαταλιμπάνειτὴν
3290 4716 3535 4784 ἄκαρπον
3557 4715 3766 4784 ψυχήνο

2174 4808 2267 4860 καὶ
2294 4807 2409 4860 τότε
2443 4807 2546 4859 ὑπὸ
2577 4806 2781 4869 παντὸς
2812 4806 3074 4876 λογισμοῦ
3105 4803 3403 4875 θηριώδους
3439 4805 3535 4856 καὶ
3581 4805 3769 4875 πάσης

2168 4900 2362 4968 ἀλόγου
2395 4900 2694 4971 ἐπιθυμίας
2720 4903 3132 4953 καταπεσεῖται.
3169 4896 3444 4966 Πολλαχοῦ
3477 4896 3536 4948 δὲ
3565 4913 3734 4967 τροπι
3757 4927 3770 4937 -

2167 4990 2278 5055 κῶς
2294 4991 2588 5061 ἀμπελῶνα
2607 4990 2695 5044 τὸν
2730 4989 2944 5060 Ἰσραὴλ
2966 4992 2994 5042 ό
3025 4988 3181 5054 λόγος
3205 4985 3607 5057 προσαγορεύει
3627 5003 3640 5015 ο
3690 4986 3770 5048 ὼς

2163 5080 2246 5145 τὸ,
2273 5097 2291 5131 ι
2325 5081 2602 5151 ’Ἄμπελον
2631 5080 2690 5146 ἐξ
2726 5078 3005 5146 Αἰγύπτου
3040 5080 3302 5148 μετῆρας·
3328 5095 3346 5128 ι
3365 5077 3480 5139 καὶ,
3504 5095 3522 5126 ι
3556 5076 3769 5145 Ἀμπε-

2165 5168 2272 5222 λὼν
2305 5168 2534 5239 ἐγενήθη
2555 5168 2632 5239 τῷ
2657 5171 2844 5238 ὴγαπη
2853 5167 3015 5237 μένῳ·
3031 5185 3049 5217 ι
3067 5167 3181 5232 καὶ,
3207 5185 3225 5217 ι
3249 5166 3390 5234 Ἐγὼ
3409 5165 3465 5218 δέ
3483 5164 3769 5234 ἐφύτευσά

2171 5279 2230 5315 σε
2255 5263 2500 5332 ἄμπελον
2553 5258 2923 5330 καρποφόρον,
2975 5258 3158 5311 πᾶσαν
3181 5257 3462 5328 ἀληθινήν.
3497 5275 3516 5306 ι
3549 5256 3614 5307 Εἰ
3640 5255 3702 5308 δέ
3737 5256 3766 5307 ό

562 5367 607 5398 ⁸·
634 5367 797 5424 Prov.
830 5385 912 5434 ut,
935 5369 1022 5423 12.
1099 5370 1120 5400 ³
1142 5367 1283 5421 Psal.
1316 5382 1502 5431 LXXII,
1535 5368 1588 5423 9.
1642 5379 1663 5409 ἱ
1687 5379 1704 5399 ⁸
1730 5376 1843 5434 Jsa.
1872 5395 1925 5444 ν,
1961 5379 2012 5433 1,
2036 5379 2056 5410 ³

2180 5423 2191 5435 .
2227 5395 2286 5443 ιι,
2316 5380 2408 5437 2|.

555 5465 632 5531 (-t)
667 5463 762 5520 His
785 5463 982 5535 similia
1015 5463 1177 5535 habet
1206 5460 1570 5533 Hieronymus
1591 5465 1644 5518 in
1683 5467 1826 5521 hunc
1860 5469 2059 5535 locmn,

487 5541 650 5608 atque
686 5535 758 5588 ita
788 5533 1070 5603 loquitur:
1106 5551 1125 5583 ι
1158 5532 1215 5608 In
1245 5532 1621 5589 cucumerario
1651 5551 1889 5608 quoque,
1917 5532 2058 5608 quod

489 5599 632 5656 LXX
677 5599 951 5673 pontor—um
1011 5603 1304 5674 custodiam
1350 5612 1567 5674 vocant,
1635 5599 1886 5674 parvula!
1925 5599 2061 5665 fiunt

491 5671 687 5754 casulm'
729 5681 959 5754 propter
989 5671 1241 5754 ardorem
1285 5671 1414 5754 so_|i_s
1463 5687 1522 5751 ac
1549 5671 1745 5754 radios
1789 5677 2056 5754 declinan-

491 5743 623 5798 dos:
647 5755 699 5800 et
729 5741 854 5797 inde
879 5741 959 5796 vel
994 5741 1351 5811 bomines,vel
1375 5743 1645 5812 bestiolas,
1667 5761 1783 5816 qua:
1807 5747 2054 5806 insidiari

2176 5468 2351 5524 solent
2396 5463 2538 5518 uatis
2561 5461 3093 5533 frugilms,_abigunt.
3147 5462 3283 5517 Cum
3337 5462 3759 5533 autemqablﬁata

2168 5531 3018 5602 fuerintistiusmodigenimina,
3059 5542 3338 5602 remanent
3375 5532 3589 5586 arentia
3643 5532 3762 5586 fru-

2169 5611 2334 5664 ticum
2387 5601 2744 5666 umbracula,
2800 5601 3104 5669 casulazque
3151 5601 3435 5657 recedente
3485 5603 3761 5656 custode:

2165 5678 2290 5746 quia
2319 5689 2422 5746 non
2457 5673 2618 5727 liabet
2647 5672 2786 5746 ultra
2815 5672 2958 5746 quod
2989 5680 3205 5746 servet,_
3224 5689 3241 5722 ι
3269 5682 3323 5726 et
3355 5680 3552 5728 caetera
3579 5713 3593 5741 ,
3633 5685 3764 5742 qua

2166 5739 2292 5804 item
2333 5745 2420 5804 ille
2457 5741 2755 5812 transtulit,
2786 5739 3264 5818 sedcuvomuubg.
