3968 6498
153 393 208 448 93
1130 379 1631 435 COMMENTARIA
1675 378 1740 432 IN
1780 377 2030 433 lSAlAM.
2074 411 2138 419 —
2178 377 2330 432 CAP.
2372 379 2411 432 l.
3307 382 3377 436 96

163 502 351 572 Ἰσραὴλ
371 499 656 567 ἀμπελὼν,
693 499 865 567 σκηνὴ
891 499 984 567 τῆς
1008 497 1250 566 ἀμπέλου
1276 497 1476 564 ταύτης
1509 498 1536 549 6
1562 491 1706 558 οἶκος

1822 495 1961 560 Quod
1987 495 2030 550 si
2062 495 2222 549 lsrael
2247 495 2397 548 vinea
2438 493 2616 558 fuerit,
2651 495 3055 549 tabernaculum
3098 511 3228 551 sane
3257 499 3376 568 cjus

155 596 270 660 τάχα
307 593 334 642 6
362 591 457 643 τοῦ
501 589 630 642 ναοῦ
658 607 672 619 ·
706 591 970 659 σκήνωμα
1002 587 1109 656 γὰρ
1147 586 1302 656 δόξης
1339 586 1707 653 ὲλέγετο,καὶ,

162 703 170 722 ι
201 683 472 750 σκήνωμα,
519 676 578 733 οὗ
619 681 1033 749 κατεσκήνωσεν
1069 678 1125 730 ὲν
1147 676 1473 746 ἀνθρώποις.
1519 697 1535 727 ›
1567 677 1713 738 Ἕως

158 774 237 824 μὲν
268 767 355 823 05v
399 772 489 822 ὅτε
543 771 713 822 ἐποίει
750 770 958 840 καρπὸν
992 769 1177 831 πολὺν,
1218 770 1311 820 καὶ
1347 770 1379 838 ἡ
1428 768 1600 838 σκηνὴ
1629 767 1714 820 διὰ

157 877 234 931 τήν
268 858 370 910 τῶν
418 859 653 929 καρπῶν
696 858 940 927 φυλακὴν
989 857 1360 925 συνειστήκει·
1410 856 1532 908 ἐπεὶ
1582 855 1638 906 δὲ
1687 857 1714 906 6

157 953 401 1020 φυτεύσας
419 952 594 1021 αὐτὴν
624 951 804 1020 ἔμεινε
825 949 918 1001 τοῦ
945 948 1167 1016 ποιῆσαι
1185 946 1476 1015 σταφυλὴν,
1494 945 1711 1016 ἐποίησε

157 1044 199 1096 δὲ
227 1043 481 1102 ἀκάνθας,
499 1037 586 1102 αἷς
609 1031 696 1091 τὸν
715 1038 915 1106 Κύριον
939 1037 1336 1104 ἐστεφάνωσαν,
1363 1036 1456 1086 καί
1472 1035 1711 1104 ἐστράφη

156 1136 282 1187 πᾶσα
310 1135 388 1194 είς
420 1133 650 1201 πικρίαν
671 1149 684 1160 ·
725 1130 946 1200 ἐποίησε
978 1129 1084 1198 γὰρ
1127 1127 1396 1197 σταφυλὴν
1429 1126 1589 1196 χολῆς
1622 1127 1716 1178 καὶ

159 1224 324 1292 ᾷότρυν
367 1222 632 1292 πικρίας·
668 1221 748 1273 διὸ
785 1221 876 1274 καὶ
924 1221 1004 1283 είς
1047 1219 1106 1270 τὸ
1152 1219 1345 1289 βρῶμα
1390 1218 1594 1270 ἔδωκαν
1639 1217 1715 1286 τῷ

158 1315 322 1383 Κυρῖῳ
348 1313 534 1381 ,χολήν
559 1330 572 1341 ·
615 1313 704 1365 διὰ
732 1311 888 1363 τοῦτο
936 1309 1330 1379 ἐγκατελείφθη
1355 1311 1386 1376 ἡ
1420 1310 1590 1379 σκηνὴ
1624 1308 1713 1360 τοῦ

155 1403 469 1470 ἀμπελῶνος.
503 1423 523 1450 ‹
571 1401 699 1452 Ἰῶϋ
736 1401 863 1471 γὰρ,
896 1402 1085 1470 φησὶν,
1119 1402 1338 1468 ἀφίεται
1369 1400 1493 1469 ὑμῖν
1519 1401 1547 1450 ό
1571 1396 1716 1462 οἶκος

159 1491 289 1559 ὑμῶν
334 1491 574 1561 ἔρημος·
623 1511 640 1541 ι
687 1491 809 1542 τότε
858 1490 1148 1561 ἐπληρώθη
1202 1493 1233 1560 ἡ
1286 1490 1483 1558 ἀπειλὴ
1535 1489 1711 1558 αῦτη·

162 1581 619 1650 «Ἐγκατελείφθη
661 1583 770 1652 γὰρ
811 1582 885 1644 ὡς
917 1583 1088 1652 σκηνὴ
1125 1582 1182 1634 ὲν
1223 1581 1527 1652 ἀμπελῶνι.
1567 1600 1584 1630 ι
1627 1579 1716 1644 Ἐξ

159 1672 340 1724 ἐκείνου
372 1672 565 1724 λοιπὸν
599 1675 693 1724 καὶ
733 1676 852 1735 ταῖς
884 1673 1133 1740 νεφέλαις
1178 1673 1479 1725 ἐνετείλατο
1511 1670 1603 1723 τοῦ
1641 1671 1714 1741 μὴ

160 1765 318 1833 βρέξαι
346 1764 440 1816 ἐπὶ
480 1765 578 1816 τὸν
609 1763 930 1833 ἀμπελῶνα.
964 1763 1062 1816 Διά
1101 1764 1258 1816 τοῦτο
1287 1764 1468 1816 οὐκέτι
1501 1763 1716 1834 προφῆ-

1815 590 2007 641 domus
2043 586 2222 654 templi
2251 586 2353 640 erit
2382 605 2393 640 :
2421 600 2542 640 nam
2576 585 2986 640 tabernaculum
3019 588 3212 656 gloriae
3243 591 3376 645 dici-

1817 688 1920 742 tur,
1968 686 2043 741 et,
2101 677 2588 742 «tabernaculum,
2642 676 2727 730 ubi
2777 678 3037 731 habitavit
3090 678 3144 732 in
3201 679 3376 733 homi-

1815 769 1971 822 nibus
2006 768 2048 822 ⁸.
2079 787 2098 820 ι
2160 769 2343 822 Donec
2378 769 2559 837 itaque
2606 770 2830 823 multmu
2867 768 3097 822 fructum
3130 771 3376 837 protulit,

1817 855 2224 909 tabernaculum
2280 856 2345 910 ad
2401 858 2673 911 fructuum
2726 859 3026 914 custodiam
3083 859 3374 913 subSIitit:

1815 948 1941 1016 quia
1983 964 2110 1002 vero
2148 949 2239 1018 qui
2280 949 2545 1018 plantavit
2585 965 2737 1014 eam,
2787 953 3116 1019 exspectavit
3145 962 3200 1005 ut
3233 953 3376 1007 face-

1817 1047 1891 1090 rel
1944 1053 2128 1102 uvam,
2182 1039 2312 1092 fecit
2353 1050 2530 1094 autem
2585 1041 2788 1111 spinas,
2853 1041 3046 1108 quibus
3097 1041 3374 1095 Dominum

1814 1139 2164 1193 coronarunt,
2228 1139 2335 1184 tota
2371 1147 2635 1186 conversa
2677 1143 2760 1187 est
2812 1133 2864 1185 iu
2921 1133 3375 1186 amaritudinem:

1817 1218 1942 1272 fecit
1988 1221 2130 1273 enim
2184 1237 2339 1274 uvam
2389 1220 2532 1276 fellis
2578 1233 2632 1277 et
2691 1223 2900 1276 botrqu
2955 1223 3376 1276 amaritudinis:

1817 1308 2040 1376 ideoque
2071 1309 2124 1362 in
2159 1317 2342 1378 potum
2390 1311 2614 1364 Domino
2666 1311 2733 1365 fel
2780 1312 3088 1377 dederunt;
3131 1327 3194 1367 ua
3249 1327 3377 1366 sane

1815 1401 1881 1454 de
1909 1414 2071 1454 causa
2099 1401 2508 1455 tabernaculum
2542 1402 2712 1456 vincte
2752 1402 3064 1456 derelictum
3093 1413 3173 1458 cst
3209 1421 3224 1457 :
3256 1420 3375 1457 nam

1821 1507 1839 1538 ι
1868 1503 2034 1552 ecce,
2099 1490 2314 1557 inquit,
2378 1489 2716 1558 relinquetur
2769 1493 2920 1546 vobis
2968 1494 3157 1547 domus
3202 1506 3378 1548 vestra

1817 1579 2028 1633 deserta
2088 1580 2128 1631 '.
2155 1599 2173 1630 ι
2220 1579 2369 1632 Tunc
2410 1593 2537 1634 vere
2573 1580 2789 1649 impleta
2833 1592 2916 1636 est
2959 1582 3046 1637 illa
3083 1585 3381 1638 commina-

1819 1669 1915 1728 tio.
1973 1668 2172 1722 etenim
2212 1685 2230 1717 ι
2260 1667 2521 1722 derelicta
2569 1677 2652 1723 est
2688 1671 2828 1725 sicut
2877 1672 3285 1726 tabernaculum
3324 1675 3377 1728 in

1816 1765 2016 1818 vinea:
2054 1782 2072 1815 ›
2101 1763 2298 1816 exinde
2349 1778 2478 1816 vero
2524 1763 2755 1819 nubibus
2801 1765 3076 1820 mandavit
3123 1782 3191 1821 ne
3232 1768 3381 1835 plue-

160 1871 230 1906 ται
253 1855 371 1924 παρ’
400 1856 612 1916 αὐτοῖς,
646 1854 829 1906 ούκέτι
863 1854 1087 1925 οὐρανία
1120 1855 1312 1925 χάρις·
1345 1853 1479 1906 ἀλλά
1497 1855 1717 1921 γέγονεν

1822 1864 1941 1909 rent
1994 1868 2157 1923 super
2207 1854 2438 1906 vineam.
2496 1853 2702 1909 Idcirco
2761 1870 2866 1910 non
2919 1856 3060 1909 ultra
3103 1859 3381 1926 prophetae

160 1949 222 2008 εἰς
245 1946 428 2016 χέρσον
457 1946 559 1996 καὶ
582 1945 976 2014 καταπάτημα,
1005 1946 1058 1997 οἵ
1081 1962 1141 1997 τε
1194 1945 1435 2016 φραγμοὶ
1462 1944 1556 1996 τοῦ
1586 1943 1712 1996 ναοῦ

162 2037 338 2088 ἐκείνου
387 2036 816 2108 καθῃρέθησαν,
865 2038 893 2088 6
928 2035 1341 2105 ύπερασπισμὸς
1394 2034 1500 2086 τῶν
1549 2034 1715 2100 ἀγίων

160 2127 426 2195 δυνάμεων,
474 2128 588 2198 κᾷν
637 2144 688 2179 τι
726 2127 1066 2198 ἐργάσωνται
1109 2125 1250 2178 κατὰ
1283 2125 1373 2178 τὸν
1405 2126 1587 2195 νόμον,
1636 2125 1715 2187 είς

161 2217 402 2272 ἀπώλειάν
439 2220 585 2272 ἐστι.
626 2238 644 2270 ‹
680 2220 790 2271 Καὶ
827 2218 902 2281 ὡς
930 2217 1396 2288 όπωροφυλάκιον,
1438 2216 1622 2287 φησὶν,
1659 2217 1714 2268 ὲν

162 2306 459 2376 σικυηλάτῳ.
509 2325 530 2356 ι
569 2306 834 2376 Σημαίνει
866 2306 1046 2359 τοίνυν
1080 2306 1168 2359 διά
1200 2305 1390 2359 τούτου
1430 2305 1526 2376 τὴν
1583 2321 1717 2358 παν-

165 2395 269 2465 τελῆ
291 2396 461 2449 αὐτῶν
491 2395 808 2467 ἀκαρπίαν·
838 2396 942 2460 ἕως
975 2397 1073 2466 μὲν
1101 2395 1210 2468 γὰρ
1245 2395 1471 2467 καρπῶν
1496 2393 1715 2460 ἀγαθῶν

164 2487 509 2558 πεπλήρωται,
570 2489 663 2542 τὸν
695 2488 1035 2560 φρουροῦντα
1080 2490 1174 2542 καὶ
1220 2488 1559 2558 φυλάσσοντα
1591 2486 1715 2542 ἐκέ-

165 2593 326 2650 xli-1'1;
335 2579 626 2651 Ξίσκτλνὴν
647 2581 976 2650 πηξάμενος,
995 2579 1198 2633 ἄνωθεν
1214 2581 1304 2648 ἀφ’
1321 2579 1524 2652 ὑψηλοῦ
1540 2580 1718 2649 ἀφορᾷ

166 2672 239 2722 καὶ
266 2675 612 2741 περισκοπεῖ,
649 2671 742 2724 καὶ
783 2671 1038 2740 φυλάττει
1062 2671 1151 2722 τὸν
1191 2671 1505 2740 ἀμπελῶνα.
1531 2671 1656 2723 Είδ⁹
1688 2674 1716 2724 6

163 2761 321 2814 τούτου
353 2762 573 2834 καρπὸς
601 2760 895 2832 ἀφαιρεθῇ,
928 2761 1230 2830 τηνικαῦτα
1255 2763 1283 2813 6
1313 2760 1505 2829 φύλαξ,
1535 2761 1610 2822 ῶς
1642 2762 1715 2830 μὴ

165 2855 229 2915 είς
258 2853 473 2921 μάταιον
507 2854 730 2922 κάμνῃ,
780 2852 876 2922 τὴν
912 2853 1116 2924 σκηνὴν
1162 2851 1366 2922 ἔρημον
1404 2851 1714 2918 ἀπολιπὼν,

161 2947 403 3016 ἀναχωρεῖ
428 2947 537 3016 τῆς
558 2945 822 3013 φυλακῆς.

1817 1957 1980 2014 penes
2009 1943 2124 1997 illos
2150 1950 2291 2007 sunt,
2327 1958 2429 1998 non
2471 1945 2713 2000 caelestis
2747 1947 2952 2016 gratia;
2983 1949 3075 2002 sed
3117 1963 3380 2002 conversa

1814 2043 1898 2088 est
1931 2035 1984 2086 in
2030 2033 2234 2087 aridam
2267 2042 2320 2087 et
2362 2033 2414 2086 iu
2449 2035 2917 2090 conculcatiouem
2941 2076 2956 2101 ,
2999 2052 3152 2106 sepes
3200 2039 3380 2107 templi

1817 2125 1958 2179 illius
1988 2125 2280 2178 destructa:
2309 2134 2457 2190 sunt,
2504 2139 2719 2180 necnon
2767 2135 3077 2181 sanctarum
3118 2128 3382 2181 virtutum

1817 2216 2282 2288 propugnaculum
2327 2235 2342 2271 :
2381 2231 2446 2272 ac
2498 2217 2714 2272 etiamsi
2759 2218 3033 2287 quidpiam
3089 2221 3382 2273 secundum

1817 2307 1991 2378 legem
2024 2315 2210 2377 agant,
2235 2308 2289 2363 id
2321 2306 2426 2362 illis
2455 2307 2508 2362 in
2537 2309 2831 2378 perniciem
2878 2310 3062 2364 vertit.
3096 2327 3116 2362 ι
3145 2309 3212 2364 Et
3244 2309 3386 2363 sicut

1819 2397 2115 2468 tugurium,
2139 2399 2239 2466 ait,
2276 2397 2330 2452 in
2359 2399 2761 2454 cucumerario.
2789 2418 2808 2452 ι
2857 2397 2948 2456 His
2999 2400 3180 2470 itaque
3212 2400 3384 2475 signi-

1816 2488 1943 2545 ﬁcat
1979 2489 2348 2545 omnimodam
2378 2491 2519 2559 apud
2559 2491 2680 2546 illos
2714 2489 2994 2546 fructuum
3020 2493 3387 2549 vacuitatem:

1817 2582 1987 2635 donec
2017 2581 2160 2634 enim
2210 2580 2372 2636 bouis
2420 2579 2686 2636 fructibus
2711 2581 3061 2650 implebatur,
3105 2581 3386 2636 custodem

1820 2670 1885 2724 ad
1913 2668 2221 2738 praesidium
2246 2669 2527 2723 obtinebat
2557 2684 2704 2736 eum,
2747 2671 2838 2739 qui
2883 2679 3092 2726 structo
3143 2672 3390 2725 taberna-

1817 2759 1965 2822 culo,
2000 2775 2030 2812 e
2059 2757 2277 2812 sublimi
2314 2760 2566 2812 observat
2594 2769 2649 2814 et
2693 2761 2916 2830 respicit
2945 2762 3182 2814 vineam.
3235 2760 3388 2827 Quod

1817 2849 1861 2902 si
1888 2849 2097 2902 fructus
2129 2847 2252 2917 ejus
2285 2847 2582 2913 auferatur,
2618 2857 2745 2903 tunc
2774 2858 2977 2912 custos,
3005 2864 3071 2903 ne
3099 2850 3152 2901 in
3187 2864 3386 2903 vanum

1818 2937 2047 3002 laboret,
2081 2937 2490 2993 tabernaculum
2525 2938 2806 2994 desertum
2834 2939 3166 3008 relinquens,
3204 2941 3391 2994 absce-

1818 3031 1897 3087 dit
1925 3046 1955 3085 a
1981 3030 2249 3086 custodia.

239 3211 383 3266 ιΚαὶ
429 3213 478 3264 εί
543 3210 618 3281 μὴ
668 3209 870 3282 Κύριος
925 3209 1150 3262 Σαϐαὼθ
1204 3209 1556 3277 ἐγκατέλιπεν
1585 3209 1716 3280 ἡμῖν

1894 3201 2056 3257 Vens.
2099 3201 2152 3269 9,
2202 3201 2286 3256 10.
2352 3221 2370 3252 ι
2404 3201 2470 3256 Ει
2511 3202 2617 3257 nisi
2658 3201 2916 3257 Dominus
2965 3200 3208 3255 Sabaoth
3264 3199 3390 3254 reii-

169 3299 377 3372 σ-πὲρμα,
405 3302 482 3363 ὡς
515 3301 723 3370 Σόδομα
753 3300 820 3352 ἂν
847 3301 1206 3372 ἐγενήθημεν,
1233 3301 1328 3353 καὶ
1359 3301 1432 3364 ὼς
1466 3301 1718 3372 Γόμορρα

167 3392 217 3442 ἂν
239 3375 620 3464 ὡμοιώθημεν.
659 3391 948 3444 ’Λκούσατε
981 3391 1138 3458 λόγον
1182 3391 1389 3464 Κυρίου
1411 3431 1424 3455 ,
1461 3390 1720 3461 ἄρχοντες

167 3486 410 3555 Σῶμων·
460 3489 764 3556 προσέχετε
796 3485 956 3554 νόμον
999 3482 1154 3549 Θεοῦ,
1189 3481 1314 3546 λαὸς
1347 3481 1648 3552 Γομόρρας.
1695 3499 1713 3532 ›

178 3575 469 3649 Ἐπειδήπερ
496 3577 597 3629 ἐπὶ
621 3579 684 3646 τῇ
724 3575 833 3627 τῶν
868 3575 1118 3646 πατέρων
1165 3575 1333 3644 ἀρετῇ
1387 3571 1720 3642 σεμνυνόμε-

167 3683 253 3726 νοι,
292 3669 425 3736 μέγα
471 3666 762 3736 ἐφρόνουν,
793 3664 869 3727 ῶς
893 3664 986 3716 τοῦ
1029 3663 1278 3734 Ἀϐραὰμ
1319 3663 1471 3724 ὄντες
1497 3661 1721 3732 σπέρμα

168 3757 241 3807 καὶ
275 3757 360 3809 τοῦ
409 3757 634 3828 Ἰσραὴλ
667 3757 954 3822 ἀπόγονοι·
1003 3755 1226 3816 είκότως
1271 3755 1331 3805 τὸ
1378 3745 1721 3822 μεγάλαυχον

167 3847 315 3900 αύτῶν
339 3852 366 3901 ό
396 3850 562 3916 λόγος
593 3849 858 3912 ταπεινοῖ,
885 3847 977 3898 καὶ
1005 3846 1066 3897 τὸ
1093 3846 1317 3915 μάταιον
1347 3844 1514 3914 οἴημα
1538 3843 1723 3896 καθαι-

169 3942 264 4007 ρεῖ·
294 3942 411 4002 τοὺς
444 3940 552 4010 μὲν
587 3939 853 4008 ἄρχοντας
887 3936 977 3990 τοῦ
1009 3935 1291 4006 διαϐοήτου
1336 3934 1579 4005 Ἰσραὴλ,
1623 3934 1720 3985 Σο-

167 4029 314 4096 δόμων
334 4032 605 4100 ἄρχοντας
625 4028 928 4098 όνομᾲζων,
953 4026 1114 4080 αὐτὸν
1137 4025 1193 4077 δὲ
1211 4025 1300 4077 τὸν
1317 4023 1723 4096 χρηματίζοντα

168 4115 271 4168 λαὸν
297 4119 383 4171 τοῦ
413 4117 583 4181 Θεοῦ,
613 4117 740 4170 λαὸν
773 4117 1054 4191 ομόρρας
1082 4115 1388 4177 ἀποκαλῶν,
1415 4115 1487 4178 ὡς
1508 4115 1595 4167 διά
1615 4115 1723 4166 τῶν

170 4208 277 4260 ίσων
309 4209 765 4279 ἐπιτηδευμάτων
805 4211 917 4270 τοῖς
959 4207 1124 4260 πάλαι
1166 4206 1499 4276 ἀσεϐήσασιν
1527 4207 1723 4275 ὁμοιω-

169 4295 328 4348 θέντα·
370 4298 624 4368 Σοδόμων
674 4297 898 4366 ἇρχουσι
947 4297 1039 4349 καὶ
1084 4297 1366 4366 Γομόρρας
1399 4295 1514 4364 λαῷ
1544 4312 1723 4364 παρα-

169 4385 322 4440 ϐάλλει
343 4390 563 4452 αὐτοὺς,
587 4387 677 4440 διὰ
696 4387 793 4456 τὴν
814 4386 1111 4457 μέλλουσαν
1131 4387 1314 4448 αὐτοῖς
1338 4384 1722 4438 ἐπελεύσεσθαι

1821 3293 2028 3362 quisset
2067 3291 2223 3346 nobis
2268 3306 2453 3346 semen
2479 3332 2494 3357 ,
2531 3292 2686 3361 quasi
2730 3290 2964 3345 Sodoma
2999 3291 3308 3355 fuissemus,
3335 3301 3391 3346 et

1820 3384 2138 3440 Gomorrhae
2167 3383 2371 3437 similes
2395 3397 2657 3438 essemus.
2687 3382 2884 3435 Audite
2910 3383 3128 3434 verbum
3149 3381 3388 3447 Domini,

1821 3474 2092 3546 principes
2119 3471 2507 3536 Sodomorum,
2541 3471 2800 3525 attendite
2837 3470 2937 3538 legi
2988 3471 3101 3531 Dei,
3149 3471 3379 3556 p0pulus

1822 3563 2155 3620 Gomorrhaa.
2186 3581 2203 3612 ›
2267 3562 2400 3628 Quia
2435 3562 2502 3615 de
2550 3569 2763 3630 patrum
2817 3561 3018 3627 virtute
3072 3559 3388 3628 gloriantes,

1825 3669 2082 3724 magnum
2131 3651 2434 3720 sapiebant,
2483 3658 2668 3719 utp0te
2701 3651 2790 3719 qui
2829 3651 3062 3703 Abrahm
3109 3663 3290 3702 semen
3335 3657 3390 3702 et

1825 3743 2043 3798 lsraelis
2088 3751 2314 3810 nepotes
2362 3751 2547 3795 essent
2575 3781 2590 3806 ,
2629 3741 2840 3795 illorum
2878 3740 3239 3809 arrogantiam
3270 3739 3392 3808 jure

1826 3833 2098 3901 deprimit,
2154 3845 2458 3899 vanamque
2503 3845 2691 3883 eorum
2748 3830 3057 3898 opinionem
3107 3831 3173 3883 de
3217 3830 3394 3882 medio

1827 3925 1986 3988 tollit,
2021 3924 2145 3976 dum
2173 3921 2418 3991 prteclari
2448 3921 2596 3976 illius
2631 3921 2846 3976 lsraelis
2893 3923 3177 3990 principes,
3224 3919 3395 3974 Sodo~

1826 4027 2034 4067 morum
2077 4013 2354 4080 priuetpes
2383 4018 2682 4077 nuncupat,
2723 4020 2776 4064 et
2807 4009 3061 4078 populum
3092 4009 3236 4060 illum
3277 4008 3392 4075 Dei,

1824 4104 2082 4176 populum
2131 4101 2447 4156 Gomorrhm
2505 4110 2703 4165 vocat;
2757 4109 2944 4168 utpote
2999 4099 3086 4166 qui
3129 4099 3197 4150 ob
3244 4098 3392 4165 paria

1825 4195 2006 4249 studia
2041 4193 2145 4246 illis
2177 4193 2304 4246 olim
2338 4191 2516 4258 impiis
2561 4191 2755 4244 similis
2787 4189 3024 4242 evaserit
3057 4207 3070 4241 :
3107 4189 3223 4242 sive
3274 4187 3395 4240 illos

1823 4285 2172 4355 principibus
2221 4283 2581 4338 Sodomorum
2631 4290 2683 4333 et
2723 4279 3043 4334 Gomorrhze
3093 4287 3394 4347 comparat,

1825 4379 1891 4432 ob
1919 4386 2201 4429 venturum
2235 4371 2340 4425 illis
2371 4370 2679 4436 excidium;
2727 4378 2788 4424 ut
2822 4369 3015 4423 accidit
3050 4369 3258 4438 populis
3290 4365 3394 4420 So-

170 4482 528 4550 καταστροφήν
549 4497 563 4510 ·
601 4479 676 4544 ὼς
707 4483 820 4542 τοῖς
841 4479 908 4532 τὰ
932 4479 1138 4549 Σόδομα
1164 4479 1256 4531 καὶ
1287 4479 1538 4548 Γόμορρα
1571 4477 1717 4548 οίκήι

1828 4469 1986 4522 doma
2035 4475 2089 4519 et
2147 4463 2511 4518 Gomorrltam
2555 4459 2960 4522 incolentibus,
3004 4460 3098 4529 qui
3147 4459 3390 4512 omnium

172 4582 302 4621 σασιν
354 4571 585 4642 ἀνδράσι
614 4570 831 4623 πάντων
865 4570 1166 4640 ἀνθρώπων
1201 4568 1582 4631 ἀσεϐεστάτοις
1629 4585 1724 4636 γε-

172 4659 328 4712 νέσθαι
353 4661 872 4732 μνημονευομένοις.

229 4769 246 4800 ι
274 4751 333 4803 Τί
367 4769 457 4822 μοι
497 4751 700 4821 πλῆθος
721 4751 826 4804 τῶν
849 4750 1048 4804 θυσιῶν
1093 4750 1265 4822 ὑμῶν,
1299 4750 1446 4818 λέγει
1475 4748 1678 4818 Κύριος
1703 4767 1717 4814 ;

173 4836 366 4910 Πλήρης
423 4842 545 4912 εἰμὶ
611 4841 1073 4912 ὁλοκαυτωμάτων
1130 4841 1298 4910 κριῶν
1333 4858 1346 4871 ·
1404 4842 1499 4893 καὶ
1556 4839 1720 4912 στέαρ

171 4928 342 4999 ἀρνῶν,
377 4935 472 4986 καὶ
517 4929 659 5002 αἷμα
702 4933 919 5003 ταύρων
964 4933 1056 4985 καὶ
1096 4933 1314 5001 τράγων
1343 4933 1405 4984 οὐ
1442 4931 1720 5001 βούλομαι,

171 5019 259 5071 οὐδ’
286 5021 344 5075 ἂν
398 5023 639 5094 ἔρχησθε
693 5023 919 5094 ὀφθῆναί
965 5040 1073 5093 μοι.
1134 5023 1231 5086 Τίς
1269 5022 1378 5094 γὰρ
1433 5021 1722 5090 ὲξεζήτησε

171 5109 316 5163 ταῦτα
339 5115 526 5166 ἐκτῶν
553 5113 750 5184 χειρῶν
767 5114 950 5184 ὑμῶν;
983 5133 1000 5166 ι
1032 5114 1176 5185 Πρὸς
1205 5109 1296 5167 οῦν
1319 5113 1444 5176 τοὺς
1471 5113 1539 5165 τά
1557 5113 1726 5166 δεινό-

173 5217 286 5254 τατα
314 5205 451 5258 κατὰ
488 5203 582 5257 τοῦ
623 5204 827 5276 Κυρίου
860 5205 1254 5275 τολμήσαντας,
1298 5203 1507 5264 θυσίαις
1543 5202 1601 5255 δὲ
1635 5203 1728 5254 καὶ

173 5291 419 5359 σπονδαῖς,
443 5294 538 5346 καὶ
559 5295 680 5355 ταῖς
708 5292 896 5356 ἄλλαις
921 5292 1059 5345 κατά
1076 5292 1166 5345 τὸν
1193 5292 1356 5362 νόμον
1387 5295 1726 5362 σωματικαῖς

173 5374 420 5448 λατρείαις
475 5380 790 5434 ἱλάσκεσθαι
827 5381 916 5434 τὸν
955 5380 1086 5432 Θεὸν
1127 5380 1464 5452 νομίζοντας,
1500 5383 1528 5434 6
1568 5380 1724 5448 λόγος

174 5469 490 5527 ἀποτείνεται
544 5474 792 5541 φάσκων,
837 5493 856 5525 ι
903 5474 969 5526 Τί
1027 5492 1118 5547 μοι
1145 5474 1346 5546 πλῆθος
1382 5475 1487 5528 τῶν
1523 5473 1722 5527 θυσιῶν

177 5559 325 5627 ὑμῶν,
352 5561 495 5631 λέγει
523 5565 757 5635 Κύριος;
791 5584 809 5616 ι
847 5567 940 5619 καὶ
968 5567 1034 5620 τά
1060 5567 1206 5636 ἑξῆς-

237 5759 254 5787 δ
283 5759 413 5817 l‘sal.
442 5780 644 5829 ωτι-ιι,
676 5765 764 5822 60.
842 5767 862 5799 ⁸
908 5766 1097 5823 Matth.
1127 5781 1282 5832 mn,
1316 5767 1405 5822 58.

1831 4563 2108 4616 hominum
2140 4557 2444 4628 impiissimi
2473 4555 2602 4610 olim
2633 4554 2800 4610 fuisse
2843 4562 3235 4608 memorantur.

1904 4743 2044 4797 Vsus
2085 4743 2144 4796 ll
2174 4781 2188 4806 ,
2231 4740 2318 4795 12.
2365 4758 2384 4791 ι
2415 4737 2550 4804 Quid
2599 4735 2730 4790 mihi
2771 4733 3054 4790 multitudo
3092 4733 3394 4790 sacriﬁcio-

1829 4852 1946 4891 rum
1973 4843 2297 4899 vestrorum,
2345 4832 2477 4887 dicit
2506 4829 2808 4884 Dominus?
2856 4829 3056 4884 Plenus
3095 4843 3212 4882 sum
3247 4827 3401 4881 holo-

1825 4927 2028 4982 caustis
2050 4927 2282 4979 arietum
2310 4941 2322 4976 :
2353 4934 2408 4980 et
2441 4926 2652 4996 adipem
2679 4938 2962 4993 agnorum,
2989 4931 3043 4976 et
3075 4919 3390 4989 sanguinem

1829 5029 2106 5074 taurorum
2152 5027 2206 5072 et
2238 5019 2521 5072 hircorum
2555 5017 2699 5083 nolo,
2737 5030 2842 5069 nec
2899 5013 3127 5067 veniatis
3169 5013 3221 5063 in
3266 5023 3400 5063 con-

1827 5121 2071 5179 spectum
2125 5124 2323 5163 meum.
2360 5109 2493 5175 Quis
2526 5110 2668 5165 enim
2707 5106 2989 5176 requisivit
3037 5103 3151 5156 [nec
3195 5101 3258 5154 de
3289 5115 3401 5152 ma-

1838 5199 1997 5252 nibus
2045 5198 2284 5252 vestris?
2326 5217 2344 5248 ›
2375 5196 2681 5265 Eosilaque
2736 5209 2917 5250 sermo
2982 5189 3242 5259 respicit,
3311 5187 3399 5255 qui

1830 5289 2034 5344 atrocia
2077 5283 2266 5343 contra
2301 5288 2584 5342 Dominum
2609 5285 2829 5356 aggredi
2884 5281 3026 5345 ausi,
3071 5277 3402 5343 sacriﬁciis.

1829 5379 2183 5434 libamiuibus
2254 5378 2484 5448 aliisque
2538 5377 2836 5433 secundum
2902 5373 3071 5440 legem
3129 5373 3402 5441 corporeis

1822 5459 2149 5524 ministeriis
2182 5470 2349 5524 Deum
2376 5485 2434 5524 se
2469 5467 2685 5540 placare
2717 5479 2874 5535 posse
2900 5473 3093 5533 putant
3125 5479 3139 5516 :
3168 5463 3358 5531 aitque
3385 5479 3399 5514 ;

1833 5560 2016 5626 «Quid
2084 5561 2214 5615 mihi
2272 5561 2560 5616 multitudo
2611 5555 3005 5614 sacriﬁciorum
3061 5563 3402 5616 vestrorum,

1828 5650 1957 5704 dicit
1989 5651 2284 5707 Dominus?
2312 5670 2331 5705 ι
2368 5661 2420 5706 ct
2447 5660 2664 5724 caetera.
