3968 6500
568 380 637 436 95
1254 368 1521 426 EUSEBII
1559 365 2030 423 CAESARIENSIS
2066 365 2217 422 OPP.
2259 366 2438 423 PARS
2473 368 2564 424 ΙΙΙ.
2615 399 2659 407 -
2711 366 3122 425 EXEGETICA.
3762 378 3827 433 95

648 497 808 553 νειις.
857 496 1037 550 t5-l5.
1084 511 1101 545 ι
1131 490 1358 547 Calcare
1409 490 1606 545 atrium
1647 504 1824 544 meum
1862 505 1971 544 non
2012 488 2149 557 atlji-
2177 496 2224 550 Α

571 587 752 642 cistis.
791 583 846 638 Si
887 581 1114 637 tuleritis
1151 581 1406 647 similam,
1434 594 1633 633 vanum
1665 579 1988 650 thymiama,
2018 580 2146 634 abo-

573 678 800 732 minatio
824 675 955 728 mihi
981 683 1084 729 est.
1132 672 1460 728 Neomcnias
1498 680 1733 736 vestras,
1784 680 1838 726 et
1885 671 2146 738 Sabbata,

571 778 627 824 et
657 769 795 822 diem
832 781 1082 836 magnam
1123 780 1230 820 non
1257 765 1375 819 fero
1411 761 1726 834 :jejunium
1778 771 1833 817 et
1883 761 2145 817 cessatio-

573 875 693 914 nem
726 867 780 912 et
814 857 1130 912 neomenias
1162 866 1379 912 vestras
1412 866 1466 910 et
1520 855 1892 911 solemnitates
1937 865 2148 908 vestras

568 951 682 1005 odit
722 951 902 1008 anima
941 964 1080 1003 mea.
1119 949 1275 1003 Facti
1316 949 1453 1004 estis
1503 948 1634 1002 mihi
1686 950 1738 1002 in
1791 948 2146 1001 satietatem:

571 1057 675 1096 non
709 1043 848 1095 ultra
890 1041 1133 1096 tolerabo
1158 1049 1382 1111 peccata
1413 1050 1619 1096 vestra.
1651 1039 1866 1094 Etcum
1886 1037 2150 1092 extende-

569 1135 692 1188 ritis
721 1148 913 1187 manus
953 1142 1164 1188 vestras
1207 1134 1273 1188 ad
1317 1147 1424 1201 me,
1468 1141 1712 1187 avertam
1773 1131 1958 1186 oculos
1998 1145 2147 1186 meos

542 1238 598 1277 -a
626 1222 783 1277 vobis
819 1241 832 1276 :
862 1231 918 1276 et
943 1223 994 1280 ,si
1021 1223 1511 1292 multiplicaveritis
1539 1222 2014 1292 supplicationem,
2039 1235 2141 1274 non

500 1301 507 1307 ’
567 1315 855 1370 exaudiam
892 1329 1013 1370 vos:
1041 1331 1166 1369 nam
1192 1330 1384 1370 manus
1403 1323 1598 1369 vestrae
1621 1314 1884 1384 sanguine
1917 1313 2142 1383 plenam

568 1405 674 1461 Sed
699 1407 828 1475 quia
857 1423 960 1461 non
993 1417 1367 1477 cognoverunt
1399 1406 1711 1471 Dominum,
1760 1414 1815 1460 et
1859 1406 1986 1476 quia
2040 1420 2147 1461 non

567 1497 956 1552 intellexerunt
1021 1513 1166 1565 eum,
1220 1499 1347 1567 quia
1405 1498 1814 1575 dereliquerunt
1873 1511 2033 1561 eum,
2096 1505 2148 1551 et

568 1588 924 1642 irritat-erunt
969 1599 1218 1644 sanctum
1268 1590 1433 1644 Israet
1465 1608 1478 1644 :
1514 1597 1569 1642 ct
1627 1590 1691 1642 ad
1748 1589 1862 1642 haec
1929 1588 2143 1654 omnia,

567 1679 697 1747 quia
737 1693 926 1734 manus
953 1694 1143 1734 eorum
1181 1681 1442 1750 sanguine
1469 1679 1641 1747 plena:
1676 1678 1918 1746 fuerunt,
1944 1680 2012 1734 ob
2043 1693 2149 1734 ca!-

567 1769 687 1823 tlem
721 1769 945 1835 Christi,
970 1785 1130 1839 quam
1157 1779 1275 1840 post
1306 1767 1985 1839 sexcentosintcremptOs
2021 1785 2145 1840 pro-

2327 508 2346 540 ι
2384 491 2582 543 Πατεῖν
2636 489 2723 560 τὴν
2772 490 2944 560 αὐλήν
2995 507 3098 560 μου
3137 491 3198 542 οὐ
3244 492 3636 562 προσθήσεσθε.
3705 496 3826 550 Ἐὰν

2254 582 2454 656 φέρητε
2489 581 2795 651 σεμίδαλιν,
2845 582 3070 652 μάταιον
3105 582 3372 654 θυμίαμα,
3414 584 3688 656 βδέλυγμα
3741 588 3827 656 μοί

2249 655 2385 725 ὲστιξ
2431 674 2540 736 Τὰς
2587 673 2882 743 νουμηνίας
2925 675 3114 744 ὑμῶν,
3172 675 3267 728 καί
3303 675 3371 728 τά
3414 677 3686 740 Σάϐϐατα,
3738 655 3826 730 καὶ

2251 765 2464 836 ἡμέραν
2497 764 2737 836 μεγάλην
2767 766 2876 818 ούκι
2901 767 3185 837 ἀνέχομαι,
3217 767 3470 837 νηστείαν
3504 769 3598 821 καὶ
3632 770 3826 840 ἀργίαν

2248 856 2343 909 καὶ
2373 855 2471 918 τάς
2500 856 2797 926 νουμηνίας
2825 856 2979 927 ὑμῶν
3016 859 3110 912 καὶ
3137 858 3237 922 τὰς
3269 859 3460 930 ἑορτὰς
3494 859 3646 930 ὑμῶν
3683 864 3826 930 μισεί

2245 948 2278 1016 ἡ
2316 946 2460 1018 ψυχή
2507 964 2629 1017 μου.
2666 947 2993 1019 Ἐγενήθητέ
3031 967 3119 1020 μοι
3148 953 3226 1010 εἰς
3261 950 3578 1023 πλησμονήν
3600 969 3612 982 ·
3643 949 3825 1006 ούκέτὲ

2248 1039 2433 1110 ἀνήσω
2491 1040 2579 1103 τὰς
2615 1041 2887 1110 ἁμαρτίας
2919 1041 3092 1111 ὑμῶν.
3147 1044 3317 1095 Ὅταν
3367 1043 3464 1106 τὰς
3513 1046 3704 1114 χεῖρας
3734 1045 3825 1096 ὲκ-

2245 1131 2456 1201 τείνητε
2490 1133 2618 1203 πρὸς
2649 1133 2736 1203 με,
2766 1134 3093 1205 άποστρέψω
3119 1135 3243 1197 τοὺς
3268 1135 3576 1207 ὀφθαλμούς
3603 1154 3704 1206 μου
3733 1137 3825 1206 ἀφ’

2249 1220 2403 1290 ὑμῶν
2420 1237 2433 1250 ·
2471 1222 2565 1274 καὶ
2591 1221 2684 1275 ἐὰν
2715 1221 3022 1293 πληθύνητε
3043 1224 3138 1294 τὴν
3160 1223 3363 1293 δέησιν,
3392 1225 3490 1276 οὐκ
3513 1225 3825 1278 εἰσακούσο⁶

2253 1328 2348 1382 μαι
2377 1312 2529 1381 ὑμῶν
2552 1328 2566 1344 ⁸
2603 1314 2657 1366 αἱ
2688 1312 2795 1386 γὰρ
2830 1317 3013 1383 χεῖρες
3054 1313 3206 1384 ὑμῶν
3243 1316 3471 1385 αἵματος
3507 1311 3756 1388 πλήρεις.
3801 1335 3819 1368 ι

2261 1402 2492 1455 Ἀλλ’ὃτι
2513 1402 2586 1474 μὴ
2614 1403 2856 1471 ἔγνωσαν
2876 1405 2965 1457 τὸν
2997 1405 3222 1476 Κύριον,
3248 1406 3341 1458 καὶ
3363 1407 3444 1459 ὅτι
3477 1407 3550 1478 μὴ
3586 1407 3826 1477 συνῆκαν

2249 1496 2438 1557 αὑτὸν,
2486 1497 2568 1548 ὃτι
2605 1497 2963 1565 ἐγκατέλιπον
3012 1498 3195 1562 αὐτὸν,
3233 1499 3327 1552 καὶ
3378 1499 3707 1570 παρώξυναν
3737 1502 3826 1554 τὸν

2249 1587 2401 1656 ἆγιον
2437 1587 2530 1640 τοῦ
2576 1590 2823 1662 Ἰσραὴλ,
2866 1591 2961 1644 καὶ
3004 1591 3139 1660 πρὸς
3174 1591 3345 1645 ἅπασι
3381 1592 3609 1658 τούτοις,
3656 1595 3741 1647 ὅτι
3771 1596 3827 1648 αἱ

2247 1682 2428 1750 χεῖρες
2479 1680 2659 1733 αὐτῶν
2710 1682 2998 1750 γεγόνασιν
3050 1684 3280 1752 αἵματος
3319 1684 3678 1754 πλήρεις-διὰ
3727 1685 3828 1756 τῆς

2249 1771 2389 1824 κατά
2421 1771 2516 1825 τοῦ
2544 1775 2782 1844 Χριστοῦ
2813 1775 3147 1845 μιαιφονίας,
3181 1776 3248 1846 ἣν
3274 1775 3410 1845 μετὰ
3448 1777 3644 1848 μυρίας
3679 1794 3827 1846 προ-

563 1861 779 1929 pltetas,
806 1837 1208 1930 perpetrarun—t,
1246 1870 1300 1915 et
1333 1862 1600 1930 sanguine
1645 1861 1834 1932 repleti
1863 1871 2022 1928 sunt;
2060 1863 2137 1917 bis

2249 1837 2608 1933 φητοκτονίας
2633 1837 2979 1934 εἰργάσαντο,
3005 1837 3408 1934 καὶήγεγόνασιν
3435 1837 3667 1937 αἵματος
3690 1837 3828 1939 τέλη-

561 1953 812 2007 omnibus
848 1953 1156 2014 recensitis,
1197 1968 1407 2008 necnon
1446 1953 1582 2022 legis
1614 1954 1884 2009 solutione
1907 1994 1922 2020 ,
1955 1955 2141 2026 templi

562 2042 800 2107 excidio,
835 2058 898 2097 ac
935 2045 1264 2100 omnimodis
1316 2044 1630 2114 suppliciis;
1682 2046 1925 2114 peccati,
1989 2047 2144 2115 cujus

559 2148 722 2187 causa
756 2135 874 2190 inec
903 2136 1148 2204 perpessi
1180 2143 1329 2201 sunt,
1362 2135 1598 2204 speciem
1623 2135 1817 2191 edocet
1845 2152 1858 2190 :
1891 2135 2145 2205 ipsosque

560 2231 810 2289 accusat,
839 2239 945 2279 non
978 2224 1045 2279 de
1081 2225 1354 2280 idolorum
1387 2224 1558 2289 cultu,
1597 2239 1704 2280 non
1747 2225 1813 2280 de
1852 2223 2141 2292 adulterlo,

559 2327 663 2367 nec
701 2313 768 2366 de
793 2315 1058 2384 avaritia;
1093 2315 1189 2370 sed
1226 2317 1292 2371 de
1320 2318 1487 2370 cattle.
1519 2314 1654 2370 Nam
1689 2301 1836 2370 timui
1868 2316 2144 2386 impietate

558 2414 614 2459 et
645 2405 934 2474 iniquitate
984 2407 1225 2464 deterior
1271 2416 1356 2464 est
1396 2423 1584 2464 eorum
1621 2418 1812 2464 contra
1856 2409 2141 2464 Dominum

561 2495 821 2563 insania;
858 2499 970 2554 haec
1013 2500 1213 2569 quippe
1261 2514 1362 2554 vox
1410 2499 1624 2555 illorum
1674 2510 1805 2555 est:
1861 2519 1880 2552 ι
1909 2498 2142 2569 Sanguis

559 2583 679 2652 ejus
713 2601 877 2655 super
908 2603 1006 2643 nos
1043 2598 1096 2643 et
1127 2603 1290 2658 super
1323 2588 1464 2644 ﬁlios
1495 2598 1712 2643 nostros
1737 2589 1778 2642 ⁸.
1810 2606 1829 2640 t
1873 2588 1970 2643 llic
2011 2602 2140 2644 san-

557 2677 678 2744 guis
705 2677 826 2731 illos
856 2679 1104 2747 pristinis
1153 2681 1491 2750 optimisque
1543 2680 1988 2748 possessionibus
2023 2681 2140 2748 pri-

558 2770 704 2822 vavit
737 2789 749 2823 :
781 2771 866 2826 hic
897 2772 1122 2842 sanguis
1147 2771 1266 2827 illos
1290 2786 1387 2842 per
1420 2776 1591 2827 totum
1624 2770 1814 2825 orbem
1845 2769 2140 2842 inquilinos

556 2858 758 2914 cﬂ'ccit.

631 2950 794 3007 Vens.
842 2953 1038 3019 “3,17.
1085 2973 1102 3006 ι
1127 2953 1442 3020 Lavamini,
1477 2954 1665 3011 mundi
1701 2963 1896 3023 estote,
1927 2953 2140 3010 auferte

552 3043 791 3098 malitias
837 3043 905 3099 de
945 3046 1234 3100 animabus
1281 3047 1480 3102 vestris
1527 3046 1596 3100 ab
1656 3046 1831 3101 oculis
1881 3045 2130 3101 vestris:

2249 1970 2383 2025 ρεις,
2405 1953 2582 2006 πάντα
2613 1953 2743 2022 γοῦν
2771 1954 3076 2019 διεξελθὼν,
3099 1956 3193 2008 καὶ
3222 1957 3318 2028 τὴν
3344 1957 3438 2010 τοῦ
3463 1959 3627 2029 νόμου
3648 1959 3824 2026 λύσιν,

2246 2045 2341 2098 καὶ
2371 2043 2466 2097 τοῦ
2502 2044 2631 2097 ναοῦ
2655 2045 2754 2116 τὴν
2780 2045 3096 2110 κατάλυσιν,
3132 2047 3224 2101 καὶ⁵
3257 2047 3353 2112 τὰς
3377 2049 3723 2114 παντοδαπάς
3744 2067 3796 2103 τι
3815 2080 3827 2090 -

2249 2137 2480 2209 μωρίας,
2531 2138 2592 2191 τὸ
2641 2134 2780 2202 εἶδος
2809 2140 2907 2210 τῆς
2950 2140 3229 2211 ἁμαρτίας
3273 2139 3531 2206 ἐδίδαξεν,
3579 2134 3639 2195 οὗ
3664 2143 3828 2214 χάριν

2246 2227 2584 2283 πεπόνθασι·
2627 2230 2718 2283 καὶ
2758 2234 3054 2303 κατηγορεῖ
3093 2230 3293 2294 αὐτῶν,
3329 2232 3430 2284 οὐκ
3465 2231 3702 2286 εἰδώλων
3742 2234 3829 2287 θε-

2248 2319 2504 2390 ραπείαν,
2529 2321 2650 2374 οὐδὲ
2677 2323 2921 2393 μοιχείαν
2954 2323 3046 2376 καὶ
3076 2321 3409 2390 πλεονεξίαν,
3443 2323 3578 2377 ἀλλά
3609 2342 3830 2395 μιαιφο⁶

2245 2413 2382 2466 νίαν.
2414 2413 2604 2485 Πάσης
2638 2413 2747 2487 γὰρ
2786 2414 3104 2479 δυσσεϐείας
3147 2417 3240 2470 καί¹
3271 2415 3635 2487 παρανομίας,
3669 2417 3831 2486 χαλε-

2246 2505 2468 2577 πωτέρα
2496 2507 2694 2577 ήκατὰ
2726 2505 2820 2560 τοῦ
2849 2507 3059 2579 Κυρίου
3093 2506 3258 2578 μανία
3282 2525 3295 2539 ·
3327 2507 3509 2560 αὐτῶν
3540 2505 3650 2578 γάρ
3679 2508 3829 2560 ἐστιν

2244 2598 2277 2668 ἡ
2301 2597 2472 2669 φωνὴ,
2513 2617 2531 2650 t
2579 2598 2652 2650 Τὸ
2674 2591 2812 2668 αἷμα
2843 2597 3006 2651 αὐτοῦ
3025 2599 3110 2668 ἐφ’
3135 2599 3284 2668 ἡμᾶς
3309 2597 3405 2650 καὶ
3443 2596 3536 2649 ἐπὶ
3563 2596 3632 2649 τὰ
3660 2596 3831 2650 τέκνα

2241 2688 2422 2758 ήμῶν.
2469 2707 2486 2740 ι
2515 2688 2684 2741 Τοῦτο
2712 2690 2773 2742 τὸ
2798 2683 2955 2759 αἷμα,
2983 2690 3081 2760 τῆς
3109 2687 3341 2752 παλαιᾶς
3374 2687 3570 2749 αὐτοὺς
3601 2686 3831 2757 ἐστέρηο

2245 2795 2337 2834 σεν
2367 2779 2660 2852 εὐκληρίας
2681 2797 2694 2811 ’
2729 2780 2888 2833 τοῦτο
2919 2780 2978 2833 τὸ
3017 2774 3157 2851 αἷμα
3187 2778 3471 2851 μετοίκους
3515 2777 3615 2846 τῆς
3646 2776 3830 2830 οἰκου-

2239 2872 2413 2944 μένης
2439 2873 2707 2944 ἀπέφηνε.
3313 2931 3318 2935 ,

2318 2984 2336 3016 ι
2371 2963 2652 3018 Λούσασοε
2672 3005 2686 3030 ,
2721 2963 2953 3035 καθαροὶ
2991 2961 3236 3031 γένεσθε,
3265 2961 3492 3032 ἀφέλετε
3523 2961 3624 3025 τὰς
3658 2976 3829 3034 πονή-

2246 3060 2368 3129 ρίας
2401 3058 2509 3112 ἀπὸ
2549 3057 2657 3111 τῶν
2689 3057 2877 3128 ψυχῶν
2911 3057 3064 3128 ὑμῶν
3100 3059 3364 3111 ἀπέναντι
3391 3059 3498 3112 τῶν
3531 3055 3828 3128 ὀφθαλμῶν

553 3134 821 3200 quiescite
871 3151 901 3189 a
944 3136 1168 3191 malitiis
1204 3139 1405 3192 vestris
1429 3175 1447 3203 ,
1483 3138 1674 3192 discite
1702 3137 1840 3193 bene
1868 3137 2073 3194 facere.
2113 3157 2132 3191 ι

2246 3150 2419 3221 ὑμῶν·
2457 3149 2737 3203 παύσασθε
2788 3148 2896 3202 ἀπὸ
2939 3149 3046 3202 τῶν
3096 3151 3368 3221 πονηριῶν
3418 3149 3592 3221 ὑμῶν,
3623 3143 3826 3219 μάθετε

555 3225 859 3279 Admodum
917 3235 1321 3298 consequenter
1369 3239 1662 3300 postquam
1701 3231 1878 3301 prima
1927 3231 2138 3288 dixerat

551 3314 718 3380 Deus,
751 3316 837 3370 bis
885 3317 1015 3371 item
1054 3327 1384 3374 memoratos
1431 3321 1792 3376 Sodomorum
1836 3322 2135 3394 principes,

453 3405 461 3449 ἒ
550 3417 616 3458 ac
650 3405 902 3474 populum
930 3406 1250 3462 Gomorrhte
1273 3409 1324 3463 in
1359 3425 1509 3481 spem
1546 3411 1742 3465 bonam
1781 3411 2045 3468 transfert
2081 3420 2138 3468 et

550 3507 779 3562 evocat;
833 3499 878 3552 si
927 3499 1192 3554 malitiam
1226 3501 1584 3574 deponentes,
1637 3512 1692 3558 et
1749 3519 1778 3559 a
1831 3504 2136 3560 voluntario

552 3587 645 3642 illo
680 3593 980 3644 secundum
1010 3607 1334 3664 corpoream
1368 3595 1541 3664 legem
1569 3595 1721 3650 cultu
1753 3599 2133 3665 abscedentes,

552 3679 702 3733 Novo
730 3679 1102 3752 Testamento,
1123 3700 1385 3757 novaeque
1411 3687 1515 3757 legi
1544 3698 1598 3742 et
1629 3689 1794 3744 verbo
1818 3687 2132 3758 obsequen-

553 3781 635 3826 tcs
664 3772 885 3828 fuerint.
922 3775 1285 3842 Quamobrem
1319 3789 1606 3848 postquam
1643 3795 1705 3834 ea
1752 3795 1869 3850 quite
1914 3779 2134 3837 Veteris

550 3859 884 3917 Testamenti
912 3867 1092 3931 erant,
1119 3870 1351 3937 carptim
1382 3869 1592 3938 tetigit,
1628 3868 1762 3924 Novi
1796 3870 2130 3927 Testamenti

551 3955 813 4022 mysteria
849 3956 1079 4013 inducit.
1135 3959 1264 4026 Quae
1294 3961 1407 4030 ipse
1452 3960 1506 4014 in
1538 3960 1849 4031 Evangeliis
1885 3963 2130 4027 tradidit,

547 4038 755 4107 dicens,
793 4061 810 4092 ι
841 4042 952 4098 Nisi
1005 4047 1128 4114 quis
1185 4058 1406 4104 renatus
1437 4048 1602 4102 fuerit
1627 4065 1695 4104 ex
1737 4066 1878 4120 aqua
1905 4061 1960 4107 et
2007 4051 2133 4121 Spi-

549 4132 676 4198 ritu,
715 4148 819 4187 non
854 4136 1078 4190 intrabit
1118 4137 1170 4191 in
1207 4152 1434 4208 regnum
1467 4140 1725 4195 caelorum
1753 4143 1795 4194 ".
1826 4160 1952 4193 ι--ι
1974 4142 2130 4210 Quae-

547 4223 653 4277 rite
677 4224 968 4293 judicium,
1003 4228 1232 4284 liberate
1264 4233 1876 4311 Oppressumnjudicate
1900 4233 2126 4304 pupillo,

545 4315 818 4370 defendite
841 4319 1079 4374 viduam.
1110 4340 1127 4373 ι
1172 4322 1226 4375 Id
1259 4332 1340 4378 est
1365 4339 1392 4376 a
1435 4325 1643 4379 malitia
1669 4325 1938 4392 translati,
1983 4325 2125 4380 nein

546 4419 616 4460 eo
642 4409 949 4477 stetcritis;
984 4411 1076 4465 sed
1109 4413 1272 4467 vitam
1319 4414 1520 4470 virtute
1550 4423 1800 4470 ornatam
1837 4415 2123 4487 suscipite.

618 4665 785 4724 Vens.
820 4669 907 4726 l8.
957 4690 975 4723 ι
1006 4673 1071 4727 Et
1112 4674 1311 4743 venite,
1348 4685 1403 4730 et
1435 4676 1977 4746 disceptemus,'dicit
2019 4679 2126 4734 Do-

546 4759 728 4815 minus
765 4781 776 4816 :
811 4773 865 4817 et
919 4765 963 4820 si
1016 4766 1220 4822 fuerint
1274 4780 1497 4837 peccata
1527 4778 1709 4824 vestra
1756 4779 1817 4825 ut
1863 4785 2127 4841 purpura,

543 4852 707 4918 quasi
732 4854 908 4908 nivem
951 4856 1249 4925 dealbabo;
1289 4860 1420 4915 etsi
1453 4859 1658 4914 fuerint
1707 4871 1767 4916 nt
1816 4864 2122 4928 coccinum,

541 4943 698 5011 quasi
735 4943 911 4999 lanam
948 4947 1232 5005 dealbabo.
1270 4969 1289 5002 ι
1325 4951 1529 5007 Deinde
1557 4953 1714 5023 quasi
1761 4953 1814 5006 in
1865 4952 2122 5007 tribunali

540 5049 642 5105 ego
687 5046 741 5090 et
775 5053 870 5093 vos
909 5038 1276 5109 disceptemus
1314 5058 1459 5114 :ego
1516 5047 1736 5115 quidem
1792 5060 2124 5102 enumerans

542 5136 742 5192 quanta
777 5129 876 5182 sim
906 5143 933 5181 a
955 5130 1108 5184 vobis
1140 5145 1451 5200 perpessus,
1480 5145 1535 5190 et
1571 5143 1776 5204 quanta
1812 5136 1968 5190 vobis
2001 5151 2120 5190 mu-

543 5232 672 5270 ncra
705 5220 1030 5275 contulerim
1061 5240 1075 5276 :
1104 5238 1166 5277 ac
1202 5225 1474 5292 quomodo
1506 5235 1628 5296 post
1674 5235 1821 5280 tanta
1855 5227 2118 5294 facinora,

542 5310 784 5365 omnium
821 5312 1091 5367 malorum
1136 5322 1446 5368 vestrorum
1478 5316 1710 5385 oblitus,
1743 5329 1958 5375 vestras
1985 5333 2121 5388 pra:-

546 5402 691 5456 tlicto
717 5406 980 5474 sanguine
1007 5420 1310 5477 purpureas
1346 5407 1558 5465 animas
1584 5411 2020 5475 emundaverim,
2055 5427 2118 5467 ac

541 5510 636 5562 per
700 5495 980 5551 lavacrum
1044 5499 1478 5569 regenerationis
1532 5500 1654 5557 nive
1722 5501 2122 5571 splendidiores

596 5639 616 5668 ⁴⁵
646 5637 1018 5707 Maltinxxvn,
1041 5640 1133 5694 25.
1213 5640 1233 5672 ⁷
1263 5640 1423 5704 Joan.
1455 5656 1539 5708 tn,
1571 5641 1625 5697 5.

614 5759 690 5827 (5)
758 5757 880 5814 Haec
914 5757 1039 5814 item
1075 5758 1329 5831 exprimit
1360 5758 1719 5828 Hieronymus
1744 5759 1811 5818 ad
1841 5759 1984 5818 hunc
2012 5759 2116 5818 loc.

2246 3239 2408 3294 καλὸν
2443 3241 2637 3293 ποιεῖν.
2681 3257 2699 3290 ›
2731 3238 2944 3310 Σφόδρα
2985 3238 3116 3307 γοῦν
3158 3238 3465 3302 ἀκολούθως
3510 3238 3580 3291 τά
3630 3238 3829 3306 πρῶτα

2244 3332 2482 3410 είρῃκὼς
2506 3334 2534 3386 ὁ
2560 3331 2713 3396 Θεὸς,
2749 3332 2828 3384 ἔτι
2855 3332 3143 3386 καὶταῦτα
3165 3332 3301 3403 πρὸς
3327 3333 3452 3395 τοὺς
3484 3331 3828 3402 δηλωθέντας

2243 3422 2509 3496 ἄρχοντας
2539 3423 2807 3493 Σοδόμων,
2833 3422 2926 3476 καὶ
2960 3422 3049 3476 τὸν
3083 3422 3209 3476 λαὸν
3241 3422 3524 3494 Γομόρρας
3551 3420 3826 3492 διεξέρχε-

2241 3531 2332 3568 ται
2362 3514 2460 3586 (5),
2511 3513 2604 3566 ἐπὶ
2639 3513 2848 3582 ἀγαθὰς
2876 3513 3097 3576 ἐλπίδας
3139 3512 3334 3574 αὐτοὺς
3361 3509 3826 3582 προκαλούμενος,

2242 3604 2291 3656 εί
2325 3601 2685 3674 μεταθέμενοι
2732 3603 2830 3672 τῆς
2877 3603 3075 3665 κακίας
3104 3602 3198 3654 καὶ
3231 3602 3329 3672 τῆς
3372 3600 3827 3672 ἐθελοθρησκείας

2241 3690 2340 3760 τῆς
2395 3689 2536 3743 κατά
2588 3690 2678 3742 τὸν
2739 3690 3050 3760 σωματικὸν
3106 3690 3271 3760 νόμον
3323 3691 3824 3762 ἀναχωρήσαντες,

2242 3780 2474 3851 ὑπήκοοι
2500 3780 2744 3849 γένοιντο
2774 3781 2873 3850 τῆς
2902 3781 3112 3850 Καινῆς
3149 3779 3427 3851 Διαθήκης
3455 3781 3546 3832 καὶ
3575 3779 3671 3832 τοῦ
3703 3798 3825 3833 και-

2239 3871 2329 3925 νοῦ
2361 3872 2528 3942 νόμου
2563 3873 2657 3923 καὶ
2688 3871 2868 3939 λόγου.
2899 3870 2990 3922 Διὸ
3021 3869 3156 3940 μετὰ
3177 3870 3274 3942 τήν
3301 3871 3604 3941 παρόρασιν
3633 3871 3748 3924 τῶν
3773 3873 3826 3925 ὲν

2238 3964 2304 4034 τῇ
2330 3962 2542 4033 Παλαιᾷ
2565 3961 2829 4032 Διαθήκῃ,
2856 3961 2925 4013 τὰ
2953 3961 3051 4030 τῆς
3078 3961 3285 4031 Καινῆς
3316 3960 3592 4031 Διαθήκης
3612 3961 3826 4030 εἰσάγει

2242 4053 2543 4124 μυστήρια.
2571 4054 2637 4104 "A
2663 4050 2727 4120 δὴ
2761 4051 2855 4102 καὶ
2879 4052 2934 4102 ὲν
2963 4053 3075 4112 τοῖς
3097 4050 3450 4118 Εὑαγγελίοις
3480 4050 3642 4114 αὐτὸς
3686 4069 3829 4122 παρ-

2238 4139 2411 4193 εδίδου
2445 4140 2647 4208 λέγων·
2692 4157 2710 4189 ι
2763 4137 2888 4190 Ἐὰν
2921 4140 2992 4208 μή
3049 4156 3134 4201 τις
3168 4138 3502 4210 ἁναγεννηθῇ
3531 4138 3588 4204 ἐξ
3622 4137 3820 4201 ὓδατος

2238 4231 2331 4284 καὶ
2356 4231 2684 4300 πνεύματος,
2719 4228 2780 4281 οὐ
2817 4227 2890 4297 μὴ
2924 4228 3142 4302 εἰσέλθῃ
3170 4231 3249 4292 εἰς
3275 4230 3374 4300 τὴν
3408 4228 3687 4300 βασιλείαν
3718 4231 3825 4282 τῶν

2235 4324 2533 4397 οὐρανῶν.»
2552 4355 2620 4362 -
2649 4343 2668 4376 ι
2711 4323 3082 4396 Ἐκζητήσατε
3109 4325 3312 4395 κρίσιν,
3341 4324 3576 4396 ῥύσασθε
3603 4324 3824 4378 ἀδικού-

2240 4435 2420 4488 μενον,
2471 4417 2695 4489 κρίνατε
2752 4415 3012 4488 ὀρφανῷ,
3061 4417 3153 4469 κα¹ι
3210 4417 3532 4470 δικαιώσατε
3585 4419 3761 4488 χήρᾳ.
3799 4435 3818 4467 ι

2156 4523 2210 4584 D
2241 4508 2444 4574 Ἤγουν
2477 4506 2874 4575 μεταϐαλόντες
2915 4506 3014 4576 τῆς
3047 4506 3266 4569 κακίας,
3303 4507 3378 4576 μὴ
3412 4507 3572 4578 μέχρι
3627 4507 3822 4560 τούτου

2238 4597 2418 4667 στῆτε,
2450 4596 2539 4649 τὸν
2561 4597 2616 4648 δὲ
2637 4597 2755 4648 κατ’
2781 4597 2984 4667 ἀρετὴν
3010 4596 3308 4650 ἀναλάϐετε
3339 4596 3472 4666 βίον.

2309 4706 2326 4739 ι
2364 4689 2474 4741 Καὶ
2509 4688 2682 4753 δεῦτε,
2717 4690 2811 4742 καὶ
2843 4688 3218 4759 διαλεχθῶμεν
3262 4689 3364 4759 (ϐ),
3395 4689 3543 4757 λέγει
3583 4690 3816 4762 Κύριος

2231 4779 2326 4832 καὶ
2367 4779 2460 4833 ἐὰν
2505 4772 2637 4831 ὦσιν
2667 4780 2721 4831 αἱ
2776 4777 3043 4848 ἁμαρτίαι
3081 4777 3237 4848 ὑμῶν
3287 4778 3362 4841 ὡς
3393 4779 3694 4846 φοινικοῦν,
3744 4779 3819 4840 ὡς

2230 4871 2385 4941 χιόνα
2433 4869 2709 4924 λευκανῶ·
2745 4868 2839 4922 ἐὰν
2865 4869 2922 4922 δὲ
2955 4862 3088 4921 ὦσιν
3121 4868 3196 4931 ὡς
3222 4869 3496 4931 κόκκινον,
3537 4870 3622 4933 ὡς-
3671 4870 3818 4940 ἔριον

2230 4962 2497 5018 λευκανῶ.
2539 4982 2555 5014 t
2587 4957 2701 5014 Εἶθ’
2734 4960 2809 5024 ὡς
2838 4962 2895 5013 ὲν
2927 4960 3674 5032 δικαστηρίῳδιελεγχθῶμεν
3706 4961 3818 5028 ἐγώ

2230 5073 2289 5108 τε
2314 5057 2407 5108 καὶ
2439 5055 2595 5125 ὑμεῖς
2616 5073 2628 5084 ·
2664 5052 2774 5122 ἐγὼ
2803 5053 2898 5123 μὲν
2925 5053 3025 5105 ὅσα
3053 5051 3297 5105 πέπονθα
3321 5052 3600 5123 ὑφ’ύμῶν,
3631 5053 3736 5105 ὅσα
3761 5071 3817 5105 τε

2232 5142 2377 5212 ὑμᾶς
2406 5140 2592 5210 ἔτυχον
2626 5141 2997 5210 εὐεργετήσας
3036 5140 3568 5211 καταριθμούμενος,
3613 5142 3711 5194 καὶ⁸
3744 5142 3820 5203 ὡς

2231 5232 2372 5304 μετά
2399 5233 2636 5287 τοσαῦτα
2668 5233 3121 5304 πλημμελήματα
3153 5233 3374 5286 πάντων
3407 5232 3593 5287 κακῶν
3631 5234 3818 5304 ἀμνή-

2231 5339 2412 5376 στειαν
2449 5322 2787 5392 ποιούμενος,
2820 5323 3245 5392 πεφοινιγμένας
3260 5322 3412 5394 ὑμῶν
3433 5322 3530 5385 τάς
3548 5322 3730 5392 ψυχὰς
3753 5324 3818 5375 ὲκ

2225 5409 2318 5462 τοῦ
2361 5409 2748 5480 προλεχθέντος
2803 5408 3036 5478 αἵματος
3083 5409 3364 5482 ἐκάθηρα,
3421 5411 3817 5483 λαμπροτέρας

2225 5503 2402 5572 χιόνος
2441 5501 2609 5565 αύτάς
2635 5501 2722 5556 διὰ
2753 5504 2850 5575 τῆς
2874 5504 2968 5558 τοῦ
3000 5505 3227 5576 λουτροῦ
3263 5505 3685 5576 παλιγγενεσίας
3716 5522 3816 5559 κα-

2300 5754 2376 5826 (6)
2414 5754 2544 5828 Reg.
2576 5754 2816 5813 secunda
2850 5770 3033 5825 manu,
3072 5751 3489 5826 διελεγχθῶμεν.
