3968 6498
160 382 216 437 97
1112 373 1612 432 COMMEN’I‘ARIA
1649 375 1719 434 ΙΝ
1758 374 1996 432 ISAIAM
2057 406 2130 418 -—
2165 377 2317 437 CAP.
2358 377 2401 432 1.
3319 391 3388 444 98

157 493 430 566 ταπήσας·
469 492 632 565 ὑμεῖς
659 493 717 548 δέ
748 495 803 547 εἴ
839 511 924 559 τις
959 493 1089 566 ὑμῖν
1137 495 1272 568 πρὸς
1309 496 1406 568 τὴν
1441 497 1694 570 τοσαύτηι

1815 495 1935 552 illas
1985 496 2396 560 constituerim,
2451 508 2549 552 vos
2603 504 2804 565 autem,
2860 497 2904 553 si
2957 500 3139 571 aliqua
3193 515 3384 560 contra

158 590 287 658 χάριν
308 585 520 638 ἓνεσται
549 584 726 652 λόγος,
764 587 844 649 εἰς
873 586 1105 657 φανερὸν
1137 585 1325 640 τοῦτον
1360 587 1542 655 ἄγετε.

219 697 235 729 ι
265 677 360 730 Καὶ
390 677 489 729 ἐὰν
515 675 708 747 θέλητε
741 678 835 730 καὶ
869 676 1228 749 εἰσακούσητέ
1261 695 1383 748 μου,
1414 678 1484 731 τὰ
1524 680 1704 749 ἀγαθά

155 770 234 840 τῆς
262 768 356 836 γῆς
385 767 631 836 φάγεσθε
655 785 668 798 ·
706 767 801 822 ἐὰν
824 767 898 840 μὴ
919 768 1130 840 θέλητε,
1181 769 1315 840 μηδέ
1341 771 1702 843 είσακούσητέ

159 871 253 933 μου.
286 861 531 930 μάχαιρα
562 860 708 931 ὑμᾶς
729 861 1046 914 κατέδεται·
1078 862 1138 915 τὺ
1167 862 1276 932 γὰρ
1301 864 1473 934 στόμα
1495 865 1702 936 Κυρίου

157 953 345 1022 ἐλάλησε
397 950 597 1005 ταῦτα.
653 971 672 1004 ι
739 951 1007 1005 Ἐνταῦθα
1057 952 1113 1005 δὲ
1155 954 1184 1005 ό
1229 952 1386 1023 λόγος
1432 954 1508 1018 ὡς
1563 955 1702 1026 πρὸς

166 1043 413 1106 Ἰουδαίους
434 1042 842 1114 διαλεγόμενος,
875 1038 964 1096 οἷα
992 1044 1222 1112 νηπίους
1255 1045 1452 1109 αὐτοὺς
1488 1045 1576 1098 διὰ
1605 1046 1704 1117 τῆς

160 1131 437 1201 σωματικῆς
466 1133 807 1200 ἐπαγγελίας
824 1133 1101 1188 πείθεσθαι
1116 1137 1229 1198 τοῖς
1246 1135 1552 1206 εἰρημένοις
1573 1153 1704 1207 προ-

153 1222 336 1290 τρέπει·
369 1221 508 1292 πρὸς
556 1223 614 1275 δὲ
660 1223 754 1277 τὸν
784 1223 958 1295 ἀληθῆ
1006 1224 1185 1292 λόγον,
1233 1225 1336 1295 γῆς
1381 1226 1479 1298 τῆς
1520 1225 1699 1297 ψυχῆς

150 1313 401 1382 νοουμένης
449 1314 598 1367 κατὰ
645 1315 747 1385 τὴν
793 1317 1061 1386 σωτήριον
1115 1315 1464 1386 παραϐολήν
1522 1317 1556 1386 ἢ
1607 1316 1700 1369 τὸν

148 1403 428 1473 ἐπουράνιον
457 1402 680 1471 λέγεται
704 1404 1108 1476 παραδέχεσθαι
1144 1405 1366 1476 σπόρον,
1406 1406 1698 1459 ἀκόλουθόν

151 1500 267 1548 ἐστιν
292 1494 464 1562 ἀγαθὰ
484 1495 669 1566 ψυχῆς
695 1498 832 1549 νοεῖν
854 1497 972 1566 ἦτοι
988 1495 1086 1559 τὰς
1116 1499 1236 1549 κατ’
1261 1497 1460 1568 ἀρετὴν
1494 1514 1696 1569 προκο-
1714 1521 1725 1532 -

147 1586 231 1647 πᾶς
263 1587 346 1637 καὶ
377 1584 714 1649 τελειώσεις,
748 1587 780 1656 ἢ
824 1586 892 1640 τά
927 1585 1315 1656 ἐπηγγελμένα
1352 1589 1493 1658 αὐτῇ
1530 1588 1586 1639 ἔν
1627 1589 1694 1659 τῇ

145 1676 232 1727 τῶν
270 1675 509 1746 οὐρανῶν
552 1676 824 1748 βασιλείᾳ.
865 1678 1028 1731 Ὅθεν
1059 1679 1196 1750 πρὸς
1246 1679 1344 1748 μὲν
1387 1678 1483 1750 τὴν
1516 1677 1693 1746 λέξιν,

144 1767 298 1820 αὐτίκα
329 1771 438 1830 τοῖς
467 1767 654 1836 λόγοις
680 1769 1036 1840 ἐπηκολούθει
1066 1772 1099 1841 ἡ
1133 1769 1220 1822 διὰ
1248 1770 1356 1824 τῶν
1386 1770 1562 1842 ἔργων
1601 1770 1694 1822 ἐκ-

1808 600 2012 646 tantam
2061 592 2291 662 gratiam
2328 592 2484 646 adest
2517 591 2679 657 ratio,
2708 607 2827 647 eam
2867 595 3076 664 publice
3124 600 3380 667 proferte.

1878 669 2159 750 Vnam-l9,
2187 683 2279 738 20.
2326 701 2344 734 ι
2394 683 2460 737 Ει
2487 684 2532 739 si
2563 683 2845 740 volueritis
2872 697 2926 741 et
2959 689 3236 746 audieritis
3265 707 3373 757 me,

1804 774 1943 829 bona
2006 783 2168 828 terrae
2215 773 2550 840 comedetis;
2602 775 2767 844 quod.
2809 776 2855 830 si
2907 777 3225 845 nolueritis,
3282 797 3383 838 nec

1805 863 2087 918 audieritis
2139 875 2224 917 me
2255 903 2270 928 ,
2341 862 2552 932 gladius
2603 879 2698 920 vos
2757 865 3037 920 devorabit
3079 887 3092 923 :
3147 885 3268 924 nam
3320 887 3382 927 os

1805 954 2014 1009 Domini
2051 954 2165 1010 haec
2213 954 2452 1011 locutum
2506 965 2612 1012 est.
2644 975 2663 1009 ι
2696 956 2794 1012 Hie
2821 961 2977 1027 quasi
3008 959 3221 1018 Iudaeos
3251 963 3382 1018 allo-

1804 1061 2000 1118 quens,
2055 1046 2200 1115 ipsos
2245 1061 2346 1102 ceu
2400 1046 2635 1103 infantes
2665 1062 2764 1116 per
2795 1063 3113 1118 corpoream
3149 1055 3381 1121 promis-

1803 1138 2014 1192 sionem
2055 1136 2324 1200 hortatur,
2353 1147 2411 1191 ut
2443 1138 2606 1193 dictis
2636 1140 3018 1207 obtemperent
3045 1157 3058 1204 ;
3097 1152 3154 1195 at
3181 1159 3378 1199 seeun-
3412 1147 3417 1154 '

1802 1229 1928 1283 dum
1961 1241 2148 1282 veram
2185 1227 2520 1297 intelligendi
2568 1228 2854 1291 rationem,
2905 1245 3029 1284 eum
3079 1241 3221 1285 terra
3278 1248 3376 1302 pro

1801 1318 1978 1371 anima
2013 1318 2309 1387 reputanda
2350 1317 2442 1382 sit,
2474 1319 2772 1372 secundum
2803 1319 3105 1374 Salvatoris
3141 1323 3376 1390 parabo-

1799 1405 1907 1460 lam
1943 1419 1956 1465 :
1990 1396 2112 1477 qua:
2144 1416 2287 1460 terra
2317 1408 2541 1460 creteste
2587 1421 2766 1462 semen
2817 1410 3094 1479 suscipere
3145 1411 3375 1477 dicitur;

1799 1497 1925 1552 hinc
1954 1497 2308 1567 consequitur
2330 1497 2524 1550 animae
2564 1498 2701 1552 bona
2738 1499 2826 1554 hic
2857 1515 2978 1555 esse
3009 1500 3377 1570 intelligenda,

1798 1582 2008 1637 scilicet
2036 1583 2336 1652 profectum
2369 1595 2424 1640 et
2458 1585 2848 1656 perfectionem
2881 1590 3172 1642 secundmn
3208 1590 3382 1643 virtu-

1800 1683 1905 1728 tem
1935 1686 2245 1743 acceptam,
2299 1677 2385 1730 vel
2439 1677 2582 1731 bona
2633 1677 2736 1746 ipsi
2786 1679 2840 1732 in
2895 1694 3061 1749 regno
3109 1680 3377 1734 caelorum

1797 1766 2089 1835 promissa.
2132 1767 2477 1838 Quapropter
2517 1770 2817 1823 secundum
2869 1769 3109 1824 litteram
3136 1771 3376 1840 quidem,

144 1859 297 1922 θασις·
321 1861 676 1932 παραχρῆμα
708 1862 816 1933 γὰρ
849 1863 942 1915 καὶ
963 1863 1064 1915 οὐκ
1094 1865 1174 1926 είς
1204 1863 1421 1934 μακράν
1448 1865 1496 1916 οξ
1527 1864 1688 1917 ἀπει-

1801 1859 1961 1913 verba
2001 1873 2184 1912 rerum
2231 1868 2458 1914 eventus
2515 1875 2638 1914 mox
2687 1870 3014 1916 consecutus
3072 1871 3194 1926 est;
3249 1878 3374 1916 nam

143 1951 377 2019 ϐήσαντες,
405 1955 471 2027 τῇ
507 1953 622 2006 τῶν
663 1953 937 2024 πολεμίοιν
981 1956 1226 2026 μαχαίρᾳ
1269 1955 1648 2027 παρεδόθησαν
1672 1973 1685 1986 ·

142 2043 432 2098 ἐπελθόντων
462 2026 678 2108 ἀὐτοῖς
723 2046 1012 2116 Ῥωμαίων
1038 2086 1052 2110 ,
1107 2049 1202 2100 καὶ
1258 2026 1496 2119 πολέμου
1533 2026 1692 2120 νόμῳ

141 2135 309 2196 πάντας
338 2136 769 2206 χειρωσαμένων
789 2155 802 2167 ’
839 2139 887 2191 εί
920 2139 979 2192 δὲ
1018 2138 1112 2192 καὶ
1143 2137 1421 2208 διαϐολική
1454 2140 1539 2202 τίς
1574 2141 1689 2192 ἐστι

141 2224 361 2296 μάχαιρα,
389 2226 688 2299 καὶταύτῃ
711 2227 916 2282 ἔκδοτοι
942 2229 1220 2298 γεγόνασι,
1250 2227 1338 2282 διὰ
1371 2229 1432 2282 τὸ
1458 2229 1680 2299 ἀπειθῆο

141 2329 207 2366 σαι
231 2320 284 2386 τῇ
316 2317 506 2388 κλήσει
535 2318 639 2388 τῆς
664 2318 757 2370 τοῦ
781 2319 917 2373 Θεοῦ
947 2321 1192 2392 χάριτος.

191 2491 332 2554 ιΠῶς
363 2492 592 2560 ἐγένετο
635 2493 808 2564 πόρνη
857 2494 1012 2557 πόλις
1058 2494 1224 2566 πιστὴ
1266 2495 1424 2558 Σιὼν,
1479 2497 1693 2568 πλήρης

135 2582 356 2652 remex;
391 2583 449 2635 ἐν
563 2584 876 2656 δικαιοσύνη
917 2585 1184 2656 ἐκοιμήθη
1219 2586 1276 2638 ἐν
1323 2587 1483 2656 αὐτῇ,
1522 2587 1616 2639 νῦν
1637 2588 1692 2640 δὲ

134 2673 364 2740 φονευταί.
391 2691 518 2724 ι-ι
558 2674 692 2726 Τίνα
718 2675 825 2727 τῶν
858 2674 1153 2745 προφητῶν
1176 2675 1272 2728 οὐκ
1292 2676 1619 2729 ἀπέκτειναν
1645 2678 1694 2728 οἱ

137 2763 325 2833 πατέρες
343 2764 497 2834 ὑμῶν
519 2765 622 2818 καὶ
644 2765 832 2835 ύμεῖς;
858 2784 876 2816 ι
900 2765 1155 2818 Διδάσκει
1171 2766 1350 2818 τοίνυν
1373 2767 1401 2817 ό
1419 2765 1574 2834 λόγος
1591 2765 1692 2834 (7),

133 2854 190 2917 ιῖις
235 2855 388 2909 πάλαι
422 2855 528 2926 μὲν
568 2855 668 2924 τὴν
700 2855 853 2908 πόλιν
904 2855 1126 2926 ᾤκησαν
1174 2856 1363 2926 ἄνδρες
1383 2856 1582 2919 πιστοὶ,
1627 2855 1694 2908 δι’

133 2936 189 2994 ὧν
215 2944 360 3014 πιστὴ
394 2944 560 3008 πόλις
583 2943 982 3015 ἐχρημάτιζενο
1017 2943 1206 3016 ὥσπερ
1241 2943 1307 2998 ἂν
1342 2945 1394 2998 ετ
1415 2961 1497 3008 τις
1529 2947 1693 3008 εἴποι,

135 3032 302 3084 πιστῶν
335 3033 486 3096 πόλις
510 3050 527 3063 ο
581 3032 717 3085 ἀλλά
751 3033 845 3085 καὶ
883 3033 1097 3104 πλήρης
1124 3033 1360 3104 κρίσεως
1390 3029 1458 3104 ἦν
1490 3035 1584 3087 καὶ
1615 3033 1695 3087 δι-

133 3124 399 3194 καιοσύνης,
434 3125 516 3188 ὡς
565 3124 631 3178 ἂν
670 3124 942 3196 ἐναρέτων
983 3124 1171 3196 ψυχῶν
1208 3126 1521 3198 οἰκητήριόν
1563 3142 1692 3178 ποτε

130 3216 373 3289 γενομένη·
399 3218 482 3270 διὸ
502 3217 872 3288 κεκοιμᾶσθαι
895 3219 952 3270 ἐν
976 3219 1112 3289 αὐτῇ
1140 3217 1504 3289 δικαιοσύνην,
1529 3235 1689 3271 τουτ-

130 3309 258 3370 έετιν,
302 3311 588 3380 ἐνοικῆσαι
639 3310 734 3363 καὶ
787 3309 1203 3364 ἀναπεπαῦσθαι
1243 3309 1479 3382 εἴρηται.
1515 3311 1691 3364 Πάλαι

130 3400 213 3470 γὰρ
231 3401 428 3473 πλήρης
461 3401 676 3455 τούτων
705 3401 1001 3472 ἐτύγχανε’
1046 3401 1186 3472 τάχα
1233 3419 1335 3454 που
1380 3401 1523 3455 κατά
1565 3404 1692 3466 τοὺς

129 3492 312 3557 χρόνους
349 3494 544 3557 Δαυῖδ,
575 3493 634 3556 ὃς
666 3493 883 3564 πρῶτος
931 3493 1063 3546 ἐλὼν
1097 3494 1194 3564 τὴν
1227 3493 1380 3547 πόλιν
1415 3496 1478 3547 ἐκ
1512 3495 1692 3566 χειρὸς

127 3580 416 3652 ἀλλοφύλων,
449 3586 559 3656 τὴν
589 3585 817 3638 κιϐωτὸν
847 3585 940 3638 τοῦ
997 3584 1131 3638 Θεοῦ
1159 3587 1250 3639 καί
1273 3585 1371 3656 τὴν
1402 3585 1606 3657 σκηνὴν
1633 3587 1691 3640 ἐν

129 3674 234 3744 αὐτῇ
264 3678 661 3747 κατεστήσατο,
692 3675 854 3738 αὐτός
907 3692 966 3729 τε
995 3675 1164 3746 αὐτὴν
1191 3675 1374 3746 ᾤκησε
1423 3674 1690 3746 βασίλειον

129 3765 370 3835 ἀποδείξας
400 3767 632 3834 ἐαυτοῦ,
657 3769 732 3832 ὼς
755 3769 1093 3840 χρηματίσαι
1121 3768 1274 3821 πόλιν
1305 3768 1483 3821 Δαυῒδ.

187 3966 202 3995 ι
222 3946 575 4018 Τδάργύριον
605 3945 758 4016 ὑμῶν
795 3946 1082 4016 ἀδόκιμον·
1126 3945 1175 3996 οἱ
1217 3943 1452 4014 κάπηλοι
1489 3961 1584 3996 σου
1610 3943 1690 4013 μί-

129 4050 282 4102 must
311 4038 401 4090 τὸν
433 4034 588 4090 οἶνον
611 4037 782 4091 ὕδατι.
807 4056 825 4088 ι
859 4032 968 4089 Ἦν
993 4037 1102 4106 γάρ
1133 4036 1192 4088 τὸ
1224 4035 1486 4108 ἀργύριον
1509 4033 1688 4088 αὐτῶν

128 4127 364 4200 ἀδόκιμον,
405 4129 604 4200 ἐπειδὴ
647 4129 784 4199 μετά
815 4128 878 4180 τὸ
908 4126 1290 4197 ἐκπορνεῦσαι,
1341 4127 1434 4180 καὶ
1496 4143 1688 4195 φονευ-

127 4218 202 4281 vi;
219 4220 482 4288 γενέσθαι,
534 4217 956 4290 προσεποιοῦντο
987 4215 1296 4279 θεοσεϐείας
1328 4215 1482 4284 λόγον
1507 4219 1687 4284 ἀπαγ-

129 4308 300 4374 γέλλειν
330 4313 424 4365 καὶ
455 4311 559 4373 τάς
592 4309 739 4372 θείας
770 4308 994 4380 Γραφάς
1022 4307 1399 4380 διερμηνεύειν
1430 4308 1524 4360 καὶ
1561 4307 1686 4359 δευ-

129 4402 350 4471 τερὼσεις
387 4401 632 4474 μυθικὰς
660 4400 928 4455 ποιεῖσθαι
958 4400 1067 4452 τῶν
1087 4397 1548 4468 ἀναγνωσμάτων.
1581 4399 1687 4450 Καὶ

129 4492 252 4544 αὐτοὶ
278 4494 332 4546 δὲ
358 4496 407 4547 οἱ
427 4491 754 4548 ’διδάσκαλοι
782 4490 958 4544 αὐτῶν
983 4489 1388 4560 καπηλεύοντες
1415 4489 1513 4559 τὴν
1546 4487 1685 4540 διδα-
1723 4527 1762 4580 D

131 4585 340 4649 σκαλίαν,
372 4585 614 4656 κάπηλοι
649 4584 942 4655 προσφυῶς
971 4582 1365 4654 ὠνομάσθησαν
1405 4580 1689 4652 μιγνύντες

129 4674 198 4726 τὸν
223 4671 353 4729 οἶνον
390 4678 567 4739 ὕδατι,
621 4676 763 4746 λόγῳ
808 4675 1151 4746 ἐξυδαροῦντι
1194 4674 1282 4727 τὸν
1322 4673 1558 4746 ἄκρατον
1594 4673 1688 4726 καὶ

128 4766 482 4823 ἐπιστυπτικὸν
507 4769 618 4822 τῶν
655 4767 1024 4821 θεοπνεύστων
1059 4766 1290 4837 Γραφῶν
1321 4765 1444 4819 νοῦν
1470 4764 1557 4817 διὰ
1589 4769 1686 4835 τῆς

131 4858 329 4930 μνθικῆς
352 4861 537 4917 αὐτῶν
573 4862 666 4914 καὶ
697 4858 970 4933 ληρώδους
991 4857 1384 4928 δευτεῴηεως.

187 5043 276 5096 ιοὶ
327 5045 582 5116 ξρχοντές
616 5061 710 5096 σου
740 5042 1042 5104 ἀπειθοῦσι,
1085 5039 1328 5094 κοινωνοὶ
1365 5036 1628 5091 κλεπτῶν.
1661 5054 1677 5085 ι

134 5131 258 5186 Οὕτω
292 5136 617 5207 καλούμενοι
667 5135 771 5187 ὑπὸ
810 5133 902 5187 τοῦ
938 5135 1192 5202 Σωτῆρος
1239 5131 1337 5199 οὐχ
1364 5129 1640 5198 ὑπήκουον
1669 5143 1680 5156 ο

135 5221 284 5287 iam);
313 5226 366 5279 δὲ
397 5229 593 5289 εἰπεῖν,
613 5225 730 5296 Θεῷ
761 5223 1095 5286 ἀπειθοῦσιν,
1122 5221 1459 5282 ἐκκλίνοντες
1482 5219 1574 5272 ἀπ’
1599 5218 1692 5270 atii-

127 5313 204 5366 τοῦ
231 5319 318 5370 καὶ
361 5321 473 5380 τοῖς
502 5317 947 5387 διατεταγμένοις
978 5316 1069 5368 ὑπ’
1104 5313 1268 5367 αὑτοῦ
1305 5311 1379 5383 μὴ
1423 5307 1693 5381 ἐμμένον-

128 5417 220 5469 τες,
262 5426 278 5456 ι
307 5407 632 5476 ἀγαπῶντες
663 5408 830 5480 δῶρα,
868 5406 1153 5468 διώκοντες
1193 5403 1560 5474 ἀνταπόδομα,
1606 5403 1696 5472 ὀρ-

131 5498 292 5558 φανοῖς
320 5498 380 5548 οὐ
412 5499 708 5568 κρίνοντες,
739 5498 832 5550 καὶ
882 5496 1062 5568 κρίσιν
1091 5493 1274 5566 χηρῶν
1304 5493 1366 5546 ού
1400 5491 1695 5562 προσέχον-

188 5603 207 5633 ⁸
242 5610 275 5658 Α
315 5617 334 5660 ι
389 5624 488 5673 vlt,
523 5611 612 5664 52.

1792 1949 2102 2014 confestim,
2155 1965 2255 2006 nec
2298 1952 2467 2006 multo
2507 1962 2629 2022 post
2660 1954 2842 2020 elapso
2878 1962 3140 2022 tempore,
3187 1953 3376 2010 immo-

1793 2041 1958 2112 rigeri
1987 2041 2060 2095 illi
2092 2041 2278 2111 gladio
2307 2042 2652 2097 inimicorum
2680 2045 2864 2098 traditi
2889 2055 3034 2110 sunt,
3061 2046 3374 2114 irrumpen-

1796 2131 1939 2186 tibus
1975 2131 2242 2188 Romanis
2272 2149 2336 2188 ac
2375 2133 2501 2188 belli
2528 2134 2642 2201 lege
2665 2135 2878 2188 cunctis
2919 2135 2970 2188 in
3003 2137 3373 2204 captivitatem

1793 2223 2227 2292 redactis;quod
2279 2224 2324 2277 si
2381 2223 2686 2278 diabolicus
2739 2224 2956 2294 gladius
3013 2224 3203 2290 fuerit,
3252 2226 3377 2280 huic

1793 2328 2012 2384 quoque
2053 2314 2218 2371 dediti
2257 2326 2408 2383 sunt,
2455 2317 2598 2388 quod
2647 2317 2864 2370 vocanti
2906 2318 3093 2387 gratia:
3133 2316 3227 2371 Dei
3269 2332 3376 2371 nun

1794 2405 2256 2473 obtemperarent.

1871 2494 2033 2552 Vens.
2072 2498 2165 2552 2|.
2211 2517 2232 2551 ι
2279 2499 2559 2566 Quomodo
2593 2503 2733 2558 facta
2777 2512 2857 2558 est
2889 2504 3150 2558 meretrix
3178 2503 3376 2558 civitas

1797 2587 1972 2644 fidelis
2004 2588 2156 2654 Sion,
2188 2590 2344 2659 plena
2369 2591 2599 2659 judieii?
2630 2595 2682 2648 in
2715 2608 2819 2662 qua
2843 2593 3056 2662 justitia
3095 2595 3376 2657 dormivit,

1796 2692 1942 2732 nunc
1979 2687 2161 2732 autem
2195 2680 2502 2736 homicida.
2543 2701 2562 2734 ι
2606 2713 2677 2723 -
2717 2699 2736 2733 ι
2783 2682 2950 2748 Quem
2986 2684 3376 2753 prophetarum

1797 2778 1906 2817 non
1945 2764 2337 2820 interfecerunt
2377 2777 2556 2836 patres
2612 2771 2777 2824 vestri
2826 2780 2881 2824 et
2910 2786 3004 2825 vos
3032 2771 3098 2824 °?
3147 2790 3165 2823 ι
3212 2772 3375 2826 Docet

1798 2854 1963 2924 igitur
1985 2855 2114 2908 olim
2148 2855 2365 2925 quidem
2415 2858 2691 2913 civitatem
2744 2859 3038 2914 lneoluisse
3089 2862 3273 2916 fideles
3299 2864 3376 2915 vi-

1799 2959 1910 3012 ros,
1943 2960 2174 3015 quorum
2216 2961 2380 3002 causa
2409 2948 2605 3002 civitas
2656 2948 2831 3002 lldelis
2875 2949 3200 3015 vocabatur;
3243 2963 3306 3003 ac
3329 2951 3374 3004 si

1798 3035 1924 3104 quis
1951 3036 2178 3102 diceret,
2209 3037 2404 3092 civitas
2448 3036 2726 3103 fidelium;
2765 3038 2874 3092 imo
2910 3039 3076 3093 etiam
3105 3039 3262 3110 plena
3288 3037 3377 3108 ju-

1801 3126 1929 3181 dicii
1961 3137 2155 3182 eratet
2197 3127 2453 3197 justitire,
2491 3137 2676 3199 utpote
2721 3143 2840 3198 qua:
2890 3131 3186 3199 probarunt
3240 3128 3374 3182 olim

1798 3216 2105 3272 animarum
2135 3217 2470 3274 domicilium
2520 3219 2683 3275 fuerit
2718 3237 2732 3274 :
2785 3201 3189 3290 quarejuslitia
3230 3219 3374 3274 inea

1796 3308 2150 3375 dormivisse,
2181 3310 2233 3364 id
2265 3319 2370 3376 est,
2406 3311 2745 3367 inhabitasse
2768 3321 2824 3366 et
2845 3311 3116 3380 quievisse
3155 3311 3376 3366 dicitur.

1795 3399 1937 3456 Olim
1977 3401 2179 3472 quippe
2212 3403 2411 3459 talibus
2465 3404 2624 3472 plena
2675 3403 2805 3458 viris
2855 3412 3006 3469 erat;
3049 3413 3108 3456 ut
3147 3401 3379 3456 fortasse

1797 3500 2040 3562 tempore
2101 3493 2340 3558 Davidis,
2397 3495 2489 3565 qui
2545 3495 2756 3565 primus
2808 3496 2998 3574 urbem
3050 3493 3250 3560 eripuit
3307 3507 3374 3544 ex

1796 3583 2048 3638 manibus
2129 3582 2562 3654 allophylurum,
2616 3599 2800 3638 arcam
2868 3583 2956 3639 Dei
3007 3592 3062 3637 et
3125 3582 3379 3636 taberna-

1796 3670 1979 3724 culum
2020 3671 2094 3726 ibi
2141 3675 2369 3751 _posuit,
2429 3674 2484 3729 in
2539 3689 2711 3744 eaque
2763 3674 2878 3743 ipse
2934 3672 3216 3736 habitavit,
3285 3685 3373 3724 rc-

1794 3761 2048 3832 giamque
2087 3762 2375 3817 constituit
2404 3803 2419 3828 ,
2460 3764 2534 3816 ita
2571 3773 2629 3818 ut
2677 3764 2871 3819 civitas
2922 3763 3091 3817 David
3132 3761 3377 3831 appella-

1796 3862 1964 3908 retur.

1862 3944 2028 4000 Vens.
2065 3945 2156 4000 22.
2192 3965 2209 3996 ι
2252 3946 2547 4014 Argentum
2600 3956 2839 4001 vestrum
2893 3961 2998 4000 non
3037 3945 3320 4014 probatum
3355 3959 3373 3998 :

1793 4051 2066 4106 caupones
2106 4039 2182 4091 tui
2225 4037 2409 4091 vinum
2465 4052 2606 4105 aqua
2647 4037 2900 4093 miscent.
2944 4055 2962 4088 ι
3011 4035 3249 4101 Eratque
3283 4048 3371 4086 ar-

1793 4136 2012 4194 gentum
2034 4139 2221 4178 eorum
2259 4140 2364 4180 non
2391 4127 2702 4194 probatum,
2737 4126 2862 4193 quia
2889 4133 3172 4193 postquam
3199 4122 3374 4175 forni-

1791 4217 1924 4270 earii
1952 4227 2008 4270 et
2031 4217 2316 4270 homicidae
2339 4227 2464 4270 sunt
2486 4215 2687 4281 ellecti,
2712 4231 2770 4269 se
2791 4230 2930 4270 verte
2954 4214 3226 4284 religionis
3255 4227 3374 4267 ver-

1792 4307 1917 4361 bum
1943 4309 2268 4362 annuntiare
2302 4318 2357 4364 et
2399 4308 2612 4362 divinas
2663 4308 2974 4377 Scripturas
3026 4305 3371 4374 interpretari

1791 4398 2152 4465 simulabant,
2185 4400 2314 4454 dum
2349 4399 2617 4454 fabulosas
2663 4399 2981 4454 deuteroses
3015 4399 3082 4452 ad
3123 4397 3373 4452 lectionis

1793 4493 2212 4562 explicationem
2241 4493 2580 4547 adhiberent.
2634 4493 2891 4546 Doctores
2931 4505 3060 4544 vero
3106 4489 3370 4557 ipsorum,

1797 4587 1887 4655 qui
1921 4585 2222 4639 doctrinam
2262 4584 2738 4652 cauponabantur,
2795 4595 2825 4635 e
2851 4596 2908 4635 re
2939 4594 3216 4649 caupones
3242 4579 3374 4633 dicti

1796 4686 1943 4741 sunt,
1980 4676 2068 4745 qui
2097 4676 2279 4728 vinum
2315 4689 2456 4742 aqua
2503 4673 2822 4734 miscebant,
2866 4671 2992 4724 dum
3040 4682 3289 4723 sermone
3320 4668 3374 4720 in

1795 4782 1988 4835 aquam
2045 4765 2315 4828 resoluto,
2346 4779 2554 4818 meram
2603 4771 2657 4818 et
2711 4763 3017 4817 restrictam
3067 4761 3369 4816 divinarum

1795 4856 2200 4924 St-ripturarum
2239 4865 2469 4908 mentem
2516 4869 2612 4923 per
2651 4853 3052 4908 commentitias
3083 4865 3209 4906 suas
3239 4850 3370 4904 deu-

1797 4955 2004 4997 tcroscs
2031 4942 2322 5003 fmtlarcnt.

1873 5033 2034 5088 Vens.
2065 5031 2158 5086 23.
2201 5051 2218 5083 ι
2254 5031 2535 5100 Principes
2558 5031 2632 5086 tui
2664 5046 2767 5085 non
2803 5031 3206 5099 obtemperant,
3238 5023 3356 5081 soci

1797 5125 1994 5177 furum.
2027 5141 2048 5176 ι
2090 5123 2182 5177 Sic
2233 5123 2408 5178 vocati
2445 5138 2472 5175 a
2525 5120 2822 5176 Servatore
2873 5136 2977 5174 nou
3027 5119 3366 5182 obtempera-

1792 5213 2048 5267 bantzin
2087 5229 2319 5278 summa,
2378 5213 2485 5267 Deo
2538 5197 2863 5281 repugnant,
2918 5207 3255 5264 declinantes
3305 5199 3374 5252 ab

1793 5319 1878 5369 eo,
1911 5306 2046 5360 etin
2077 5305 2366 5375 prmeeptis
2393 5306 2511 5372 ejus
2540 5321 2643 5357 nnn
2681 5311 2986 5362 manentes,
3025 5317 3043 5348 ι
3083 5294 3365 5362 diligentes

1799 5411 2044 5458 munera,
2085 5395 2496 5450 retributionem
2547 5400 2956 5461 persequentes.
3007 5385 3211 5456 pupillo
3265 5395 3370 5435 non

1791 5485 2119 5555 judicantcs,
2156 5494 2208 5538 et
2250 5499 2472 5539 causam
2525 5483 2693 5535 viduae
2748 5491 2850 5532 non
2909 5475 3254 5530 attendentes
3293 5489 3304 5523 :
3351 5488 3366 5520 ι

191 5701 260 5764 (7i
301 5701 424 5756 ll:ce
468 5701 736 5757 nonnullis
781 5702 1003 5768 adiectis
1055 5699 1345 5758 manifeste
1393 5695 1672 5756 transtulit
1736 5693 2119 5766 Hieronymus,
2156 5693 2246 5762 qui
2300 5692 2369 5744 ait
2409 5709 2422 5744 :
2457 5688 2564 5742 Nec
2608 5686 2811 5756 ambigo
2852 5685 3016 5755 fuisse
3049 5685 3100 5738 in
3143 5701 3201 5737 ra
3243 5699 3367 5736 sca-

135 5778 224 5822 rtos
254 5771 402 5837 rit-us,
432 5781 484 5826 et
520 5784 739 5839 caetera,
770 5787 887 5841 qum
924 5770 998 5825 ibi
1027 5771 1248 5825 vidcsis.
