3968 6498
592 359 666 416 99
1269 355 1532 412 EUSEBII
1572 353 2058 411 CESARlENSIS
2097 354 2248 412 OPP.
2293 353 2469 410 PARS
2507 355 2597 412 lli.
2651 358 3147 419 -EXEGETICA.

3763 378 3851 432 100

592 484 717 526 cum
735 467 1008 540 proditore
1025 465 1161 523 Juda
1179 465 1390 522 iurante
1407 473 1812 532 concurrentes,
1832 463 1973 535 juris
1994 466 2156 536 tequi-

2267 482 2375 531 τες.
2401 485 2421 518 ι
2455 466 2549 537 2Γῷ
2571 462 2663 522 οῦν
2696 470 2927 544 προδότῃ
2942 473 3111 545 Ἰούδα
3138 474 3417 532 κλέπτοντι
3438 484 3740 551 συνιόντες,
3763 491 3852 562 τήν

594 570 761 615 tatem
793 559 949 615 donis
991 557 1409 613 venumdabant.

668 652 829 708 Vens.
859 652 930 706 24
959 651 1091 708 -26,
1147 670 1167 705 ι
1202 651 1490 722 Propterea
1557 651 1673 707 haec
1726 651 1859 708 dicit
1910 650 2166 709 Dominus
2239 704 2252 716 ,

596 742 855 799 Dominus
884 742 1124 798 Sabaoth
1157 761 1170 797 :
1200 742 1290 798 Vae
1319 744 1630 812 petentibus
1651 742 1815 798 lsracl
1847 761 1863 799 :
1899 758 2010 797 non
2043 758 2162 797 ces-

596 833 741 887 sabit
781 833 923 887 enim
955 832 1107 887 furor
1140 847 1291 888 meus
1341 834 1394 888 in
1425 834 1780 899 adversariis,
1820 844 1875 888 et
1902 833 2163 903 judicium

595 923 662 976 de
689 923 932 977 hostibus
979 923 1112 978 meis
1139 922 1353 977 faciam.
1393 923 1459 977 Et
1486 923 1714 977 inferam
1745 937 1962 977 manum
1993 935 2166 975 meam

595 1021 782 1067 contra
823 1022 894 1078 te,
940 1021 994 1067 et
1026 1011 1368 1068 inﬂammabo
1414 1022 1465 1067 te
1513 1014 1579 1068 ad
1637 1028 1830 1083 purum
1863 1028 1880 1066 :
1912 1012 2164 1067 immori-

594 1118 755 1172 geros
801 1110 981 1156 autem
1025 1104 1249 1171 perdam
1302 1113 1356 1159 et
1412 1103 1757 1159 consiliarios
1809 1111 1931 1158 tuos
1974 1101 2165 1158 sicuta

594 1194 882 1263 principio.
948 1212 966 1246 ι
1003 1192 1363 1249 [inﬂammabo
1414 1203 1467 1249 te
1520 1195 1689 1264 igitur
1730 1194 1795 1247 ad
1843 1207 2060 1263 purum,
2111 1193 2165 1248 id

593 1292 697 1346 est,
748 1284 814 1338 ad
860 1285 1199 1353 purgandum
1239 1292 1294 1338 et
1338 1285 1757 1339 discernendum
1802 1285 2076 1354 improbos
2097 1285 2164 1339 ab

591 1372 834 1429 urbanis.
888 1374 1068 1440 Quare
1127 1374 1425 1428 secundum
1479 1374 1869 1445 Symmachum
1924 1374 2160 1431 dicitur:

596 1481 619 1516 ι
656 1464 722 1518 Ει
752 1462 1099 1519 inﬂammatio
1129 1465 1194 1518 ad
1223 1479 1414 1534 purum
1443 1466 1673 1518 scoriam
1701 1472 1876 1531 tuam;
1917 1482 1935 1516 ι
1971 1479 2165 1520 secun-

592 1556 718 1611 dum
770 1557 1018 1627 Aquilam
1072 1572 1239 1611 vero:
1287 1574 1305 1608 ι
1357 1557 1422 1611 Et
1460 1553 1802 1611 inﬂammabo
1849 1555 1914 1609 ad
1974 1572 2164 1626 purum

596 1648 818 1701 acinum
867 1659 1039 1701 tuum.
1077 1666 1096 1699 ι
1148 1647 1610 1714 Quemadmodum
1658 1647 1801 1701 enim
1847 1646 1939 1716 qui
1993 1663 2066 1702 ars
2111 1656 2165 1702 et

595 1736 804 1792 ferrum
832 1738 953 1807 igne
985 1746 1237 1808 purgant,
1270 1738 1501 1791 scoriam
1530 1737 1822 1805 abjiciunt,
1852 1747 1909 1791 et
1941 1739 2031 1806 qui
2064 1741 2161 1792 bo-

2269 555 2536 629 ὀρθότητα
2561 560 2654 612 τοῦ
2679 559 2886 613 δικαίου
2912 560 3104 635 δώροις
3125 566 3485 638 ἐπίπρασκον.

2345 666 2365 699 ί
2394 648 2494 702 Διὰ
2513 649 2671 703 τοῦτο
2700 651 2823 705 τάδε
2847 652 2995 721 λέγει
3016 655 3222 727 Κύριος
3253 658 3282 710 ό
3304 660 3588 732 Δεσπότης
3609 663 3850 734 Σαϐαὼθ,

2270 738 2405 792 Οὐαὶ
2436 741 2487 792 οἱ
2529 740 2800 810 ἰσχύοντες
2848 743 3091 816 Ἰσραήλ·
3136 748 3197 800 ού
3244 749 3509 805 παύσεται
3544 753 3659 825 γάρ
3708 761 3853 825 μουδ

2270 829 2438 902 θυμὸς
2466 835 2522 886 ὲν
2547 836 2660 897 τοῖς
2686 835 3047 903 ὑπεναντίοις,
3083 840 3177 893 καὶ
3208 842 3387 913 κρίσιν
3410 844 3476 897 ὲκ
3506 844 3622 900 τῶν
3653 847 3851 920 ἐχθρῶν

2273 938 2373 992 μου
2412 926 2652 996 ποιήσω·
2690 928 2785 980 καὶ
2816 929 3001 996 ἐπάξω
3036 931 3136 1002 τὴν
3174 935 3334 1005 χεῖρά
3381 954 3481 1007 μου
3522 938 3620 990 ἐπὶ
3655 940 3738 1005 σὲ,
3767 944 3852 995 καὶ

2270 1010 2508 1082 πυρώσω
2559 1030 2616 1066 σε
2650 1017 2730 1085 εἰς
2759 1016 3017 1090 καθαρὸν,
3049 1021 3175 1085 τοὺς
3223 1022 3280 1075 δὲ
3329 1024 3704 1093 ἀπειθοῦντας
3756 1032 3855 1087 ἀπ-

2267 1105 2458 1169 ολέσω,
2487 1107 2579 1159 καὶ
2612 1108 2737 1170 τοὺς
2782 1109 3114 1179 συμϐούλους
3159 1130 3250 1166 σου
3281 1114 3355 1180 ὡς
3400 1118 3461 1171 τὸ
3492 1118 3591 1171 ἀπ’
3617 1120 3807 1190 ἀρχῆς.
3830 1139 3851 1175 ι

2268 1192 2516 1264 Πυρώσω
2553 1210 2611 1246 σε
2631 1191 2722 1248 οὖν
2754 1197 2834 1260 εἰς
2854 1198 3110 1269 καθαρὸν,
3137 1203 3430 1267 τουτέστιν,
3458 1207 3557 1259 ἐπὶ
3586 1208 3666 1278 τῷ
3698 1210 3854 1265 καθᾶ-

2272 1298 2357 1352 ραι
2393 1284 2486 1335 καὶ
2513 1283 2785 1355 διακρῖναι
2846 1289 2971 1352 τοὺς
3009 1290 3243 1359 φαύλους
3304 1294 3410 1347 ἀπὸ
3441 1296 3555 1349 τῶν
3596 1300 3850 1355 ἀστείων.

2269 1372 2361 1425 Διὸ
2398 1374 2540 1428 κατά
2572 1375 2662 1428 τὸν
2697 1377 2992 1449 Σύμμαχον
3034 1383 3271 1453 εἴρηταιο
3312 1404 3329 1434 ι
3354 1387 3461 1439 Kal
3493 1388 3739 1458 πυρώσω
3782 1394 3854 1456 εἰς

2268 1464 2504 1536 καθαρὸν
2529 1466 2625 1538 τήν
2659 1470 2896 1540 σκωρίαν
2921 1488 3013 1525 σου
3033 1491 3046 1503 ·
3072 1493 3092 1525 ι
3131 1477 3272 1530 κατά
3294 1478 3350 1530 δὲ
3379 1478 3454 1549 (8)
3481 1480 3579 1534 τὸν
3610 1482 3851 1539 Ἀκύλαν·

2272 1571 2291 1602 ι
2322 1555 2431 1611 Καὶ
2455 1555 2690 1626 πυρώσω
2720 1558 2799 1621 εἰς
2831 1559 3068 1632 καθαρὸν
3087 1562 3148 1615 τὸ
3172 1568 3507 1637 γιγαρτῶδές
3528 1586 3648 1623 σου.
3683 1592 3703 1622 ι
3738 1573 3854 1625 Ἤσ-

2268 1660 2371 1723 περ
2398 1644 2505 1716 γὰρ
2534 1647 2583 1697 οί
2616 1647 2966 1719 καθαίροντες
3001 1651 3088 1705 διὰ
3121 1654 3215 1707 τοῦ
3252 1656 3423 1728 πυρὸς
3466 1659 3680 1728 χαλκὸν
3713 1662 3744 1732 ἢ
3780 1662 3852 1714 σί-

2266 1733 2450 1806 δηρον,
2481 1736 2579 1806 τὴν
2605 1739 2847 1808 σκωρίαν
2874 1741 3261 1810 ἀποϐάλλουσι,
3310 1748 3404 1802 καὶ
3436 1751 3484 1801 οἰ
3513 1753 3645 1813 τοὺς
3671 1752 3854 1823 βότρυς

592 1836 708 1883 trus
751 1829 925 1883 vineae
976 1829 1028 1881 in
1087 1828 1448 1882 torcularibus
1503 1835 1777 1894 premunt,
1835 1829 2050 1883 acinum
2104 1839 2156 1885 et

2268 1827 2365 1897 τῆς
2396 1828 2639 1897 ἀμπέλου
2667 1829 2724 1882 ὲν
2744 1833 2864 1893 ταῖς
2896 1830 3075 1901 ληνοῖς
3098 1835 3391 1901 πιέζοντες,
3415 1838 3473 1891 τὸ
3497 1816 3851 1912 γιγαρτῶδεςο

589 1916 857 1987 superﬂua
876 1917 1207 1972 calcatarum
1238 1931 1463 1971 uvarum
1490 1915 1801 1984 expellunt;
1834 1919 2047 1984 eodem,
2080 1921 2160 1972 in-

589 2008 727 2076 quit,
758 2007 915 2061 modo
950 2018 1005 2061 et
1035 2023 1134 2076 ego
1167 2006 1519 2079 inilanynaho
1568 2005 1635 2060 ad
1682 2021 1876 2076 purum
1940 2009 2158 2063 acinum

592 2107 763 2150 tuum.
2159 2166 2162 2169 λ

659 2186 825 2243 Vsus.
849 2190 939 2245 27.
973 2207 989 2240 ι
1025 2189 1091 2243 Et
1113 2198 1232 2258 post
1254 2189 1367 2244 haec
1394 2190 1672 2246 vocaberis
1694 2192 1888 2247 civitas
1907 2193 2160 2262 iustitiae,

596 2277 916 2344 metropolis
954 2277 1132 2331 lidelis
1161 2276 1291 2331 Sion
1327 2296 1342 2332 :
1377 2295 1499 2333 nam
1539 2295 1664 2334 cum
1691 2280 1895 2350 judicio
1927 2283 2160 2340 salvabi-

589 2374 677 2420 tur
711 2368 997 2437 captivitas
1026 2370 1165 2437 ejus.
1201 2389 1219 2421 ι
1265 2371 1621 2426 Communem
1665 2373 2161 2444 civitatemposlea

584 2458 1015 2513 constituendam
1048 2460 1360 2528 alloquitur,
1406 2477 1572 2530 quam
1611 2463 1839 2532 justitize
1883 2466 2160 2520 civitatem

585 2558 765 2614 vocat,
800 2557 855 2604 et
885 2550 1228 2618 metropolim
1273 2551 1485 2605 fidelem
1537 2553 1692 2618 Sion,
1738 2556 1836 2624 pize
1885 2555 2162 2626 religionis

585 2636 890 2695 institutum
932 2650 985 2694 et
1008 2648 1208 2695 ccetum
1258 2642 1356 2697 hoc
1407 2644 1628 2698 nomine
1678 2660 1971 2700 exornans.
2017 2647 2163 2702 Sane

584 2742 718 2783 vero
748 2729 840 2784 ille
868 2731 998 2784 olim
1023 2733 1164 2798 apud
1190 2730 1408 2785 Judaeos
1440 2733 1660 2800 sapiens
1683 2734 2163 2801 exciderat;lnunc

584 2820 847 2894 autem’in
867 2820 1122 2876 universa
1149 2827 1293 2875 terra
1327 2836 1422 2892 per
1445 2821 1646 2878 Christi
1677 2824 1968 2881 Ecclesiam
2001 2826 2160 2897 erigi-

583 2918 690 2975 tur,
722 2910 973 2967 l‘undatus
1003 2927 1166 2982 supra
1214 2923 1443 2982 petram.
1483 2913 1546 2969 Hi
1591 2932 1719 2971 vero
1760 2927 1886 2972 sunt
1927 2918 2163 2987 pulchrae

578 3000 821 3058 civitatis
866 3002 1143 3070 praesules,
1188 3003 1404 3072 iudices
1449 3012 1505 3056 et
1547 3003 1863 3066 consiliarii,
1912 3004 2003 3073 qui
2050 3005 2159 3059 ini-

582 3092 720 3145 tium
762 3093 831 3146 ah
881 3092 1142 3160 apostolis
1188 3101 1245 3146 et
1296 3092 1575 3162 discipulis
1628 3093 1933 3151 Salvatoris
1987 3096 2156 3150 nostri

582 3188 946 3249 acceperunt:
985 3195 1051 3234 ex
1089 3168 1275 3235 eorum
1311 3196 1440 3237 vero
1472 3185 1817 3241 successione
1836 3186 2156 3253 etiamnum,

582 3269 736 3338 quasi
752 3282 818 3324 ex
844 3270 986 3326 bono
1000 3272 1210 3328 semine
1234 3272 1340 3328 orti
1368 3274 1736 3346 resplendent,
1771 3278 1866 3334 Dei
1900 3277 2156 3334 Ecclesiae

581 3358 839 3427 praesides
872 3361 1176 3416 constituti.
1214 3362 1430 3420 Etenim
1476 3366 1567 3436 qui
1603 3366 1746 3436 apud
1779 3368 1946 3423 Deum
1980 3369 2156 3427 salute

581 3448 727 3518 digni
755 3449 977 3519 iudicati
1004 3451 1224 3518 fuerint,
1259 3453 1319 3521 ii,
1356 3455 1557 3526 inquit,
1594 3457 1696 3512 soli
1736 3458 2005 3527 promissa
2028 3475 2155 3515 con-

578 3551 917 3609 sequentur:
956 3543 1082 3597 dum
1122 3542 1291 3600 ιιιόωί
1320 3544 1524 3611 frustra
1569 3548 1942 3620 imaginantur
1987 3552 2153 3607 totius

577 3631 757 3697 gentis
786 3645 899 3686 suae
920 3633 1340 3690 conversionem
1374 3634 1508 3691 fore.
1538 3635 1938 3694 Liberationem
1973 3649 2152 3695 autem

580 3734 611 3769 a
650 3719 964 3787 captivitate
1015 3723 1419 3792 intelligendum
1472 3735 1551 3801 est
1618 3742 1734 3782 esse
1799 3730 2151 3785 mutationem

580 3810 883 3863 animarum
938 3813 1007 3866 ab
1047 3828 1231 3869 errore
1289 3816 1352 3871 ad
1387 3831 1570 3870 veram
1612 3817 1707 3873 Dei
1736 3820 2098 3888 cognitionem
2135 3840 2147 3876 :

578 3915 742 3968 quam
796 3901 1046 3957 Salvator
1094 3905 1417 3974 declaravit,
1451 3923 1594 3972 cum,
1640 3915 1864 3978 accepto
1900 3911 1951 3964 in
1991 3925 2151 3980 syna-

578 4004 712 4057 goga
761 3990 968 4046 liesaixe
1009 3993 1169 4059 libro,
1224 3996 1472 4066 lectaque
1517 3997 1760 4052 clausula
1803 4013 1872 4053 ex
1920 4015 2149 4070 persona

576 4086 695 4155 ejus
730 4089 841 4142 haec
868 4088 1187 4153 dicente’ei
1237 4093 1475 4162 Spiritus
1506 4096 1717 4151 Domini
1746 4078 1914 4167 super
1946 4115 2050 4163 me,
2084 4114 2149 4155 eo

577 4177 721 4243 quod
773 4180 987 4232 unxerit
1043 4176 1161 4247 me,
1203 4184 1582 4254 evangelizare
1631 4188 1956 4256 pauperibus
2001 4191 2149 4244 misit

578 4276 685 4325 me.
720 4283 736 4311 ι
774 4276 892 4320 etc.
927 4306 941 4331 ,
984 4268 1244 4337 replican
1290 4271 1431 4327 lihro
1488 4274 1671 4327 intulit
1704 4291 1718 4330 :
1748 4293 1768 4326 ι
1810 4275 1980 4331 Hodie
2036 4279 2149 4332 haec

579 4349 857 4419 Scriptura
893 4356 1110 4425 impleta
1156 4368 1240 4414 est
1292 4361 1345 4415 in
1390 4364 1613 4417 auribus
1645 4366 1859 4431 vestris,
1894 4386 1913 4418 ι
1948 4367 2147 4423 docens

577 4453 636 4492 se
662 4443 1057 4511 redemptorem
1096 4449 1451 4503 humanarum
1489 4453 1795 4507 animarum
1820 4470 1961 4510 esse.

648 4700 808 4757 Vens.
844 4703 932 4758 28.
973 4724 990 4756 ι
1027 4706 1094 4762 Ει
1122 4698 1475 4767 conterentur
1511 4715 1716 4786 iniqui,
1748 4729 1800 4772 et
1830 4731 2144 4787 peccatores

574 4790 754 4860 simul,
777 4804 829 4849 et
851 4796 942 4864 qui
976 4798 1378 4870 dereliquerunt
1411 4805 1689 4862 Donninum
1716 4811 2089 4867 conﬁcienlur.
2117 4834 2135 4866 ι

576 4881 680 4936 Sed
715 4884 780 4939 de
816 4886 990 4942 medio
1022 4890 1287 4947 tollendos
1315 4910 1436 4951 esse
1469 4899 1545 4951 ait
1574 4902 1827 4967 nequitiae
1864 4904 2136 4960 doctores.

573 4972 798 5037 Quinam
834 4991 962 5032 vero
990 4980 1025 5032 ii
1057 4993 1261 5047 essent,
1292 4985 1343 5039 in
1376 4988 1805 5055 praecedentibus
1832 4993 2142 5047 declaratur

573 5063 658 5117 his
688 5066 901 5122 verbis:
942 5085 960 5121 ι
991 5069 1081 5124 ναξ
1099 5074 1243 5141 genti
1280 5078 1568 5143 pcccatrici
1627 5081 1821 5149 capulo
1853 5080 2009 5151 pleno
2037 5084 2140 5136 ini-

571 5157 811 5220 quitalis.
851 5177 868 5209 ι
1098 5220 1103 5227 ,

646 5245 919 5304 \‘ens.‘29.
967 5269 985 5301 ι
1028 5252 1163 5316 Quia
1217 5257 1616 5314 confundentur
1644 5278 1807 5332 super
1846 5263 1983 5317 idola
2015 5279 2135 5331 sua,

573 5346 691 5396 qum
737 5337 838 5406 ipsi
893 5343 1166 5409 volebant,
1206 5355 1261 5400 ct
1295 5350 1699 5405 confundeutur
1744 5369 1906 5422 super
1949 5355 2135 5409 hortos

570 5438 720 5489 δυοευ
754 5442 889 5495 quos
920 5438 1365 5505 concupiverunt.
1395 5461 1412 5493 ι
1446 5442 1712 5499 Caeterum
1742 5445 1963 5513 pudoris
2012 5461 2134 5500 sen-

642 5518 660 5547 θ
697 5518 828 5585 Luc,
865 5539 931 5590 tv,
973 5534 1061 5595 18,
1089 5531 1180 5585 21.

640 5633 898 5732 ςξγῃιιωε
949 5636 1364 5716 interpretatio,
1431 5660 1567 5707 teste
1644 5650 2010 5725 Hieronymo,
2060 5668 2142 5714 est
2206 5660 2589 5732 Theodotionis

569 5705 800 5760 videtur.

2270 1919 2363 1970 καὶ
2396 1918 2463 1971 τὰ
2493 1919 2726 1989 περισσά
2778 1920 2885 1974 τῶν
2907 1924 3321 1994 ὲκπατηθέντων
3357 1928 3604 2000 βοτρύων
3636 1931 3853 2004 ἀπορρΓ

2263 2025 2478 2072 πτουσι,
2509 2008 2599 2061 τὸν
2661 2010 2822 2064 αὐτὸν
2856 2013 3053 2083 τρόπον
3082 2015 3255 2083 κάγὼ,
3297 2018 3449 2087 φησὶ,
3496 2018 3746 2090 πυρώσω
3781 2022 3854 2085 εἰς

2259 2097 2500 2169 καθαρὸν
2531 2099 2592 2151 τὸ
2623 2101 2957 2170 γιγαρτῶὅές
2988 2121 3102 2158 σου.

2339 2206 2356 2236 ι
2381 2187 2489 2240 Καὶ
2526 2188 2663 2257 μετά
2692 2189 2865 2243 ταῦτα
2890 2191 3140 2271 κληθήσῃ
3172 2196 3323 2259 πόλις
3348 2196 3725 2269 δικαιοσύνης,
3762 2217 3855 2271 μη-

2260 2278 2512 2349 τρόπολις
2546 2280 2708 2351 πιστὴ
2739 2281 2903 2334 Σιών·
2950 2284 3087 2354 μετά
3120 2285 3227 2358 γὰρ
3260 2289 3528 2360 κρίματος
3557 2291 3853 2362 σωθήσεται

2263 2370 2295 2438 ὴ
2328 2369 2670 2439 αἰχμαλωσία
2704 2372 2895 2442 αὐτῆς.
2920 2391 2937 2423 ι
2968 2374 3045 2444 Τῇ
3090 2377 3229 2445 μετά
3261 2374 3434 2432 ταῦτα
3475 2380 3853 2452 συστησομένῃ

2263 2463 2412 2531 κοινῇ
2449 2462 2621 2528 πόλει,
2652 2461 2719 2532 ἦν
2742 2480 2861 2516 τινα
2891 2464 2987 2517 κα)⁸
3020 2466 3175 2518 πόλιν
3199 2466 3547 2539 δικαιοσύνης
3583 2469 3849 2540 ὀνομάζει,

2264 2552 2355 2604 καὶ
2385 2554 2712 2623 μητρόπολιν
2749 2556 2943 2625 πιστὴν
2973 2556 3134 2619 Σιὼν,
3168 2558 3311 2612 οὕτω
3339 2560 3660 2631 προσειπὼν
3690 2562 3751 2613 τὸ
3771 2561 3853 2614 σύ-

2265 2658 2444 2712 στημα
2484 2642 2578 2694 τοῦ
2623 2643 2903 2714 θεοφιλοῦς
2960 2647 3373 2718 πολιτεύματος.
3422 2650 3478 2702 Ὁ
3539 2651 3715 2704 πάλαι
3763 2650 3851 2721 μὲν
3898 2680 3911 2697 ε

2264 2734 2481 2795 συνετὸς
2526 2733 2676 2803 παρὰ
2719 2734 2993 2800 Ἰουδαίοις
3069 2737 3462 2793 διεπεπτώκει·
3510 2741 3612 2795 νῦν
3648 2742 3707 2795 δὲ
3741 2742 3848 2794 καθ’

2262 2822 2387 2892 ὅλης
2410 2823 2507 2893 τῆς
2538 2824 2863 2895 οἰκουμένης
2885 2826 2973 2879 διά
3000 2828 3098 2898 τῆς
3121 2828 3213 2881 τοῦ
3245 2830 3480 2899 Χριστοῦ
3527 2832 3848 2903 Ἐκκλησίας

2263 2915 2556 2986 ἐγήγερται
2591 2914 3051 2986 τεθεμελιωμένος
3078 2919 3170 2971 ἐπὶ
3201 2920 3300 2991 τὴν
3335 2921 3565 2991 πέτραν.
3600 2923 3768 2976 Αὐτοὶ
3798 2922 3848 2974 δὲ

2261 3008 2361 3078 τῆς
2384 3006 2555 3076 καλῆς
2575 3007 2781 3071 πόλεως
2804 3009 2852 3061 οἱ
2875 3010 3237 3080 προεστῶτες,
3265 3014 3466 3083 κριταὶ,
3490 3014 3590 3067 καὶ
3619 3014 3684 3067 σύ
3692 3013 3848 3085 μϐου-

2262 3096 2364 3161 λοι,
2399 3096 2448 3149 οἳ
2478 3097 2653 3167 ἀρχὴν
2702 3098 2800 3167 μὲν
2835 3099 2942 3151 ἀπὸ
2971 3100 3078 3154 τῶν
3112 3101 3422 3157 ἀποστόλων
3460 3105 3557 3158 καὶ
3591 3104 3844 3174 μαθητῶν

2261 3188 2355 3242 τοῦ
2381 3189 2631 3260 Σωτῆρος
2655 3189 2815 3261 ήμῶν
2839 3191 3121 3262 εἰλήφασιν
3141 3211 3154 3224 ο
3186 3196 3249 3247 ὲκ
3273 3196 3329 3248 δὲ
3363 3197 3460 3267 τῆς
3485 3199 3715 3252 ἐκείνων
3744 3196 3849 3251 δια-

2260 3276 2423 3349 δοχῆς
2470 3278 2634 3331 εἰσέτι
2668 3280 2763 3333 καὶ
2795 3279 2909 3347 νῦν,
2940 3281 3126 3355 ὥσπερ
3177 3285 3241 3338 ὲκ
3294 3287 3615 3359 σπέρματος
3648 3285 3847 3359 ἀγαθοῦ

2261 3366 2457 3438 φύντες
2484 3368 2902 3441 διαλάμπουσιν,
2926 3374 3178 3446 πρόεδροι
3206 3376 3304 3447 τῆς
3333 3377 3427 3430 τοῦ
3460 3378 3600 3432 Θεοῦ
3630 3380 3848 3450 Ἐκκλη-

2262 3460 2384 3525 σίας
2416 3461 2777 3527 καθεστῶτες.
2826 3465 2889 3518 Οί
2916 3465 3025 3538 γάρ
3061 3469 3337 3540 σωτηρίας
3364 3468 3505 3534 ἄξιοι
3556 3471 3711 3542 παρά
3739 3469 3847 3539 Θεῷ

2258 3551 2554 3624 κριθέντες,
2573 3554 2724 3625 μόνοι
2739 3554 3040 3622 τεύξονται,
3062 3558 3216 3629 φησὶ,
3236 3562 3337 3631 τῆς
3364 3561 3727 3631 ἐπαγγελίας,
3746 3560 3846 3615 τῶν

2270 3641 2535 3695 Ἰουδαίων
2576 3644 2754 3715 μάτην
2795 3635 3584 3725 φανταζομένωνὲπιστροφὴν
3637 3650 3844 3706 ἔσεσθαι

2258 3730 2348 3783 τοῦ
2375 3733 2574 3798 παντὸς
2596 3735 2776 3789 αὐτῶν
2799 3736 3005 3802 ἔθνους.
3034 3740 3425 3812 Δίχμαλωσίας
3449 3742 3506 3797 δὲ
3536 3742 3845 3815 ἐλευθερίαν

2256 3820 2360 3892 χρὴ
2385 3825 2545 3887 νοεῖν,
2581 3826 2679 3896 τὴν
2711 3827 2818 3880 ἀπὸ
2844 3829 2945 3899 τῆς
2982 3830 3190 3903 πλάνης
3245 3834 3339 3887 ἐπὶ
3386 3834 3486 3905 τὴν
3540 3834 3720 3906 ἀληθῆ
3755 3833 3841 3887 τοῦ

2254 3910 2388 3965 Θεοῦ
2420 3915 2621 3982 γνῶσιν
2657 3919 2958 3990 μεταϐολὴν
2984 3923 3092 3976 τῶν
3116 3925 3301 3996 ψυχῶν
3326 3944 3338 3957 ·
3376 3927 3442 3998 ἢν
3471 3928 3565 3980 καὶ
3594 3929 3624 3981 ό
3659 3928 3842 3998 Σωτὴρ

2255 4002 2513 4075 παρίστη,
2544 4008 2778 4076 ὁπηνίκα
2821 4012 2879 4064 ὲν
2908 4015 2971 4082 τῇ
2997 4019 3285 4087 συναγωγῇ
3320 4017 3500 4071 λαϐὼν
3526 4020 3627 4090 τήν
3664 4015 3836 4089 βίϐλον

2251 4090 2345 4143 τοῦ
2385 4093 2627 4161 Ἡσαΐου,
2655 4099 2753 4169 τήν
2774 4117 2834 4152 τε
2859 4104 3162 4175 περικοπὴν
3184 4107 3447 4176 ἀναγνοὺς
3469 4109 3568 4181 τὴν
3593 4113 3659 4163 ὲκ
3683 4122 3837 4179 προσσ

2251 4182 2399 4238 ώπου
2443 4187 2607 4241 αὐτοῦ
2643 4193 2925 4260 φήσασαν·
2975 4214 2992 4246 ι
3019 4196 3241 4269 Πνεῦμα
3273 4201 3478 4272 Κυρίου
3517 4204 3607 4255 ἐπ’
3634 4201 3751 4273 ἐμὲ,
3781 4190 3836 4251 οὗ

2251 4275 2454 4330 εἵνεκεν
2480 4277 2664 4351 ἔχρισε
2687 4299 2774 4352 με,
2800 4285 3252 4354 εὐαγγελίσασθαι
3279 4294 3515 4361 πτωχοῖς
3535 4287 3835 4345 ἀπέσταλκε

2253 4384 2321 4437 με
2343 4384 2356 4398 ·
2390 4368 2624 4441 κηρύξαι
2655 4374 3025 4445 αἰχμαλώτοις
3060 4379 3252 4447 ἄφεσιν
3277 4398 3290 4411 ⁸
3320 4400 3339 4433 ι
3379 4384 3471 4436 καὶ
3503 4382 3712 4449 πτύξας
3744 4380 3834 4449 τὴν

2176 4492 2220 4545 D
2252 4460 2450 4530 βίϐλον,
2488 4459 2607 4518 εἷπε
2631 4483 2644 4496 ·
2682 4484 2703 4518 ο
2726 4470 2973 4541 Σήμερον
3015 4474 3047 4543 ή
3080 4473 3271 4544 Γραφὴ
3314 4474 3451 4545 αὕτη
3483 4476 3832 4546 πεπλήρωται

2248 4552 2306 4602 ὲν
2325 4554 2436 4614 τοῖς
2464 4552 2596 4607 ὠσὶν
2623 4556 2776 4626 ὑμῶν
2797 4574 2810 4587 ο
2842 4578 2859 4611 ι
2888 4560 3154 4614 διδάσκων
3182 4562 3265 4633 δὴ,
3293 4563 3366 4627 ὡς
3397 4565 3557 4629 αὐτὸς
3584 4566 3668 4635 εἴη
3697 4566 3724 4616 ὁ
3744 4562 3829 4616 λυ-

2243 4643 2454 4714 τρωτὴς
2483 4646 2588 4698 τῶν
2620 4648 2976 4719 ἀνθρωπίνων
2998 4652 3206 4723 ψυχῶν.

2316 4754 2334 4783 ι
2363 4736 2471 4788 Καὶ
2507 4741 2950 4811 συντριϐήσονται
2982 4746 3029 4796 οἱ
3063 4745 3273 4815 ἄνομοι,
3307 4764 3398 4798 και
3427 4747 3474 4798 οἱ
3508 4743 3822 4817 ἁμαρτωλοὶ

2241 4827 2373 4897 ἅμα,
2410 4830 2503 4882 καὶ
2537 4833 2583 4882 οί
2612 4833 3067 4899 ἐγκαταλιπόντες
3105 4836 3198 4889 τὸν
3228 4837 3431 4910 Κύριον
3480 4833 3823 4902 συντελεσθῆ-

2246 4933 2447 4974 σονται.
2485 4938 2502 4970 ι
2552 4920 2690 4972 Ἀλλ’
2718 4924 2965 4976 ἐκποδὼν
3013 4924 3257 4992 γίνεσθαι
3284 4927 3410 4989 τοὺς
3438 4926 3537 4997 τῆς
3567 4922 3823 4995 πονηρίας
3906 4966 3913 4971 -

2242 5006 2615 5074 διδασκάλους.
2646 5012 2801 5076 Τίνες
2854 5013 2910 5066 δὲ
2944 5009 3083 5084 ἦσαν
3126 5009 3288 5078 οὗτοι,
3338 5015 3576 5082 ἐδίδαξεν
3617 5016 3646 5067 ὁ
3676 5013 3821 5081 λόγος

2241 5097 2329 5151 διά
2355 5099 2464 5151 τῶν
2488 5100 2821 5177 ἔμπροσθεν,
2855 5103 3023 5157 εἰπών
3043 5121 3055 5135 ·
3096 5124 3114 5156 ι
3138 5106 3273 5158 Οὐαὶ
3303 5107 3452 5169 ἔθνος
3472 5103 3815 5177 ἀμαρτωλόν·

2241 5185 2367 5251 λαὸς
2396 5175 2608 5261 πλήρης
2636 5189 2881 5261 ἀνομίας.
2911 5211 2929 5241 ι

2316 5299 2335 5329 ‹
2361 5282 2505 5334 Διότι
2532 5284 3081 5355 καταισχυνθήσονται
3116 5284 3208 5338 ἐπὶ
3230 5289 3342 5349 τοῖς
3369 5285 3605 5349 εἰδώλοις
3622 5279 3813 5340 αὐτῶν,

2240 5371 2276 5425 ἃ
2314 5372 2465 5425 αὐτοὶ
2495 5372 2806 5443 ἠϐούλοντο,
2866 5376 2959 5429 καὶ
3006 5376 3524 5447 ὲπαισχυνθήσονται
3575 5376 3666 5429 ἐπὶ
3713 5371 3816 5431 τοῖς

2243 5462 2437 5531 κήποις
2489 5462 2688 5530 αὐτῶν,
2722 5463 2758 5517 ἂ
2783 5464 3159 5537 ἐπεθύμησαν.
3190 5486 3205 5517 ι
3262 5467 3407 5538 Πλὴν
3442 5468 3533 5519 ἐπὶ
3580 5466 3690 5525 τοῖς
3736 5458 3813 5512 αἱ·

2638 5686 2652 5738 ;
2707 5684 2875 5738 quare
2922 5671 3162 5759 LAquilze‘
3232 5682 3429 5730 nomen
3513 5671 3792 5744 irrepsisse
