3968 6508
207 434 291 488 Illi

1177 421 1678 482 COMMENTARIA
1720 421 1785 476 IN
1826 421 2078 477 ISAIAM.
2116 450 2179 462 -
2220 418 2371 476 CAP.
2410 421 2475 477 11.

3360 427 3461 481 102

207 553 375 621 σχροῖς
405 547 647 617 αἰσχύνη
674 546 737 599 ἐκ
773 544 1179 615 συναισθήσεως
1216 544 1400 605 αὐτοῖς
1429 540 1782 611 ἐγγενομένη,

1892 553 2005 602 sus,
2041 551 2198 606 quem
2233 537 2299 593 de
2322 537 2480 593 foedis
2509 537 2624 592 suis
2650 539 2818 607 gestis
2842 540 3153 612 pereepturi
3184 552 3328 610 sunt,
3354 543 3460 600 im-

202 642 291 715 τῆς
330 640 698 710 ἀναισχύντου
727 639 823 692 καὶ
853 635 1101 700 ἀναιδοῦς
1154 635 1529 706 προαιρέσεως
1559 632 1784 705 μεταϐο-

202 735 290 808 λὴν
313 734 499 795 αὐτοῖς
529 730 757 802 ἔμελλεν
781 717 1121 800 ἐμποιήσειν.

265 844 283 877 t
298 825 559 877 Ἔσονται
578 823 685 894 γὰρ
701 821 777 885 ὡς
800 818 1111 893 τερέϐινθος
1132 818 1538 890 ἀποϐεὸληκυῖα
1568 818 1636 872 τὰ
1661 818 1786 888 φύλ-

199 918 275 980 λα,
310 916 403 969 καὶ
438 915 520 979 ὡς
554 913 882 986 παράδεισος
928 909 1071 982 ὕδωρ
1105 910 1179 980 μὴ
1235 910 1404 980 ἔχων
1430 930 1448 961 ι
1512 911 1559 963 oi
1615 910 1784 964 πάλαι

200 1009 336 1071 ὅντες
364 1004 634 1076 ἀμπελὼν
672 1003 880 1074 Κυρίου
919 1000 1167 1067 Σαϐαὼθ,
1214 1002 1309 1054 καὶ
1340 1001 1495 1053 ἐλαία
1545 998 1779 1064 εὖσκιος.

200 1101 257 1153 Εἰ
286 1098 413 1168 γοῦν
432 1114 523 1161 τις
558 1096 815 1149 θεάσαιτο
838 1094 937 1157 τάς
960 1078 1088 1164 παρ’
1113 1092 1297 1156 αὐτοῖς
1316 1091 1424 1145 τῶν
1454 1092 1615 1168 θείων
1643 1093 1783 1164 Γρα-

202 1162 308 1261 φῶν
335 1189 695 1259 ἐπαγγελίας,
744 1185 984 1258 νομικῶν
1016 1162 1075 1238 τε
1110 1186 1202 1238 καὶ
1235 1162 1588 1255 προφητικῶν
1636 1162 1780 1256 Γρα-

203 1283 306 1353 φῶν
336 1282 702 1351 ἀναγνώσεις,
735 1279 930 1350 βίϐλων
962 1295 1020 1331 τε
1067 1275 1351 1348 ἱστορικῶν
1385 1276 1479 1329 καὶ
1510 1276 1783 1348 στιχηρῶν

200 1376 362 1443 λόγον,
394 1373 682 1445 ὑμνῳδίαις
711 1389 769 1426 τε
795 1370 1051 1444 τρόπους,
1084 1370 1177 1423 καὶ
1209 1360 1559 1439 ψαλμῳδίας·
1595 1367 1781 1436 ὄψεται

201 1464 520 1534 παράδεισον
547 1461 788 1534 ἀληθῶς,
837 1463 930 1515 καὶ
960 1460 1205 1530 λειμῶνα
1231 1460 1499 1514 παντοίων
1540 1458 1778 1527 ἀγαθῶν.

200 1555 253 1607 Εἰ
276 1555 329 1606 δὲ
362 1553 625 1623 ζητήσειε
675 1551 807 1623 παρ’
837 1551 1017 1614 αὐτοῖς
1044 1550 1135 1604 τὸν
1175 1549 1416 1620 ἔμψυχον
1443 1548 1537 1603 καὶ
1561 1548 1781 1619 γόνιμον

198 1647 279 1699 καὶ
307 1644 485 1709 ζῶντα
521 1644 719 1711 Λόγον,
748 1638 809 1695 οῦ
835 1644 863 1695 6
892 1641 1059 1695 πίνων
1088 1641 1268 1713 πηγὴν
1297 1640 1407 1706 ἕξει
1434 1638 1622 1701 ὓδατος
1647 1638 1781 1703 ζῶν-

195 1753 272 1799 τος
297 1735 598 1806 ἁλλομένου
634 1737 715 1798 εἰς
743 1732 886 1804 ζωὴν
912 1731 1127 1786 αἰώνιον
1151 1750 1163 1762 ·
1190 1732 1288 1785 οὐκ
1320 1732 1384 1785 ἂν
1405 1729 1574 1806 εὖροι.

256 2016 277 2048 t
303 1998 411 2050 Καὶ
441 1995 603 2050 ἔσται
640 1999 672 2067 ἡ
711 1996 861 2067 ἰσχὺς
880 1997 1069 2067 ζαύτῶν
1100 1995 1180 2059 ὡς
1209 1996 1429 2067 καλάμη
1454 1997 1774 2061 στυππείου,

190 2089 277 2141 καὶ
320 2090 374 2141 αἱ
414 2087 683 2160 ἐργασίαι
719 2088 898 2141 αὐτῶν
923 2088 998 2152 ὡς
1028 2088 1221 2143 σπινθί
1234 2106 1323 2160 ρες
1347 2104 1360 2118 ’
1386 2087 1481 2140 καὶ
1507 2104 1778 2140 κατακαυ-

192 2178 433 2249 θήσονται
456 2180 508 2232 οἰ
545 2181 762 2251 ἄνομοι,
795 2180 888 2233 καὶ
915 2180 965 2232 οἱ
989 2179 1305 2251 ἁμαρτωλοὶ
1354 2180 1471 2251 ἅμα
1495 2197 1508 2210 ·
1550 2180 1646 2233 καὶ
1679 2182 1777 2234 οὐκ

192 2264 330 2318 ἔσται
357 2267 385 2318 6
411 2266 652 2318 σϐἐσων.
680 2285 697 2316 ι
734 2264 808 2317 Οὐ
838 2265 1007 2327 σίτου,
1032 2265 1152 2317 οὐδέ
1183 2282 1324 2327 τινος
1351 2266 1539 2336 ἐτέρου
1574 2265 1681 2317 τῶν
1712 2266 1776 2317 ἀ-

191 2356 451 2424 ναγκαίων
476 2356 733 2427 καλάμη,
760 2355 849 2409 διὰ
883 2356 939 2408 τὸ
958 2356 1268 2428 ἀφῃρῆσθαι
1291 2357 1386 2410 ἀπ’
1418 2354 1596 2408 αὐτῶν
1626 2355 1776 2426 ἰσχύ-

192 2464 304 2500 οντα
331 2448 423 2500 καὶ
461 2447 784 2517 ἰσχύουσαν,
841 2444 935 2499 καὶ
983 2447 1134 2516 ἰσχὺν
1162 2446 1349 2516 ἄρτου,
1404 2445 1498 2498 καί
1528 2444 1600 2497 τά
1627 2445 1774 2514 ἑξῆς.

192 2538 270 2589 Διὸ
291 2537 409 2589 οὐδὲ
459 2537 727 2589 δύνανται
770 2535 949 2603 λέγειν
993 2538 1107 2599 τοῖς
1147 2535 1383 2606 Χριστοῦ
1430 2536 1698 2608 μαθηταῖς
1724 2539 1779 2589 6-

195 2627 344 2697 μοίως
366 2644 380 2657 ·
432 2651 453 2677 ι
476 2627 678 2682 Πάντα
713 2626 969 2698 ἰσχύομεν
994 2628 1053 2679 ἐν
1098 2625 1175 2697 τῷ
1206 2626 1592 2697 ἐνδυναμοῦντι
1633 2628 1779 2696 ἡμᾶς

192 2718 322 2789 Θεῷο
346 2739 365 2771 ι
398 2721 521 2785 καὶ,
569 2738 586 2771 t
606 2720 703 2782 Τίς
748 2721 896 2790 ἡμᾶς
917 2719 1141 2791 χωρίσει
1177 2719 1286 2773 ἀπὸ
1312 2721 1409 2791 τῆς
1436 2720 1659 2791 ἀγάπης
1683 2719 1777 2773 τοῦ

191 2811 448 2885 Χριστοῦς
482 2810 674 2881 θλίψις
698 2811 732 2881 ἢ
766 2812 1132 2883 στενοχωρία;
1162 2830 1180 2861 t
1216 2812 1310 2864 καὶ
1336 2810 1406 2864 τά
1438 2810 1587 2882 ἑξῆς.
1623 2811 1780 2865 Οὕτω

190 2902 239 2957 δέ
258 2904 473 2972 γέγονεν
505 2902 694 2958 αὐτῶν
743 2904 777 2974 ἠ
810 2904 961 2973 ἰσχὺς
993 2902 1069 2967 ὡς
1094 2902 1314 2973 καλάμη
1353 2904 1673 2968 στυππείου,
1705 2904 1781 2967 ὡς

195 2997 262 3069 μὴ
308 2999 469 3070 μόνον
502 2996 774 3052 ἀπολέσαι
807 2997 905 3066 τὴν
955 2995 1293 3067 ἐλευθερίαν,
1340 2989 1459 3067 ἐνῇ
1516 2995 1780 3067 πρότερον

195 3090 410 3161 ἐκόμων,
461 3088 771 3159 αὐτονομίᾳ
813 3087 908 3142 καὶ
965 3087 1210 3159 βασιλείᾳ
1261 3086 1435 3158 οἰκείᾳ
1484 3084 1777 3157 χρώμενοι,

194 3180 315 3235 ἀλλά
338 3181 435 3235 καὶ
468 3182 596 3243 τοῖς
617 3176 841 3249 τυχοῦσι
884 3175 1170 3248 Ῥωμαίων
1200 3174 1561 3248 στρατιώταις
1584 3175 1781 3246 ἀνδρά-
1809 3203 1852 3261 c

195 3290 240 3325 σι
267 3272 562 3327 δουλεύειν.
596 3272 709 3325 Καὶ
733 3269 911 3323 αὐτῶν
936 3267 1047 3338 γὰρ
1072 3269 1127 3321 αἰ
1153 3266 1403 3337 ἐργασίαι
1432 3266 1564 3338 πυρὶ
1587 3266 1779 3329 αἴτιαι,

194 3364 278 3415 ﬁt:
312 3363 373 3416 οὒ
404 3362 621 3435 χρυσὸν
637 3360 759 3415 ούδέ
794 3361 1034 3431 ἀργυρον
1067 3357 1187 3411 οὐδὲ
1219 3355 1399 3420 λίθους
1433 3357 1667 3427 τιμίους,
1696 3355 1786 3420 ξύ-

196 3452 272 3506 λον
309 3454 363 3508 δὲ
396 3456 569 3524 μόνον
611 3453 704 3507 καὶ
739 3450 991 3521 καλάμην
1023 3447 1470 3521 οἰκοδομούντων.
1523 3448 1689 3518 Ὁρᾷς
1730 3448 1785 3500 ὄ-

199 3562 301 3607 πως
338 3544 695 3617 πυρπόλησιν
744 3542 840 3595 καὶ
892 3540 1218 3612 ἐμπρησμὸν
1265 3538 1481 3592 ἀπειλεῖ
1531 3537 1714 3600 αὐτοῖς
1756 3537 1784 3588 6

198 3634 335 3703 λόγος
360 3653 374 3665 ·
430 3636 536 3689 καὶ
573 3633 732 3687 τοῦτο
762 3632 913 3695 τέλος
971 3631 1069 3702 τῆς
1120 3629 1399 3701 παρούσης
1451 3627 1572 3681 κατ’
1603 3626 1783 3681 αὐτῶν

200 3729 557 3799 προφητείας·
586 3726 615 3779 ὃ
650 3726 715 3797 δὴ
740 3712 842 3778 καὶ
866 3722 1209 3794 παραχρῆμα
1236 3720 1372 3791 πρὸς
1403 3719 1545 3782 λέξιν
1580 3716 1781 3787 ἀπέϐη,

201 3818 283 3869 καὶ
311 3819 410 3871 οὐκ
449 3819 540 3880 είς
579 3814 798 3887 μακρὰν
830 3813 971 3885 μετὰ
999 3811 1097 3882 τὴν
1128 3809 1268 3863 κατά
1313 3807 1408 3861 τοῦ
1442 3807 1694 3877 Σωτῆρος
1719 3807 1784 3875 q—

204 3907 306 3976 μῶν
331 3907 543 3979 τόλμαν
567 3898 1009 3977 πυρποληθείσης
1036 3901 1220 3963 αὐτοῖς
1250 3898 1351 3967 τῆς
1375 3897 1778 3970 μητροπόλεως,

202 3998 297 4051 τῶν
325 4017 386 4053 τε
433 4001 496 4052 ἐν
538 3999 675 4068 αὐτῇ
720 3995 933 4050 ἀσεϐῶν
975 3996 1039 4048 ἐκ
1068 3992 1173 4046 τῶν
1206 3990 1419 4045 οἰκείων
1467 3989 1782 4061 σπινθήρων

202 4090 254 4142 τὸ
280 4092 547 4145 ἄσϐεστον
576 4088 688 4160 πῦρ
733 4088 794 4140 τὸ
826 4086 1061 4148 αἰώνιον,
1100 4084 1196 4138 καὶ
1221 4083 1320 4151 τὴν
1347 4084 1411 4136 ἐκ
1447 4081 1582 4134 Θεοῦ
1616 4080 1782 4151 ὀργὴν

201 4183 253 4235 ἐν
271 4184 449 4255 ἡμέρᾳ
469 4181 649 4251 ὀργῆς
681 4181 860 4243 αὐτοῖς
880 4177 1348 4248 ταμιευσαμένων.

742 4266 1138 4321 ΚΕΦᾹΛΛΙΟΝ
1174 4266 1248 4319 Β’.

269 4382 286 4413 ι
307 4363 360 4417 ’0
385 4363 555 4433 λόγος
582 4362 610 4413 6
642 4359 930 4430 γενόμενος
965 4357 1114 4428 παρά
1147 4353 1352 4426 Κυρίου
1382 4354 1519 4425 πρὸς
1556 4352 1783 4406 Ἡσαΐαν

206 4454 306 4507 υἱὸν
332 4454 521 4526 Ἀμὼς
545 4453 674 4523 περὶ
704 4452 798 4520 τῆς
829 4448 1087 4507 Ἰουδαίας
1108 4447 1200 4500 καί
1234 4445 1364 4517 περὶ
1394 4443 1702 4515 Ἰερουσαλή
1713 4458 1780 4513 μ’

205 4548 276 4601 ὅτι
304 4509 453 4601 ἔσται
480 4509 543 4600 ἐν
576 4509 696 4606 ταῖς
730 4509 986 4611 ἐσχάταις
1026 4539 1261 4610 ἡμέραις
1294 4509 1532 4605 ἐμφανές
1567 4533 1627 4587 τὸ
1659 4509 1782 4604 ὅρος

1890 4528 2015 4595 quia
2073 4526 2180 4580 erit
2235 4523 2288 4577 in
2346 4516 2665 4593 novissimis
2687 4513 2880 4569 diebus
2930 4509 3254 4576 conspicuus
3307 4518 3464 4559 mons

206 4640 289 4693 τοῦ
304 4639 547 4712 Κυρίου,
583 4634 677 4688 καὶ
707 4636 736 4687 6
785 4630 929 4695 οἶκος
974 4630 1065 4682 τοῦ
1093 4627 1226 4681 Θεοῦ
1256 4627 1341 4680 ἐπ’
1376 4626 1559 4697 ἄκρων
1586 4625 1695 4677 τῶν
1726 4625 1783 4675 ὀ-

211 4730 351 4798 ρέων,
386 4730 487 4783 καὶ
533 4724 878 4795 ὑψωθήσεται
907 4721 1159 4792 ὑπεράνω
1193 4718 1302 4771 τῶν
1340 4715 1562 4786 βουνῶν,
1595 4716 1689 4767 καὶ
1721 4715 1783 4784 ἤ-

211 4823 374 4888 ξουσιν
399 4822 491 4874 ἐπ’
519 4817 652 4871 αὐτὸ
680 4816 853 4868 πάντα
877 4812 949 4888 cdt
966 4811 1093 4881 ἔθνη
1142 4809 1251 4861 Καὶ
1279 4806 1630 4878 πορεύσονται
1658 4804 1783 4873 ἔθνη

210 4883 386 4976 πολλὰ,
415 4909 518 4963 καὶ
555 4904 771 4978 ἐροῦσι·
815 4883 998 4963 Δεῦτε,
1036 4902 1127 4954 καὶ
1150 4896 1439 4965 ἀναδῶμεν
1461 4896 1540 4958 εἰς
1560 4896 1624 4947 τὸ
1656 4895 1779 4965 ὅρος

215 5002 425 5074 Κυρίου,
448 5001 547 5055 καὶ
572 4999 651 5061 εἰς
677 4996 768 5048 τὸν
795 4990 941 5047 οἷκον
965 4990 1058 5045 τοῦ
1079 4989 1212 5043 Θεοῦ
1242 4984 1435 5040 Ἰακώϐ
1454 5002 1466 5015 ³
1503 4985 1597 5037 καὶ
1618 4986 1783 5052 ἀναγ-

216 5094 347 5160 γελεῖ
376 5095 516 5165 ἡμῖν
544 5089 642 5160 τὴν
674 5086 792 5141 ὁδὸν
822 5083 1008 5148 αὐτοῦ,
1054 5084 1149 5135 καὶ
1182 5076 1557 5149 πορευσόμεθα
1599 5079 1656 5131 ἐν
1690 5076 1785 5129 αὐ-

322 5187 414 5239 Ἐκ
442 5184 556 5254 γὰρ
586 5180 724 5235 Σιὼν
770 5177 1107 5243 ἐξελεύσεται
1142 5174 1322 5243 νόμος,
1357 5171 1450 5225 καὶ
1487 5171 1644 5238 λόγος
1672 5172 1786 5222 Κυ-

222 5277 326 5345 ρίου
365 5277 425 5343 ἐξ
471 5270 844 5345 Ἰερουσαλήμ.
895 5266 1003 5321 Καὶ
1046 5267 1221 5336 κρινεῖ
1253 5262 1356 5316 ἀνά
1392 5263 1554 5333 μέσον
1604 5260 1710 5311 τῶν
1740 5261 1796 5312 ἐ-

223 5361 371 5431 θνῶν,
397 5363 495 5418 καὶ
514 5359 783 5429 ἐξελέγξει
809 5357 935 5410 λαὸν
964 5354 1130 5408 πολὺν
1161 5352 1340 5414 αὑτός.
1367 5370 1385 5402 ι
1417 5349 1587 5411 Αὐτὸς
1617 5348 1673 5400 δὲ
1702 5347 1796 5399 καὶ

223 5453 475 5527 διέκρινεν
494 5454 601 5510 ἁνά
633 5452 795 5524 μέσον
816 5450 924 5503 τῶν
965 5446 1153 5507 ἐθνῶν,
1185 5442 1450 5513 ἀφορίσας
1473 5437 1652 5508 ἐαυτῷ
1673 5438 1796 5500 τοὺς

227 5526 417 5611 ἀξίους,
453 5547 548 5600 καὶ
596 5541 954 5610 ἐκλεξάμενος
997 5536 1122 5598 τοὺς
1153 5532 1383 5602 κλητοὺς
1430 5528 1536 5583 ἀπὸ
1564 5526 1671 5580 τῶν
1723 5526 1798 5597 μὴ

228 5638 485 5691 τοιούτων.
530 5635 715 5696 υῦτως
737 5628 829 5686 οῦν
864 5628 968 5684 ἀνά
1000 5628 1160 5698 μέσον
1190 5623 1297 5677 τῶν
1327 5619 1494 5675 ἐθνῶν
1522 5618 1799 5689 διακρίνας

231 5723 258 5776 ὁ
281 5723 624 5792 εύαγγελικος
674 5721 856 5791 νόμος,
887 5717 1011 5771 λαὸν
1047 5714 1212 5768 πολὺν
1250 5710 1497 5782 ἤλεγξεν,
1527 5709 1644 5779 ἤτοι
1675 5707 1800 5769 τοὺς

300 5837 590 5894 “Philitan.
626 5850 699 5900 tv,
744 5834 830 5890 l5.
909 5833 948 5863 “
978 5830 1135 5887 llom.
1178 5843 1294 5896 vttt,
1332 5818 1422 5882 55.

1887 628 2106 698 pudenti
2122 636 2179 684 et
2196 629 2564 685 inverecundo
2585 632 2775 686 eorum
2798 630 3080 701 propo‘sito
3103 643 3460 690 mutationem

1886 717 2096 773 alTeret.

1956 808 2118 863 Vens.
2147 809 2237 867 50.
2273 827 2293 862 t
2318 809 2487 865 Erunt
2515 811 2657 866 enim
2691 811 2830 866 sicut
2864 809 3198 869 terebinthus
3224 814 3460 871 deﬂuen-

1886 899 2029 955 tibus
2087 899 2248 968 foliis,
2306 910 2361 956 et
2424 902 2563 958 sicut
2603 903 2889 971 paradisus
2929 906 3046 959 sine
3078 921 3216 976 aqua
3253 924 3266 960 :
3306 927 3326 959 ι
3366 910 3458 978 qui

1884 990 2015 1045 olim
2041 999 2195 1073 erant
2223 992 2381 1047 vinea
2406 991 2621 1049 Domini
2650 993 2911 1057 Sabaoth,
2935 1003 2991 1047 et
3017 995 3155 1051 oliva
3181 999 3456 1053 umbrosa.

1886 1079 1945 1135 Si
1981 1081 2104 1150 quis
2135 1082 2279 1136 enim
2314 1084 2616 1151 respexerit
2637 1084 2702 1138 ad
2733 1086 3000 1155 promissa
3028 1102 3146 1154 qua:
3185 1088 3236 1140 in
3263 1088 3460 1144 divinis

1885 1169 2183 1241 Scripturis
2207 1187 2372 1242 penes
2400 1172 2518 1229 illos
2544 1175 2836 1241 habentur,
2868 1178 2936 1230 ad
2978 1174 3224 1246 legalium
3254 1188 3310 1231 et
3328 1194 3456 1248 pro-

1881 1262 2222 1330 pheticarum
2274 1261 2688 1333 Scripturaritm
2738 1264 3036 1331 lectiones,
3083 1266 3146 1320 ad
3198 1268 3456 1323 librorum

1885 1362 1994 1406 tam
2044 1352 2449 1418 historicorum,
2489 1369 2651 1423 quam
2697 1357 3045 1411 metricorum
3098 1366 3445 1424 concentum,

1809 1458 1820 1468 ο
1883 1440 2071 1497 modos
2094 1450 2146 1494 et
2170 1433 2602 1511 psalmodias,'is
2629 1460 2756 1500 vere
2786 1448 3117 1515 paradisum,
3151 1456 3206 1501 et
3232 1459 3448 1516 pratum

1881 1530 2039 1586 bonis
2065 1531 2317 1587 omnibus
2361 1534 2625 1602 repletum
2659 1535 2859 1590 videat.
2892 1538 3046 1603 Quod
3066 1535 3124 1592 'si
3154 1540 3275 1605 quis
3305 1539 3447 1608 apud

1881 1618 2001 1673 illos
2021 1619 2341 1684 animatum,
2368 1621 2545 1676 fertile
2575 1637 2640 1677 ac
2671 1624 2863 1678 vivens
2890 1625 3126 1680 Verbum
3158 1627 3455 1694 quaesierit,

1881 1725 1945 1766 ex
2001 1726 2109 1781 quo
2166 1713 2412 1782 quisquis
2465 1715 2707 1780 biberit,
2770 1716 2991 1771 habebit
3047 1716 3251 1772 fontem
3303 1732 3457 1786 aquae

1883 1803 2048 1868 vivae,
2081 1802 2329 1858 salientis
2380 1805 2434 1859 in
2482 1805 2649 1860 vitam
2690 1815 2983 1874 aeternam;
3022 1808 3335 1878 neutiquam
3369 1808 3455 1863 in-

1814 1878 1857 1932 Β
1887 1893 2087 1948 veniat.
2198 1906 2204 1914 '

1950 1983 2116 2040 Vsus.
2140 1986 2233 2042 3i.
2265 2005 2285 2039 ι
2318 1987 2386 2042 Et
2420 1986 2524 2042 erit
2566 1986 2827 2043 fortitudo
2850 1987 3067 2042 illorum
3108 1995 3168 2041 ut
3213 1986 3457 2041 calamos

1878 2086 2089 2147 stuppas
2118 2089 2172 2133 et
2198 2092 2334 2146 opus
2360 2094 2548 2133 eorum
2579 2087 2635 2131 ut
2665 2078 2914 2133 scintilla:
2937 2095 2951 2131 :
2977 2087 3033 2131 et
3065 2077 3456 2131 comburentur

1879 2167 2052 2235 iniqui
2098 2168 2163 2223 et'
2198 2178 2511 2237 peccatores
2549 2168 2730 2233 simul,
2771 2176 2825 2222 et
2854 2183 2961 2222 non
2994 2168 3206 2237 eritqui
3247 2154 3455 2222 exstin-

1879 2266 2027 2328 guat.
2068 2276 2087 2310 ι
2116 2254 2233 2312 Νοη
2276 2256 2568 2324 frumenti,
2608 2266 2702 2311 aut
2750 2257 2976 2316 alterius
3025 2255 3324 2325 cujuspiam
3360 2271 3455 2310 ne-

1880 2349 2139 2404 cessaria:
2192 2348 2293 2413 rei,
2351 2347 2636 2412 calamus,
2677 2346 2804 2416 quia
2859 2346 3074 2401 ablatus
3120 2356 3206 2401 est
3243 2347 3310 2400 ab
3348 2345 3457 2400 illis

1880 2438 2140 2496 robustus
2164 2450 2218 2494 et
2258 2439 2505 2502 robusta,
2548 2438 2713 2492 robur
2764 2436 2941 2505 panis,
2971 2445 3073 2490 etc.
3116 2435 3241 2491 Ideo
3279 2436 3459 2489 dicere

1879 2539 2155 2602 nequeunt
2176 2530 2402 2600 perinde
2436 2538 2599 2599 atque
2629 2527 2833 2584 Christi
2874 2527 3128 2597 discipuli
3158 2548 3169 2581 :
3203 2544 3222 2578 ι
3262 2525 3456 2582 Omnia

1878 2636 2166 2693 possumus
2218 2621 2271 2675 in
2308 2633 2391 2684 eo,
2446 2619 2538 2688 qui
2586 2634 2684 2673 nos
2723 2618 2992 2673 confortat
3044 2617 3153 2671 Deo
3189 2616 3271 2681 ¹⁰;
3309 2632 3327 2665 ι
3357 2622 3453 2668 et:

1886 2730 1906 2764 σ
1938 2713 2071 2779 Quis
2103 2725 2203 2766 nos
2235 2710 2509 2780 separabit
2529 2725 2559 2763 a
2596 2709 2864 2764 charitate
2885 2707 3134 2764 Christi?
3161 2707 3458 2772 tribulatio,

1882 2817 1948 2857 an
1986 2799 2234 2872 angustia
2281 2798 2378 2850 “?
2420 2819 2441 2850 ι
2489 2805 2545 2852 et
2591 2804 2808 2852 uetera.
2859 2796 2933 2850 lta
2986 2810 3151 2865 porro
3200 2792 3462 2849 fortitudo

1881 2907 2068 2949 eorum
2106 2899 2165 2944 ut
2205 2888 2449 2944 calamus
2471 2897 2679 2956 stuppa:
2716 2887 2857 2940 facta
2897 2894 3019 2949 est;
3070 2894 3127 2938 nt
3159 2899 3264 2937 non
3293 2884 3454 2938 modo

1881 2983 2219 3046 libertatem,
2246 2993 2351 3048 qua
2400 2977 2551 3047 prius
2574 2976 2793 3047 proprio
2810 2976 2933 3047 jure
2958 2990 3022 3030 ac
3051 2989 3223 3044 regno
3246 2983 3462 3028 utentes

1880 3072 2163 3135 ﬂorebant,
2191 3069 2544 3132 amitterent,
2577 3070 2672 3121 sed
2699 3066 2862 3121 etiam
2892 3065 3173 3136 quibusvis
3200 3063 3462 3118 Romanis

1884 3159 2146 3218 militibus
2172 3155 2475 3214 servirent.
2491 3155 2690 3211 Eorum
2713 3154 2913 3225 quippe
2932 3167 3098 3224 opera
3124 3152 3264 3223 ignis
3291 3165 3457 3205 causa

1887 3247 2157 3306 fuerunt:
2198 3246 2399 3318 quippe
2436 3245 2529 3314 qui
2567 3257 2674 3298 non
2715 3258 2946 3309 aurum,
2993 3257 3100 3297 non
3154 3249 3461 3310 argentum.

1887 3355 1994 3397 non
2032 3337 2243 3409 lapides
2273 3336 2569 3407 pretiosos,
2598 3334 2695 3390 sed
2737 3333 2944 3405 lignum
2987 3341 3194 3386 tantum
3219 3338 3274 3384 et
3313 3329 3464 3386 cala-

1888 3447 2034 3489 mum
2084 3428 2441 3485 azdificarent.
2482 3427 2668 3482 Viden’
2694 3422 2966 3494 quomodo
3006 3422 3253 3477 ﬂammas
3288 3430 3342 3477 et
3374 3422 3463 3475 in-

1886 3521 2136 3578 cendium
2177 3518 2541 3574 comminetur
2564 3515 2737 3585 ipsis?
2762 3514 2826 3568 Et
2854 3513 2941 3567 hic
2963 3512 3084 3566 linis
3112 3517 3196 3567 est
3232 3524 3464 3579 praesen-

1889 3612 1957 3667 tis
1995 3619 2190 3666 contra
2230 3608 2353 3663 illos
2406 3605 2730 3677 prophetiae,
2778 3601 2933 3670 cujus
2979 3610 3204 3657 eventus
3253 3597 3463 3665 statim,

1887 3720 2064 3775 neque
2102 3704 2178 3758 ita
2206 3701 2379 3756 multo
2404 3706 2528 3770 post
2572 3705 2947 3767 perpetratum
2991 3702 3181 3749 contra
3213 3691 3466 3747 Salvato-

1886 3810 2001 3852 rem
2047 3802 2299 3850 nostrum
2354 3790 2585 3853 facinus,
2638 3787 2708 3842 ad
2758 3787 2994 3856 litteram
3042 3784 3288 3854 contigit,
3337 3797 3463 3836 cunt

1886 3902 2075 3943 eorum
2107 3884 2423 3953 metrOpolis
2449 3884 2699 3938 incendio
2729 3882 2925 3937 tradita
2955 3888 3057 3943 est,
3098 3887 3152 3934 et
3191 3877 3337 3946 impii
3363 3877 3463 3931 ho-

1887 3979 2063 4032 mines
2097 3975 2153 4030 in
2180 3989 2243 4029 ea
2289 3980 2699 4029 commorantes
2742 3985 2811 4025 ex
2857 3967 3104 4023 scintillis
3144 3967 3254 4021 suis
3283 3956 3460 4034 ignem

1887 4069 2384 4141 iuexstinguibilem
2415 4081 2478 4121 ac
2515 4076 2776 4122 arteruum
2803 4102 2817 4126 ,
2858 4063 3103 4130 iramque
3143 4059 3237 4113 Dei
3280 4058 3334 4112 in
3372 4055 3464 4109 die

1889 4166 1982 4220 ira:
2012 4163 2115 4218 sibi
2148 4158 2589 4215 recondiderunt.

2500 4241 2730 4299 CAPUT
2775 4240 2839 4295 11.
2936 4274 2939 4281 ν

1961 4343 2125 4400 Vens.
2159 4340 2278 4395 1-4.
2319 4355 2338 4389 ι
2385 4333 2618 4388 Verbum
2649 4330 2790 4401 quod
2819 4329 3020 4383 factum
3053 4334 3135 4381 est
3165 4339 3195 4378 a
3233 4320 3464 4378 Domino

1889 4437 1955 4492 ad
1985 4434 2232 4490 Hesaiam
2258 4429 2426 4485 lilium
2448 4428 2611 4480 Amos
2630 4424 2772 4478 circa
2799 4421 3036 4475 Iudaeam
3055 4412 3459 4472 etJerusalem:

1893 4617 2106 4673 Domini
2156 4624 2213 4668 et
2260 4612 2452 4667 domus
2493 4607 2587 4662 Dei
2629 4621 2795 4675 supra
2840 4602 3098 4657 verticem
3149 4596 3460 4651 montium:

1891 4723 1945 4766 et
2013 4706 2321 4764 elcvabitur
2374 4716 2536 4770 super
2589 4698 2801 4755 colles:
2856 4703 2910 4749 et
2959 4690 3175 4747 venient
3223 4687 3287 4741 ad
3339 4700 3464 4739 eunt

1891 4815 2081 4855 omnes
2136 4803 2345 4867 gentes.
2400 4791 2466 4845 Et
2500 4791 2654 4845 ibttnt
2705 4785 2883 4856 p0puli
2944 4780 3097 4836 multi
3130 4787 3184 4833 et
3233 4776 3461 4831 dicent:

1895 4864 2656 4955 Venite,vascendamus'ad
2708 4886 2947 4932 montem
3015 4869 3228 4924 Domini
3286 4874 3340 4919 et
3399 4864 3464 4917 ad

1892 4984 2110 5038 domum
2141 4978 2232 5033 Dei
2261 4974 2427 5031 Jacob
2451 4989 2466 5026 :
2499 4980 2553 5025 et
2581 4966 2925 5034 annuntiabit
2944 4964 3097 5019 nobis
3120 4961 3262 5014 viam
3289 4969 3463 5015 suam,

1894 5085 1950 5129 et
1991 5072 2305 5127 incedemus
2342 5065 2397 5119 in
2440 5079 2526 5118 ea.
2578 5061 2712 5115 Nam
2762 5073 2827 5112 ex
2866 5057 2996 5111 Sion
3041 5052 3207 5108 exibit
3253 5048 3360 5107 lex,
3413 5053 3469 5097 et

1898 5164 2120 5217 vcrhnm
2172 5156 2382 5213 Domini
2419 5169 2482 5208 ex
2530 5150 2853 5206 Jerusalem.
2906 5146 2971 5199 Et
3019 5138 3283 5212 jndicabit
3329 5136 3467 5187 inter

1895 5267 2104 5327 gentes,
2158 5261 2216 5306 et
2262 5258 2454 5317 arguet
2502 5243 2758 5315 populum
2814 5238 3039 5294 multum
3100 5231 3235 5327 ipse.
3266 5247 3295 5327 ἰ
3352 5226 3468 5293 Ipse

1896 5318 2075 5399 autem
2096 5340 2365 5409 judicavit
2384 5338 2528 5392 inter
2553 5341 2767 5404 gentes,
2799 5343 2892 5383 eos
2919 5324 3008 5394 qui
3048 5336 3108 5375 se
3135 5318 3283 5409 digni
3311 5324 3468 5370 erant

1896 5436 1997 5491 sibi
2038 5446 2355 5515 segregans,
2385 5435 2715 5494 vocatosque
2748 5437 2775 5474 a
2809 5433 2914 5472 non
2956 5411 3161 5467 vocatis
3191 5408 3465 5515 .selig'ens.

1899 5524 1992 5579 Sic
2022 5496 2317 5591 itaque‘lex
2360 5514 2696 5591 evangelica,
2742 5510 2795 5563 in
2839 5504 3017 5559 medio
3058 5501 3299 5573 gentium
3331 5496 3469 5561 diju-

1899 5585 2135 5680 dicans;
2151 5613 2381 5669 multum
2416 5585 2670 5679 populum
2698 5598 2975 5670 coarguit;
3025 5597 3136 5651 sive
3164 5593 3252 5656 iis,
3282 5587 3468 5680 quiin

1900 5723 1960 5763 se
1979 5678 2328 5763 crediderunt
2353 5702 2418 5757 de
2446 5696 2675 5769 pristino
2699 5705 2887 5749 errore
2913 5705 3010 5746 suo
3032 5686 3331 5748 convictis;
3352 5678 3468 5734 sive
