3968 6518
511 385 612 443 103

1233 379 1504 438 EUSEBII
1543 379 2025 438 CIESARIENSIS
2064 381 2213 440 OPP.
2245 383 2425 441 PARS
2463 384 2548 440 III.
2591 414 2662 427 —-
2701 385 3111 445 EXEGETICA.
3680 400 3770 455 ιυι

510 502 600 564 iis,
632 500 723 570 qui
761 513 865 554 non
897 497 1267 561 crediderunt,
1305 502 1365 549 ut
1401 502 1594 565 suapte
1623 494 1783 564 culpa
1817 497 2087 564 pereunti-

2200 501 2277 561 εἰς
2307 498 2468 551 αύτδν
2502 499 2933 563 πεπιστευκότας
2983 499 3288 566 ἀπελέγξας
3341 501 3438 573 τήν
3492 501 3550 554 ἐν
3603 507 3768 571 αὐτοῖς

512 593 634 656 bus,
667 589 986 670 confutatis.

586 807 608 844 ι
648 790 714 844 Ει
747 786 1096 857 confringent
1127 785 1341 854 gladios
1387 799 1518 841 suos
1552 785 1605 840 in
1650 793 1856 856 aratra,
1889 793 1944 841 et
1973 784 2092 840 lan-

512 899 637 939 ceas
677 895 805 938 suos
857 880 909 934 in
963 880 1170 934 falces:
1207 888 1263 935 et
1314 894 1422 934 non
1474 877 1674 934 levabit
1722 893 1855 948 gens
1901 886 2088 932 contra

507 982 728 1044 gentem
782 973 1044 1043 gladium,
1093 982 1148 1027 et
1204 987 1311 1027 non
1362 972 1770 1028 exercebuntur
1820 971 1964 1026 ultra
2023 974 2090 1026 ad

510 1069 775 1138 praelium.
814 1087 832 1120 ι
887 1065 1002 1120 Non
1061 1065 1200 1120 ultra
1242 1064 1492 1121 bellicam
1533 1074 1706 1119 artem
1735 1064 2002 1131 ediscunt,
2037 1065 2088 1118 in

509 1175 615 1228 qua
640 1173 697 1213 se
720 1158 867 1227 prius
904 1172 935 1210 a
963 1172 1148 1226 puero,
1192 1159 1349 1224 quasi
1398 1157 1730 1219 necessaria,
1782 1171 1879 1224 per
1931 1172 2090 1227 agros

508 1257 565 1304 et
592 1250 754 1304 nrbes
783 1250 1131 1314 exercebant,
1173 1249 1477 1302 vicinorum
1515 1249 1754 1302 hostium
1798 1248 2091 1304 formidine

507 1339 786 1395 commoti.
825 1339 936 1393 lmo
960 1340 1122 1393 etiam
1153 1339 1241 1407 qui
1271 1339 1562 1393 Dominum
1621 1349 1867 1394 nosuum
1900 1337 2090 1394 Iesum

507 1433 784 1487 Christum
866 1441 1278 1500 susceperunt,
1343 1429 1491 1484 omni
1561 1430 1842 1499 praaliandi
1910 1431 2092 1486 studio

507 1522 762 1589 exempti,
797 1521 849 1574 in
884 1534 1014 1586 pace
1036 1521 1250 1574 demum
1285 1529 1602 1586 versantur;
1640 1520 1712 1574 ita
1741 1529 1798 1575 ut
1822 1534 1928 1575 non
1953 1520 2092 1575 ulte-

508 1612 622 1666 rius
689 1613 757 1667 ab
822 1612 1150 1666 adversariis
1223 1611 1587 1682 potestatibus
1654 1621 2088 1682 oppugnentur,

507 1718 684 1772 neque
740 1703 1076 1758 damonibus
1148 1703 1201 1757 in
1264 1717 1324 1758 se
1386 1702 1516 1757 olim
1584 1702 1874 1772 imperium
1943 1702 2089 1756 obti-

506 1793 762 1850 nentihus
827 1793 1026 1848 subditi
1077 1792 1206 1847 sint.
1255 1791 1463 1858 Quibus
1518 1791 1782 1848 Servator
1827 1790 1944 1861 ipse
1991 1807 2086 1861 pa-

2197 589 2466 661 προτέραν
2501 590 2728 660 πλάνην,
2773 592 2806 659 ἢ
2858 591 2983 654 τοὺς
3020 591 3094 662 μὴ
3125 593 3204 654 εἰς
3235 592 3395 646 αὑτὸν
3425 587 3769 650 πεπιστευκό-

2194 699 2294 744 τας
2332 681 2556 750 ἐλέγξας
2583 682 2733 752 παρά
2777 683 2876 752 τὴν
2929 681 3105 738 αὐτῶν
3144 685 3321 739 αἰτίαν
3354 686 3764 757 ἀπολλυμένους,

2273 801 2291 832 ι
2314 782 2423 834 Καὶ
2457 782 2784 850 συγκόψουσι
2807 780 2906 844 τὰς
2939 780 3212 851 μαχαίρας
3247 778 3425 832 αὐτῶν
3451 779 3532 842 εἰς
3557 779 3766 851 ἄροτρα,

2197 875 2290 928 καὶ
2321 874 2417 936 τὰς
2452 873 2672 936 ζιϐύνας
2711 872 3000 935 αύτῶνείς
3023 871 3298 942 δρέπαναο
3335 871 3429 923 καὶ
3467 871 3527 923 ού
3561 872 3633 941 μὴ
3674 873 3767 944 ἄρῃ

2198 963 2348 1025 ἔθνος
2375 961 2460 1016 ἐπ’
2485 962 2636 1025 ἔθνος
2667 962 2962 1033 μάχαιραν,
2991 961 3085 1013 καὶ
3107 961 3168 1012 ού
3205 959 3278 1031 μή
3313 959 3558 1029 μάθωσιν
3582 959 3656 1011 ἔτι
3688 979 3768 1013 πο-

2196 1055 2402 1126 λεμεῖν.
2434 1073 2450 1104 ι
2489 1054 2687 1107 Οὐκέτι
2721 1053 2829 1124 γὰρ
2861 1052 3200 1108 διδάσκονται
3230 1051 3298 1103 τὰ
3328 1050 3619 1120 πολεμικὰ,
3648 1051 3680 1104 ἀ
3713 1051 3768 1121 δή

2197 1147 2458 1217 πρότερον
2481 1147 2554 1209 ὼς
2580 1147 2849 1215 ἀναγκαῖα
2873 1148 2935 1199 ἐκ
2960 1145 3160 1198 παίδων
3190 1143 3309 1196 κατ’
3339 1143 3542 1214 ἀγροὺς
3568 1142 3658 1194 καὶ
3682 1159 3771 1194 xa-

2196 1239 2266 1292 τά
2319 1239 2501 1302 πόλεις
2542 1239 2808 1308 ὴσκοῦντο
2834 1238 2920 1292 διὰ
2954 1239 3042 1292 τὸν
3090 1237 3200 1291 ἀπὸ
3253 1235 3358 1288 τῶν
3394 1233 3769 1306 πλησιοχώρων

2200 1330 2471 1402 πολεμίων
2511 1331 2674 1399 φόϐον
2699 1347 2711 1360 ·
2749 1330 2885 1384 ἀλλὰ
2921 1330 3012 1383 καὶ
3039 1329 3087 1382 οἱ
3109 1327 3535 1396 καταδεξάμενοι
3556 1326 3644 1379 τὸν
3667 1327 3769 1377 Κύ-

2197 1439 2310 1494 ριον
2356 1423 2510 1492 ήμῶν
2551 1421 2753 1493 Ἰησοῦν
2783 1422 3038 1493 Χριστὸν,
3077 1421 3255 1490 πάσης
3308 1417 3612 1488 πολεμικῆς
3646 1435 3769 1488 προ-

2195 1514 2456 1582 αιρέσεως
2491 1513 2916 1582 ἀπαλλαγέντες,
2950 1514 3007 1565 ἐν
3037 1513 3229 1585 εἰρήνῃ
3253 1511 3440 1564 λοιπὸν
3469 1511 3767 1578 διάγουσιν’

2195 1605 2269 1668 ὡς
2309 1605 2506 1677 μηκέτι
2543 1606 2647 1658 ὑπὸ
2684 1605 2786 1659 τῶν
2811 1587 3198 1676 ἀντικειμένων
3223 1604 3508 1673 δυνάμεων
3536 1601 3773 1671 πολεμεῖ-

2197 1695 2340 1760 σθαι,
2382 1696 2515 1767 μηδέ
2547 1697 2889 1768 ὑποχειρίους
2917 1693 3056 1749 εῗναι
3089 1695 3196 1748 τῶν
3227 1694 3394 1749 πάλαι
3438 1691 3772 1764 κρατούντων

2195 1791 2373 1844 αὐτῶν
2420 1791 2711 1861 δαιμόνων.
2741 1785 2837 1853 UT;
2866 1790 2959 1843 καὶ
2992 1792 3020 1842 ό
3047 1791 3238 1860 Σωτήρ
3260 1789 3422 1850 αὐτὸς
3456 1789 3555 1860 τὴν
3590 1786 3773 1840 ἐαυτοῦ

507 1899 624 1938 com
673 1898 973 1952 procurans
1019 1898 1174 1939 suam
1213 1884 1331 1938 ait:
1384 1878 1411 1934 ἰ
1449 1882 1645 1938 Pacem
1680 1896 1856 1937 meam
1889 1882 1960 1938 do
1995 1898 2087 1938 vo-

2200 1882 2467 1955 προξενῶν
2502 1883 2720 1956 εἰρήνην
2757 1881 2924 1952 φησί’
2975 1899 2992 1931 ⁴
3022 1881 3256 1951 Εἰρήνην
3281 1881 3380 1950 τὴν
3413 1881 3554 1952 ἐμὴν
3594 1879 3773 1949 δίδωμι

506 1977 592 2034 bis
621 1977 686 2031 ".
735 1995 752 2028 ι

579 2067 738 2121 Vens.
775 2068 829 2122 5.
873 2086 891 2118 (
933 2066 1000 2120 Et
1046 2082 1214 2132 nunc,
1254 2067 1450 2122 domus
1493 2066 1682 2130 Jacob,
1720 2066 1925 2130 venite,
1973 2079 2082 2119 am-

504 2158 752 2213 bulemus
787 2158 841 2212 in
890 2157 1096 2212 lumine
1141 2158 1378 2215 Domini.
1411 2177 1429 2210 ι
1461 2157 1876 2227 Consequenter
1907 2159 2090 2227 itaque

503 2249 790 2318 propheta,
813 2258 1099 2318 postquam
1124 2250 1364 2316 gentium
1393 2249 1754 2310 vocationem,
1783 2255 1838 2302 et
1863 2245 2088 2302 eil‘usam

504 2341 558 2396 in
601 2354 790 2394 onmes
841 2339 1089 2395 homines
1147 2352 1334 2406 pacem
1393 2339 1702 2404 recensuit,
1755 2353 1912 2393 suum
1961 2351 2089 2404 erga

505 2431 806 2486 familiares
854 2445 984 2486 suos
1033 2430 1309 2484 all'ectum‘
1345 2438 1746 2485 commonstrat
1777 2446 1791 2482 :
1822 2427 2078 2498 p0pulum

504 2538 663 2578 suum
695 2520 1217 2587 commonefaciens,
1253 2529 1314 2576 ut
1369 2519 1570 2574 Christi
1621 2518 1857 2589 gratiam
1909 2517 2088 2572 omni—

504 2615 604 2669 bus
631 2614 881 2682 gentibus
925 2613 1109 2667 datam
1154 2621 1208 2667 et
1259 2611 1438 2665 lumen
1485 2610 1860 2680 evangelicum
1915 2610 2090 2665 susci«

504 2706 668 2775 piat:
713 2719 985 2775 seseque,
1042 2705 1111 2759 ad
1167 2704 1552 2759 concitandum
1610 2702 2090 2772 instigandumque

504 2795 807 2864 populum,
870 2795 1062 2849 iisdem
1127 2793 1473 2857 adnumerat,
1527 2802 1830 2860 auctorque
1887 2803 1972 2847 est
2032 2802 2091 2847 ut

503 2888 676 2942 lucem
713 2887 928 2941 Domini
987 2887 1203 2941 adeant.
1243 2883 1441 2940 Lucem
1485 2900 1648 2955 porro
1673 2884 1885 2939 Domini
1934 2895 2092 2940 vocat

502 2978 676 3047 legem
731 2977 863 3032 Novi
919 2977 1254 3032 Testamenti
1306 2993 1372 3034 ex
1424 2977 1557 3032 Sion
1617 2976 2005 3046 prodeuntem,
2033 2987 2088 3033 et

501 3069 746 3125 salutare
765 3069 1253 3139 evangelicumquc
1281 3068 1533 3122 verbum.

573 3157 740 3214 Vens.
769 3158 823 3213 6.
857 3177 876 3210 ‹
916 3157 1130 3212 Dimisit
1153 3157 1300 3210 enim
1343 3155 1600 3226 populum
1642 3169 1799 3210 suum
1821 3191 1838 3220 ,
1868 3156 2084 3210 domum
2115 3192 2157 3250 ε

503 3248 670 3303 lsrael
719 3263 734 3303 :
789 3249 917 3318 quia
971 3247 1182 3316 repleta
1240 3255 1326 3301 est
1385 3256 1447 3302 ut
1508 3262 1539 3302 a
1601 3246 1872 3317 principio
1940 3255 2085 3301 terra

503 3355 691 3395 eorum
753 3341 1026 3396 vaticiniis
1064 3381 1080 3407 ,
1144 3350 1205 3397 ut
1271 3352 1415 3397 terra
1479 3340 1912 3410 alienigenarum
1960 3356 1976 3398 :
2033 3348 2089 3395 et

503 3432 657 3486 multi
733 3433 825 3487 filii
880 3434 1199 3504 alienigena:
1239 3433 1367 3488 facti
1421 3442 1549 3488 sunt
1590 3433 1693 3488 eis.
1732 3450 1754 3484 ι
1798 3431 1896 3487 1-1ἰο
1933 3433 2086 3502 quasi

504 3521 615 3577 Deo
661 3523 1032 3578 defensionem
1111 3538 1314 3593 parans
1349 3566 1364 3591 ,
1445 3539 1671 3579 causam
1749 3523 1909 3580 aﬂert
1990 3539 2089 3578 cur

501 3628 598 3667 eos
631 3614 898 3668 dimiserit
933 3613 1017 3669 his
1065 3613 1249 3670 verbis
1279 3633 1292 3669 :
1326 3633 1345 3666 ι
1376 3614 1516 3680 Quia
1568 3615 1774 3685 repleta
1826 3621 1931 3678 est,
1970 3625 2028 3668 ut
2057 3630 2086 3668 a

503 3705 790 3774 principio,
841 3711 987 3758 terra
1044 3719 1232 3758 eorum
1281 3705 1579 3771 vaticiniis,
1637 3723 1656 3758 ι
1713 3714 1768 3760 et
1816 3716 2020 3760 caetera
2070 3723 2084 3758 :

504 3796 702 3866 quibus
744 3795 988 3850 declarat
1031 3795 1207 3864 ipsum
1254 3811 1361 3850 non
1417 3795 1538 3851 sine
1583 3809 1753 3851 causa
1801 3811 1899 3851 eos
1930 3797 2088 3850 dimi-

505 3889 664 3942 sisse.

575 3979 740 4034 Vens.
776 3978 889 4035 7-9.
935 3997 950 4030 ι
993 3977 1217 4048 Repleta
1258 3986 1344 4034 est
1391 3978 1535 4031 enim
1581 3987 1728 4033 terra
1769 3993 1958 4034 eorum
2005 3994 2088 4034 ar-

503 4082 666 4139 gento
699 4080 754 4125 et
786 4086 956 4137 auro,
1004 4079 1059 4123 et
1102 4086 1209 4124 ιιοῐι
1253 4079 1371 4125 erat
1406 4083 1668 4124 numerus
1701 4071 2084 4124 thesaurorum

506 4165 755 4218 illorum:
793 4172 848 4217 et
881 4162 1083 4230 repleta
1118 4171 1203 4217 est
1231 4171 1374 4217 terra
1409 4162 1591 4230 equis,
1631 4170 1684 4216 et
1718 4162 2087 4218 innumerabi-

503 4255 581 4308 les
610 4268 803 4307 cnrrus
838 4251 956 4320 ejus
985 4271 998 4306 :
1032 4263 1088 4306 et
1123 4252 1326 4322 repleta
1359 4262 1444 4307 est
1477 4262 1624 4307 terra
1661 4254 2088 4308 abOIIlIIIali0t|I°

503 4345 604 4397 bus
626 4358 850 4411 operum
876 4360 1132 4398 manuum
1155 4360 1344 4400 eorum
1365 4387 1378 4410 ,
1407 4354 1463 4399 et
1485 4345 1851 4399 adoraverunt
1870 4360 1933 4399 ea
1964 4361 2084 4416 qua:

505 4433 753 4488 fecerunt
796 4435 946 4506 digiti
979 4450 1202 4489 eorum:
1244 4444 1302 4489 et
1338 4436 1646 4490 incurvavit
1691 4451 1752 4490 se
1798 4435 1993 4500 homo,
2030 4447 2086 4491 et

2191 1976 2339 2046 ὑμῖν.

2267 2085 2284 2117 ‹
2317 2066 2427 2120 Καὶ
2457 2065 2571 2128 νῦν,
2601 2066 2629 2116 ό
2658 2061 2805 2128 οἶκος
2832 2065 2924 2117 τοῦ
2967 2063 3182 2126 Ἰακὼϐ,
3221 2063 3397 2124 δεῦτε,
3432 2061 3776 2135 πορευθῶμεν

2189 2159 2246 2210 ἐν
2277 2157 2354 2228 τῷ
2377 2159 2515 2226 φωτί
2541 2156 2767 2228 Κυρίου.
2797 2177 2814 2207 ι
2860 2155 3192 2218 Ἀκολούθως
3221 2155 3397 2208 τοίνυν
3424 2159 3452 2208 ό
3477 2156 3774 2226 προφήτης,

2190 2249 2478 2316 διεξελθὼν
2517 2248 2626 2303 τῶν
2666 2247 2834 2300 ἐθνῶν
2878 2248 2978 2317 τὴν
3017 2247 3230 2316 κλῆσιν,
3267 2247 3360 2301 καὶ
3395 2249 3495 2318 τὴν
3534 2246 3776 2316 χυθεῖσαν

2191 2343 2270 2404 εἰς
2304 2340 2511 2402 πάντας
2533 2337 2853 2411 ἀνθρώπους
2886 2339 3129 2409 εἰρήνην,
3164 2337 3261 2409 τήν
3289 2341 3367 2401 εἰς
3388 2341 3517 2402 τοὺς
3555 2340 3776 2401 οἰκείους

2191 2429 2523 2484 ἐνδείκνυται
2545 2427 2944 2498 φιλοστοργίαν,
2976 2427 3309 2498 παρακαλῶν
3338 2429 3427 2480 τὸν
3445 2428 3574 2482 λαὸν
3597 2428 3775 2491 αὑτοῦ,

2192 2519 2553 2584 ὑποδέξασθαι
2576 2519 2673 2588 τὴν
2698 2521 2831 2572 πᾶσι
2856 2522 2968 2582 τοῖς
2990 2519 3166 2571 ἔθνεσι
3181 2518 3520 2588 δωρηθεῖσαν
3541 2517 3634 2570 τοῦ
3661 2519 3779 2589 Χρι-

2193 2609 2320 2663 στοῦ
2347 2611 2526 2680 χάριν,
2561 2609 2652 2662 καὶ
2685 2609 2746 2662 τὸ
2783 2608 2899 2677 φῶς
2930 2609 2992 2662 τὸ
3034 2609 3406 2676 εύαγγελικόν.
3439 2608 3773 2677 Συγκαταλέ-

2191 2720 2276 2771 γει
2302 2703 2359 2755 δέ
2391 2704 2620 2764 ἐκείνοις
2649 2703 2743 2755 καὶ
2770 2701 2982 2765 ἑαυτὸν,
3011 2702 3091 2764 εἰς
3119 2701 3432 2772 προτροπὴν
3463 2703 3560 2754 καὶ
3580 2701 3777 2774 παρόρ-

2195 2811 2361 2866 μησιν
2381 2793 2473 2847 τοῦ
2515 2793 2668 2858 λαοῦ,
2699 2791 3100 2864 παραινετικῶς
3129 2791 3459 2861 παρακαλῶν
3487 2791 3584 2845 τοῦ
3610 2792 3776 2861 φωτὸς

2193 2887 2398 2957 Κυρίου
2433 2886 2861 2957 μεταλαγχάνειν
2880 2903 2892 2915 °
2921 2885 3035 2955 φῶς
3065 2883 3269 2956 Κυρίου
3300 2877 3585 2955 ὀνομάζων
3608 2885 3700 2936 τὸν
3721 2885 3777 2935 ἐκ

2193 2976 2330 3030 Σιὼν
2359 2978 2688 3048 προελθόντα
2708 2978 2871 3047 νόμον
2897 2977 2997 3046 τῆς
3015 2976 3220 3047 Καινῆς
3247 2977 3540 3047 Διαθήκης,
3569 2977 3662 3030 καὶ
3692 2975 3775 3026 τὸν

2192 3070 2461 3140 σωτήριον
2494 3071 2589 3122 καὶ
2619 3069 2971 3137 εύαγγελικὸν
3000 3069 3178 3137 λόγον.

2269 3181 2288 3212 ‹
2313 3161 2507 3231 ’Λνῆκε
2534 3161 2641 3232 γὰρ
2663 3161 2754 3213 τὸν
2774 3160 2898 3212 λαὸν
2921 3161 3106 3225 αὑτοῦ,
3135 3160 3226 3213 τὸν
3249 3157 3395 3214 οἶκον
3436 3161 3675 3232 Ἰσραήλ,
3699 3161 3775 3212 ὄτι

2190 3250 2432 3323 ἐπλήσθη
2468 3251 2542 3313 ὡς
2565 3252 2625 3304 τὸ
2652 3252 2746 3304 ἀπ’
2767 3252 2990 3323 ἀρχῆςή
3014 3252 3164 3324 χώρα
3178 3253 3357 3306 αὐτῶν
3387 3252 3774 3323 κλῃδονισμῶν,

2189 3345 2263 3408 ὡς
2295 3347 2328 3414 ἡ
2359 3343 2468 3396 τῶν
2505 3343 2837 3411 ἀλλοφύλων,
2876 3345 2970 3397 καὶ
3006 3345 3172 3399 τέκνα
3208 3344 3376 3398 πολλά
3419 3345 3694 3415 ἀλλόφυλα
3728 3346 3778 3396 ὲ-

2190 3433 2388 3504 γενήθη
2419 3433 2620 3496 αὐτοῖς.
2650 3453 2668 3484 ι
2703 3433 2801 3486 Διά
2831 3435 2882 3487 τί
2909 3435 2965 3487 δὲ
2994 3435 3155 3488 αὐτὸν
3179 3436 3398 3505 ἀνῆκεν,
3433 3435 3626 3507 ῶσπερ
3647 3437 3775 3489 ἀπο·

2189 3524 2514 3594 λογούμενος
2550 3524 2690 3596 ὑπὲρ
2717 3524 2811 3578 τοῦ
2861 3525 3018 3590 Θεοῦ,
3053 3526 3152 3590 τὰς
3181 3527 3359 3590 αἰτίας
3401 3527 3616 3598 τίθησιν
3652 3527 3774 3594 ἑξῆς

2190 3616 2485 3686 ἐπιφέρων·
2527 3617 2678 3669 «Ὅτι
2701 3617 3006 3690 ἐνεπλήσθη
3039 3621 3072 3690 ή
3105 3619 3256 3690 χώρα
3283 3619 3462 3672 αὐτῶν
3496 3619 3572 3682 ὼς
3598 3619 3658 3671 τὸ
3684 3616 3774 3671 ἀπ’

2191 3707 2364 3778 ἀρχῆς
2394 3706 2789 3778 κλῃδονισμῶν,
2814 3733 2832 3761 ι
2892 3711 2985 3763 καὶ
3011 3711 3078 3764 τὰ
3104 3710 3228 3782 ἑξῆς
3255 3728 3266 3740 ο
3319 3711 3382 3764 δι’
3407 3705 3482 3763 ῶν
3512 3710 3776 3782 παρίστη-

2192 3815 2296 3863 σιν,
2320 3799 2400 3851 ὄτι
2425 3798 2498 3869 μὴ
2531 3799 2740 3867 ἀλόγως
2771 3801 2966 3864 αὐτοὺς
2989 3803 3210 3873 ἀνῆκεν.

2265 3995 2285 4027 ‹
2339 3977 2675 4048 Ἐνεπλήσθη
2727 3979 2903 4049 γάρή
2949 3979 3100 4051 χώρα
3143 3981 3324 4033 αὐτῶν
3377 3983 3643 4054 ἀργυρίου
3685 3981 3774 4034 καὶ

2191 4071 2435 4141 χρυσίου,
2471 4072 2563 4122 καί
2597 4071 2696 4124 οὐκ
2723 4067 2790 4142 ῆν
2828 4072 3061 4142 ἀριθμὸς
3094 4073 3201 4124 τῶν
3237 4074 3528 4146 θησαυρῶν
3562 4074 3768 4129 αὐτῶν·

2190 4163 2284 4213 καὶ
2315 4161 2619 4232 ἐνεπλήσθη
2657 4164 2688 4232 ή
2719 4162 2790 4232 γῆ
2822 4164 3024 4228 ἵππων,
3054 4165 3148 4217 καὶ
3169 4167 3270 4218 οὐκ
3301 4162 3369 4235 ῆν
3405 4167 3636 4238 ἀριθμὸς
3669 4165 3772 4218 τῶν

2191 4253 2452 4324 ἁρμάτων
2490 4254 2702 4307 αὐτῶν
2740 4255 2834 4308 καὶ
2866 4256 3170 4327 ἐνεπλήσθη
3205 4260 3236 4329 ή
3273 4259 3345 4328 γῆ
3390 4259 3770 4328 βδελυγμάτων

2188 4342 2296 4395 τῶν
2354 4342 2529 4413 ἔργων
2571 4343 2679 4396 τῶν
2719 4345 2915 4416 χειρῶν
2966 4347 3176 4411 αὐτῶν,
3230 4351 3323 4402 καὶ
3357 4351 3770 4419 προσεκύνησαν

2189 4429 2270 4498 οἷς
2303 4434 2564 4506 ἐποίησαν
2596 4437 2644 4488 οἰ
2675 4436 2928 4490 δάκτυλοι
2963 4437 3142 4492 αὐτῶν
3163 4456 3176 4469 ·
3209 4441 3301 4492 καὶ
3335 4439 3532 4499 ἔκυψεν
3562 4439 3770 4510 ἄνθρω⁶

504 4524 826 4581 humiliatus
869 4535 955 4580 est
1014 4525 1115 4580 vir.
1162 4545 1181 4578 ι
1240 4526 1478 4593 Eorum,
1531 4541 1926 4596 quormnnam,
1981 4529 2082 4584 nisi

2200 4542 2312 4588 πος,
2355 4526 2449 4578 καὶ
2481 4525 2817 4598 ἐταπεινώθη
2870 4529 3027 4599 ἀνήρ.
3085 4549 3102 4579 ι
3142 4530 3314 4583 Τίνων
3348 4530 3546 4594 αὐτῶν,
3582 4530 3614 4600 ἦ
3666 4527 3771 4580 τῶν

503 4617 931 4686 alienigenarum
958 4617 1320 4672 habitatorum
1347 4619 1438 4688 qui
1473 4621 1841 4674 adoraverunt
1869 4635 1931 4675 ea
1963 4637 2084 4690 qum

504 4706 755 4762 fecerunt
777 4707 929 4777 digiti
960 4709 1185 4763 eorum?
1227 4708 1352 4764 Haec
1377 4725 1540 4779 porro
1567 4713 1750 4768 omnia
1786 4722 1981 4783 gentes
2011 4715 2085 4769 si-

503 4797 764 4868 gnificant
803 4799 1158 4871 alienigenas,
1195 4817 1317 4872 qua:
1364 4804 1418 4858 in
1461 4802 1767 4859 Jerusalem
1811 4814 1868 4860 ct
1902 4807 1954 4859 in
1985 4805 2082 4860 Ju-

506 4891 618 4942 dma
645 4889 972 4946 habitatura:
1003 4901 1181 4948 erant.
1229 4894 1360 4960 Qua:
1402 4905 1524 4965 post
1567 4895 1871 4951 Salvatoris
1910 4896 2080 4952 nostri

504 4981 819 5046 adventum,
843 4989 897 5036 et
923 4990 1043 5050 post
1065 4983 1323 5038 emissam
1346 4983 1518 5039 lucem
1543 4984 1937 5055 evangelicam,
1960 4999 2081 5054 qua

509 5068 834 5124 illuminavit
887 5084 1078 5126 omnes
1139 5083 1374 5142 gentes,
1425 5074 1693 5143 completa
1742 5085 1906 5130 sunt:
1953 5075 2079 5144 quia

507 5161 830 5230 prophetam
882 5177 987 5217 non
1031 5165 1340 5229 audierunt,
1393 5179 1454 5220 se
1508 5165 1582 5220 ita
1637 5166 2075 5235 compellantem,

510 5269 529 5300 ι
573 5253 782 5320 Venite,
819 5255 1162 5312 ambulemus
1199 5257 1252 5311 in
1286 5257 1494 5313 lumine
1531 5258 1769 5314 Domini.
1811 5277 1830 5310 ι

573 5433 738 5491 Vens.
777 5436 959 5491 10-12.
994 5457 1013 5490 ι
1049 5438 1115 5494 Et
1142 5454 1246 5495 non
1276 5439 1544 5494 dimittam
1575 5455 1709 5496 eos:
1743 5448 1799 5494 et
1843 5439 2080 5510 ingredi-

503 5527 634 5580 mini
671 5528 723 5580 in
779 5539 983 5596 petras,
1031 5541 1084 5587 ct
1124 5533 1523 5589 abscondimini
1558 5534 1610 5587 in
1668 5543 1808 5588 terra
1859 5547 1887 5585 a
1943 5531 2082 5585 facie

507 5617 719 5672 timoris
751 5618 959 5674 Domini
992 5631 1046 5676 et
1091 5637 1120 5676 a
1156 5623 1328 5694 gloria
1362 5624 1705 5700 fortitudinis
1736 5622 1856 5693 ejus
1891 5640 1904 5677 :
1958 5636 2079 5678 cum

579 5762 621 5791 "
644 5759 796 5816 Joan.
828 5778 936 5827 xw,
964 5764 1053 5818 27.

2191 4617 2502 4686 ἀλλοφύλων
2536 4619 2832 4690 οἰκητόρων
2865 4620 2914 4672 οἳ
2949 4622 3044 4673 καὶ
3079 4622 3492 4692 προσεκύνησαν
3519 4618 3600 4684 οἷς
3629 4618 3769 4673 ἐποί-

2191 4723 2331 4777 ησαν
2364 4709 2411 4760 oi
2445 4707 2698 4761 δάκτυλοι
2751 4709 2960 4773 αὐτῶν;
3011 4709 3198 4762 Ταῦτα
3238 4712 3414 4764 πάντα
3461 4705 3769 4781 σημαντικά

2190 4799 2446 4867 τυγχάνει
2490 4797 2799 4866 ἀλλοφύλων
2838 4799 3026 4860 ἐθνῶν,
3063 4801 3362 4869 μελλόντων
3399 4805 3567 4854 οἰκεῖν
3603 4800 3767 4869 αύτήν

2192 4897 2250 4940 τε
2284 4887 2380 4958 τὴν
2418 4887 2774 4959 Ἰερουσαλὴμ
2819 4891 2914 4942 καὶ
2941 4890 3037 4960 τὴν
3083 4891 3340 4944 Ἰουδαίαν
3373 4892 3573 4963 χώραν.
3617 4894 3680 4942 Ἀ
3704 4887 3765 4958 δὴ

2193 4979 2495 5049 ἐπληροῦτο
2539 4980 2678 5050 μετά
2712 4980 2810 5050 τὴν
2845 4980 2938 5033 τοῦ
2972 4982 3224 5053 Σωτῆρος
3252 4984 3408 5054 ἡμῶν
3449 4986 3764 5056 παρουσίαν,

2191 5071 2286 5122 καὶ
2323 5070 2460 5138 μετά
2492 5070 2584 5122 τὸν
2625 5070 2781 5138 λόγον
2812 5074 2904 5125 τὸν
2950 5075 3260 5142 φωτίσαντα
3295 5075 3471 5128 πάντα
3503 5075 3571 5128 τὰ
3604 5073 3726 5140 ἔθνη
3749 5086 3762 5100 ⁶

2190 5163 2376 5234 ἐπειδὴ
2417 5164 2492 5234 μὴ
2537 5164 2855 5233 ὑπήκουσαν
2887 5166 2980 5218 τοῦ
3031 5166 3360 5237 κεκληκότος
3403 5168 3599 5229 αὐτοὺς
3633 5179 3765 5232 προ-

2191 5255 2389 5324 φήτου·
2425 5273 2443 5305 ι
2489 5255 2651 5308 Δεῦτε
2701 5257 2794 5308 καὶ
2842 5256 3196 5327 πορευθῶμεν
3240 5260 3296 5310 ἐν
3348 5257 3426 5328 τῷ
3469 5259 3608 5328 φωτὶ
3656 5257 3763 5308 Κυ-

2196 5347 2331 5416 ρίου.
2369 5366 2387 5398 ι

2273 5457 2289 5488 ι
2328 5439 2436 5492 Καὶ
2468 5439 2530 5490 ού
2563 5439 2638 5510 μὴ
2677 5440 2863 5511 ἀνήσω
2905 5441 3135 5505 αὐτοὺς,
3167 5444 3260 5496 καί
3292 5443 3660 5496 συνεισέλθετε
3688 5440 3764 5499 εἰς

2189 5527 2288 5591 τὰς
2324 5529 2548 5600 πέτρας,
2581 5531 2677 5583 καὶ
2710 5529 3016 5601 κρύπτεσθε
3047 5535 3127 5596 εἰς
3157 5534 3256 5604 τὴν
3285 5535 3386 5604 γῆν
3415 5536 3522 5587 ἀπὸ
3552 5528 3762 5602 προσώ·

2193 5637 2293 5672 που
2326 5621 2420 5674 τοῦ
2447 5621 2610 5690 φόὸου
2643 5625 2870 5694 Κυρίου,
2903 5626 2995 5678 καὶ
3024 5627 3130 5679 ἀπὸ
3155 5627 3252 5696 τῆς
3279 5626 3436 5697 δόξης
3465 5629 3562 5698 τῆς
3589 5621 3762 5694 ἰσχύος
