3968 6536
232 389 318 445 llis

1171 370 1669 433 OOMMENTARIA
1713 370 1777 426 IN
1818 369 2079 427 ISAIAM.
2116 404 2184 414 -
2220 368 2377 429 CAP.
2420 357 2490 427 n.’

3368 376 3470 430 106

230 481 391 546 αὐτοῦ,
420 480 550 532 ὅταν
572 476 777 547 ἀναστῇ
804 470 1035 546 θραῦσαι
1068 474 1168 545 τὴν
1211 474 1335 543 γῆν.
1375 472 1437 524 Oi
1469 470 1576 542 γὰρ
1599 470 1793 538 ὀφθαλ-

1916 472 2201 524 ιυηθιθνὶι
2238 472 2303 523 ad
2332 471 2716 525 conterendam
2750 478 2973 528 terram.
3007 470 3140 526 Nam
3174 472 3317 527 oculi
3363 474 3469 527 Do-

229 572 306 643 μοὶ
333 567 530 640 Κυρίου
558 565 770 635 ὑψηλοὶ,
799 567 828 617 ό
854 563 909 615 δὲ
943 562 1227 635 ἄνθρωπος
1254 562 1530 624 ταπεινός.
1565 561 1671 613 Καὶ
1695 574 1792 612 τα-

227 658 597 729 πεινωθήσεται
629 656 692 709 τὸ
724 654 856 725 ῦψος
887 652 995 707 τῶν
1023 652 1348 725 ἀνθρώπων,
1374 652 1469 705 καὶ
1503 651 1789 722 ὑψωθήσε-

224 772 298 808 ται
331 752 532 823 Κύριος
577 749 735 820 μόνος
782 750 838 800 ὲν
867 750 935 819 τῇ
979 746 1164 819 ἡμέρᾳ
1192 747 1408 817 ἐκείνῃ·
1461 744 1643 817 ἡμέρα
1682 744 1791 815 γὰρ

226 846 405 917 Κυρίου
434 840 663 898 Σαϐαὼθ
692 842 785 895 ἐπὶ
814 840 988 893 πάντα
1012 840 1274 911 ὑϐριστὴν
1298 839 1392 891 καὶ
1415 838 1787 909 ὑπερήφανον,

224 940 304 992 καὶ
334 938 421 989 ἐπὶ
456 936 633 989 πάντα
666 933 867 1005 ὑψηλὸν
917 932 1011 984 καὶ
1048 932 1353 1003 μετέωρον,
1390 931 1484 984 καὶ
1524 947 1793 982 ταπεινω-

226 1034 485 1104 θήσονται·
533 1051 550 1082 ι
586 1032 723 1101 ὅπερ
756 1026 993 1099 ἡγοῦμαι
1024 1028 1150 1099 περὶ
1180 1026 1281 1096 τῆς
1311 1025 1522 1097 ἡμέρας
1547 1024 1645 1096 τῆς
1674 1025 1792 1097 κρι..

226 1140 343 1186 σεως
371 1120 659 1189 λέγεσθαισ
692 1119 773 1173 διὸ
802 1120 861 1172 οὑ
897 1118 1025 1189 περὶ
1060 1116 1234 1189 μόνων
1275 1114 1541 1169 Ἰουδαίων
1566 1117 1595 1168 ό
1636 1114 1792 1183 λόγος

223 1214 280 1266 τὰ
305 1215 543 1286 παρόντα
572 1211 839 1276 θεσπίζει,
871 1210 1173 1273 καθολικῶς
1201 1209 1258 1262 δὲ
1286 1211 1414 1280 περὶ
1444 1208 1657 1261 πάντων
1684 1208 1793 1260 τῶν

224 1306 416 1358 τοιῶνδε
453 1304 781 1377 ἀνθρώπων.
819 1304 1210 1375 Προαναφωνεῖ
1246 1302 1426 1355 τοίνυν
1474 1301 1793 1373 καθαίρεσιν

222 1398 419 1453 ξσεσθαι
450 1399 551 1469 τῆς
590 1401 649 1451 ὲν
693 1394 1002 1467 ἀνθρώποις
1034 1394 1475 1466 είδωλολατρείας
1495 1411 1508 1423 ·
1550 1394 1708 1464 μόνον
1739 1394 1795 1447 δὲ

221 1491 357 1563 παρὰ
394 1495 509 1555 τοῖς
557 1492 722 1544 πᾶσιν
765 1488 1075 1561 ἀνθρώποις
1120 1485 1384 1557 ὑψοῦσθαι
1432 1486 1525 1540 τὸν
1568 1487 1792 1559 Κύριον,

222 1584 404 1646 παντὸς
444 1582 744 1653 ὑψώματος
788 1580 1153 1652 ἐπαιρομένου
1194 1578 1335 1632 κατά
1388 1579 1488 1649 τῆς
1543 1578 1797 1647 γνώσεως

221 1677 302 1731 τοῦ
332 1676 461 1731 Θεοῦ
483 1717 498 1741 ,
528 1676 981 1746 ταπεινουμένου.

287 1792 304 1823 ι
336 1772 442 1824 Καὶ
475 1772 573 1824 ἐπὶ
602 1772 785 1823 πᾶσαν
814 1767 1003 1839 κέδρον
1036 1766 1129 1819 τοῦ
1168 1764 1400 1818 Λιϐάνου
1426 1763 1533 1816 τῶν
1576 1761 1795 1834 ὑψηλῶν

1895 565 2029 618 mini
2066 565 2347 629 sublimes,
2382 565 2544 619 homo
2572 574 2753 619 autem
2785 567 3025 622 humilis.
3056 566 3123 621 Et
3156 569 3470 623 humiliabi-

1895 665 1983 710 tur
2022 655 2252 709 altitudo
2283 655 2588 720 hominum,
2625 665 2682 711 et
2709 657 3049 712 exaltabitur
3087 658 3347 715 Dominus
3383 678 3475 715 so-

1892 748 1976 802 lus
2014 749 2070 801 in
2107 748 2194 802 die
2229 747 2354 801 illa:
2400 750 2517 803 dies
2564 749 2709 803 enim
2762 749 2977 804 Domini
3012 750 3255 806 Sabaoth
3305 769 3472 823 super

1890 855 2107 896 omnem
2139 840 2595 896 contumeliosum
2629 848 2685 896 et
2713 842 3027 910 superbum,
3070 852 3124 896 et
3161 858 3325 913 super
3354 862 3473 900 om.

1895 949 2019 988 nem
2064 934 2339 989 excelsum
2379 943 2436 988 et
2475 931 2800 1000 sublimem,
2853 943 2907 988 et
2949 922 3404 990 humiliabuntur.
3447 956 3466 987 ›

1893 1025 2025 1093 Qua:
2049 1035 2183 1095 puto
2211 1026 2278 1079 de
2304 1026 2392 1080 die
2419 1025 2610 1095 judicii
2634 1026 2849 1095 prolata
2881 1027 3068 1083 fuisse.
3102 1028 3472 1096 Quamobrem

1895 1134 2002 1173 non
2046 1113 2114 1174 de
2160 1117 2364 1174 Judzeis
2400 1127 2609 1174 tantum
2643 1120 2759 1176 haec
2814 1121 3168 1183 vaticinatur,
3216 1122 3309 1175 sed
3347 1122 3475 1175 uni-

1894 1212 2097 1266 versim
2130 1213 2195 1267 de
2220 1213 2477 1268 omnibus
2507 1214 2814 1283 bujusmodi
2850 1213 3181 1269 hominibus.
3214 1213 3476 1267 Praznun-

1898 1303 1997 1356 tiat
2052 1303 2237 1373 itaque
2286 1306 2637 1359 evertendam
2675 1320 2796 1360 esse
2832 1305 2973 1376 apud
3005 1305 3257 1361 homines
3301 1305 3474 1360 idolo-

1898 1394 2134 1461 latriam,
2171 1396 2458 1467 solumque
2492 1397 2545 1452 in
2582 1398 2893 1453 hominibus
2921 1397 3270 1453 exaltandum
3301 1396 3477 1452 Domi-

1900 1502 2025 1539 num
2057 1502 2197 1551 esse,
2247 1490 2502 1557 depressa
2527 1489 2671 1541 omni
2722 1474 2916 1544 contra
2969 1489 3063 1544 Dei
3113 1490 3478 1560 cognitionem

1898 1579 2217 1650 insurgente
2248 1581 2593 1636 celsitudine.

1975 1764 2141 1822 Vens.
2172 1766 2364 1822 13—17.
2405 1786 2425 1818 ι
2454 1766 2521 1821 Et
2542 1782 2704 1837 super
2721 1782 2911 1823 omnes
2939 1768 3132 1824 cedros
3159 1768 3353 1824 Libani
3387 1784 3483 1823 ex-

222 1863 305 1918 καὶ
334 1861 657 1934 μετεώρων,
692 1861 786 1913 καὶ
824 1859 915 1913 ἐπὶ
947 1859 1054 1912 πᾶν
1086 1855 1300 1929 δένδρον
1334 1856 1558 1927 βαλάνου
1589 1855 1790 1917 Βασάν,

1916 1862 2082 1917 celsas
2116 1870 2172 1914 et
2204 1860 2487 1925 sublimes,
2518 1871 2575 1915 et
2620 1876 2784 1931 super
2817 1876 3035 1916 omnem
3074 1876 3335 1932 quercum
3377 1861 3483 1915 Da-

222 1957 303 2008 καὶ
349 1956 437 2008 ἐπὶ
482 1956 594 2008 πᾶν
641 1951 839 2023 ὑψηλὸν
884 1950 1029 2023 ὅρος,
1083 1950 1178 2004 καὶ
1230 1949 1324 2001 ἐπὶ
1374 1948 1553 2001 πάντα
1607 1947 1793 2017 βουνὸν

225 2047 424 2119 ὑψηλὸν,
454 2047 555 2100 καὶ
594 2045 687 2098 ἐπὶ
726 2043 903 2097 πάντα
938 2042 1147 2114 πύργον
1176 2040 1399 2111 ὑψηλὸν,
1430 2038 1525 2092 καὶ
1561 2038 1653 2091 ἐπὶ
1686 2040 1797 2091 πᾶν

223 2145 379 2211 τεῖχος
429 2139 662 2210 ὑψηλὸν,
711 2139 807 2193 καὶ
854 2138 947 2191 ἐπὶ
979 2138 1087 2190 πᾶν
1138 2135 1322 2188 πλοῖον
1368 2130 1663 2199 θαλάσσης,
1702 2130 1797 2184 καὶ

225 2234 303 2285 ἐπὶ
334 2234 510 2285 πᾶσαν
558 2230 687 2284 θέαν
723 2229 922 2282 πλοίων
955 2227 1217 2291 κάλλους·
1254 2224 1347 2279 καὶ
1389 2222 1796 2293 ταπεινωθήσε-

223 2345 300 2379 ται
332 2328 432 2389 πᾶς
463 2325 778 2396 ἄνθρωπος,
826 2322 921 2376 καὶ
960 2325 1206 2375 πεσεῖται
1252 2318 1410 2391 ῦϐρις
1445 2318 1555 2371 τῶν
1587 2314 1798 2388 ἀνθρώ-

224 2434 344 2469 πων.
389 2435 407 2466 ι
456 2413 743 2467 Ἐπιϐαλῶ
772 2415 857 2466 ἐπ’
890 2413 1088 2475 αὑτοὺς
1121 2410 1181 2463 τὸ
1213 2409 1425 2462 δίκτυόν
1463 2424 1589 2478 μου,
1621 2405 1801 2469 καθὼς

224 2508 281 2560 τὰ
308 2505 526 2559 πετεινά
559 2504 651 2558 τοῦ
679 2499 911 2576 ούρανοῦ
943 2501 1160 2566 κατάξω
1192 2500 1407 2564 αὐτούς.
1439 2497 1592 2569 Τάχα
1620 2498 1677 2551 δὲ
1709 2498 1803 2550 καὶ

224 2600 350 2652 κατά
385 2598 481 2669 τὴν
534 2595 999 2669 προσδοκωμένην
1046 2594 1139 2647 τοῦ
1188 2594 1395 2666 Κυρίου
1444 2592 1659 2665 ἡμέραν
1703 2591 1805 2661 τῆς

225 2688 460 2760 κρίσεως,
482 2688 591 2758 τὴν
617 2685 729 2738 τῶν
755 2684 1011 2737 τοιούτων
1037 2684 1256 2737 πάντων
1282 2683 1558 2736 ἀπώλειαν
1585 2681 1805 2735 ἔσεσθαι

226 2776 551 2849 «poematis:
570 2790 588 2807 ‘
616 2769 717 2829 ὧδέ
748 2792 863 2836 πως
906 2773 1250 2845 αἰνιξάμενος
1278 2771 1807 2841 ὲπικεκαλυμμένως

226 2873 336 2935 τοὺς
355 2868 698 2942 κρατοῦντας
718 2867 812 2921 τοῦ
835 2866 1029 2930 αἰῶνος
1044 2864 1256 2929 τούτου,
1272 2866 1367 2917 καὶ
1393 2864 1462 2917 τὰ
1483 2862 1615 2934 ὑψη,
1632 2863 1727 2916 καὶ
1742 2862 1809 2915 τὰ

226 2962 513 3033 ἀξιώματα,
532 2960 636 3025 τάς
651 2978 711 3012 τε
725 2959 897 3035 ἀρχάς
913 2959 1006 3012 καὶ
1021 2958 1119 3021 τὰς
1135 2955 1402 3021 ἐξουσίας,
1417 2956 1509 3010 καὶ
1524 2956 1649 3018 τοὺς
1661 2958 1716 3008 ἐν
1733 2954 1811 3025 τῷ

230 3053 317 3126 βίῳ
337 3053 798 3127 κοσμοκράτορας
822 3052 947 3115 τοὺς
977 3048 1068 3103 τὸν
1096 3048 1229 3103 Θεὸν
1263 3048 1338 3121 μὴ
1360 3046 1761 3118 ὲπεγνωκότας.

1901 1968 2026 2017 san,
2065 1963 2121 2007 et
2150 1968 2318 2022 super
2344 1968 2562 2008 omnem
2601 1965 2842 2009 montem
2885 1953 3185 2021 excelsum,
3223 1964 3278 2009 et
3320 1970 3483 2024 super

1902 2061 2125 2101 omnem
2163 2046 2360 2101 collem
2388 2047 2688 2116 excelsum,
2726 2058 2781 2102 et
2814 2063 2981 2117 super
3024 2063 3243 2103 omnem
3288 2049 3487 2101 turrim

1903 2137 2213 2205 sublimem,
2242 2148 2299 2193 et
2347 2154 2512 2210 super
2553 2154 2778 2195 omnem
2818 2154 3033 2194 murum
3082 2140 3397 2204 excelsum,
3431 2152 3486 2194 et

1904 2246 2067 2299 super
2114 2246 2332 2286 omnem
2387 2246 2581 2287 navem
2638 2231 2852 2298 maris,
2925 2242 2983 2288 Θῐ
3040 2247 3209 2303 super
3268 2248 3486 2288 omnem

1906 2334 2185 2392 aspectum
2226 2324 2641 2394 pulchritudinis
2686 2326 2904 2379 navium
2945 2337 2963 2378 :
3011 2333 3068 2379 et
3113 2324 3488 2379 bumiliabitur

1906 2414 2087 2469 omnis
2119 2415 2304 2479 homo,
2344 2427 2399 2468 et
2436 2416 2597 2470 cadet
2627 2414 2858 2470 altitudo
2888 2414 3149 2470 virorum.
3186 2432 3206 2466 ι
3242 2413 3489 2484 lnjiciam

1905 2506 1961 2561 in
2002 2521 2097 2561 eos
2140 2517 2256 2562 rete
2286 2522 2490 2571 meum,
2536 2508 2791 2577 ipsosque
2838 2508 3014 2562 instar
3049 2506 3328 2560 volucrum
3363 2506 3492 2559 coeli

1908 2600 2213 2654 detraham.
2247 2600 2504 2655 Fortasse
2532 2617 2665 2657 vero
2694 2602 2938 2656 omnium
2967 2602 3266 2673 perniciem
3300 2601 3356 2655 in
3398 2598 3493 2654 illa

1910 2701 2222 2761 ex5pectata
2288 2694 2502 2748 Domini
2552 2694 2641 2748 die
2702 2694 2820 2750 fore
2878 2696 3237 2760 vaticinatur,
3296 2695 3493 2764 bisque

1910 2784 2142 2839 obscure
2179 2784 2495 2841 subindicat
2537 2788 2812 2856 principes
2858 2788 3021 2856 hujus
3065 2788 3289 2854 saeculi,
3330 2786 3495 2842 celsi-

1912 2873 2150 2939 tudines,
2182 2874 2495 2942 dignitates,
2530 2875 2872 2946 principatus
2921 2886 2977 2931 et
3024 2886 3351 2948 potestates,
3385 2877 3495 2930 hu-

1908 2966 2104 3037 jusque
2145 2969 2331 3023 mundi
2368 2980 2649 3034 rectores,
2697 2969 2789 3040 qui
2826 2969 2996 3025 Deum
3040 2985 3148 3025 non
3199 2978 3492 3026 noverunt.

295 3165 311 3197 ι
369 3147 475 3199 Καὶ
528 3143 883 3214 ὑψωθήσεται
934 3139 1139 3213 Κύριος
1192 3138 1352 3211 μόνος
1400 3141 1458 3192 ὲν
1505 3140 1571 3209 τῇ
1626 3137 1808 3210 ἡμέρᾳ

1988 3151 2151 3208 Vsns.
2193 3152 2282 3217 18,
2303 3153 2390 3210 19.
2427 3171 2448 3206 ι
2482 3152 2552 3208 Et
2582 3152 2915 3208 exaltabitur
2945 3153 3209 3208 Dominus
3243 3152 3392 3207 solus
3438 3151 3495 3206 in

228 3238 414 3312 ἐκείνῃ,
461 3237 565 3294 καὶ
608 3235 678 3289 τὰ
712 3235 1068 3307 χειροποίητα
1121 3234 1298 3287 πάντα
1343 3230 1805 3303 κατακρύψουσιν,

229 3333 632 3400 εἰσενέγκαντες
663 3330 743 3388 εἰς
790 3326 859 3379 τὰ
908 3327 1143 3398 σπήλαια
1188 3325 1282 3378 καὶ¹
1316 3326 1396 3388 είς
1437 3323 1535 3387 τὰς
1572 3322 1810 3393 σχισμὰς

228 3425 323 3478 τῶν
345 3423 590 3496 πετρῶν,
609 3422 704 3475 καὶ
724 3423 803 3485 εἰς
832 3421 930 3484 τὰς
946 3419 1196 3492 τρώγλας
1214 3418 1315 3488 τῆς
1339 3417 1464 3489 γῆς,
1497 3416 1607 3469 ἀπὸ
1637 3432 1809 3488 προσ-

227 3516 364 3569 ὠπου
404 3516 499 3570 τοῦ
588 3515 755 3585 φόϐου
792 3514 1022 3583 Κυρίου,
1055 3512 1150 3566 καὶ
1198 3510 1307 3564 ἀπὸ
1348 3511 1447 3580 τῆς
1495 3508 1656 3580 δόξης
1712 3507 1813 3578 τῆς

235 3611 398 3681 ἰσχύος
430 3608 632 3672 αὑτοῦ,
667 3608 794 3661 ὅταν
821 3608 1026 3677 ἀναστῇ
1053 3602 1286 3673 θραῦσαι
1310 3600 1409 3671 τὴν
1437 3600 1559 3670 γῆν.
1592 3619 1611 3652 ι
1652 3596 1814 3651 Ἀλλά

231 3708 313 3759 καὶ
347 3709 393 3759 οἱ
431 3703 681 3767 ἀσεϐεῖς,
722 3702 821 3773 τῆς
851 3699 946 3754 τοῦ
977 3699 1184 3771 Κυρίου
1229 3694 1530 3764 ἐπιστάσης
1569 3692 1807 3764 ἡμέρας,

230 3799 315 3862 τὰς
340 3798 496 3863 δόξας
527 3795 732 3858 αὐτῶν,
760 3796 825 3858 ἀς
856 3792 997 3864 εἶχον
1026 3792 1290 3864 πρότερον
1324 3791 1381 3841 ὲν
1407 3790 1473 3859 τῇ
1503 3786 1650 3858 ψυχῇ
1684 3784 1814 3855 περὶ

231 3893 318 3962 ’τῆς
364 3890 636 3947 πολυθέου
681 3888 911 3960 πλάνης,
950 3882 1398 3956 κατακρύψουσιν
1428 3882 1485 3932 ὲν
1517 3882 1638 3942 ταῖς
1669 3878 1816 3949 διερ-

237 3987 482 4055 ρωγυίαις
514 3982 700 4038 αὑτῶν
727 3980 1009 4043 διανοίαις,
1043 3975 1332 4031 ὲκϐαλοῦσί
1374 3990 1433 4027 τε
1464 3973 1556 4026 καὶ
1580 3970 1815 4042 ἀπορρί-

233 4078 379 4146 ψουσι
414 4076 513 4132 τοῦ
570 4075 782 4129 ἑαυτῶν
815 4072 1080 4144 λογισμοῦ
1130 4071 1307 4123 πᾶσαν
1347 4069 1444 4140 τὴν
1476 4066 1647 4137 ψευδῆ
1687 4065 1816 4136 περὶ

234 4169 329 4222 τῶν
358 4170 600 4223 εἰδώλων
641 4165 925 4238 ὑπόληψιν.

302 4280 318 4310 ι
352 4262 430 4332 Τῇ
459 4260 579 4331 γὰρ
606 4257 789 4330 ἡμέρα
816 4256 1003 4329 ἐκείνῃ
1043 4254 1261 4309 ἐκϐαλεῖ
1286 4252 1572 4323 ἅνθρωπος
1606 4250 1675 4303 τὰ
1704 4249 1818 4319 βδε-

236 4350 473 4423 λύγματα
506 4350 682 4406 αὑτοῦ
718 4349 785 4404 τὰ
813 4350 1032 4422 ἀργυρᾶ
1070 4348 1165 4401 καὶ
1192 4347 1261 4400 τά
1306 4347 1501 4418 χρυσᾶ,
1530 4344 1565 4398 ἃ.
1596 4343 1818 4413 εποίησε

239 4447 557 4513 προσκυνεῖν
610 4441 723 4506 τοῖς
778 4441 1025 4512 ματαίοις
1067 4440 1160 4495 καὶ
1209 4440 1331 4501 ταῖς
1381 4436 1683 4506 νυκτερίσι,
1722 4434 1816 4487 τοῦ

1914 3244 2002 3300 die
2038 3246 2147 3311 illa,
2192 3257 2247 3301 et
2273 3246 2454 3300 omnia
2484 3246 2796 3299 manufacta
2843 3244 3212 3308 abscondent,
3259 3243 3500 3299 inferen-

1914 3348 1997 3394 tes
2042 3339 2096 3393 in
2137 3338 2429 3409 speluncas
2478 3347 2535 3393 et
2575 3338 2629 3391 in
2669 3337 2944 3393 scissuras
2992 3348 3305 3406 petrarum,
3339 3346 3395 3392 et
3441 3337 3498 3391 ln

1913 3432 2183 3487 foramina
2227 3441 2410 3496 terrae,
2444 3447 2475 3486 a
2520 3432 2657 3487 facie
2700 3432 2910 3487 timoris
2946 3432 3192 3496 Domini,
3229 3441 3283 3485 et
3323 3446 3354 3484 a
3387 3429 3501 3500 glo-

1915 3522 1995 3577 ria
2028 3523 2251 3579 virtutis
2284 3523 2446 3593 ejus:
2483 3540 2607 3579 cum
2644 3525 2954 3580 surrexerit
2989 3525 3057 3579 ad
3090 3524 3499 3594 percutiendum

1917 3621 2139 3667 terram.
2182 3633 2203 3667 ι
2256 3613 2396 3681 Quin
2442 3617 2605 3669 etiam
2660 3616 2845 3685 impii,
2894 3615 3219 3671 adveniente
3284 3613 3501 3667 Domini

1917 3708 2025 3773 die,
2061 3709 2346 3779 opiniones
2380 3725 2531 3773 suas,
2564 3725 2704 3779 quas
2733 3711 2877 3765 circa
2919 3709 3244 3781 pluralitatis
3274 3709 3501 3763 deorum

1916 3817 2163 3859 errorem
2202 3813 2384 3857 mente
2413 3803 2563 3872 prius
2606 3803 2904 3866 tenebant,
2949 3801 3003 3856 in
3054 3798 3299 3854 discissis
3328 3808 3384 3853 et
3422 3797 3504 3853 di-

1920 3896 2096 3966 ruptis
2143 3895 2420 3950 mentibus
2465 3895 2577 3949 suis
2630 3893 3020 3959 occultabunt,
3073 3902 3240 3961 atque
3282 3904 3501 3945 omnem

1920 3987 2232 4042 mendacem
2268 3987 2336 4042 de
2380 3986 2540 4042 idolis
2570 3986 2880 4057 opinionem
2924 3985 3291 4040 eliminabunt
3323 3992 3378 4037 et
3407 3982 3503 4035 ab-

1913 4079 2113 4148 jicient
2151 4095 2217 4134 ex
2250 4079 2584 4149 cogitatione
2613 4094 2733 4133 stta.

1978 4252 2141 4308 Vsus.
2166 4253 2362 4307 20-22.
2387 4272 2406 4305 ι
2432 4252 2567 4307 Nam
2597 4253 2651 4307 in
2670 4252 2759 4308 die
2782 4252 2872 4307 illa
2900 4252 3082 4321 ejiciet
3106 4251 3272 4305 homo
3298 4249 3507 4304 abomi-

1923 4348 2172 4401 nationes
2224 4360 2352 4403 suas
2399 4357 2689 4419 argenteas
2729 4357 2784 4401 et
2822 4360 3040 4410 aureas,
3066 4358 3205 4414 quas
3256 4342 3406 4407 fecit,
3447 4350 3510 4394 ut

1923 4440 2183 4495 adoraret
2212 4455 2351 4495 vana
2383 4451 2440 4495 et
2481 4440 2927 4510 vespertiliones,
2963 4448 3023 4493 ut
3071 4436 3407 4513 ingrediatur
3455 4436 3507 4490 in

242 4536 489 4590 εἰσελθεῖν
525 4538 609 4598 είς
650 4534 749 4597 τὰς
784 4531 1037 4605 τρώγλας
1068 4530 1168 4602 τῆς
1221 4530 1447 4603 στερεᾶς
1481 4526 1688 4599 πέτρας
1725 4525 1808 4579 καῖ

1928 4533 2192 4589 foramina
2235 4534 2383 4589 dura:
2424 4544 2590 4605 petrae
2621 4542 2677 4588 et
2712 4534 2984 4587 scissuras
3016 4540 3321 4601 petrarum,
3353 4544 3381 4582 a
3426 4526 3507 4581 fa-

242 4629 328 4692 τᾶς
358 4628 600 4700 σχισμάς
638 4625 748 4679 τῶν
778 4624 993 4697 πετρῶν
1030 4624 1139 4678 ἀπὸ
1176 4621 1469 4695 προσώπου
1510 4619 1605 4673 τοῦ
1656 4617 1822 4688 φόϐου

243 4718 435 4787 Κυρίου
475 4721 573 4772 καὶ
603 4717 712 4772 ἀπὸ
760 4718 859 4789 τῆς
900 4716 1059 4787 δόξης
1102 4715 1203 4786 τῆς
1243 4714 1423 4785 ἰσχύος
1468 4711 1656 4774 αὑτοῦ,
1698 4711 1824 4763 ὅταν

244 4815 436 4887 ἀναστῇ
492 4812 732 4887 θραῦσαι
782 4813 883 4883 τὴν
925 4812 1049 4883 γῆν.
1101 4830 1117 4862 ι
1170 4806 1675 4879 Είδωλολατρούσης
1725 4805 1825 4875 τῆς

254 4910 627 4980 Ἰερουσαλὴμ,
678 4906 876 4977 μᾶλλον
921 4905 978 4957 δὲ
1025 4904 1244 4973 ἀπάσης
1284 4901 1687 4972 πεπυρωμένης
1727 4897 1827 4966 τῆς

260 5006 524 5068 Ἰουδαίας,
558 5003 840 5071 κατεχεῖτο
877 4999 1075 5070 τρόπον
1101 4995 1222 5048 τινὰ
1248 4994 1347 5063 τῆς
1383 4992 1640 5054 Ἰουδαίας
1663 4994 1692 5045 ό
1720 4992 1827 5043 Βα-

247 5097 515 5150 ϐυλωνίων
556 5094 794 5163 πόλεμος
814 5110 825 5121 ο
860 5091 932 5156 οἳ,
964 5090 1146 5142 πᾶσαν
1187 5084 1664 5158 καταδῃώσαντες,
1696 5084 1830 5136 ἀπε-

246 5192 460 5245 κτόνασι
512 5188 609 5259 μὲν
654 5188 780 5248 τοὺς
820 5182 1325 5252 κατειλημμένουςο
1380 5178 1577 5247 γύναια
1629 5176 1685 5228 δὲ
1736 5176 1831 5227 καὶ

248 5283 433 5344 παῖδας
481 5279 831 5348 ἀπεκόμισαν
869 5276 949 5338 είς
993 5274 1092 5345 τὴν
1128 5270 1337 5324 ἑαυτῶν
1378 5270 1502 5341 γῆν.
1546 5266 1691 5337 Πλὴν
1733 5266 1833 5336 τῆς

250 5374 429 5441 ὲςοόδου
456 5369 991 5444 προαπηγγελμένης
1019 5366 1114 5419 καὶ
1147 5362 1446 5436 μελλούσης
1478 5360 1721 5422 ἔσεσθαι,
1755 5375 1833 5413 το-

253 5467 432 5519 σοῦτον
464 5471 577 5529 τοῖς
609 5462 882 5523 Ἰουδαίοις
914 5458 1107 5527 γέγονε
1136 5457 1323 5527 δεῖμα,
1356 5456 1451 5507 καὶ
1482 5451 1722 5521 ἀγωνίας
1753 5451 1835 5511 εἰς

232 5550 402 5612 Ιτοῦτο
438 5556 822 5617 πεπτώκασιν,
859 5553 934 5615 ὡς
986 5552 1043 5603 ὲν
1089 5550 1377 5620 σπηλαίοις
1424 5547 1517 5600 καὶ
1560 5547 1683 5607 ταῖς
1727 5542 1837 5596 τῶν

230 5620 387 5721 ιὀρῶν
428 5652 677 5721 ῥωγμαῖς
711 5642 1219 5719 κατακρύπτεσθαι,
1248 5642 1341 5695 καὶ⁸
1375 5640 1576 5699 τόπους
1603 5634 1838 5699 ἀϐάτους

258 5744 713 5813 καταλαμϐάνειν,
738 5741 955 5811 ἀπάσης
979 5739 1158 5792 αὑτῶν
1181 5736 1476 5804 ἀτονούσης
1498 5731 1676 5803 χειρὸς
1703 5730 1838 5799 πρὸς

259 5837 349 5895 τὴν
384 5834 493 5887 τῶν
534 5833 794 5885 ἐπιόντων
829 5828 1165 5883 ἀντίστασιν.

497 5926 764 5986 Panos.
802 5923 919 5985 Gn.
958 5921 1188 5983 XXIV.

1926 4627 2010 4683 cie
2060 4627 2272 4682 timoris
2317 4627 2531 4681 Domini
2586 4635 2643 4680 et
2687 4641 2717 4679 a
2767 4625 2938 4695 gloria
2986 4622 3324 4678 fortitudinis
3369 4620 3509 4691 ejus,

1928 4736 2051 4775 cum
2082 4722 2385 4775 surrexerit
2419 4720 2488 4773 ad
2516 4722 2906 4773 conterendam
2938 4726 3168 4771 terram.
3206 4734 3225 4768 ι
3258 4716 3393 4769 Dum
3420 4710 3513 4767 Je-

1930 4813 2167 4866 rusalem
2203 4812 2343 4865 idola
2374 4812 2612 4873 coleret,
2646 4809 2754 4863 imo
2788 4809 2971 4878 potius
3008 4822 3131 4861 cum
3179 4815 3290 4861 tota
3323 4804 3511 4859 Iudaea

1932 4910 2345 4973 incenderetur,
2386 4906 2438 4959 in
2467 4904 2652 4959 Iudaea
2693 4903 2947 4958 dilinsum
2990 4900 3394 4972 quodammodo
3428 4907 3515 4950 est

1932 5000 2353 5072 Babyloniorum
2386 4997 2584 5051 bellum
2612 5015 2626 5050 :
2658 4996 2775 5065 qui,
2806 4996 2894 5049 illa
2922 4994 3139 5063 penitus
3170 4998 3402 5052 vaStata,
3429 5001 3515 5041 ca-

1932 5108 2057 5168 ptos
2095 5095 2241 5148 viros
2283 5092 2714 5153 interiecerunt;
2760 5089 3019 5143 mulieres
3051 5099 3180 5139 vero
3219 5094 3274 5136 et
3317 5095 3515 5150 pueros

1936 5191 1989 5244 in
2020 5199 2223 5243 terram
2260 5202 2413 5241 suam
2463 5183 2877 5238 transtulerunt.
2919 5179 3191 5234 Caeterum
3230 5186 3351 5227 cum
3391 5171 3519 5224 talis

1936 5279 2171 5350 irruptio
2219 5276 2585 5348 praenuntiata
2628 5272 2819 5327 fuisset
2852 5281 2908 5327 et
2947 5271 3125 5322 futura
3158 5272 3322 5327 esset,
3366 5271 3517 5317 tanto

1936 5371 2105 5426 ,ἰυόωί
2140 5381 2286 5426 metu
2323 5367 2602 5439 perterriti
2642 5374 2788 5427 sunt,
2820 5374 2876 5417 et
2919 5362 2972 5415 in
3007 5368 3186 5412 tantas
3242 5353 3522 5425 angustias

1940 5464 2170 5528 redacti,
2226 5473 2279 5516 ut
2324 5463 2375 5515 in
2418 5459 2690 5531 speluncis
2746 5465 2803 5508 et
2857 5455 2912 5507 in
2957 5450 3217 5505 montium
3262 5445 3520 5502 scissuris

1940 5573 2061 5613 sese
2096 5554 2458 5619 occultarent,
2500 5562 2555 5607 et
2586 5550 2729 5604 invia
2766 5548 2883 5601 loca
2922 5551 3197 5613 peterent,
3246 5556 3370 5596 cum
3409 5551 3522 5591 ma-

1943 5666 2045 5705 nus
2094 5665 2281 5705 eorum
2327 5648 2392 5701 ad
2443 5644 2818 5700 obsistendum
2864 5637 3246 5695 invadentibus
3296 5644 3523 5705 prorsus

1944 5740 2148 5796 debiles
2170 5748 2371 5793 essent.

3182 5893 3221 5952 Ιι-
