3968 6556
539 422 640 476 ΗΠ

1147 554 1374 610 CAPUT
1410 555 1498 610 ΙΙΙ.

613 651 775 708 Vnus.
822 647 941 704 1-2.
975 664 995 698 ι
1031 644 1170 700 Ecce
1215 643 1475 699 Dominus
1528 641 1770 697 Sabaoth
1827 638 2038 694 auferet
2079 652 2110 692 a

537 744 719 797 Judma
749 749 804 796 et
837 755 868 794 a
902 737 1229 802 Jerusalem,
1273 737 1557 792 robustum
1587 743 1641 790 et
1681 733 1993 797 robustam,
2031 745 2112 785 ro-

537 837 640 888 bur
669 833 822 904 panis
849 840 907 887 et
940 830 1108 886 robur
1153 843 1330 899 aquae,
1375 828 1649 899 gigantem
1701 836 1754 880 et
1800 826 1993 880 fortem
2032 823 2112 878 vi-

535 939 682 985 rum,
751 921 1070 976 bellatorem
1139 929 1193 976 et
1241 917 1502 987 judicent,
1557 925 1612 972 et
1656 916 2015 986 prophetam,
2056 923 2112 969 et

535 1012 791 1078 ariolum,
831 1022 884 1066 et
915 1027 1124 1069 senem.
1158 1030 1177 1064 ι
1214 1011 1272 1066 ld
1305 1025 1468 1080 porro
1499 1009 1775 1080 continget
1825 997 1959 1072 illis,
2001 1021 2109 1061 non

534 1103 604 1158 ob
634 1104 1021 1168 idololatriam,
1047 1119 1148 1158 nec
1177 1103 1246 1157 ob
1279 1102 1388 1157 alia
1424 1101 1670 1173 quaedam
1705 1099 1980 1164 facinora;
2017 1098 2110 1152 sed

534 1197 605 1251 ob
633 1196 806 1250 solum
848 1197 1133 1252 consilium
1167 1211 1293 1252 vere
1333 1196 1581 1267 impium,
1621 1194 1889 1251 nefarium
1917 1201 1973 1247 et
2017 1193 2112 1246 im-

536 1287 768 1358 probum
825 1298 1016 1345 contra
1080 1289 1371 1344 Dominum
1440 1289 1657 1343 initum.
1725 1286 2111 1344 Animadverte

537 1379 702 1450 igitur
748 1395 856 1449 quo
897 1387 1056 1449 pacto
1109 1389 1232 1449 post
1287 1378 1408 1434 illas
1454 1392 1646 1434 omnes
1685 1379 1946 1433 adversus
1990 1377 2111 1432 illos

532 1473 832 1528 intentatas
873 1471 1070 1536 minas,
1104 1471 1188 1527 his
1232 1471 1411 1526 verbis
1439 1468 1638 1525 inferat
1669 1487 1684 1523 :

603 1580 625 1616 ε
648 1563 932 1618 Peccatum
960 1575 1139 1618 autem
1169 1579 1380 1626 eorum,
1414 1564 1568 1632 quasi
1602 1563 1982 1629 Sodomorum,
2007 1578 2109 1618 an-

529 1659 979 1715 nuntiaveruntet
995 1659 1426 1718 declaraverunt.
1441 1660 1532 1716 Va?
1546 1659 1738 1715 animze
1753 1674 1962 1727 eorum,
1980 1660 2109 1731 quia

528 1752 767 1807 inierunt
795 1752 1085 1807 consilium
1121 1751 1318 1806 malum
1338 1761 1524 1806 contra
1561 1753 1789 1822 seipsos,
1823 1751 2106 1808 dicentes:

1214 409 1480 471 EUSEBII
1517 398 1995 468 CESARIENSlS
2032 400 2181 464 ΟΡΡ.
2225 399 2404 465 PARS
2444 408 2530 465 ΙΙΙ.
2571 405 2653 450 -’
2680 405 3092 465 EXEGETICA.

2138 533 2190 589 Δ

3686 413 3773 470 {08

2765 547 3159 602 ΚΕΦΑΛΑΙΟΝ
3197 546 3268 598 Γθ.
3706 618 3710 621 ι

2290 660 2308 690 ε
2354 641 2483 693 Ἰδοὺ
2515 640 2580 712 δὴ
2607 643 2635 694 ὁ
2671 640 2939 709 δεσπότης
2968 639 3172 710 Κύριος
3211 634 3439 693 Σαϐαὼθ
3476 637 3657 710 ἀφελεῖ
3679 641 3774 698 ἀπὸ

2213 729 2315 800 τῆς
2371 729 2631 793 Ἰουδαίας
2684 730 2780 784 καί
2823 731 2932 784 ἀπὸ
2987 730 3364 803 Ἰερουσαλὴμ,
3408 729 3652 800 ἰσχύοντα
3691 735 3776 788 καὶ

2217 819 2504 892 ἰσχύουσαν
2529 862 2543 887 ,
2583 824 2736 893 ἰσχὺν
2765 823 2931 894 ἄρτου
2970 822 3063 875 καὶ
3112 823 3263 892 ἰσχὺν
3294 821 3520 890 ὓδατος,
3562 823 3775 894 γίγαντα

2216 914 2310 968 καὶ
2339 911 2588 986 ἰσχύοντα
2609 913 2913 987 ἄνθρωπον,
2939 914 3269 986 πολεμιστὴν
3289 914 3383 969 καὶ
3398 915 3668 987 δικαστὴν,
3692 920 3775 972 καὶ

2193 1009 2525 1080 προφήτην,
2549 1009 2642 1061 καὶ
2667 1008 2990 1080 στοχαστὴν,
3024 1009 3118 1062 καί¹
3153 1007 3542 1081 πρεσϐύτερον.
3581 1028 3598 1062 ι
3621 1010 3775 1065 Τοῦτο

2213 1101 2270 1153 δὲ
2302 1101 2637 1172 συμϐήσεται
2661 1095 2863 1167 αὐτοῖς,
2887 1099 3009 1154 οὗτε
3029 1100 3094 1154 δι’
3121 1101 3576 1172 εἰδωλολατρείαν,
3593 1094 3774 1156 ούτεδι⁹

2214 1185 2406 1264 ἑτέρας
2449 1191 2677 1264 πράξεις
2716 1193 2896 1257 τινάς·
2945 1193 3034 1247 διὰ
3077 1192 3245 1266 μόνην
3289 1194 3347 1247 δὲ
3390 1190 3582 1265 βουλὴν
3633 1194 3776 1249 ἄθεον

2213 1282 2449 1354 ἀληθῶς,
2486 1283 2579 1336 καὶ
2619 1283 2813 1354 ἀσεϐῆ,
2850 1282 2945 1336 καὶ
2983 1284 3245 1355 πονηρὰν,
3273 1280 3370 1355 τὴν
3396 1282 3534 1337 κατὰ
3564 1284 3652 1339 τοῦ
3685 1288 3779 1340 Κυ-

2217 1377 2351 1445 ρίου.
2393 1375 2502 1430 Θέα
2540 1374 2672 1446 γοῦν
2711 1378 2859 1442 ὅπως
2897 1378 3034 1450 μετά
3082 1374 3264 1443 πάσας
3301 1377 3399 1441 τὰς
3451 1374 3571 1430 κατ’
3615 1378 3779 1433 αὐτῶν

2213 1467 2441 1533 ἀπειλὰς
2471 1470 2666 1539 ἐπάγει
2693 1470 2866 1540 λέγων
2886 1487 2899 1501 ·

2288 1578 2306 1612 ‹
2341 1561 2451 1632 Τὴν
2474 1554 2532 1614 δὲ
2559 1563 2832 1635 ἁμαρτίαν
2861 1561 3040 1617 αὐτῶν
3069 1562 3145 1627 ὡς
3175 1561 3424 1635 Σοδόμων
3457 1563 3780 1636 ἀπήγγειλαν

2211 1652 2306 1705 καὶ
2351 1653 2693 1722 ἐνεφάνισαν.
2745 1651 2881 1707 Οὐαὶ
2917 1656 2982 1726 τῇ
3027 1653 3172 1725 ψυχῇ
3221 1653 3424 1720 αὐτῶν,
3482 1655 3563 1709 ὅτι
3610 1653 3781 1726 βεϐού-

2209 1744 2423 1800 λευνται
2469 1749 2665 1820 βουλὴν
2717 1749 2956 1821 πονηρὰν
2993 1751 3113 1804 καθ’
3161 1751 3373 1805 ἑαυτῶν
3421 1751 3683 1818 εἰπόντες,
3708 1752 3780 1806 ὅτι

524 1843 820 1913 Alligemus
872 1844 1102 1915 justum,
1143 1845 1269 1914 quia
1319 1843 1554 1901 diﬂicilis
1596 1844 1752 1899 nobis
1781 1854 1884 1899 est.
1924 1863 1944 1896 ι
1980 1843 2095 1900 Haec

2210 1839 2474 1910 Δήσωμεν
2503 1839 2595 1893 τὸν
2621 1839 2851 1904 δίκαιον,
2879 1841 3311 1916 ὂτιδύσχρηστος
3340 1844 3474 1916 ἡμῖν
3499 1847 3632 1898 ἐστι.
3669 1864 3686 1896 ι
3716 1843 3781 1897 Τὸ

524 1935 722 2006 quippe
741 1950 904 1990 causa
923 1935 1190 1991 minarum
1213 1937 1455 1991 omnium
1480 1945 1614 1989 erat.
1635 1934 1772 1990 llinc
1795 1949 1956 2005 porro
1982 1934 2101 1990 sine

524 2027 898 2083 controversia
947 2027 1165 2098 probari
1219 2028 1430 2082 aestimo
1471 2027 1585 2082 haec
1632 2035 1757 2096 post
1804 2025 2101 2082 Salvatoris

521 2123 815 2176 adventum
853 2122 1014 2177 tinent
1055 2122 1354 2192 accepisse.
1388 2119 1691 2176 Confertim
1735 2135 1863 2190 ergo
1907 2129 1963 2175 et
1992 2136 2102 2175 una

522 2213 822 2268 secundum
867 2214 1245 2282 prophetiam,
1287 2212 1469 2267 omnia
1521 2211 1590 2268 ab
1639 2209 1938 2266 Jerusalem
1971 2220 2027 2266 et
2070 2225 2100 2265 a

518 2304 703 2360 Iudaea
739 2304 1060 2362 defecerunt
1094 2315 1150 2362 et
1195 2305 1374 2360 ablata
1424 2315 1584 2372 sunt,
1622 2320 1731 2360 non
1772 2304 1906 2370 alio,
1938 2320 2099 2374 quam

518 2406 856 2453 structarum
889 2408 1079 2454 contra
1110 2398 1456 2453 Salvatorem
1497 2406 1746 2452 nostrum
1781 2395 2100 2450 insidiarum

520 2501 787 2560 tempore.
830 2491 908 2546 Ac
943 2491 1121 2560 primo
1149 2489 1314 2546 ablati
1375 2498 1506 2545 sunt
1559 2490 1813 2545 robustus
1844 2499 1899 2543 ct
1935 2487 2101 2543 robu-

515 2587 626 2647 sta,
663 2581 803 2648 sive,
837 2582 1136 2636 secundum
1189 2581 1461 2648 Aquilam,
1510 2599 1532 2632 ι
1583 2579 1815 2635 fulcrum
1847 2587 1902 2634 et
1946 2579 2102 2636 fulci-

515 2681 760 2728 mentum
781 2713 796 2736 ,
838 2692 856 2725 ι
892 2673 998 2737 vel,
1023 2674 1315 2727 secundum
1347 2672 1758 2744 Symmachum,
1781 2689 1802 2722 ‹
1837 2681 2101 2726 sustenta-

512 2763 696 2821 culum
713 2777 766 2822 et
789 2767 1128 2822 sustentatio.
1144 2785 1164 2819 ι
1185 2765 1338 2834 Quod
1364 2765 1628 2837 intelligas
1649 2765 1947 2821 secundum
1977 2780 2102 2835 apo-

513 2861 764 2916 stolicum
802 2875 1132 2923 sermonem,
1159 2859 1248 2929 qui
1281 2858 1530 2914 homines
1555 2867 1742 2914 sancta
1784 2858 1896 2912 vita
1940 2871 2106 2912 exor-

515 2959 698 3016 natos,
715 2949 999 3005 columnas
1023 2958 1079 3004 et
1105 2948 1508 3003 firmamentum
1531 2945 1764 3000 vocavit.
1786 2941 1852 2997 Et
1877 2943 2096 3014 quidem

513 3041 681 3094 etiam
715 3023 857 3110 apud
884 3042 1130 3110 priscum
1164 3027 1596 3108 illun'tpopnlum
1655 3035 1879 3106 quidam
1915 3045 2094 3100 erant,

512 3126 604 3194 qui
642 3141 738 3195 pro
770 3126 934 3180 totius
961 3127 1136 3195 gentis
1159 3125 1528 3180 sustentaculo
1573 3125 1767 3180 haberi
1799 3133 2050 3196 poterant
2076 3144 2089 3180 :

2207 1930 2316 2003 γὰρ
2338 1932 2509 1986 αἴτιον
2538 1933 2647 1986 τῶν
2667 1933 3079 2006 ἀπειλουμένων
3105 1935 3360 1991 ἁπάντων
3389 1937 3547 1991 τοῦτο
3570 1933 3655 2008 ἦν.
3681 1937 3781 1992 Καὶ

2204 2025 2268 2076 ὲκ
2314 2023 2520 2078 τούτων
2586 2026 2644 2079 δὲ
2686 2025 3105 2098 ἀναμφιλέκτως
3147 2025 3302 2100 οἶμαι
3345 2029 3690 2084 συνίστασθαι
3727 2027 3782 2080 τὸ

2207 2115 2344 2186 μετά
2377 2117 2474 2188 τὴν
2511 2119 2780 2190 σωτήριον
2813 2120 3120 2191 παρουσίαν
3149 2120 3323 2175 ταῦτα
3353 2119 3542 2183 τέλους
3570 2130 3782 2188 τετυχη-

2205 2206 2376 2261 κέναι.
2421 2209 2657 2281 Ἀθρόως
2698 2205 2793 2264 οὖν
2833 2210 3045 2278 ἐξέλιπε
3081 2213 3176 2265 καὶ
3222 2213 3474 2286 ἀφῃρέθη
3518 2209 3655 2265 κατὰ
3690 2208 3781 2279 τὴν

2204 2301 2561 2371 προφητείαν,
2611 2303 2721 2356 ἀπό
2768 2321 2827 2357 τε
2874 2303 2974 2374 τῆς
3032 2299 3387 2376 Ἰερουσαλὴμ
3414 2304 3509 2357 καὶ
3550 2301 3654 2354 ἀπὸ
3689 2295 3781 2368 τῆς

2216 2391 2494 2455 Ἰουδαίας,
2538 2392 2676 2462 ὁμοῦ
2711 2393 2779 2446 τὰ
2820 2393 3019 2457 πάντα,
3059 2393 3159 2446 οὐκ
3203 2388 3392 2448 ἄλλοτε
3437 2391 3471 2465 ἦ
3511 2391 3652 2446 κατά
3689 2388 3781 2462 τὴν

2200 2481 2295 2536 τοῦ
2326 2484 2575 2557 Σωτῆρος
2601 2487 2633 2557 ἠ
2642 2485 2757 2556 μῶν
2786 2485 3100 2557 ἐπιϐουλήν.
3125 2484 3236 2539 Καὶ
3270 2485 3486 2558 πρῶτον
3516 2479 3783 2556 ἀφῃρέθη·-

2205 2591 2303 2629 σαν
2357 2577 2610 2647 ἰσχύοντα
2653 2577 2746 2630 καὶ
2792 2569 3117 2648 ἰσχύουσαν·
3156 2577 3189 2649 ἢ
3224 2578 3365 2631 κατά
3398 2575 3490 2631 τὸν
3539 2574 3780 2637 Ἀκύλαν,

2207 2685 2226 2719 ι
2284 2667 2518 2740 ἔρεισμα
2550 2670 2642 2723 καὶ
2691 2671 2976 2742 ἐρεισμόν·
3019 2689 3036 2721 ι
3085 2670 3117 2742 ἦ
3163 2669 3302 2723 κατά
3337 2669 3432 2725 τὸν
3475 2663 3780 2739 Σύμμαχον,

2163 2807 2165 2809 .
2207 2779 2225 2811 ι
2260 2762 2537 2833 στήριγμα
2562 2763 2654 2815 καὶ
2685 2763 3004 2834 στηριγμόν.
3043 2781 3061 2815 ι
3093 2763 3268 2833 Ὅπερ
3294 2764 3511 2834 νοήσεις
3541 2759 3678 2813 κατὰ
3700 2750 3782 2811 τὸν

2201 2854 2555 2908 ἀποστολικδν
2583 2854 2758 2923 λόγον,
2793 2853 2852 2918 ὃς
2879 2855 3007 2918 τοὺς
3038 2853 3138 2926 βίῳ
3161 2852 3234 2924 τῷ
3259 2853 3399 2907 κατὰ
3423 2846 3556 2906 Θεὸν
3580 2848 3780 2921 ἐμπρέ-

2202 2963 2402 3010 ποντας
2437 2947 2660 3011 στύλους
2695 2964 2754 3000 τε
2798 2947 2891 3000 καί⁹
2933 2944 3212 3019 ἑδραίωμα
3245 2945 3516 3017 ὠνόμασε.
3565 2943 3781 3002 Πάντως

2199 3037 2256 3090 δέ
2286 3055 2385 3090 που
2419 3039 2512 3092 καὶ
2553 3037 2703 3109 παρὰ
2724 3037 2801 3108 τῷ
2834 3037 3085 3109 προτέρῳ
3113 3035 3226 3106 λαῷ
3255 3024 3394 3107 ἦσαν
3427 3050 3572 3096 τινες
3601 3029 3781 3097 ῶσπερ

2200 3128 2550 3201 ὲδραιώματα
2582 3129 2675 3182 τοῦ
2711 3130 2911 3194 παντὸς
2944 3130 3122 3184 αὐτῶν
3155 3122 3374 3193 ἔθνους,
3417 3125 3513 3192 οὒς
3551 3123 3778 3197 ἀρθήσε-

512 3231 651 3284 quos
694 3218 759 3270 de
801 3217 976 3272 medio
1019 3233 1207 3272 eorum
1241 3217 1512 3272 tollendos
1543 3231 1665 3273 esse
1701 3218 2086 3273 comminatur.

2202 3221 2322 3275 σθαι
2352 3223 2446 3274 ἀπ’
2482 3221 2659 3274 αὐτῶν
2691 3223 2719 3273 ὁ
2747 3222 2906 3289 λόγος
2932 3222 3161 3275 ἀπειλεῖ.

471 3377 473 3380 ι
589 3331 608 3364 ι
659 3313 842 3368 Robur
873 3313 1030 3382 panis
1059 3321 1112 3368 et
1162 3314 1332 3368 robur
1372 3328 1545 3385 aquae.
1599 3333 1618 3368 ι
1670 3312 1796 3369 Haec
1823 3329 1956 3369 vero
1992 3313 2098 3385 spi-

511 3405 695 3461 rituali
727 3421 877 3461 more
906 3405 1204 3473 accipiens.
1235 3407 1491 3462 advertas
1519 3408 1700 3472 velim,
1734 3422 1836 3462 non
1873 3422 2092 3477 panem,

509 3513 619 3561 non
663 3513 859 3566 aquam
897 3496 1249 3551 auferendam
1299 3513 1419 3552 esse
1466 3499 1594 3564 dici,
1652 3500 1748 3554 sed
1793 3499 1960 3554 robur
2005 3517 2095 3571 pa-

510 3584 596 3642 nis
643 3597 698 3641 et
752 3588 918 3642 robur
977 3583 1165 3656 aqum;
1218 3587 1363 3658 quod
1422 3601 1490 3641 ex
1537 3587 1760 3645 alterius
1809 3593 2093 3659 praphctze

509 3677 694 3733 verbis
749 3677 1053 3746 intelligas:
1121 3696 1140 3730 ‹
1185 3676 1352 3742 Ecce,
1417 3677 1620 3748 inquit,
1676 3679 1791 3735 dies
1840 3683 2086 3748 veniunt,

505 3769 640 3824 dicit
676 3770 967 3835 Dominus,
1016 3780 1071 3824 et
1123 3771 1332 3824 mittam
1367 3770 1577 3825 famem
1631 3787 1795 3841 super
1855 3783 2086 3840 terram;

511 3878 622 3917 non
667 3860 863 3917 famem
913 3864 1068 3933 panis
1097 3902 1113 3928 ,
1171 3877 1273 3918 nec
1314 3864 1460 3919 sitim
1508 3881 1695 3934 aquae;
1744 3867 1838 3922 sed
1890 3866 2088 3924 famem

502 3956 765 4010 audiendi
794 3955 1018 4011 verbum
1057 3956 1267 4011 Domini
1297 3957 1361 4012 ¹³.
1398 3977 1418 4011 ι
1451 3957 1544 4013 Est
1576 3960 1738 4028 igitur
1778 3961 1972 4014 anima:
2002 3976 2092 4032 pa-

507 4047 614 4115 nis,
649 4061 827 4103 sermo
859 4050 1134 4120 quispiam
1178 4049 1362 4106 alendi
1412 4051 1462 4104 vi
1498 4051 1790 4121 praeditus;
1823 4053 2093 4107 similiter-

503 4152 612 4206 que
639 4147 800 4207 potus
841 4139 1217 4196 rationabilis:
1253 4156 1487 4212 quorum
1524 4143 1626 4197 etsi
1664 4141 1835 4199 ,ιιιᾶωί
1875 4160 1931 4199 se
1971 4161 2090 4215 par-

507 4229 699 4300 ticipes
725 4246 846 4287 esse
883 4241 1103 4303 putent,
1150 4236 1280 4289 dum
1314 4233 1527 4289 divinas
1577 4233 1886 4305 Scripturas
1919 4246 2090 4291 trans-

505 4331 758 4385 currunt,
799 4333 855 4376 et
897 4325 1041 4379 circa
1085 4326 1431 4394 disciplinam
1469 4329 1975 4399 promissionesqne
2003 4346 2088 4385 ca-

508 4426 626 4465 rum
670 4413 910 4468 studiose
956 4427 1284 4470 versantur:
1329 4429 1386 4470 at.
1424 4419 1590 4473 robur
1627 4420 1925 4475 nutrientis
1965 4434 2086 4475 ser-

505 4505 721 4570 monis,
759 4507 1095 4577 vivilicmque
1131 4519 1291 4564 terra:
1336 4511 1650 4568 alimentmn
1677 4556 1692 4580 ,
1749 4531 1906 4569 nemo
1944 4519 2083 4586 apud

2277 3331 2297 3366 ε
2345 3313 2519 3385 ’ἰσχὺν
2563 3313 2728 3385 ἄρτου
2777 3313 2872 3367 καὶ
2920 3313 3072 3384 ἰσχὺν
3115 3309 3326 3377 ὓδατος.
3386 3331 3407 3366 ›
3458 3307 3682 3381 Νοητῶς
3727 3300 3778 3356 δὲ

2197 3406 2674 3478 ὲκλαμϐανόμενος
2698 3407 2892 3470 ταῦτα,
2918 3408 3040 3479 ὅρα,
3069 3407 3149 3460 ὅτι
3169 3406 3267 3460 οὐκ
3289 3407 3474 3478 ἄρτον,
3492 3394 3776 3467 ούτε,ὕδωρ

2195 3495 2348 3554 εἶπεν
2384 3499 2600 3570 ἀφελεῖν
2623 3540 2635 3560 ,
2681 3500 2796 3553 ἀλλ’
2836 3500 2989 3570 ἰσχὺν
3029 3498 3196 3571 ἄρτου
3234 3499 3328 3552 καὶ
3365 3497 3520 3568 ἰσχὺν
3561 3493 3776 3550 ὓδατοςο

2195 3593 2331 3666 ὅπερ
2355 3594 2569 3665 νοήσεις
2593 3594 2685 3662 ἀφ’
2717 3593 2904 3664 ἑτέρου
2938 3594 3215 3664 προφήτου
3245 3593 3520 3663 φήσαντος
3539 3604 3552 3616 ο
3591 3604 3608 3636 ι
3657 3579 3778 3634 Ἰδοὺ

2193 3687 2398 3758 ἡμέραι
2433 3687 2700 3756 ἔρχονται,
2730 3686 2878 3755 λέγει
2909 3685 3111 3756 Κύριος
3133 3726 3146 3749 ,
3182 3686 3274 3738 καὶ
3304 3680 3592 3738 ἀποστελῶ
3629 3671 3780 3744 λιμὸν

2195 3780 2286 3833 ἐπὶ
2323 3780 2420 3849 τὴν
2463 3777 2596 3849 γῆν·
2644 3778 2705 3830 ού
2749 3776 2903 3848 λιμὸν
2941 3778 3123 3848 ἄρτου,
3184 3776 3300 3830 οὐδὲ
3355 3771 3516 3844 δίψαν
3558 3769 3776 3849 ὓδατος.

2199 3869 2334 3924 ἀλλά
2362 3842 2532 3940 λιμέν’
2551 3867 2642 3920 τοῦ
2680 3842 2909 3921 ἀκούσαι
2947 3842 3102 3934 λύγον
3132 3865 3358 3936 Κυρίου.
3401 3842 3432 3916 ι.
3467 3859 3653 3915 Ἔστιν
3691 3842 3779 3905 οὖν

2192 3959 2373 4032 ψυχῆς
2402 3961 2564 4032 ἄρτος
2596 3959 2886 4033 θρεπτικός
2930 3975 3014 4021 τις
3040 3956 3195 4025 λόγος
3222 3995 3234 4018 ,
3281 3957 3376 4010 καὶ
3410 3950 3576 4010 ποτὸν
3608 3943 3778 4001 ὡσαύ-

2191 4071 2298 4118 τως
2339 4051 2587 4121 λογικόν·
2639 4045 2714 4104 ὧν
2761 4051 2808 4104 εἰ
2864 4049 2958 4102 καὶ
3007 4046 3284 4118 νομίζουσι
3339 4037 3777 4118 μεταλαμϐάνειν

2207 4141 2475 4196 Ἰουδαίων
2509 4140 2714 4204 παῖδες,
2750 4142 2807 4193 ἐν
2838 4137 2915 4210 τῷ
2943 4137 3043 4202 τὰς
3088 4137 3238 4201 θείας
3277 4133 3594 4210 διέρχεσθαι
3643 4126 3777 4197 Γρα-

2193 4233 2319 4304 φάς,
2349 4233 2446 4287 xa‘t
2475 4233 2606 4306 περί
2635 4231 2736 4295 τὰς
2762 4229 3097 4302 ἐκμαθήσεις
3120 4229 3212 4282 καὶ
3237 4227 3573 4298 ἐπαγγελίας
3603 4213 3776 4306 αὐτῶν

2193 4325 2534 4397 φιλοκαλεῖν·
2563 4323 2700 4378 ἀλλὰ
2732 4323 2830 4394 τὴν
2867 4322 2942 4395 (6)
2981 4321 3134 4403 ἰσχὺν
3173 4321 3280 4374 τῶν
3327 4314 3642 4393 θρεπτικῶν
3695 4305 3776 4403 λεξ-

2191 4436 2322 4489 γων,
2352 4418 2454 4471 καὶ
2484 4417 2545 4472 τὸ
2587 4416 2877 4490 Θρεπτικδν
2907 4415 3007 4486 τῆς
3039 4397 3303 4478 ζωοποιθῦ
3335 4417 3443 4486 γῆς
3473 4411 3574 4465 οὐκ
3602 4405 3668 4459 ἂν
3699 4397 3775 4495 εὖί

2195 4529 2305 4584 ροις
2341 4513 2469 4583 παρ’
2511 4512 2713 4574 αὐτοῖς.
2761 4511 2960 4580 ’Ἄρτου
2989 4507 3165 4561 τοίνυν
3201 4507 3360 4561 πάλιν
3386 4507 3490 4561 ούκ
3519 4495 3776 4564 meum

506 4610 650 4664 Ipsos
703 4599 956 4666 reperiat.
1005 4599 1204 4655 Panem
1267 4617 1396 4672 ergo
1450 4606 1704 4660 sensilem
1769 4609 2080 4679 neutiquam

2202 4607 2556 4678 μνημονεύει·
2600 4604 2715 4658 ἀλλ’
2749 4604 2870 4657 οὐδὲ
2921 4602 3126 4656 ὑδάτων
3173 4601 3282 4655 τῶν
3325 4603 3382 4654 ὲν
3440 4589 3773 4679 καταχρήσξξ

505 4701 800 4759 memorat;
840 4708 937 4748 nec
981 4709 1153 4764 aquas
1197 4697 1385 4750 itidem
1429 4715 1548 4766 qua:
1585 4700 1694 4755 triti
1736 4715 1798 4756 ac
1842 4718 2085 4756 commu-

505 4783 587 4838 nis
613 4785 725 4839 sint
758 4801 918 4854 usus;
953 4790 1047 4842 sed
1084 4789 1232 4844 illum
1270 4793 1451 4859 potius
1484 4809 1713 4862 panem,
1753 4796 1819 4849 de
1859 4812 1966 4865 quo
2004 4798 2082 4851 ait

491 4876 670 4930 David
705 4893 720 4930 :
756 4896 775 4929 ι
810 4877 1012 4934 Panem
1047 4881 1170 4934 caeli
1206 4883 1353 4936 dedit
1387 4884 1490 4946 eis,
1536 4902 1729 4955 panem
1764 4889 2081 4958 angelorum

502 4973 847 5026 manducavit
872 4974 1035 5028 homo
1061 4974 1158 5027 ιδ.»
1194 4974 1374 5042 Aquas
1404 4977 1530 5030 item
1565 4979 1739 5045 ipsum
1772 4981 2094 5035 meminisse.

498 5064 730 5118 dicimus
779 5065 1128 5133 spirituales,
1184 5069 1253 5122 de
1316 5069 1513 5137 quibus
1573 5070 1741 5124 Isaias
1804 5074 2066 5140 propheta

497 5154 626 5209 Ilibi
659 5155 705 5189 "
737 5157 865 5212 talia
900 5158 1072 5212 fatur:
1113 5178 1132 5212 ι
1170 5160 1244 5214 Ει
1276 5161 1529 5215 haurient
1563 5178 1759 5230 aquam
1801 5179 1921 5217 cum
1948 5180 2081 5233 gau-

495 5248 579 5300 tlio
625 5249 692 5304 de
724 5248 972 5307 fontibus
1001 5250 1308 5310 Salutaris:
1353 5273 1372 5306 ι
1406 5256 1534 5324 quin
1566 5265 1620 5309 et
1648 5255 1760 5324 ipse
1793 5255 2076 5310 Salvator:

491 5354 510 5386 ι
565 5335 757 5393 Omnis
785 5341 875 5410 qui
909 5343 1045 5397 bibit
1070 5358 1138 5398 cx
1177 5344 1279 5398 hac
1319 5358 1480 5413 aqua,
1529 5344 1678 5399 sitiet
1714 5345 1948 5412 iterum;
1989 5345 2080 5415 qui

491 5442 628 5485 vero
664 5430 862 5487 biberit
915 5449 984 5488 ex
1034 5449 1213 5506 aqua,
1264 5450 1426 5505 quam
1465 5450 1564 5507 ego
1599 5437 1738 5492 dabo
1771 5439 1843 5504 ei,
1883 5437 1976 5493 ﬁet
2025 5439 2080 5494 in

491 5533 552 5574 eo
599 5519 722 5578 fons
760 5537 914 5593 aqua:
944 5525 1197 5582 salientis
1227 5527 1283 5582 in
1323 5527 1492 5582 vitam
1519 5536 1780 5584 aeternam
1813 5529 1876 5583 ".
1908 5548 1928 5582 ι
1967 5528 2079 5584 llu-

2190 4673 2373 4772 ποινῇο
2431 4698 2638 4751 ἐκείνου
2686 4696 2742 4749 δὲ
2800 4694 2996 4766 μᾶλλον
3049 4696 3174 4767 περὶ
3223 4687 3284 4747 οὗ
3337 4708 3503 4767 φησιν
3552 4689 3581 4739 ὁ
3618 4673 3774 4736 Δαυῖδ

2195 4811 2213 4844 ι
2249 4793 2410 4864 ἄρτον
2431 4787 2661 4862 οὐρανοῦ
2694 4788 2889 4841 ἔδωκεν
2923 4788 3125 4850 αὐτοῖς,
3165 4787 3326 4860 ἄρτον
3357 4783 3610 4855 ἀγγέλων
3640 4773 3770 4840 ἔφα·

2187 4902 2282 4952 γεν
2327 4883 2629 4953 ἄνθρωπος.
2693 4901 2710 4933 ι
2768 4880 3004 4932 Ὑδάτων
3044 4896 3102 4932 τε
3149 4873 3552 4950 διαμεμνῆσθαί
3594 4871 3770 4937 φαμεν

2187 4979 2346 5032 αὐτὸν
2379 4976 2605 5047 νοητῶν,
2642 4974 2769 5044 περί
2797 4967 2871 5025 ὧν
2909 4971 3071 5035 αὑτός
3103 4972 3204 5024 πού
3237 4989 3401 5042 φησιν
3430 4971 3458 5021 ὁ
3487 4957 3770 5047 προφήτης

2203 5071 2427 5134 Ἡσαΐας
2448 5088 2461 5101 ’
2500 5089 2517 5118 ι
2539 5068 2648 5120 Καὶ
2665 5067 3018 5136 ἀντλήσουσιν
3036 5063 3178 5134 ὕδωρ
3211 5065 3325 5134 μετ’
3353 5053 3694 5132 εὐφροσύνης
3710 5045 3771 5095 ἐκ

2190 5162 2296 5216 τῶν
2333 5161 2522 5232 πηγῶν
2556 5159 2648 5212 τοῦ
2681 5157 2954 5228 Σωτηρίω
2979 5173 2990 5185 ·
3028 5175 3045 5206 ι
3069 5155 3161 5207 καὶ
3193 5155 3297 5225 μὴν
3327 5157 3420 5207 καὶ
3437 5137 3769 5232 αὐτὸςδξυν

2185 5257 2319 5326 τήρ·
2360 5272 2389 5305 1
2428 5253 2543 5316 Πᾶς
2585 5253 2612 5304 ὁ
2643 5251 2812 5304 πίνων
2842 5252 2906 5302 ἐκ
2937 5245 3030 5299 τοῦ
3061 5246 3251 5309 ὓδατος
3278 5246 3470 5299 τούτου
3492 5281 3506 5304 ,
3554 5230 3766 5327 διψήσξι

2183 5346 2371 5400 πάλιν
2399 5345 2456 5407 ὃς
2481 5344 2525 5396 δ’
2553 5343 2618 5396 ἂν
2650 5345 2748 5415 πίῃ
2779 5345 2843 5395 ὲκ
2867 5341 2959 5394 τοῦ
2989 5338 3178 5404 ὕδατος
3201 5334 3260 5393 οὗ
3284 5337 3394 5407 ἐγὼ
3412 5335 3572 5391 δώσω
3600 5322 3765 5415 abte).

2180 5441 2468 5510 γενήσεται
2497 5439 2554 5491 ἐν
2586 5409 2748 5506 αὑτῶ
2764 5435 2913 5505 πηγὴ
2955 5432 3144 5497 ὓδατος
3185 5433 3482 5503 ἁλλομένου
3513 5424 3593 5482 εἰς
3624 5409 3768 5506 Mf

2183 5529 2420 5587 αἰώνιον.
2476 5550 2494 5583 ι
2537 5529 2702 5592 Σύνες
2733 5528 2788 5582 δὲ
2830 5526 3073 5600 ἀκριϐῶς
3115 5527 3214 5591 τὰς
3262 5524 3386 5596 περὶ
3421 5515 3630 5575 τούτων
3671 5513 3765 5556 τον

569 5697 613 5730 ³⁸
643 5699 810 5756 Amos
857 5715 982 5766 vni,
1023 5701 1104 5759 ll.
1182 5703 1226 5736 “
1262 5701 1403 5759 Psal.
1435 5721 1640 5771 Lxxvn,
1667 5707 1759 5761 24.
1840 5707 1883 5739 ¹⁵
1910 5706 2046 5780 Cap.
2071 5723 2170 5776 xu,
2193 5708 2247 5763 '5.
2325 5709 2369 5745 ‘°
2393 5707 2552 5763 Joan.
2578 5721 2650 5773 tv,
2681 5707 2763 5774 l5,
2792 5707 2877 5764 14.

561 5884 702 5952 (9-6)
735 5885 893 5947 Hunc
924 5890 1051 5949 item
1085 5889 1262 5951 locum
1290 5895 1567 5966 expressit
1594 5892 1974 5964 Hieronymus,
2004 5895 2158 5955 initio
2185 5894 2404 5954 secundi
2443 5893 2592 5952 libri.
