3968 6502
221 378 310 433 1L9
1160 358 1667 427 COMMENTABIA
1705 361 1773 421 1N
1813 366 2068 424 ISAIAM.
2111 399 2177 409 —
2214 362 2364 423 CAP.
2404 360 2492 423 ΙΙΙ.

3360 375 3463 427 HO

216 492 482 569 προφήτου
515 493 727 564 φωνάς’
772 486 832 547 οὐ
867 494 975 566 γὰρ
1014 493 1235 566 εἴρηκεν
1267 493 1451 556 ἀπλῶς
1485 492 1787 564 ἀφαιρεθή-

1898 492 1977 561 ius
2006 505 2169 562 porro
2198 491 2475 561 prophetas
2507 503 2568 544 ea
2615 489 2683 545 de
2713 504 2772 545 re
2802 502 2965 545 voces
3003 498 3255 545 accurate
3304 488 3466 545 intel-

218 590 387 643 σεσθαι
408 588 522 643 τῶν
571 588 837 642 Ἰουδαίων
855 588 1017 660 ἄρτον
1044 606 1103 641 τε
1122 588 1215 641 καὶ
1241 588 1404 659 ὕδωρ,
1434 588 1548 641 ἀλλ’
1578 606 1596 637 ι
1635 589 1785 657 ίσχύν

213 684 361 756 ἄρτου
384 683 478 735 καὶ
508 682 665 752 ἰσχὺν
688 680 907 745 ὓδατοςο
950 699 969 733 ι
993 680 1087 734 καὶ
1102 680 1183 733 δεῖ
1208 681 1353 751 ἡμᾶς
1378 679 1581 733 οἴεσθαι
1609 678 1785 732 τοιοῦ-

211 772 287 828 τόν
309 790 361 828 τι
382 773 661 827 διδάσκειν
691 772 973 843 βούλεσθαι
1002 772 1183 825 αὐτόν.
1222 772 1412 842 Ἡμεῖς
1436 770 1544 841 γὰρ
1565 772 1678 834 τοῖς
1707 773 1783 823 ἰε-

211 866 311 937 ροῖς
338 866 835 935 περιτυγχάνοντες
873 857 1074 933 λόγοις,
1127 864 1221 918 καὶ
1259 864 1356 927 τάς
1401 863 1550 928 Θείας
1597 865 1785 932 ἀναγιά

208 956 493 1019 νώσκοντες
558 956 801 1028 Γραφάς,
871 951 990 1010 εἶτα
1050 956 1321 1019 συνιέντες
1373 956 1562 1021 αὐτὰς,
1631 956 1785 1025 ἰσχὺν

207 1050 354 1121 ἄρτου
392 1049 597 1120 νοητοῦ
644 1048 943 1119 δεχόμεθα’
988 1068 1006 1101 ι
1049 1050 1123 1103 Οὐ
1151 1048 1259 1121 γὰρ
1299 1050 1382 1102 ἐπ’
1416 1048 1564 1120 ἄρτῳ
1618 1049 1782 1120 μόνῳ,

206 1142 344 1211 φησι,
399 1138 635 1211 ζήσεται
687 1141 1007 1211 ἄνθρωπος’
1067 1140 1181 1194 ἀλλ’
1230 1141 1322 1194 ἐπὶ
1366 1140 1529 1194 παντὶ
1580 1140 1783 1211 ῥήματι

206 1232 617 1303 ἐκπορευομένῳ
675 1230 763 1285 διὰ
820 1232 1085 1303 στόματος
1136 1231 1294 1287 Θεοῦ.
1365 1251 1383 1284 ι
1446 1231 1677 1302 Ὁμοίως
1726 1230 1783 1283 δὲ

206 1328 401 1397 νοήσεις
436 1324 537 1379 καὶ
586 1327 670 1394 ἐφ’
723 1324 930 1378 ὑδάτων
980 1323 1207 1395 νοητῶν.
1268 1323 1511 1377 Ἰουδαῖοί
1567 1340 1631 1392 γε
1678 1322 1783 1394 μὴν

205 1418 371 1489 ῐχουσι
409 1418 512 1488 μὲν
538 1422 633 1471 τὸν
659 1417 820 1489 ἄρτον
861 1417 955 1470 καὶ
981 1417 1042 1470 τὸ
1078 1410 1223 1487 ὕδωρ
1247 1416 1356 1469 ἕτιδ
1396 1416 1785 1489 πολυπραγμο-

206 1509 340 1563 νοῦσι
356 1511 467 1581 γὰρ
498 1509 571 1562 τὰ
593 1508 728 1563 Μωῦ
738 1508 874 1572 σὲως
892 1509 1217 1581 γράμματα,
1245 1510 1338 1561 καὶ
1356 1507 1782 1576 ἀναγινώσκουσι

204 1602 283 1655 τὸν
317 1602 479 1671 νόμον
501 1618 515 1631 ’
556 1601 747 1671 ἐπειδὴ
781 1600 838 1653 δὲ
871 1600 1234 1671 γινώσκουσιν
1264 1598 1437 1665 οὐδὲν,
1472 1601 1571 1653 οὐκ
1601 1600 1783 1670 ἔχουσι

204 1695 290 1765 τὴν
317 1696 468 1763 ίσγύν
502 1693 602 1747 τοῦ
634 1696 822 1766 ἄρτου,
862 1692 985 1748 οὔτε
1022 1693 1126 1766 μὴν
1145 1695 1244 1766 τὴν
1273 1693 1425 1764 ἰσχὺν
1453 1693 1544 1747 τοῦ
1568 1694 1778 1757 ῦδατος.

204 1780 357 1837 Ψιλὸν
399 1788 507 1853 γὰρ
567 1785 753 1848 αὐτοῖς
801 1784 893 1837 καί
938 1786 1097 1855 μόνον
1146 1783 1207 1837 τὺ
1262 1786 1493 1855 γράμμα
1536 1783 1777 1848 δέδοται,

1892 582 2070 653 ligas:
2124 596 2228 635 non
2267 584 2414 635 enim
2460 580 2782 650 simpliciter
2822 581 2995 645 dixit,
3031 579 3383 635 auferendum
3431 596 3461 634 a

1891 674 2092 730 Judaeis
2126 689 2248 730 csse
2279 688 2473 744 panem
2519 684 2575 727 et
2612 688 2851 742 aquam;
2893 672 2986 729 sed
3025 691 3045 724 ι
3096 674 3262 730 robur
3306 673 3462 744 panis

1891 777 1945 822 et
1974 769 2142 822 robur
2168 782 2359 836 aquae:
2396 786 2415 820 ι
2451 781 2656 837 parque
2689 776 2774 821 est
2812 775 2873 820 ut
2899 781 2998 822 nos
3029 781 3151 822 eum
3187 767 3460 836 quidpiam

1892 858 2066 915 simile
2103 860 2331 915 edocere
2391 860 2737 914 arbitremur.
2788 858 2898 915 Nos
2939 859 3139 931 quippe
3187 860 3241 915 in
3291 862 3462 916 sacris

1891 950 2235 1005 sermonibus
2274 960 2580 1017 versantes,
2631 964 2695 1004 ac
2736 949 2947 1005 divinas
2988 948 3299 1021 Scripturas
3339 966 3464 1021 per-

1892 1055 2033 1109 saepe
2076 1041 2333 1112 legentes,
2385 1056 2450 1097 ac
2499 1042 2717 1096 demum
2756 1043 2900 1110 ipsas
2944 1040 3340 1111 intelligentes,
3372 1042 3461 1096 hic

1891 1133 2191 1203 spiritualis
2231 1133 2387 1203 panis
2431 1133 2539 1187 vim
2574 1131 2967 1203 intelligimus:
3009 1149 3028 1183 ι
3070 1131 3184 1186 Non
3227 1134 3369 1187 enim
3405 1134 3459 1188 in

1890 1240 2032 1295 pane
2086 1224 2235 1289 solo,
2299 1225 2409 1289 ait,
2455 1224 2595 1278 vivet
2640 1224 2840 1287 homo;
2904 1223 3001 1276 sed
3058 1223 3111 1277 in
3150 1223 3296 1277 omni
3333 1239 3461 1279 ver-

1891 1317 1962 1372 bo
2008 1316 2149 1386 quod
2196 1315 2470 1384 egreditur
2513 1330 2609 1384 per
2650 1328 2713 1369 os
2745 1313 2837 1368 Dei
2866 1312 2930 1366 ".
2976 1331 2996 1365 ι
3039 1312 3223 1380 Aquas
3258 1313 3465 1381 pariter

1890 1409 2202 1480 spirituales
2248 1408 2521 1478 intelligas
2560 1415 2799 1476 oportet.
2824 1405 2998 1480 Judaei
3028 1420 3159 1461 sane
3189 1421 3383 1475 panem
3407 1414 3464 1461 et

1890 1479 2087 1571 aquam
2128 1500 2332 1554 habent
2360 1500 2672 1564 hactenus;
2708 1512 2831 1551 nam
2861 1479 3061 1568 Moysis
3112 1498 3316 1566 scripta
3367 1512 3465 1553 cu-

1892 1595 2097 1648 riosius
2140 1592 2429 1658 evolvunt,
2464 1590 2747 1661 legemque
2779 1592 3124 1663 Sperlegunt;
3158 1593 3283 1661 quia
3335 1605 3465 1645 vero

1892 1682 2025 1737 nihil
2061 1680 2403 1752 intelligunt,
2453 1682 2619 1735 robur
2668 1682 2823 1750 panis
2872 1697 2977 1735 non
3019 1682 3242 1746 habent,
3288 1696 3465 1751 neque

1891 1774 2057 1830 robur
2092 1788 2245 1843 aquae
2269 1774 2539 1829 obtinent.
2594 1771 2721 1827 Sola
2772 1773 2971 1844 quippe
3012 1780 3067 1828 et
3107 1775 3252 1828 nuda
3285 1774 3465 1827 littera

206 1877 357 1948 ἄρτου
393 1880 495 1948 μὲν
528 1878 629 1929 καὶ
658 1875 850 1939 ὓδατος
882 1875 1149 1946 ὑπόληψιν
1199 1874 1340 1946 ἔχον,
1373 1875 1568 1946 τρέφον
1600 1874 1656 1927 δὲ
1689 1876 1787 1927 aia-

1898 1881 2148 1921 concessa
2188 1865 2295 1921 illis
2332 1873 2449 1931 est,
2499 1880 2618 1935 quae
2671 1865 2884 1934 quidem
2936 1864 3173 1935 aliquam
3220 1865 3377 1934 panis
3410 1872 3467 1917 et

206 1974 319 2035 τοὺς
346 1974 468 2025 κατ’
497 1972 695 2025 οὐδένα
722 1971 923 2043 τρόπον
954 1972 1033 2032 είς
1066 1966 1277 2034 εὐεξίαν
1308 1968 1404 2039 τὴν
1425 1968 1642 2036 νοητήν.
1676 1965 1786 2018 Καὶ

212 2065 540 2136 μαρτυρήσει
583 2058 811 2134 γράφων
844 2065 872 2116 ό
903 2058 1150 2125 Παῦλος·
1196 2080 1215 2112 ι
1267 2061 1430 2131 Ἀχρι
1466 2059 1575 2129 γὰρ
1618 2059 1787 2130 σήμει-

211 2173 308 2226 ρον,
353 2156 521 2225 ἡνίκα
568 2152 1004 2221 ἀναγινώσκεται
1046 2150 1316 2222 Μωῦσῆς,
1375 2149 1640 2220 κάλυμμα
1695 2147 1785 2200 ἐπὶ

209 2250 292 2320 τὴν
323 2248 555 2319 καρδίαν
586 2246 766 2301 αὐτῶν
812 2249 1019 2309 κεῖται,
1066 2265 1086 2299 ι
1140 2244 1213 2316 μὴ
1252 2241 1784 2312 ἀνακαλυπτόμενον,

210 2338 281 2388 ὅτι
303 2336 623 2409 ὲνΧριστῷ
660 2337 1036 2409 καταργεῖται.
1067 2336 1178 2388 Καὶ
1216 2333 1339 2388 καθ’
1360 2332 1546 2405 ἕτερον
1583 2331 1640 2384 δὲ
1666 2330 1789 2399 τρό-

215 2447 300 2483 πον
325 2427 650 2503 ἀφῃρῆσθαι
693 2447 874 2501 φαμεν
916 2431 981 2482 ὲκ
1019 2428 1119 2499 τῆς
1159 2426 1426 2481 Ἰουδαίων
1467 2422 1789 2493 συναγωγῆς

214 2523 346 2591 ἰσχὺν
371 2522 548 2594 ἄρτου
579 2524 674 2575 καὶ
707 2523 859 2593 ἰσχὺν
888 2518 1077 2582 ὓδατος
1099 2537 1113 2550 ·
1137 2520 1231 2573 καὶ
1258 2519 1416 2589 λόγος
1447 2519 1565 2571 ἐστὶ
1599 2533 1790 2589 μυστιο

211 2612 311 2677 κός.
349 2610 553 2685 Ἡμεῖς
590 2613 689 2683 μὲν
720 2609 827 2685 γὰρ
854 2613 904 2665 οἱ
922 2612 1009 2665 διὰ
1038 2611 1274 2675 πίστεως
1300 2604 1626 2683 κεκλημένοι
1654 2608 1789 2679 πρὸς

213 2707 488 2778 ἁγιασμόν,
516 2706 619 2761 τὸν
645 2704 806 2779 ἄρτον
837 2704 1034 2776 ἔχομεν
1063 2706 1154 2759 τὸν
1172 2704 1231 2769 ἐξ
1259 2703 1512 2777 οὐρανοῦ,
1545 2701 1789 2755 τουτέστι

214 2797 449 2868 Χριστὸν,
501 2798 632 2868 ἦτοι
670 2796 731 2850 τὸ
767 2797 925 2869 σῶμα
974 2795 1158 2850 αὐτοῦ.
1203 2794 1267 2848 Εἰ
1304 2794 1361 2847 δὲ
1391 2793 1453 2865 δή
1488 2810 1570 2856 τις
1594 2792 1788 2862 ἔροιτο,

213 2887 326 2941 ποία
350 2888 433 2951 τίς
472 2890 632 2940 ἔστιν
667 2889 700 2959 ὴ
731 2889 882 2957 ἰσχὺς
917 2884 1103 2952 αὐτοῦ,
1151 2885 1330 2955 φαμὲν
1366 2885 1446 2937 ὅτι
1498 2880 1787 2947 ζωοποιός’

214 2980 374 3035 δίδωσι
420 2982 539 3054 γὰρ
582 2982 661 3053 τῷ
701 2982 892 3052 κόσμῳ
943 2980 1111 3051 ζωὴν.
1152 2979 1456 3051 Προσίεμεν
1498 2976 1555 3028 δὲ
1593 2975 1793 3045 ὁμοίως

215 3073 296 3127 καὶ
314 3074 376 3145 τῇ
406 3074 495 3127 διά
531 3072 631 3126 τοῦ
675 3073 829 3141 ἁγίου
861 3071 1235 3142 βαπτίσματος
1270 3069 1474 3140 χάριτι,
1510 3066 1603 3119 τοῦ
1636 3065 1793 3132 ἁγιά-

214 3166 377 3231 ζοντος
406 3164 564 3239 ἡμᾶς
596 3165 787 3230 ὐδατος
812 3166 911 3238 τὴν
942 3165 1096 3234 ἰσχὺν
1127 3159 1264 3216 εἶναι
1302 3160 1571 3229 λέγοντες,
1614 3158 1790 3237 ἀμαρέ

215 3260 328 3313 τιῶν
364 3256 669 3321 ἀπόθεσιν,
712 3256 1070 3328 ἀναγέννησιν
1118 3252 1493 3325 πνευματικὴν
1531 3251 1611 3312 είς
1656 3265 1792 3318 συμ-

219 3352 433 3423 μορφίαν
480 3352 590 3422 τὴν
624 3353 701 3414 εἰς
744 3349 906 3403 αὐτὸν
947 3348 1039 3400 τὸν
1077 3338 1345 3418 Χριστόν*
1390 3343 1483 3396 καὶ
1522 3339 1657 3411 πρὸς
1700 3340 1793 3392 ἐπὶ

215 3444 425 3511 τούτοις,
469 3443 796 3517 παρρησίαν
823 3441 1029 3496 εἰσόδου
1058 3440 1154 3511 τῆς
1182 3440 1261 3501 εἰς
1283 3435 1379 3507 τὴν
1410 3434 1517 3487 τῶν
1550 3432 1793 3503 οὐρανῶν

220 3538 498 3599 βασιλείαν.
580 3538 706 3591 Ἐὰν
777 3536 886 3606 γάρ
957 3545 1062 3596 τις,
1115 3531 1267 3601 φησι,
1310 3546 1329 3579 ι
1369 3526 1443 3598 μὴ
1471 3525 1701 3596 γεννηθῇ
1735 3524 1793 3592 ἐξ

218 3624 388 3691 ὕδατος
433 3628 540 3681 καὶ
603 3625 930 3697 πνεύματος,
980 3624 1039 3676 οὐ
1101 3621 1322 3674 δύναται
1382 3614 1642 3691 εἰσελθεῖν
1711 3616 1794 3678 εις

218 3718 303 3789 τὴν
354 3718 640 3789 βασιλείαν
698 3718 806 3770 τῶν
854 3715 1119 3788 οὐρανῶν.
1164 3732 1183 3766 ι
1231 3710 1583 3781 Ἐστέρηνται
1629 3706 1686 3760 δὲ
1744 3709 1792 3759 οἱ

230 3808 453 3865 Ἰουδαῖοι
508 3811 621 3864 τῶν
650 3808 905 3863 τοιούτων
948 3805 1196 3875 ἀγαθῶν·
1236 3805 1295 3856 οὐ
1343 3802 1453 3875 γάρ
1502 3804 1617 3854 ἐστι
1663 3798 1793 3869 παρ’

220 3883 382 3967 αὐτοῖς
420 3905 587 3974 ἰσχὺς
622 3903 807 3973 ἄρτου,
847 3898 1119 3953 τουτέστιν
1153 3899 1185 3965 ἡ
1216 3898 1272 3948 ὲν
1297 3893 1519 3965 Χριστῷ
1564 3889 1793 3957 ζωοποί-

221 4014 345 4067 ησις,
372 3998 477 4051 οὐδ’
519 3996 701 4066 ἔχουσι
724 3994 821 4065 τὴν
850 3991 943 4044 τοῦ
969 3989 1157 4050 ’ὐδατος
1189 3986 1335 4056 ἰσχύν
1362 4003 1374 4016 ·
1404 3985 1795 4056 ἀπομεμένηκε

222 4089 315 4160 γὰρ
335 4091 389 4143 ὲν
417 4090 609 4151 αὐτοῖς
643 4084 1009 4145 ἀναπόνιπτος
1035 4083 1067 4152 ὴ
1108 4078 1349 4151 ἁμαρτία
1369 4093 1382 4107 ⁸
1424 4076 1524 4129 οὐκ
1559 4072 1796 4128 εἰσελαύ-

224 4198 383 4236 νουσιν
412 4184 497 4245 εἰς
528 4181 627 4250 τὴν
657 4179 764 4232 τῶν
799 4174 1044 4247 οὐρανῶν
1086 4170 1381 4244 βασιλείαν,
1416 4168 1507 4222 τὸν
1551 4164 1796 4236 εἰσκομί-

223 4271 365 4338 ζοντα
404 4274 646 4348 Χριστὸν
689 4269 1068 4340 ἀτιμάζοντες.
1113 4265 1186 4318 Οὐ
1232 4262 1341 4334 γὰρ
1387 4262 1672 4314 ἐπίστευον
1712 4257 1797 4310 λέ-

223 4380 405 4435 γοντι-ι
425 4364 576 4436 Ἑγὼ
610 4366 725 4435 εἰμι
818 4362 954 4425 ὁδός,
978 4380 995 4411 ι
1021 4361 1136 4421 καὶ,
1158 4377 1175 4409 ι
1200 4355 1341 4424 Ἐγώ
1370 4356 1487 4423 εἰμι
1519 4354 1551 4422 ἡ
1578 4349 1738 4420 Θύρα.
1772 4368 1790 4400 ι

340 4462 444 4515 Καὶ
477 4456 972 4528 πεντηκόνταρχον,
1003 4452 1095 4505 καὶ
1126 4446 1438 4518 θαυμαστὸν
1472 4441 1793 4513 σύμϐουλον,

226 4553 307 4605 καὶ
352 4554 518 4622 σοφὸν
554 4538 914 4621 ἀρχιτέκτονα
934 4587 949 4609 ,
977 4545 1072 4598 καὶ
1107 4539 1324 4595 συνετὸν
1356 4536 1654 4608 ἀκροατήν.
1685 4533 1795 4584 Καὶ
1827 4568 1872 4625 D

228 4643 493 4716 ἐπιστήσω
517 4640 839 4700 νεανίσκους
864 4636 1125 4706 ἄρχοντας
1154 4627 1351 4689 αὐτῶν,
1380 4627 1474 4679 καὶ
1495 4626 1794 4695 ἐμπαῖκται

226 4713 591 4806 κυριεῦσουσιν
631 4729 828 4786 αὐτῶν.
879 4748 896 4779 ι
939 4728 1013 4796 (7)
1049 4725 1144 4788 Τίς
1184 4719 1277 4776 οὖν
1311 4717 1618 4791 όρῶντοὺς
1646 4713 1797 4785 παρά

239 4826 500 4891 Ἰουδαίοις
577 4820 1008 4895 ὀνομαζομένους
1076 4815 1440 4887 πατριάρχας,
1478 4808 1795 4872 νεανίσκους

231 4918 450 4989 ἀληθῶς,
482 4920 543 4971 οὐ
583 4918 683 4989 τὴν
710 4914 818 4968 τῶν
850 4914 1115 4984 σωμάτων
1144 4907 1380 4981 ἡλικίαν,
1409 4902 1543 4957 ἀλλὰ
1567 4901 1666 4963 τὰς
1699 4899 1801 4969 ψυ-

232 5011 319 5081 χὰς
349 5013 560 5075 ἀτελεῖς
595 5010 689 5063 καὶ
715 5008 912 5071 ἐνδεεῖς
952 5003 1184 5075 φρενῶν,
1217 4999 1341 5061 τούς
1372 5013 1432 5048 τε
1465 4993 1683 5054 λοιποὺς
1707 4991 1804 5042 αὐ-

233 5103 325 5155 τῶν
355 5102 729 5165 διδασκάλους,
770 5101 869 5153 οὐκ
900 5098 963 5151 ἂν
1004 5096 1145 5149 εἴποι
1172 5090 1485 5163 ὲμπαίκτας
1515 5081 1674 5149 εἶναι,
1710 5082 1803 5136 καὶ

235 5192 372 5265 οῦςή
409 5192 718 5266 πφιρητεία
752 5189 973 5260 eam»;

304 5400 320 5432 ι
351 5382 456 5436 Καὶ
476 5381 835 5452 συμπεσεῖται
864 5379 891 5429 ό
922 5374 1075 5437 λαὸς,
1114 5371 1399 5441 ἄνθρωπος
1434 5367 1569 5438 πρὸς
1591 5365 1805 5436 ἄνθρω-

239 5486 350 5538 110v,
372 5476 464 5529 xui.
496 5473 784 5543 ἅνθρωπος
817 5470 952 5540 πρὸς
980 5468 1070 5520 τὸν
1101 5463 1325 5534 πλησίον
1360 5458 1554 5514 αὐτοῦ’
1584 5477 1602 5509 ι
1633 5456 1799 5528 μηδε-

1892 1973 2046 2028 aquce
2070 1956 2337 2013 rationem
2370 1966 2426 2012 et
2456 1956 2767 2024 opinionem
2806 1957 3020 2022 habeat,
3064 1971 3242 2027 neque
3284 1964 3466 2009 tamen

1892 2052 2014 2107 ilics
2048 2051 2321 2106 ullatenus
2351 2049 2464 2104 alat
2493 2050 2559 2104 ad
2588 2049 2787 2104 bonam
2817 2050 3042 2120 spiritus
3071 2048 3464 2103 valetudinem.

1890 2142 2063 2210 Quam
2106 2158 2221 2198 rem
2258 2141 2458 2197 Paulus
2511 2142 2871 2205 testiﬁcatur,
2918 2141 3006 2195 bis
3029 2140 3250 2194 verbis:
3302 2157 3321 2190 ι
3359 2136 3467 2192 Sed

1890 2251 2063 2305 usque
2090 2236 2143 2291 in
2170 2233 2495 2290 hodiernum
2531 2235 2697 2299 diem,
2731 2248 2855 2288 cum
2882 2233 3079 2306 legitur
3105 2232 3336 2303 Moyses,
3371 2245 3467 2285 ve-

1891 2327 2068 2381 lamen
2107 2326 2345 2397 positum
2387 2334 2473 2380 est
2506 2339 2669 2392 super
2713 2339 2809 2380 cor
2856 2338 3041 2379 eorum
3074 2323 3141 2388 ’⁸,
3175 2341 3194 2372 ι
3234 2335 3341 2375 non
3379 2333 3467 2373 re-

1890 2419 2146 2485 velatum,
2178 2419 2304 2489 quia
2338 2420 2391 2474 in
2431 2417 2655 2474 Christo
2685 2416 2948 2471 aufertur.
2984 2415 3106 2471 Alio
3138 2414 3265 2469 item
3305 2410 3465 2466 mode

1892 2507 2122 2564 dicimus
2152 2508 2390 2563 ablatum
2424 2508 2595 2563 fuisse
2634 2523 2664 2561 a
2702 2504 3016 2561 Judaeorum
3057 2517 3331 2575 synagoga
3378 2516 3468 2555 ro-

1891 2601 1995 2655 bur
2029 2600 2188 2670 panis
2217 2609 2271 2655 et
2323 2599 2491 2655 robur
2533 2614 2733 2669 aquae:
2776 2612 2958 2653 sermo
2989 2605 3168 2651 autem
3210 2594 3468 2663 mysticus

1891 2700 1993 2747 est.
2043 2691 2154 2747 Nos
2205 2692 2404 2763 quippe
2458 2691 2549 2761 qui
2602 2705 2700 2761 per
2750 2689 2907 2744 fidem
2954 2688 3129 2743 vocati
3183 2701 3372 2742 sumus
3398 2684 3469 2738 ad

1895 2782 2407 2848 sanctiﬁcationem,
2449 2795 2641 2849 panem
2693 2783 2955 2833 habemus
2994 2780 3061 2832 de
3110 2778 3273 2843 ccelo,
3329 2773 3469 2830 scili-

1894 2891 1980 2933 cet
2007 2875 2306 2939 Chi-istum,
2350 2874 2466 2928 sive
2496 2887 2698 2942 corpus
2728 2872 2866 2942 ejus.
2903 2871 3056 2937 Quod
3085 2871 3128 2924 si
3164 2870 3289 2939 quis
3322 2882 3468 2938 quae-

1895 2976 2002 3034 rat,
2042 2968 2317 3037 quodnam
2364 2966 2435 3021 sit
2488 2966 2654 3020 robur
2692 2963 2840 3033 ejus,
2898 2963 3147 3026 dicimus,
3194 2959 3468 3013 vivificum

1896 3073 2057 3114 esse:
2094 3072 2219 3112 nam
2253 3057 2345 3111 dat
2379 3057 2549 3112 vitam
2595 3056 2818 3110 mundo.
2856 3054 3180 3108 Accedimus
3220 3050 3468 3106 similiter

1903 3151 1967 3205 ad
2000 3151 2229 3222 gratiam
2274 3148 2421 3205 sacri
2459 3147 2754 3219 baptismi:
2799 3161 2863 3201 ac
2907 3146 3137 3200 dicimus
3176 3158 3330 3213 aquae
3373 3155 3468 3196 nos

1894 3243 2288 3298 sanctificantis
2356 3240 2524 3299 robur
2592 3254 2718 3295 esse
2776 3248 3123 3310 peccatorum
3177 3233 3470 3303 depositio-

1894 3352 2041 3401 nem,
2078 3334 2547 3404 regenerationem
2584 3330 2924 3401 spiritualem
2974 3331 3043 3383 ad
3093 3324 3453 3382 conformatio

1894 3442 2019 3481 nem
2060 3427 2113 3479 in
2148 3426 2324 3495 ipsum
2365 3423 2691 3487 Christum;
2736 3421 2802 3476 ad
2852 3421 2967 3475 haec
3013 3432 3164 3483 vero,
3217 3414 3470 3469 fiduciam

1894 3518 2237 3591 ingrediendi
2288 3519 2340 3573 in
2368 3530 2596 3583 regnum
2636 3512 2905 3568 ctelorum
2940 3527 2955 3577 ;
2993 3525 3117 3564 nam
3150 3508 3266 3563 ait:
3299 3526 3319 3560 ι
3356 3505 3469 3563 Nisi

1894 3611 2018 3681 quis
2058 3618 2277 3666 renatus
2322 3609 2491 3664 fuerit
2519 3622 2586 3662 ex
2635 3620 2774 3674 aqua
2820 3612 2877 3657 ct
2925 3602 3153 3668 Spiritu,
3203 3615 3311 3653 non
3367 3613 3467 3669 po-

1896 3713 2003 3760 test
2042 3704 2246 3758 intrare
2282 3704 2334 3756 in
2374 3714 2603 3771 regnum
2632 3697 2895 3753 calorum
2918 3696 2981 3749 ⁸³.
3033 3713 3052 3746 ι
3087 3692 3256 3747 ,ιυάωι
3291 3700 3470 3745 autem

1897 3797 1981 3851 his
2042 3796 2198 3851 bonis
2253 3795 2573 3866 privantur:
2637 3805 2742 3843 non
2788 3789 2933 3843 enim
2997 3800 3162 3856 penes
3221 3784 3340 3839 illos
3390 3792 3470 3836 est

1896 3886 2064 3941 robur
2098 3900 2276 3955 panis,
2329 3884 2382 3938 id
2417 3893 2519 3945 est,
2569 3880 2866 3936 viviﬁcatio
2912 3879 2964 3932 in
3000 3876 3258 3931 Christo:
3297 3886 3471 3941 neque

1897 3977 2025 4032 item
2078 3976 2243 4031 robur
2272 3989 2425 4044 aqum
2457 3973 2747 4027 obtinent:
2808 3984 2930 4023 nam
2976 3981 3143 4036 penes
3189 3964 3307 4018 illos
3342 3976 3471 4031 pec-

1897 4077 2074 4124 catum
2106 4069 2225 4123 sine
2252 4066 2528 4120 ablutione
2578 4071 2865 4127 remanet;
2915 4073 3090 4127 neque
3130 4058 3197 4113 ad
3245 4072 3469 4127 regnum

1898 4160 2163 4214 ctelorum
2206 4156 2452 4217 tendunt,
2498 4153 2589 4223 qui
2636 4152 2912 4207 Christum
2949 4163 3014 4202 eo
3063 4148 3346 4201 ducentem
3387 4145 3475 4199 de-

1899 4252 2090 4305 decore
2131 4246 2428 4301 all‘ecerint.
2487 4244 2671 4313 Neque
2709 4242 2853 4296 enim
2890 4239 3237 4295 crediderunt
3287 4237 3473 4291 dicen-

1900 4346 1975 4410 ti,
2015 4362 2034 4394 ι
2075 4343 2184 4412 Ego
2215 4356 2333 4396 sum
2363 4341 2448 4392 via
2479 4338 2548 4403 ²⁰,
2590 4356 2608 4388 ι
2644 4346 2720 4402 et,
2757 4353 2775 4386 ι
2815 4335 2924 4405 Ego
2961 4349 3079 4386 sum
3110 4332 3307 4385 ostium
3338 4331 3404 4386 “.
3445 4346 3469 4383 ι

1970 4437 2135 4493 Vens.
2172 4436 2291 4489 ὅτι.
2348 4452 2367 4486 ι
2405 4432 2471 4486 Ει
2508 4431 2809 4501 principem
2853 4440 3017 4497 super
3057 4424 3473 4495 quinquaginta,

1900 4538 1955 4584 et
1994 4524 2364 4583 admirabilem
2409 4520 2818 4585 consiliarium,
2855 4529 2909 4571 et
2950 4515 3251 4585 sapientem
3302 4511 3478 4565 archi-

1902 4629 2100 4675 tectum
2139 4626 2195 4671 et
2248 4615 2567 4685 prudentem
2637 4609 2964 4664 auditorem.
3026 4604 3095 4658 Et
3152 4602 3477 4657 constituam

1897 4726 2097 4783 pueros
2125 4708 2397 4780 principes
2439 4720 2650 4768 eorum,
2694 4711 2749 4757 et
2798 4701 3071 4756 derisores
3119 4694 3479 4749 dominabun-

1900 4816 1988 4861 tur
2024 4806 2122 4860 eis.
2161 4824 2180 4856 ι
2216 4803 2349 4868 Quis
2395 4813 2525 4869 ergo
2577 4795 2879 4865 conspectis
2928 4792 3020 4857 iis,
3059 4790 3150 4860 qui
3203 4787 3345 4860 apud
3381 4784 3476 4839 Ju-

1901 4902 2047 4955 daeos
2072 4896 2402 4967 patriarchae
2441 4901 2740 4954 vocantur;
2775 4902 2881 4941 non
2920 4900 3047 4940 vere
3092 4897 3314 4954 pueros,
3368 4893 3477 4933 non

1903 5004 2163 5060 corporea
2188 4996 2421 5046 statura,
2450 4983 2543 5038 sed
2577 4982 2743 5035 animi
2780 4977 3207 5048 imperfectione,
3238 4990 3301 5027 ac
3329 4985 3480 5025 men-

1905 5084 1974 5139 tis
2023 5080 2357 5151 indigentia,
2422 5084 2714 5142 nuncnpet,
2772 5072 3111 5140 reliquosque
3145 5079 3333 5121 eorum
3377 5062 3479 5117 do-

1902 5186 2118 5232 ctores,
2168 5185 2273 5225 non
2327 5169 2601 5222 derisores
2656 5166 2833 5231 dicat,
2880 5173 2935 5217 et
2974 5158 3163 5230 quales
3209 5156 3300 5210 hic
3347 5169 3480 5225 pro-

1903 5269 2065 5337 pheta
2107 5261 2413 5334 significat?

1981 5356 2143 5411 Vens.
2184 5355 2239 5409 5.
2282 5373 2300 5404 ι
2350 5353 2417 5406 Et
2460 5352 2633 5405 irruet
2680 5347 2929 5419 papulus,
2983 5345 3145 5399 homo
3190 5342 3256 5395 ad
3301 5339 3477 5396 homi-

1909 5464 2056 5518 nem,
2088 5458 2140 5503 et
2177 5453 2341 5504 homo
2372 5445 2437 5499 ad
2468 5444 2777 5515 proximum
2813 5454 3011 5495 suum:
3062 5456 3080 5489 ι
3117 5436 3258 5507 quod
3304 5433 3485 5489 nullus

306 5638 343 5666 "
363 5637 548 5691 Matth.
576 5635 723 5700 1v,4.
801 5630 845 5662 ¹⁸
868 5628 905 5683 ll
928 5628 1056 5683 Cor.
1087 5640 1168 5691 ιιι,
1205 5623 1294 5681 15.
1374 5622 1415 5654 ’⁸
1445 5618 1603 5675 Joan.
1632 5634 1713 5682 ιιι,
1742 5615 1791 5669 ’5.

1898 5611 2098 5669 °Joan.
2130 5625 2243 5674 xw,
2281 5610 2333 5663 6.
2411 5609 2453 5640 ἰ
2485 5606 2705 5670 Joan.x,
2732 5604 2781 5658 7.

309 5780 378 5849 (7)
407 5781 505 5836 ilic
534 5778 919 5849 Hieronymus,
948 5770 1423 5849 cConsideremuf
1454 5762 1795 5849 patriarchas

247 5837 567 5907 Iudaeorum;
596 5860 649 5904 et
677 5837 923 5915 iuvenes,
957 5845 1069 5898 sive
1094 5856 1312 5911 pueros,
1353 5837 1795 5903 elieminatosque

1907 5775 1971 5814 ac
2003 5758 2210 5813 deliciis
2243 5757 2549 5829 afﬂuentes}
2585 5764 2639 5811 et
2668 5753 2941 5824 impletam
2994 5748 3329 5822 prophetiam
3362 5756 3484 5800 esse

1906 5844 2212 5886 cernemus.
2247 5848 2266 5881 ι
