3968 6504
489 357 581 412 lll

1152 337 1420 400 EUSEB"
1457 331 1935 395 CESARIENSIS
1972 324 2125 388 OP'P.
2163 325 2351 386 PARS
2390 325 2476 386 ΠΙ.
2518 363 2587 370 -
2625 319 3038 386 EXEGETICA.

3665 319 3768 377 ΗΞ

486 480 622 532 ordo
689 484 864 537 esset,
912 485 1085 540 neque
1146 467 1366 522 verbum
1411 463 1503 518 Dei
1543 463 1596 516 in
1665 459 1770 516 illis
1819 469 2063 512 versare-

2183 455 2295 517 ιιᾶς
2327 453 2530 520 τάξεως
2556 451 2741 521 οῦσης,
2777 447 2910 519 μηδέ
2937 445 3094 516 λόγου
3132 439 3266 496 Θεοῦ
3296 441 3359 495 ἐν
3389 439 3586 502 αὐτοῖς
3617 437 3767 492 πολι-

488 583 724 720 l“iisiis.
771 658 891 714 6-8.
947 674 965 706 ι
1014 652 1148 720 Quia
1205 647 1577 722 apprehendet
1631 647 1790 701 homo
1837 643 2059 698 fratrem

490 772 645 814 suum
672 792 690 820 ,
728 761 821 807 aut
858 747 1214 804 domesticum
1255 742 1433 814 patris
1480 740 1586 803 sui,
1631 739 1837 802 dicens,
1887 735 2062 792 Vesti-

494 858 734 903 mentum
782 841 972 907 habes,
1005 839 1260 909 princeps
1284 845 1404 890 esto
1435 833 1612 897 nobis,
1645 843 1702 886 et
1733 829 1884 886 cibus
1912 842 2063 883 meus

491 942 590 996 sub
631 948 682 991 te
729 935 818 991 sit.
866 933 932 987 Et
977 929 1313 1000 respondens
1357 927 1411 980 in
1467 925 1552 980 die
1599 923 1689 977 illa
1725 923 1915 977 dicet:
1947 920 2060 974 Non

491 1048 587 1088 ero
615 1029 866 1100 princeps
901 1035 1055 1086 tuns;
1100 1037 1208 1077 non
1241 1019 1384 1076 enim
1415 1018 1471 1072 in
1507 1018 1667 1072 domo
1698 1029 1815 1070 mea
1854 1024 1939 1070 est
1965 1029 2061 1084 pa-

491 1125 596 1183 nis,
645 1132 821 1188 neque
864 1114 1271 1171 vestimentum.
1303 1107 1423 1164 Non
1457 1122 1553 1162 ero
1583 1106 1835 1176 princeps
1879 1100 2062 1172 pepuli

491 1216 694 1287 hujus:
737 1210 864 1280 quia
893 1205 1220 1275 relinquitur
1260 1200 1584 1264 Jerusalem,
1627 1208 1682 1253 et
1719 1195 1903 1251 Jndtea
1943 1209 2063 1248 cor-

492 1308 626 1362 ruit.
676 1324 696 1358 »
747 1304 926 1372 Quare
975 1299 1027 1353 in
1080 1304 1286 1352 tantam
1333 1292 1530 1348 mentis
1569 1289 1850 1360 penuriam
1891 1296 1945 1342 et
1981 1287 2064 1342 in-

491 1398 794 1468 digentiam
826 1401 1092 1448 venturos
1138 1388 1258 1444 illos
1301 1401 1421 1442 esse
1451 1384 1620 1449 dicit,
1669 1390 1728 1436 ut
1773 1394 1946 1450 neque
1975 1393 2064 1434 ve-

487 1491 806 1545 stimentum
869 1495 1046 1552 neque
1113 1493 1315 1550 panem
1375 1476 1634 1539 habeant,
1680 1474 1753 1528 ita
1805 1481 1864 1525 ut
1902 1470 2065 1524 vesti-

492 1590 736 1636 mentum
777 1572 1139 1645 Spiritualiter
1176 1566 1351 1639 accipi
1386 1567 1578 1636 possit,
1613 1579 1710 1635 pro
1746 1562 1946 1618 decoro
1974 1575 2060 1616 or-

486 1681 735 1741 natoque
774 1679 1052 1733 sermone,
1082 1663 1176 1736 qui
1221 1662 1420 1716 animae
1458 1673 1647 1714 eorum
1679 1655 2063 1726 turpitudinem

2163 544 2476 616 τευομένου.

2233 654 2256 687 -ι
2296 636 2418 688 Ὅτι
2459 632 2781 704 ἐπιλήψεται
2822 630 3108 698 ἄνθρωπος
3139 625 3234 680 τοῦ
3275 624 3522 695 ἀδελφοῦ
3575 623 3766 690 αὐτοῦ,

2162 723 2323 797 ἢτοῦ
2369 725 2573 779 οἰκείου
2619 720 2717 776 τοῦ
2773 722 2977 793 πατρὸς
3021 717 3210 782 αὑτοῦ,
3261 716 3447 787 λέγων
3472 733 3488 747 ⁶
3528 717 3768 788 Ἰμάτιον

2163 817 2327 888 ἔχεις,
2367 815 2608 889 ἀρχηγὸς
2640 812 2798 884 γενοῦ
2836 813 3012 885 ἡμῶν,
3058 810 3151 864 xui.
3185 810 3244 864 τὸ
3287 809 3500 882 βρῶμα
3529 809 3596 862 τὸ
3637 809 3769 880 ἐμὸν

2159 907 2269 963 ὑπὸ
2310 909 2368 962 σέ
2408 909 2567 963 ἔστω.
2607 908 2719 961 Καὶ
2757 905 3076 978 ἀποκριθεὶς
3115 907 3175 958 ὲν
3221 908 3287 977 τῇ
3324 903 3528 975 ἡμέρα
3582 901 3770 975 ἐκείνῃ

2165 1005 2310 1076 ἐρεῖ·
2345 1001 2458 1055 Οὐκ
2489 999 2680 1072 ἔσομαί
2729 1017 2822 1053 σου
2855 998 3125 1072 ἀρχηγός*
3167 999 3226 1052 οὐ
3257 997 3369 1070 γὰρ
3419 998 3484 1049 ἐν
3522 992 3606 1066 τῷ
3637 995 3770 1065 σίκιρ

2167 1094 2270 1167 μοῦ
2303 1097 2447 1148 ἐστιν
2494 1092 2686 1166 ἄρτος,
2713 1092 2833 1146 οὐδὲ
2866 1091 3098 1164 ίμάτιον.
3131 1091 3244 1146 Οὐκ
3276 1090 3482 1161 ἔσομαι
3522 1087 3770 1160 ἀρχηγὸς

2160 1187 2257 1241 τοῦ
2313 1185 2442 1240 λαοῦ
2490 1184 2713 1250 τούτου,
2761 1187 2843 1238 ὅτι
2893 1186 3101 1240 ἀνεῖται
3163 1182 3565 1254 Ἰερουσαλὴμ,
3602 1179 3700 1232 xui
3733 1180 3767 1250 ή

2174 1277 2402 1333 Ἰουδαία
2437 1276 2827 1347 συμπέπτωκε.
2870 1295 2888 1329 ι
2930 1276 3022 1328 Διὸ
3059 1276 3153 1330 xui
3194 1277 3274 1340 είς
3307 1271 3595 1343 τοσαύτην
3627 1289 3772 1324 πτω-

2161 1372 2312 1443 χείαν
2354 1369 2565 1442 φρενῶν
2596 1371 2689 1423 καὶ
2721 1368 2927 1422 ἔνδειαν
2965 1369 3177 1422 ἐλάσειν
3223 1365 3428 1429 αὐτούς
3466 1381 3663 1435 φησιν,
3696 1363 3772 1426 ὼς

2168 1463 2301 1534 μηδὲ
2348 1460 2590 1531 ἱματίου,
2622 1460 2755 1531 μηδὲ
2807 1461 2974 1532 ἄρτου
3019 1460 3304 1531 εὐπορεῖν·
3360 1457 3592 1529 ἱματίου
3651 1455 3769 1526 μὲνκ

2165 1551 2599 1624 ἐκλαμϐάνεσθαι
2637 1552 2934 1624 δυναμένου
2981 1552 3221 1623 νοητῶς,
3271 1548 3369 1603 τοῦ
3422 1549 3772 1618 εὐσχήμονος

2165 1647 2259 1698 xui
2285 1645 2508 1715 κοσμίου
2541 1643 2698 1712 λόγου
2729 1643 2820 1696 τοῦ
2852 1642 3216 1705 καλύπτοντος
3240 1640 3426 1695 αὐτῶν
3455 1638 3562 1709 τῆς
3593 1637 3775 1708 ψυχῆς

482 1729 748 1830 οοιεέοι,
784 1756 940 1825 panis
974 1729 1155 1808 autem
1210 1749 1434 1822 intelligi
1471 1748 1642 1819 possit
1678 1747 1761 1813 is,
1810 1746 1903 1815 qui
1949 1743 2066 1798 ani-

2183 1736 2264 1807 τὴν
2293 1734 2707 1807 ἀσχημοσύνην·
2739 1733 2906 1804 ἄρτου
2935 1733 2991 1786 δὲ
3019 1732 3112 1786 τοῦ
3143 1732 3240 1804 τῆς
3267 1730 3522 1793 διανοίας
3554 1729 3776 1799 θρεπτι-

492 1868 641 1908 ιιιιοιιι
673 1850 932 1906 enutriat.

573 1965 592 1996 ι
631 1946 693 1999 Et
733 1944 929 2011 lingua:
962 1953 1148 1996 eorum
1183 1951 1305 1992 cum
1338 1933 1654 2003 iniquitate,
1689 1928 1925 1985 Domino
1960 1943 2068 1982 non

495 2036 979 2105 obtemperantes:
1022 2030 1282 2101 quoniam
1327 2041 1472 2081 nunc
1515 2022 1799 2078 humiliata
1843 2031 1928 2076 est
1948 2020 2070 2090 eglo-

497 2128 575 2181 ria
619 2141 830 2180 eorum.
859 2144 892 2176 ’δ
926 2126 1118 2179 Annon
1167 2121 1382 2188 linguas
1419 2132 1550 2172 suas
1577 2124 1910 2171 exacuerunt
1942 2129 2072 2166 coa-

501 2228 584 2270 tra
629 2216 949 2279 Dominum,
989 2212 1207 2282 quando
1248 2212 1412 2265 hasce
1460 2207 1658 2276 impias
1707 2205 1939 2261 emisere
1977 2217 2072 2256 vo-

444 2319 448 2324 ’
498 2324 612 2373 ces,
649 2326 666 2360 ι
713 2306 898 2370 Tolle,
944 2303 1069 2360 tolle
1123 2319 1288 2367 eum;
1363 2311 1418 2356 et
1469 2298 1691 2369 sanguis
1739 2297 1856 2368 ejus
1912 2309 2073 2364 super

498 2416 599 2454 nos
647 2408 705 2455 et
739 2413 900 2468 super
941 2398 1082 2451 [llios
1120 2405 1337 2451 nostros
1363 2392 1455 2446 “7
1484 2411 1504 2444 ι
1541 2390 1694 2445 Tunc
1744 2401 1932 2443 revera
1975 2385 2074 2440 lin-

498 2508 604 2563 gua
639 2506 828 2545 eorum
879 2499 934 2544 et
974 2487 1154 2543 studia
1191 2501 1406 2550 eorum,
1443 2483 1738 2539 secundum
1782 2477 2072 2549 Aquilam,

499 2594 688 2638 contra
729 2581 1016 2638 Dominum
1068 2578 1247 2643 fuere,
1299 2577 1370 2632 ad
1411 2571 1850 2632 exacerbandum
1895 2567 2070 2635 illum,

498 2677 798 2729 secundum
833 2672 1246 2743 Symmachum.

570 2771 734 2824 Vens.
771 2766 926 2822 9-12.
957 2784 974 2816 ι
1004 2764 1069 2818 Ει
1092 2764 1284 2834 linguae
1304 2774 1492 2816 eorum
1527 2757 1724 2827 iniqua:
1758 2769 1775 2808 :
1814 2769 1936 2825 quae
1971 2753 2077 2808 Do-

500 2863 632 2917 mini
699 2869 824 2915 sunt
880 2871 984 2912 non
1047 2856 1294 2912 credunt.
1354 2849 1539 2920 Itaque
1595 2862 1738 2903 nunc
1792 2845 2075 2902 humiliata

500 2955 671 3025 gloria
701 2967 911 3016 eorum,
945 2959 1000 3004 et
1035 2945 1282 3004 confusio
1313 2942 1490 2997 vultus
1525 2952 1714 2995 eorum
1743 2937 1944 2992 restitit
1971 2935 2072 2989 eis.

500 3049 789 3103 Peccatum
819 3053 997 3097 autem
1032 3055 1192 3094 suum
1235 3035 1393 3106 quasi
1422 3033 1782 3088 Sodomorum
1813 3027 2077 3092 praedica-

2100 1813 2142 1868 Β
2163 1827 2268 1879 «κοῦ
2278 1867 2289 1878 .

2245 1937 2265 1969 ι
2309 1918 2418 1971 Καὶ
2463 1917 2520 1971 αἱ
2549 1916 2791 1987 γλῶσσαι
2832 1915 3011 1969 αὐτῶν
3051 1913 3188 1986 μετά
3234 1914 3496 1986 ἀνομίας,
3530 1913 3604 1966 τὰ
3639 1911 3776 1984 πρὸς

2171 2012 2372 2084 Κύριον
2410 2009 2792 2074 ἀπειθοῦντεςο
2837 2009 2970 2062 διότι
3014 2009 3108 2063 νῦν
3161 2005 3514 2078 ἐταπεινώθη
3570 2008 3604 2077 ή
3648 2004 3776 2068 δόξα

2170 2103 2371 2158 αὐτῶν.
2413 2123 2431 2155 ι
2466 2102 2542 2174 (8)
2575 2104 2646 2156 Ἦ
2684 2103 2807 2173 οὐχὶ
2831 2102 2929 2166 τὰς
2955 2101 3167 2155 ἑαυτῶν
3197 2101 3484 2172 ἠκόνησαν
3518 2097 3778 2169 γλώσσας

2168 2200 2312 2256 κατὰ
2343 2199 2435 2252 τοῦ
2471 2199 2700 2271 Κυρίου,
2734 2197 2970 2270 ὁπηνίκα
2999 2198 3097 2262 τάς
3135 2196 3352 2259 ἀσεϐεῖς
3380 2195 3628 2266 ἠφίεσαν
3668 2211 3778 2263 φω-

2173 2292 2269 2355 νάς
2306 2291 2584 2359 λέγοντες·
2615 2307 2634 2340 ι
2665 2285 2817 2360 Αἶρε,
2853 2283 2975 2358 αἶρε
3005 2286 3183 2341 αὐτόν·
3215 2288 3277 2341 τὸ
3300 2280 3447 2358 αἷμα
3481 2285 3654 2338 αὐτοῦ
3693 2286 3777 2353 ἐφ’

2171 2384 2320 2454 ἡμᾶς
2355 2381 2450 2434 xui
2481 2381 2573 2432 ἐπὶ
2600 2380 2666 2434 τὰ
2703 2381 2866 2433 τέκνα
2907 2379 3100 2450 ήμῶν;
3143 2401 3160 2431 ι
3209 2377 3342 2432 Τότε
3374 2378 3491 2448 γόῳ
3519 2377 3598 2441 ὡς
3646 2377 3780 2445 ἀλη-

2175 2475 2282 2538 θῶς
2312 2475 2345 2545 ἡ
2381 2473 2601 2542 γλῶσσα
2649 2472 2831 2526 αὐτῶν
2874 2473 2967 2525 καὶ
3007 2471 3076 2525 τὰ
3107 2469 3527 2542 ἐπιτηδεύματα
3569 2467 3774 2528 αὐτῶν,

2171 2566 2316 2621 κατά
2350 2566 2440 2620 τὸν
2484 2565 2734 2628 Ἀκύλαν,
2765 2563 2908 2619 κατά
2935 2563 3030 2618 τοῦ
3075 2563 3281 2635 Κυρίου
3313 2562 3572 2632 γέγονεν,
3604 2563 3686 2624 είς
3719 2556 3778 2613 τὸ

2176 2659 2586 2729 παρκπικρᾶναι
2612 2655 2792 2720 αὐτὸν,
2824 2655 2965 2709 κατά
2997 2654 3313 2725 Σύμμαχον.

2254 2767 2272 2800 ι
2315 2748 2430 2802 Καὶ
2463 2751 2515 2802 ut
2547 2747 2789 2818 γλῶσσαι
2822 2746 3002 2802 αὐτῶν
3044 2746 3181 2818 μετὰ
3224 2746 3480 2817 ἀνομίας,
3527 2745 3603 2799 τὰ
3641 2745 3776 2818 πρὸς

2176 2843 2378 2916 Κύριον
2425 2842 2795 2907 ἀπειθοῦντες.
2849 2841 2994 2895 Διότι
3027 2840 3123 2896 νῦν
3167 2839 3510 2912 ἐταπεινώθη
3562 2841 3599 2911 ἡ
3649 2839 3775 2905 δόξα

2176 2935 2376 3000 αὐτῶν,
2411 2936 2505 2988 xui.
2533 2937 2566 3007 ή
2601 2934 2830 3006 αἰσχύνη
2865 2933 3045 2988 αὐτῶν
3075 2932 3170 2986 τοῦ
3203 2930 3503 3004 προσώπου
3535 2931 3773 3001 ἀντέστη

2177 3027 2378 3088 αὐτοῖς.
2416 3025 2526 3097 Τὴν
2568 3025 2623 3078 δὲ
2670 3025 2946 3096 ἁμαρτίαν
2977 3023 3157 3077 αὐτῶν
3188 3024 3264 3087 ὡς
3304 3021 3565 3093 Σοδόμων
3599 3021 3776 3092 ἀνήγ-

501 3149 628 3194 runt
670 3147 726 3193 et
773 3134 1137 3207 publicarunt.
1182 3127 1276 3182 Vae
1326 3125 1518 3180 animm
1543 3135 1756 3182 eorum,
1792 3120 1918 3188 quia
1942 3116 2073 3171 inie—

2183 3117 2362 3186 γειλαν
2419 3117 2514 3170 xui.
2558 3116 2898 3186 ἐνεφάνισαν.
2932 3115 3068 3169 Οὐαὶ⁸
3102 3117 3169 3187 τῇ
3211 3114 3355 3185 ψυχῇ
3398 3113 3610 3178 αὐτῶν,
3642 3112 3776 3166 διότι

501 3240 630 3287 runt
663 3227 946 3285 consilium
970 3222 1168 3278 malum
1233 3229 1423 3274 contra
1455 3231 1535 3281 se,
1567 3215 1842 3268 dicentes:
1868 3208 2073 3277 Allige-

502 3340 623 3380 inus
646 3324 873 3394 justum,
912 3317 1038 3388 quia
1068 3311 1274 3370 inutilis
1303 3319 1387 3366 est
1409 3308 1583 3363 nobis.
1629 3305 1818 3375 Itaque
1871 3303 2078 3358 t‘rucIvs

501 3433 728 3487 operum
780 3425 1003 3469 suorum
1071 3404 1380 3464 comedent.
1428 3401 1519 3458 Vm
1548 3399 1756 3468 iniquo,
1797 3395 1941 3452 mala
1981 3410 2077 3466 pro

503 3511 758 3581 operibus
822 3519 1078 3561 manuum
1116 3500 1234 3570 ejus
1284 3496 1544 3554 evenient
1581 3493 1654 3548 ei.
1679 3489 1880 3560 Popule
1904 3503 2076 3554 meus,

506 3613 794 3656 exactores
821 3597 985 3652 vestri
1018 3596 1301 3649 demetunt
1330 3604 1450 3655 vos,
1490 3596 1547 3642 et
1585 3583 1868 3654 exigentes
1904 3581 2079 3636 domi-

507 3703 709 3746 nantur
740 3688 912 3742 vobis.
954 3683 1160 3755 Popule
1188 3695 1361 3744 meus,
1404 3678 1498 3750 qui
1542 3677 1732 3733 beatos
1760 3688 1859 3728 vos
1881 3671 2079 3744 pradi-

505 3791 662 3844 cunt,
698 3779 970 3848 decipiunt
999 3789 1115 3839 vos,
1146 3781 1200 3828 et
1238 3771 1492 3826 semitam
1536 3766 1735 3838 pedum
1777 3773 2080 3820 vestron

508 3875 748 3928 turbant.
789 3891 807 3924 ι
845 3869 977 3925 Cum
1002 3865 1211 3923 Judaici
1243 3861 1425 3934 populi
1451 3855 2081 3931 principes,Jud:corum

506 3967 645 4020 bona
681 3963 780 4018 sibi
815 3961 1072 4030 colligere
1109 3955 1306 4010 vellent
1336 3969 1431 4024 per
1451 3949 1716 4022 primitias
1739 3957 1793 4003 et
1818 3949 2079 4008 decimas,

508 4057 754 4125 aliasque
792 4068 879 4107 res
914 4051 1039 4116 sibi,
1070 4057 1253 4120 utpote
1282 4044 1620 4116 principibus
1653 4050 1708 4096 et
1739 4039 2080 4102 doctoribus,

492 4150 735 4210 oblatas,
776 4161 880 4200 non
923 4144 1172 4200 sinebant
1216 4154 1312 4195 eos
1363 4138 1430 4192 ad
1483 4133 1683 4190 Christi
1719 4131 2080 4202 cognitionem

509 4241 788 4295 accedere.
813 4238 947 4292 Cum
989 4250 1121 4305 ergo
1158 4247 1322 4301 supra
1376 4237 1677 4284 memorata
1717 4225 1866 4279 lucra
1903 4225 2084 4292 exige-

503 4340 669 4396 rent,
706 4332 824 4384 ideo
859 4336 1148 4399 peccantes
1174 4341 1280 4381 non
1309 4320 1721 4391 coarguebant.
1759 4316 1850 4371 sed
1902 4315 2083 4369 omnia

498 4425 574 4478 ad
603 4423 969 4477 adulationem
1020 4420 1075 4475 in
1128 4414 1416 4484 colloquiis
1463 4417 1849 4480 temperantes,
1895 4407 2085 4460 beatos

2180 3207 2554 3279 βεϐούλευνται
2573 3206 2763 3278 βουλὴν
2780 3206 3022 3279 πονηρὰν
3051 3205 3174 3259 καθ’
3203 3204 3435 3270 ἑαυτῶν,
3475 3206 3767 3268 εἰπόντες·

2178 3305 2439 3374 Δήσωμεν
2466 3301 2557 3355 τὸν
2585 3301 2815 3366 δίκαιον,
2838 3302 2919 3355 ὅτι
2940 3300 3276 3372 δύσχρηστος
3301 3301 3434 3372 ἡμῖν
3465 3302 3642 3355 ἐστιν.
3663 3297 3776 3352 Τοί-

2178 3415 2274 3451 νυν
2311 3396 2380 3450 τά
2401 3395 2712 3466 γεννήματα
2747 3393 2856 3450 τῶν
2888 3393 3064 3465 ἔργων
3093 3391 3272 3446 αὐτῶν
3306 3391 3604 3462 φάγονται.
3639 3389 3774 3444 Οὐαὶ

2178 3488 2257 3560 τῷ
2287 3489 2494 3559 ἀνόμῳ,
2540 3486 2751 3559 πονηρά
2780 3485 2920 3539 κατά
2952 3485 3019 3538 τὰ
3049 3483 3187 3556 ἔργα
3217 3483 3326 3536 τῶν
3367 3484 3579 3556 χειρῶν
3611 3481 3774 3537 αὐτοῦ

2180 3580 2519 3653 συμϐήσεται
2542 3577 2708 3650 αὐτῷ.
2740 3579 2882 3644 Λαός
2917 3595 3042 3650 μου,
3073 3579 3121 3631 οί
3150 3578 3463 3652 πράκτορες
3493 3577 3655 3648 ὑμῶν
3685 3592 3776 3628 κα-

2180 3670 2460 3745 λαμῶνται
2518 3674 2682 3745 ὑμᾶς,
2743 3672 2837 3727 xui.
2895 3672 2944 3725 οί
3001 3669 3360 3734 ἀπαιτοῦντες
3419 3670 3774 3743 κυριεύουσιν

2183 3765 2357 3839 ὑμῶν.
2411 3765 2552 3829 Λαός
2601 3783 2723 3836 μου,
2783 3765 2829 3818 οί
2879 3763 3279 3836 μακαρίζοντες
3312 3762 3461 3834 ὑμᾶς
3493 3762 3774 3817 πλανῶσιν

2182 3860 2348 3931 ὑμᾶς,
2385 3859 2478 3912 καὶ
2510 3859 2607 3930 τήν
2633 3857 2818 3930 τρίϐον
2850 3859 2958 3910 τῶν
2984 3857 3158 3910 ποδῶν
3191 3855 3345 3928 ὑμῶν
3392 3857 3774 3929 ἐκταράσσω-

2187 3969 2238 4006 σι
2259 3952 2355 4022 (9).
2393 3971 2410 4003 ι
2441 3951 2760 4022 Βουλόμενοι
2800 3951 2869 4004 τά
2902 3950 3052 4022 παρά
3100 3951 3195 4002 τοῦ
3231 3949 3360 4002 λαοῦ
3407 3951 3670 4018 συνάγειν
3725 3949 3774 4000 οί

2184 4045 2442 4117 ἄρχοντες
2469 4043 2563 4097 τοῦ
2615 4042 2883 4097 Ἰουδαίων
2907 4043 3090 4106 ἔθνους
3117 4042 3183 4095 δι’
3204 4043 3472 4113 ἀπαρχῶν
3496 4043 3594 4096 xui
3612 4041 3772 4094 δεκα-

2184 4136 2314 4199 τῶν,
2335 4135 2429 4188 xui.
2445 4134 2618 4190 ἀλλων
2637 4134 2745 4187 τῶν
2769 4134 2951 4197 αὐτοῖς
2972 4135 3046 4197 ὡς
3067 4132 3294 4204 ἄρχουσι
3317 4133 3410 4186 καὶ
3429 4130 3775 4190 διδασκάλοις

2185 4224 2666 4296 προσφερομένων,
2731 4225 2830 4277 ούκ
2891 4225 3193 4296 ἐπέτρεπον
3245 4224 3344 4296 τὴν
3398 4227 3483 4289 είς
3535 4219 3772 4296 Χριστὸν

2184 4317 2386 4385 γνῶσιν
2428 4317 2625 4381 αὐτοὺς
2670 4315 2980 4371 ἀναλαϐεῖν.
3039 4316 3424 4381 Ἀπαιτοῦντες
3474 4317 3657 4371 τοίνυν
3707 4311 3775 4365 τὰ

2187 4407 2552 4480 προλεχθέντα
2596 4407 2786 4480 κέρδη,
2819 4406 3024 4461 τούτων
3068 4408 3231 4461 ἕνεκα
3261 4406 3382 4460 οὐδὲ
3427 4406 3556 4471 τοὺς
3593 4405 3772 4476 ἀμαρο

507 4530 602 4572 eos
628 4513 1032 4584 prazdicabant;
1066 4517 1125 4564 et
1148 4524 1179 4563 a
1203 4515 1352 4561 recta
1379 4504 1468 4557 via
1497 4502 1563 4556 ad
1593 4499 1837 4556 salutare
1857 4497 2073 4551 verbum

2183 4486 2446 4566 τάνοντας
2493 4500 2754 4572 ήλεγχονο
2809 4501 2986 4554 πάντα
3037 4499 3094 4553 δὲ
3141 4499 3294 4572 πρὸςο
3324 4498 3618 4554 κολακείαν
3649 4497 3774 4567 ὁμι-

507 4610 743 4663 ducente
792 4611 1127 4667 avertentes,
1175 4613 1398 4670 gressus
1446 4596 1642 4649 anima:
1671 4609 1856 4648 eorum
1897 4590 2082 4646 devia-

504 4701 661 4755 bant.

577 4882 738 4937 Vnus.
768 4878 952 4934 lS-N.
988 4895 1007 4930 ι
1043 4877 1149 4931 Sed
1173 4889 1317 4929 nunc
1344 4871 1703 4928 constituetur
1725 4868 2082 4938 injndicium,

508 4977 664 5031 sistet
697 4976 749 5027 in
787 4970 1046 5039 judicium
1099 4965 1354 5036 populum
1400 4978 1602 5019 suum:
1660 4963 1774 5032 ipse
1824 4961 2084 5016 Dominus

509 5071 560 5124 in
587 5067 852 5139 judicium
883 5066 1066 5118 veniet
1108 5074 1232 5116 cum
1287 5056 1598 5113 senioribus
1639 5054 1821 5125 populi
1870 5064 1926 5110 et
1961 5069 2084 5108 cum

504 5160 845 5232 principibus
899 5158 1037 5227 ejus.
1075 5172 1094 5206 ι
1132 5152 1436 5207 Admodum
1482 5159 1892 5214 consentanee,
1933 5154 2086 5215 post-

503 5271 664 5326 quam
692 5254 924 5323 primum
957 5244 1264 5304 Salvatoris
1300 5244 1594 5298 adventum
1651 5255 1716 5295 ac
1776 5239 2083 5310 principmn

505 5347 686 5418 populi
714 5344 1055 5401 eversionem
1070 5337 1398 5392 vaticinatus
1425 5343 1544 5401 est,
1578 5333 1800 5388 secundi
1821 5332 2084 5386 adventus

503 5443 620 5511 ejns
640 5439 886 5493 notitiam
910 5435 1074 5490 tradit
1091 5433 1176 5488 his
1201 5428 1414 5484 verbis:
1441 5445 1460 5478 ι
1486 5427 1603 5494 Ipse
1620 5425 1880 5480 Dominus
1901 5424 2084 5478 veniet

479 5637 482 5644 Δ
572 5561 618 5592 ¹²
649 5559 809 5612 Joan.
841 5571 956 5622 XIX,
994 5554 1080 5609 45.
1112 5551 1304 5607 Matth.
1347 5564 1518 5614 xxvii,
1544 5549 1641 5610 25.

577 5676 652 5816 (εγ
688 5674 822 5729 llinc
846 5684 1058 5742 quoque
1103 5668 1464 5745 Hieronymus
1497 5669 1743 5736 quaadam
1770 5669 2067 5737 excerpsit.

577 5749 629 5814 (9
696 5745 820 5799 lla'c
869 5746 941 5797 ita
987 5740 1244 5816 exprimit
1291 5737 1692 5816 Hieronymus:
1746 5757 1765 5790 ι
1806 5737 2067 5816 Loquitur

577 5737 651 5814 (9)
696 5745 820 5799 lla'c
863 5737 941 5797 ita
975 5737 1244 5814 exprimit
1291 5737 1692 5814 Hieronymus:
1746 5757 1765 5790 ι
1806 5737 2073 5814 Loquitur

507 5810 685 5873 autem
723 5831 898 5871 sermo
929 5810 1276 5876 propin-tiens
1310 5819 1498 5863 contra
1529 5811 1749 5866 Scribas
1795 5821 1850 5866 et
1890 5811 2070 5864 Phari-

2189 4593 2427 4657 λοῦντες,
2462 4593 2796 4663 ἐμακάριζον
2829 4591 3028 4656 αὐτούς
3052 4608 3065 4622 ·
3115 4594 3210 4646 xui
3240 4593 3648 4665 ἀποτρέποντες
3674 4589 3771 4658 τῆς

2189 4685 2405 4749 εὐθείας
2442 4684 2585 4749 ὁδοῦ,
2616 4683 2718 4754 τῆς
2745 4686 2985 4757 ἀγούσης
3029 4683 3124 4738 ἐπὶ
3165 4685 3256 4740 τὸν
3291 4687 3559 4758 σωτήριον
3596 4684 3769 4751 λόγον,

2187 4779 2502 4852 διέστρεφον
2523 4779 2706 4833 αὐτῶν
2739 4778 2806 4834 τὰ
2843 4779 2943 4851 τῆς
2969 4778 3148 4850 ψυχῆς
3183 4779 3425 4851 βήματα.

2269 4891 2286 4924 ι
2342 4871 2501 4925 Ἀλλὰ
2539 4871 2634 4925 νῦν
2663 4872 3064 4943 καταστήσεται
3093 4873 3174 4934 είς
3221 4870 3424 4942 κρίσιν,
3458 4869 3557 4924 xui.
3588 4866 3770 4938 στήσει

2199 4966 2280 5028 είς
2323 4963 2504 5035 κρίσιν
2534 4963 2624 5017 τὸν
2657 4963 2783 5017 λαὸν
2814 4961 3012 5017 αὑτοῦ·
3046 4961 3210 5023 αὐτὸς
3238 4962 3443 5036 Κύριος
3470 4963 3551 5024 είς
3596 4959 3770 5031 κρίσιν

2191 5054 2311 5126 ἥξει
2345 5054 2484 5126 μετά
2515 5054 2624 5109 τῶν
2673 5053 3059 5127 πρεσϐυτέρων
3086 5053 3178 5107 τοῦ
3211 5051 3343 5106 λαοῦ
3374 5054 3467 5107 xui.
3499 5052 3636 5124 μετά
3668 5046 3770 5101 τῶν

2191 5148 2466 5220 ἀρχόντων
2495 5146 2684 5201 αὐτοῦ.
2715 5165 2735 5198 ι
2761 5145 2971 5219 Σφόδρα
2999 5146 3057 5200 δὲ
3083 5144 3393 5208 ἀκολούθως
3419 5146 3521 5217 τὴν
3555 5140 3770 5213 πρώτην

2191 5239 2286 5293 τοῦ
2318 5240 2568 5312 Σωτῆρος
2595 5239 2900 5308 παρουσίαν
2945 5237 3229 5302 θεσπίσας,
3260 5237 3357 5290 xui.
3398 5236 3497 5308 τὴν
3525 5235 3633 5288 τῶν
3676 5232 3770 5300 ἁρ-

2191 5333 2391 5403 χόντων
2425 5331 2517 5386 τοῦ
2550 5331 2678 5385 λαοῦ
2721 5329 3070 5404 διαστροφὴν,
3096 5331 3210 5401 ,τῆς
3253 5328 3508 5401 δευτέρας
3540 5323 3770 5394 ἀφίξεως

2190 5424 2359 5479 αὐτοῦ
2390 5424 2726 5497 παραδίδωσι
2750 5424 2850 5497 τὴν
2877 5423 3102 5495 γνῶσιν,
3129 5421 3324 5492 λέγων·
3353 5419 3553 5481 (Αὐτὸς
3571 5417 3767 5485 Κύριος

2184 5686 2341 5733 suros,
2398 5670 2487 5738 qni
2545 5668 2723 5738 turpis
2772 5667 2906 5722 lucri
2939 5666 3135 5738 gratia,
3184 5671 3246 5717 ut
3290 5659 3598 5738 acciperent
3632 5648 3764 5704 deci-

2186 5727 2372 5805 mus,»
2407 5727 2538 5808 etc.,
2575 5727 2666 5797 ubi
2695 5741 2824 5796 itcm
2855 5727 2973 5810 qui:
3003 5727 3639 5803 subsequunturlegcsis.
