3968 6522
226 451 308 506 HS
1137 441 1648 498 COMMENTARIA
1689 441 1754 496 IN
1794 441 2046 498 IS‘AIAM.
2087 475 2153 485 —
2191 443 2344 500 CAP.
2377 445 2474 504 l'V'.

3347 457 3443 512 IN

220 573 316 642 ἥξει
334 571 407 631 εἰς
432 565 632 640 κρίσιν.
660 583 682 616 ι
701 562 796 616 καὶ
824 562 891 616 τὰ
908 559 1050 632 ἑξῆς.
1084 581 1099 613 ι
1124 561 1311 632 Ὑμεῖς
1337 561 1393 616 δὲ
1415 560 1761 633 ὲνεπυρίσατε

1875 562 1928 616 in
1981 561 2266 631 judicium,
2307 584 2326 617 ι
2354 575 2460 619 etc.
2496 584 2513 616 ι
2549 564 2654 622 Vos
2680 577 2861 624 autem
2886 570 3205 630 incendistis
3233 576 3441 635 vineam

217 664 292 716 τδν
312 656 600 728 ἀμπελῶνά
645 673 770 726 μου,
832 653 926 708 καὶ
967 652 1190 724 ἁρπαγὴ
1213 651 1306 705 τοῦ
1329 651 1544 722 πτωχοῦ
1568 654 1626 715 ὲν
1657 653 1767 713 τοῖς

218 757 360 814 οἴκοις
390 748 564 820 ὑμῶν.
593 767 610 799 ι
649 745 756 809 Οὓς
788 745 862 808 ὼς
893 744 1280 815 παραστάντας
1319 743 1398 814 τῷ
1426 743 1520 797 τοῦ
1562 743 1764 814 Κυρίου

221 844 396 914 βήματι
448 839 888 908 καταμέμφεται,
948 836 1042 888 καὶ
1097 837 1176 898 είς
1226 836 1518 906 πρόσωπον
1570 835 1767 898 αὐτοὺς

219 935 510 1004 ἀπελέγχειο
559 932 685 986 λαὸν
718 931 774 985 δὲ
813 929 977 984 αὐτοῦ
1015 929 1296 995 ἀποκαλεῖ,
1342 930 1434 982 καὶ
1473 928 1768 1000 ἀμπελῶνα

217 1024 358 1078 αύτοῦ
389 1022 884 1095 ὲμπεπυρισμένον,
915 1024 1043 1087 τοὺς
1081 1022 1223 1077 κατά
1272 1023 1630 1094 συναρπαγὴν
1671 1022 1766 1075 καὶ

216 1119 517 1190 διαστροφὴν
549 1118 658 1171 τῶν
689 1116 1022 1171 διδασκάλων
1063 1117 1469 1188 ἠπατημένους,
1505 1116 1598 1180 οὓς
1633 1117 1765 1172 ἀνα-

217 1211 518 1282 καλούμενος
545 1210 640 1264 καὶ
678 1209 816 1282 πρὸς
840 1209 1029 1263 ἑαυτὸν
1073 1209 1435 1280 ἐπιστρέφων,
1469 1208 1766 1282 ἀποτρέπει

215 1303 296 1372 τῆς
320 1301 421 1354 τῶν
447 1287 858 1372 προλεχθέντωνι
881 1299 1204 1370 διαστρόφου
1231 1298 1597 1362 διδασκαλίας.

277 1411 294 1444 ι
328 1392 389 1445 Τί
414 1393 574 1463 ὑμεῖς
621 1392 857 1447 ἀδικεῖτε
896 1391 989 1445 τὸν
1035 1391 1164 1448 λαόν
1200 1409 1326 1463 μου,
1379 1392 1472 1444 καὶ
1509 1391 1569 1444 τὸ
1602 1391 1770 1465 πρόσ-

214 1500 338 1538 ωπον
369 1482 471 1537 τῶν
519 1483 753 1555 πτωχῶν
782 1483 1203 1554 καταισχύνετε;
1240 1503 1257 1536 ι
1297 1482 1457 1546 Ἔθος
1489 1487 1603 1547 τοῖς
1645 1481 1765 1538 ἀδι-

215 1575 346 1628 κοῦσι
393 1576 484 1628 καὶ⁹
523 1575 941 1646 ἀποστεροῦσιν,
979 1576 1202 1631 ἐπειδὰν·
1235 1572 1588 1644 ἐγκαλοῦνται
1617 1576 1767 1648 παρά

211 1664 300 1718 τῶν
327 1665 690 1737 ἠδικημένων,
725 1665 913 1737 ὕϐρεσι
944 1667 1039 1723 καὶ
1071 1666 1360 1739 λοιδορίαις
1388 1665 1768 1736 καταισχύνειν

213 1757 399 1821 αὐτοὺς,
419 1757 850 1824 ὲξευτελίζοντες
867 1759 958 1812 καὶ
978 1759 1190 1829 πληγὰς
1207 1758 1575 1824 ἀπειλοῦντες.
1598 1758 1770 1814 Τοῦτο

210 1846 287 1903 οὖν
319 1867 463 1922 φησι,
514 1851 628 1920 Τὴν
672 1851 802 1922 ὑμῖν
852 1853 1234 1924 προσήκουσαν
1284 1853 1349 1904 ὲκ
1399 1850 1496 1922 τῆς
1554 1853 1767 1916 ἀδικίας

1871 669 2072 720 meam,
2107 667 2162 710 et
2224 656 2414 725 rapina
2464 660 2719 728 pauperis
2769 660 2822 714 in
2874 662 3123 720 domibus
3171 670 3386 724 vestris.
3419 690 3440 724 ι

1876 744 2023 812 Quos
2080 757 2138 801 ut
2198 748 2454 804 tribunali
2512 751 2719 806 Domini
2773 763 3022 810 astantes
3071 755 3337 828 obiurgat,
3390 773 3445 818 et

1872 839 2018 909 ipsos
2071 855 2252 895 coram
2316 843 2586 912 coarguit.
2640 843 2899 915 Populum
2957 858 3137 904 autem
3184 866 3338 906 suum
3390 867 3444 910 et

1870 931 2084 986 vineam
2123 949 2276 990 suam
2316 933 2603 991 incensam
2632 947 2790 992 vocat
2817 953 2931 1003 eos,
2959 941 3052 1009 qui
3079 956 3147 995 ex
3179 945 3360 1013 rapina
3391 957 3446 1001 et

1871 1025 2229 1094 perversitate
2265 1027 2544 1082 doctorum
2587 1026 2797 1098 decepti
2840 1039 2968 1084 sunt
2997 1046 3011 1083 :
3037 1046 3174 1102 quos
3211 1048 3444 1090 evocans

1869 1125 1920 1172 et
1943 1117 2009 1170 ad
2040 1132 2101 1173 se
2137 1120 2437 1185 reducens,
2472 1134 2500 1173 a
2534 1134 2792 1191 perversa
2818 1134 3237 1181 memoratorum
3266 1128 3442 1182 homi-

1872 1223 2000 1263 num
2032 1209 2277 1264 doctrina
2306 1211 2527 1265 avertit.

1949 1389 2113 1448 Vsus.
2147 1392 2236 1446 15.
2289 1411 2308 1444 ι
2346 1392 2482 1460 Quid
2529 1409 2625 1450 vos
2678 1395 2872 1463 injuria
2929 1398 3138 1456 aﬂicitis
3191 1402 3444 1471 populum

1870 1497 2070 1548 meum,
2089 1495 2142 1538 et
2163 1485 2365 1538 vultum
2385 1501 2680 1556 pauperum
2694 1489 3027 1544 confunditis
3047 1491 3070 1544 ?
3093 1512 3111 1545 ι
3136 1491 3250 1547 Mos
3271 1505 3353 1548 est
3379 1497 3444 1550 iis

1873 1579 1964 1648 qui
1997 1579 2248 1646 injuriam
2290 1580 2528 1636 inferunt
2567 1593 2622 1637 et
2653 1584 2948 1654 abripiunt,
2981 1595 3040 1639 ut
3079 1603 3199 1643 cum
3232 1603 3260 1641 a
3304 1589 3445 1646 ltesis

1871 1672 2302 1740 expostulantur,
2350 1675 2693 1729 contumeliis
2735 1685 2789 1729 et
2826 1679 3087 1732 conviciis
3137 1680 3282 1749 ipsos
3310 1697 3444 1735 con—

1870 1761 2149 1825 fundant,
2209 1763 2602 1832 vilipendentes
2665 1779 2729 1820 ac
2789 1766 2976 1837 plagas
3025 1771 3444 1825 comminantes.

1871 1853 1984 1908 Hoc
2014 1854 2186 1925 igitur
2220 1855 2325 1920 ait,
2370 1855 2765 1926 Congruentem
2798 1860 2951 1914 vobis
2978 1876 3041 1914 ex
3073 1861 3217 1916 illata
3248 1863 3443 1933 injuria

211 1944 439 2015 αίςχύνην
471 1946 706 2017 ταύτην,
738 1946 804 1998 ὲκ
827 1946 927 2017 τῆς
959 1945 1274 2018 τυραννίδος
1303 1947 1457 2018 ὑμῶν
1481 1949 1593 2010 τοῖς
1621 1964 1761 2002 πτω-

1874 1947 2155 2016 pudorem,
2188 1949 2472 2017 tyrannica
2519 1948 2568 2002 vi
2597 1958 2831 2016 utentes,
2874 1951 2929 2005 in
2959 1967 3226 2022 pauperes
3264 1953 3446 2008 refun-

211 2044 304 2111 χοῑς
338 2040 724 2112 περιτρέπετε.

271 2152 288 2184 ι
317 2133 447 2187 Τάδε
474 2132 628 2201 λέγει
665 2130 892 2204 Κύριος·
933 2125 1161 2186 ⁸Ανθ’ῶν
1190 2129 1480 2204 ὑψῶθησαν
1515 2133 1570 2184 ai
1601 2131 1766 2201 θυγα-

209 2221 339 2293 τέρες
371 2223 532 2287 Σιὼν,
578 2221 674 2277 καὶ
703 2220 1079 2294 ἐπορεύθησαν
1122 2220 1312 2292 ὑψηλῷ
1357 2222 1633 2298 τραχήλῳ,
1670 2223 1765 2278 καὶ

209 2318 256 2369 ὲν
289 2316 541 2386 νεύμασιν
585 2314 897 2386 ὀφθαλμῶν,
935 2316 1029 2374 καὶ
1073 2317 1140 2387 τῇ
1182 2316 1381 2386 πορείᾳ
1423 2315 1530 2370 τῶν
1569 2315 1762 2383 ποδῶν,

211 2410 303 2479 ἅμα
346 2409 609 2482 σύρουσαι
658 2411 786 2474 τοὺς
831 2408 1089 2481 χιτῶνας,
1136 2410 1230 2462 καὶ
1271 2412 1383 2471 τοῖς
1435 2407 1594 2462 ποσὶν
1648 2409 1765 2480 ἃμα

212 2508 496 2571 παίζουσαι·
535 2507 634 2561 καὶ
677 2506 1004 2561 ταπεινώσει
1037 2505 1241 2578 Κύριος
1273 2507 1301 2558 ὁ
1334 2505 1465 2568 Θεὸς
1491 2504 1764 2576 ἀρχούσας

210 2598 481 2671 θυγατέρας
520 2597 685 2662 Σιὼν,
715 2600 810 2654 καὶ
847 2599 1052 2670 Κύριος
1091 2595 1432 2668 ἀποκαλύψει
1473 2597 1536 2650 τὸ
1577 2597 1765 2669 σχῆμα

209 2692 375 2745 αὐτῶν.
408 2711 426 2744 ι
465 2691 707 2745 Δύναται
735 2691 790 2744 δὲ
822 2691 996 2745 ταῦτα
1026 2691 1100 2763 μὴ
1130 2691 1259 2762 περὶ
1286 2689 1463 2761 μόνων
1485 2689 1762 2759 γυναικῶν

208 2783 446 2854 λέγεσθαι,
474 2783 622 2838 ἀλλὰ
665 2785 760 2837 καλ⁸
796 2785 926 2856 περί
953 2783 1140 2855 ψυχῶν
1170 2782 1386 2854 χαύνων
1415 2785 1510 2838 καὶ
1535 2782 1763 2854 τεθηλυ-

211 2877 378 2947 μένων.

723 2967 1121 3022 ΚΕΦΑΛΑΙΟΝ
1155 2971 1228 3024 A'.

265 3082 282 3114 ι
312 3045 413 3118 Καὶ
454 3062 822 3135 ἐπιλήψονται
856 3063 994 3115 ἑπτὰ
1033 3065 1290 3131 γυναῖκες
1320 3061 1607 3133 ἀνθρώπου
1645 3060 1765 3126 ἑνὸς

205 3153 442 3224 λέγουσαι·
470 3158 584 3211 Τὸν
621 3157 786 3228 ἄρτον
815 3155 972 3228 ἡμῶν
1010 3155 1317 3227 φαγόμεθα,
1347 3154 1442 3209 καὶ
1466 3154 1535 3209 τά
1571 3155 1763 3226 ἱμάτια

205 3249 331 3319 ἡμῶν
359 3248 828 3322 περιδαλούμεθα·
869 3248 1008 3321 πλὴν
1032 3249 1094 3303 τὸ
1135 3251 1306 3322 ὄνομα
1337 3249 1398 3303 τὸ
1443 3249 1533 3302 σὸν
1561 3249 1761 3319 κεκλή-

205 3339 295 3392 σθω
322 3340 398 3410 ἐφ’
425 3341 604 3411 ἡμᾶς.
634 3357 652 3392 ι
687 3338 780 3411 Μὴ
812 3337 922 3410 γὰρ
947 3339 1115 3393 ἐνδεῖν
1134 3357 1186 3393 τι
1212 3339 1404 3403 αὐταῖς
1445 3339 1479 3409 ἢ
1515 3338 1673 3409 μόνον
1699 3340 1762 3392 τὸ

202 3430 337 3485 air-.06
375 3432 576 3504 ὄνομα,
619 3431 713 3485 καὶ
747 3431 922 3487 δοκεῖν
961 3431 1105 3504 ἔχειν
1145 3433 1238 3486 τὸν
1285 3431 1625 3504 προεστῶτα.
1673 3433 1764 3486 Διὸ

201 3519 262 3583 ὡς
281 3523 404 3594 πρὸς
441 3522 680 3578 σπάνιόν
710 3539 835 3578 τινα
873 3523 1085 3588 τοῦτον,
1115 3523 1226 3580 τῶν
1258 3522 1469 3578 πολλῶν
1498 3523 1765 3578 ἀπολωλό-

201 3629 304 3680 των,
325 3617 450 3684 φασὶ
485 3614 635 3687 πρὸς
661 3615 822 3668 αὐτόν
841 3631 855 3646 ·
890 3633 909 3667 ι
954 3615 1101 3686 Πλὴν
1147 3615 1208 3669 τὸ
1237 3615 1408 3687 ὄνομα
1451 3633 1544 3670 σου
1574 3615 1763 3687 κεκλή

204 3702 293 3758 σθω
319 3708 398 3776 ἐφ’
428 3708 612 3778 ἡμᾶς,
649 3726 669 3759 ι
715 3705 812 3760 καί
851 3705 919 3760 τὰ
943 3705 1094 3777 ἑξῆς.

258 3908 274 3941 ι
310 3891 380 3962 Τῇ
413 3891 468 3945 δὲ
499 3891 699 3964 ἡμέρᾳ
723 3890 906 3965 ἐκείνῃ
934 3889 1230 3962 ἑπιλάμψει
1275 3893 1302 3947 ὁ
1339 3891 1468 3955 Θεὸς
1508 3893 1566 3946 ὲν
1597 3891 1756 3963 βουλῇ

205 3979 316 4046 μετά
333 3981 486 4054 δόξης
524 3983 623 4035 ἐπὶ
650 3985 748 4054 τῆς
777 3982 900 4053 γῆς,
932 3979 1027 4035 τοῦ
1065 3981 1280 4051 ὑψῶσαι
1309 3983 1402 4035 καὶ
1429 3982 1650 4049 δοξάσαι
1693 3982 1760 4035 τὸ

201 4072 537 4143 καταλειφθὲν
569 4071 662 4127 τοῦ
716 4072 956 4145 Ἰσραήλ.
1015 4073 1126 4125 Καὶ
1162 4072 1314 4126 ἔσται
1350 4073 1410 4126 τὸ
1439 4072 1761 4142 ὑπολειφθὲν

200 4160 246 4212 ἐν
271 4162 416 4231 Σιὼν,
440 4163 549 4218 καὶ
569 4163 632 4217 τὸ
658 4162 1014 4232 καταλειφθὲν
1049 4165 1106 4218 ἐν
1150 4162 1456 4236 Ἱερουσαλὴ
1465 4181 1524 4234 μ,
1554 4163 1603 4217 οἳ
1636 4162 1761 4236 κλη-

198 4251 419 4324 θήσονται
459 4259 690 4322 πὰντες,
732 4258 782 4310 οί
811 4256 1113 4329 γραφέντες
1157 4258 1238 4321 είς
1275 4257 1418 4330 ζωὴν
1460 4258 1518 4311 ὲν
1571 4258 1758 4329 Ἱερουο

199 4346 371 4418 σαλήμ.
403 4369 423 4403 ι
457 4351 580 4404 Καὶ
605 4349 750 4404 ἔστιν
774 4349 918 4421 ἔργῳ
943 4349 1277 4423 παραλαϐεῖν
1299 4351 1446 4414 ὅπως
1479 4353 1526 4406 οἱ
1552 4351 1756 4423 πρῶτοι

1872 2037 2021 2092 ditis.

1940 2131 2104 2184 Vens.
2154 2129 2334 2196 l6,l7.
2371 2150 2390 2184 ι
2427 2131 2552 2188 Hzec
2579 2132 2709 2189 dicit
2733 2134 2989 2189 Dominus
3033 2135 3182 2194 :Pro
3211 2152 3274 2191 eo
3302 2140 3445 2207 quod

1867 2221 2096 2277 elevatae
2150 2233 2276 2278 sunt
2320 2223 2444 2280 filia:
2487 2224 2648 2292 Sion,
2697 2237 2753 2281 et
2802 2227 3216 2284 ambulaverunt
3263 2241 3445 2284 erecto

1868 2314 2029 2378 collo,
2057 2325 2112 2368 et
2139 2315 2362 2371 nutibus
2394 2316 2700 2383 oculorum,
2735 2327 2790 2374 et
2827 2334 3014 2388 gressu
3058 2321 3253 2390 pedum
3283 2321 3445 2375 simul

1870 2408 2149 2461 trahentes
2191 2406 2425 2472 tunicas,
2471 2415 2526 2461 et
2577 2407 2808 2478 pedibus
2852 2409 3015 2465 simul
3059 2410 3306 2466 ludentes
3345 2420 3447 2466 :et

1872 2497 2184 2553 humiliabit
2258 2499 2526 2554 Dominus
2587 2500 2732 2556 Deus
2794 2502 3158 2573 principatum
3222 2513 3443 2574 agentes

1867 2589 2007 2645 ﬁlias
2045 2590 2196 2655 Sion,
2237 2601 2292 2646 et
2331 2592 2588 2647 Dominus
2617 2593 2876 2648 revelahit
2907 2596 3148 2650 habitum
3181 2611 3387 2652 carum.
3417 2616 3437 2651 ι

1871 2683 2106 2738 Possunt
2157 2686 2271 2740 lucc
2327 2699 2432 2740 non
2464 2685 2530 2741 de
2573 2687 2890 2742 mulieribus
2943 2698 3170 2754 tantum.
3231 2691 3322 2746 sed
3377 2692 3445 2744 de

1868 2776 2122 2831 mollibus
2174 2779 2336 2831 etiam
2396 2787 2453 2832 et
2543 2779 2870 2836 effeminatis
2936 2784 3221 2840 animabus
3298 2783 3442 2838 dicta

1867 2867 2053 2924 fuisse.

2467 2961 2698 3019 CAPUT
2748 2963 2836 3020 IV.

1939 3053 2104 3110 Vens.
2160 3055 2213 3109 1.
2271 3073 2290 3106 ι
2343 3055 2405 3110 Et
2465 3057 2877 3126 apprehendent
2925 3067 3130 3127 septem
3184 3058 3442 3114 mulieres

1867 3147 2138 3203 hominem
2191 3163 2379 3216 unum,
2437 3149 2702 3216 dicentes,
2750 3149 2948 3204 Panem
3005 3161 3247 3206 nostrum
3290 3169 3445 3205 uian-

1867 3243 2232 3308 ducabimus,
2301 3253 2356 3298 et
2414 3245 2759 3299 vestimentis
2831 3247 3031 3300 nostris
3086 3248 3440 3316 operiemur:

1865 3346 2120 3390 caeterum
2160 3325 2355 3389 nomen
2397 3346 2543 3390 tuum
2597 3347 2822 3391 vocetur
2870 3353 3036 3408 super
3090 3356 3208 3395 nos.
3249 3360 3268 3393 ι
3300 3341 3442 3396 Nihil

1864 3428 2007 3487 enim
2051 3428 2202 3482 aiunt
2242 3429 2428 3483 deesse
2478 3428 2607 3492 sibi,
2648 3427 2749 3482 nisi
2794 3445 2990 3485 nomen
3038 3430 3155 3500 ejus
3204 3441 3440 3487 tantum-

1865 3519 2042 3583 modo,
2081 3528 2138 3574 et
2190 3526 2249 3573 ut
2299 3528 2588 3588 patronum
2642 3519 2844 3576 habere
2887 3523 3195 3579 videantur.
3239 3525 3443 3593 Quam-

1861 3609 2048 3665 obrem
2088 3625 2234 3674 eum,
2273 3619 2462 3679 utpote
2498 3612 2615 3681 qui,
2652 3611 2833 3667 multis
2863 3613 2912 3667 in
2953 3615 3245 3684 perniciem
3279 3617 3440 3686 datis,

1860 3716 2119 3772 perrarus
2152 3702 2224 3757 sit
2256 3702 2498 3766 relictus,
2556 3704 2637 3758 sic
2691 3702 3059 3775 alloquuntur,
3115 3727 3132 3761 ι
3175 3708 3440 3766 Caeterum

1863 3809 2061 3850 nomen
2092 3803 2239 3848 tuum
2272 3803 2494 3850 νοεεῑιιι·
2524 3809 2688 3864 super
2716 3810 2834 3861 nos,
2875 3815 2894 3850 ι
2925 3807 2979 3853 et
3009 3808 3226 3855 cmtera.

1931 3888 2094 3944 Vens.
2126 3888 2182 3953 2,
2213 3889 2264 3942 5.
2305 3909 2323 3939 ι
2357 3889 2410 3942 In
2441 3889 2526 3942 die
2551 3888 2638 3943 illa
2681 3890 2920 3947 illucebit
2947 3894 3084 3948 Deus
3114 3893 3165 3947 in
3212 3895 3444 3950 consilio

1859 3996 1983 4036 cum
2015 3981 2186 4050 gloria
2223 3996 2387 4052 super
2418 3990 2642 4049 terram,
2671 3984 2737 4038 ad
2763 3984 3118 4040 exaltandum
3144 3996 3198 4041 et
3234 3986 3441 4057 gloriti-

1858 4076 2090 4131 cundum
2153 4076 2296 4144 quod
2361 4075 2679 4131 derelictum
2735 4085 2819 4131 est
2876 4091 2941 4133 ex
3005 4075 3187 4132 Israel.
3232 4077 3298 4131 Et
3335 4078 3441 4132 erit

1859 4169 2002 4240 quod
2037 4169 2285 4224 relictqu
2311 4181 2394 4223 est
2425 4170 2478 4223 in
2510 4170 2663 4236 Sion,
2710 4181 2764 4224 et
2810 4174 2952 4241 quod
2994 4171 3239 4225 relictum
3269 4170 3321 4223 in
3349 4169 3440 4224 Je—

1860 4260 2118 4322 rusalem,
2151 4261 2242 4330 qui
2278 4262 2620 4316 vocabuntur
2641 4277 2855 4328 omnes,
2893 4263 2982 4332 qui
3013 4262 3200 4333 scripti
3231 4271 3355 4317 sunt
3382 4264 3435 4317 in

1858 4352 1965 4405 vita
2000 4350 2053 4405 in
2096 4350 2422 4406 Jerusalem.
2457 4370 2478 4406 ι
2524 4351 2676 4407 Licet
2707 4363 2884 4407 autem
2933 4353 3050 4423 ipso
3094 4367 3257 4422 opere
3312 4369 3439 4424 per-

1856 4444 2091 4514 spicere,
2153 4444 2422 4513 quomodo
2472 4445 2631 4514 primi
2677 4459 2740 4498 ex
2775 4443 3118 4514 lsraele,qui
3175 4448 3226 4499 in
3282 4445 3441 4499 Chri-

1857 4548 1998 4592 stum
2031 4537 2398 4602 crediderunt,
2428 4535 2680 4606 apostoli,
2714 4537 2964 4606 discipuli
2999 4547 3055 4592 et
3084 4537 3438 4601 evangelista

197 4624 456 4696 ὑψώθησαν
506 4629 608 4683 καὶ
639 4627 1026 4699 ἐδοξάσθησαν,
1078 4627 1155 4692 ὼς
1188 4625 1464 4698 πανταχοῦ
1511 4627 1616 4697 γῆς
1659 4627 1754 4680 καὶ

1874 4628 2186 4694 Servatoris,
2246 4629 2467 4684 exaltati
2508 4639 2563 4683 et
2601 4629 2773 4697 gloria
2814 4629 2992 4685 aﬂ‘ecti
3045 4630 3197 4695 sint,
3258 4629 3330 4683 ita
3381 4639 3438 4682 ut

197 4716 296 4769 καθ’
322 4719 443 4791 ὅλης
467 4720 569 4792 τῆς
596 4719 923 4791 οἰκουμένης
943 4721 1230 4789 ἐπιφανεῖς
1260 4719 1460 4782 αὐτοὺς
1479 4717 1750 4786 γενέσθαιο

1875 4721 2054 4790 ibique
2103 4730 2371 4776 terrarum
2402 4733 2465 4774 ac
2491 4733 2587 4789 per
2629 4720 2939 4774 universum
2983 4721 3170 4776 orbem
3224 4719 3438 4790 conspi-

199 4809 273 4860 καὶ
300 4813 457 4867 εἰσέτι
491 4813 592 4866 καὶ
621 4811 718 4866 νῦν
751 4811 902 4884 παρά
937 4813 1070 4866 πᾶσι
1101 4814 1213 4875 τοῖς
1243 4809 1478 4871 ἔθνεσιν,
1529 4809 1756 4881 Ἕλλησί

1874 4815 1940 4868 :ui
1975 4814 2316 4868 evaderent:
2352 4822 2406 4866 et
2441 4813 2508 4867 ad
2549 4813 2654 4867 hoc
2691 4829 2863 4882 usque
2908 4823 3122 4885 tempus
3153 4814 3293 4881 apud
3320 4827 3438 4865 om-

197 4915 244 4952 τε
268 4905 351 4956 καὶ
382 4903 704 4977 βαρϐάροις,
726 4903 1046 4969 δοξάζεσθαι
1073 4903 1253 4960 αὐτῶν
1276 4905 1371 4957 καὶ
1392 4901 1630 4975 τοῦνομα
1661 4904 1755 4956 καὶ

1874 4923 1949 4962 tes
1990 4918 2200 4977 gentes,
2236 4917 2346 4959 tam
2373 4906 2593 4961 Graecas
2631 4921 2792 4976 quam
2827 4906 3115 4972 barbaras,
3148 4920 3344 4959 nomen
3383 4913 3438 4958 et

195 4992 274 5064 τὴν
296 4996 660 5053 διδασκαλίαν.
694 4998 865 5052 Μόνοι
899 4993 992 5052 οὖν
1035 4989 1180 5051 οὗτοι
1214 4996 1359 5066 ἅγιοι
1390 4995 1752 5068 κληθήσονται

1874 4997 2097 5051 loetrina
2127 5012 2319 5052 eormn
2362 4997 2697 5053 celebretur.
2736 4997 2798 5053 lli
2830 5013 2964 5064 ergo
2994 4997 3099 5050 soli
3150 4997 3320 5049 sancti
3344 5008 3438 5047 vo-

191 5085 232 5135 οἱ
256 5089 674 5155 καταξιωθέντες
695 5090 975 5164 γραφῆναι
1000 5090 1081 5153 είς
1107 5089 1206 5160 τὴν
1237 5087 1451 5143 αἰώνιον
1483 5086 1627 5158 ζωὴν
1648 5088 1747 5158 τῆς

1874 5088 2150 5149 :ahuntur,
2180 5087 2270 5154 qui
2305 5085 2457 5153 digni
2483 5085 2655 5139 habiti
2689 5093 2817 5139 sunt
2869 5096 2931 5138 ιιι
2969 5085 3338 5138 scriberentur
3384 5081 3435 5134 in

193 5181 482 5254 ἐπουρανίου
539 5184 917 5257 Ἰερουσαλήμ.
968 5185 1080 5238 Καὶ⁸
1111 5180 1323 5244 τούτοις
1371 5179 1618 5252 παράθες
1650 5179 1744 5232 τοῦ

1874 5188 2056 5232 eterna
2113 5180 2221 5232 vita
2286 5177 2526 5233 cmlestis
2575 5176 2894 5234 Jerusalem.
2946 5176 3040 5231 llis
3096 5188 3258 5244 porro
3299 5171 3438 5227 adde

197 4439 247 4493 ἐκ
264 4441 347 4494 τοῦ
384 4442 611 4516 Ἰσραὴλ
647 4446 728 4508 εἰς
759 4444 852 4497 τὸν
885 4444 1121 4517 Χριστὸν
1154 4443 1599 4508 πεπιστευκότες,
1629 4444 1757 4498 ἀπό-

198 4533 361 4598 στολοι,
391 4537 486 4590 καὶ
522 4535 783 4607 μαθηταὶ,
810 4537 905 4591 καὶ
945 4536 1330 4606 εὐαγγελισταὶ
1357 4533 1452 4588 τοῦ
1478 4535 1752 4610 Σωτῆρος,

191 5271 412 5348 Σωτῆρος
462 5276 620 5351 ήμῶν
659 5276 756 5348 τὴν
807 5278 946 5348 πρὸς
988 5277 1117 5340 τοὺς
1171 5273 1502 5337 ἀποστόλους
1538 5271 1742 5344 φωνὴν,

190 5362 244 5417 δι’
270 5362 331 5439 ἧς
360 5372 597 5443 εἴρηται,
622 5390 640 5424 ι
669 5373 790 5427 Ὅτι
819 5371 890 5425 τά
939 5371 1179 5443 ὀνόματα
1225 5367 1379 5440 ὑμῶν
1421 5366 1636 5439 ἐγράφη
1686 5367 1744 5419 ὲν

190 5462 283 5524 τοῖς
311 5464 364 5515 ού
373 5467 573 5534 ρανοίς.
605 5482 624 5516 ι

251 5570 268 5602 ι
305 5554 424 5608 Ὀτι
445 5556 702 5610 ἐκπλυνεί
722 5556 925 5628 Κύριος
946 5557 1036 5610 τὸν
1060 5555 1230 5627 ῥύπον
1251 5570 1358 5607 των
1378 5552 1507 5606 υἱῶν
1527 5552 1620 5605 καὶ
1640 5555 1746 5604 τῶν

194 5640 480 5717 θυπατέρων
503 5647 664 5712 Σιὼν,
693 5649 787 5702 καὶ
800 5649 862 5702 τὸ
881 5642 1021 5720 αἷμα
1052 5649 1120 5701 ἰε
1129 5645 1411 5719 ρουσαλημ
1431 5643 1749 5714 ἐκκαθαριεί

193 5732 245 5788 ἐκ
271 5737 424 5808 μέσον
459 5740 636 5796 αὐτῶν
672 5743 730 5796 ἐν
778 5740 1046 5812 πνεύματι
1079 5741 1313 5812 κρίσεως
1346 5738 1438 5793 καὶ
1478 5737 1744 5809 πνεύματι

262 5917 443 5975 "Luc.
475 5938 526 5987 χ,
560 5925 650 5978 20.

1855 5267 2155 5323 Salvatoris
2187 5270 2356 5323 nostri
2387 5283 2574 5323 vocem
2615 5269 2682 5322 ad
2716 5266 2996 5336 apostolos
3021 5265 3294 5328 emissam,
3331 5279 3432 5333 qua

1857 5362 2080 5428 dicitur,
2138 5381 2156 5412 ι
2191 5362 2324 5428 Quia
2349 5361 2565 5416 nomina
2611 5370 2788 5417 vestra
2829 5359 3032 5427 scripta
3071 5369 3197 5412 sunt
3238 5359 3288 5410 in
3326 5373 3436 5413 cui-

1932 5546 2100 5603 Vsas.
2139 5548 2257 5604 διδ.
2307 5567 2325 5601 ι
2357 5549 2492 5615 Quia
2539 5548 2724 5602 abluet
2767 5546 3027 5601 Dominus
3074 5545 3263 5600 sordes
3297 5546 3434 5598 lilio-

1859 5661 1978 5700 rum
2012 5655 2067 5701 et
2097 5645 2335 5700 filiarum
2369 5643 2521 5711 Sion,
2547 5654 2597 5699 et
2624 5642 2946 5711 sanguinem
2979 5641 3280 5697 Jerusalem
3313 5655 3433 5710 pur-

1866 5735 2013 5808 gabit
2049 5753 2112 5794 ex
2145 5737 2322 5794 medio
2357 5751 2545 5793 eorum
2604 5734 2658 5790 in
2689 5735 2882 5807 spiritu
2920 5733 3109 5803 judicii
3150 5744 3205 5788 et
3238 5731 3432 5803 spirit;
