3968 6498
549 431 651 493 its
1209 415 1481 489 EU‘SEBII
1518 428 1997 489 CAESARIENSIS
2034 428 2185 488 opp.
2225 430 2408 486 PARS
2441 428 2533 485 ιιι.
2572 460 2639 471 -
2676 427 3086 487 EXEGETICA.
3722 431 3820 484 liti

550 537 983 635 combustionis..
1000 550 1067 606 Et
1090 550 1289 618 veniet,
1317 562 1373 606 et
1399 552 1508 606 erit
1538 562 1682 607 totus
1720 552 1878 608 locus
1910 551 2113 607 montis

2241 550 2479 613 ιαύσεως.
2515 548 2624 602 Kai
2652 548 2791 619 ἥξει,
2846 547 2942 600 καὶ
2979 545 3128 599 ἔσται
3160 545 3266 609 πᾶς
3319 543 3500 605 τόπος
3534 539 3635 595 τοῦ
3670 542 3825 613 ὅρους

554 642 785 707 Sion,et
816 633 998 718 omnia
1026 653 1145 709 quae
1178 638 1230 693 in
1278 639 1505 694 circuitu
1554 640 1671 709 ejus
1722 648 1869 707 sunt,
1916 640 2111 693 nebula

2241 639 2380 701 Ξιὼν,
2404 640 2497 691 καὶ
2530 638 2706 691 πάντα
2735 639 2803 691 τὰ
2831 636 3140 708 περικύκλῳ
3167 636 3343 706 αὐτῆς
3374 633 3605 687 σκιάσει
3630 634 3824 705 νεφέλη

551 736 659 790 diei
688 734 1057 799 obumbrabit,
1101 742 1156 788 et
1179 733 1334 804 quasi
1380 732 1551 797 fumo,
1613 743 1667 788 et
1719 735 1869 804 quasi
1913 733 2116 786 lumine

2241 731 2450 803 ᾗμέρας,
2474 730 2568 783 καὶ
2597 730 2670 793 ὼς
2711 728 2939 793 καπνοῦ,
2965 728 3057 781 καὶ
3088 728 3164 791 ὡς
3186 727 3371 795 φωτὸς
3394 726 3708 795 καιομένου
3741 744 3827 779 vv.

554 837 715 881 noctu
746 827 988 889 ardente,
1020 825 1167 880 omni
1213 825 1385 893 gloria
1436 825 1739 895 obtegetur.
1805 824 1867 879 Et
1917 825 2026 880 erit
2064 826 2117 879 in

2241 825 2365 889 ιτδς,
2384 825 2532 895 πάσῃ
2546 826 2611 894 τῇ
2630 822 2755 894 δόξῃ
2771 822 3229 893 σκεπασθήσεται.
3249 822 3368 872 Καὶ
3388 818 3554 870 ἔσται
3572 819 3656 881 είς
3674 816 3827 873 σκιὰν

550 918 797 971 umbram
833 917 901 972 ab
930 927 1086 981 aestu,
1125 926 1179 972 et
1207 916 1258 970 in
1288 916 1675 986 protectionem
1727 925 1779 970 et
1805 915 2122 971 absconsie-

549 1023 671 1063 nem
717 1022 745 1061 a
775 1008 973 1063 duritie
1005 1019 1060 1063 et
1084 1009 1284 1079 pluvia.
1315 1025 1334 1059 ι
1379 1006 1678 1061 Lavacrum
1737 1006 2118 1076 regeneratio-

554 1099 662 1163 nis,
706 1100 851 1168 quod
901 1099 1054 1167 prius
1102 1097 1413 1153 declarabat
1475 1097 1559 1152 his
1621 1097 1824 1162 verbis,
1877 1114 1896 1147 ι
1948 1095 2121 1151 Lava-

553 1187 712 1254 mini,
736 1189 924 1244 mundi
953 1197 1150 1253 estote,
1178 1204 1198 1239 ι
1229 1188 1394 1242 etiam
1427 1203 1569 1242 nunc
1596 1198 1780 1257 aperte
1810 1187 2117 1258 pollicetur.

555 1278 681 1335 Haec
708 1296 871 1350 porro
901 1282 1032 1335 dicit
1060 1282 1125 1336 de
1153 1282 1240 1347 iis,
1274 1282 1364 1350 qui
1403 1297 1528 1336 cum
1555 1283 1719 1338 caedis
1749 1281 1949 1337 Christi
1991 1297 2119 1353 par-

556 1373 754 1441 ticipes
784 1371 1036 1437 fuissent,
1091 1388 1190 1427 nec
1227 1372 1455 1426 multum
1522 1383 1709 1443 postea
1760 1374 2119 1442 resipuerunt,

556 1474 614 1518 et
641 1464 990 1533 Evangelium
1029 1465 1201 1535 ipsius
1234 1476 1590 1532 agnoverunt.
1636 1466 1769 1519 Hinc
1805 1466 1870 1520 de
1910 1464 2123 1521 ﬁliabus

558 1557 686 1612 Sion
724 1558 851 1628 agit,
881 1574 999 1627 quae
1046 1559 1096 1611 in
1130 1558 1396 1626 superiori
1453 1558 1691 1613 clausula
1736 1559 2125 1613 incusabantur

556 1649 644 1705 bis
669 1650 849 1704 verbis
875 1671 887 1705 :
922 1668 940 1702 ι
975 1650 1108 1716 Quia
1136 1651 1384 1709 exaltatzp
1410 1650 1834 1714 suntﬁlinion,
1863 1660 1915 1704 et
1940 1660 2122 1704 erecta

556 1742 768 1796 cervice
818 1742 1203 1806 incedebant,»
1250 1754 1304 1797 et
1352 1752 1568 1798 cetera.
1607 1742 1939 1812 Sanguinem
1996 1756 2124 1796 vero

2219 917 2327 972 ἀπὸ
2346 915 2642 987 καύματος,
2676 915 2769 967 καὶ
2801 917 2857 967 tv
2895 914 3068 985 σκέπῃ
3111 913 3206 966 καὶ
3238 914 3297 965 tv
3343 910 3692 981 ἀποκρύφῳ,
3724 912 3828 964 ἀπὸ

2224 1009 2587 1080 σκληρότητος
2614 1008 2707 1060 καὶ
2738 1005 2915 1059 ὑετοῦ.
2952 1024 2970 1057 ι
3004 1004 3198 1073 Σαφῶς
3226 1005 3340 1075 γὰρ
3371 1004 3437 1055 τὸ
3472 1002 3710 1073 λουτρὸν
3733 1002 3828 1071 τῆς

2225 1100 2668 1169 παλιγγενεσίας,
2692 1099 2719 1151 ὃ
2735 1101 2828 1151 καὶ
2846 1097 2933 1151 διὰ
2948 1097 3057 1149 τῶν
3078 1096 3393 1168 ἔμπροσθεν
3414 1095 3618 1166 ἐδήλου
3634 1095 3826 1164 λέγων’

2229 1211 2248 1244 ‹
2288 1192 2589 1253 Λούσασθε,
2614 1192 2707 1243 καὶ
2733 1190 2959 1261 καθαροὶ
2981 1190 3225 1258 γένεσθε,
3256 1210 3272 1241 ι
3306 1191 3409 1243 καὶ
3438 1189 3541 1243 νῦν
3565 1190 3829 1259 ἐπαγγέλο

2222 1284 2392 1338 λεται.
2424 1284 2582 1350 Λέγει
2608 1284 2664 1336 δὲ
2698 1282 2871 1337 ταῦτα
2898 1282 3157 1353 περὶτῶν
3194 1282 3701 1353 κεκοινωνηκότων
3737 1282 3831 1353 μὲν

2222 1381 2288 1448 τῇ
2321 1377 2461 1431 κατὰ
2493 1376 2585 1430 τοῦ
2615 1376 2864 1446 Σωτῆρος
2902 1374 3202 1445 μιαιφονίᾳ,
3248 1375 3458 1445 μικρὸν
3505 1374 3567 1427 δὲ
3604 1374 3832 1445 ὕστερον

2228 1468 2637 1540 μεταϐαλόντων
2661 1468 2755 1519 καὶ
2778 1467 3161 1537 γνωρισάντων
3184 1466 3354 1519 αὐτοῦ
3376 1466 3444 1518 τὸ
3468 1465 3827 1534 Εὐαγγέλιον.

2224 1562 2335 1614 Καὶ
2365 1560 2668 1630 θυγατέρας
2696 1557 2831 1611 Σιὼν
2861 1558 3129 1629 ἐπιφέρει,
3168 1558 3267 1622 τὰς
3296 1560 3360 1611 ὲν
3394 1562 3465 1630 τῇ
3515 1558 3831 1630 ἔμπροσθεν

2225 1656 2496 1725 περικοπῇ
2527 1651 3015 1721 κατηγορηθείσας,
3050 1654 3106 1704 tv
3146 1651 3224 1721 τῷ
3259 1651 3531 1721 λέγεσθαι
3560 1670 3574 1683 ’
3618 1670 3639 1703 ¢
3696 1650 3831 1703 ’Avﬂ’

2224 1740 2298 1799 ὧν
2331 1744 2621 1815 ὑψώθησαν
2662 1746 2716 1796 αἱ
2758 1742 3056 1815 θυγατέρες
3100 1742 3258 1807 Σιὼν,
3300 1744 3405 1797 καὶ
3446 1742 3833 1815 ἐπορεύθησαν

556 1832 859 1887 Jerusalem
908 1835 1047 1887 miro
1099 1848 1231 1889 sane
1281 1835 1439 1889 modo
1482 1844 1639 1889 vocat
1690 1834 1896 1888 caedem
1952 1834 2021 1887 ibi
2068 1833 2119 1887 in

2241 1837 2415 1908 δψηλῷ
2440 1838 2717 1909 τραχήλῳ,
2759 1856 2775 1887 ι
2825 1839 2919 1890 καὶ
2950 1838 3018 1890 τὰ
3048 1836 3257 1900 τούτοις
3285 1838 3569 1907 ἑπόμενα.
3602 1830 3753 1907 Αἷμα
3777 1835 3830 1887 δὲ

558 1921 847 1977 Servatore
867 1932 1231 1992 perpetratam
1260 1939 1273 1977 :
1305 1925 1434 1993 quia
1470 1924 1660 1978 istltaec
1705 1938 1865 1977 causa
1898 1920 1998 1976 fuit
2027 1938 2121 1977 ex-

2241 1900 2944 1997 Ἰερούσαλὴμθαυμαστῶς
2975 1929 3240 1982 ἀποκαλεῖ
3267 1930 3373 2001 τὴν
3401 1900 3565 1982 ’κατά
3592 1900 3691 1981 τού
3727 1930 3831 1981 Σω-

566 2031 752 2074 tremae
777 2018 877 2073 loci
910 2019 1054 2074 illius
1104 2019 1447 2074 vastationis.
1492 2018 1557 2073 Et
1591 2017 1904 2073 consideres
1949 2017 2107 2071 velim

556 2127 738 2166 annon
774 2113 862 2167 hic
892 2126 1068 2167 sermo
1100 2113 1343 2181 apprime
1389 2111 1679 2167 conveniat
1723 2126 1844 2166 cum
1893 2125 2125 2181 evange-

560 2204 669 2259 lico
710 2203 800 2258 illo
847 2204 1157 2258 testimonio
1205 2202 1271 2257 de
1318 2202 1608 2257 Servatore
1647 2211 1857 2266 nostro,
1894 2201 1987 2257 ubi
2043 2201 2124 2257 sic

557 2297 807 2361 habetur,
841 2315 859 2348 ι
885 2296 1003 2365 Ipse
1038 2311 1135 2352 vos
1162 2296 1464 2366 baptizabit
1502 2298 1556 2351 in
1598 2296 1802 2365 Spiritu
1847 2307 2035 2352 sancto
2070 2307 2127 2352 et

558 2387 685 2457 igne
709 2388 777 2440 “.
808 2406 827 2440 ι
866 2387 996 2441 Illud
1028 2387 1195 2452 enim,
1236 2405 1254 2439 ι
1283 2388 1336 2441 in
1378 2388 1573 2456 spiritu
1619 2386 1805 2455 judicii
1838 2396 1891 2442 et
1930 2389 1984 2441 in
2015 2388 2127 2457 spi-

560 2481 667 2536 ritu
691 2479 1108 2545 combustionis,
1145 2500 1164 2533 ι
1200 2481 1336 2535 nihil
1374 2479 1557 2537 dill'ert
1596 2481 1664 2536 ab
1707 2480 1819 2548 illo,
1872 2499 1889 2533 ι
1922 2481 1975 2534 in
2008 2480 2129 2548 Spi-

560 2573 667 2626 ritu
697 2580 886 2628 sancto
906 2582 959 2627 et
982 2573 1125 2645 igne.
1165 2591 1184 2625 ι
1222 2572 1364 2643 lguei
1396 2586 1525 2626 vero
1560 2585 1839 2626 sermones
1887 2570 1994 2624 illis
2035 2570 2130 2623 ad-

560 2665 715 2730 moti,
748 2672 1093 2734 peccatorum
1122 2662 1560 2719 emundationem
1585 2663 1936 2731 peragebant.
1970 2661 2129 2715 item-

561 2771 667 2824 que
699 2754 949 2813 Salvator
978 2766 1165 2811 noster
1192 2755 1248 2810 in
1284 2755 1579 2825 Evangelia
1605 2754 1804 2809 dicitur
1852 2754 2131 2824 baptizare

560 2861 667 2900 non
703 2848 755 2901 in
797 2863 933 2916 aqua
962 2887 977 2911 ,
1019 2848 1110 2902 sed
1162 2846 1214 2901 in
1275 2846 1481 2916 Spiritu
1548 2856 1602 2900 et
1650 2846 1790 2916 igne.
1844 2843 1955 2900 lloc
1984 2846 2129 2900 enim

560 2941 751 2993 edocet
790 2937 1049 3003 Joannes,
1093 2939 1162 2994 de
1200 2954 1257 2994 se
1295 2939 1511 3007 quidem
1571 2938 1777 3001 dicens,
1826 2955 1844 2989 ι
1874 2937 1984 3007 Ego
2034 2952 2131 2991 vos

561 3029 779 3097 baptizo
808 3030 859 3084 in
889 3045 1028 3099 aqua
1048 3029 1131 3095 ”;
1163 3047 1181 3081 ι
1209 3030 1273 3085 de
1291 3028 1571 3083 Salvatore
1599 3038 1801 3093 autem,
1832 3045 1852 3078 ι
1893 3026 2013 3097 Ipse
2035 3041 2132 3083 vos

564 3117 859 3188 baptizabit
888 3119 941 3172 in
976 3116 1180 3187 Spiritu
1209 3126 1399 3173 sancto
1433 3126 1488 3175 et
1527 3118 1734 3187 igne".
1763 3135 1782 3171 ι

1186 3395 1414 3452 CAPUT
1454 3395 1517 3449 V.

641 3487 800 3543 Vens.
836 3488 891 3542 1.
930 3506 950 3540 ι
978 3487 1220 3543 Cantabo
1244 3488 1443 3543 dilecto
1477 3488 1750 3543 canticum
1781 3489 1971 3545 Dilecti
2008 3490 2137 3554 mei,

566 3581 738 3634 viuere
764 3595 916 3635 meae.
946 3580 1116 3635 Vinea
1145 3580 1281 3635 facta
1307 3589 1390 3633 est
1415 3580 1609 3635 dilecto
1636 3581 1687 3634 in
1720 3596 1909 3647 cornu,
1932 3581 1984 3636 in
2021 3581 2140 3636 loco

567 3672 773 3742 pingui.
804 3691 823 3723 ι
858 3671 972 3727 Hoc
1002 3656 1165 3741 igitur
1197 3672 1432 3737 cantico,
1464 3688 1583 3741 quae
1610 3673 1661 3726 in
1697 3674 1852 3728 vinea
1885 3690 1983 3728 sua
2012 3690 2140 3744 ope-

567 3774 718 3820 ratus
757 3775 840 3821 est
864 3776 1169 3831 enumerat,
1193 3766 1470 3834 vineaeque
1521 3765 1925 3835 improbitatem
1978 3782 2137 3821 coar-

567 3859 712 3927 guit:
748 3872 811 3911 ac
842 3872 904 3911 ea
934 3873 1054 3927 quae
1082 3858 1183 3927 ipsi
1216 3868 1475 3912 eventura
1500 3867 1627 3912 sunt
1650 3857 1997 3912 vaticinatur.
2053 3858 2142 3911 Di-

567 3952 710 4003 citur
734 3965 863 4019 ergo
895 3950 948 4004 in
979 3964 1144 4005 cornu
1174 3964 1313 4015 esse,
1358 3950 1482 4018 quia
1526 3950 1577 4003 in
1613 3965 1727 4019 ipsa
1768 3949 2139 4019 Hierosolyma

568 4042 716 4111 regia
752 4042 1064 4113 metropolis
1115 4042 1397 4098 consistit:
1450 4041 1586 4098 solet
1630 4053 1808 4098 autem
1859 4042 2141 4112 Scriptura

570 4151 773 4191 cornua
804 4136 958 4208 regni
987 4149 1310 4191 memorare.

640 4314 803 4371 Vens.
838 4317 891 4371 2.
941 4337 959 4370 ι
1006 4318 1071 4371 Ει
1117 4332 1298 4385 sepem
1346 4316 1708 4387 circumposui
1742 4324 1797 4370 et
1829 4316 2053 4381 vallavi,
2084 4326 2144 4372 et

569 4408 812 4479 plantavi
842 4410 1053 4463 vineam
1089 4407 1291 4463 Sorec:
1325 4416 1378 4479 et
1406 4408 1665 4461 aedificavi
1699 4408 1887 4461 turrim
1943 4409 1994 4462 in
2042 4426 2147 4464 me-

569 4501 660 4554 dio
690 4498 829 4565 ejus,
878 4508 931 4552 et
975 4499 1318 4567 protorcular
1350 4498 1461 4552 fodi
1509 4502 1559 4551 in
1609 4513 1693 4552 ea.
1726 4516 1745 4548 ι
1784 4497 1977 4567 Sepem
2016 4514 2146 4553 Vero

570 4593 957 4660 circumposuit
978 4593 1049 4657 ei,
1074 4591 1321 4645 videlicet
1342 4589 1488 4643 omni
1516 4588 1730 4659 populo,
1751 4604 1907 4657 quem
1940 4591 2146 4658 angelis
2177 4581 2225 4640 D

569 4686 999 4754 circumquaque
1058 4683 1308 4738 munivit.
1358 4682 1480 4735 Alio
1532 4682 1658 4735 item
1710 4682 1872 4735 modo
1924 4682 2147 4736 vallavit

570 4792 715 4842 eam,
757 4776 1034 4846 prephetis
1078 4786 1132 4830 et
1176 4774 1377 4829 sanctis
1412 4773 1545 4827 viris
1596 4774 1767 4843 ipsam
1811 4772 2042 4829 fulciens
2091 4785 2147 4829 et

570 4879 903 4926 sustentans.
930 4868 1070 4935 Quin
1115 4867 1279 4921 etiam
1328 4866 1591 4936 plantavit
1621 4880 1741 4921 eam
1788 4867 1999 4921 vineam
2044 4867 2143 4922 So-

574 4980 693 5029 rec,
752 4979 914 5033 quam
976 4962 1339 5032 Symmachus
1405 4961 1816 5030 interpretatur,
1895 4961 2147 5016 electam.

570 5055 703 5123 Quae
732 5065 910 5109 autem
948 5054 1138 5109 isthaac
1161 5053 1317 5105 vinea
1351 5059 1489 5115 erat,
1535 5050 1639 5105 nisi
1674 5050 1833 5119 plane
1863 5050 2147 5122 Scriptura

534 5148 839 5205 'divinitus
894 5147 1180 5216 inspirata,
1232 5154 1285 5199 et
1338 5144 1441 5214 piat
1493 5143 1769 5213 religionis
1817 5158 2019 5207 sermo,
2067 5143 2151 5198 vel

575 5244 739 5298 etiam
768 5241 947 5311 ipsum
972 5239 1065 5293 Dei
1095 5235 1355 5301 Verbum,
1386 5237 1526 5306 quod
1583 5236 1638 5290 in
1684 5235 1995 5306 Evangeliis
2035 5236 2151 5292 haec

577 5342 644 5394 de
670 5354 728 5395 se
754 5342 914 5397 docet
945 5352 1008 5394 ac
1047 5336 1306 5406 loquitur,
1356 5354 1374 5387 ι
1405 5336 1514 5405 Ego
1552 5350 1671 5389 sum
1725 5334 1853 5389 vitis
1900 5350 2050 5397 vera,
2092 5345 2148 5389 et

574 5428 739 5483 Pater
767 5446 920 5485 meus
960 5428 1194 5499 agricola
1226 5436 1310 5482 est
1330 5426 1417 5479 ’7?
1452 5445 1470 5478 ι
1518 5424 1596 5481 Ex
1624 5427 1743 5496 ipso
1778 5426 1974 5497 quippe
2001 5427 2149 5496 prior

532 5516 553 5586 η’
576 5522 705 5576 item
732 5523 959 5590 populus
989 5523 1289 5576 divinarum
1327 5519 1734 5587 disciplinarum
1759 5517 2149 5587 plantationem

574 5610 803 5681 accepit.
832 5610 1179 5666 Protorcular
1213 5622 1397 5666 autem
1432 5609 1567 5664 fodit
1604 5610 1656 5663 in
1695 5622 1784 5673 ea,
1818 5606 1992 5664 altare
2041 5608 2149 5663 sri-

578 5702 707 5757 licet
741 5701 977 5772 positum
1008 5714 1132 5759 ante
1162 5702 1436 5775 templum.

648 5884 695 5917 ⁸⁸
732 5883 924 5941 Matth.
950 5899 1032 5953 ut,
1059 5884 1145 5939 ll.
1223 5886 1266 5916 "
1299 5883 1455 5940 Joau.
1502 5898 1543 5949 t,
1575 5882 1661 5939 26.
1742 5885 1785 5914 "
1816 5881 1950 5939 lbid.
1993 5883 2079 5939 35.

2223 2022 2387 2093 τῆρος
2423 2018 2787 2091 προαχθεῖσαν
2823 2021 2879 2071 ἐν
2912 2020 3046 2091 αὐτῇ
3095 2021 3438 2091 μιαιφονίαν,
3483 2020 3579 2073 διά
3612 2020 3674 2072 τὸ
3707 2019 3830 2073 ταύ-

2224 2134 2326 2188 την
2351 2116 2529 2169 αἰτίαν
2551 2113 2832 2181 γεγονέναι
2855 2114 2953 2184 τῆς
2978 2115 3209 2185 ἐσχάτης
3232 2116 3330 2184 ὲρη
3342 2114 3483 2184 μίας
3513 2114 3615 2167 τοῦ
3645 2113 3830 2165 τόπου.

2226 2211 2338 2262 Καὶ
2371 2208 2468 2261 θέα
2497 2208 2545 2259 εί
2589 2205 2665 2280 μὴ
2708 2206 2911 2277 σφόδρα
2940 2206 3226 2276 σύμφωνός
3263 2207 3419 2259 ἐστιν
3452 2207 3482 2258 6
3514 2205 3715 2278 παρὼν
3745 2205 3831 2258 λό-

2228 2319 2323 2372 γος
2344 2303 2410 2371 τῇ
2429 2300 2758 2371 εὺαγγελικῇ
2788 2299 3062 2371 μαρτυρίᾳ
3081 2301 3209 2371 περὶ
3234 2298 3329 2351 τοῦ
3358 2300 3525 2370 Σωτῆ
3536 2317 3630 2372 ρος
3654 2302 3688 2370 ἠ
3698 2300 3830 2369 μῶν,

2227 2394 2263 2467 ἢ
2295 2394 2537 2447 ἐδίδασκε
2571 2392 2805 2462 λέγουσα
2828 2410 2842 2423 ⁵
2878 2410 2895 2443 ι
2925 2392 3095 2454 Αὐτὸς
3121 2392 3262 2462 ὑμᾶς
3292 2390 3561 2460 βαπτίσει
3585 2393 3645 2443 tv
3674 2390 3831 2443 Πνεύ-

2236 2504 2364 2557 ματι
2405 2486 2545 2556 ἁγίῳ
2591 2486 2685 2538 καὶ
2714 2484 2867 2555 πυρί.
2901 2504 2919 2535 ι
2959 2484 3031 2536 Τὸ
3063 2482 3193 2553 γάρ,
3232 2502 3249 2534 ι
3297 2485 3355 2536 tv
3392 2483 3681 2554 πνεύματι
3714 2484 3831 2554 κρί-

2231 2593 2370 2639 σεως
2422 2576 2514 2628 καὶ
2570 2574 2838 2645 πνεύματι
2897 2572 3142 2634 καύσεως
3178 2591 3195 2623 ι
3222 2569 3340 2635 τοῦ,
3388 2590 3408 2622 ι
3452 2571 3514 2624 tv
3550 2570 3831 2640 Πνεύματι

2233 2670 2372 2741 ἁγίῳ
2396 2669 2488 2722 καὶ
2519 2668 2670 2738 πυρὶ,
2701 2686 2717 2717 ι
2753 2666 2903 2719 οὐδὲν
2931 2663 3193 2735 διαφέρει.
3214 2664 3325 2717 Ka‘t
3350 2663 3405 2715 οἱ
3437 2660 3757 2734 πυρωτικοὶ
3778 2660 3829 2713 δὲ

2232 2762 2400 2831 λόγοι,
2433 2761 2839 2830 καθαπτόμενοι
2870 2756 3068 2821 αὐτῶν,
3108 2756 3371 2825 κάθαρσιν
3406 2754 3701 2807 ὲνεποίουν
3730 2750 3831 2804 τῶν

2233 2852 2667 2925 ἁμαρτημάτων.
2710 2850 2820 2904 Καὶ
2857 2852 2884 2903 6
2914 2848 3103 2919 Σωτὴρ
3140 2848 3338 2918 ὁμοίως
3374 2848 3435 2898 ὲν
3468 2844 3551 2915 τῷ
3589 2846 3829 2913 Εὑαγγε-

2233 2945 2332 3017 λίῳ
2380 2944 2662 3015 βαπτίσειν
2694 2943 2912 3010 λέγεται
2938 2942 3058 3011 οὐχὶ
3097 2939 3267 3002 ὕδατι,
3295 2938 3412 2991 ἀλλ’
3441 2940 3503 2991 ὲν
3549 2938 3829 3017 Πνεύματι

2234 3010 2329 3091 καλ.
2373 3010 2431 3089 tv
2477 3036 2630 3107 πυρί.
2666 3034 2837 3087 Τοῦτο
2868 3033 2977 3103 γάρ
3012 3010 3252 3098 ἐδίδαξεν
3294 3032 3322 3083 6
3378 3010 3671 3102 Ἰωάννης,
3708 3030 3828 3100 περὶ

2241 3129 2339 3201 μὲν
2385 3127 2580 3181 ἑαυτοῦ
2625 3126 2815 3191 εἰπὼν,
2870 3142 2887 3177 t
2949 3125 3089 3193 Ἐγὼ
3133 3125 3231 3195 μὲν
3277 3124 3428 3194 ὑμᾶς
3478 3124 3739 3193 βαπτίζω
3776 3123 3829 3173 tv

2159 3236 2202 3294 (ς
2237 3221 2408 3274 ὕδατι·
2455 3240 2472 3271 ι
2506 3220 2635 3290 περὶ
2659 3219 2715 3272 δὲ
2748 3218 2842 3272 τοῦ
2883 3218 3154 3287 Σωτῆροςο
3190 3236 3209 3267 ι
3251 3217 3423 3279 Αὐτὸς
3457 3218 3613 3288 ὑμᾶς
3638 3212 3826 3285 βαπτί-

2242 3329 2321 3367 σει
2353 3313 2409 3364 tv
2444 3310 2717 3381 Πνεύματι
2746 3310 2885 3379 ἁγίῳ
2918 3308 3012 3361 καὶ
3034 3308 3185 3378 πυρί.
3225 3326 3244 3357 ι

2754 3400 3149 3455 ΚΕΦΑΛΛΙΟΝ
3193 3399 3267 3453 E'.

2316 3512 2335 3547 ι
2372 3496 2523 3567 ’ᾼσω
2556 3494 2620 3566 δὴ
2665 3492 2744 3564 τῷ
2787 3491 3129 3563 ἠγαπημένῳ
3170 3488 3321 3563 ᾆσμα
3361 3489 3464 3544 τοῦ
3518 3484 3827 3559 Ἀγαπητοῦ

2245 3607 2366 3662 μου,
2401 3589 2479 3660 τῷ
2508 3587 2791 3659 ἀμπελῶνί
2823 3603 2944 3657 μου.
2992 3583 3275 3655 ’Δμπελὼν
3303 3584 3550 3655 ἐγενήθη
3591 3582 3670 3654 τῷ
3699 3584 3827 3651 ὴγα-

2243 3681 2470 3752 πημένῳ
2511 3682 2569 3734 tv
2602 3680 2811 3749 κέρατι,
2846 3680 2904 3732 tv
2938 3678 3087 3748 τόπῳ
3116 3677 3279 3731 πίονι.
3326 3695 3344 3729 ι
3379 3678 3484 3730 Διὰ
3521 3678 3708 3731 τοίνυν
3735 3675 3828 3746 τῆς

2243 3774 2385 3845 ᾠδῆς
2407 3772 2611 3843 ταύτης
2647 3772 2746 3836 τὰς
2771 3773 2851 3835 είς
2891 3770 2981 3823 τὸν
3011 3770 3309 3841 ἀμπελῶνα
3340 3768 3541 3823 ἑαυτοῦ
3570 3767 3828 3841 ἐργασίας

2242 3867 2683 3938 καταριθμεῖται,
2737 3864 2830 3919 καὶ
2874 3862 2970 3919 τοῦ
3016 3861 3336 3933 ἀμπελῶνος
3374 3859 3482 3932 τὴν
3529 3856 3828 3933 μοχθηρίαν

2243 3959 2479 4028 ἐλέγχει·
2527 3956 2769 4019 θεσπίζει
2802 3954 2859 4006 δὲ
2899 3951 3090 4008 καὶτὰ
3124 3950 3385 4023 μέλλοντα
3428 3950 3583 4021 αὐτῷ
3624 3945 3828 4018 συμϐή-

2244 4050 2452 4103 σεσθαι.
2486 4047 2716 4115 Λέγεται
2745 4044 2875 4113 γοῦν
2906 4046 2963 4096 ὲν
3000 4044 3191 4113 κέρατι
3220 4036 3381 4105 εἶναι,
3424 4041 3517 4096 διά
3550 4040 3613 4093 τὸ
3646 4035 3829 4105 συστῆ·

2245 4161 2331 4197 ναι
2361 4141 2643 4212 βασιλικὴν
2686 4135 3015 4209 μητρόπολιν
3056 4138 3113 4188 tv
3155 4136 3290 4206 αὐτῇ
3326 4137 3394 4205 τῇ
3438 4131 3826 4206 Ἰερουσαλήμ·

2244 4232 2402 4288 εἴωθε
2432 4230 2540 4302 γὰρ
2568 4232 2601 4301 ἡ
2630 4229 2667 4280 Γ
2675 4226 2818 4299 ραφὴ
2845 4227 3056 4297 κέρατα
3075 4226 3175 4296 τῆς
3210 4224 3491 4295 βασιλείας
3523 4220 3825 4293 ὀνομάζειν.

2325 4344 2343 4376 ι
2376 4324 2483 4377 Καὶ
2508 4320 2759 4392 φραγμὸν
2776 4317 3078 4390 περιέθηκα
3098 4318 3195 4370 καὶ
3218 4316 3575 4387 ἐχαράκωσα,
3596 4313 3690 4366 καὶ
3712 4306 3829 4377 ἐφύ-

2246 4434 2413 4471 τευσα
2459 4414 2701 4485 ἄμπελον
2743 4412 2956 4482 Σορηκ·
2998 4410 3093 4463 καὶ
3132 4408 3463 4479 ᾠκοδόμησα
3514 4406 3726 4477 πύργον
3775 4401 3828 4451 ὲν

2254 4508 2404 4580 μέσῳ
2434 4506 2620 4569 αὐτοῦ,
2654 4506 2747 4560 καὶ
2778 4504 3063 4576 προλήνιον
3090 4501 3276 4573 ὡρυξα
3300 4501 3359 4553 ἐν
3404 4498 3560 4570 αύτῷ
3633 4515 3650 4550 ι
3682 4495 3828 4564 Περι-

2254 4601 2449 4670 ἐθηκεν
2499 4594 2591 4652 οὖν
2636 4596 2785 4666 αὑτῷ
2826 4596 3101 4665 φραγμὸν,
3145 4591 3345 4665 δηλαδὴ
3386 4590 3466 4662 τῷ
3492 4590 3656 4645 παντὶ
3697 4582 3825 4653 λαῷ,

2253 4692 2468 4753 πάντως
2491 4708 2592 4744 που
2613 4690 2865 4759 ἀγγέλοις
2887 4687 3050 4742 αὑτὸν
3074 4684 3436 4759 περιφράξας.
3481 4680 3827 4753 Ἑχαράκωσε

2251 4784 2308 4838 δὲ
2338 4784 2430 4835 καὶ
2472 4781 2645 4845 ἄλλως
2672 4780 2852 4844 αὑτὸν,
2904 4778 3214 4848 προφήταις
3241 4777 3337 4829 καὶ
3368 4775 3546 4844 ἀγίοις
3578 4769 3827 4842 ἀνδράσιν

2254 4872 2638 4943 ὑποστηρίξας.
2691 4867 2851 4922 Ἀλλὰ
2891 4867 2987 4920 καὶ
3014 4864 3413 4934 κατεφύτευσεν
3449 4861 3622 4929 αὐτὴν
3658 4856 3827 4926 ἀμπε-

2248 4968 2339 5023 λον
2362 4966 2543 5037 Σορήκ
2562 4982 2574 4993 ·
2603 4964 2670 5035 ἣν
2688 4965 2715 5015 6
2741 4962 3035 5031 Σύμμαχος
3062 4958 3404 5029 ἡρμήνευσεν
3430 4952 3714 5021 ἑκλεκτήν.
3739 4944 3825 5005 Τίς

2247 5057 2303 5111 δὲ
2330 5052 2397 5127 ἦν
2430 5054 2567 5126 αὕτη
2602 5055 2637 5125 ἡ
2663 5052 2906 5123 ἄμπελος
2937 5050 2973 5122 ἦ
3023 5050 3239 5111 πάντως
3274 5064 3375 5100 που
3404 5050 3438 5117 ἡ
3480 5045 3825 5132 θεόπνευστος

2251 5148 2464 5219 Γραφὴ,
2493 5146 2585 5199 καὶ
2607 5148 2636 5199 6
2664 5146 2763 5216 τῆς
2786 5140 3093 5205 θεοσεϐείας
3119 5140 3295 5208 λόγος,
3320 5138 3355 5210 ἦ
3379 5138 3473 5191 καὶ
3500 5134 3660 5195 αὐτὸς
3688 5132 3715 5183 ὁ
3736 5141 3825 5219 του

2252 5218 2389 5293 Θεοῦ
2417 5238 2611 5307 Λόγος,
2648 5238 2678 5289 6
2719 5238 2777 5290 tv
2822 5232 3177 5305 Εὐαγγελίοις
3219 5230 3348 5303 περὶ
3384 5226 3581 5283 ἑαυτοῦ
3619 5218 3823 5285 διδάξας

2256 5332 2351 5389 καὶ
2384 5330 2574 5397 εἰπὼν,
2607 5350 2625 5383 ι
2681 5328 2821 5398 Ἐγώ
2857 5328 3034 5399 είμιή
3066 5325 3309 5397 ἄμπελος
3348 5319 3654 5412 ήὰληθινὴ,
3687 5310 3823 5412 καὶὸ

2254 5424 2445 5495 Πατήρ
2479 5440 2579 5494 μου
2610 5424 2639 5477 ὁ
2664 5420 2944 5494 γεωργός;
2988 5438 3008 5472 ι
3060 5417 3151 5483 Ἐξ
3175 5414 3339 5469 αὑτοῦ
3368 5414 3476 5483 γὰρ
3507 5411 3597 5464 καὶ
3626 5409 3653 5460 6
3680 5409 3820 5474 πρὼν

2252 5534 2344 5579 τος
2376 5514 2505 5579 λαὸς
2544 5514 2641 5587 τὴν
2681 5514 2791 5569 τῶν
2824 5514 2985 5569 θείων
3018 5510 3275 5585 μαθητῶν
3320 5496 3704 5581 [μαθημάτων]
3732 5511 3821 5587 φνῖ

2256 5607 2406 5660 τείαν
2466 5606 2673 5677 εἴληφε.
2718 5606 3015 5677 Προλήνιον
3058 5599 3153 5659 οὖν
3200 5599 3414 5673 ὀρύττει
3459 5596 3517 5650 tv
3551 5588 3696 5659 αὐτῷ

2258 5697 2364 5768 πρὸ
2390 5697 2483 5750 τοῦ
2524 5697 2652 5751 ναοῦ
2694 5697 3093 5769 θυσιαστηριυν.

2234 5877 2387 5933 Joan.
2418 5895 2505 5943 xv,
2540 5880 2587 5934 Ι.
