3968 6504
213 410 305 469 117

1167 408 1670 469 ΟΟΜΜΕΝΤΑΒΙΑ
1709 411 1773 467 IN
1814 412 2065 469 ISAIAM.
2105 444 2174 455 —
2211 414 2361 470 CAP.
2404 411 2469 468 ν.

3366 414 3466 471 H8

278 551 293 580 ι
338 530 451 582 Καὶ
485 530 679 599 ἔμεινα
701 527 797 583 τοῦ
833 528 1059 598 ποιῆσαι
1083 528 1379 599 σταφυλὴν,
1411 530 1503 583 καὶ
1536 530 1785 599 ἐποίησεν

1968 531 2129 587 Vens.
2161 530 2277 585 3-6.
2324 550 2342 582 ι
2399 532 2465 585 Ει
2517 530 2823 601 exspectavi
2867 538 2924 584 ut
2964 529 3166 586 faceret
3220 545 3372 595 uvas,
3408 543 3464 587 et

207 621 462 684 ἀκάνθας.
494 621 606 673 Καὶ
630 619 726 673 νῦν
751 620 800 673 oi
835 618 1170 684 ἐνοικοῦντες
1192 622 1249 674 ἐν
1291 620 1666 693 Ἰερουσαλὴμ,
1698 622 1792 676 καὶ

205 716 487 785 ἄνθρωπος
516 712 612 766 τοῦ
664 712 857 776 Ἰούδα,
892 712 1112 785 κρίνατε
1148 714 1204 766 ἐν
1238 714 1382 784 ἐμοὶ,
1419 713 1514 766 καὶ
1548 714 1651 767 ἀνά
1699 714 1793 785 μέ-

208 825 290 861 σον
316 804 411 859 τοῦ
449 804 779 876 ἀμπελῶνος
813 822 935 875 μου.
972 804 1039 857 Τί
1065 807 1281 878 ποιήσω
1308 805 1389 858 ἔτι
1407 806 1485 876 τῷ
1511 806 1792 877 ἀμπελῶνί

208 915 320 968 μου,
346 896 443 950 καὶ
470 896 578 950 οὐκ
606 895 837 966 ἐποίησα
866 894 1051 967 αὑτῷ;
1078 895 1211 950 διότι
1238 896 1428 967 ἔμεινα
1448 897 1540 951 τοῦ
1569 898 1791 967 ποιῆσαι

206 987 498 1059 σταφυλὴν,
537 987 761 1059 ἐποίησε
808 987 864 1040 δὲ
911 988 1171 1052 ἀκάνθας.
1208 988 1322 1042 Νῦν
1372 984 1464 1043 οὖν
1508 987 1793 1057 ἀναγγελῶ

206 1080 323 1149 ὑμῖν
348 1078 400 1130 τί
427 1079 649 1148 ποιήσω
680 1076 760 1147 τῷ
787 1077 1073 1148 ἀμπελῶνί
1112 1096 1212 1149 μου
1234 1095 1248 1109 ⁸
1290 1078 1499 1148 Ἀφελῶ
1531 1080 1621 1133 τὸν
1655 1097 1792 1151 φρα-

203 1172 329 1241 γμὸν
362 1170 562 1232 αὑτοῦ,
599 1172 695 1224 καὶ
736 1171 887 1225 ἔσται
927 1172 1007 1234 είς
1051 1172 1393 1244 διαρπαγήν·
1443 1175 1538 1227 καὶ
1579 1173 1791 1228 καθελῶ

204 1264 285 1317 τὸν
326 1265 507 1333 τοῖχον
555 1262 744 1327 αὑτοῦ,
786 1266 878 1316 καὶ
920 1263 1072 1317 ἔσται
1117 1267 1196 1329 είς
1237 1266 1643 1337 καταπάτημα’
1696 1267 1792 1321 καὶ

200 1356 376 1426 ἀνήσω
420 1355 520 1407 τὸν
558 1356 857 1427 ἀμπελῶνά
892 1375 1013 1427 μου,
1052 1358 1147 1411 καὶ
1180 1358 1241 1411 οὐ
1290 1358 1365 1430 μὴ
1415 1359 1645 1430 τιμηθῇ,
1682 1359 1790 1412 οὐδ’

202 1446 257 1500 οὐ
284 1446 355 1517 μὴ
386 1450 605 1518 σκαφῇ,
638 1448 732 1501 καὶ
759 1448 1090 1519 ἀναϐήσεται
1119 1451 1197 1514 είς
1230 1449 1415 1513 αὑτὸν,
1442 1450 1515 1515 ὡς
1551 1453 1632 1515 είς
1664 1451 1791 1523 χέρ-

204 1556 305 1602 σον,
348 1537 593 1595 ἄκανθα.
636 1540 747 1594 Καὶ
788 1543 909 1605 ταῖς
941 1541 1193 1611 νεφέλαις
1225 1540 1547 1611 ἐντελοῦμαι
1576 1541 1668 1596 τοῦ
1716 1542 1790 1614 μὴ

205 1628 379 1699 βρέξαι
407 1631 493 1693 είς
528 1630 696 1682 αὑτὸν
731 1630 903 1684 ὑετόν.
952 1650 970 1683 ι
1011 1632 1259 1697 Νεφέλας
1289 1632 1464 1702 δηλῶν
1496 1634 1622 1696 τοὺς
1670 1650 1792 1704 προ-

201 1721 396 1790 φήταςο
431 1720 580 1773 ἀλλά
620 1722 711 1774 καὶ
745 1720 832 1774 διὰ
877 1722 936 1774 τὸ
966 1721 1203 1793 καθαρὸν
1238 1723 1419 1777 αὐτῶν
1452 1724 1546 1777 καὶ
1572 1724 1791 1793 διαυγὲς

200 1809 283 1863 τοῦ
324 1810 465 1881 βίου,
512 1810 751 1880 νεφέλας
797 1811 995 1874 αὐτοὺς
1030 1811 1216 1865 καλεῖο
1257 1812 1344 1866 διὰ
1375 1812 1580 1867 τούτων
1617 1813 1726 1884 γὰρ
1764 1815 1791 1866 ὀ

1899 618 2024 671 fecit
2056 619 2264 687 spinas.
2317 618 2382 673 Et
2435 634 2577 673 nunc
2615 618 2704 687 qui
2766 618 3000 674 incolitis
3046 617 3368 685 Jerusalem,
3410 631 3465 675 et

1894 711 2059 765 homo
2116 710 2278 774 Juda,
2312 710 2555 780 judicate
2612 711 2753 766 inter
2804 726 2889 766 me
2957 718 3012 765 et
3070 712 3212 768 inter
3250 713 3464 768 vineam

1894 816 2091 856 meam.
2144 802 2281 869 Quid
2332 804 2524 859 faciam
2572 804 2749 858 adhuc
2771 804 2942 858 vineae
2988 819 3142 869 meae,
3184 805 3326 873 quod
3359 820 3464 857 non

1895 892 1997 947 feci
2030 893 2079 947 ei
2108 893 2130 947 ?
2159 894 2287 963 quia
2318 894 2627 963 exspectavi
2667 904 2726 948 ut
2777 893 2980 949 faceret
3018 910 3170 961 uvas,
3204 894 3296 948 sed
3340 893 3469 949 fecit

1894 986 2118 1053 spinas?
2158 988 2314 1042 Nunc
2354 988 2520 1057 igitur
2548 987 2889 1043 annuntiabo
2916 989 3073 1043 vobis
3104 989 3231 1057 quid
3268 987 3462 1043 faciam

1895 1076 2065 1131 vinea:
2094 1093 2226 1133 mea:
2256 1098 2269 1134 :
2297 1079 2550 1135 Auferam
2580 1093 2760 1149 sepem
2804 1078 2946 1149 ejus,
2991 1088 3046 1135 et
3097 1079 3202 1134 erit
3231 1082 3284 1133 in
3323 1079 3468 1133 dire-

1892 1169 2130 1239 ptionem
2160 1170 2407 1225 :dirnam
2437 1170 2730 1225 maceriam
2754 1169 2894 1240 ejus,
2935 1179 2990 1225 et
3010 1170 3115 1225 erit
3152 1170 3206 1224 in
3243 1169 3467 1225 concul-

1893 1261 2163 1315 cationem
2203 1279 2216 1314 :
2246 1268 2303 1314 et
2326 1260 2626 1330 relinquam
2662 1258 2876 1314 vineam
2918 1274 3114 1325 meam,
3156 1269 3211 1315 et
3240 1276 3346 1314 non
3371 1275 3469 1331 pu—

1894 1350 2120 1413 tabitur,
2163 1366 2338 1420 neque
2364 1350 2621 1413 fodietur,
2653 1360 2706 1404 et
2733 1361 2983 1405 crescent
3016 1350 3068 1404 in
3090 1365 3174 1414 ea,
3209 1359 3468 1420 tanquam

1893 1441 1946 1495 in
1988 1442 2189 1496 inculta
2250 1450 2420 1506 terra,
2476 1442 2669 1511 spinae.
2707 1441 2772 1495 Et
2802 1441 3036 1497 nubibus
3080 1442 3352 1497 mandabo
3399 1453 3470 1498 ne

1893 1531 2078 1600 pluant
2110 1546 2275 1601 super
2299 1547 2418 1589 eam
2457 1531 2715 1602 pluviam.
2743 1550 2761 1582 ι
2792 1530 2973 1587 Nubes
3004 1547 3209 1587 vocans
3238 1533 3469 1603 prophe-

1899 1634 1979 1677 tas
2013 1643 2024 1678 :
2060 1639 2194 1692 quos
2231 1624 2301 1679 ob
2344 1625 2638 1693 puritatem
2675 1632 2730 1678 et
2770 1624 2894 1678 vita:
2923 1623 3269 1693 splendorem
3297 1625 3468 1679 nubes

1895 1713 2164 1783 appellat:
2205 1715 2398 1769 horum
2449 1713 2593 1768 enim
2633 1729 2801 1783 opera
2832 1716 3074 1769 caelestis
3122 1715 3256 1783 ipsis
3282 1730 3468 1770 sermo

1895 1805 2161 1872 dabatur,
2224 1807 2420 1876 quibus
2466 1806 2726 1863 Dominus
2782 1822 2843 1862 se
2878 1805 3241 1863 discessurum
3294 1807 3466 1863 inter-

200 1900 435 1972 οὐράνιος
466 1900 661 1964 αὐτοῖς
683 1903 1000 1974 ἐχορηγεῖτο
1035 1900 1218 1971 λόγος·
1255 1898 1335 1968 οἷς
1368 1904 1580 1959 ἀπειλεί
1611 1905 1639 1957 ὁ
1671 1906 1786 1960 Κύ-
1819 1893 1861 1948 Β
1890 1895 2146 1951 minatur-

201 2010 304 2064 ρως
332 1994 676 2063 ἀποστήσειν
710 1994 909 2048 αὐτῶν.

267 2105 283 2136 ι
321 2087 565 2157 Ἐμεινα
592 2086 685 2140 τοῦ
713 2089 936 2159 ποιῆσαι
958 2090 1161 2161 κρίσιν,
1192 2090 1416 2162 ἐποίησε
1446 2091 1502 2145 δὲ
1534 2092 1787 2163 ἀνομίαν,

200 2177 283 2229 καὶ
309 2176 367 2229 οὐ
395 2176 781 2249 δικαιοσύνην,
829 2178 967 2233 ἀλλά
998 2182 1265 2253 κραυγήν.
1314 2201 1331 2234 ι
1380 2183 1645 2256 Κραυγὴν
1680 2183 1789 2256 γάρ

201 2267 377 2337 ἀφίησι
404 2268 567 2320 πᾶσα
593 2269 732 2341 πρὸς
754 2267 983 2322 θάνατον
1009 2271 1275 2342 ἁμαρτία,
1297 2271 1505 2344 βοώσης
1528 2273 1627 2343 τῆς
1657 2274 1791 2345 πρά-

201 2357 321 2422 ξεως
354 2359 536 2430 αὐτῆς
556 2377 569 2389 ·
606 2360 749 2414 οὕτω
777 2360 908 2430 γοῦν
950 2362 1164 2434 εἴρηται
1192 2364 1271 2432 τὸ,
1314 2384 1331 2416 ι
1372 2364 1527 2437 Φωνὴ
1559 2366 1788 2437 αἵματος

208 2449 351 2503 ’Δδελ
378 2450 475 2504 τοῦ
503 2450 744 2522 ἀδελφοῦ
773 2470 866 2505 σου
896 2452 997 2526 βοᾷ
1028 2456 1165 2525 πρὸς
1193 2456 1282 2527 μέ.

212 2614 217 2623 ’
270 2649 287 2683 ι
320 2625 391 2687 θῦ
420 2631 558 2704 ,γὰρ
592 2632 859 2704 ἐργῶνται
889 2632 1021 2693 δέκα
1046 2635 1215 2708 ζεύγη
1264 2636 1424 2707 βοῶν,
1458 2639 1669 2711 ποιήσει
1696 2658 1789 2694 κε-

205 2722 383 2793 ράμιον
409 2725 469 2778 ἐν
490 2742 506 2755 ·
541 2725 639 2777 καὶ
663 2725 946 2798 ὁσπείρων
974 2728 1219 2799 ἀρτάὁας
1253 2728 1333 2794 ἐξ,
1367 2732 1581 2803 ποιήσει
1612 2733 1785 2806 μέτρα

205 2814 330 2886 τρία.
369 2834 387 2867 ι
421 2814 705 2879 Σπανίους
748 2817 901 2882 τινὰς
929 2820 1056 2883 τοὺς
1101 2822 1159 2874 ἐν
1193 2821 1376 2885 αὐτοῖς
1424 2823 1787 2896 εὑρεθησομέ-

206 2920 310 2968 von;
334 2906 619 2979 σωτηρίας
645 2907 829 2974 ἀξίους
861 2911 1181 2967 αἰνίττεται.

269 3103 284 3134 ι
323 3086 457 3137 Οὐαὶ
484 3086 543 3139 οἱ
571 3085 909 3157 ἐγειρόμενοι
942 3086 1001 3141 τὸ
1029 3089 1196 3161 πρωῒ,
1223 3089 1317 3145 καὶ
1347 3092 1409 3149 τὸ
1443 3092 1635 3167 σίκερα
1660 3094 1784 3149 διώ-

206 3193 389 3241 κοντες,
418 3180 469 3231 οἱ
510 3178 773 3249 μένοντες
809 3180 871 3233 τὸ
909 3180 1025 3250 ὀψέ
1060 3183 1091 3235 ὁ
1121 3182 1226 3255 γὰρ
1258 3180 1399 3249 οἶνος
1425 3187 1626 3253 αὐτοὺς
1654 3206 1783 3259 συγ-

208 3270 396 3322 καύσει.
444 3289 465 3322 ι
517 3247 641 3341 ήΤῆς
680 3247 1047 3343 ἀποστολικῆς
1077 3247 1276 3340 λέξεως
1432 3247 1693 3350 ἐξήγησιν
1722 3247 1783 3335 τὸ
1810 3247 1853 3307 c

206 3362 357 3432 παρὸν
401 3363 571 3416 τοῦτο
609 3363 775 3435 μέρος
812 3365 911 3437 τῆς
954 3368 1293 3440 προφητείας
1339 3372 1614 3442 περιέχει·
1650 3373 1784 3428 διότι

208 3453 315 3525 γὰρ,
350 3457 506 3527 φησὶ,
548 3475 566 3507 ι
612 3456 851 3511 Μέθυσοι
886 3456 1162 3527 βασιλείαν
1193 3460 1328 3515 Θεοῦ
1354 3464 1417 3517 οὐ
1456 3462 1784 3538 κληρονομή-

207 3561 357 3599 σουσι·
397 3568 415 3599 ›
442 3548 738 3602 τουτέστιν
760 3550 810 3602 οἱ
832 3549 957 3621 ἄρτι
976 3550 1075 3622 τὴν
1108 3553 1172 3607 ἐκ
1203 3554 1302 3623 τῆς
1324 3555 1574 3627 νεότητος
1598 3558 1782 3612 ἄνοιαν

207 3640 540 3712 ἀποθέμενοι,
576 3642 670 3697 καὶ
700 3642 821 3695 ἀντὶ
853 3643 953 3714 τῆς
990 3644 1084 3697 τοῦ
1131 3645 1291 3715 λόγου
1324 3648 1605 3721 δυνάμεως
1633 3652 1783 3706 εὐτό-

208 3750 295 3795 νως
340 3735 748 3791 καταπαλαίειν
800 3736 866 3793 τὰ
920 3736 1092 3808 πάθη,
1148 3738 1581 3812 ἀνατρεπόμενοι
1651 3746 1781 3817 παρ’

209 3826 384 3889 αὐτῶν,
414 3830 517 3881 καὶ.
543 3823 655 3881 οἷόν
690 3846 809 3882 τινα
854 3828 1022 3900 μέθην
1056 3830 1123 3884 τὰ
1146 3832 1293 3904 πάθη
1332 3834 1778 3904 μεταδιώκοντες.

210 3917 345 3983 Εἰκὸς
374 3922 427 3973 δὲ
450 3923 586 3983 τοὺς
630 3920 913 3987 Ἰουδαίους
943 3924 1037 3976 καὶ
1072 3924 1209 3995 μετὰ
1239 3925 1339 3997 τὴν
1369 3928 1511 3981 κατὰ
1537 3928 1631 3981 τοῦ
1668 3931 1782 3983 Σω-

210 4012 348 4083 τῆρος
390 4014 556 4085 ἡμῶν
586 4014 809 4085 τόλμαν,
866 4017 955 4069 ὅτε
988 4017 1157 4088 ἐχρῆν
1206 4018 1406 4084 αὐτοὺς
1440 4021 1655 4075 πενθεῖν
1694 4021 1783 4075 διά

210 4104 290 4173 τὴν
318 4107 618 4176 μέλλουσαν
652 4107 1059 4179 καταλήψεσθαι
1086 4110 1283 4175 αὐτοὺς
1312 4113 1502 4183 ὀργὴν,
1544 4116 1783 4184 κραιπά-

209 4193 324 4264 λαις,
347 4200 437 4252 καὶ
470 4199 864 4268 οἰνοφλυγίαις,
885 4201 979 4255 καὶ
1007 4206 1074 4275 τῇ
1100 4202 1236 4276 ἄλλῃ
1263 4208 1445 4276 τρυφῇ
1479 4205 1778 4275 σχολάζειν.

209 4285 285 4337 Διὸ
325 4287 704 4352 ταλανίζονται
759 4290 864 4343 ὑπὸ
908 4290 1003 4343 τοῦ
1034 4292 1213 4361 λόγου,
1256 4294 1332 4357 ὡς
1364 4294 1782 4367 ἀνεπαισθήτως

209 4372 396 4445 ἔχοντες
412 4380 531 4434 τῶν
553 4380 677 4434 ὅσον
698 4379 850 4435 οὔπω
870 4383 1330 4455 καταληψομένων
1352 4385 1548 4449 αὐτοὺς
1572 4386 1777 4441 κακῶν.

1962 2084 2128 2141 Vens.
2159 2085 2213 2139 7.
2245 2104 2265 2137 ι
2301 2083 2626 2157 Exspectavi
2668 2094 2727 2139 ut
2768 2084 2970 2141 faceret
2997 2082 3285 2161 judicium,
3340 2083 3467 2140 fecit

1890 2186 2069 2233 autem
2125 2177 2493 2247 iniquitatem,
2548 2186 2605 2233 et
2656 2193 2763 2234 non
2803 2177 3095 2248 justitiam,
3134 2180 3230 2234 sed
3265 2177 3467 2234 clamo-

1891 2284 2028 2323 rem.
2060 2287 2079 2321 ι
2113 2267 2248 2323 Nam
2287 2283 2448 2324 omne
2482 2281 2761 2340 peccatum
2794 2271 2862 2326 ad
2881 2282 3138 2337 mortem,
3166 2271 3462 2326 clamorem

1888 2359 2111 2426 emittit,
2153 2360 2422 2415 clamante
2476 2362 2559 2417 vel
2596 2362 2711 2433 ipsa
2762 2364 3019 2419 actione:
3074 2362 3156 2417 sic
3195 2360 3343 2417 enim
3378 2360 3464 2415 di-

1890 2461 2037 2507 ctum
2078 2462 2182 2518 est,
2226 2471 2244 2506 ι
2273 2454 2390 2509 Vox
2434 2455 2719 2526 sanguinis
2750 2455 2882 2511 Abel
2922 2454 3107 2510 fratris
3150 2452 3228 2507 tui
3270 2452 3467 2507 clamat.

1888 2543 1954 2598 ad
1988 2558 2073 2599 me
2094 2544 2161 2600 ³⁸.
2194 2562 2213 2597 ι

1962 2636 2127 2694 Vens.
2156 2637 2247 2692 10.
2290 2656 2311 2690 ι
2348 2638 2448 2695 Ubi
2504 2654 2647 2694 enim
2688 2650 2850 2695 arant
2879 2642 3066 2696 decem
3091 2638 3216 2709 iuga
3275 2640 3461 2704 boum,

1888 2728 2054 2785 faciet
2090 2730 2440 2799 lagunculam
2496 2746 2697 2786 unam:
2747 2741 2803 2787 et
2857 2732 2951 2801 qui
2984 2733 3217 2787 seminat
3244 2730 3464 2785 artabas

1885 2837 2003 2885 sex,
2054 2820 2214 2877 faciet
2243 2836 2528 2879 mensuras
2556 2832 2687 2879 tres.
2719 2842 2738 2877 ι
2768 2822 2944 2877 Raros
2983 2823 3242 2892 quosdam
3290 2820 3467 2876 homi-

1886 2929 2005 2977 nes,
2042 2914 2134 2983 qui
2173 2913 2314 2984 apud
2347 2913 2493 2984 ipsos
2528 2914 2700 2970 salute
2729 2914 2877 2985 digni
2928 2913 3285 2982 reperientur,
3334 2912 3463 2967 sub-

1887 3004 2115 3059 indicat.

1957 3095 2123 3151 Vens.
2159 3096 2248 3151 ll.
2287 3114 2305 3147 ι
2338 3093 2430 3152 Va:
2469 3096 2536 3151 iis
2561 3097 2651 3167 qui
2676 3111 2838 3152 mane
2864 3104 3115 3167 surgunt,
3150 3106 3205 3149 et
3231 3094 3465 3150 siceram

1886 3199 2326 3259 persequuntur;
2367 3191 2459 3261 qui
2504 3199 2725 3245 manent
2767 3204 3033 3260 vespere:
3092 3190 3278 3243 vinum
3319 3188 3461 3243 enim

1887 3282 2173 3338 comburet
2229 3296 2345 3340 eos.
2394 3301 2415 3336 ι
2464 3282 2764 3353 Apostolici
2825 3282 2954 3337 dicti
3020 3280 3459 3351 explanationem

1885 3388 2013 3444 pars
2061 3375 2177 3431 haec
2234 3377 2533 3447 prophetize
2583 3377 2824 3433 continet
2863 3393 2878 3429 :
2914 3391 3034 3429 nam
3082 3375 3223 3439 ideo,
3268 3373 3461 3441 inquit,

1892 3485 1911 3518 σ
1952 3464 2099 3520 Ebrii
2132 3482 2354 3537 regnum
2401 3468 2497 3523 Dei
2546 3482 2654 3523 non
2698 3467 3159 3537 possidebunt”;
3201 3482 3221 3516 ι
3278 3464 3329 3519 id
3358 3473 3461 3527 est,

1885 3559 1978 3628 qui
2010 3560 2245 3615 nondum
2266 3560 2570 3630 juventutis
2599 3559 2969 3629 insipientiam
2986 3561 3375 3629 deposuerunt,
3408 3569 3465 3612 et

1884 3650 2002 3719 qui,
2039 3665 2162 3705 cum
2211 3650 2550 3706 turbulentos
2597 3650 2765 3705 animi
2820 3663 2996 3704 mutus
3044 3658 3266 3703 strenue
3292 3664 3464 3717 oppu-

1893 3756 2063 3813 gnare
2110 3741 2377 3808 debeant,l
2410 3743 2476 3796 ab
2528 3742 2595 3797 iis
2626 3751 2813 3797 contra
2842 3741 3253 3802 subvertuntur,
3277 3751 3330 3795 et
3362 3756 3460 3794 ceu

1885 3834 2177 3900 quamdam
2232 3832 2577 3899 ebrietatem,
2640 3833 2809 3888 animi
2885 3834 3107 3888 morbos
3160 3842 3461 3887 sectantur.

1886 3926 2194 3982 Verisimile
2240 3942 2403 3999 porro
2446 3934 2530 3981 est
2578 3923 2796 3981 Judaeos
2844 3935 2966 3995 post
3005 3925 3209 3980 editum
3268 3935 3458 3979 contra

1886 4018 2224 4075 Salvatorem
2272 4028 2518 4087 nostrum
2566 4018 2767 4083 scelus,
2819 4034 2942 4072 cum
2999 4033 3099 4088 par
3134 4017 3325 4072 fuisset
3343 4031 3459 4082 eos,

1886 4110 2106 4167 ultionis
2127 4125 2229 4179 qua
2261 4109 2550 4165 invadendi
2577 4117 2735 4163 erant
2769 4118 2937 4172 metu,
2960 4108 3168 4178 lugere,
3195 4106 3457 4175 crapulis,

1886 4201 2264 4264 ebrietatibus,
2312 4200 2540 4270 aliisque
2600 4199 2967 4267 voluptatibus
3025 4212 3273 4252 vacasse.
3318 4197 3461 4265 Qua-

1886 4302 2107 4361 propter
2164 4292 2347 4347 miseri
2408 4308 2437 4346 a
2497 4291 2775 4361 Scriptura
2834 4290 3217 4361 praedicantur.
3273 4299 3458 4358 utpote

1883 4381 1974 4450 qui
2005 4379 2151 4436 nullo
2179 4396 2301 4436 utor
2345 4380 2647 4437 futurorum
2678 4380 2940 4436 malorum
2972 4396 3132 4435 sensu
3177 4394 3461 4434 moveren-

1886 4484 1938 4527 tu
1947 4489 1987 4529 l'.

273 4571 289 4605 ι
316 4556 593 4630 Μετάγάρ
616 4556 850 4630 κιθάρας
878 4558 971 4612 καὶ¹
1004 4558 1327 4631 ψαλτηρίου,
1362 4562 1456 4615 καὶ
1482 4562 1779 4633 τυμπάνων

1959 4566 2124 4621 Vsus.
2155 4564 2242 4622 ιε.
2296 4582 2316 4619 ι
2345 4565 2479 4623 Nam
2526 4582 2649 4623 cum
2673 4568 2909 4630 cithara,
2943 4566 3201 4637 psalterio
3232 4576 3287 4621 et
3318 4575 3460 4641 ty‘m-

212 4644 285 4697 τὸν
307 4643 442 4701 οἶνον
496 4648 746 4704 πίνουσι·
785 4649 854 4703 τά
900 4650 957 4703 δὲ
1006 4651 1141 4723 ἔργα
1174 4652 1531 4723 Κυρίου,οὑκ
1584 4655 1777 4725 ἐμϐλέ-

215 4752 370 4807 πουσι,
406 4744 499 4795 καὶ
541 4742 613 4795 τὰ
654 4741 791 4812 ἔργα
824 4742 931 4795 τῶν
974 4743 1168 4813 χειρῶν
1200 4744 1363 4798 αὐτοῦ
1401 4747 1461 4805 οὐ
1490 4746 1780 4801 κατανοοῦ-

218 4845 302 4881 σιν.
338 4851 354 4882 ι
404 4834 545 4885 Ἀλλ’
581 4833 700 4886 οὺδέ
739 4836 849 4897 τοῖς
880 4832 1045 4898 θείοις
1080 4835 1367 4908 προσέχειν
1416 4838 1637 4907 λογίοις,
1683 4841 1776 4899 κα).

216 4921 298 4992 τὴν
328 4926 535 4979 ἐκεῖθεν
570 4925 834 4996 ὠφέλειαν
881 4926 1223 5000 καρποῦσθαι
1270 4923 1379 4981 οἷόν
1409 4947 1466 4982 τε
1504 4932 1629 4993 τοὺς
1668 4948 1774 4983 κω-

220 5024 453 5085 μαστικὺν
490 5024 606 5094 βίον
651 5022 1084 5095 ἀσπαζομένους,
1131 5025 1223 5083 καὶ
1270 5025 1412 5098 μέθῃ
1447 5026 1539 5081 καὶ
1588 5027 1780 5096 κορδα-

218 5118 406 5181 κισμοίς
438 5117 836 5188 κεχρημένους.

280 5305 295 5337 ι
328 5289 511 5344 Τοίνυν
542 5291 885 5364 αἰχμάλωτος
922 5294 950 5350 ὁ
979 5294 1106 5359 λαός
1143 5313 1241 5366 μου
1280 5292 1536 5365 ἐγενήθη,
1582 5292 1669 5348 διὰ
1716 5293 1778 5347 τὸ

222 5378 284 5448 μὴ
321 5382 509 5437 εἰδέναι
542 5385 739 5448 αὐτοὺς
784 5385 876 5438 τὸν
908 5386 1132 5459 Κύριον,
1168 5385 1263 5439 καὶ
1310 5385 1513 5455 πλῆθος
1544 5385 1776 5457 ἐγενήθη

220 5474 401 5541 νεκρῶν
441 5476 526 5532 διὰ
574 5476 730 5550 λιμὸν
764 5478 859 5532 καὶ
909 5477 1057 5549 δίψος
1102 5478 1289 5542 ὓδατος
1332 5478 1464 5550 (10).
1502 5496 1521 5531 ι
1570 5477 1778 5551 Ῥητῶς

279 5592 319 5622 ³⁸
342 5591 472 5650 Gen.
510 5610 587 5663 tv,
616 5596 703 5651 10.
780 5598 823 5629 ’⁸
855 5597 875 5650 l
906 5596 1031 5652 Cor.
1059 5611 1131 5660 vi,
1164 5597 1250 5651 10.

286 5736 388 5804 (l0)
425 5738 546 5795 llmc
577 5739 651 5794 ita
680 5728 1046 5797 liieronvmus
1079 5740 1266 5804 vertit,
1302 5757 1319 5790 ι
1349 5737 1475 5793 llzec
1501 5737 1651 5804 juxta
1686 5736 1769 5791 lit-

230 5810 377 5881 teralu
402 5812 666 5866 accidisse
704 5805 900 5881 popqu
938 5809 1247 5867 Judreorum
1292 5811 1411 5881 subi,
1440 5808 1769 5877 Vespasiano

231 5883 276 5927 et
321 5875 434 5935 Tito
482 5875 738 5939 Romanis
778 5875 1169 5950 principibus,
1220 5890 1326 5935 tam
1375 5875 1561 5936 Graeca
1608 5893 1767 5948 quam

1888 4661 2044 4730 panis
2076 4661 2258 4713 vinum
2285 4670 2511 4730 potant:
2546 4676 2712 4730 opera
2774 4670 2954 4715 autem
2992 4659 3201 4714 Domini
3230 4675 3332 4713 non
3376 4673 3463 4713 re-

1885 4752 2145 4822 spiciunt,
2182 4762 2237 4807 et
2277 4768 2438 4822 Opera
2477 4768 2732 4806 manuum
2755 4753 2871 4820 ejus
2901 4767 3006 4805 non
3041 4750 3401 4805 considerant.
3437 4769 3456 4801 ι

1891 4846 2085 4902 Verum
2115 4862 2214 4902 nec
2247 4847 2365 4902 fieri
2407 4857 2644 4916 poterat,
2678 4858 2737 4901 ut
2774 4850 2831 4913 ii,
2876 4848 2967 4917 qui
3002 4846 3257 4902 lascivam
3292 4846 3457 4897 vitain

1886 4941 2377 5010 amplectebantur,
2419 4954 2483 4995 ac
2530 4941 2783 4995 ebrietati
2840 4938 3327 5006 saltatio-libusque
3371 4937 3460 4989 de-

1884 5030 1979 5085 diti
2031 5040 2211 5095 erant,
2244 5030 2444 5085 divinis
2488 5029 2834 5087 attenderent
2894 5028 3128 5085 oraculis
3186 5027 3255 5080 ab
3289 5025 3462 5093 iisque

1882 5122 2119 5176 fructum
2155 5121 2519 5193 perciperent.

1957 5291 2119 5349 Vens.
2164 5293 2250 5350 15.
2288 5313 2306 5347 ι
2338 5293 2507 5365 Igitur
2534 5294 2780 5364 captivus
2808 5293 3037 5364 p0pulus
3086 5305 3240 5346 meus
3283 5289 3461 5345 factus

1884 5395 1987 5451 cst,
2019 5402 2084 5441 eo
2115 5387 2256 5456 quod
2284 5402 2388 5441 non
2418 5388 2776 5457 cognoverint
2816 5384 3100 5441 Dominum
3130 5400 3145 5437 :
3183 5394 3237 5437 et
3273 5382 3456 5436 multi-

1888 5481 2015 5534 tudo
2034 5489 2370 5538 mortuorum
2389 5477 2492 5537 fuit
2512 5491 2735 5551 propter
2755 5480 2951 5533 famem
2976 5484 3032 5531 et
3057 5476 3203 5532 sitim
3231 5490 3405 5547 aqum.
3432 5494 3452 5529 ι

1881 5740 2073 5819 Latina
2130 5748 2325 5822 narrat
2368 5738 2615 5822 historia.
2678 5737 2827 5807 Quod
2875 5735 3245 5810 spiritualiter,
3296 5732 3457 5790 hodie

1881 5828 2099 5881 quoque
2127 5820 2422 5877 patiuntur,
2451 5828 2469 5862 ι
2501 5820 2607 5866 etc.
