3968 6506
516 407 620 463 H9

1182 405 1452 461 EUSEBII
1491 402 1971 461 CESARIENSIS
2009 401 2161 457 OPP.
2204 402 2387 457 PARS
2424 401 2512 457 111.
2553 432 2623 443 -
2663 400 3077 457 EXEGETICA.

3710 407 3815 460 120

518 524 645 578 Haec
689 521 821 591 ipsis
855 520 924 574 ad
958 520 1193 575 litteram
1225 530 1282 574 et
1314 519 1611 575 secundum
1644 516 1930 572 historiam
1966 531 2091 570 eve-

2201 515 2298 585 μὲν
2348 511 2442 569 οὖν
2490 514 2723 585 ἐπῆλθεν
2766 516 2952 578 αὐτοῖς
2998 515 3172 569 ταῦτα
3221 517 3342 571 καθ’
3404 519 3665 589 ἱστορίαν
3720 522 3809 574 ἐπὶ

515 622 713 670 nerunt
743 613 842 667 sub
875 612 1205 681 Vespasiano
1228 621 1283 667 et
1310 611 1550 665 Adriano
1597 609 1963 663 Romanorqu
2001 608 2095 661 im-

514 706 897 777 peratoribus;
926 705 1223 760 secundum
1282 713 1522 758 mentem
1573 717 1708 757 vero
1741 701 1902 757 etiam
1952 714 2095 755 nunc

515 798 827 852 rationabili
869 811 1009 866 pane
1061 794 1191 848 vita:
1221 795 1444 865 privati,
1493 792 1634 848 fame
1697 791 1939 848 ccelestis
1992 791 2092 845 ali-

514 890 683 942 menti
718 902 1058 958 premuntur,
1118 888 1413 942 secundum
1471 886 1814 953 Scripturam
1865 886 1937 938 de
1987 883 2095 939 illis

514 982 588 1034 ita
616 980 954 1049 loquentem,
1000 1000 1020 1034 ι
1057 980 1463 1036 Convertentur
1497 980 1563 1033 ad
1596 993 1903 1047 vesperam,
1929 987 1984 1031 et
2012 976 2093 1030 fa-

513 1085 656 1126 mem
676 1073 953 1142 patientur
984 1080 1041 1125 ut
1061 1072 1237 1139 canis,
1268 1080 1325 1125 et
1341 1070 1657 1125 circuibunt
1677 1069 1952 1123 civitatem
1979 1067 2047 1123 ³ο.
2070 1086 2089 1117 ι

513 1167 592 1219 Ac
648 1179 770 1217 cum
814 1164 1116 1234 principem
1165 1163 1289 1217 vitae
1343 1162 1686 1231 negaverint.
1754 1161 1809 1214 in
1861 1168 2092 1213 mortem

515 1255 716 1311 anima
744 1255 878 1326 lapsi
911 1266 1038 1311 sunt
1066 1274 1081 1310 :
1119 1271 1353 1325 cumque
1376 1256 1776 1323 redemptorem
1806 1252 2095 1321 captivita-

516 1349 589 1404 tis
648 1349 979 1417 animarum,
1020 1350 1112 1420 qui
1161 1350 1515 1420 praedicatum
1587 1355 1810 1400 venerat
1860 1346 2091 1415 captivis

515 1442 923 1507 remissionem,
957 1452 1011 1497 et
1044 1444 1206 1497 caecis
1238 1442 1385 1497 visus
1409 1435 2093 1501 restitutionem,aversati

515 1533 646 1599 sint,
710 1534 951 1589 inimicis
981 1533 1358 1603 spiritualibus
1388 1533 1597 1596 traditi,
1630 1540 1687 1587 et
1713 1530 2091 1601 captivitatem

515 1624 821 1680 animarum
850 1626 1093 1695 perpessi
1130 1635 1279 1681 sunt.

585 1716 755 1773 Vens.
811 1718 904 1775 20.
955 1737 974 1769 ι
1012 1719 1103 1775 Vae
1156 1718 1247 1788 qui
1305 1718 1487 1773 dicitis
1526 1717 1727 1772 malum
1781 1717 2007 1777 bonum,
2038 1721 2094 1769 et

513 1808 712 1862 bonum
759 1808 991 1873 malum;
1024 1809 1113 1877 qui
1144 1808 1345 1879 ponitis
1378 1809 1633 1863 tenebras
1677 1807 1876 1870 lucem,
1921 1816 1978 1860 et
2012 1805 2091 1859 lu-

2198 605 2606 660 Οὺεσπασιανοῦ
2650 606 2744 659 καὶ
2792 606 3071 676 Ἀδριανοῦ
3114 608 3405 678 Ῥωμαίων
3462 611 3809 681 αὐτοκρατὸ-

2200 715 2337 769 ρων·
2375 700 2468 752 καὶ
2497 698 2639 752 κατά
2670 698 2911 769 διάνοιαν
2951 700 3009 752 δὲ
3045 700 3410 772 στερηθέντες
3442 700 3545 754 τοῦ
3587 701 3807 770 λογικοῦ

2197 788 2362 859 ἄρτου
2395 789 2495 860 τῆς
2530 788 2696 859 ζωῆς.
2734 788 2815 842 ἔτι
2842 790 2937 842 καὶ
2969 790 3063 843 νῦν
3091 793 3295 863 τροφῆς
3330 792 3681 862 ἐπουρανίου
3711 794 3808 858 τὰς

2194 881 2371 951 ψυχὰς
2406 880 2731 951 λιμώττουσι
2782 882 2925 936 κατά
2966 882 3063 953 τὴν
3097 884 3421 952 φάσκουσαν
3459 887 3597 954 περὶ
3629 886 3807 937 αὐτῶν

2195 970 2440 1042 Γραφηψ
2465 990 2487 1022 ι
2508 971 2957 1041 Ἐπιστρέψουσιν
2974 975 3052 1036 εὶς
3071 975 3327 1044 ἑσπέραν,
3352 974 3453 1026 καὶ
3467 973 3522 1025 λι
3531 972 3806 1043 μώξουσιν

2195 1060 2271 1124 ὡς
2306 1061 2472 1126 κύων,
2522 1062 2615 1115 καὶ
2635 1063 2975 1117 κυκλώσουσι
3023 1063 3201 1117 πόλιν.
3230 1083 3246 1114 ι
3269 1064 3383 1118 Καὶ
3425 1064 3525 1117 τὸν
3560 1064 3806 1136 ἀρχηγὸν

2194 1151 2250 1205 δὲ
2273 1153 2370 1223 τῆς
2404 1152 2549 1221 ζωῆς
2593 1154 3062 1225 ἀπαρνησὰμενοι,
3099 1154 3176 1225 τῷ
3206 1155 3305 1225 τῆς
3338 1154 3534 1225 ψυχῆς
3588 1153 3805 1224 θανάτῳ

2196 1245 2687 1316 περιπεπτώκασι·
2743 1248 2833 1301 τόν
2877 1266 2936 1301 τε
2985 1248 3264 1321 λυτρωτὴν
3304 1250 3412 1319 τῆς
3459 1250 3576 1300 τῶν
3620 1247 3805 1318 ψυχῶν

2196 1338 2576 1408 αἰχμαλωσίας
2621 1342 3083 1413 ἀποστραφέντες,
3129 1342 3222 1395 τὸν
3274 1340 3511 1394 ἐλθόντα
3565 1340 3803 1411 κηρῦξαι

2195 1430 2559 1501 αἰχμαλώτοις
2582 1432 2776 1502 ἀφεσιν
2805 1435 2899 1487 καὶ
2930 1435 3151 1502 τυφλοῖς
3183 1433 3515 1502 ἀνάϐλεψιν,
3540 1436 3661 1497 τοῖς
3691 1451 3803 1504 νοη-

2194 1525 2309 1586 τοῖς
2345 1524 2623 1596 πολεμίοις
2653 1525 3048 1598 παρεδόθησαν,
3088 1527 3183 1579 καὶ
3208 1526 3308 1596 τὴν
3335 1524 3539 1595 ψυχῶν
3573 1525 3803 1596 ὑπέμει-

2196 1635 2292 1672 ναν
2318 1620 2711 1689 αἰχμαλωσίαν.

2273 1729 2291 1759 ι
2320 1711 2454 1763 Οὐαὶ
2479 1712 2529 1763 οἱ
2558 1711 2806 1780 λέγοντες
2835 1712 2895 1765 τὸ
2930 1712 3163 1781 πονηρὸν
3195 1710 3386 1776 καλὸν,
3411 1712 3515 1763 καὶ
3546 1710 3609 1763 τὸ
3643 1710 3805 1765 καλὸν

2198 1807 2465 1879 πονηρόν·
2510 1808 2561 1859 ot
2606 1806 2845 1870 τιθέντες
2887 1806 2948 1859 τὸ
2996 1806 3186 1869 σκότος
3234 1805 3375 1875 φῶς,
3432 1807 3535 1859 καὶ
3578 1805 3643 1858 τὸ
3692 1804 3805 1873 φῶς

512 1912 631 1952 cem
674 1898 966 1965 tenebras;
998 1900 1087 1968 qui
1116 1899 1318 1969 ponitis
1347 1915 1596 1954 amarum
1644 1898 1823 1959 dulce.
1852 1909 1907 1953 et
1935 1898 2091 1952 dulce

2201 1900 2420 1964 σκότος’
2455 1901 2505 1953 οἱ
2538 1900 2779 1963 τιθέντες
2819 1899 2879 1953 τὸ
2913 1900 3109 1971 πικρὸν
3154 1899 3352 1967 γλυκὺ,
3392 1900 3493 1952 καὶ
3531 1899 3598 1952 τὸ
3632 1898 3806 1967 γλυκὺ

511 2003 780 2044 amarum.
814 2007 833 2040 ι
885 1989 952 2043 Et
999 1990 1114 2045 hate
1168 2005 1387 2061 quoque
1436 1990 1875 2060 praecedentibus
1922 1989 2095 2055 subji-

512 2082 757 2143 ciuntur,
786 2084 944 2151 quasi
973 2084 1040 2138 de
1064 2091 1309 2155 tempore
1350 2083 1559 2139 Christi
1591 2083 1756 2139 dicta.
1804 2082 1940 2137 Nam
1967 2098 2089 2137 cum

510 2173 712 2228 multos
747 2174 1014 2229 doctrina
1037 2188 1322 2229 sermones
1352 2190 1381 2228 a
1410 2173 1695 2230 Salvatore
1734 2174 2086 2233 audivissent.

510 2280 723 2321 necnon
755 2276 941 2335 postea
982 2266 1051 2322 ab
1082 2267 1348 2337 apostolis
1393 2266 1529 2335 ejus,
1589 2268 1725 2322 nihil
1775 2267 1903 2322 hinc
1949 2266 2091 2319 utili-

512 2359 642 2413 tatis
666 2359 947 2413 consecuti
981 2369 1151 2425 sunt,
1196 2360 1288 2414 sed
1316 2361 1367 2415 in
1400 2360 1782 2415 incredulitate
1823 2372 1877 2415 et
1909 2369 2091 2429 gesto-

511 2465 633 2503 rum
662 2450 998 2505 absurditate
1028 2460 1466 2522 perseverantes,
1491 2451 1734 2522 peccatis
1762 2449 1876 2506 suis
1904 2466 2090 2507 acces-

512 2542 723 2596 sionem
767 2542 1087 2597 attulerunt.
1141 2542 1265 2598 Alio
1315 2544 1443 2598 item
1496 2544 1659 2597 modo
1707 2543 1821 2598 lucc
1864 2542 1950 2606 iis,
1995 2543 2089 2612 qui

509 2633 665 2704 prius
702 2633 1119 2699 incusabantur,
1155 2636 1529 2690 conveniunt:
1567 2636 1768 2691 etenim
1806 2635 1966 2692 iidem
1996 2652 2087 2691 sa-

512 2742 638 2781 nam
676 2726 982 2781 doctrinam
1030 2738 1369 2792 aversantes,
1412 2737 1467 2782 et
1501 2729 1554 2782 in
1596 2728 1773 2784 lucem
1810 2728 2087 2798 Evangelii

510 2819 771 2873 salutaris
804 2820 1120 2890 blaspltema
1151 2821 1514 2889 proferentes,
1564 2829 1932 2892 putantesque
1972 2820 2091 2875 dul-

509 2918 604 2959 ces
637 2905 761 2960 illos
807 2922 873 2962 ac
928 2908 1106 2963 alendi
1160 2910 1210 2961 vi
1262 2908 1521 2978 praeditos
1565 2908 1866 2965 Salvatoris
1915 2911 2089 2965 nostri

511 3011 818 3063 sermones,
869 3015 1086 3055 amaros
1135 3017 1279 3069 esse,
1342 3002 1619 3071 improbas
1676 3003 1989 3059 econtrario
2035 3012 2088 3057 et

510 3088 780 3157 malignas
831 3090 1211 3159 cogitationes,
1269 3104 1331 3146 ut
1375 3094 1548 3147 bonas
1595 3093 2085 3162 amplectebantur,

511 3194 576 3232 ac
627 3181 883 3236 tenebras
927 3183 1159 3249 erroris,
1214 3199 1337 3253 quae
1386 3194 1623 3239 mentem
1658 3201 1811 3238 suam
1847 3200 2085 3253 occupa-

2201 1991 2414 2060 πικρόν.
2443 2009 2461 2041 ι
2518 1992 2627 2043 Καὶ
2674 1990 2846 2044 ταῦτα
2894 1990 2950 2043 δὲ
2995 1992 3108 2053 τοῖς
3154 1988 3553 2060 προλεχθεῖσιν
3613 1990 3805 2042 ἕπεται

2198 2080 2273 2144 ὡς
2311 2081 2401 2132 ἐπὶ
2437 2080 2696 2151 Χριστοῦ.
2743 2079 2960 2133 Πολλῶν
2999 2080 3108 2152 γὰρ
3156 2079 3584 2144 ἐπακούσαντες
3656 2080 3801 2134 διδα-

2202 2171 2473 2227 σκαλικῶν
2524 2172 2695 2242 λόγων
2725 2172 2818 2226 τοῦ
2872 2173 3141 2243 Σωτῆρος,
3191 2171 3300 2225 τῶν
3351 2190 3417 2225 τε
3472 2173 3596 2243 μετ’
3643 2172 3807 2225 αὑτὸν

2197 2264 2510 2318 ἀποστόλων
2546 2264 2733 2327 αὐτοῦ,
2767 2264 2921 2318 οὐδὲν
2973 2266 3070 2335 μὲν
3118 2264 3254 2337 πρὸς
3293 2264 3583 2335 ὠφέλειαν
3630 2266 3799 2336 ἐκαρ-

2198 2354 2430 2407 ποῦντο·
2488 2357 2553 2425 τῇ
2588 2354 2645 2407 δὲ
2697 2356 2925 2426 ἀπιστίᾳ
2975 2354 3327 2425 ἐπιμένοντες
3382 2356 3483 2408 καὶ
3529 2358 3649 2418 τοῖς
3695 2356 3800 2408 τῶν

2199 2445 2374 2515 ἔργων
2420 2447 2753 2517 ἀτοπήμασι,
2787 2444 3103 2516 προσθήκας
3135 2444 3424 2500 ἐποιοῦντο
3478 2446 3593 2501 τῶν
3623 2448 3798 2518 ἀμαρ-

2196 2538 2475 2609 τημάτων.
2523 2538 2634 2591 Καὶ
2678 2536 2852 2600 ἄλλως
2885 2537 2941 2590 δὲ
2976 2538 3147 2590 ταῦτα
3197 2540 3311 2602 τοῖς
3361 2539 3631 2611 ἀνωτέρω
3671 2556 3799 2592 κατ-

2197 2630 2544 2703 ηγορηθεῖσιν
2581 2630 2830 2701 ἀρμόζε.’
2861 2632 2910 2684 οἱ
2944 2630 3052 2703 γὰρ
3079 2632 3232 2685 αὐτοὶ
3263 2632 3356 2685 τὸν
3391 2633 3524 2704 ὑγιῆ
3552 2632 3797 2704 διαστρέ-

2198 2740 2389 2792 φοντες
2417 2722 2593 2792 λόγον,
2627 2722 2722 2777 καὶ
2752 2723 2814 2775 τὸ
2849 2722 2965 2792 φῶς
2996 2723 3089 2777 τοῦ
3124 2723 3396 2794 σωτηρίου
3452 2724 3794 2793 Εύαγγελίου

2200 2816 2665 2888 βλασφημοῦντες,
2708 2816 2938 2888 πικρούς
2978 2833 3037 2871 τε
3077 2812 3374 2880 εἶναιτοὺς
3424 2816 3658 2885 γλυκεῖς
3706 2817 3794 2870 καὶ

2195 2894 2509 2980 τροφίμους
2546 2909 2639 2962 τοῦ
2692 2910 2945 2980 Σωτῆρος
2988 2910 3145 2981 ἡμῶν
3197 2910 3387 2979 λόγους
3446 2910 3790 2981 ἡγούμενοι,

2198 3001 2465 3055 ἀνάπαλιν
2496 3003 2621 3065 τοὺς
2668 3003 2973 3073 μοχθηροὺς
3026 3004 3119 3055 καὶ
3173 3008 3447 3075 πονηροὺς
3494 3004 3789 3073 λογισμοὺς

2194 3091 2269 3155 ὡς
2300 3090 2537 3159 ἀγαθοὺς
2566 3094 2974 3163 προσεδέχοντο,
3012 3093 3106 3146 καὶ
3135 3094 3195 3145 τὸ
3226 3095 3417 3157 σκότος
3446 3095 3552 3165 τῆς
3583 3094 3788 3163 πλάνης

2194 3183 2257 3236 τὸ
2289 3184 2508 3254 συνέχον
2537 3183 2716 3236 αὐτῶν
2744 3184 2842 3247 τὰς
2871 3184 3067 3255 ψυχὰς,
3100 3186 3157 3237 ὲν
3186 3184 3339 3256 χώρα
3370 3188 3565 3254 φωτὸς
3601 3187 3790 3239 ἐτίθεν-

511 3274 662 3338 bant,
708 3276 830 3328 vice
874 3274 1094 3330 luminis
1134 3277 1447 3345 ponebant:
1497 3276 1721 3331 malitiae
1765 3292 1896 3333 vero
1929 3292 2088 3333 acer-

2201 3294 2253 3329 το
2272 3292 2285 3308 ·
2312 3276 2412 3346 τῆς
2440 3293 2498 3329 τε
2520 3276 2721 3339 κακίας
2747 3275 2844 3347 τὴν
2879 3276 3084 3346 πικρὰν
3117 3278 3210 3330 καὶ
3241 3277 3581 3351 δηλητήριον
3610 3279 3785 3349 φύσιν,

510 3365 632 3419 bam
661 3376 716 3419 et
739 3367 1030 3423 exitiosam
1063 3378 1339 3434 naturam,
1388 3370 1544 3439 quasi
1597 3370 1810 3425 dulcem
1852 3371 2089 3441 aliquam

509 3458 845 3529 voluptatem
878 3463 1375 3531 persequebantur.
1413 3464 1479 3519 Et
1512 3480 1644 3520 sane
1677 3466 1744 3521 ad
1779 3466 1883 3522 boc
1922 3482 2092 3536 usque

514 3559 727 3620 tempus
757 3553 948 3607 videas
968 3553 1209 3621 ejusdem
1264 3557 1434 3611 moris
1482 3555 1700 3612 Judzeos
1759 3572 1919 3613 esse:
1969 3574 2091 3613 nam

514 3642 791 3713 Evangelii
825 3644 1108 3699 veritatem
1148 3658 1473 3702 aversantur
1501 3690 1518 3714 ,
1572 3649 1745 3705 aniles
1783 3660 1969 3705 autem
2012 3651 2093 3705 fa-

511 3732 693 3799 bulas,
718 3743 774 3789 et
798 3736 1119 3806 ignorantiae
1168 3741 1423 3795 tenebras
1462 3750 1761 3795 sectantur.
1806 3740 1922 3797 Hoc
1957 3743 2091 3798 alre-

509 3835 604 3881 ctu
642 3827 916 3896 instructi,
950 3829 1225 3886 Christum
1254 3833 1471 3903 quidem
1499 3835 1858 3904 abnegarunt,
1889 3836 2091 3891 Barab-

514 3920 637 3972 ham
666 3934 795 3974 vero
824 3922 1197 3991 expetierunt,
1231 3940 1356 3979 cum
1386 3926 1688 3982 latronibus
1724 3936 1780 3981 et
1823 3928 2093 3984 facinoro-

510 4013 589 4067 sis
647 4016 956 4082 portionem
1035 4032 1187 4071 suam
1242 4030 1524 4089 ponentes.
1570 4019 1683 4075 lum
1743 4022 1905 4077 etiam
1967 4037 2091 4077 cum

512 4107 689 4160 atheis
726 4118 781 4160 ct
814 4108 993 4177 impiis
1027 4111 1339 4166 nationibus
1384 4114 1720 4182 congregati,
1766 4114 2087 4171 idololatras

513 4197 733 4265 quidem
777 4201 1074 4269 recipiunt,
1105 4202 1335 4269 probum
1381 4214 1560 4257 autem
1594 4214 1649 4258 et
1699 4214 2093 4274 temperanteut

509 4287 713 4342 Christi
748 4291 1003 4359 populum
1037 4302 1363 4346 aversantur
1389 4304 1445 4348 et
1478 4306 1897 4365 persequuntur.

591 4379 749 4432 Vens.
768 4380 858 4444 Ἥ,
884 4381 974 4436 22.
1001 4402 1019 4434 ι
1043 4383 1135 4437 Vae
1153 4385 1242 4452 qui
1266 4389 1537 4453 sapientes
1554 4387 1686 4440 estis
1720 4389 1771 4441 in
1803 4391 2095 4444 vobismet-

516 4471 674 4540 ipsis,
714 4480 769 4525 et
819 4489 1001 4526 coram
1041 4476 1196 4530 vobis
1230 4477 1382 4543 .ipsis
1434 4480 1748 4545 prudentes.
1802 4479 1891 4534 Vae
1928 4482 2096 4537 fortes

2194 3366 2384 3437 ὥσπερ
2416 3365 2537 3419 τινὰ
2577 3366 2851 3437 γλυκεράν
2890 3368 3082 3439 ἡδονὴν
3134 3369 3491 3425 κατεδίωκον.
3542 3371 3705 3434 Ἴδοις
3744 3370 3788 3422 δ’

2192 3457 2259 3513 ἂν
2287 3457 2453 3511 εἰσέτι
2487 3458 2579 3510 καὶ
2610 3456 2706 3510 νῦν
2734 3456 3009 3523 τοιούτους
3045 3460 3175 3524 τοὺς
3202 3460 3309 3513 τῶν
3346 3462 3628 3516 Ἰουδαίων
3662 3463 3787 3516 παῖ-

2192 3552 2306 3615 δας,
2349 3550 2450 3622 τὴν
2494 3550 2592 3621 μὲν
2625 3550 2880 3622 ἀλήθειαν
2922 3551 3015 3603 τοῦ
3066 3551 3397 3621 Εύαγγελίου
3445 3554 3789 3625 ἀποστρεφο-

2198 3645 2413 3716 μένους,
2440 3645 2566 3709 τοὺς
2592 3644 2647 3697 δὲ
2679 3643 2945 3715 γραώδεις
2978 3644 3179 3715 μύθους
3212 3647 3306 3703 καὶ
3337 3646 3398 3699 τὸ
3428 3648 3533 3717 τῆς
3567 3646 3787 3716 ἀγνοίας

2194 3738 2385 3801 σκότος
2440 3736 2892 3808 μεταδιώκοντας.
2936 3737 3121 3811 Ταύτῃ
3156 3741 3222 3809 τῇ
3268 3741 3595 3811 προαιρέσει
3621 3740 3788 3812 ἠρνή-

2197 3848 2358 3884 σαντο
2393 3831 2492 3901 μὲν
2536 3830 2628 3884 τὸν
2660 3830 2916 3901 Χριστὸν,
2946 3831 3218 3901 ᾐτήσαντο
3261 3830 3317 3886 δὲ
3346 3831 3440 3883 τὸν
3468 3828 3782 3903 Βαραϐϐᾶν,

2200 3922 2335 3994 μετά
2382 3922 2593 3994 λῃστῶν
2640 3923 2734 3976 καὶ
2790 3922 3113 3995 κακούργων
3162 3923 3259 3994 τὴν
3308 3922 3525 3975 ἑαυτῶν
3568 3922 3791 3993 θέμενοι

2203 4016 2411 4089 μερίδα.
2457 4016 2617 4071 Ἀλλά
2657 4018 2895 4081 καὶτοῖς
2937 4017 3118 4081 ἀθέοις
3172 4018 3266 4071 καὶ
3309 4017 3569 4072 ἀσεϐέσιν
3612 4016 3783 4068 ἔθνεσι

2200 4108 2707 4182 συναγελαζόμενοι,
2742 4112 2869 4172 τοὺς
2925 4111 3022 4181 μὲν
3064 4108 3461 4179 εἰδωλολάτρας
3493 4108 3785 4178 ἀποδέχω-

2197 4221 2315 4265 ται,
2354 4202 2444 4254 τὸν
2482 4204 2538 4256 δὲ
2579 4202 2777 4273 σεμνὸν
2827 4202 2921 4257 καὶ
2965 4200 3217 4272 σώφρονα
3254 4200 3348 4254 τοῦ
3383 4200 3623 4274 Χριστοῦ
3662 4197 3783 4251 λαὸν

2196 4294 2629 4365 ἀποστρέφονται
2662 4296 2757 4348 καὶ
2788 4293 3096 4348 διώκουσιν.

2273 4408 2291 4438 ς
2315 4388 2453 4440 Οὐαὶ
2489 4390 2537 4443 oi
2582 4388 2791 4441 συνετοὶ⁵
2837 4388 2894 4441 ὲν
2930 4389 3166 4449 ἑαυτοῖς,
3205 4386 3299 4440 καὶ
3339 4384 3576 4439 ἐνώπιον
3604 4380 3781 4435 αὐτῶν

2196 4481 2579 4551 ἐπιστήμονες.
2629 4481 2766 4535 Οὐαὶ
2809 4482 2857 4533 oi
2904 4478 3177 4549 ἰσχύοντες
3219 4476 3396 4548 ὑμῶν,
3443 4478 3496 4529 οἱ
3538 4475 3780 4533 πίνοντες

510 4564 710 4629 vestri,
743 4566 833 4633 qui
869 4566 1057 4621 bibunt
1082 4567 1289 4632 vinum,
1336 4579 1391 4622 et
1422 4580 1692 4638 potentes,
1739 4574 1829 4642 qui
1866 4574 2091 4628 miscent

2201 4573 2287 4626 τὸν
2312 4568 2470 4636 οἶνον,
2508 4573 2601 4625 καὶ
2626 4574 2676 4625 οί
2704 4572 2957 4625 δυνάσται
2984 4572 3032 4624 οἱ
3053 4570 3406 4642 κεραννύντες
3436 4568 3508 4623 τὰ
3535 4568 3773 4637 σίκερα.ι

510 4656 762 4711 siceram.
794 4676 815 4710 ι
839 4658 1144 4714 Secundum
1173 4662 1316 4716 aliud
1344 4677 1473 4717 vero
1500 4667 1857 4733 propositum,
1881 4665 2095 4721 Judazo-

512 4764 637 4803 rum
686 4753 929 4821 magistri
979 4753 1278 4811 Salvatoris
1320 4758 1665 4812 sermonibus
1706 4760 1945 4813 animum
1990 4776 2095 4814 non

518 4840 865 4907 adhibentes.
899 4862 958 4900 se
994 4848 1129 4916 ipsis
1178 4848 1441 4918 improbis
1473 4851 1789 4907 doctoribus
1826 4831 1956 4907 sunt
1985 4854 2093 4921 usi,

516 4947 703 5005 utpote
757 4938 1033 5007 sapientes
1079 4942 1133 4994 in
1186 4944 1404 5012 seipsis.
1448 4954 1503 4999 et
1551 4959 1736 4999 coram
1784 4949 2096 5017 semetipsis

514 5030 838 5098 prudentes.
877 5030 1081 5087 Deinde
1115 5049 1269 5100 vero,
1319 5038 1473 5107 quasi
1508 5047 1759 5107 potentes
1780 5048 1837 5093 et
1869 5041 2094 5095 multum

519 5125 659 5190 apud
686 5124 895 5193 plehem
944 5130 1271 5185 auctoritate
1324 5131 1595 5196 valentes,
1645 5134 1883 5188 animam
1940 5151 2093 5190 suam

518 5214 783 5271 ebrietate
816 5220 1249 5290 circumdedere,
1279 5224 1601 5295 ignorantia:
1632 5226 1875 5281 tenebris
1910 5228 2092 5297 sapiti.

519 5305 637 5358 Jam
675 5321 807 5361 vero
837 5309 957 5365 aliis
997 5311 1245 5368 dolosum
1305 5326 1491 5385 potum
1536 5316 1829 5381 miscuere,
1870 5316 1961 5385 qui
2006 5333 2099 5372 vo-

520 5405 677 5448 catur
708 5398 903 5465 sicera,
939 5418 1211 5473 quemque
1259 5408 1587 5476 interpretes
1617 5408 1731 5471 alii,
1771 5410 2093 5463 ebrietatem

522 5486 892 5555 appellarunt.
925 5491 1037 5548 lloc
1066 5510 1230 5566 porro
1262 5497 1510 5553 fecerunt
1558 5510 1930 5568 cauponantes
1971 5515 2098 5556 ver-

519 5575 647 5631 bum
685 5577 797 5633 Dei.

596 5668 757 5723 Vens.
795 5672 886 5727 24.
936 5692 953 5725 ι
994 5676 1165 5735 Radix
1196 5697 1384 5739 eorum
1416 5684 1595 5756 pulvis
1624 5685 1751 5751 erit,
1796 5695 1853 5740 et
1878 5683 1973 5741 llos
2003 5698 2097 5741 eo-

592 5870 637 5903 “
676 5873 815 5930 Psal.
844 5893 1000 5943 Lvm,
1030 5879 1080 5933 7.

2204 4663 2340 4717 Καθ’
2396 4665 2587 4736 ἑτέραν
2641 4663 2700 4715 δὲ
2746 4660 2999 4731 ἐπιϐολὴν
3054 4661 3127 4731 μὴ
3182 4659 3541 4732 προσέχοντες
3584 4658 3633 4709 οἱ
3676 4654 3783 4707 τῶν

2213 4761 2481 4815 Ἰουδαίων
2505 4759 2815 4830 καθηγηταὶ
2843 4760 2955 4821 τοῖς
2983 4757 3077 4811 τοῦ
3100 4758 3349 4827 Σωτῆρος
3367 4755 3568 4825 λόγοις,
3597 4752 3781 4811 κακοῖς

2200 4853 2536 4916 διδασκάλοις
2567 4852 2719 4907 αὐτοὶ
2753 4852 2963 4914 ἑαυτοῖς
3003 4849 3324 4920 ἐχρήσαντο,
3364 4846 3440 4909 ώς
3491 4841 3698 4897 συνετοὶ
3722 4839 3776 4889 ὲν

2201 4949 2432 5010 ἑαυτοῖς,
2474 4944 2567 4999 καὶ
2618 4942 2847 4998 ἐνώπιον
2884 4941 3093 4996 ἑαυτῶν
3144 4942 3525 5010 ἐπιστήμονες.
3553 4936 3775 4988 Ἔπειτα

2201 5039 2277 5103 ὡς
2313 5038 2588 5109 ἰσχύοντες
2618 5037 2712 5090 καὶ
2742 5034 2911 5089 πολλά
2950 5034 3235 5104 δυνάμενοι
3276 5033 3334 5084 ὲν
3369 5030 3449 5101 τῷ
3480 5028 3613 5099 λαῷ,
3643 5023 3776 5097 μέθῃ

2208 5132 2308 5202 μὲν
2335 5132 2432 5201 τὴν
2463 5128 2671 5201 ἑαυτῶν
2704 5128 2880 5200 ψυχὴν
2915 5125 3288 5199 περιέϐαλλον,
3318 5123 3395 5194 τῷ
3433 5124 3531 5193 τῆς
3559 5119 3773 5191 ἀγνοίας

2208 5225 2384 5295 σκότῳ
2416 5222 2764 5293 καρούμενοι.
2801 5220 2936 5290 Ἤδη
2967 5219 3022 5272 δὲ
3061 5219 3157 5272 καὶ
3192 5217 3400 5292 ἑτέροις
3440 5215 3600 5269 ποτὸν
3634 5210 3771 5265 δεδο-

2205 5316 2465 5387 λιωμένον
2511 5314 2761 5387 ἐκίρνων,
2811 5314 2873 5365 τὸ
2914 5311 3244 5383 καλούμενον
3293 5310 3519 5382 σίκεραο
3556 5308 3690 5375 ὅπερ
3726 5300 3772 5351 οἱ

2200 5410 2375 5461 λοιποὶ
2424 5405 2756 5477 ἐρμηνευταὶ
2810 5402 3061 5475 μέθυσμα
3110 5402 3428 5473 ὠνόμασαν
3484 5397 3577 5453 καὶ
3622 5391 3771 5447 τοῦτο

2202 5501 2488 5572 ἔπραττον,
2529 5498 2927 5571 καπηλεύοντες
2955 5496 3047 5549 τὸν
3074 5496 3231 5566 λόγον
3264 5494 3357 5549 τοῦ
3386 5491 3539 5549 Θεοῦ.

2281 5706 2301 5739 ι
2340 5688 2401 5741 Ἦ
2440 5686 2565 5759 ῥίζα
2595 5685 2773 5741 αὐτῶν
2810 5688 2839 5740 ὁ
2865 5686 2991 5757 χοῦς
3024 5684 3195 5750 ἔσται,
3230 5682 3325 5737 καὶ
3354 5680 3413 5735 τὸ
3464 5676 3619 5738 ἀνθος
3670 5664 3757 5723 (ιδ’
