3968 6516
198 416 282 474 121
1140 414 1645 474 COMMENTARIA
1682 418 1750 472 IN
1788 417 2035 476 ISAIAM.
2075 453 2146 464 —-
2181 423 2331 478 CAP.
2372 422 2464 480 Vl.

3342 431 3459 486 1‘22

192 538 289 593 τῶν
318 536 450 590 ὡσεὶ
484 537 766 607 κονιορτὸς
792 536 1147 607 ἀναϐήσεται.
1173 559 1190 590 ι
1212 539 1275 593 Ἦ
1295 540 1586 612 ὡραιότης,
1621 542 1774 612 φησὶ,

1883 557 1999 594 rum
2029 543 2184 612 quasi
2229 544 2404 612 pulvis
2438 553 2715 598 ascenoet.
2747 563 2771 597 ι
2816 544 3061 612 Species,
3104 545 3301 616 inquit,
3327 564 3456 603 cor-

195 629 275 689 τοῦ
307 630 590 701 σώματος,
618 634 714 685 καὶ
747 633 781 703 ή
811 632 905 686 τοῦ
946 632 1179 687 πλούτου
1208 634 1335 699 δόξα
1374 636 1470 687 καὶ
1508 634 1603 688 τοῦ
1635 652 1774 688 παν-

193 728 274 788 τὸς
299 724 489 786 ἔθνους
516 727 553 794 ἡ
584 724 905 794 εὐπρέπεια,
928 727 1053 780 ὅσον
1081 727 1291 781 οὐδέπω
1321 727 1600 801 κονιορτοῦ
1621 728 1777 800 δίκην

192 816 727 886 διασκεδασθήσεται,
768 836 787 868 σ
810 820 883 872 Ού
907 819 1018 890 γὰρ
1047 819 1317 890 ἠθέλησαν
1336 820 1427 872 τὸν
1468 821 1633 891 νόμον
1665 823 1779 874 Κυ-

192 912 295 982 ρίου
346 909 622 962 Σαϐαὼθ·
673 909 810 963 ἀλλά
848 911 911 964 τὸ
957 911 1140 980 λόγιον
1195 911 1289 965 τοῦ
1341 913 1498 980 ἁγίου
1561 913 1778 985 Ἰσραὴλ

189 999 528 1072 παρώξυναν.
567 1021 584 1052 ι
620 1002 781 1054 Ποῖον
810 1004 994 1075 νόμον,
1030 1004 1062 1075 ἢ
1095 1005 1236 1075 τάχα
1268 1006 1394 1076 περὶ
1426 999 1487 1058 οὗ
1516 1004 1777 1077 ἀνωτέρω

190 1094 376 1158 ἔλεγεν,
399 1111 416 1141 ι
443 1091 547 1146 Ἐκ
592 1092 703 1163 γὰρ
742 1092 879 1146 Σιὼν
912 1094 1253 1158 ἐξελεύσεται
1286 1095 1471 1165 νόμος,
1500 1095 1593 1148 καὶ
1620 1094 1775 1163 λόγος

190 1184 375 1253 Κυρίου
408 1182 471 1245 ἐξ
515 1183 904 1255 Ἱερουσαλήμς
940 1205 957 1235 ι
1003 1184 1243 1255 Ἐπειδὴ,
1273 1185 1458 1254 φησὶν,
1486 1184 1588 1237 οὑκ
1612 1184 1777 1253 ἠϐου-

189 1277 412 1345 λήθησαν
442 1274 543 1327 τὸν
581 1276 747 1345 νόμον
779 1277 875 1347 τῆς
914 1278 1108 1347 καινῆς
1142 1278 1420 1349 Διαθήκης
1442 1293 1457 1308 ⁶
1504 1277 1639 1330 ἀλλά
1684 1278 1776 1331 τὸν

166 1366 347 1435 ,ζῶντα
374 1366 471 1419 τοῦ
509 1368 653 1421 Θεοῦ
680 1368 851 1435 Λόγον
879 1367 1222 1440 παρώξυναν.
1444 1402 1451 1409 ν

163 1452 173 1475 ⁸
253 1478 268 1507 ι
297 1456 505 1509 Τούτου
537 1458 703 1529 χάριν
732 1456 991 1528 ἐθυμώθη
1034 1457 1240 1528 Κύριος
1275 1458 1368 1510 ἐπὶ
1394 1457 1487 1511 τὸν
1517 1458 1646 1512 λαὸν
1677 1459 1776 1511 αύ-

186 1549 294 1603 τοῦ’
319 1569 332 1599 ι
356 1549 416 1601 ὃν
438 1550 614 1613 αὐτὸς
641 1551 739 1619 μὲν
772 1549 1031 1619 ηόούλετο
1059 1551 1259 1603 οἰκεῖον
1287 1548 1453 1602 αὐτοῦ
1484 1549 1610 1602 λαὸν
1634 1544 1773 1604 εἶναί

188 1661 237 1696 τε
271 1644 357 1697 καὶ
383 1640 791 1713 χρηματίζειν·
835 1644 884 1695 οἱ
931 1642 976 1694 δ’
1011 1642 1111 1696 οὐκ
1157 1641 1461 1697 ἐϐούλοντο.
1509 1642 1774 1713 Σημαίνει

184 1735 233 1787 δὲ
258 1734 338 1787 διά
361 1734 580 1787 τούτων
609 1734 885 1803 πολεμίων
913 1732 1101 1802 ἔφοδον
1130 1734 1225 1787 καὶ
1252 1732 1461 1804 πλῆθος
1488 1732 1597 1786 τῶν
1621 1734 1775 1788 ἀναι-

190 1828 447 1899 ρουμένων
469 1843 485 1857 ·
524 1826 609 1890 ὡς
629 1827 725 1880 καὶ
758 1826 898 1880 αὐτὰ
932 1825 1270 1898 πληροῦσθαι
1310 1825 1381 1879 τὰ
1412 1825 1515 1897 δρη
1564 1826 1773 1896 νεκρῶν

1878 634 2042 702 poris,
2088 635 2405 689 divitiarum
2458 634 2627 703 gloria
2682 644 2740 689 et
2810 636 2975 691 totius
3025 638 3202 704 gentis
3264 642 3451 707 decor,

1877 724 2113 795 pulveris
2137 726 2453 781 fereinstar
2474 727 2854 798 dissipabitur.
2908 747 2927 781 ι
2962 728 3262 793 Noluerunt
3306 733 3452 787 enim

1877 817 2045 888 legem
2077 819 2293 874 Domini
2346 820 2627 885 Sabaoth;
2678 821 2773 875 sed
2819 822 3041 877 verbum
3072 825 3247 878 sancti
3287 825 3455 882 Israel

1877 910 2258 967 irritat/erunt.
2284 931 2304 964 ›
2342 914 2514 978 Quam
2542 912 2739 980 legem,
2772 914 2873 968 nisi
2905 928 3022 968 eam
3063 916 3130 969 de
3158 931 3262 986 qua
3293 933 3454 986 supe-

1876 1005 1991 1059 rius
2026 1005 2267 1069 dicebat,
2302 1024 2321 1056 t
2350 1003 2485 1059 Nam
2518 1005 2585 1060 de
2612 1005 2743 1059 Sion
2778 1008 2951 1060 exibit
3002 1007 3109 1069 lex,
3143 1018 3200 1063 et
3228 1009 3452 1064 verbum

1876 1094 2089 1150 Domini
2126 1095 2193 1149 de
2225 1093 2571 1150 Jerusalem?
2606 1115 2625 1149 ι
2677 1096 2837 1164 Quia,
2871 1100 3069 1167 inquit,
3098 1100 3230 1154 Novi
3263 1098 3456 1155 Testa-

1878 1187 2045 1240 menti
2103 1186 2276 1255 legem
2310 1187 2641 1255 noluerunt;
2704 1190 2814 1244 imo
2870 1192 3031 1246 etiam
3073 1189 3309 1247 Verbum
3360 1194 3454 1248 Dei

1874 1278 2066 1333 vivens
2091 1277 2469 1333 irritaverunt.

1950 1458 2119 1515 Vens.
2145 1460 2238 1515 25.
2285 1479 2305 1512 t
2340 1460 2465 1516 Ideo
2494 1462 2665 1518 iratus
2694 1470 2778 1517 est
2824 1464 3087 1521 Dominus
3113 1466 3170 1520 in
3197 1467 3452 1537 populum

1874 1564 2058 1604 suum.
2096 1568 2115 1603 ι
2158 1550 2326 1618 Quem
2360 1553 2477 1622 ipse
2508 1554 2727 1622 quidem
2760 1557 3039 1626 proprium
3060 1559 3163 1612 sibi
3194 1560 3453 1629 populum

1874 1655 1997 1697 esse
2028 1651 2083 1698 et
2107 1644 2369 1713 appellari
2400 1645 2646 1709 volebat;
2682 1647 2781 1718 ipsi
2818 1663 2949 1703 vero
2990 1650 3322 1704 abnuerunt.
3354 1649 3451 1704 llis

1874 1747 2038 1803 porro
2077 1734 2347 1803 significat
2380 1735 2735 1792 inimicorum
2789 1738 3145 1808 irruptionem
3177 1756 3242 1796 ac
3282 1756 3453 1797 caeso-

1875 1840 1994 1881 rum
2031 1825 2435 1882 multitudinem
2466 1871 2482 1895 ,
2520 1830 2593 1885 ita
2623 1839 2681 1885 ut
2719 1833 2881 1887 etiam
2929 1842 3140 1888 montes
3170 1834 3455 1889 cadaveri-

188 1896 459 1989 σωμάτων,
507 1921 612 1973 καὶ
651 1918 748 1990 τὴν
790 1918 974 1989 χώραν
1020 1896 1239 1973 ἃπασαν
1288 1918 1399 1972 τῶν
1434 1896 1774 1989 θνῆσιμαίων

1883 1919 1978 1970 bus
2007 1916 2341 1985 repleantur,
2376 1926 2436 1973 et
2463 1920 2715 1975 universa
2755 1922 2903 1992 regio
2934 1922 3237 1977 morticinis
3263 1938 3455 1986 eorum

186 2010 345 2064 αὐτῶν
378 2011 597 2083 μεστὴν
622 2011 895 2080 γενέσθαι.
924 2012 1107 2066 Πάντα
1136 2012 1193 2065 δὲ
1215 2011 1389 2064 ταῦτα
1418 2012 1604 2073 αὐτοῖς
1634 2028 1774 2081 συμ-

186 2104 388 2173 6ἠσεται
422 2107 490 2158 ἐκ
520 2104 629 2174 τῆς
662 2104 770 2157 τῶν
791 2102 1066 2175 πολεμίων
1094 2103 1305 2173 ἐφόδου·
1334 2104 1403 2173 ἣν
1430 2105 1532 2157 οὐκ
1563 2101 1623 2167 ἐξ
1649 2104 1777 2156 ἐαυ-

186 2195 277 2248 τῶν
328 2198 703 2267 ἐποιήσαντοο
757 2196 890 2259 Θεὸς
937 2196 993 2248 δὲ
1038 2191 1177 2266 ἦγεν
1217 2196 1434 2260 αὐτοὺς,
1490 2196 1777 2267 μονονουχὶ

192 2287 350 2356 σύρων
384 2288 481 2341 καὶ
516 2286 703 2340 ἕλκων
750 2286 844 2340 ἐπὶ
870 2286 970 2358 τὴν
1000 2286 1110 2340 τῶν
1138 2287 1626 2359 καταγορηθὲντων
1677 2304 1777 2340 πο-

186 2377 432 2451 λιορκίαν.

253 2491 268 2522 ι
306 2473 441 2526 Ἀλλ’
474 2472 568 2526 ἔτι
607 2474 641 2545 ἡ
691 2473 813 2545 χεὶρ
843 2471 1021 2543 ὑψηλὴ
1045 2489 1059 2503 ·
1097 2471 1383 2544 τοιγαροῦν
1412 2472 1535 2542 ἀρεῖ
1569 2470 1772 2544 σύσση-

193 2580 275 2635 μον
303 2568 413 2627 τοῖς
444 2564 637 2619 ἔθνεσι
662 2566 775 2627 τοῖς
811 2563 1104 2635 μακρόθεν,
1132 2564 1225 2617 καὶ
1256 2566 1434 2635 συριεῖ
1458 2564 1656 2627 αὐτοὺς
1676 2562 1773 2617 ἀπ’

190 2658 339 2727 ἄκρου
368 2658 468 2727 τῆς
500 2658 637 2726 γῆς.
665 2676 683 2707 ι
732 2655 941 2727 ’Υψηλὴ
989 2655 1119 2725 γοῦν
1150 2657 1184 2726 ἡ
1216 2655 1312 2709 τοῦ
1341 2654 1475 2709 Θεοῦ
1507 2656 1629 2727 χεὶρ
1651 2656 1772 2708 κατ’

192 2748 347 2800 αὐτῶν
378 2750 608 2821 ὑπῆρχε
647 2749 735 2802 διὰ
769 2748 831 2802 τδ
863 2748 1123 2819 ἐπίμονον
1153 2748 1332 2803 αὐτῶν
1362 2748 1463 2818 τῆς
1493 2747 1769 2810 ἀπιστίας.

191 2841 253 2893 Τὸ
276 2843 377 2913 γὰρ
403 2842 469 2913 δὴ
502 2844 717 2913 χεῖρον,
747 2842 828 2895 ὅτι
856 2841 977 2894 οὐδέ
1012 2840 1217 2894 τούτων
1255 2840 1577 2910 γινομένων,
1613 2839 1770 2911 φησὶ,

193 2932 582 3005 ἐπιεικέστεροι
635 2932 945 3001 γεγόνασιν,
1000 2932 1134 2986 ἀλλά
1186 2934 1299 2995 τοῖς
1344 2931 1530 2995 αὐτοῖς
1579 2931 1775 3003 ἐπιμέ-

193 3042 372 3078 νουσιν.

256 3140 271 3170 ι
292 3120 395 3173 Καὶ
418 3118 616 3189 βοήσει
638 3117 705 3173 δι’
728 3116 923 3179 αὐτοὺς
940 3117 997 3169 ἐν
1012 3118 1077 3186 τῇ
1105 3115 1291 3187 ἡμέρᾳ
1320 3114 1504 3187 ἐκείνῃ
1525 3114 1601 3177 ὠς
1620 3114 1774 3187 φωνὴ

1875 2010 2030 2080 plena
2063 2012 2281 2067 evadat.
2311 2010 2437 2068 Haec
2483 2024 2665 2068 autem
2698 2016 2879 2069 omnia
2920 2031 2986 2069 ex
3025 2016 3260 2071 hostium
3301 2016 3458 2071 iuva-

1875 2104 2029 2158 sione
2053 2104 2185 2175 ipsis
2222 2106 2521 2161 evenient:
2564 2123 2728 2176 quam
2761 2109 2863 2178 ipsi
2899 2124 3009 2163 non
3053 2116 3252 2179 suapte
3303 2117 3453 2162 motu

1874 2194 2129 2251 fecerunt
2160 2240 2176 2265 ,
2208 2200 2302 2252 sed
2328 2197 2438 2253 Deo
2466 2209 2691 2269 agente,
2719 2210 2773 2255 et
2802 2209 3015 2255 tantum
3062 2216 3169 2256 non
3206 2200 3458 2256 trahente

1876 2301 1942 2343 ac
1966 2287 2205 2358 pellente
2230 2289 2354 2345 illos
2374 2290 2441 2344 ad
2478 2305 2696 2346 reorum
2742 2292 3107 2348 obsidionem.

1947 2469 2109 2525 Vens.
2136 2470 2226 2525 ‘26.
2277 2490 2297 2523 ι
2336 2471 2445 2527 Sed
2476 2473 2698 2541 insuper
2735 2487 2927 2529 manus
2961 2472 3056 2529 Dei
3080 2471 3325 2528 excelsa:
3353 2471 3457 2544 igi-

1878 2571 1962 2617 tur
1992 2563 2234 2619 elevabit
2264 2564 2477 2635 signum
2506 2565 2758 2636 gentibus
2811 2564 3145 2635 longinquis,
3193 2574 3247 2619 et
3278 2563 3457 2619 trahet

1873 2670 1968 2710 eas
1993 2655 2062 2711 ab
2089 2665 2340 2711 extremo
2371 2667 2550 2711 terrae.
2597 2677 2614 2709 ι
2662 2658 2882 2712 Excelsa
2920 2659 3087 2729 igitur
3120 2664 3309 2713 contra
3338 2657 3459 2711 illos

1875 2746 1979 2800 fuit
2011 2762 2205 2801 manus
2243 2748 2362 2814 Dei,
2390 2748 2460 2802 ob
2509 2748 2914 2803 incredulitatis
2963 2763 3154 2804 eorum
3203 2763 3460 2818 perseve-

1873 2838 2132 2895 rantiam.
2178 2838 2332 2904 Quod
2385 2837 2535 2894 enim
2579 2839 2823 2894 deterius
2860 2849 2965 2903 est,
3003 2855 3071 2895 ne
3106 2840 3212 2894 illis
3236 2839 3454 2909 quidem

1874 2928 1947 2983 ita
1983 2930 2155 3000 gestis
2193 2929 2463 3000 aequiores
2507 2928 2637 2984 iacti
2672 2937 2833 2996 sunt,
2872 2928 2966 2985 sed
3002 2930 3193 2985 eodem
3229 2930 3281 2983 in
3309 2938 3455 2983 statu

1877 3033 2251 3093 perseverant.

1948 3114 2114 3169 Vens.
2140 3113 2229 3170 30.
2278 3132 2299 3166 ι
2338 3115 2404 3169 Et
2432 3114 2691 3169 clamabit
2733 3122 2955 3184 propter
2991 3127 3086 3169 eos
3132 3112 3185 3166 in
3222 3112 3311 3167 die
3359 3110 3454 3167 illa

195 3212 445 3282 θαλάσσης
516 3208 963 3280 κυμαινούσης.»
1033 3207 1299 3261 Ἐνταῦθα
1354 3203 1447 3261 οὖν
1502 3208 1772 3279 προσήκει

1883 3208 2031 3278 quasi
2072 3223 2174 3263 vox
2208 3208 2378 3261 maris
2408 3207 2711 3261 aestuantis.
2740 3225 2758 3258 ι
2795 3205 2894 3260 llic
2918 3206 3455 3261 animadvertendum

193 3303 464 3373 ἐπιστῆσαι
522 3303 617 3354 τὸν
659 3300 820 3363 νοῦν,
870 3300 947 3363 ὼς
992 3299 1054 3352 τὸ
1103 3299 1307 3371 πλῆθος
1349 3299 1459 3353 τῶν
1498 3299 1771 3372 πολεμίων

1883 3309 1979 3366 est,
2038 3301 2214 3368 ipsum
2280 3298 2685 3354 multitudinem
2739 3296 2979 3353 hostium
3026 3297 3194 3353 maris
3249 3297 3453 3351 sonitui

194 3399 322 3467 φωνῇ
351 3395 642 3465 θαλάσσης
674 3394 932 3463 ἐξομοιοῖ.

716 3484 1113 3538 ΚΕΦΑΛΑΙΟΝ
1147 3488 1237 3551 ς’.

258 3599 274 3632 ι
297 3582 401 3635 Καὶ
430 3581 661 3650 ἐγένετο
688 3577 780 3633 τοῦ
828 3576 1097 3641 ἐνιαυτοῦ,
1128 3572 1188 3631 οῦ
1218 3576 1490 3630 ἀπέθανεν
1531 3576 1711 3642 Ὀζίας
1744 3578 1773 3630 6

194 3670 440 3742 βασιλεύς.
471 3694 490 3725 ι
541 3672 643 3725 Διά
679 3672 732 3724 τί
760 3670 833 3749 μὴ
864 3670 943 3723 ἔτι
971 3669 1173 3733 ζῶντος
1215 3669 1391 3734 Ὀζίου
1420 3669 1519 3740 τὴν
1554 3686 1773 3739 προκει-

196 3768 341 3836 μένην
365 3767 489 3837 δψιν
532 3763 701 3835 ἐώρα,
728 3763 842 3817 ἀλλ’
872 3766 930 3816 ἐν
952 3762 1030 3833 τῷ
1054 3761 1164 3814 ἔτει
1186 3754 1231 3828 ᾧ
1256 3760 1524 3814 ἀπέθανεν
1547 3777 1561 3826 ;
1596 3756 1769 3832 οἶμαι,

194 3858 287 3920 ὅτι,
332 3858 419 3912 διά
468 3857 543 3911 τὸ
593 3856 903 3928 ἐπαρθῆναι
959 3853 1157 3915 αὑτὸν,
1208 3854 1305 3906 καὶ
1360 3854 1459 3925 τὴν
1510 3852 1773 3923 μηδαμῶς

195 3954 569 4024 προσήκουσαν
599 3948 748 4016 αὐτῷ
780 3946 1099 4018 ἐγχειρῆσαι
1133 3944 1325 3997 θυσίαν
1363 3948 1770 4016 προσενεγκεῖν,

196 4041 315 4097 ὥστε
340 4045 434 4097 καὶ
468 4043 578 4113 τὴν
610 4041 815 4112 λέπραν
842 4038 1149 4108 ἐπανθῆσαι
1171 4037 1249 4114 τῷ
1276 4035 1554 4108 προσώπῳ
1581 4036 1770 4101 αὐτοῦ,

196 4137 323 4199 εἰκὸς
353 4132 420 4207 ἦν
459 4131 953 4204 ἀνακεχωρηκέναι
990 4131 1091 4201 τὴν
1120 4130 1281 4200 χάριν
1307 4128 1402 4182 τοῦ
1429 4129 1564 4183 Θεοῦ
1596 4132 1773 4184 πάντα

197 4226 272 4279 τὸν
310 4228 507 4299 χρόνον
556 4226 656 4295 τῆς
693 4222 858 4279 αὐτοῦ
895 4223 1061 4293 ζωῆς,
1098 4222 1220 4275 καθ’
1255 4222 1313 4274 ὃν
1361 4222 1773 4295 λελεπρωμένος

199 4320 411 4390 κατῴκει
443 4318 553 4388 τὴν
596 4315 977 4387 Ἰερουσαλήμ.
1006 4314 1225 4387 Λεπροῦ
1260 4314 1369 4387 γὰρ
1400 4314 1661 4384 βασιλέως
1691 4317 1770 4367 οἰ-

200 4410 396 4475 κοῦντος
424 4412 528 4465 τὸν
548 4410 735 4473 τόπον,
763 4409 988 4473 εἰκότως
1012 4409 1430 4479 ἀνακεχωρήκει
1459 4409 1493 4478 ὴ
1525 4406 1651 4473 δόξα
1678 4406 1772 4460 τοῦ

198 4501 333 4556 Θεοῦ.
380 4504 543 4557 Ἐπεὶ
575 4502 633 4555 δὲ
678 4500 933 4555 ἐτελεύτα
967 4502 1067 4571 μὲν
1098 4503 1323 4563 ἐκεῖνος,
1380 4499 1603 4553 Ἰωάθαν
1642 4499 1699 4553 δὲ
1742 4501 1773 4553 6

1875 3406 2219 3463 comparare.

2483 3482 2716 3539 CAPUT
2760 3482 2840 3537 Vl.

1948 3572 2112 3629 Vens.
2145 3574 2196 3628 Ι.
2243 3592 2262 3627 ι
2292 3575 2359 3628 Ει
2381 3575 2583 3630 factum
2618 3584 2706 3630 est
2753 3576 2810 3629 in
2854 3590 3020 3637 anno,
3061 3590 3169 3643 quo
3211 3580 3459 3628 mortuus

1873 3675 1958 3719 est
2009 3683 2103 3720 rex
2150 3667 2331 3724 Ozias.
2362 3685 2380 3718 ι
2416 3667 2596 3734 Quare
2656 3683 2762 3723 non
2824 3668 3041 3723 vivente
3094 3666 3274 3721 adhuc
3322 3665 3459 3721 Ozia

1875 3758 2014 3812 hanc
2040 3757 2306 3813 visionem
2350 3757 2561 3825 habuit,
2611 3759 2705 3813 sed
2753 3773 2819 3813 eo
2867 3772 3011 3813 anno
3038 3772 3146 3826 quo
3178 3755 3265 3810 ille
3310 3770 3461 3809 mor-

1878 3862 1999 3907 tuus
2026 3852 2148 3907 est?
2175 3852 2301 3919 quia
2332 3851 2421 3907 ille
2443 3853 2619 3908 elatus
2640 3853 2846 3918 animo,
2875 3850 3201 3907 sacrilicium
3229 3848 3453 3916 oilerre,

1874 3946 2024 4015 quod
2051 3943 2211 4000 oﬂlcii
2245 3945 2325 3999 sui
2357 3959 2462 3998 non
2486 3954 2935 4015 erat,aggressus
2963 3951 3069 4008 est,
3115 3943 3187 3998 ita
3218 3949 3276 3994 ut
3307 3940 3458 4010 lepra

1876 4040 1928 4093 in
1981 4038 2129 4092 vultu
2177 4038 2294 4107 ejus
2328 4046 2665 4107 erumperet,
2718 4036 2959 4091 arbitror
3012 4050 3110 4105 par
3160 4032 3349 4095 fuisse,
3395 4038 3459 4085 ut

1875 4133 2047 4199 gratia
2076 4130 2167 4185 Dei
2203 4128 2481 4184 recederet
2513 4136 2627 4183 toto
2650 4131 2774 4181 vita:
2822 4126 2968 4181 illius
3023 4135 3288 4191 tempore,
3344 4136 3458 4191 quo

1876 4220 2120 4289 leprosus
2146 4217 2424 4273 habitabat
2460 4218 2512 4271 in
2559 4215 2884 4272 Jerusalem.
2922 4214 3061 4270 Nam
3088 4217 3302 4283 leproso
3329 4227 3459 4281 rege

1877 4312 2054 4366 locum
2081 4310 2373 4373 incolente,
2401 4308 2571 4377 gloria
2600 4307 2693 4362 Dei
2722 4307 2919 4362 merito
2952 4314 3274 4360 recesserat.
3297 4303 3457 4357 Post-

1876 4419 2041 4474 quam
2067 4412 2246 4456 autem
2292 4401 2522 4456 obiisset
2560 4399 2672 4465 ille,
2732 4409 2789 4455 et
2846 4398 3097 4455 Joatham
3151 4397 3296 4450 illius
3337 4395 3459 4464 ejus

1878 4512 2101 4568 regnum
2126 4495 2455 4566 excepisset,
2485 4495 2551 4549 de
2597 4507 2705 4563 quo
2734 4492 3000 4563 scriptum
3034 4498 3138 4554 est,
3180 4508 3198 4540 ι
3230 4489 3295 4543 Et
3324 4488 3455 4541 fecit

201 4593 297 4657 υἱὸς
322 4594 494 4649 αὐτοῦ
527 4594 626 4665 τὴν
659 4593 931 4665 βασιλείαν
958 4593 1247 4659 διεδέξατο,
1299 4594 1428 4664 περὶ
1468 4585 1529 4645 οῦ
1575 4592 1774 4663 γέγρα-

1886 4597 2088 4643 rectum
2142 4588 2194 4641 in
2246 4586 2419 4643 oculis
2463 4584 2674 4642 Domini
2711 4584 2790 4649 ³¹;
2849 4603 2868 4636 ι
2922 4582 3046 4651 jure
3091 4584 3279 4635 eodem
3338 4580 3457 4647 ipso

201 4702 333 4749 πται,
359 4707 375 4737 t
400 4687 520 4741 Καὶ
551 4686 773 4758 ἐποίησε
794 4686 854 4739 τὸ
873 4685 1027 4749 εὺθές
1042 4687 1097 4739 ἐν
1113 4684 1409 4756 ὀφθαλμοῖς
1423 4685 1648 4757 Κυρίου·
1666 4704 1683 4737 ι
1705 4687 1782 4738 εί-

202 4778 351 4844 κότως
379 4780 503 4834 κατ’
527 4778 690 4832 αὐτὸν
707 4780 913 4831 ἐκεῖνον
930 4777 1020 4831 τὸν
1037 4777 1279 4830 ἐνιαυτὸν
1302 4776 1358 4829 ὲν
1383 4769 1427 4843 ᾧ
1451 4776 1480 4827 6
1502 4775 1777 4842 λελεπρω-

208 4872 344 4939 μένος
378 4872 712 4943 μετηλλάχει
755 4870 845 4925 τὸν
888 4869 1023 4940 βίον,
1064 4871 1091 4922 ὁ
1133 4868 1191 4922 δέ
1228 4867 1519 4939 εὐάρεστος
1553 4866 1630 4938 τῷ
1660 4858 1779 4939 Θεῷ

207 4963 289 5033 τὴν
330 4964 612 5034 βασιλείαν
657 4962 948 5027 διεδέξατο,
1001 4957 1160 5023 αὖθις
1199 4961 1233 5032 ὴ
1277 4959 1403 5027 δόξα
1439 4959 1648 5031 Κυρίου
1690 4960 1781 5012 ἐπ-

208 5057 344 5127 ανῄει
374 5060 468 5112 ἐπὶ
498 5058 592 5110 τὸν
637 5051 805 5117 οἷκον,
834 5054 1032 5127 δηλαδὴ
1066 5053 1159 5107 τὸν
1190 5052 1316 5106 ναὸν
1341 5050 1569 5123 Κυρίου.
1607 5052 1671 5103 Ὃ
1707 5050 1772 5121 δὴ

207 5147 287 5199 καὶ
310 5150 511 5223 ἱστορεῖ
531 5150 562 5202 6
585 5149 872 5219 προφήτης
882 5146 1104 5215 λέγων,‹
1126 5146 1236 5200 Καὶ
1249 5144 1469 5213 ἐγένετο
1480 5142 1575 5196 τοῦ
1596 5146 1777 5196 ἐνιαυ-

208 5237 307 5301 τοῦ,
335 5234 393 5293 οὗ
420 5240 694 5295 ἀπέθανεν
729 5239 911 5304 Ὀζίας
934 5241 963 5293 ὁ
988 5239 1259 5309 βασιλεὺς,
1287 5232 1428 5290 εἶδον
1454 5237 1545 5290 τὸν
1572 5236 1776 5306 Κύριον

212 5330 499 5402 καθήμενον
544 5333 638 5385 ἐπὶ
680 5332 872 5403 θρόνου
916 5330 1123 5402 ὑψηλοῦ
1161 5333 1256 5386 καὶ
1303 5329 1637 5402 ἐπηρμένου·
1682 5329 1777 5382 καὶ

214 5421 405 5494 πλήρης
430 5428 459 5478 6
491 5420 638 5488 οἶκος
675 5425 774 5494 τῆς
810 5424 968 5497 δόξης
1011 5422 1198 5479 αὑτοῦ.
1221 5441 1239 5474 ι
1273 5418 1441 5494 Οἶμαι
1472 5421 1529 5476 δέ
1564 5421 1659 5475 καὶ
1684 5420 1774 5475 διὰ

216 5514 397 5569 τούτων
422 5516 792 5589 παρίστασθαι
816 5517 901 5580 τίς
924 5518 1040 5571 ποτ’
1060 5512 1128 5588 ἦν
1155 5519 1183 5570 6
1204 5515 1293 5569 διὰ
1322 5516 1500 5585 πάσης
1520 5515 1621 5586 τῆς
1644 5532 1775 5587 προ-

218 5608 421 5673 φητείας
462 5610 792 5681 δηλούμενος
834 5608 1039 5681 Κύριος
1085 5607 1334 5664 Σαϐαὼθ.
1360 5610 1458 5674 Τίς
1500 5609 1555 5663 δὲ
1578 5601 1773 5675 οὗτος

230 5692 280 5750 ’0
306 5700 607 5772 Μονογενὴς
626 5701 771 5767 Υἱὸς,
798 5705 827 5757 6
849 5702 927 5757 Gn
956 5705 1036 5769 εἰς
1062 5702 1153 5757 τὸν
1186 5701 1384 5758 κόλπον
1415 5701 1510 5755 τοῦ
1537 5700 1772 5773 Πατρὸς,

286 5878 406 5951 "er
441 5882 569 5952 Reg.
608 5897 703 5951 xv,
732 5882 822 5940 34.

1878 4695 2043 4744 anno,
2080 4696 2187 4750 quo
2245 4687 2300 4736 et
2349 4680 2600 4750 leprosus
2631 4677 2797 4732 vitam
2839 4676 3075 4742 obierat,
3112 4684 3165 4729 et
3214 4674 3299 4728 vir
3342 4672 3459 4727 Deo

1878 4772 2115 4844 placitus
2162 4787 2391 4842 regnum
2430 4779 2744 4841 exceperat,
2790 4768 2963 4839 gloria
3033 4766 3245 4822 Domini
3294 4779 3459 4834 super

1878 4866 2096 4920 domum
2122 4879 2337 4920 reversa
2364 4873 2473 4927 est,
2501 4861 2711 4917 scilicet
2742 4876 2907 4930 super
2932 4858 3188 4927 templum
3213 4854 3453 4911 Domini.

1878 4958 2031 5025 Quod
2086 4958 2341 5013 videlicet
2370 4966 2597 5012 enarrat
2641 4955 2906 5026 pr0pheta
2962 4953 3182 5008 dicens:
3230 4968 3249 5001 ι
3282 4949 3347 5002 Et
3377 4947 3457 5001 fa-

1878 5061 2025 5107 ctum
2055 5061 2137 5106 est
2172 5052 2224 5106 in
2260 5064 2425 5117 anno,
2456 5063 2565 5118 quo
2602 5058 2850 5102 mortuus
2878 5055 2961 5100 est
3010 5060 3104 5099 rex
3136 5041 3319 5106 Ozias,
3347 5039 3456 5093 vidi

1880 5145 2165 5202 Dominum
2228 5145 2508 5199 sedentem
2558 5158 2725 5212 super
2770 5143 3023 5197 thronum
3073 5136 3347 5193 excelsum
3403 5143 3458 5189 et

1881 5236 2192 5293 elevatum:
2230 5246 2285 5291 et
2331 5236 2489 5306 plena
2531 5248 2650 5291 erat
2680 5239 2875 5292 domus
2920 5233 3089 5301 gloria
3120 5229 3255 5298 ejus.
3296 5249 3315 5281 ι
3356 5228 3461 5284 1E-

1883 5331 2044 5387 stimo
2070 5329 2155 5384 his
2180 5330 2501 5398 signiﬁcari,
2527 5330 2649 5400 quis
2684 5331 2757 5385 sit
2798 5329 2887 5384 ille
2922 5325 3183 5382 Dominus
3215 5323 3458 5379 Sabaoth

1884 5420 1937 5476 in
1991 5420 2093 5477 hac
2155 5430 2267 5476 tota
2326 5420 2615 5490 prophetia
2668 5421 2959 5475 indicatus.
3012 5416 3212 5487 Ecquis
3274 5424 3458 5469 autem

1884 5512 2015 5569 ille?
2060 5514 2383 5584 Unigenitus
2416 5513 2611 5575 Filius,
2645 5513 2735 5582 qui
2769 5522 2853 5567 est
2885 5512 2936 5566 in
2971 5510 3093 5565 sinu
3126 5509 3325 5575 Patris,
3364 5508 3457 5579 qui

1883 5608 2213 5663 descendens
2240 5622 2303 5661 ex
2329 5606 2550 5676 propria
2589 5602 2985 5672 magnitudine,
3016 5604 3141 5656 inde
3178 5616 3301 5657 sese
3330 5598 3459 5653 visi-

1884 5699 2048 5754 bilem
2087 5710 2143 5755 et
2180 5696 2731 5769 eomprehcnslbilem
2760 5696 3074 5753 hominibus
3098 5693 3459 5751 eﬂicit.Visus
