3968 6488
434 408 536 465 123

1095 404 1367 465 EUSEBII
1403 399 1882 463 CESARIENSIS
1920 401 2071 460 OPP.
2112 398 2294 460 PARS
2327 399 2417 458 III.
2456 430 2527 443 —
2569 398 2980 461 EXEGETICA.

3585 407 3692 463 1Ξὸ

430 534 512 577 est
537 530 592 576 et
618 520 952 587 Abrahamo,
992 535 1117 577 cum
1152 521 1289 577 dixit
1325 520 1400 587 ei,
1437 539 1456 573 ι
1488 518 1695 574 Semlni
1736 526 1828 573 tuo
1868 517 1996 572 dahc

2111 516 2559 574 ὑποκαταϐαίνων
2614 518 2707 574 τοῦ
2760 519 2890 574 ίδίου
2942 517 3225 591 μεγέθους,
3279 520 3591 594 σμαρῦνων
3631 523 3690 577 δὶ

436 625 636 669 terram
665 614 806 669 hanc
832 613 898 668 ³³.
935 611 1150 683 »ζΙιιίεη
1179 614 1367 683 itaque
1400 611 1707 683 Scriptura,
1737 628 1757 663 ι
1783 610 1850 665 Ει
1874 610 2004 665 aedi-

432 704 621 760 ficavit
646 705 718 762 ibi
742 704 914 761 altare
943 704 1194 770 Domino,
1231 704 1323 774 qui
1353 704 1502 759 visus
1538 703 1715 758 fuerat
1764 703 1814 757 ei
1850 701 1895 733 ⁸⁸
1926 719 1942 771 ;
1978 719 1998 755 ι

428 813 495 853 ac
534 813 775 867 rursum,
823 815 843 851 ι
872 797 1152 853 Abraham
1184 796 1363 852 factus
1394 804 1478 852 est
1508 809 1778 851 annorum
1834 810 2005 850 nona-

378 872 383 911 ³
428 892 603 959 ginta,
644 899 700 946 et
737 890 886 945 visus
936 898 1021 944 est
1064 889 1112 944 ei
1152 888 1413 943 Dominus
1452 888 1537 953 “;
1589 905 1609 940 ι
1666 887 2000 956 iterumque,

434 1000 455 1033 ι
487 981 553 1037 Ει
596 982 742 1037 visus
774 990 858 1035 est
886 980 1143 1035 Dominus
1184 979 1417 1034 Abraha:
1453 979 1518 1033 ad
1550 992 1811 1046 quercum
1837 977 2005 1031 Mam-

430 1075 528 1129 bre
558 1074 623 1127 ³⁸.
656 1092 675 1126 ι
710 1074 784 1129 De
820 1071 972 1127 Isaac
1006 1085 1225 1141 quoque
1266 1070 1469 1124 dictum
1504 1080 1611 1135 est,
1651 1088 1670 1122 ι
1707 1070 1775 1124 Et
1813 1069 2001 1139 profe-

431 1175 556 1222 ctus
582 1174 667 1220 est
696 1174 749 1220 et
780 1165 1029 1221 ascendit
1058 1164 1122 1217 ad
1161 1172 1382 1233 puteum
1420 1163 1737 1233 juramenti,
1773 1174 1828 1218 et
1854 1164 2005 1220 visus

429 1266 515 1312 est
546 1257 803 1313 Dominus
835 1257 936 1327 ipsi
984 1256 1038 1311 in
1074 1264 1235 1311 nocte
1263 1254 1353 1308 illa
1390 1255 1455 1309 “.
1494 1273 1513 1306 ›
1562 1253 1905 1325 Rursumqiie
1936 1256 2004 1311 de

426 1349 595 1407 Iacob
646 1350 863 1413 dicitur,
920 1367 939 1401 ι
977 1348 1089 1421 Ego
1128 1364 1246 1402 sum
1300 1348 1462 1413 Deus,
1522 1347 1613 1416 qui
1666 1348 1816 1402 visus
1881 1363 2000 1401 sum

428 1443 566 1507 tibi;
605 1461 626 1495 ι
659 1443 754 1498 sed
785 1443 951 1497 etiam
1005 1457 1128 1497 cum
1176 1441 1324 1495 venit
1371 1458 1390 1491 ι
1438 1442 1491 1495 in
1545 1439 1735 1495 Bethel
1775 1440 1889 1509 ipse
1946 1450 2002 1496 et

426 1534 679 1606 populus,
711 1534 803 1606 qui
829 1552 953 1591 cum
984 1550 1051 1591 co
1082 1543 1224 1599 erat,
1254 1533 1546 1589 aedificavit
1578 1532 1649 1586 ibi
1692 1531 1904 1585 altare:
1948 1541 2003 1586 et

424 1628 638 1682 vocavit
672 1642 867 1682 nomen
905 1627 1094 1682 domus
1142 1625 1372 1691 Bethel;
1410 1626 1481 1679 ibi
1509 1626 1649 1678 enim
1692 1625 1793 1693 ipsi
1829 1639 2001 1694 appa-

424 1719 538 1774 ruit
570 1720 711 1775 Deus
730 1720 816 1786 '7;
857 1738 877 1773 ι
923 1719 1232 1788 iterumque
1276 1718 1477 1772 dictum
1507 1726 1613 1781 est,
1662 1735 1679 1768 ι
1712 1715 1874 1771 Visus
1918 1725 2003 1772 est

423 1822 606 1867 autem
653 1812 795 1868 Deus
834 1810 1004 1868 Jacob
1049 1811 1228 1866 adhuc
1282 1812 1334 1864 in
1383 1809 1529 1864 Luza
1558 1808 1647 1876 ";
1686 1827 1704 1860 ι
1756 1808 2002 1878 aliasque

427 1909 568 1963 dixit
613 1907 689 1962 illi
737 1906 790 1961 in
838 1905 1079 1961 hominis
1105 1903 1292 1974 specie
1319 1918 1615 1972 apparens,
1653 1919 1673 1953 ι
1705 1899 1819 1955 Non
1854 1901 1994 1955 ultra

424 1997 716 2053 vocabitur
738 2010 933 2051 nomen
965 2004 1112 2049 tuum
1141 1993 1315 2048 Jacoh
1350 2009 1364 2048 :
1412 1994 1509 2046 sed
1562 1991 1725 2047 Israel
1753 1991 1861 2045 erit
1895 2006 1997 2047 no-

424 2102 552 2143 men
599 2096 749 2142 tuum
780 2086 845 2140 ".
873 2104 893 2138 ι
926 2083 1153 2150 Quando
1203 2085 1419 2137 vocavit
1465 2097 1663 2137 nomen
1705 2081 1832 2147 loci,
1860 2083 1998 2153 Spe-

420 2182 527 2235 cies
556 2180 679 2245 Dei,
710 2178 917 2242 dicens,
946 2194 965 2229 ι
996 2174 1116 2231 Vidi
1144 2175 1288 2230 enim
1323 2177 1489 2230 Deum
1522 2175 1663 2229 facie
1691 2177 1755 2230 ad
1778 2174 1994 2240 faciem,

421 2284 479 2327 et
502 2272 649 2328 salva
688 2270 831 2325 facta
857 2278 941 2324 est
966 2268 1146 2322 anima
1200 2281 1318 2321 mea
1345 2267 1413 2321 ⁸⁸.
1454 2286 1473 2319 ι
1520 2267 1736 2339 Moyses
1776 2284 1997 2338 quoque

423 2366 590 2420 Deum
643 2362 733 2433 qui
779 2360 1000 2417 oracula
1062 2361 1163 2416 sibi
1214 2359 1429 2428 edebat,
1492 2361 1705 2431 rogavit
1767 2361 1995 2426 dicens,

427 2474 446 2506 ι
484 2452 541 2508 Si
572 2452 753 2508 inveni
785 2452 1017 2523 gratiam
1048 2450 1101 2505 in
1138 2458 1429 2520 conspectu
1463 2459 1577 2514 tuo,
1609 2451 1835 2505 ostende
1866 2452 1995 2506 mihi

421 2544 673 2614 teipsum,
702 2542 1145 2613 cognoscibiliter
1203 2550 1256 2595 te
1304 2542 1518 2595 videam
1561 2541 1629 2595 δι.
1657 2559 1676 2593 ι
1736 2539 1832 2595 Ille
1867 2555 1998 2596 vero

420 2640 698 2710 respondit
732 2639 783 2694 ei
810 2639 1019 2703 dicens,
1052 2655 1072 2689 ι
1106 2635 1174 2690 Ει
1203 2637 1306 2692 hoc
1330 2638 1558 2692 verbum
1605 2639 1749 2708 quod
1788 2638 1998 2693 locutus

420 2747 503 2797 es,
551 2730 787 2785 faciam:
846 2728 1101 2784 invenisti
1153 2728 1297 2782 enim
1352 2731 1579 2796 gratiam
1608 2730 1659 2783 in
1703 2739 1995 2800 conspectu

417 2836 541 2878 meo
560 2821 626 2874 δ’.
662 2841 681 2876 ι
719 2820 966 2877 Ezechiel
995 2822 1123 2876 item
1152 2836 1276 2875 eum
1301 2822 1391 2891 qui
1424 2822 1576 2877 sedet
1605 2836 1770 2893 super
1800 2824 1998 2878 cheru-

416 2914 530 2971 bim
561 2915 717 2982 vidit,
746 2914 903 2985 quasi
946 2914 1185 2983 speciem
1228 2913 1497 2970 hominis:
1547 2928 1577 2968 a
1632 2913 1832 2969 lumbis
1882 2914 1999 2983 ejus

418 3023 593 3078 usque
631 3010 697 3063 ad
750 3009 915 3063 imum
955 3007 1099 3079 ignis
1138 3015 1281 3072 erat,
1327 3014 1383 3060 et
1431 3020 1463 3060 a
1503 3006 1702 3062 lumbis
1750 3007 1869 3078 ejus
1900 3023 1996 3062 us-

416 3113 524 3169 que
553 3100 620 3153 ad
647 3114 941 3165 summum,
990 3098 1205 3170 species
1245 3096 1459 3152 electri.
1495 3097 1704 3166 Quibus
1743 3100 1998 3156 omnibus

2106 610 2317 676 ὲαυτὸν,
2345 610 2405 676 ἐξ
2437 610 2644 665 ἐκείνου
2670 613 2866 684 ὁρατὸν
2886 614 2981 666 καὶ
3007 612 3349 685 καταληπτὸν
3382 614 3691 687 ἀνθρώποις

2106 704 2270 758 ποιεῖ.
2310 702 2488 774 Ὠφθη
2534 704 2630 756 καὶ
2670 703 2749 774 τῷ
2790 702 3059 776 Ἀϐραὰμ,
3104 706 3266 776 ἡνίκα
3310 701 3462 760 εἶπεν
3509 708 3686 780 αὐτῷ·

2112 811 2131 845 ι
2156 794 2439 867 Σπέρματί
2474 811 2569 848 σου
2589 794 2745 849 δώσω
2764 795 2863 867 τὴν
2882 798 2984 868 γῆν
3000 796 3202 869 ταύτην
3221 798 3353 869 (Η).
3377 818 3396 852 ι
3418 799 3691 869 Ἐπιλέγει

2104 882 2197 940 οὖν
2243 888 2276 958 ἡ
2331 887 2555 959 Γραφή·
2594 889 2743 943 «Καὶ
2789 888 3137 961 ᾠκοδόμησεν
3164 893 3280 945 ἐκεῖ
3304 892 3695 966 θυσιαστήριον

2103 977 2181 1049 τῷ
2216 979 2403 1051 Κυρίῳ
2431 979 2509 1050 τῷ
2536 980 2751 1049 ὀφθέντι
2780 982 2955 1053 αὐτῷ’
2985 1002 3003 1035 ι
3028 984 3122 1037 καὶ
3164 985 3353 1039 πάλιψ
3388 1004 3407 1038 ι
3442 986 3693 1058 Ἀϐραὰμ

2105 1070 2320 1138 ἐγένετο
2355 1072 2492 1125 ὲτῶν
2539 1074 2884 1145 ἐνενήκοντα,
2916 1075 3011 1129 καὶ
3051 1076 3203 1148 ὤφθη
3236 1078 3384 1148 αὐτῷ
3412 1078 3684 1150 Κύριος»

2105 1165 2201 1217 καὶ
2234 1163 2397 1218 πάλιν
2417 1180 2429 1194 ·
2458 1182 2477 1215 ι
2497 1165 2609 1218 Kal
2642 1164 2796 1237 ὤφθη
2827 1166 3030 1236 Κύριος
3074 1166 3149 1238 τῷ
3186 1168 3433 1241 Ἀϐραὰμ
3460 1170 3595 1242 πρὸς
3622 1174 3687 1243 τῇ

2103 1255 2225 1327 δρυῒ
2250 1260 2314 1328 τῇ
2333 1256 2601 1330 Μαμϐρῆ.
2632 1278 2650 1310 ι
2684 1258 2794 1312 Kal
2822 1260 2949 1331 περὶ
2976 1260 3069 1313 τοῦ
3089 1261 3271 1315 Ἰσαὰκ
3297 1262 3530 1335 εἴρηται·
3550 1265 3692 1319 «Καὶ

2105 1350 2398 1422 ἐπορεύθη,
2443 1352 2537 1404 καὶ
2562 1350 2728 1421 ἀνέϐη
2781 1350 2873 1405 ἐπὶ
2932 1351 2991 1405 τὸ
3026 1352 3201 1424 φρέαρ
3238 1353 3330 1407 τοῦ
3365 1356 3549 1425 ὅρκου,
3595 1355 3693 1409 καὶ

2105 1440 2259 1511 ὤφθη
2299 1442 2502 1513 Κύριος
2541 1440 2689 1511 αὐτῷ
2731 1444 2788 1494 ὲν
2815 1444 2880 1513 τῇ
2928 1445 3080 1496 νυκτὶ
3116 1445 3316 1516 ἐκείνῃ·
3344 1465 3361 1496 ι
3403 1446 3494 1500 καὶ
3532 1443 3693 1515 αὖθις

2104 1534 2197 1587 ἐπὶ
2226 1532 2320 1586 τοῦ
2363 1532 2557 1587 Ἰακὼϐ
2579 1534 2822 1606 εἴρηται·
2856 1554 2873 1585 ι
2914 1534 3053 1603 Ἐγώ
3079 1538 3193 1607 εἰμι
3220 1539 3248 1590 6
3269 1536 3419 1602 Θεὸς,
3451 1540 3479 1591 ὀ
3504 1539 3694 1608 ὀφθείς

2105 1642 2220 1679 σοι·
2250 1643 2275 1678 ι
2307 1625 2444 1679 ἀλλὰ
2486 1626 2579 1680 καὶ
2604 1627 2693 1679 ὅτε
2730 1622 2894 1698 ἦλθεν
2929 1647 2947 1679 ι
2970 1630 3049 1691 είς
3090 1628 3293 1700 Βαιθὴλ
3322 1630 3485 1695 αὐτὸς
3528 1634 3621 1685 καὶ
3663 1635 3697 1686 6

2104 1715 2232 1781 λαὸς
2270 1719 2299 1770 6
2352 1720 2469 1789 μετ’
2523 1717 2712 1781 αὑτοῦ,
2748 1718 3094 1791 ᾠκοδόμησεν
3140 1723 3257 1774 ἐκεῖ
3289 1721 3691 1795 θυσιαστήριον,

2104 1812 2199 1864 κα)⁵
2230 1811 2457 1865 ἐκάλεσε
2480 1810 2541 1864 τὸ
2566 1810 2736 1882 ὄνομα
2764 1810 2856 1864 τοῦ
2886 1810 3035 1865 οίκου
3060 1812 3292 1885 Βαιθήλ·
3322 1816 3438 1867 ὲκετ
3458 1815 3565 1885 γὰρ
3594 1816 3692 1868 a6—

2102 1902 2180 1973 τῷ
2221 1903 2393 1975 ἐφάνη
2436 1904 2464 1956 6
2509 1903 2660 1968 Θεός.
2687 1922 2706 1955 ι
2753 1904 2865 1957 Kal
2906 1904 3068 1959 πάλιν
3108 1906 3343 1977 εἴρηταιο
3382 1908 3597 1979 ιὬφθη
3633 1910 3693 1963 δὲ

2101 1997 2130 2049 6
2170 1995 2303 2059 Θεὸς
2341 1996 2419 2067 τῷ
2468 1995 2663 2049 Ἰακὼϐ
2708 1995 2803 2049 καὶ
2850 1997 2929 2050 ἔτι
2960 1998 3017 2049 ὲν
3064 2000 3275 2063 Λουζᾶ·
3304 2020 3323 2051 ι
3360 2002 3455 2053 καὶ
3503 2001 3691 2055 ἄλλοτε

2100 2083 2252 2140 εἶπεν
2276 2087 2424 2159 αὐτῷ
2448 2088 2503 2141 ἐν
2551 2090 2787 2159 σχήματι
2822 2088 3107 2160 ἀνθρώπου
3160 2091 3373 2160 ὀφθείς·
3405 2111 3423 2143 ι
3458 2093 3568 2146 Οὐκ
3611 2093 3694 2147 ἔτι

2102 2179 2428 2251 κληθήσεται
2467 2179 2528 2232 τὸ
2569 2180 2740 2250 ὄνομα
2770 2198 2863 2234 σου
2891 2181 3083 2235 Ἰακώϐ
3105 2199 3118 2213 ·
3148 2183 3261 2236 ἀλλ’
3298 2185 3512 2257 Ἰσραὴλ
3537 2184 3691 2239 ἔσται

2099 2274 2161 2326 τὸ
2194 2272 2366 2342 ὄνομά
2394 2288 2485 2325 σου
2507 2289 2521 2301 ·
2550 2290 2569 2323 ι
2596 2273 2684 2325 ὅτε
2720 2274 2815 2327 καὶ
2846 2273 3071 2327 ἐκάλεσε
3095 2276 3157 2328 τὸ
3200 2276 3370 2346 δνομα
3407 2277 3500 2330 τοῦ
3522 2277 3691 2329 τόπου

2094 2358 2271 2428 Εἶδος
2324 2361 2471 2416 Θεοῦ
2500 2360 2699 2415 εἰπών’
2733 2381 2752 2413 ι
2776 2360 2928 2416 Εἶδον
2959 2365 3065 2437 γὰρ
3092 2366 3222 2419 Θεὸν
3245 2367 3533 2438 πρόσωπον
3555 2368 3693 2439 πρὸς

2101 2455 2410 2527 πρόσωπον,
2462 2458 2554 2510 καὶ
2605 2456 2783 2528 ἐσώθη
2820 2475 2919 2529 μου
2955 2460 2988 2528 ὴ
3038 2458 3203 2530 ψυχή.
3237 2478 3255 2511 ι
3296 2460 3407 2513 Kal
3450 2461 3691 2531 Μωῦσῆς

2100 2548 2158 2602 δὲ
2180 2548 2271 2602 τὸν
2296 2549 2705 2621 χρηματίζοντα
2732 2549 2882 2621 αὐτῷ
2905 2550 3035 2603 Θεὸν
3065 2552 3309 2605 ἱκέτευσε
3338 2551 3513 2621 λέγων
3534 2570 3546 2584 ·
3582 2572 3598 2602 ι
3626 2553 3691 2607 EI

2098 2639 2309 2713 εὕρηκα
2342 2642 2503 2712 χάριν
2530 2641 2760 2695 ἐνώπιόν
2796 2659 2910 2706 σου,
2968 2642 3267 2712 ὲμφάνισόν
3302 2660 3391 2714 μοι
3424 2644 3687 2700 σεαυτόν

2098 2733 2356 2802 γνωστῶς
2391 2733 2485 2787 ῐδω
2523 2750 2605 2787 σε.
2633 2754 2651 2787 ι
2706 2734 2763 2787 '0
2805 2733 2863 2786 δὲ
2906 2734 3241 2805 ἀπεκρίνατο
3274 2734 3424 2805 αὐτῷ
3471 2734 3648 2804 λέγων
3674 2752 3689 2765 ο

2106 2841 2123 2873 ι
2154 2824 2263 2876 Kal
2314 2822 2503 2877 τοῦτόν
2552 2840 2635 2876 σοι
2678 2822 2769 2877 τὸν
2812 2823 2972 2891 λόγον
3033 2823 3091 2876 ὃν
3142 2826 3370 2894 είρηκας
3439 2826 3687 2895 ποιήσω’

2099 2916 2342 2988 εὕρηκας
2372 2915 2482 2987 γὰρ
2516 2916 2677 2989 χάριν
2704 2914 2934 2970 ἐνώπιόν
2965 2933 3086 2986 μου.
3114 2935 3131 2967 ι
3178 2915 3338 2969 Ἀλλὰ
3377 2918 3472 2970 καὶ
3501 2920 3529 2970 6
3591 2920 3690 2971 Ἰε-

2100 3007 2289 3080 ζεκιὴλ
2341 3009 2433 3062 τὸν
2480 3010 2574 3061 ἐπὶ
2621 3007 2731 3061 τῶν
2774 3008 3037 3079 χερουϐὶμ
3074 3006 3377 3079 καθήμενον
3408 3004 3566 3073 εἶδεν,
3612 3010 3692 3074 ὡς

2099 3100 2289 3171 ὅρασιν
2331 3098 2643 3171 ἀνθρώπου,
2692 3099 2800 3153 ἀπὸ
2847 3099 2947 3168 τῆς
2992 3098 3193 3168 ὀσφύος
3244 3101 3407 3154 αὐτοῦ
3444 3103 3537 3155 καὶ
3584 3102 3690 3167 ἕως

416 3190 709 3247 ediscimus
765 3191 1005 3247 visiones
1048 3208 1079 3247 a
1130 3193 1410 3263 praedictis
1463 3192 1599 3246 viris
1641 3192 1855 3248 habitas
1890 3208 1995 3249 non

2104 3192 2255 3243 κάτω
2288 3189 2421 3261 πῦρ,
2474 3192 2568 3243 καὶ
2602 3189 2711 3243 ἀπὸ
2744 3190 2846 3260 τῆς
2877 3188 3078 3258 ὀσφύος
3120 3190 3284 3244 αὑτοῦ
3316 3192 3408 3243 καὶ
3442 3190 3547 3254 ἕως
3576 3192 3695 3247 ἄνω

416 3280 622 3337 similes
652 3281 861 3350 fuisse,
905 3283 1000 3339 sed
1048 3284 1335 3351 diversas;
1396 3299 1520 3338 nam
1578 3282 1749 3356 Moysi
1780 3286 1996 3354 quidem

2105 3280 2265 3353 ὑπὲρ,
2293 3282 2483 3352 ὅρασιν
2511 3280 2803 3352 ἠλέκτρου.
2840 3282 2916 3333 Δι’
2944 3273 3019 3333 ὧν
3056 3280 3313 3334 ἁπάντων
3344 3281 3689 3353 μανθάνομεν

418 3375 621 3429 dictum
672 3384 796 3441 est,
836 3394 855 3429 ι
888 3374 1002 3431 Νοη
1043 3377 1251 3448 poteris
1301 3377 1489 3433 videre
1533 3375 1724 3431 faciem
1773 3394 1995 3434 meam:

415 3480 522 3520 non
549 3466 692 3521 enim
721 3468 929 3523 videbit
953 3469 1117 3525 homo
1150 3469 1342 3525 faciem
1381 3483 1579 3535 meam,
1611 3478 1666 3523 et
1696 3470 1842 3525 vivet
1866 3470 1930 3524 ".
1971 3490 1992 3525 ι

417 3559 697 3628 Siquidem
743 3560 922 3616 vultus
951 3560 1045 3616 Dei
1078 3561 1266 3627 Verbi,
1291 3571 1348 3617 et
1373 3562 1549 3617 deitas
1577 3559 1850 3632 Unigeniti
1876 3563 1995 3619 Filii

414 3648 535 3717 Dei,
581 3651 796 3707 mortali
851 3661 1061 3711 natura
1101 3653 1614 3723 comprehensibilis
1670 3655 1995 3726 neutiquam

414 3740 599 3796 fuerit.
656 3743 924 3799 Ezechieli
978 3755 1160 3800 autem
1218 3744 1380 3801 Verbi
1451 3745 1624 3817 gloria
1675 3761 1770 3816 per
1828 3748 1998 3819 aenig-

416 3844 560 3887 mata
584 3835 697 3890 visa
750 3835 890 3891 fuit:
924 3836 1157 3893 Abrahae
1212 3852 1341 3893 vero
1390 3841 1490 3897 sub
1541 3839 1776 3895 hominis
1821 3838 1996 3895 forma

420 3926 650 3996 figurate
680 3929 832 3985 visus
863 3940 968 3995 est,
1018 3931 1091 3986 ita
1144 3940 1203 3987 ut
1260 3932 1361 3987 sub
1401 3948 1605 4003 quercu
1647 3934 1994 4001 consisteret,

417 4020 587 4090 pedes
613 4020 880 4086 ablueret,
913 4031 968 4076 et
996 4037 1198 4078 mensae
1219 4037 1446 4078 consors
1480 4032 1646 4078 esset.
1705 4022 1998 4078 Similiter-

420 4125 528 4179 que
566 4126 688 4165 cum
742 4110 946 4167 Iacobo
1001 4114 1166 4169 homo
1224 4114 1437 4169 luctans
1494 4115 1798 4180 inducitur,
1833 4130 1993 4184 quem

420 4200 703 4272 Scriptura
725 4203 945 4273 quidem
972 4203 1251 4259 hominem
1284 4204 1558 4275 appellat;
1608 4204 1699 4259 ille
1748 4220 1878 4259 vero
1902 4204 1995 4274 qui

418 4291 700 4347 oraculum
741 4293 958 4358 edebat,
1005 4310 1024 4345 ι
1065 4293 1183 4348 Non
1248 4296 1565 4363 vocabitur,
1630 4294 1832 4364 inquit,
1897 4308 1996 4347 no-

418 4400 541 4440 men
598 4396 746 4442 tuum
798 4386 1004 4453 Iacob;
1054 4390 1147 4443 sed
1205 4388 1370 4445 Israel
1424 4390 1530 4444 erit
1571 4404 1764 4444 nomen
1820 4397 1991 4455 tuum,

416 4478 541 4547 quia
574 4478 731 4533 fortis
762 4478 908 4535 fuisti
943 4495 1065 4536 cum
1104 4481 1213 4535 Deo
1233 4481 1322 4549 '2‘;
1364 4499 1383 4533 ι
1426 4481 1569 4536 unde
1606 4491 1661 4535 et
1708 4480 1879 4536 Jacob
1915 4482 1996 4535 di-

2101 3373 2199 3443 οὑχ
2231 3372 2421 3443 ὁμοίας
2468 3371 2565 3435 τὰς
2594 3371 2858 3434 ὀπτασίας
2881 3370 3205 3441 γεγενῆσθαι
3234 3375 3347 3435 τοῖς
3381 3371 3688 3442 προλεχθεί⁹

2102 3481 2209 3528 σιν,
2260 3464 2395 3519 ἀλλὰ
2442 3462 2767 3535 διαφόρους’
2810 3460 2890 3532 τῷ
2937 3462 3034 3532 μὲν
3081 3462 3189 3533 γὰρ
3222 3464 3428 3533 Μωῦσῇ
3479 3463 3684 3534 εἴρητο*

2106 3575 2125 3609 ι
2152 3556 2226 3609 O6
2256 3556 2462 3626 δυνήσῃ
2493 3553 2621 3606 ἰδεῖν
2650 3552 2713 3605 τὸ
2743 3551 3033 3623 πρόσωπόν
3069 3568 3169 3623 μου
3192 3568 3205 3581 °
3239 3550 3299 3603 οὐ
3332 3551 3441 3622 γὰρ
3474 3550 3558 3624 ἴδῃ
3588 3551 3681 3606 ἇν-

2100 3649 2319 3722 θρωπος
2354 3648 2413 3702 τὸ
2456 3646 2745 3720 πρόσωπόν
2800 3662 2935 3717 μου,
2982 3645 3079 3698 xal
3124 3644 3366 3714 ζήσεται’
3394 3663 3413 3695 ι
3464 3644 3523 3698 τὸ
3575 3643 3686 3715 γὰρ

2100 3742 2390 3815 πρόσωπον
2419 3739 2515 3794 τοῦ
2550 3738 2686 3792 Θεοῦ
2726 3737 2899 3807 Λόγου
2933 3737 3029 3791 καὶ
3067 3739 3101 3808 ἡ
3133 3736 3325 3809 θεότης
3371 3736 3465 3790 τοῦ
3503 3738 3679 3791 Μονο-

2099 3834 2291 3905 γενοῦς
2338 3832 2468 3887 Υἱοῦ
2502 3833 2595 3886 τοῦ
2629 3832 2764 3885 Θεοῦ
2816 3831 2982 3903 θνητῇ
3033 3830 3190 3899 φύσει
3237 3831 3335 3883 οὐκ
3372 3830 3438 3885 ἂν
3475 3829 3686 3899 γένοιτο

2099 3928 2417 3998 καταληπτή
2439 3943 2452 3955 ·
2494 3925 2587 3979 xal
2634 3924 2713 3996 τῷ
2754 3922 3013 3994 Ἰεζεκιὴλ
3043 3923 3101 3976 δὲ
3135 3925 3167 3994 ἡ
3222 3921 3314 3976 τοῦ
3350 3923 3523 3991 Λόγου
3556 3922 3682 3991 δόξι·

2098 4015 2163 4069 δι’
2202 4014 2539 4085 αἰνιγμάτων
2573 4012 2895 4084 ὲθεωρεῖτο·
2932 4011 3010 4083 τῷ
3054 4012 3110 4064 δὲ
3157 4012 3407 4084 Ἀϐραὰμ
3441 4015 3686 4084 ἐσχημα-

2098 4106 2349 4177 τισμένος
2380 4106 2590 4175 ἑωρᾶτο
2637 4106 2695 4157 ὲν
2741 4102 3029 4174 ἀνθρώπου
3078 4107 3282 4175 μορφῇ,
3328 4104 3402 4167 ὼς
3450 4105 3544 4157 καὶ
3581 4105 3686 4159 ὑπὸ

2096 4198 2196 4267 τὴν
2227 4197 2359 4267 δρῦν
2391 4195 2667 4264 γενέσθαι,
2699 4195 2794 4248 καὶ
2820 4197 2946 4259 τοὺς
2973 4195 3140 4259 πόδας
3172 4194 3557 4264 ἀπονίψασθαι,
3588 4198 3685 4250 καὶ

2096 4288 2378 4361 τραπέζης
2426 4290 2781 4359 κοινωνῆσαι·
2819 4289 3020 4359 ὁμοίως
3073 4288 3166 4341 καὶ
3208 4289 3297 4341 ἐπὶ
3337 4288 3432 4341 τοῦ
3488 4288 3682 4342 Ἰακὼϐ

2097 4379 2382 4452 ἄνθρωπος
2410 4382 2656 4451 εἰσῆκται
2689 4380 2955 4443 παλαίων,
2988 4379 3047 4431 ὃν
3074 4381 3107 4450 ἡ
3138 4379 3235 4448 μὲν
3262 4379 3451 4450 Γραφὴ
3474 4379 3683 4449 ἄνθρω-

2099 4492 2197 4527 πον
2229 4472 2504 4545 ὀνομάζει,
2538 4474 2697 4537 αὐτὸς
2725 4472 2781 4526 δὲ
2813 4475 2841 4526 6
2885 4473 3261 4544 χρηματίζων,
3308 4490 3324 4522 ι
3351 4473 3425 4527 O6
3473 4471 3680 4543 κληθή-

416 4570 599 4634 cebat,
636 4588 656 4622 ι
692 4568 810 4625 Vidi
839 4571 981 4626 enim
1017 4570 1183 4626 Deum
1219 4572 1359 4628 facie
1383 4572 1449 4627 ad
1472 4572 1690 4639 faciem,
1744 4581 1799 4627 et
1844 4571 1991 4626 salva

2100 4584 2250 4620 σεται
2293 4568 2352 4621 τὸ
2394 4567 2564 4638 ϐνομά
2620 4584 2736 4630 σου,
2789 4566 2974 4637 φησιν,
3038 4562 3250 4617 Ἰακώϐ·
3302 4564 3416 4618 ἀλλ’
3464 4564 3682 4635 Ἰσραὴλ

414 4658 560 4715 facta
595 4662 875 4715 estanima
909 4678 1029 4716 mea
1056 4662 1125 4717 ".
1154 4681 1173 4715 ι
1206 4661 1301 4716 llic
1331 4677 1460 4716 vero
1492 4662 1752 4732 propheta
1783 4677 1843 4716 se
1858 4678 1992 4732 quo-

415 4764 521 4820 que
554 4749 780 4820 gloriam
812 4751 930 4821 ejus
964 4754 1166 4810 vidisse
1202 4754 1540 4809 testificatur.
1587 4754 1757 4824 Igitur
1796 4754 1992 4809 Salva-

413 4841 546 4897 toris
579 4844 747 4898 nostri
774 4842 898 4899 Iesu
924 4846 1121 4901 Christi
1143 4846 1395 4917 gloriam,
1418 4856 1477 4900 ιιι
1499 4847 1552 4900 in
1579 4846 1830 4917 prmsenti
1866 4863 1991 4903 nar-

414 4942 522 5001 rat,
555 4938 879 5005 conspexit:
912 4954 1017 4993 non
1046 4939 1204 5010 plane
1230 4939 1501 5008 cerporis,
1521 4939 1616 4994 sed
1641 4940 1837 4993 mentis
1860 4955 1990 4995 ocu-

410 5023 481 5078 lis
516 5041 547 5080 a
580 5026 785 5098 Spiritu
831 5041 1021 5086 sancto
1066 5032 1351 5086 illustratis
1380 5050 1392 5085 :
1430 5032 1570 5087 sicut
1604 5032 1749 5086 enim
1793 5047 1989 5102 corpo-

340 5156 353 5200 ἱ
412 5115 487 5170 ris
525 5119 665 5173 oculi
704 5134 735 5173 a
785 5120 925 5176 lucis
972 5123 1126 5178 radio
1171 5123 1416 5177 exterius
1461 5122 1878 5177 subministrato
1920 5124 2007 5178 ad.

337 5202 344 5212 ’
413 5209 693 5265 sensibilia
755 5213 987 5268 videnda
1048 5214 1355 5284 juvantur;
1416 5214 1604 5267 eodem
1657 5214 1817 5269 modo
1859 5230 1989 5285 pur-

412 5310 553 5369 gata:
597 5304 797 5359 mentis
836 5306 1003 5369 oculi,
1047 5306 1117 5359 ab
1157 5304 1487 5373 intelligibili
1544 5305 1666 5361 luce
1710 5306 1985 5373 irradiati,

412 5391 594 5449 divina
632 5396 989 5467 contemplari
1028 5405 1280 5466 possunt.
1320 5395 1685 5463 Quamobrem
1725 5395 1989 5453 Servator

488 5555 533 5586 ³²
557 5553 693 5610 Gen.
724 5570 823 5617 xu,
865 5555 919 5609 7.
994 5556 1039 5588 ⁸³
1067 5556 1207 5609 Ibid.
1305 5556 1349 5588 ³³
1382 5556 1517 5615 Gen.
1561 5574 1691 5623 xvu,
1733 5559 1784 5611 l.

2095 4656 2246 4711 ἔσται
2285 4658 2345 4709 τὸ
2377 4657 2549 4727 ὄνομά
2576 4674 2691 4720 σου,
2721 4658 2800 4710 ὅτι
2826 4657 3115 4726 ἐνίσχυσας
3146 4654 3283 4724 μετὰ
3314 4654 3476 4707 Θεοῦ·
3499 4674 3516 4705 ι
3555 4653 3680 4707 ὅθεν

2093 4744 2187 4803 καὶ
2232 4748 2425 4801 Ἰακὼϐ
2455 4748 2640 4817 ἔλεγεν
2660 4766 2674 4780 ⁸
2716 4769 2734 4800 ι
2757 4747 2907 4802 Εἶδον
2936 4748 3046 4818 γὰρ
3067 4745 3200 4800 Θεὸν
3229 4746 3516 4818 πρόσωπον
3544 4746 3682 4818 πρὸς

2092 4830 2403 4911 πρόσωπον,
2454 4841 2547 4892 καὶ
2591 4839 2769 4911 ὲσὼθη
2817 4856 2917 4909 μου
2964 4840 2996 4909 ή
3048 4838 3214 4909 ψυχή.
3245 4858 3262 4888 ι
3311 4839 3368 4891 ’0
3396 4838 3450 4893 δὲ
3486 4836 3679 4907 παρὼν

2090 4932 2381 5003 προφήτης
2433 4932 2560 4984 ίδεῖν
2604 4932 2699 4984 καὶ
2753 4931 2913 4994 αὐτὸς
2964 4932 3323 5001 μαρτυρεῖται
3372 4929 3467 5001 τὴν
3516 4929 3677 4994 δόξαν

2096 5023 2281 5076 αὑτοῦ.
2307 5022 2515 5077 υὺκοῦν
2533 5022 2634 5092 τῆς
2655 5020 2750 5074 τοῦ
2781 5020 3031 5091 Σωτῆρος
3060 5019 3216 5090 ἡμῶν
3245 5019 3417 5091 Ἰησοῦ
3438 5019 3677 5090 Χριστοῦ

2094 5114 2252 5181 δόξαν
2280 5115 2366 5169 διὰ
2394 5115 2501 5169 τῶν
2525 5113 2899 5185 προκειμένων
2922 5112 3186 5185 ἑώρακεν,
3208 5113 3268 5167 o6
3304 5112 3517 5176 πάντως
3546 5131 3679 5185 σαρ-

2096 5208 2190 5272 κὸς
2222 5207 2537 5278 ὀφθαλμοῖς,
2574 5209 2687 5270 τοῖς
2724 5206 2781 5259 δὲ
2820 5206 2917 5278 τῆς
2945 5205 3203 5267 διανοίας,
3245 5204 3677 5275 πεφωτισμένοις

2097 5300 2203 5353 ὑπὸ
2243 5298 2337 5353 τοῦ
2390 5299 2548 5369 ἁγίου
2582 5297 2931 5369 Πνεύματος·
2960 5296 3034 5360 ὼς
3062 5296 3171 5368 γὰρ
3208 5297 3256 5349 οἱ
3288 5296 3384 5350 τοῦ
3422 5295 3674 5366 σώματος

2096 5393 2201 5447 61:6
2232 5392 2330 5464 τῆς
2369 5390 2568 5456 ἔξωθεν
2584 5390 2995 5464 χορηγουμένης
3024 5389 3118 5444 τοῦ
3140 5389 3315 5459 φωτὸς
3342 5388 3518 5457 αὐγῆς
3549 5405 3674 5441 συν-

1875 5556 1921 5588 as
1944 5556 1996 5611 ς,

2125 5571 2282 5623 xvm,
2328 5556 2377 5611 I.
2455 5556 2499 5586 ³⁸
2537 5555 2673 5610 Gen.
2724 5569 2875 5618 xxvx,
2917 5552 3039 5623 262
3117 5552 3159 5585 ³⁷
3202 5552 3339 5606 Gen.
3403 5549 3669 5623 xxxv,"i'.

421 5625 488 5655 ³⁸ο
513 5624 647 5679 Gen.
697 5616 885 5685 vaiu,
928 5627 983 5682 '5.
1060 5627 1103 5659 ³⁹
1132 5625 1266 5682 Gen.
1319 5644 1493 5690 xxx",
1557 5629 1647 5683 ‘28.
1680 5616 1689 5623 ’
1723 5626 1923 5683 “Ibid.
1947 5628 1996 5680 5(

2112 5626 2153 5657 ⁸¹
2182 5616 2351 5681 Exod.
2391 5643 2586 5692 χχχιιι,
2640 5626 2724 5680 15.
2749 5623 2793 5655 ⁸³
2820 5616 2953 5679 Ibid.
2981 5616 3066 5674 Η.
3089 5623 3133 5656 ⁸³
3164 5624 3333 5678 Exod.
3356 5637 3546 5685 xxxm,
3577 5620 3667 5674 20.

417 5694 465 5728 ⁸⁸
488 5694 623 5749 Gen.
650 5712 826 5764 χχχιι,
856 5695 949 5764 ‘28,
1008 5696 1053 5727 "
1092 5694 1228 5753 Gen.
1259 5714 1429 5755 χχχιι.
1470 5699 1557 5754 30.

490 5850 609 5921 (l6)
647 5850 767 5907 Haec
795 5869 1006 5926 quoque
1045 5856 1404 5925 Hieronymus
1444 5858 1717 5921 exprimit,
1754 5855 1845 5911 sed
1891 5855 2251 5914 oaucioribus.
