3968 6510
252 416 356 473 135

1211 413 1715 473 COMMENTABIA
1754 416 1823 473 IN
1861 415 2122 475 lSAIAM.
2153 448 2227 462 —
2259 416 2415 476 CAP.
2456 416 2545 476 VI.

3396 417 3505 477 ηε

251 527 541 604 ιργοῦνται
592 542 672 593 εις
698 528 762 582 τὸ
784 526 1004 599 βλέπειν
1029 528 1097 583 τὰ
1127 529 1380 602 αἰσθητὰ,
1403 530 1497 587 τὸν
1522 531 1683 586 αὐτὸν
1709 532 1833 603 τρό-

1953 547 2051 587 uec
2088 532 2309 588 docuit:
2355 530 2553 586 «Beati
2593 532 2797 587 mundo
2844 530 3033 595 corde.
3086 531 3351 604 quoniam
3398 533 3503 604 ipsi

251 639 354 677 πον
385 622 454 676 τὰ
487 621 587 692 τῆς
611 620 1030 694 κεκαθαρμένης
1050 621 1225 693 ψυχῆς
1256 622 1479 695 ὄμματα
1506 618 1611 678 ὑπὸ
1640 622 1828 695 νοεροῦ

1939 624 2105 678 Deum
2147 624 2408 679 videbunt
2427 623 2497 679 “.
2528 641 2550 676 ι

249 713 431 785 φωτὸς
481 712 954 784 καταυγαζόμενα,
1001 708 1071 768 τὰ
1115 713 1232 773 θεῖα
1258 716 1613 773 κατοπτεύειν
1648 716 1891 771 δύναται.
1927 716 2017 770 Διὸ
2042 717 2136 771 καὶ
2162 720 2191 772 ὁ
2217 719 2412 790 Σωτὴρ
2436 715 2584 771 τοῦτ’
2615 716 2859 771 ἐδίδασκε
2878 734 2892 748 ·
2929 738 2947 771 ι
2974 718 3247 790 Μακάριοι
3268 719 3318 774 oi
3341 718 3506 773 καθα·

251 805 335 875 ροὶ
370 805 440 874 τῇ
480 802 700 875 καρδίᾳ,
737 804 817 857 ὅτι
852 805 1005 859 αὐτοὶ
1029 805 1122 858 τὸν
1155 805 1290 861 Θεὸν
1318 807 1559 878 ὄψονται.
1592 828 1609 861 ι

326 914 346 947 ι
368 894 483 949 Καὶ
516 895 759 967 σεραφὶμ
790 896 1134 968 εἱστήκεισαν
1176 897 1363 972 κύκλῳ
1388 902 1574 967 αὑτοῦ,
1616 902 1676 968 ἒξ
1705 902 1841 957 πτέ-

249 1003 423 1058 ρυγες
448 985 527 1057 τῷ
561 987 660 1050 ἑνὶ,
696 988 790 1040 καὶ
825 988 883 1054 ἒξ
931 988 1199 1060 πτέρυγες
1226 990 1304 1062 τῷ
1336 993 1435 1046 ἐνί.
1462 1011 1481 1044 ι
1533 992 1838 1065 Ἀσώματοί

246 1096 398 1142 τινες
431 1078 573 1132 θεῖαι
604 1081 697 1133 καὶ
742 1080 1101 1153 ύπερκόσμιοι
1152 1082 1426 1155 δυνάμεις,
1455 1084 1521 1150 ἃς
1546 1087 1641 1140 καὶ
1670 1089 1698 1140 ό
1730 1088 1839 1140 Δα-

250 1170 373 1242 νιὴλ
418 1171 604 1243 ἐδήλου
648 1172 855 1241 λέγων,
914 1193 933 1226 ι
958 1174 1138 1227 Χίλιαι
1181 1176 1414 1246 χιλιάδες
1464 1177 1836 1250 ἐλειτούργουν

250 1261 427 1333 αὐτῷ,
468 1262 565 1316 καὶ
602 1262 794 1335 μύριαι
840 1265 1097 1338 μυριάδες
1144 1272 1598 1340 παρειστήκεισαν
1632 1269 1840 1341 ἔμπρο-

254 1354 384 1411 σθεν
412 1355 599 1409 αὑτοῦ.
632 1375 649 1408 ι
669 1355 773 1409 Δύο
800 1357 896 1428 μὲν
926 1353 1153 1414 εἶναιτὰ
1182 1362 1419 1430 σεραφὶμ
1446 1361 1693 1417 ἐντεῦθεν
1724 1362 1842 1417 ἐνό-

255 1463 427 1518 μισαν
460 1445 638 1503 ἄλλοι·
684 1445 793 1515 ἐγὼ
822 1448 901 1510 δὲ,
948 1449 1248 1518 ἐπιστήσας
1280 1454 1345 1521 τῇ
1380 1451 1587 1524 διανοίᾳ
1618 1452 1717 1523 τῆς
1748 1452 1837 1505 λε·-

251 1538 461 1612 γούσης
500 1539 724 1614 Γραφῆς
774 1539 958 1610 κύκλῳ
987 1540 1149 1596 αὐτοῦ
1193 1541 1262 1593 τὰ
1307 1544 1550 1613 σεραφὶμ
1596 1545 1836 1610 ἑστάναι,

252 1630 500 1704 ἠγοῦμαι
548 1630 724 1685 ταῦτα
773 1633 1034 1701 στεφάνου
1083 1632 1236 1703 δίκην
1276 1635 1609 1706 πανταχόθεν
1650 1636 1838 1709 ὥσπερ

257 1721 437 1792 μέγαν
482 1721 709 1793 βασιλέα
751 1721 1169 1794 δορυφοροῦντα.
1221 1724 1316 1789 Ἓξ
1353 1724 1408 1778 δὲ
1449 1726 1716 1798 πτέρυγες
1760 1727 1839 1798 τῷ

254 1814 339 1869 ἑνὶ
358 1814 608 1883 λέγονται
630 1815 1091 1886 προσπεφυκέναι,
1106 1814 1182 1888 τῷ
1200 1817 1421 1873 ἕκαστον
1445 1820 1836 1891 κεκοσμῆσθαι,

255 1905 451 1979 ὥσπερ
492 1906 771 1982 πτέρυξιν,
819 1907 1080 1979 ὲμφύτοις
1109 1908 1329 1979 ἀρεταῖς
1362 1911 1452 1968 καὶ
1493 1914 1837 1984 μετεωροπό-

260 2016 399 2072 ροις,
448 1995 537 2063 αἶς
580 2000 906 2070 διιπτάμενα
961 2000 1022 2053 δι’
1076 1999 1306 2072 ούρανοῦ
1355 2003 1448 2055 καὶ
1496 2003 1837 2076 αἰθεροφόροι

257 2092 548 2164 φέρονται,
570 2094 788 2160 νοηταῖς
811 2109 921 2145 τισι
952 2091 1209 2167 χρώμενα
1238 2093 1551 2165 ἐνεργείαις,
1586 2095 1841 2168 πραγμάο

2011 895 2177 951 Vsus.
2215 894 2271 948 2.
2316 911 2334 946 ι
2367 893 2435 948 Et
2471 891 2743 964 seraphim
2769 892 2987 948 stabant
3020 893 3073 947 in
3108 894 3337 949 circuitu
3363 892 3507 963 eius,

1940 1003 2033 1047 sex
2058 988 2155 1043 alae
2192 987 2310 1050 uni,
2341 997 2396 1041 et
2420 1002 2513 1041 sex
2541 985 2643 1040 alae
2669 984 2849 1041 alteri.
2883 1003 2901 1037 ι
2930 985 3268 1056 Incorporeae
3308 1002 3508 1058 nempe

1942 1081 2209 1151 quaedam,
2249 1079 2451 1134 divinae
2486 1086 2540 1134 et
2580 1092 2743 1148 supra
2791 1077 3048 1133 mundum
3100 1080 3290 1149 posita
3328 1082 3509 1135 virtu-

1939 1182 2041 1238 tes,
2075 1186 2211 1242 quas
2243 1170 2427 1226 Daniel
2449 1170 2780 1234 declarabat,
2822 1170 3008 1225 dicens
3048 1185 3063 1225 :
3124 1188 3144 1224 ι
3173 1171 3337 1227 Millia
3378 1173 3507 1229 mil-

1935 1266 2069 1320 lium
2109 1265 2496 1319 ministrabant
2533 1263 2604 1329 ei,
2644 1274 2699 1319 et
2737 1265 2919 1321 decies
2957 1264 3154 1320 millies
3204 1265 3342 1320 dena
3386 1264 3511 1321 mil-

1939 1356 2010 1412 lia
2050 1355 2304 1410 astabant
2342 1355 2395 1409 in
2435 1364 2730 1425 conspectu
2768 1356 2888 1426 ejus
2927 1356 2994 1411 ⁸⁷.
3044 1373 3063 1410 ι
3088 1355 3248 1413 ιΗὶηο
3287 1355 3380 1412 alii
3416 1371 3513 1413 ar-

1937 1450 2125 1511 bitrati
2183 1457 2312 1505 sunt
2373 1448 2480 1503 duo
2533 1463 2653 1504 esse
2705 1449 2981 1517 seraphim
3022 1468 3036 1504 :
3077 1463 3179 1519 ego
3204 1449 3514 1507 accuratius

1939 1542 2222 1612 explorata
2263 1537 2565 1608 Scriptura:
2604 1549 2809 1603 mente,
2852 1554 2972 1609 qua
2998 1538 3098 1605 ait,
3140 1539 3417 1610 seraphim
3455 1539 3512 1594 in

1940 1632 2167 1689 circuitu
2207 1632 2324 1701 ejus
2376 1631 2613 1695 stetisse,
2676 1632 2886 1688 aestimo
2932 1632 3032 1688 bos
3084 1646 3302 1688 coronae
3340 1632 3514 1689 instar

1940 1739 2060 1780 eum
2096 1724 2334 1793 undique
2372 1738 2471 1779 ceu
2504 1737 2682 1793 regem
2716 1739 2968 1795 magnum
2993 1723 3247 1795 stipasse.
3276 1724 3385 1781 Sex
3416 1740 3515 1780 au-

1942 1828 2049 1871 tem
2103 1817 2201 1872 alae
2240 1816 2331 1871 uni
2370 1830 2491 1872 esse
2542 1817 2817 1881 dicuntur,
2859 1818 3003 1888 quod
3056 1818 3252 1889 singuli
3308 1818 3515 1874 innatis

1939 1918 1995 1965 et
2029 1907 2353 1964 sublimibus
2388 1906 2681 1964 virtutibus
2718 1910 2871 1979 quasi
2913 1909 3011 1965 alis
3048 1921 3308 1966 ornentur
3338 1929 3353 1965 :
3395 1913 3518 1983 qui-

1940 2001 2040 2056 bus
2069 2000 2322 2056 volantes
2350 2015 2449 2071 per
2489 1999 2684 2057 ctelum
2743 2010 2798 2057 et
2830 2017 3010 2057 aerem
3052 2004 3323 2068 feruntur,
3356 2003 3521 2059 intel-

1941 2091 2130 2162 ligibili
2157 2092 2390 2162 quadam
2448 2093 2641 2164 agendi
2687 2092 2740 2146 vi
2786 2102 3021 2157 utentes,
3062 2109 3169 2164 qua
3219 2095 3376 2151 nobis
3428 2110 3519 2151 res

257 2201 369 2238 των
396 2184 561 2238 τινῶν
600 2185 855 2256 ἀρρήτων
905 2186 1035 2255 ἡμῖν
1084 2183 1541 2249 ἀποτελεστικαῖς.
1597 2186 1684 2251 Ὠς
1731 2188 1841 2260 γὰρ

1952 2184 2203 2263 quasdam
2235 2198 2466 2240 arcanas
2503 2193 2824 2255 operantur.
2865 2185 3331 2253 Quemadmodum
3370 2188 3517 2242 enim

260 2277 324 2330 ὲν
350 2274 663 2348 ἀνθρώποις
690 2276 739 2328 οί
773 2276 916 2344 ἆγιοι
938 2273 1032 2327 τοῦ
1058 2273 1193 2326 Θεοῦ
1224 2274 1568 2345 χαρισμάτων
1595 2278 1842 2349 μετεῖχον

260 2367 613 2440 κρειττόνων,
644 2366 719 2431 ὡς
748 2365 1107 2441 προφητεύειν
1137 2364 1205 2419 τὰ
1233 2365 1503 2436 μέλλοδτα,
1538 2369 1632 2424 καὶ
1656 2369 1845 2434 νόσους

266 2459 475 2526 ἰᾶσθαι,
513 2458 608 2512 καὶ
648 2458 875 2531 νεκροὺς
913 2458 1157 2528 ἀνιστᾷν,
1204 2457 1300 2510 καὶ¹
1346 2457 1610 2531 γλώσσαις
1642 2461 1841 2528 λαλεῖν,

265 2552 463 2623 σοφίας
511 2568 574 2605 τε
644 2552 738 2605 καὶ
789 2549 1045 2619 γνώσεως
1103 2549 1383 2620 μετέχειν·
1425 2551 1450 2622 ἢ
1502 2553 1595 2606 καὶ
1656 2552 1843 2627 ὥσπερ

263 2642 411 2699 κατὰ
435 2643 499 2695 τὸ
536 2641 697 2715 σῶμα
726 2645 973 2711 φυσικοῖς
1010 2640 1384 2713 αἰσθητηρίοις
1424 2644 1731 2715 κεχρήμεθα
1753 2646 1845 2700 τὸν

266 2736 505 2809 ἀριθμὸν
549 2736 730 2799 πέντε,
784 2734 927 2789 οὕτω
969 2752 1070 2791 που
1116 2734 1257 2804 τάχα
1313 2733 1410 2806 τὴν
1460 2736 1557 2789 τῶν
1597 2737 1846 2807 ἀγγέλων

272 2829 436 2900 φύσιν
473 2828 641 2892 εἰκὸς,
671 2827 935 2898 δυνάμεσι
976 2827 1145 2891 θείαις
1172 2826 1282 2880 τισὶ
1312 2826 1406 2879 καί
1433 2844 1579 2881 τιιων
1607 2829 1845 2900 παραδό-

269 2922 375 2989 ξων
407 2922 808 2992 ἐνεργητικαῖς,
852 2922 984 2991 ἡμῖν
1024 2919 1080 2973 δὲ
1145 2917 1470 2987 ἀγνώστοις,
1517 2920 1842 2995 κεχρῆσθαιο

269 3016 336 3080 ἃς
377 3014 443 3086 δὴ
478 3014 757 3086 πτέρυγας
799 3015 829 3066 ό
870 3013 1027 3082 λόγος
1071 3011 1350 3083 ὠνόμασεν
1378 3028 1391 3041 ·
1438 3011 1545 3066 ὲπιὶ
1583 3014 1677 3067 καὶ
1718 3013 1845 3087 περὶ

280 3110 381 3164 τῶν
409 3110 627 3182 ἀνέμων
656 3109 898 3181 εἴρηται·
938 3127 956 3161 ι
993 3107 1050 3162 Ὀ
1087 3106 1410 3187 περιπατῷν
1444 3105 1840 3181 ὲπὶπτερύγων

275 3203 494 3275 ἁνέμων
514 3221 527 3233 ·
558 3222 577 3255 ›
610 3203 670 3257 ού
700 3202 917 3265 πάντως
944 3200 1319 3259 ἐκπιπτόντων
1347 3198 1503 3270 ἡμῶν
1543 3202 1618 3256 ml.
1648 3202 1718 3257 τὰ
1743 3220 1850 3258 σω-

276 3296 492 3368 ματικά
517 3297 795 3367 σχήματα,
818 3293 894 3357 ὼς
920 3292 1027 3349 τῶν
1056 3291 1275 3365 ἀνέμων
1308 3290 1509 3364 ὀρνέων
1546 3291 1681 3366 ὅκην
1726 3313 1849 3353 πτε-

276 3388 659 3463 ρυσσομένων.

355 3502 375 3534 ς
403 3483 517 3536 Καὶ
555 3484 677 3544 ταῖς
716 3479 817 3552 μὲν
853 3479 972 3535 δυσὶΙ
1004 3478 1414 3535 κατεκάλυπτον
1451 3474 1512 3527 τὸ
1552 3477 1843 3541 πδόσωπον,

279 3576 381 3630 καὶ
424 3577 547 3639 ταῖς
584 3542 729 3627 δυσὶ,
754 3571 1163 3629 κατεκάλυπτον
1204 3571 1329 3633 τοὺς
1381 3568 1569 3631 πόδας,
1609 3570 1687 3624 tati.
1725 3572 1843 3634 ταῖς
1871 3542 1916 3601 c

280 3669 435 3723 δυσὶν
481 3666 764 3725 ὲπέταντο,
792 3684 809 3717 ι
860 3665 934 3719 Τὸ
988 3664 1279 3736 πρόσωπον
1322 3660 1501 3715 τοίνυν
1546 3660 1847 3727 ὲκιλυπτον,

281 3763 348 3815 οὐ
395 3760 459 3814 τὸ
502 3760 598 3813 τοῦ
644 3759 873 3831 Κυρίου,
905 3758 981 3821 ὡς
1011 3759 1077 3811 ἂν
1105 3755 1312 3827 οἰηθείη
1344 3772 1450 3819 τις,
1476 3753 1612 3815 ἀλλά
1640 3756 1686 3811 τὸ
1725 3757 1852 3812 ἑαυη

283 3852 432 3906 τῶν·
474 3851 550 3915 ὡς
591 3850 664 3922 μὴ
694 3849 897 3920 τολμᾷν
941 3846 1128 3910 ἀτενὲς
1167 3845 1377 3918 ἀφορᾷν
1421 3845 1501 3907 εἰς
1540 3844 1599 3897 τὸ
1637 3846 1850 3918 Emped-

288 3961 477 4017 μενον.
536 3944 665 3996 (Διὸ
712 3941 887 4012 οὐδεὶς
932 3940 1074 4009 ἔγνω
1111 3939 1202 3992 τὸν
1242 3937 1392 4002 Υίὸν,
1430 3938 1479 3990 εί
1524 3935 1599 4008 μὴ
1647 3940 1783 4009 ιιόνος
1821 3940 1852 3994 ό

287 4038 564 4107 γεννήσας
612 4034 774 4091 αὐτὸν
825 4034 1035 4104 Πατήρ.
1067 4050 1086 4083 ι
1144 4028 1479 4087 Ἐκάλυπτον
1529 4029 1587 4082 δὲ
1628 4032 1696 4085 καὶ
1723 4034 1851 4097 τοὺς

289 4130 485 4193 πόδας,
530 4127 599 4180 τὰ
641 4127 845 4197 ἔσχατα
896 4124 995 4194 τῆς
1038 4122 1245 4186 οἰκείας
1296 4122 1522 4194 πορείας
1565 4122 1749 4190 mlh;
1785 4125 1853 4180 ἂν

292 4226 441 4278 εἴποι
467 4238 571 4285 τις,
597 4219 664 4272 τὰ
696 4219 914 4289 βήματα
959 4214 1054 4269 τοῦ
1090 4215 1205 4286 βίου
1239 4214 1335 4278 τὰς
1366 4213 1591 4286 πράξεις
1631 4216 1855 4271 ὲπτκιά.

293 4316 481 4380 ζοντα,
532 4313 606 4384 μὴ
654 4309 990 4372 ἀκαλύπτοις
1034 4308 1163 4361 ποσὶ
1219 4305 1299 4379 τῷ
1348 4304 1556 4361 ἑαυτῶν
1600 4311 1853 4381 παριστήη

296 4423 445 4462 κοιεν
480 4403 708 4476 βασιλεῖ.
1074 4392 1083 4407 ³

379 4519 398 4552 ι
424 4500 537 4553 Kal.
557 4497 857 4568 ὲκέκραγον
878 4496 1063 4567 ἕτερος
1091 4492 1226 4566 πρὸς
1247 4491 1452 4564 ἕτερον,
1478 4490 1688 4560 Ἄγιος,
1709 4488 1851 4558 ἆτος,

299 4593 457 4662 διγιος
506 4589 711 4661 Κύριος
764 4586 1029 4645 Σαϐαὼθ·
1087 4586 1299 4657 πλήρης
1356 4585 1505 4637 πᾶσα
1562 4583 1596 4653 ἡ
1648 4582 1722 4652 γῆ
1771 4590 1853 4658 τῆς

299 4684 460 4753 δόξης
510 4678 696 4735 αὑτοῦ.
721 4699 739 4732 ι
780 4679 854 4732 Οὐ
906 4678 1032 4749 μίαν
1053 4677 1161 4749 γὰρ
1187 4676 1417 4747 ἠφίεσαν
1446 4674 1648 4746 φωνὴν,
1677 4672 1856 4733 οὐδὲά.

301 4777 478 4850 θρόως
502 4774 640 4844 ὁμοῦ
663 4773 840 4827 πάντα
863 4773 1016 4842 κοινῇ
1041 4769 1244 4841 ταύτην
1270 4768 1604 4839 ἀνέπεμπον,
1634 4766 1748 4821 ἀλλ’
1772 4766 1859 4825 Eg—

305 4888 398 4944 ρον
438 4867 579 4939 πρὸς
616 4866 677 4918 τὸ
715 4865 899 4933 ἓτερον
943 4865 1203 4934 ἐμφαῖνον
1233 4862 1295 4915 τὸ
1337 4858 1529 4914 ἑαυτοῦ
1559 4858 1765 4930 θαῦμα,
1795 4864 1862 4916 ni.
1889 4894 1933 4951 ο

1944 2273 2089 2328 inter
2114 2273 2381 2339 homines,
2416 2274 2595 2330 sancti
2646 2274 2763 2341 Dei,
2804 2275 3194 2332 charismatum
3228 2278 3516 2335 meliorum

1942 2366 2240 2435 participes
2277 2374 2459 2431 erant,
2483 2364 2557 2420 ita
2593 2375 2652 2421 ut
2682 2365 2866 2423 futura
2895 2370 3348 2435 praanuntiarent,
3377 2359 3523 2425 mor-

1944 2455 2045 2509 bos
2081 2463 2364 2520 curarent,
2404 2464 2649 2511 mortuos
2689 2457 3044 2525 suscitarent,
3107 2459 3383 2529 variisque
3414 2459 3521 2514 lin-

1946 2547 2067 2617 guis
2095 2546 2468 2617 loquerentur,
2501 2550 2771 2620 sapientia
2805 2558 2858 2605 et
2889 2550 3121 2606 scientia
3148 2551 3403 2606 instructi
3439 2566 3522 2607 es-

1943 2649 2101 2706 sent;
2145 2649 2241 2695 aut
2267 2641 2726 2711 quemadmodum
2762 2641 3062 2699 secundum
3087 2657 3311 2713 corpus,
3363 2651 3522 2698 natu-

1944 2732 2148 2786 ralibus
2193 2731 2449 2788 sensibus
2504 2732 2711 2787 utimur
2758 2748 2984 2790 numero
3020 2734 3299 2805 quinque;
3357 2736 3429 2791 ita
3464 2743 3523 2791 et

1946 2826 2262 2895 angelorum
2301 2836 2555 2881 naturam
2605 2826 2808 2881 divinis
2847 2827 3199 2896 quibusdam,
3238 2843 3303 2884 ac
3343 2830 3515 2884 mira-

1943 2914 2133 2971 bilium
2202 2914 2570 2973 eﬁ'ectricibus
2634 2917 2931 2973 virtutibus
2998 2918 3306 2989 ignotisque
3363 2920 3523 2976 nobis

1944 3007 2023 3062 uti
2062 3005 2357 3063 verisimile
2391 3016 2498 3074 est,
2529 3022 2666 3080 quas
2696 3007 2907 3064 scilicet
2944 3007 3057 3064 alas
3097 3009 3379 3080 Scriptura
3426 3024 3525 3065 vo-

1979 3108 2054 3156 at.
2100 3098 2543 3170 Quandoquidem
2577 3100 2646 3155 de
2680 3102 2857 3155 ventis
2919 3102 3083 3155 etiam
3150 3100 3349 3156 dictum
3417 3109 3523 3165 est,

1950 3206 1969 3241 ι
1999 3188 2101 3256 Qui
2141 3187 2382 3243 ambulat
2433 3202 2596 3260 super
2641 3203 2848 3259 pennas
2895 3197 3179 3244 ventorum
3222 3188 3303 3255 Ιδ¹⁵;
3352 3206 3370 3239 ι
3431 3188 3523 3243 ubi

1945 3296 2046 3336 nos
2084 3296 2192 3336 nou
2248 3280 2314 3335 ad
2354 3293 2646 3350 corporeas
2698 3280 2900 3349 ﬁguras
2962 3277 3323 3344 decurrimus,
3369 3278 3527 3347 quasi

1946 3374 2153 3430 scilicet
2189 3372 2361 3437 venti,
2387 3372 2558 3430 instar
2581 3370 2782 3435 avium,
2823 3369 3016 3441 pennis
3054 3369 3305 3425 instructi
3358 3369 3488 3423 sint.

2023 3483 2042 3517 ι
2096 3465 2162 3520 Ει
2200 3466 2408 3520 duabus
2453 3464 2672 3535 quidem
2737 3464 2994 3536 tegebant
3041 3463 3257 3529 faciem,
3319 3462 3528 3517 duabus

1950 3564 2128 3611 autem
2156 3554 2407 3609 velabant
2444 3553 2633 3625 pedes,
2690 3562 2749 3607 et
2800 3552 3012 3609 duabus
3049 3552 3322 3609 volabant.
3350 3570 3370 3605 ι
3415 3551 3527 3608 Fa-

1952 3646 2089 3703 ciem
2115 3646 2297 3717 itaque
2335 3645 2610 3710 velabant,
2637 3660 2742 3700 non
2785 3644 3021 3707 Domini,
3061 3654 3122 3699 ut
3168 3644 3292 3714 quis
3333 3651 3525 3715 putet,

1951 3738 2047 3793 sed
2085 3752 2275 3794 suam:
2316 3737 2462 3808 quod
2501 3753 2607 3794 non
2645 3737 2907 3792 auderent
2934 3735 3205 3807 objectam
3242 3751 3355 3791 rem
3396 3734 3531 3790 deli-

1950 3829 2037 3885 xis
2084 3830 2258 3886 oculis
2326 3830 2546 3887 intueri.
2616 3849 2634 3883 ι
2664 3829 2843 3898 Quare
2895 3844 3058 3886 nemo
3120 3829 3270 3885 novit
3308 3828 3528 3894 Filium,

1952 3921 2061 3977 nisi
2100 3923 2189 3993 qui
2230 3922 2415 3994 genuit
2451 3922 2626 3994 ipsum
2656 3922 2838 3978 Pater.
2864 3939 2884 3976 ι
2928 3920 3100 3978 Pedes
3138 3935 3355 3993 quoque
3390 3918 3530 3975 vela-

1951 4012 2115 4080 bant,
2159 4014 2364 4070 scilicet
2429 4024 2675 4069 extrema
2732 4012 3133 4085 progressionis
3186 4027 3321 4076 suae,
3366 4020 3421 4067 et
3468 4022 3531 4066 ut

1952 4104 2219 4176 quiSpiam
2260 4104 2477 4179 dixerit,
2513 4104 2639 4160 vitae
2663 4119 2907 4175 gressus,
2964 4116 3077 4173 quo
3115 4103 3357 4158 actiones
3398 4115 3531 4155 sitas

1953 4196 2352 4261 inumbrarent,
2386 4204 2447 4250 ut
2478 4207 2545 4251 ne
2586 4194 2744 4250 nudis
2783 4193 3011 4265 pedibus
3071 4192 3183 4264 regi
3239 4205 3338 4246 suo
3383 4199 3532 4247 asta-

1956 4296 2099 4343 rent.

2030 4497 2196 4553 Vsus.
2241 4495 2295 4550 3.
2372 4513 2393 4548 ι
2438 4494 2504 4550 Ει
2564 4493 2879 4550 clamabant
2941 4492 3081 4549 alter
3147 4493 3215 4548 ad
3272 4492 3531 4558 alterum,

1957 4590 2205 4651 Sanctus,
2239 4597 2481 4653 sanctus,
2507 4596 2728 4643 sanctus
2770 4586 3030 4643 Dominus
3059 4585 3334 4643 Sabaoth:
3376 4586 3535 4657 plena

1956 4691 2041 4739 est
2087 4682 2262 4737 omnis
2313 4692 2455 4736 terra
2501 4680 2671 4753 gloria
2707 4678 2844 4750 eius.
2877 4697 2896 4732 ι
2938 4680 3055 4736 Non
3113 4695 3277 4735 unam
3336 4681 3535 4749 quippe

1955 4770 2274 4825 emittebant
2309 4783 2518 4835 vocem,
2547 4784 2721 4840 neque
2752 4784 2941 4825 omnes
2967 4769 3129 4825 simul
3181 4769 3321 4825 hanc
3349 4769 3535 4841 profe-

1964 4863 2175 4928 rebant,
2198 4862 2291 4917 sed
2322 4861 2461 4917 alter
2500 4863 2566 4916 ad
2597 4860 2852 4930 alterum,
2914 4861 3333 4918 admirationem
3379 4875 3533 4916 suam

310 4962 404 5033 τὴν
449 4958 713 5029 ἔκπληξιν
754 4957 853 5027 τὴν
892 4957 984 5009 ἐπὶ
1026 4954 1104 5026 τῷ
1152 4952 1542 5026 θεωρουμένῳο
1593 4951 1792 5023 μᾶλλον
1833 4954 1849 5004 ἰ

1962 4952 2307 5018 exhibentes,
2353 4968 2561 5009 necnon
2630 4962 2907 5023 stuporem
2958 4967 3028 5008 ex
3087 4953 3177 5008 tali
3227 4950 3536 5023 spectaculo

312 5051 782 5125 ὑπερεξέπληττεν
808 5049 947 5104 αύτά
973 5050 1007 5119 ἡ
1040 5047 1147 5101 ἀπὸ
1174 5046 1281 5100 τῶν
1315 5044 1663 5117 ὑψηλοτάτων
1689 5044 1782 5097 ἐπὶ
1822 5052 1849 5097 τ

1963 5056 2285 5117 conceptum
2313 5065 2328 5115 ;
2364 5048 2470 5103 imo
2496 5046 2681 5118 potius
2721 5046 3179 5117 obstupescebant
3204 5045 3276 5101 ob
3308 5044 3537 5099 descen-

309 5122 543 5199 ταπεινὰ
578 5142 876 5206 κατάϐασις
909 5140 1003 5195 τοῦ
1034 5139 1168 5193 Θεοῦ
1202 5138 1396 5208 Λόγου.
1440 5136 1770 5207 Ἑκέκραγον
1797 5132 1849 5191 οἰ

1993 5157 2080 5196 um
2115 5141 2208 5198 Dei
2241 5142 2407 5198 Verbi
2444 5158 2511 5197 ex
2536 5141 2855 5198 celsissimis
2889 5140 2956 5195 ad
3000 5139 3244 5197 humilia.
3291 5136 3407 5192 Non
3447 5151 3537 5192 se-
3559 5122 3577 5165 ι’

307 5238 409 5309 οὐχ
447 5233 599 5300 ἅπαξ
629 5236 720 5288 τὸν
759 5233 1029 5304 ἀγιασμὸν
1069 5231 1255 5294 αὑτοῦ,
1286 5230 1421 5286 ἀλλὰ
1456 5231 1551 5284 καὶ
1593 5228 1849 5291 πολλάκις

1999 5230 2073 5286 Iel
2103 5231 2305 5301 itaque,
2360 5246 2537 5301 neque
2574 5232 2773 5301 saepius
2807 5241 3013 5288 tantum
3052 5228 3569 5287 sanctificationem’

316 5330 523 5400 μᾶλλον
556 5327 729 5390 δὲέίς
774 5324 1143 5397 ἀναρίθμητον
1182 5323 1275 5378 καὶ
1304 5324 1383 5387 εἰς
1414 5322 1661 5394 ἄπειρον,
1694 5322 1788 5375 καὶ
1819 5340 1844 5374 ε

1999 5314 2078 5385 είς
2110 5324 2454 5391 clamabant;
2476 5327 2571 5381 sed
2602 5328 2654 5379 in
2697 5326 2969 5383 inﬁnitum
3000 5334 3209 5394 tempus
3236 5335 3302 5377 ac
3322 5335 3538 5392 semper

314 5423 401 5477 ἀεὶ
446 5418 1026 5491 ὑπερεκπληττόμενα.
1051 5414 1363 5487 Προγνώσει
1407 5415 1585 5468 τοίνυν
1624 5412 1719 5468 τοῦ
1769 5414 1849 5485 μέ]

2003 5418 2189 5474 Slhore
2246 5418 2483 5489 perculsi
2550 5420 3029 5485 vociferabantur;
3067 5433 3133 5473 ex
3185 5415 3351 5471 futuri
3406 5428 3538 5485 ergo

314 5513 496 5577 λοντος
558 5505 1009 5579 ύπερεθαύμαζον
1050 5506 1119 5562 τὰ
1172 5506 1432 5577 σεραφὶμ,
1477 5505 1590 5578 ὃδὴ
1639 5506 1732 5558 καὶ
1779 5506 1849 5561 ἁκ

2005 5509 2307 5569 Ρτλοὶεηιία
2342 5511 2617 5581 seraphim
2657 5524 3000 5582 summopere
3026 5505 3534 5570 mirabanturillud,

318 5606 521 5668 λούθωτ,⁵
547 5606 660 5667 τοῖς
699 5600 1062 5673 θεσπίσμασιν
1084 5599 1332 5663 ἐτελεῖτο,
1373 5597 1510 5669 μετὰ
1539 5597 1635 5663 τὴν
1675 5598 1753 5660 εις
1795 5597 1849 5651 ἀι

2004 5606 2131 5659 qum
2163 5604 2400 5670 scilicet,
2438 5611 2836 5673 consequenter
2872 5604 2939 5658 ad
2962 5602 3239 5669 vaticinia,
3283 5609 3405 5669 post
3440 5597 3538 5652 ad-

322 5697 573 5770 Θρώπους
612 5695 705 5750 τοῦ
743 5694 993 5765 Σωτῆρος
1032 5690 1185 5764 ἡμῶν
1215 5690 1537 5764 παρουσίαν.
1571 5688 1661 5753 Ἐξ
1687 5687 1849 5741 ὲκείνι

2010 5695 2191 5754 venit!)
2222 5698 2523 5756 Salvatoris
2553 5696 2728 5754 nostri
2775 5696 2843 5754 ad
2892 5696 3167 5764 homines,
3208 5691 3534 5763 completum

395 5873 442 5906 “
470 5872 661 5933 Matth.
706 5890 759 5940 ν,
791 5874 841 5927 8.
922 5872 961 5906 ⁸⁷
993 5872 1129 5931 l‘nn.
1163 5871 1383 5941 vu,_lO.
1462 5870 1507 5903 ⁸⁸
1544 5868 1683 5926 Psal.
1722 5881 1839 5935 cui,
1867 5868 1921 5924 3.
