3968 6482
397 423 504 481 {27

1104 413 1374 474 EUSEBll
1410 409 1892 470 CESARIENSIS
1927 404 2079 464 OPP.
2119 404 2302 462 PARS
2334 404 2423 460 Ιιῐ.
2462 434 2534 446 -
2568 401 2977 459 EXEGETICA.

3549 410 3657 466 HS

394 556 503 602 est.
541 542 676 597 ilinc
706 540 849 596 enim
881 552 1073 594 revera
1107 539 1160 592 in
1194 536 1434 591 omnium
1464 534 1699 605 gentium
1726 530 1971 587 noutia‘m

2091 527 2182 599 γὰρ
2225 525 2303 589 ὡς
2338 523 2553 594 ἀληθῶς
2597 525 2763 578 πᾶσιν
2796 522 3041 595 ἐγνώσθη
3082 526 3196 589 τοῖς
3221 523 3417 590 ἔθνεσι,
3448 529 3540 581 xal
3568 531 3650 592 εἰς

401 638 571 700 venit,
615 644 673 690 et
720 634 773 688 in
830 646 1049 686 onmem
1093 638 1317 693 terram,
1365 640 1473 681 non
1510 624 1669 679 modo
1708 622 1970 694 cognitio,

401 728 494 782 sed
510 727 669 780 etiam
687 722 854 794 gloria
874 720 1154 789 theologia:
1187 719 1358 787 ipsum
1396 716 1690 785 spectantis
1713 713 1973 785 pervasit.

478 818 641 872 Vens.
680 815 737 869 4.
772 835 790 867 ι
822 814 887 868 Ει
924 810 1193 867 sublatum
1222 820 1305 865 est
1332 807 1744 876 superliminare
1766 821 1796 860 a
1820 820 1975 871 voce,

404 926 510 981 qua
541 909 894 965 clamabant:
928 914 983 960 et
1024 903 1215 959 domus
1257 906 1458 970 repleta
1498 910 1582 955 est
1621 900 1787 953 I’umo.
1816 915 1835 949 ι
1880 896 1977 953 His

405 997 778 1053 Subindicatur
807 993 923 1049 fore
952 1001 1031 1060 ut,
1066 1001 1179 1046 toto
1211 992 1347 1047 orbe
1399 990 1569 1063 gloria
1603 988 1719 1058 ejus
1748 986 1974 1057 repleto.

406 1086 741 1142 revelaretnr
788 1085 834 1140 is
876 1083 1059 1153 quieo
1108 1083 1164 1137 in
1201 1081 1318 1136 loco
1348 1086 1564 1146 stabat,
1602 1081 1675 1134 ita
1722 1088 1802 1145 ut,
1847 1079 1978 1133 sub-

406 1178 518 1232 lato
560 1175 960 1246 superliminari
986 1213 1002 1238 ,
1042 1173 1434 1243 comprehendi
1481 1180 1664 1243 posset
1708 1189 1722 1225 :
1770 1171 1979 1225 locum-

406 1284 513 1338 que
557 1269 708 1323 fumo
756 1267 1071 1335 replendum
1129 1281 1284 1329 esse,
1347 1265 1454 1335 igni
1517 1264 1773 1318 traditum
1809 1282 1821 1317 :
1853 1278 1975 1317 nam

406 1362 588 1416 fumus
619 1362 758 1429 ignis
786 1361 1002 1431 signum
1043 1368 1149 1413 est.
1192 1358 1287 1415 llis
1313 1374 1443 1429 ergo
1474 1357 1756 1426 Scriptura
1792 1358 1980 1410 incen-

408 1455 558 1510 dium
613 1453 733 1508 loco
773 1452 898 1508 huic
932 1462 1253 1507 eventurum
1294 1451 1525 1505 obscure
1583 1449 1784 1503 indicat
1820 1466 1835 1503 :
1871 1462 1980 1516 quo

409 1557 650 1616 peracto,
678 1546 879 1615 repleta
911 1555 996 1601 est
1026 1545 1288 1599 universa
1333 1553 1474 1598 terra
1501 1539 1670 1611 gloria
1714 1540 1923 1594 Domini
1960 1558 1974 1593 :

409 1652 517 1691 non
570 1653 675 1690 una
730 1637 891 1691 domo
943 1646 1003 1689 ut
1051 1645 1237 1699 antea,
1296 1632 1391 1688 sed
1450 1631 1752 1686 innumeris
1809 1630 1980 1686 multo

409 1729 879 1799 prmstantioribus
906 1744 1007 1797 per
1046 1728 1353 1781 universam
1389 1733 1590 1779 terram
1623 1722 1896 1778 excitatis.

482 1821 650 1877 Vens.
690 1822 741 1876 5.
777 1840 796 1873 ι
819 1821 885 1875 Et
911 1821 1045 1887 dixi,
1075 1818 1119 1874 Ο
1140 1820 1303 1875 miser
1318 1832 1438 1888 ego,
1464 1816 1589 1886 quia
1620 1823 1981 1884 compunctus

2075 622 2255 673 πᾶσαν
2285 616 2561 689 ἐκηρύχθη
2599 615 2698 687 τὴν
2743 616 2868 686 γῆν,
2909 616 2969 668 οὐ
3018 617 3176 687 μόνον
3200 618 3476 688 ἡγνῶσις,
3517 621 3651 675 ἀλλὰ

2076 710 2172 763 καὶ
2201 711 2234 782 ἡ
2260 703 2392 773 δόξᾶ
2412 708 2512 778 τῆς
2543 707 2669 779 περὶ
2700 706 2868 762 αὐτοῦ
2897 707 3190 777 θεολογίας.

2151 821 2170 854 ι
2202 802 2309 854 Καὶ
2349 798 2559 871 ἐπήρθη
2601 798 2905 870 ὑπέρθυρον
2941 799 3048 853 ἀπὸ
3076 802 3174 871 τῆς
3202 800 3403 872 φωνῆς,
3435 796 3502 874 ἦς
3532 801 3654 856 ἐκέ..

2075 910 2303 967 κραγον,
2336 893 2428 947 καὶ
2472 893 2500 945 ὁ
2544 886 2692 955 οἶκος
2739 890 2979 965 ἐπλήσθη
3015 893 3247 947 καπνοῦ.
3280 912 3297 945 ι
3348 895 3651 950 Αίνίττεται

2074 986 2257 1040 τοίνυν
2300 986 2329 1039 ὁ
2377 984 2553 1053 λόγος,
2598 983 2674 1048 ὡς
2712 982 2840 1057 ἄρα,
2874 985 3252 1057 πληρουμένης
3292 987 3393 1057 τῆς
3421 988 3524 1059 γῆς
3552 989 3653 1059 τῆς

2075 1074 2235 1147 δόξης
2263 1073 2448 1139 αὐτοῦ,
2478 1073 2814 1144 γυμνοῦσθαι
2849 1073 3072 1144 ἔμελλεν
3096 1076 3124 1128 ό
3152 1077 3211 1128 ὲν
3241 1075 3431 1147 ἐκείνῳ
3463 1076 3542 1148 τῷ
3567 1077 3655 1129 τό-

2080 1185 2188 1237 πῳ,
2221 1166 2297 1230 ὡς
2324 1166 2536 1220 καὶτοῦ
2581 1166 2885 1240 ύπερθύρου
2928 1166 3205 1240 ἀρθέντος,
3237 1168 3653 1240 καταληφθήσε-

2080 1257 2231 1322 σθαι,
2279 1256 2485 1311 καπνοῦ
2535 1275 2593 1311 τε
2643 1256 2857 1329 πλήρης
2886 1258 3101 1312 ἔσεσθαι
3130 1258 3452 1330 παραδοθεὶς
3495 1262 3649 1330 πυρίο

2080 1350 2252 1420 πυρὸς
2282 1349 2392 1423 γὰρ
2443 1352 2665 1422 σημεῖον
2706 1352 2733 1404 ὁ
2786 1351 3007 1414 καπνός.
3057 1351 3303 1423 ᾘνίξηατο
3339 1352 3518 1406 τοίνυν
3565 1353 3653 1406 διὰ

2079 1445 2283 1499 τούτων
2310 1447 2339 1498 ό
2371 1444 2548 1514 λόγος,
2583 1444 2674 1498 τὸν
2704 1442 2795 1497 ἐπὶ⁸
2823 1442 2965 1496 τέλει
2991 1443 3352 1515 κατειληφότα
3373 1444 3463 1498 τὸν
3490 1444 3653 1498 τόπον

2081 1536 2429 1610 ὲμπρησμόν·
2459 1536 2577 1608 μεθ’
2600 1536 2658 1590 ὃν
2683 1534 2969 1608 ἐπληρώθη
3010 1538 3160 1590 πᾶσα
3193 1538 3226 1608 ἡ
3264 1536 3333 1607 γῆ
3365 1537 3464 1606 τῆς
3495 1536 3655 1608 δόξης

2081 1628 2308 1700 Κυρίου·
2342 1628 2441 1681 οὐκ
2464 1627 2543 1680 ἔτι
2576 1627 2691 1689 ἑνὸς
2720 1625 2891 1691 οἴκου,
2922 1626 3131 1698 μυρίων
3158 1627 3214 1681 δὲ
3248 1626 3368 1679 καθ’
3396 1627 3525 1699 ὅλην
3554 1626 3659 1701 τὴν

2082 1720 2404 1792 οἰκουμένην
2434 1718 2567 1772 πολὺ
2601 1717 2916 1790 κρειττόνων
2944 1718 3153 1771 ἐκείνου
3183 1720 3511 1774 συστάντων.

2157 1828 2177 1861 ι
2210 1809 2322 1863 Kal
2365 1806 2510 1864 εἶπα·
2555 1802 2622 1860 Ὦ
2647 1807 2813 1872 τάλας
2841 1807 2971 1876 ἐγὼ,
3003 1809 3084 1862 ὅτι
3116 1808 3539 1881 κατανένυγμαι,
3572 1810 3663 1863 ὅτι.

411 1929 530 1969 sum
563 1913 723 1982 :quia
745 1914 907 1967 homo
929 1928 1051 1968 cum
1083 1912 1213 1977 sim,
1241 1921 1297 1965 et
1320 1910 1528 1978 impura
1559 1906 1701 1962 labia
1728 1906 1979 1972 habeam,

2091 1901 2369 1975 ἄνθρωπος
2410 1898 2484 1953 ὢν
2516 1899 2608 1954 καὶ
2644 1899 2928 1971 ἀκάθαρτα
2949 1900 3019 1953 τὰ
3046 1901 3197 1972 χείλη
3228 1900 3383 1971 ἔχων,
3411 1904 3469 1955 ὲν
3504 1902 3656 1973 μέσῳ

412 2012 468 2066 in
494 2011 671 2065 medio
696 2009 876 2079 populi
910 2010 1121 2078 impura
1156 2004 1297 2059 labia
1331 2001 1584 2058 habentis
1617 2016 1716 2071 ego
1754 1998 1976 2055 habito:

410 2113 467 2157 et
497 2117 674 2172 regem
708 2101 994 2155 Dominum
1034 2096 1274 2153 Sabaoth
1301 2094 1408 2149 vidi
1441 2093 1615 2149 oculis
1660 2094 1814 2146 meis.
1846 2110 1869 2143 ι
1911 2091 1982 2146 Se

412 2204 593 2249 autem
624 2194 893 2262 impurum
929 2204 1051 2245 esse
1080 2188 1391 2251 conﬁtetur,
1425 2200 1530 2240 non
1564 2185 1745 2239 anima
1770 2224 1784 2249 ,
1810 2200 1984 2253 neque

414 2295 528 2341 toto
577 2298 846 2353 corpore,
898 2282 1159 2352 quoniam
1218 2277 1421 2332 nullius
1477 2276 1701 2345 impura:
1755 2275 1982 2329 actionis

412 2378 516 2434 sibi
542 2376 795 2433 conscius
834 2383 984 2440 erat;
1022 2373 1117 2430 sed
1149 2373 1267 2431 sola
1306 2369 1411 2427 sibi
1442 2368 1582 2425 labia
1617 2372 1828 2441 impura
1863 2381 1984 2421 esse

415 2466 530 2532 ait,
558 2465 715 2535 quasi
747 2464 999 2520 videlicet
1027 2463 1293 2534 reliquum
1321 2478 1526 2533 corpus
1551 2474 1605 2518 et
1634 2462 1816 2515 anima
1847 2473 1981 2527 pura

412 2556 601 2623 fuerit,
637 2556 941 2611 secundum
970 2553 1124 2621 illud,
1169 2570 1189 2605 ι
1216 2552 1366 2607 Beati
1402 2551 1602 2606 mundo
1621 2551 1805 2616 corde,
1847 2564 1985 2620 quo-

418 2648 563 2702 niam
623 2646 724 2717 ipsi
777 2645 947 2701 Deum
1006 2646 1267 2700 videbunt
1312 2643 1378 2698 ".
1414 2662 1436 2697 ι
1488 2642 1658 2698 Lahia
1687 2658 1817 2697 vero
1875 2656 1983 2696 non

416 2738 636 2793 aliunde
686 2737 897 2807 impura
950 2736 1204 2801 habebat,
1261 2751 1424 2806 quam
1471 2751 1501 2790 a
1539 2734 1815 2803 colloquio
1860 2748 1983 2787 cum

417 2830 646 2901 impuris
692 2828 1004 2885 hominibus
1050 2828 1206 2883 inito.
1252 2826 1387 2882 Nam
1429 2826 1554 2897 quia
1583 2841 1704 2881 cum
1759 2824 1986 2895 impuris

413 2921 548 2976 viris
591 2921 934 2987 versabatur,
986 2936 1171 2975 eorum
1232 2920 1581 2989 improbitate
1630 2918 1792 2989 digna
1823 2915 1987 2974 verba

416 3014 666 3085 proferre
691 3022 939 3074 coactus.
981 3012 1105 3068 inde
1135 3012 1294 3067 labiis
1325 3011 1572 3079 impurus
1598 3019 1737 3065 erat.

491 3101 652 3158 Vens.
692 3103 746 3168 6,
788 3102 841 3157 7.
870 3122 888 3153 ι
913 3100 977 3155 Et
1007 3102 1205 3157 missus
1237 3112 1321 3156 est
1354 3101 1421 3156 ad
1446 3116 1535 3157 me
1574 3116 1714 3161 unus
1738 3101 1805 3155 de
1834 3115 1988 3156 sera-

2081 1993 2212 2048 λαοῦ
2246 1992 2531 2064 ἀκάθαρτα
2561 1990 2713 2062 χείλη
2753 1990 2963 2061 ἔχοντος
2991 1991 3101 2060 ἐγὼ
3129 1992 3281 2046 οίκῶ·
3318 1993 3413 2047 καὶ
3440 1992 3532 2047 τὸν
3562 1993 3654 2063 βα·-

2083 2086 2239 2143 σιλέα
2286 2087 2490 2160 Κύριον
2537 2083 2757 2141 Σαϐαὼθ
2808 2080 2943 2138 εἶδον
2971 2086 3083 2155 τοῖς
3117 2084 3416 2157 ὀφθαλμοῖς
3463 2105 3583 2158 μου.
3631 2107 3651 2139 ι

2094 2181 2378 2252 Ὁμολογεῖ
2424 2179 2480 2233 δὲ
2523 2176 2824 2251 ἀκάθαρτος
2869 2173 3006 2231 εἶναι
3055 2178 3116 2231 ού
3157 2178 3257 2250 τὴν
3293 2178 3491 2251 ψυχὴν,
3540 2179 3655 2232 ἀλλ’

2082 2274 2203 2328 οὐδὲ
2232 2273 2293 2325 τὸ
2326 2271 2501 2343 σῶμα·
2536 2270 2652 2324 ἐπεὶ
2676 2269 2944 2341 μηδεμίαν
2976 2270 3154 2341 ἑαυτῴ
3177 2271 3485 2343 ἀκάθαρτον
3516 2273 3657 2345 πρᾶ.

2085 2363 2167 2429 ξιν
2203 2363 2436 2435 συνῄδει⁸
2474 2361 2602 2433 μόνα
2636 2360 2694 2417 δὲ
2740 2360 2809 2414 τά
2845 2361 2997 2434 χείλη
3048 2363 3331 2434 ἀκάθαρτα
3364 2363 3657 2435 ἐσχηκέναι

2085 2457 2251 2530 φησι,
2292 2457 2369 2521 ὡς
2428 2456 2520 2510 τοῦ
2560 2455 2747 2509 λοιποῦ
2785 2456 3035 2528 σώματος
3075 2458 3223 2530 αὐτῷ
3260 2459 3655 2531 καθαρεύοντος

2084 2552 2181 2607 καὶ
2227 2551 2327 2622 τῆς
2370 2549 2556 2621 ψυχῆς,
2599 2549 2742 2605 κατά
2782 2549 2863 2615 τὸ,
2895 2570 2911 2602 ι
2944 2552 3220 2625 Μακάριοι
3248 2554 3298 2605 οἱ
3329 2553 3559 2624 καθαροὶ
3584 2556 3653 2625 τῇ

2038 2664 2045 2672 ο
2086 2644 2302 2716 καρδίᾳ,
2338 2643 2419 2695 δτι
2467 2641 2611 2695 αὐτοὶ⁹
2640 2641 2731 2698 τὸν
2774 2642 2906 2697 Θεὸν
2950 2644 3170 2713 ὄψονται
3204 2645 3317 2716 (l2)
3377 2666 3393 2697 ι
3425 2647 3533 2699 Kal
3585 2646 3653 2699 τὰ

2085 2733 2237 2804 χείλη
2259 2733 2315 2786 δὲ
2343 2730 2612 2801 ἁκάθιρτα
2635 2726 2779 2803 εἶχεν
2801 2733 2901 2786 οὐκ
2930 2733 3171 2801 ἄλλοθεν,
3200 2738 3233 2807 ἢ
3261 2736 3368 2790 ἀπὸ
3391 2736 3492 2807 τῆς
3517 2736 3654 2809 πρὸς

2084 2828 2211 2891 τοὺς
2238 2824 2563 2892 ἀκαθάρτους
2588 2825 2821 2895 ὁμιλίας.
2842 2810 3203 2895 Ἡναγκάζετο
3229 2828 3357 2900 γὰρ,
3382 2828 3457 2892 ὡς
3486 2828 3652 2895 εἰκὸς,

2087 2919 2413 2990 ἀκαθάρτοις
2445 2917 2671 2988 ἀνδράσι
2708 2920 3074 2991 προσομιλῶν,
3111 2919 3236 2987 ἄξια
3286 2921 3385 2991 τῆς
3430 2921 3661 2975 ἐκείνων

2089 3008 2752 3082 φθέγγεσθαιμοχθηρίας,
2787 3010 2854 3064 δι’
2885 3005 2959 3065 ὧν
2992 3011 3280 3082 ὲμολύνετο
3305 3014 3373 3067 τὰ
3405 3012 3576 3084 χείλη.

2165 3124 2183 3156 ι
2218 3106 2324 3158 Kal
2350 3101 2612 3175 ἀπεστάλη
2645 3103 2781 3173 πρὸς
2815 3103 2883 3174 μὲ
2923 3102 2979 3155 ἓν
3024 3104 3132 3157 τῶν
3173 3106 3433 3177 σεραιρὶμ,
3458 3108 3558 3160 καὶ
3594 3109 3659 3161 ὲν

413 3194 587 3265 phlm,
615 3204 669 3248 et
691 3193 742 3247 in
769 3208 929 3247 manu
950 3208 1043 3247 sua
1068 3192 1301 3247 habebat
1321 3196 1610 3249 carbonem
1634 3192 1798 3262 ignis,
1826 3207 1982 3262 quem

2092 3194 2157 3263 τῇ
2184 3192 2328 3263 χειρὶ
2350 3188 2494 3245 αὑποῦ
2515 3187 2657 3261 εἶχεν
2683 3190 2929 3261 ἄνθρακα
2953 3193 3142 3264 πυρὸς,
3169 3193 3226 3246 ὃν
3254 3197 3316 3265 τῇ
3339 3194 3509 3248 λαὸίδι
3529 3196 3652 3248 ἔλα-

415 3284 621 3353 fo‘rcipe
670 3284 869 3338 tulerat
896 3284 964 3340 de
991 3283 1147 3339 altari
1183 3301 1197 3337 :
1232 3294 1287 3339 et
1314 3284 1486 3356 tetigit
1529 3284 1674 3338 labia
1728 3298 1866 3338 mea.
1922 3282 1989 3337 Et

417 3373 575 3439 dixit,
620 3374 760 3429 Ecce
789 3374 964 3445 tetigit
990 3375 1098 3430 hoc
1128 3375 1270 3429 labia
1305 3382 1415 3429 tua.
1447 3392 1467 3426 ι
1524 3373 1670 3428 Talis
1709 3382 1793 3428 est
1824 3373 1988 3427 carbo

420 3466 610 3522 altaris
641 3484 656 3520 :
684 3481 749 3521 ac
798 3466 1035 3521 fortasse
1081 3465 1325 3522 clemens
1381 3466 1468 3521 ille
1513 3467 1771 3521 Dominus
1818 3466 1988 3520 altare

416 3572 575 3610 suum
611 3556 947 3611 salutaribus
981 3555 1289 3625 huiusmodi
1339 3571 1404 3611 ac
1447 3555 1808 3625 purgantibus
1862 3569 1985 3609 car-

419 3650 650 3705 bonibus
688 3650 877 3717 replet.
911 3649 1094 3716 Quare
1122 3651 1329 3706 dictum
1364 3658 1447 3704 est
1472 3649 1679 3704 alicubi.
1707 3649 1775 3716 ",
1812 3666 1830 3698 ι
1854 3647 1989 3701 Car-

418 3745 589 3799 hones
637 3744 885 3800 succensi
937 3754 1065 3799 sunt
1105 3743 1174 3798 ab
1216 3757 1302 3798 eo.
1334 3762 1353 3794 ι
1405 3742 1654 3812 Deusque
1693 3740 1807 3810 ipse
1849 3740 1988 3810 apud

418 3835 659 3906 Moysem
698 3836 840 3906 ignis
896 3849 1229 3891 consumens
1297 3835 1475 3890 dictus
1528 3844 1660 3890 est:
1703 3844 1867 3903 atque
1937 3834 1988 3887 in

422 3924 735 3994 Evangeliis
788 3924 1048 3981 Servator
1094 3925 1299 3980 dicitur
1349 3924 1635 3995 baptizare
1679 3924 1731 3979 in
1786 3923 1990 3994 Spiritu

417 4025 609 4073 sancto
642 4016 699 4070 e't
752 4016 898 4087 igne.
933 4015 1029 4072 liis
1078 4031 1240 4088 porro
1274 4016 1527 4072 omnibus
1547 4019 1861 4083 edocemur,
1898 4031 1992 4071 ne-

419 4108 616 4163 minem
642 4122 820 4178 posse,
855 4108 960 4163 nisi
996 4123 1094 4178 per
1123 4107 1367 4162 divinum
1391 4108 1590 4179 ignem,
1616 4108 1989 4163 remissionem

421 4212 770 4271 peccatorum
816 4201 1101 4272 consequi.
1178 4199 1372 4257 Merito
1421 4201 1608 4271 itaque
1668 4210 1850 4256 tantus
1904 4198 1992 4253 ille

418 4293 679 4364 propheta
733 4296 971 4349 carbone
1024 4293 1169 4363 ignis
1214 4303 1492 4365 purgatur.
1547 4294 1805 4360 Quaenam
1859 4305 1994 4347 vero

421 4384 741 4452 iniquitates
794 4395 850 4439 et
887 4396 1111 4454 peccata
1168 4385 1495 4442 auferuntur
1533 4386 1602 4439 ab
1642 4398 1727 4449 eo,
1776 4382 1879 4437 nisi
1928 4397 1990 4437 ea

420 4476 619 4545 quibus
672 4475 874 4546 repleta
937 4476 1076 4532 labia
1137 4491 1234 4532 sua
1298 4492 1422 4533 esse
1472 4474 1809 4530 conﬁtetur?
1860 4472 1993 4529 Post

2094 3285 2186 3337 ϐεν
2219 3283 2326 3337 ἀπὸ
2356 3279 2430 3336 τιῦ
2467 3280 2874 3353 θυσιαστηρίου,
2921 3284 3013 3337 καὶ
3042 3285 3218 3355 ἥψατο
3240 3286 3311 3339 τά
3341 3286 3491 3358 χείλη
3526 3306 3648 3359 μου.

2091 3377 2203 3429 Kal
2256 3371 2388 3428 εἷπε
2444 3373 2573 3427 ’ἰδοὺ
2618 3374 2795 3444 ἥψατο
2844 3374 3000 3429 τοῦτο
3042 3377 3149 3430 τῶν
3197 3378 3416 3447 χειλέων
3467 3396 3579 3434 σου.
3627 3401 3645 3431 ι

2092 3466 2343 3529 Τοιοῦτός
2379 3464 2523 3517 ἐστιν
2549 3466 2576 3517 ὁ
2604 3465 2809 3537 ἄνθραξ
2835 3466 2929 3519 τοῦ
2950 3466 3354 3538 θυσιαστηρίου,
3384 3470 3522 3540 τάχα
3548 3488 3653 3524 που

2091 3562 2183 3616 τοῦ
2217 3558 2571 3632 φιλανρώπου
2618 3561 2822 3632 Κυρίου
2859 3562 3191 3635 πληροῦντος
3227 3565 3286 3618 τὸ
3328 3566 3518 3619 ἑαυτοῦ
3562 3566 3649 3619 Ou-

2094 3656 2381 3727 σιαστήριυ
2407 3652 2663 3707 τοιούτων
2688 3653 2850 3708 τινῶν
2877 3657 3157 3727 σωτηρίων
3186 3657 3280 3710 καὶ
3307 3657 3655 3729 καθαρτικῶν

2094 3747 2374 3818 ἀνθράκω.
2411 3745 2500 3798 Διὸ
2529 3745 2773 3799 λέλεκταί
2797 3763 2917 3800 πουο
2958 3768 2977 3798 ι
3006 3747 3308 3819 Ἀνθρακες
3334 3748 3651 3820 ἀνήφθησαν

2094 3840 2189 3891 ἀπ’
2221 3836 2379 3893 αὐτὸ.
2422 3855 2440 3887 ι
2495 3837 2604 3890 Kal
2630 3840 2657 3891 ὁ
2692 3838 2825 3902 Θεὸς
2850 3840 2905 3893 δὲ
2940 3840 3100 3902 αὐτὸς
3127 3840 3271 3909 παρὰ
3301 3841 3505 3911 Μωῦσῇ
3541 3840 3650 3913 πῦρ

2095 3931 2460 3984 καταναλσκον
2495 3930 2727 3999 εἴρηται·
2755 3931 2848 3983 καὶ
2874 3931 3061 4003 Σωτὴρ
3092 3932 3149 3984 ὲν
3174 3932 3524 4001 Εὑαγγελίοις
3553 3932 3650 4003 βα-

2095 4023 2282 4076 πτίσαι
2312 4037 2354 4074 ιν
2399 4021 2677 4092 Πνεύματι
2720 4024 2861 4095 ἁγίῳ
2900 4025 2994 4077 καὶ
3042 4027 3176 4096 πυρὶ
3210 4026 3646 4109 μεμαρτύρηται*

2094 4113 2183 4167 διὰ
2212 4113 2389 4168 τοὰων
2420 4113 2675 4169 ἁπάντων
2708 4116 3051 4180 παιδεύοντος
3080 4118 3226 4187 ἡμᾶς
3250 4118 3342 4171 τοῦ
3379 4118 3536 4186 λόγου
3575 4119 3648 4192 μὴ

2095 4206 2268 4270 ἄλλως
2283 4203 2541 4259 δύνασθαί
2567 4225 2690 4261 τινα
2735 4211 2917 4279 τυχεῖν
2961 4210 3205 4279 ἀφέσεως
3241 4212 3648 4283 ἁμαρτημάτων

2095 4298 2129 4368 ἢ
2176 4299 2261 4353 διὰ
2278 4296 2372 4351 τοῦ
2399 4297 2541 4353 θείου
2574 4300 2765 4371 πυρός.
2816 4302 3055 4375 Εἰκότως
3078 4299 3168 4356 οῦν
3199 4305 3291 4357 καὶ
3334 4306 3362 4357 ὁ
3400 4305 3648 4368 τοσοῦτος

2095 4392 2354 4462 προφλτης
2383 4390 2449 4444 δι’
2482 4390 2752 4463 ἄνθρακος
2799 4393 2969 4466 πυρὸς
3019 4395 3352 4466 καθαίρεται.
3398 4397 3564 4461 Ποίας
3593 4398 3649 4450 δὲ

2094 4482 2294 4554 άνομίς
2320 4482 2414 4533 καὶ
2443 4483 2714 4555 ἁμαρτίας
2761 4484 3072 4555 ἀφαιρεῖται
3099 4485 3130 4556 ἢ
3164 4479 3237 4539 ὧν
3263 4487 3333 4540 τὰ
3365 4487 3514 4559 χείλη
3548 4488 3645 4540 αύ-

422 4579 699 4640 peractam
739 4584 868 4624 vero
914 4584 1101 4625 eorum
1128 4569 1539 4639 purgationem,
1589 4577 1982 4636 consequenter

2094 4571 2187 4625 τοῦ
2221 4568 2584 4643 ιεπληρῶσθαι
2608 4573 2889 4643 όμολογεῖ;
2919 4575 3071 4628 Μετά
3098 4575 3153 4629 δὲ
3184 4576 3283 4648 τὴν
3314 4578 3515 4632 τούτων
3546 4578 3646 4632 κά-

422 4677 552 4718 voce
582 4662 822 4719 sedentis
861 4661 915 4716 in
952 4662 1143 4717 throno
1181 4661 1451 4732 dignatur,
1499 4674 1602 4729 qua
1640 4658 1876 4714 dicitur:

370 4812 389 4883 li;
498 4847 655 4905 Vens.
697 4848 752 4903 8.
796 4864 816 4899 ι
840 4849 1010 4914 Quem
1044 4844 1302 4902 mittam?
1341 4843 1549 4914 Elquis
1575 4842 1675 4899 ibi!
1716 4845 1782 4899 ad
1816 4858 1988 4914 P0P“°

420 4938 528 4992 lum
558 4937 737 4994 hunc?
773 4938 839 4993 Et
866 4939 1001 5004 dixi,
1028 4940 1167 4997 Ecce
1196 4956 1323 5011 ego,
1346 4938 1497 4993 mitte
1520 4953 1661 4995 me.»
1696 4936 1809 4993 Hac
1833 4953 1987 5005 voce,

359 5106 368 5112 _
418 5032 892 5102 quaeintermedia
946 5034 1120 5101 posita
1169 5043 1270 5097 est,
1321 5032 1596 5102 prophetae
1649 5031 1987 5087 alacritatem

2097 4663 2280 4736 θαριν,
2304 4662 2610 4729 ἀκολούθως
2642 4666 2736 4718 καὶ
2766 4668 2914 4738 φωνῇ
2946 4665 3188 4732 ἀξιοῦται
3215 4669 3307 4723 τοῦ
3342 4672 3646 4743 καθημένου

2095 4750 2400 4824 ἐπὶθρόνου,
2432 4754 2716 4828 λεγούσηςο

2170 4843 2327 4897 ⁴Τίνα
2349 4846 2665 4913 ἀποστελῶ;
2720 4848 2829 4902 Kal
2871 4848 2956 4913 τίς
3000 4849 3325 4923 πορεύσεται
3372 4851 3508 4922 πρὸς
3555 4851 3646 4904 τὸν

2087 4938 2195 4992 law
2222 4938 2444 5005 τοῦτον;
2491 4942 2601 4995 Kal
2645 4936 2793 4995 εἶπαο
2813 4942 2941 4996 Ἰδοὺ
2988 4943 3118 5013 ἐγὼ,
3145 4943 3459 4998 ἀπόστειλόν
3492 4962 3579 5016 με.
3622 4963 3641 4996 ι

2092 5031 2395 5103 Ἐδοκίμαζε
2420 5034 2477 5088 δὲ
2502 5035 2609 5107 ἄρα
2634 5035 2856 5109 τοιαύτῃ
2873 5038 3021 5107 φωνῇ
3050 5037 3229 5107 μέσως
3259 5036 3525 5108 ἀφειμένη
3549 5037 3646 5109 τὴν

418 5131 682 5192 expertus
713 5130 816 5188 est,
860 5132 919 5178 ut
947 5123 993 5180 is
1021 5122 1105 5178 vel
1148 5122 1491 5179 bonisaltem
1540 5122 1802 5193 propositi
1843 5137 1982 5178 mer-

2091 5122 2158 5177 τοῦ
2205 5126 2480 5197 προφήτου
2518 5126 2844 5199 προθυμίαν,
2877 5127 2951 5191 ὡς
2978 5127 3043 5181 ἂν
3078 5127 3175 5198 τῆς
3215 5128 3423 5201 ἀγαθῆς
3454 5146 3644 5200 προαι-

419 5214 604 5269 cedem
673 5215 960 5286 reciperet.
1023 5214 1429 5281 Quamobrem,
1502 5229 1608 5269 non
1671 5214 1982 5286 imperantis

2091 5216 2270 5281 ›έσεως
2323 5219 2508 5289 μισθὸν
2549 5221 2834 5292 κτήσηται.
2870 5220 2959 5272 Διὸ
3002 5221 3061 5273 οὐ
3112 5221 3522 5299 προστακτικῶς
3552 5222 3647 5273 αύ-

420 5322 574 5363 more
612 5307 787 5379 ipsum
831 5308 993 5379 jussit
1043 5308 1227 5372 abire,
1284 5307 1379 5362 sed
1418 5308 1472 5363 in
1519 5308 1697 5365 medio
1718 5312 1963 5366 sermoni

2091 5306 2156 5361 ὢν
2185 5309 2468 5363 ἐκέλευσεν
2492 5310 2731 5365 ἀπιέναι·
2760 5310 2939 5382 μέσως
2966 5310 3021 5363 δὲ
3050 5310 3253 5383 ἠρώτα,
3287 5312 3371 5377 τίς
3403 5311 3485 5385 εἴη
3508 5313 3645 5365 ’ἐτοι-

421 5401 745 5471 interrogat,
773 5403 896 5472 quis
922 5402 994 5455 sit
1025 5399 1091 5455 ad
1120 5400 1172 5455 id
1215 5401 1482 5469 agendum
1522 5413 1767 5472 paratus.

491 5491 657 5549 Vsus.
699 5494 752 5549 9.
799 5511 819 5545 ι
846 5492 907 5550 Et
952 5493 1120 5560 dixit,
1150 5492 1321 5560 Vade,
1379 5501 1433 5549 et
1486 5494 1572 5551 dic
1601 5496 1797 5567 populo
1828 5497 1954 5553 hui’:

420 5585 623 5644 Audita
653 5586 882 5641 audietis
932 5594 987 5641 et
1018 5600 1124 5641 non
1157 5585 1505 5655 intelligetis;
1541 5597 1597 5645 et
1621 5590 1943 5660 respicienes

494 5771 540 5803 "
570 5771 759 5825 Matth.
801 5785 851 5836 v,
878 5772 933 5826 8.
1008 5771 1053 5803 '°
1078 5770 1219 5827 Psal.
1245 5788 1379 5838 xm,
1405 5775 1459 5830 9.

2070 5417 2169 5471 μος
2198 5401 2357 5455 τοῦτο
2381 5403 2660 5474 πράττειν.

2143 5510 2162 5544 ι
2194 5494 2302 5546 Kal
2350 5490 2489 5547 εἷπε·
2537 5494 2859 5568 Πορεύθητι,
2888 5496 2979 5550 καὶ
3008 5493 3159 5553 εἷπον
3187 5497 3265 5568 τῷ
3304 5496 3415 5569 λαῷ
3445 5495 3639 5568 τούτῳ·

2066 5583 2228 5655 Ἀκοῇ
2277 5583 2535 5638 ἀκούσετε
2563 5624 2577 5649 ,
2629 5586 2721 5639 καὶ
2755 5586 2817 5639 ού
2853 5586 2926 5659 μὴ
2976 5589 3190 5660 συνῆτε*
3221 5588 3311 5641 καὶ
3356 5586 3643 5659 βλέποντες

506 5865 620 5935 (Ιὲ)
679 5865 803 5921 Haec
855 5868 993 5938 apud
1040 5866 1425 5942 Hieronymum
1462 5864 1961 5931 habenturirllunc
2000 5867 2194 5925 locum.
