3968 6498
257 357 357 412 129

1228 342 1730 402 (ΖΟΜΜΕΝΤΑἩΙᾹ
1768 345 1837 401 IN
1872 346 2129 404 ISAIAM.
2170 381 2240 391 -—
2275 348 2428 407 CAP.
2469 347 2557 407 Vl.

3408 344 3513 400 150

253 464 503 539 βλέψετε,
540 463 631 517 καὶ
666 462 730 517 οὑ
772 462 848 534 μὴ
880 461 1044 531 ἴδητε.
1088 478 1109 512 ε
1162 461 1294 514 Τίνα
1323 461 1379 515 δὲ
1410 461 1695 533 βλέποντες
1726 460 1836 532 βλέ-

1948 463 2276 533 respicietis,
2322 476 2377 522 et
2415 483 2522 523 non
2567 469 2840 525 videbitis.
2872 486 2893 522 ι
2954 465 3212 536 Quienam
3264 462 3513 518 videntes

247 561 434 630 ψουσι,
482 558 579 611 καὶ
623 556 766 620 τίνος
816 556 952 627 ἀκοῇ
1000 553 1344 619 ἀκούσονται,
1379 556 1442 608 οὑ
1471 555 1837 626 παρέστησεν*

248 654 381 723 ημῖν
405 648 724 704 καταλιπὼν
751 650 973 702 σκοπεῖν
1000 650 1064 702 ἐκ
1080 647 1287 718 τῆςτοῦ
1315 648 1472 717 λόγου
1500 647 1837 713 ἀκολουθίας,

246 740 521 810 λεγούσης
554 741 658 803 ὅτι,
687 738 887 792 Τοῦτον
911 739 970 792 ὃν
1005 739 1070 792 σὺ
1119 738 1371 793 τεθέασαι
1402 738 1628 811 Κύριον,
1658 739 1751 794 καὶ
1781 739 1841 794 ὃν

243 838 360 899 τοῖς
386 838 502 898 σοῖς
528 833 824 905 ὀφθαλμοῖς
863 828 1020 896 εἶδες,
1055 826 1100 886 ὧ
1149 834 1423 905 προφῆτα,
1448 833 1638 887 τοῦτον
1681 834 1776 887 καὶ
1812 836 1841 887 ὁ

242 926 377 989 λαὸς
409 918 567 988 οὗτός
596 941 733 978 ποτε
767 923 977 992 ὄψεταιο
1006 920 1145 975 ἀλλὰ
1169 922 1263 975 καὶ
1292 922 1393 992 τῆς
1437 922 1620 992 φωνῆς
1647 917 1719 993 ἧς
1746 922 1841 975 ἐπὶ

243 1016 343 1070 τοῦ
385 1017 653 1089 παρόντος
683 1016 948 1086 ἀκήκοας,
981 1014 1345 1067 ἐπακούσεται
1390 1011 1568 1085 καιρῷ
1599 1031 1704 1067 τινι
1745 1015 1841 1067 καί

245 1108 435 1170 αὑτὸς,
475 1108 537 1159 οὑ
564 1106 671 1178 μὴν
701 1106 796 1159 καὶ
823 1106 1065 1175 συνήσει,
1090 1103 1213 1157 οὑδὲ
1243 1103 1531 1172 γνώσεται,
1557 1105 1677 1158 οὑδὲ
1713 1105 1838 1175 βου-

241 1198 475 1270 λήσεται
528 1197 690 1253 αὑτοῦ
739 1197 837 1269 τὴν
873 1198 1033 1269 χάριν
1079 1196 1504 1269 παραδέξασθαι.
1558 1198 1752 1267 Σαφῶς
1781 1198 1839 1252 δὲ

238 1287 337 1341 διά
368 1287 573 1341 τούτων
598 1286 695 1358 τὴν
726 1288 806 1350 εἰς
841 1283 1166 1357 ἀνθρώπους
1191 1286 1355 1339 αὑτοῦ
1386 1285 1689 1359 παρουσίαν
1716 1286 1839 1359 ἐδή-

241 1380 361 1433 λου.
1038 1384 1043 1389 ’

322 1492 342 1525 ι
385 1471 698 1543 Ἐπαχύνθη
735 1470 844 1542 γάρ
884 1473 918 1543 ἡ
967 1471 1162 1544 καρδία
1191 1470 1285 1525 τοῦ
1322 1470 1454 1524 λαοῦ
1483 1471 1695 1537 τούτου,
1742 1472 1837 1525 καὶ

238 1570 361 1631 τοῖς
385 1567 521 1620 ὠσὶν
543 1566 720 1620 αὑτῶν
744 1565 953 1637 βαρέως
974 1566 1235 1636 ἥκουσαν,
1262 1565 1500 1628 καὶτοὺς
1527 1564 1838 1636 ὀφθαλμοὺς

240 1658 428 1714 αὐτῶν
472 1660 820 1730 ἐκάμμυσαν,
858 1658 1070 1729 μήποτε
1110 1656 1259 1711 ἴδωσι
1309 1660 1422 1720 τοῖς
1460 1655 1775 1727 ὀφθαλμοῖς.
1811 1676 1831 1709 ι

253 1751 319 1803 '0
356 1749 455 1819 μὲν
485 1747 594 1819 γὰρ
622 1746 833 1818 Σωτὴρ,
862 1746 959 1801 ἆτε
991 1747 1107 1816 φῶς
1136 1746 1417 1818 ὑπάρχων,
1450 1747 1667 1800 πάντων
1694 1746 1837 1816 ἐφώο

1944 554 2228 621 videbunt,
2255 567 2310 611 et
2336 574 2587 627 quanam
2621 562 2806 616 auditu
2845 560 3089 624 audient,
3129 572 3236 612 non
3270 554 3514 610 declara-

1942 647 2043 711 vit,
2071 647 2124 701 id
2152 649 2610 706 considerandum
2653 652 2811 707 nobis
2840 651 3153 721 relinquens
3200 662 3264 702 ex
3302 659 3515 701 sermo-

1941 738 2027 791 nis
2064 737 2228 803 serie,
2252 753 2372 809 qua-
2398 740 2481 796 sic
2506 741 2672 797 habet
2708 758 2722 794 :
2751 742 2920 809 Quem
2952 751 3009 796 tu
3051 738 3282 794 intueris
3320 735 3511 791 Domi-

1941 844 2090 893 num,
2124 840 2181 884 et
2221 846 2382 902 quem
2414 833 2546 903 ipsis
2583 833 2754 889 oculis
2788 833 2957 899 vides,
2985 847 3018 887 ο
3047 830 3331 903 propheta,
3366 829 3515 883 hune

1940 929 1995 973 et
2019 920 2106 975 hic
2137 922 2367 992 populus
2392 923 2682 993 aliquando
2705 924 2912 978 videbit
2936 938 2953 989 ;
2985 923 3080 977 sed
3104 923 3267 976 etiam
3300 934 3511 981 vocem,

1940 1026 2101 1081 quam
2145 1023 2199 1069 tu
2233 1015 2290 1070 in
2343 1016 2597 1086 praesenti
2661 1015 2943 1080 audivisti,
2997 1022 3053 1070 et
3106 1014 3221 1084 ipse
3274 1011 3509 1082 quodam

1941 1115 2181 1176 tempore
2211 1106 2395 1162 audiet
2427 1125 2443 1162 :
2474 1122 2650 1181 neque
2678 1116 2862 1164 tamen
2894 1106 3154 1173 intelliget
3195 1106 3280 1159 vel
3312 1117 3517 1174 cOgno-

1939 1207 2096 1265 scet,
2152 1212 2328 1267 neque
2396 1200 2627 1272 gratiam
2693 1200 2812 1269 ejus
2868 1199 3146 1268 suscipere
3194 1198 3362 1251 volet.
3423 1194 3517 1250 His

1940 1297 2123 1344 autem
2178 1298 2368 1360 aperte
2424 1306 2584 1347 suum
2636 1291 2703 1347 ad
2759 1292 3009 1347 homines
3044 1291 3335 1346 adventum
3372 1289 3517 1343 indi-

1938 1381 2120 1436 cabat.
2680 1392 2689 1407 '

2014 1472 2180 1528 Vens.
2220 1474 2308 1530 10.
2375 1475 2795 1548 «Aggravatum
2852 1484 2936 1532 est
2994 1476 3140 1531 enim
3187 1490 3281 1531 cor
3334 1473 3516 1545 populi

1941 1562 2121 1633 hujus,
2167 1577 2223 1622 et
2254 1567 2480 1624 auribus
2532 1569 2774 1638 graviter
2825 1568 3157 1631 audierunt,
3217 1576 3275 1623 ct
3327 1567 3516 1622 oculos

1939 1671 2067 1712 suos
2095 1657 2443 1724 clauserunt,
2498 1674 2568 1715 ne
2621 1660 2763 1716 forte
2816 1660 3036 1715 videant
3084 1657 3276 1715 oculis.
3309 1675 3329 1710 ι
3379 1655 3514 1711 Nam

1942 1746 2193 1803 Salvator
2240 1750 2463 1819 quidem
2496 1760 2703 1817 noster,
2747 1752 2931 1806 lumen
2961 1766 3082 1805 cum
3127 1751 3219 1816 sit,
3274 1750 3517 1803 omnium

238 1839 361 1903 τιζε
404 1839 504 1903 τὰς
532 1838 730 1909 ψυχάς·
777 1839 855 1902 ὼς
884 1839 979 1891 καὶ
1016 1838 1238 1908 τυφλοῖς
1278 1836 1339 1891 τὸ
1373 1836 1590 1907 βλέπειν
1618 1835 1836 1910 χαρίζε-

1943 1839 2154 1895 animas
2181 1839 2546 1908 illuminavit,
2596 1843 2672 1898 ita
2712 1852 2771 1897 ut
2808 1850 2863 1897 et
2889 1842 3052 1898 caecis
3079 1842 3256 1895 visum
3288 1839 3519 1911 largire-

242 1929 394 1983 σθαι’
439 1930 490 1982 οἱ
526 1929 582 1981 δέ
609 1931 739 1992 τοὺς
765 1928 1075 2000 ὀφθαλμοὺς
1109 1926 1294 1999 ἐμυον,
1325 1928 1463 1981 ὥστε
1490 1928 1565 2000 μὴ
1599 1928 1837 1998 βλέπεινο

240 2022 342 2076 καὶ
370 2021 516 2075 οὑτω
548 2020 837 2091 βλέποντες
860 2022 961 2074 οὑκ
984 2020 1227 2075 ἔϐλεπον.
1262 2021 1427 2074 Ὅταν
1484 2020 1594 2092 γάρ
1619 2038 1722 2084 τις,
1751 2022 1840 2073 ὲν-

242 2115 505 2176 ατενίσας
521 2114 615 2167 καὶ
641 2113 885 2185 ἀκριϐῶς
910 2112 1265 2184 θεασάμενος,
1285 2112 1533 2186 ὑπερίδῃ,
1550 2114 1644 2167 καὶ
1668 2129 1839 2167 κατα-

241 2208 495 2278 φρονήσῃ
520 2203 612 2258 τοῦ
643 2204 946 2274 ὁρωμένου,
992 2204 1026 2275 ἦ
1082 2203 1229 2275 μύσῃ
1273 2203 1343 2257 τὰ
1392 2204 1617 2275 ὄμματα
1664 2222 1837 2276 προσ-

240 2297 571 2368 ποιούμενος
614 2298 689 2369 μὴ
735 2296 1060 2368 ἑωρακέναι,
1095 2298 1215 2351 τότε
1246 2297 1456 2367 βλέπων
1481 2298 1581 2351 οὑκ
1611 2293 1738 2351 εἶδε.
1765 2298 1839 2351 Τὸ

244 2390 348 2460 μὲν
377 2388 475 2444 οὖν
502 2389 694 2461 βλέψαι
726 2389 968 2461 ὑπῆρξεν
1010 2390 1196 2454 αὑτοῖς
1230 2390 1339 2444 άπὸ
1363 2390 1463 2460 τῆς
1496 2390 1716 2461 χάριτος
1741 2389 1837 2443 τοῦ

241 2482 526 2551 ὀφθέντος·
557 2483 619 2535 τὸ
645 2482 701 2536 δὲ
744 2481 817 2553 μὴ
848 2482 976 2536 ίδεῖν
1002 2482 1348 2555 συμὸέϐηκεν
1386 2484 1496 2537 ἀπὸ
1520 2483 1615 2537 τοῦ
1639 2484 1839 2547 αὑτοὺς

244 2572 415 2644 μύσαι
437 2575 567 2636 τοὺς
590 2572 799 2626 ἑαυτῶν
820 2572 1152 2644 ὀφθαλμοὺς,
1177 2574 1271 2628 καὶ
1296 2576 1731 2647 προσποιηθῆναι
1762 2576 1837 2647 μὴ

244 2664 491 2734 βλέπειν.
518 2663 677 2717 Οὕτω
701 2664 759 2717 δὲ
793 2666 887 2718 καλ⁵
912 2666 1050 2736 ἀκοῇ
1081 2666 1269 2719 ἀκούει
1297 2685 1402 2732 τις,
1431 2669 1526 2721 καὶ
1552 2667 1713 2722 πάλιν
1738 2669 1837 2722 οὑκ

243 2754 456 2808 ἀκούει*
490 2755 711 2809 ἐπειδὰν
741 2756 816 2827 μὴ
847 2759 976 2828 συνῇ
1008 2757 1076 2811 τὰ
1119 2757 1407 2829 λεγόμενα,
1442 2758 1476 2830 ἢ
1513 2761 1640 2813 ὅταν
1663 2777 1840 2832 παρα-

243 2851 384 2919 κούῃ
427 2850 526 2902 καὶ
560 2852 872 2921 καταφρονῇ
916 2849 1025 2902 τῶν
1071 2849 1399 2920 λεγομένων.
1451 2850 1746 2922 Συμσαίνει
1779 2852 1837 2905 δὲ

242 2940 425 3006 τοῦτο,
463 2942 684 2996 ἐπειδάν
735 2959 820 3005 τις
869 2942 938 2995 τὰ
984 2936 1098 2996 ὦτα
1146 2944 1340 2999 ἑαυτοῦ
1384 2944 1611 3018 βαρύνῃ,
1648 2944 1837 3019 ὥσπερ

238 3027 574 3098 ἀποφράξας
614 3029 709 3082 καὶ
741 3030 1125 3099 ἀποκωφώσας
1171 3033 1332 3087 αὑτά.
1384 3033 1547 3087 Ταῦτ’
1586 3030 1679 3089 οὑν
1720 3035 1839 3089 ἔσε-

1945 1938 2073 1993 tu';
2131 1927 2206 1981 illi
2238 1944 2369 1984 vero
2396 1930 2585 1987 oculos
2624 1932 2971 1995 claudebant,
3008 1941 3069 1986 ut
3097 1946 3204 1987 non
3236 1931 3515 1995 viderent;

1941 2029 2102 2089 atque
2142 2020 2223 2077 sic
2266 2020 2513 2078 videntes
2567 2038 2673 2077 non
2729 2022 3007 2079 videbant.
3045 2023 3178 2078 Cum
3219 2023 3361 2077 enim
3394 2026 3518 2091 quis

1940 2112 2215 2181 intuitus,
2263 2124 2319 2169 et
2369 2129 2429 2169 re
2477 2126 2773 2188 conspecta
2838 2117 3144 2186 diligenter,
3194 2130 3307 2170 rem
3340 2116 3514 2169 visam

1940 2207 2173 2276 despicit
2217 2216 2273 2262 et
2312 2210 2641 2273 contemnit,
2700 2224 2765 2265 ac
2801 2209 3005 2266 claudit
3055 2208 3264 2273 oculos,
3296 2223 3358 2263 se
3405 2224 3513 2263 non

1940 2296 2128 2352 videre
2161 2295 2461 2366 simulans;
2498 2309 2625 2354 tunc
2656 2299 2980 2369 respiciens,
3027 2314 3139 2354 non
3168 2299 3323 2353 vidit.
3362 2296 3517 2365 Quod

1940 2390 2107 2460 igitur
2142 2390 2411 2456 viderent,
2462 2392 2517 2446 id
2557 2407 2624 2447 ex
2671 2394 2848 2462 gratia
2904 2392 3022 2463 ejus
3061 2393 3156 2465 qui
3207 2393 3515 2456 videbatur,

1941 2484 2073 2553 ipsis
2105 2483 2314 2550 inerat;
2357 2485 2498 2554 quod
2534 2497 2715 2541 autem
2767 2503 2873 2542 non
2934 2488 3204 2553 viderent,
3265 2487 3317 2541 id
3352 2501 3418 2541 ex
3451 2501 3518 2540 eo

1940 2576 2192 2631 veniebat
2221 2579 2364 2646 quod
2384 2577 2575 2633 oculos
2602 2578 2958 2645 clauderent,
3007 2590 3062 2634 et
3094 2595 3154 2636 se
3188 2595 3295 2633 non
3330 2579 3517 2633 videre

1938 2666 2287 2722 simularent.
2324 2666 2403 2722 lta
2432 2668 2642 2737 pariter
2671 2669 2795 2739 quis
2826 2670 3013 2724 auditu
3050 2669 3220 2735 audit,
3248 2678 3303 2726 et
3335 2679 3515 2725 tamen

1938 2772 2048 2811 non
2092 2759 2283 2823 audit;
2340 2760 2558 2829 quando
2594 2774 2656 2814 ea
2707 2775 2828 2829 qua:
2862 2762 3120 2816 dicuntur
3159 2778 3265 2816 non
3313 2762 3518 2817 intelli-

1938 2849 2060 2919 git,
2097 2859 2191 2905 aut
2220 2866 2343 2906 cum
2372 2851 2533 2906 dictis
2565 2868 2672 2906 non
2706 2852 3081 2922 obtemperat,
3118 2868 3293 2922 eaque
3338 2854 3517 2924 despi-

1938 2941 2035 2998 cit.
2088 2940 2205 2998 Hoc
2236 2956 2401 3011 porro
2431 2943 2722 3013 contingit,
2774 2958 2896 2999 cum
2929 2944 3052 3014 quis
3079 2959 3240 2999 aures
3262 2959 3392 3001 suas
3419 2962 3515 3017 ag-

1938 3044 2149 3104 gravat,
2205 3049 2299 3090 eas
2354 3036 2511 3105 quasi
2571 3038 2835 3091 obturans
2892 3047 2947 3093 et
3001 3037 3194 3093 surdas
3247 3038 3512 3092 etliciens.

244 3118 371 3171 σθαι
400 3119 530 3187 περὶ
558 3120 651 3173 τὸν
677 3120 787 3174 τῶν
819 3122 1088 3179 Ἰουδαίων
1110 3124 1237 3179 λαὸν
1262 3127 1295 3197 ἡ
1325 3126 1476 3198 φωνὴ
1505 3126 1598 3209 τρῢ
1627 3128 1833 3199 Κυρίου

1943 3122 2066 3177 llaec
2090 3123 2256 3194 igitur
2282 3121 2509 3179 Judaico
2532 3124 2731 3195 populo
2768 3124 2952 3181 futura
2995 3141 3137 3193 esse,
3165 3143 3269 3182 vox
3302 3128 3515 3183 Domini

242 3210 555 3267 ἐθέσπισεν.
603 3213 935 3285 Ἐπληροῢτο
964 3215 1021 3269 δὲ
1060 3216 1121 3270 τὺ
1160 3217 1319 3289 ἔργον
1362 3218 1454 3272 ἐπὶ
1483 3218 1582 3289 τῆς
1606 3217 1700 3271 τοῦ
1731 3219 1836 3272 Σω-

1943 3217 2287 3273 vaticinatur.
2320 3217 2602 3287 impletum
2636 3229 2817 3273 autem
2861 3218 2993 3273 illud
3033 3218 3137 3273 fuit
3185 3220 3238 3275 in
3278 3221 3517 3275 adventu

240 3304 411 3375 τῆρος
443 3305 603 3377 ἡμῶν
638 3306 951 3378 ἐπιδημίας,
994 3309 1114 3363 καθ’
1142 3310 1230 3381 ἢν,
1267 3311 1511 3382 παρόντα
1549 3311 1711 3365 αὑτὸν
1739 3312 1835 3380 ὀφ-

243 3395 476 3467 θαλμοῖς
496 3397 751 3468 ὁρῶντες,
778 3399 879 3453 οὑκ
900 3399 1146 3465 ἔϐλεπον,
1178 3402 1275 3455 atati.
1296 3401 1618 3456 διδάσκοντα
1649 3402 1718 3457 τὰ
1743 3420 1836 3474 μυ-

238 3488 345 3559 στή
357 3505 449 3560 ρια
475 3490 576 3561 τῆς
605 3489 878 3560 βασιλείας
904 3493 964 3545 οὑ
997 3495 1253 3566 συνῆκαν.

321 3599 340 3630 ι
373 3580 485 3633 Καὶ
535 3577 686 3636 εἶπαι
738 3583 885 3647 Ἕως
911 3584 1064 3651 πότε,
1098 3585 1307 3658 Κύριε;
1347 3588 1458 3641 Καὶ
1482 3582 1653 3643 εἶπεν·
1691 3589 1835 3654 Ἕως

243 3672 315 3726 ἂν
338 3674 669 3746 ἐρημωθῶσι
688 3676 892 3745 πόλεις,
918 3697 937 3729 ι
974 3680 1069 3732 καὶ⁵
1093 3678 1162 3733 τὰ
1186 3678 1334 3751 ἑξῆς.
1369 3682 1480 3734 Καὶ
1505 3680 1668 3753 μέχρι
1692 3681 1835 3745 τίνος

236 3765 555 3839 νπαρατείνῃ
581 3767 644 3820 τὸ
668 3768 1043 3841 ἀρρὡτημας
1080 3771 1190 3823 Καὶ
1218 3772 1395 3843 ἐρωτᾷ
1414 3770 1606 3841 λέγων’
1640 3791 1659 3824 ι
1689 3773 1836 3836 Ἕως

245 3859 402 3921 πότε,
423 3859 631 3931 Κύριε;
656 3879 674 3911 ι
694 3862 746 3913 τί
778 3862 886 3934 γὰρ
902 3861 1056 3916 ἔσται
1082 3864 1235 3928 τέλος
1257 3865 1359 3936 τῆς
1385 3865 1643 3937 τοιαύτης
1659 3864 1834 3919 αὐτῶν

245 3950 514 4021 ἀϐλεψίας
544 3951 656 4023 (15)
678 3969 693 4017 ;
732 3954 992 4025 Σημαίνει
1017 3951 1111 4009 οὖν
1130 3955 1217 4010 διὰ
1244 3956 1449 4011 τούτων
1474 3957 1572 4030 τὴν
1588 3956 1837 4012 ἐπελθοὺ-

246 4059 346 4095 σαν
365 4040 591 4113 πρώτην
619 4043 724 4096 ὑπὸ
759 4043 1043 4115 Ῥωμαίων
1065 4046 1143 4118 τῷ
1157 4047 1308 4119 τόπῳ
1333 4047 1668 4121 πολιορκίαν,
1698 4047 1837 4118 μετὰ

242 4138 315 4191 τὰ
338 4136 487 4191 κατὰ
508 4138 602 4191 τοὺ
627 4138 876 4211 Σωτῆρος
904 4140 1088 4205 αὑτοῖς
1106 4141 1469 4213 τολμηθέντα,
1496 4142 1619 4196 καθ’
1639 4144 1704 4214 ἣν
1726 4141 1834 4196 τῶν

258 4230 531 4283 Ἰουδαίων
555 4228 801 4284 πλεῖσται
827 4230 1011 4295 πόλεις
1033 4233 1125 4285 ἐπὶ
1152 4233 1552 4305 αὐτοκράτορος
1580 4235 1832 4287 Οὐεσπα-

1937 3309 2241 3364 Salvatoris
2266 3308 2467 3373 nostri,
2496 3325 2625 3379 quo,
2663 3311 2790 3364 dum
2813 3321 3136 3381 prtesentem
3163 3310 3313 3364 illum
3342 3310 3520 3366 oculis

1936 3409 2244 3466 cernerent,
2293 3416 2403 3456 non
2454 3402 2744 3468 videbant,
2801 3410 2856 3457 et
2916 3402 3207 3458 docentem
3257 3405 3518 3473 mysteria

1937 3493 2111 3562 regni,
2141 3507 2246 3548 non
2274 3492 2667 3564 intelligebant.

2008 3588 2175 3643 Vens.
2232 3588 2323 3643 11.
2390 3587 2505 3643 «Et
2563 3587 2696 3652 dixi,
2755 3587 3071 3661 Usquequo,
3130 3589 3392 3646 Domine?
3449 3591 3520 3648 Et

1935 3676 2095 3743 dixit,
2126 3680 2309 3733 Donec
2349 3677 2666 3732 desolentur
2696 3678 2975 3743 civitates,
3005 3697 3024 3731 ι
3056 3689 3166 3734 etc.
3202 3679 3267 3732 Et
3318 3694 3518 3750 usque-

1935 3787 2042 3842 quo
2072 3771 2288 3826 durabit
2312 3769 2601 3826 inﬁrmitas
2622 3770 2645 3825 Τ
2670 3768 2979 3843 lnterrogat
3004 3772 3213 3837 dicens,
3250 3789 3268 3823 ι
3297 3770 3486 3842 Usque

1938 3877 2071 3932 quo.
2100 3863 2372 3918 Domine?
2406 3881 2425 3914 ι
2458 3863 2580 3932 quis
2613 3863 2758 3917 enim
2778 3862 2901 3917 ﬁnis
2927 3863 3032 3916 erit
3064 3862 3373 3931 lmjusmodi
3398 3866 3518 3919 illo-

1938 3970 2057 4007 rum
2100 3955 2406 4010 caecitatis?
2450 3954 2549 4010 His
2600 3954 2746 4009 enim
2810 3953 3082 4022 signiﬁcat
3137 3956 3367 4024 primam
3415 3957 3518 4011 sub

1938 4045 2199 4100 Romanis
2233 4046 2474 4100 futuram
2525 4045 2627 4100 loci
2679 4045 3042 4113 obsidionem,
3090 4055 3213 4116 post
3255 4046 3398 4101 edita
3448 4049 3517 4101 ab

1936 4137 2070 4207 ipsis
2103 4147 2292 4192 contra
2324 4136 2663 4215 Salvatorem
2697 4137 2947 4192 facinora
2978 4156 2993 4193 :
3020 4152 3127 4207 qua
3179 4137 3361 4192 multae
3413 4137 3514 4193 Ju-

1936 4230 2177 4285 daeorum
2202 4229 2456 4284 civitates
2484 4230 2584 4285 sub
2615 4228 2953 4299 Vespasiano
2979 4230 3313 4299 imperatore
3336 4237 3517 4283 vasta-

247 4322 437 4375 σιανοῦ
480 4321 769 4396 δῃωθεῖσαι
798 4323 1022 4393 ἀφανεῖς
1048 4324 1327 4389 παντελῶς
1352 4326 1711 4397 κατέστησαν·
1758 4324 1834 4389 ὡς

1943 4334 2027 4387 ue,
2059 4321 2173 4377 solo
2217 4322 2440 4392 penitus
2479 4332 2708 4391 aequata:
2741 4331 2902 4387 sunt,
2960 4323 3033 4376 ita
3077 4331 3135 4375 ut
3180 4336 3369 4376 earum
3417 4337 3518 4375 nec

246 4415 385 4486 μηδὲ
416 4416 639 4488 μνήμην
664 4414 841 4469 αὐτῶν
873 4415 1009 4488 μηδὲ
1032 4416 1201 4488 ὄνομα
1226 4416 1652 4490 περιλείπεσθαι.
1679 4416 1835 4472 Οὑτω

1943 4415 2202 4470 memoria
2255 4428 2357 4471 nec
2405 4428 2604 4469 nomen
2668 4414 3087 4484 relinqueretur.
3144 4412 3277 4468 Cum
3333 4422 3516 4469 autem

247 4525 366 4571 πως
400 4507 638 4579 ἐρημίαν
668 4506 903 4577 παντελῆ
964 4508 1426 4579 προαγορεύοντος
1487 4507 1578 4562 τοῦ
1635 4508 1794 4577 λόγου
1816 4548 1832 4573 ,

1943 4508 2310 4563 omnimodam
2356 4505 2751 4562 desolationem
2791 4521 2973 4562 sermo
3004 4506 3299 4577 significet,
3336 4508 3516 4560 comic

245 4599 557 4672 ἐπληροῦτο
580 4600 636 4653 δὲ
661 4600 753 4652 καὶ
777 4599 914 4671 αὑτη
943 4600 1085 4655 κατὰ
1113 4602 1239 4664 τοὺς
1279 4601 1558 4674 Ἀδριανοῦ
1592 4601 1833 4673 χρόνους,

245 4693 367 4747 καθ’
397 4691 492 4756 οὒς
520 4692 780 4761 δευτέραν
810 4692 1203 4764 ὑπομείναντες
1241 4692 1479 4746 Ἰουδαῖοι
1499 4692 1833 4764 πολιορκίαν,

245 4788 329 4849 εἰς
358 4785 521 4839 τοῦτο
548 4784 609 4837 τὸ
654 4783 823 4838 κακὸν
850 4784 1235 4857 περιέστησαν,
1277 4785 1352 4849 ὡς
1391 4784 1576 4856 νόμοις
1606 4784 1699 4838 καὶ
1724 4783 1839 4837 δια-

243 4878 525 4951 τάγμασιν
553 4879 1035 4950 αὑτοκρατορικοῖς
1066 4877 1199 4949 μηδὲ
1229 4876 1289 4943 ἐξ
1314 4878 1560 4933 ἀπόπτου
1587 4876 1685 4949 τὴν
1714 4878 1839 4949 ἐρη-

249 4967 380 5036 μίαν
404 4966 506 5036 τῆς
532 4964 743 5019 ἑαυτῶν
766 4964 1148 5039 μητροπόλεως
1177 4966 1400 5038 θεωρεῖν
1421 4966 1830 5038 ἐπιτρέπεσθαι.

322 5080 342 5112 ι
392 5063 505 5115 Καὶ
534 5060 672 5133 μετὰ
702 5061 875 5116 ταῦτα
926 5064 1193 5133 μακρυνεῖ
1219 5064 1247 5115 ό
1279 5062 1412 5127 Θεὸς
1441 5064 1570 5126 τοὺς
1618 5061 1831 5133 ἀνθρώ-

249 5172 409 5219 πους,
441 5154 538 5206 καὶ
561 5155 609 5207 οἱ
640 5153 1089 5224 καταλειφθέντες
1112 5153 1579 5225 πληθυνθήσονται
1610 5155 1703 5207 ἐπὶ
1730 5157 1831 5227 τῆς

243 5247 368 5317 γῆς.
407 5246 521 5299 Καὶ
553 5246 627 5300 ἔτ’
661 5248 747 5299 ἐπ’
786 5247 955 5318 αὐτῆς
1002 5249 1116 5300 ἐστι
1151 5248 1212 5301 τὸ
1250 5247 1587 5301 ἐπιδέκατον.
1632 5268 1650 5300 ι
1686 5248 1831 5319 Σύμ-

248 5357 424 5410 μαχος
462 5338 692 5404 ἐξέδωκε
712 5355 724 5369 ·
767 5358 785 5391 ι
833 5341 1065 5410 Μακρὰν
1094 5342 1314 5411 ποιήσει
1350 5339 1552 5412 Κύριος
1580 5340 1706 5405 τοὺς
1738 5341 1831 5393 άν-

245 5429 524 5501 θρώπους.
580 5449 600 5482 ›
640 5431 899 5502 Σημαίνει
938 5430 1048 5502 γὰρ
1082 5430 1111 5482 ὁ
1142 5429 1297 5500 λόγος
1342 5428 1428 5483 διὰ
1469 5429 1569 5499 τῆς
1618 5427 1832 5481 τοιᾶσδε

244 5525 362 5583 τοῦ.
388 5544 404 5575 t
431 5526 718 5595 μακρυνεῖ,
748 5546 764 5575 ι
787 5524 1101 5595 ἑρμηνείας,
1118 5524 1285 5594 ῆγουν
1298 5519 1414 5585 τοῦ,
1436 5539 1455 5571 ι
1479 5518 1698 5591 μακρὰν
1711 5537 1833 5573 ποι-

249 5615 393 5685 ήσει,
431 5637 448 5667 ι
474 5615 541 5686 ἥν
587 5615 729 5669 κατὰ
755 5615 845 5668 τὸν
883 5614 1043 5668 αὑτὸν
1077 5614 1270 5685 χρόνον
1309 5613 1608 5683 ὑπέμειναν
1629 5614 1832 5683 αἰχμα-

1938 4600 2015 4671 git
2043 4609 2098 4654 et
2123 4598 2211 4653 illa
2241 4597 2468 4653 Adriani
2529 4607 2797 4670 tempore,
2834 4613 2960 4653 cum
2994 4596 3188 4665 Judaei,
3222 4600 3516 4654 secundum

1937 4692 2079 4763 passi
2128 4691 2488 4755 obsidionem,
2551 4691 2607 4745 in
2655 4699 2866 4745 tantum
2906 4691 3237 4747 calamitatis
3284 4690 3520 4745 devene-

1935 4793 2083 4851 runt,
2109 4793 2168 4837 ut
2197 4783 2409 4854 legibus
2450 4792 2505 4837 et
2539 4781 2712 4850 jussis
2752 4783 3158 4852 imperatoriis,
3192 4797 3259 4836 ne
3294 4782 3518 4853 quidem

1937 4877 2125 4947 procul
2160 4873 2480 4945 metropolis
2522 4890 2635 4930 suae
2672 4874 2987 4930 vastitatem
3020 4875 3339 4945 conspicere
3386 4889 3514 4944 per-

1944 4967 2312 5048 mitterentur.

2016 5058 2178 5114 Vens.
2222 5060 2309 5114 12.
2356 5079 2376 5112 ι
2410 5059 2476 5113 Ει
2520 5067 2707 5128 postea
2755 5059 3036 5131 elongabit
3068 5059 3209 5115 Deus
3244 5059 3511 5124 homines,

1941 5160 1995 5206 et
2029 5152 2122 5220 qui
2163 5151 2337 5206 relicti
2384 5151 2589 5206 l'uerint
2634 5150 3145 5220 multiplicabuntur
3197 5164 3360 5218 super
3406 5160 3517 5205 ter-

1941 5258 2077 5297 ram.
2112 5244 2177 5298 Et
2206 5245 2384 5300 adhuc
2417 5260 2581 5315 super
2610 5260 2733 5302 eam
2765 5255 2849 5299 est
2881 5243 3188 5299 decimatio.
3214 5261 3234 5295 ι
3269 5243 3520 5314 Symma-

1938 5337 2076 5392 chus
2117 5337 2321 5403 edidit,
2382 5356 2401 5390 ι
2432 5338 2619 5410 Longe
2666 5337 2834 5392 faciet
2877 5337 3138 5391 Dominus
3192 5335 3462 5394 homines.
3492 5358 3514 5393 ι

1940 5429 2055 5485 Hac
2105 5429 2592 5502 interpretatione,
2657 5450 2675 5482 ι
2706 5428 3021 5500 elongahit,
3057 5449 3076 5482 ο
3143 5428 3258 5484 sive
3318 5447 3335 5481 ι
3365 5428 3523 5501 longe

1939 5520 2122 5585 faciet,
2156 5542 2175 5576 ι
2206 5524 2406 5578 indicat
2438 5524 2717 5594 Scriptura
2755 5521 3129 5592 captivitatem
3159 5521 3328 5588 illam,
3358 5538 3521 5592 qnam

1941 5629 2007 5670 eo
2039 5614 2153 5685 ipso
2183 5624 2426 5689 tempore
2456 5615 2739 5673 multitudo
2781 5612 3021 5670 Judaicm
3046 5616 3225 5686 gentis
3264 5628 3520 5686 perpessa

322 5797 434 5870 (15)
482 5796 608 5853 llaec
644 5798 769 5852 item
813 5799 865 5852 in
908 5794 1224 5865 Hieronymi
1263 5794 1688 5861 Commentario,
1740 5794 1829 5850 sed
1868 5791 2136 5866 pluribus.
