3968 6522
506 368 601 424 151

1174 364 1447 421 EUSEBll
1485 359 1969 420 CESARIENSIS
2008 352 2159 413 OPP.
2198 354 2383 416 PARS
2417 354 2509 417 ιιι.
2549 389 2620 401 --
2655 354 3068 415 EXEGETICA.

3650 355 3757 408 £32

503 499 612 549 est,
640 500 853 541 necnon
894 480 1282 553 dispersionem
1316 482 1460 535 illam
1496 496 1624 549 qua,
1655 478 1779 533 dum
1808 476 2056 532 instanti-

2169 476 2370 531 λωσίαν
2416 477 2477 530 τὸ
2531 474 2734 546 πλῆθος
2783 474 2876 529 τοῦ
2945 474 3211 529 Ἰουδαίων
3267 474 3468 539 ἔθνους..
3516 474 3607 529 καὶ
3667 470 3759 523 τὸν

504 578 609 633 bus
639 576 1044 631 calamitatibus
1084 588 1143 628 se
1183 575 1547 642 proriperent,
1585 569 1881 640 disgregati
1920 575 2065 623 sunt.

506 688 526 722 ι
563 668 781 723 Residui
838 683 964 722 vero
1017 666 1520 735 multiplicabuntur
1551 678 1735 731 super.
1761 671 1963 715 terram
1999 678 2017 711 ι
2048 665 2065 713 ':

501 763 592 816 alii
618 761 828 815 scilicet
858 776 887 815 a
920 760 1128 828 primis.
1154 757 1254 811 Tot
1285 766 1463 810 autem
1497 768 1727 809 numero
1754 754 1854 822 ipsi
1885 760 2065 816 erunt,

498 864 583 916 ut,
628 869 748 907 cum
785 852 972 924 primis
998 850 1320 920 comparati,
1352 848 1533 903 multis
1568 846 1815 917 partibus
1847 844 2064 899 illorum

485 944 902 999 'multitudinem
934 952 1214 1013 superent.

1094 1118 1320 1176 CAPUT
1366 1118 1468 1175 VII.

565 1213 726 1269 Vens.
771 1211 885 1267 1-5.
932 1231 951 1265 ι
980 1212 1046 1266 Ει
1092 1212 1297 1268 factum
1329 1222 1414 1267 est
1442 1212 1494 1266 in
1522 1210 1710 1267 diebus
1744 1210 1927 1266 Achaz
1970 1208 2065 1264 ﬁlii

493 1303 786 1366 Joatham,
844 1302 939 1357 ﬁlii
977 1301 1127 1359 Ozize
1158 1304 1299 1373 regis
1345 1302 1482 1357 Juda
1510 1342 1527 1365 ,
1574 1301 1817 1357 ascendit
1863 1300 2065 1354 Raasin

494 1411 590 1449 rex
621 1396 809 1459 Aram,
854 1404 907 1450 et
960 1395 1173 1449 Phacee
1221 1393 1363 1449 ﬁlius
1398 1391 1659 1448 Romeliaa
1688 1406 1783 1446 rex
1813 1389 1978 1446 Israel
2010 1391 2064 1446 in

486 1485 816 1553 Jerusalem,
878 1485 943 1540 ad
996 1487 1349 1555 praeliandum
1403 1493 1589 1540 contra
1644 1498 1806 1538 eam:
1846 1491 1901 1537 et
1958 1497 2063 1537 non

491 1587 787 1647 potuerunt
837 1578 1089 1633 obsidere
1133 1593 1274 1633 eam.
1332 1577 1398 1632 Et
1445 1575 1839 1630 nuntiaverunt
1880 1572 2063 1629 domui

465 1146 473 1217 ὶ

2169 567 2559 637 διασκεδασμδν
2588 566 2648 619 δν
2678 565 3134 638 διεσκεδάσθησαν
3165 565 3456 636 φεύγοντες
3496 565 3596 629 τὰς
3626 568 3753 620 eart-

2170 661 2425 730 κειμένας
2454 660 2638 723 αὐτοῖς
2668 658 2970 729 συμφοράς.
3008 677 3026 709 ι
3066 661 3175 712 Καὶ
3208 662 3256 712 οἱ
3294 657 3754 727 καταλειφθέντες

2166 753 2222 805 δὲ
2257 746 2720 822 πληθυνθήσονται
2749 751 2841 803 ἐπὶ
2870 750 2973 820 τῆς
3002 751 3138 820 γῆς·
3186 770 3204 802 ι
3240 750 3417 822 ἕτεροι
3445 751 3595 813 ὄντες
3639 748 3753 802 τῶν

2168 846 2469 917 προτέρων.
2503 842 2759 897 Τοσοῦτοι
2804 843 2860 896 δὲ
2887 837 3031 897 οὗτοι
3064 842 3296 906 ἔσονται,
3330 842 3427 908 ὡς,
3464 840 3750 913 παραϐαλ-

2165 936 2427 1008 λομένους
2452 937 2646 999 αὐτοὺς
2674 938 2788 999 τοῖς
2818 934 3086 1007 πρώτοις,
3122 934 3579 1006 πολλοστημόριον
3607 930 3750 987 εἶναι

2166 1026 2479 1098 νομίζεσθαι
2506 1026 2598 1080 τοῦ
2626 1026 2847 1080 ἐκείνων
2876 1026 3132 1097 πλήθους.

2696 1119 3093 1171 ΚΕΦΑΛΑΙΟΝ
3137 1121 3211 1172 Z'.

2242 1230 2260 1263 ι
2292 1210 2402 1265 Καὶ
2431 1212 2645 1280 ἐγένετο
2665 1227 2720 1264 εν
2743 1213 2861 1273 ταῖς
2887 1210 3123 1282 ἡμέραις
3158 1207 3325 1281 Ἀχὰζ
3350 1211 3441 1265 τοῦ
3482 1212 3746 1285 Ἰωάθαμ,

2165 1304 2258 1357 τοῦ
2279 1303 2395 1357 υἱοῦ
2433 1304 2604 1368 Ὀζίου
2633 1302 2895 1375 βασιλέως
2932 1303 3122 1367 Ἰούδα,
3157 1303 3323 1375 ἀνέϐη
3363 1304 3619 1358 Ῥαασσὶν
3650 1303 3751 1374 βα-

2168 1398 2348 1461 σιλευς
2398 1397 2597 1467 Ἀρὰμ,
2629 1398 2723 1451 καὶ
2770 1395 2945 1450 Φακέε
2990 1397 3103 1460 υἱὸς
3161 1395 3454 1467 Ῥωμελίου
3490 1396 3749 1465 βασιλεὺς

2177 1488 2391 1561 Ἰσραὴλ
2420 1488 2512 1540 ἐπὶ
2549 1488 2923 1559 Ἰερουσαλὴμ,
2953 1487 3258 1559 πολεμῆσαι
3287 1488 3457 1558 αὐτήν
3478 1505 3491 1517 ·
3523 1488 3616 1540 καὶ
3644 1488 3749 1541 οὐκ

2160 1580 2501 1652 ἠδυνήθησαν
2545 1580 2902 1651 πολιορκῆσαι
2941 1580 3131 1650 αὑτήν.
3182 1580 3292 1632 Καὶ
3341 1579 3620 1650 ἀνηγγέλη
3663 1580 3746 1643 είς

492 1668 662 1725 David
696 1670 937 1726 dicentes
965 1687 979 1724 :
1008 1670 1487 1725 CousensitAram
1523 1682 1646 1721 cum
1688 1666 1967 1736 Ephraim,
2012 1676 2056 1720 el

2163 1673 2254 1726 τὸν
2281 1667 2427 1725 οἷκον
2455 1672 2638 1735 Δαυῖδ,
2672 1672 2950 1740 λέγοντες·
2984 1671 3370 1744 Συνεφώνησεν
3397 1671 3573 1741 Ἀρὰμ
3608 1672 3748 1742 πρὸς

490 1763 794 1832 stupefacta
842 1771 925 1816 est
976 1762 1158 1816 anima
1202 1762 1343 1832 ejus,
1392 1770 1448 1815 et
1496 1760 1673 1813 anima
1710 1758 1894 1829 populi
1923 1758 2062 1826 ejus,

2164 1763 2253 1817 τὸν
2297 1765 2565 1835 Ἐφραῖμο
2601 1764 2696 1817 καὶ
2719 1762 2909 1833 ἐξέστη
2936 1765 2968 1834 ἡ
3008 1763 3151 1834 ψυχὴ
3184 1762 3371 1823 αὐτοῦ,
3408 1762 3499 1815 καὶ
3533 1765 3564 1832 ἡ
3595 1761 3745 1832 ψυχὴ

491 1857 633 1911 sicut
665 1855 863 1925 lignum
906 1858 959 1912 in
1011 1855 1143 1912 silva
1194 1869 1224 1908 a
1274 1861 1437 1907 vento
1487 1860 1753 1906 movetur.
1815 1849 1881 1903 Et
1928 1849 2056 1904 dixit

2163 1852 2255 1907 τοῦ
2287 1854 2416 1907 λαοῦ
2448 1852 2633 1916 αὑτοῦ,
2660 1853 2718 1905 ὃν
2743 1854 2942 1924 τρόπον
2967 1854 3024 1905 ἐν
3046 1852 3235 1924 δρυμῷ
3265 1852 3417 1917 ξύλον
3445 1851 3550 1904 ὑπὸ
3578 1850 3745 1904 πνεύ-

490 1945 752 2002 Dominus
778 1948 845 2003 ad
896 1946 1112 2011 Isaiam,
1145 1946 1418 2015 Egredere
1439 1944 1493 1998 in
1533 1956 1820 1997 occursum
1856 1939 2059 2007 Achaz,

490 2050 548 2096 tu
595 2051 651 2097 et
695 2042 787 2113 qui
849 2040 1139 2096 derelictus
1190 2046 1273 2093 est
1310 2035 1477 2092 Jasub
1518 2034 1659 2089 ﬁlius
1704 2041 1846 2087 tuus.
1879 2051 1899 2085 ι
1956 2032 2063 2087 Par

489 2130 688 2201 quippe
722 2140 841 2186 erat
869 2141 929 2186 ut
969 2129 1245 2201 propheta:
1286 2127 1464 2191 ﬁlius,
1516 2125 1607 2194 qui
1654 2139 1761 2178 non
1796 2138 1900 2178 una
1936 2138 2059 2177 cum

489 2222 689 2294 populo
721 2230 1034 2292 corruptus,
1063 2222 1156 2277 sed
1200 2229 1439 2290 paterna:
1465 2217 1728 2272 doctrina:
1758 2224 1916 2270 tenax
1948 2213 2060 2268 fue-

489 2324 597 2378 rat,
635 2312 763 2368 hinc
793 2328 1030 2384 praesens
1058 2312 1433 2368 institueretur
1455 2324 1484 2363 a
1507 2317 1680 2379 patre,
1711 2323 1835 2363 cum
1862 2306 2057 2362 ﬁducia

488 2403 802 2466 accedente,
829 2418 891 2459 ac
911 2402 1061 2473 iussa
1079 2409 1427 2472 exsequente.

567 2585 727 2640 Vsus.
769 2585 823 2640 4.
868 2605 887 2639 ι
912 2586 976 2641 Et
1008 2585 1152 2639 dices
1178 2584 1249 2649 ei,
1287 2582 1431 2639 Cave
1472 2592 1532 2637 ut
1558 2583 1831 2653 quiescas,
1893 2590 1947 2636 et
1993 2596 2059 2636 ne

487 2676 706 2742 timeas,
740 2691 915 2747 neque
942 2676 1245 2730 inﬁrmatur
1271 2675 1454 2729 anima
1480 2683 1566 2727 tua
1593 2689 1623 2727 a
1661 2674 1869 2728 duobus
1898 2673 2058 2742 lignis

484 2767 769 2823 titionibus
792 2767 1181 2837 fumigantibus
1208 2766 1290 2820 his
1322 2805 1337 2832 ,
1370 2784 1390 2819 ι
1434 2766 1631 2835 quibus
1671 2765 1805 2820 nihil
1840 2764 2056 2821 luminis

486 2857 636 2925 insit,
666 2858 756 2912 sed
783 2857 875 2928 qui
907 2857 1178 2913 exstincto
1222 2855 1401 2910 titioni
1432 2865 1641 2910 tantum
1688 2856 1891 2910 similes
1924 2855 2053 2909 sint.

484 2945 800 3019 Hujusmodi
833 2949 1030 3018 quippe
1059 2956 1185 3003 sunt
1211 2948 1318 3003 duo
1342 2948 1415 3004 illi
1446 2962 1621 3017 reges,
1652 2961 1885 3016 quorum
1910 2952 2054 2999 metu

484 3047 540 3093 et
587 3038 874 3093 formidine
918 3040 1136 3093 teneris.
1182 3038 1408 3093 Etiamsi
1454 3038 1600 3092 enim
1655 3037 1741 3091 vis
1793 3036 1880 3090 illa
1938 3050 2052 3092 mea

2166 1964 2333 2017 ματος
2384 1945 2634 2016 σαλευθῇ.
2686 1947 2795 1998 Καὶ
2840 1940 2962 1999 εἷπε
3017 1944 3221 2016 Κύριος
3274 1944 3410 2016 πρὸς
3479 1945 3742 1997 Ἡσαΐαν·

2166 2036 2384 2102 Ἔξελθε
2419 2038 2498 2099 είς
2521 2036 2843 2107 συνάντησιν
2878 2036 3063 2105 Ἀχὰζ,
3091 2037 3154 2089 σὺ
3182 2036 3275 2089 καὶ
3304 2036 3332 2087 ὁ
3362 2034 3746 2103 καταλειφθεὶς

2173 2128 2384 2182 Ἰασοὺὸ
2416 2130 2444 2181 ὁ
2485 2128 2598 2190 υἱός
2629 2143 2742 2182 σου.
2784 2146 2801 2178 ›
2843 2127 2989 2179 Ἔδει
3022 2126 3077 2179 δὲ
3109 2127 3202 2179 καὶ
3250 2125 3340 2179 τὸν
3382 2125 3497 2177 υἱὸν
3527 2123 3744 2195 προφή-

2158 2234 2275 2284 του,
2325 2220 2398 2291 μὴ
2438 2218 2901 2289 συνδιαφθαρέντα
2944 2217 3022 2289 τῷ
3059 2217 3273 2288 πλήθει,
3309 2216 3744 2286 ὲναπομείναντα

2158 2312 2215 2364 δὲ
2244 2314 2310 2382 τῇ
2357 2313 2588 2382 πατρικῇ
2622 2308 2961 2379 διδασκαλίᾳ,
3011 2309 3409 2380 μαθητεύεσθαι
3442 2308 3501 2371 ἐξ
3530 2306 3742 2359 ἐκείνου

2158 2404 2236 2475 τῷ
2279 2404 2465 2474 πατρὶ,
2508 2403 2596 2457 διὰ
2619 2403 2713 2456 τοῦ
2759 2401 3005 2475 παρεῖναι
3039 2402 3186 2473 αὐτῷ
3229 2401 3536 2471 θαρσαλέως
3570 2416 3743 2471 προσ-

2162 2497 2291 2549 ιόντι
2317 2498 2411 2549 καὶ
2443 2497 2731 2567 πράττοντι
2758 2494 2826 2548 τὰ
2854 2495 3204 2566 κελευόμενα.

2234 2607 2253 2638 ‹
2294 2590 2401 2641 Καὶ
2432 2589 2577 2658 ἐρεῖς
2602 2587 2779 2658 αὐτῷ·
2812 2587 3047 2653 Φύλαξαι
3085 2587 3175 2640 τοῦ
3210 2588 3499 2657 ήσυχάσαι,
3540 2585 3634 2638 καὶ
3665 2584 3742 2655 μὴ

2159 2678 2346 2748 φοϐοῦ,
2386 2679 2522 2750 μηδὲ
2559 2679 2854 2732 ἀσθενείτω
2883 2681 2916 2750 ἡ
2944 2679 3089 2749 ψυχή
3126 2696 3216 2731 σου
3248 2679 3356 2731 ἀπὸ
3388 2678 3496 2731 τῶν
3527 2678 3622 2732 δύο
3646 2676 3745 2741 ξύ-

2156 2771 2262 2826 λων
2289 2772 2395 2825 τῶν
2419 2770 2592 2824 δαλῶν
2613 2771 2720 2825 τῶν
2746 2770 3156 2842 καπνιζομένων
3176 2771 3400 2835 τούτων,
3438 2790 3455 2821 ι
3485 2769 3741 2841 οὐδαμῶς

2160 2862 2257 2932 μὲν
2288 2861 2404 2931 φῶς
2438 2861 2703 2933 ἐχόντων,
2738 2862 2878 2932 δαλῷ
2910 2862 2967 2915 δὲ
3020 2862 3180 2932 μόνον
3213 2861 3528 2932 ὲσὸεσμένῳ
3562 2860 3742 2913 ἐοικό-

2155 2972 2281 3007 των.
2313 2954 2558 3009 Τοιοῦτοι
2584 2955 2692 3027 γάρ
2720 2956 2877 3021 τινές
2907 2957 3045 3009 εἰσιν
3073 2957 3121 3008 οἱ
3151 2955 3243 3009 δύο
3286 2955 3544 3025 βασιλεῖς,
3572 2947 3647 3007 ὧν
3680 2953 3742 3005 δν

2156 3047 2306 3118 φόϐῳ
2336 3050 2430 3101 καὶ
2460 3047 2630 3117 ἀγῶνι
2659 3048 3019 3118 καθέστηκας.
3052 3047 3114 3100 Εἰ
3144 3046 3253 3119 γὰρ
3281 3047 3376 3101 καὶ
3402 3046 3470 3100 τὰ
3504 3045 3741 3116 μάλιστα

485 3131 901 3202 castigationem
958 3132 1302 3197 immittens,
1380 3146 1543 3200 quam
1598 3131 1731 3184 iram
1785 3128 2054 3198 appellare

2163 3139 2189 3207 ἡ
2224 3137 2538 3211 παιδευτική
2566 3154 2667 3208 μου
2695 3136 2941 3208 δύναμις,
2973 3139 3038 3209 ἢν
3069 3139 3236 3208 ὀργὴν
3262 3137 3554 3190 ἀποκαλεῖν
3581 3135 3741 3189 εἴωθε

485 3224 662 3277 solent
699 3224 877 3277 divina
908 3223 1151 3287 oracula,
1207 3238 1299 3277 vos
1328 3223 1559 3277 antehac
1601 3222 1797 3290 szepius
1839 3222 2053 3274 invase-

485 3316 577 3378 rit,
633 3316 699 3369 ad
755 3313 1181 3370 confutationem
1230 3329 1443 3379 eorum,
1486 3314 1577 3385 qui
1622 3322 1785 3383 penes
1840 3326 1936 3365 vos
1980 3312 2053 3365 dii

482 3406 865 3461 vocabantur:
898 3407 1091 3475 quibus
1124 3421 1222 3462 vos
1266 3407 1486 3477 quidem
1534 3403 1803 3466 ﬁdebatis,
1847 3411 1905 3457 at
1935 3403 2054 3457 illos

483 3499 618 3553 nihil
647 3513 766 3553 esse
787 3499 1194 3567 comprobatum
1224 3506 1329 3564 est,
1372 3513 1497 3553 cum
1522 3511 1617 3551 vos
1649 3495 1853 3550 inimici
1886 3494 2053 3549 vestri

483 3590 729 3645 subditos
768 3605 831 3643 ac
863 3589 1139 3644 dedititios
1171 3598 1467 3659 caperent;
1517 3597 1751 3641 attamen
1800 3585 2053 3653 quoniam

482 3680 565 3735 ira
598 3697 713 3735 mea
764 3680 946 3751 iniqua
986 3699 1091 3737 non
1128 3692 1248 3747 est,
1294 3690 1481 3748 utpote
1526 3680 1700 3733 bonus
1746 3677 1907 3745 Dens,
1961 3677 2053 3746 qui

483 3787 580 3827 vos
613 3781 768 3827 antea
818 3774 881 3826 ad
932 3774 1223 3827 utilitatem
1273 3782 1519 3826 vestram
1575 3769 1853 3839 corripui;
1912 3784 2056 3824 nunc

483 3866 677 3921 iterum
713 3865 1079 3919 inﬁrmitatem
1142 3874 1380 3918 vestram
1438 3871 1604 3916 totam
1656 3862 1881 3924 curabo,
1931 3863 2055 3926 si,a

480 3958 710 4028 pristino
736 3971 922 4013 errore
954 3968 1136 4012 vestro
1162 3955 1545 4026 resipiscentes
1566 3992 1581 4016 ,
1627 3952 1713 4022 pie
1742 3967 1901 4020 agere
1930 3967 2056 4007 vere

479 4049 758 4105 ediscatis.

554 4141 716 4196 Vsus.
757 4140 811 4204 8,
837 4142 890 4196 9.
915 4159 935 4193 ι
957 4139 1064 4195 Sed
1096 4140 1274 4194 adhuc
1299 4137 1580 4207 sexaginta
1605 4136 1843 4205 quinque
1875 4137 2053 4201 annis,

479 4233 695 4288 deﬁciet
736 4247 965 4302 regnum
1017 4232 1272 4301 Ephraim
1307 4245 1335 4283 a
1369 4228 1585 4299 populo.
1617 4246 1636 4280 ι
1701 4227 1814 4284 Hoc
1851 4229 1980 4283 item
2025 4245 2054 4283 a

478 4326 739 4395 propheta
764 4325 947 4379 Achaz
980 4324 1197 4388 ediscit,
1251 4337 1355 4375 non
1407 4321 1495 4373 diu
1555 4329 1745 4390 postea
1794 4319 2056 4376 Samaria:

478 4429 702 4484 regnum
731 4414 1044 4469 solvendum
1091 4426 1211 4467 esse
1232 4453 1246 4477 ,
1279 4410 1495 4465 subdito
1522 4410 1720 4477 populo
1761 4425 1869 4464 una
1926 4425 2051 4464 cum

2155 3226 2226 3280 τὰ
2272 3227 2445 3296 λόγια,
2494 3228 2757 3299 μετῆλθεν
2810 3229 2952 3297 ὑμᾶς
2984 3228 3044 3280 τὸ
3080 3228 3361 3298 πρότερον,
3396 3227 3476 3289 εἰς
3517 3225 3743 3295 ἔλεγχον

2152 3320 2260 3372 τῶν
2285 3318 2699 3390 ὀνομαζομένων
2725 3318 2878 3390 ὑμῶν
2907 3318 3064 3381 θεων,
3089 3313 3168 3381 οἷς
3202 3317 3480 3387 ὲθαρσείτε
3512 3317 3611 3386 μὲν
3641 3316 3743 3369 αὖ·

2153 3412 2257 3474 τοὶ,
2284 3411 2332 3463 οἳ
2360 3411 2417 3464 δὲ
2446 3411 2506 3463 τὸ
2538 3411 2703 3481 μηδὲν
2731 3411 2883 3474 ὄντες
2913 3410 3314 3479 ἀπηλέγχοντο,
3348 3400 3583 3478 ὁπηνίκα
3613 3408 3743 3460 ὑπο-

2153 3502 2389 3572 χειρίους
2414 3502 2557 3572 ὑμᾶς
2587 3496 2727 3553 εἷλον
2754 3502 2803 3552 οἱ
2835 3500 3101 3570 πολέμιοι·
3135 3501 3301 3570 ὅμως,
3333 3497 3455 3551 ἐπεὶ
3488 3499 3560 3568 μή
3589 3498 3741 3549 ἐστιν

2154 3596 2189 3665 ἡ
2220 3594 2328 3664 ὲμὴ
2356 3593 2493 3665 ὀργὴ
2520 3593 2853 3663 παράνομος,
2879 3592 2954 3655 ὡς
2983 3591 3183 3659 ἀγαθὸς
3206 3590 3335 3653 Θεὸς
3362 3588 3523 3653 αὐτὸς
3555 3589 3649 3640 καὶ
3674 3588 3740 3640 τὸ

2156 3681 2369 3753 πρῶτον
2423 3683 2567 3752 ὑμᾶς
2610 3682 2701 3734 ἐπὶ
2736 3680 2812 3751 τῷ
2856 3681 3187 3752 συμφέροντι
3230 3679 3464 3743 παίσας·
3503 3678 3598 3731 καὶ
3638 3677 3737 3732 νῦν

2155 3769 2309 3837 αὖθις
2359 3776 2466 3827 πᾶν
2499 3773 2560 3827 τὸ
2587 3774 2800 3844 νόσημα
2826 3773 2979 3844 ὑμῶν
3025 3773 3263 3843 ἰάσομαι,
3309 3772 3438 3833 ἐὰν,
3472 3772 3737 3840 ἐπιστρα-

2156 3865 2345 3934 φέντες
2378 3866 2477 3937 τῆς
2511 3866 2781 3937 προτέρας
2811 3865 3040 3936 πλάνης,
3076 3864 3295 3935 μάθοιτε
3326 3863 3568 3916 εὐσεϐεῖν
3599 3861 3736 3932 ἀλη-

2156 3956 2283 4019 θῶς.

2232 4159 2250 4192 ι
2304 4139 2440 4193 Ἀλλ’
2475 4139 2554 4193 ἔτι
2603 4139 2865 4209 ἑξήκοντα
2904 4138 3064 4191 πέντε
3108 4136 3242 4190 ἑτῶν
3287 4136 3526 4205 ἐκλείψει
3560 4138 3594 4208 ἡ
3636 4136 3738 4206 βας

2157 4232 2328 4286 σιλεία
2373 4230 2612 4303 Ἐφραῖμ
2650 4231 2759 4284 ἀπὸ
2809 4229 2958 4283 λαοῦ.
3021 4248 3038 4279 ›
3090 4229 3367 4283 Μανθάνει
3415 4228 3591 4281 τοίνυν
3639 4229 3740 4281 καὶ

2154 4326 2310 4380 τοῦτο
2340 4323 2490 4397 παρὰ
2522 4324 2614 4378 τοῦ
2648 4325 2923 4395 προφήτου
2952 4325 2981 4375 ὁ
3025 4321 3189 4392 Ἀχάζ
3206 4339 3219 4351 ·
3257 4321 3330 4384 ὼς
3364 4321 3484 4374 ὅσον
3516 4320 3668 4373 οὔπω
3701 4322 3738 4392 ἡ

2154 4416 2254 4489 τῆς
2281 4415 2592 4486 Σαμαρείας
2621 4414 2864 4484 βασιλεία
2901 4413 3358 4480 καταλυθήσεται,
3386 4411 3478 4464 τοῦ
3509 4414 3566 4464 ὲν
3590 4410 3733 4483 αὐτῇ

478 4506 694 4575 regibus
721 4506 772 4560 in
804 4505 1175 4575 captivitatem
1223 4502 1474 4566 abducto,
1519 4509 1683 4571 atque
1720 4502 1791 4557 ob
1838 4502 2046 4557 nefaria

2163 4508 2572 4580 βασιλευομένου
2618 4506 2748 4560 λαοῦ
2795 4506 2976 4568 αὐτοῖς
3032 4503 3339 4559 Βασιλεῦσιν
3383 4503 3731 4573 αἰχμαλώτου

477 4609 628 4668 gesta
665 4598 717 4652 in
757 4597 1009 4669 Assyrios
1048 4594 1333 4649 translato.
1388 4593 1545 4659 Quod
1597 4594 1663 4660 si,
1709 4595 1805 4659 ait,
1840 4604 2052 4665 tempus

478 4705 638 4744 nosse
668 4698 943 4758 peroptes,
969 4689 1107 4741 scito
1150 4686 1309 4741 annis
1344 4686 1540 4741 abhinc
1578 4686 1859 4755 sexaginta
1888 4688 2049 4754 quin-

473 4797 581 4852 que
625 4792 912 4835 venturum
941 4778 1291 4847 Assyriorum
1324 4782 1550 4847 regem",
1588 4778 1839 4847 ipsosque
1866 4792 2049 4833 omnes

474 4876 720 4944 captivos
746 4874 1125 4934 abducturum,
1158 4868 1212 4922 in
1244 4884 1505 4938 suamque
1560 4869 1833 4939 regionem
1877 4878 2050 4925 traus-
2098 4906 2101 4909 -

473 4977 819 5039 perlaturum
846 4977 984 5018 esse.
1024 4960 1327 5029 llaacjussit
1356 4962 1496 5015 Deus
1520 4963 1840 5031 prophetam
1871 4977 2044 5017 enun-

477 5060 637 5121 tiare,
675 5066 785 5110 tum
827 5054 927 5121 ipsi
966 5053 1185 5115 Achar,
1231 5062 1341 5105 tum
1396 5053 1610 5106 subdito
1659 5054 1856 5123 populo
1888 5071 1903 5108 :
1938 5069 2045 5123 quo

478 5150 584 5205 illis
613 5157 805 5203 auctor
838 5151 1002 5204 esset,
1051 5152 1108 5196 ut
1146 5141 1211 5195 ad
1235 5158 1292 5197 se
1320 5155 1787 5210 converterentur,
1835 5160 1899 5199 ac
1925 5160 2046 5199 cre-

474 5243 687 5302 derent,
748 5248 925 5303 neque
969 5232 1131 5286 (llCliS
1166 5232 1323 5288 ﬁdem
1377 5246 1651 5305 negarent.
1707 5235 1833 5290 Illos
1882 5250 2045 5305 porro

473 5331 752 5398 sexaginta
782 5325 1022 5393 quinque
1062 5338 1253 5389 annos,
1290 5325 1441 5379 aiunt
1468 5326 1813 5381 Hebraeorum
1847 5327 1937 5381 filii
1977 5326 2043 5379 ad

474 5437 640 5478 unum
692 5417 937 5485 expletos
995 5415 1347 5482 deprehendi,
1402 5418 1446 5471 si
1496 5420 1617 5489 quis
1657 5434 1686 5473 a
1736 5435 1840 5473 xxv
1900 5417 2045 5473 Ozize

477 5510 628 5580 regni
654 5522 797 5562 anno
821 5516 1133 5576 computum
1161 5510 1424 5562 ordiatur.

550 5773 714 5834 Vsus.
756 5775 845 5848 10,
881 5775 968 5836 lt.
1015 5797 1033 5831 ι
1063 5777 1130 5835 Ει
1182 5778 1378 5851 adjecit
1431 5781 1689 5839 Dominus
1752 5782 1899 5852 loqui
1967 5782 2033 5836 ad

2151 4600 2535 4671 γενησομένου,
2577 4598 2673 4652 καὶ
2730 4600 2808 4659 εἰς
2848 4598 3163 4668 Ἀσσυρίους
3203 4596 3736 4666 ἁποικισθησομένου

2148 4692 2236 4745 διὰ
2263 4693 2359 4755 τὰς
2391 4688 2829 4761 ὑπερϐαλλούσας
2858 4690 3036 4741 αὐτῶν
3068 4689 3359 4758 ἀθεμίτους
3394 4689 3641 4759 πράξεις.
3669 4690 3739 4742 Ei

2147 4783 2204 4835 δὲ
2247 4783 2340 4835 κα)⁸
2363 4782 2452 4834 τὸν
2488 4781 2676 4852 χρόνον
2704 4778 2908 4841 ποθεῖς,
2947 4782 3099 4847 φησὶ,
3137 4778 3347 4847 μαθεῖν,
3376 4778 3632 4845 γίνωσκε,
3656 4777 3739 4841 ὡς

2147 4874 2277 4926 εἴσω
2305 4873 2565 4944 ἐξήκοντα.
2597 4874 2690 4926 καὶ
2720 4874 2879 4926 πέντε
2910 4872 3044 4923 ὲτῶν
3064 4912 3079 4933 ,
3108 4870 3303 4931 ἐπιϐάς
3335 4873 3362 4923 ὁ
3394 4870 3502 4922 τῶν
3548 4870 3739 4921 Ἀσσυ-

2150 4965 2280 5037 ρίων
2318 4964 2587 5034 βασιλεὺς,
2617 4964 2825 5022 πάντας
2862 4963 3058 5024 αὐτοὺς
3084 4961 3310 5031 λήψεται
3340 4963 3434 5012 καὶ
3460 4958 3738 5030 αἰχμαλώ-

2146 5072 2269 5117 τους
2297 5055 2375 5117 εἰς
2405 5055 2503 5125 τὴν
2530 5052 2723 5105 ἑαυτοῦ
2760 5053 3023 5121 μετοικιεῖ
3051 5049 3252 5121 χώραν.
3286 5048 3471 5101 Ταῦτα
3498 5048 3575 5117 τῷ
3605 5065 3741 5119 προ-

2147 5148 2295 5217 φήτῃ
2323 5146 2500 5212 λέγειν
2528 5147 2555 5196 ὁ
2582 5145 2713 5207 Θεὸς
2746 5144 3107 5215 προσέταττεν
3137 5140 3283 5211 αὐτῷ
3327 5158 3385 5194 τε
3425 5140 3502 5209 τῷ
3540 5140 3734 5211 Ἀχὰζ,

2145 5239 2239 5290 καὶ
2266 5237 2342 5306 τῷ
2371 5236 2460 5288 ὑπ’
2507 5237 2669 5289 αὐτὸν
2698 5236 2844 5305 λαῷ·
2884 5234 3185 5304 παρορμῶν
3236 5236 3433 5298 αὐτοὺς
3473 5234 3611 5304 πρὸς
3646 5236 3740 5287 αὐ-

2153 5327 2243 5378 τὸν
2279 5326 2642 5395 ἐπιστρέφειν,
2688 5324 2959 5378 πιστεύειν
2988 5340 3045 5375 τε
3079 5323 3171 5375 καὶ
3219 5325 3292 5393 μὴ
3336 5324 3584 5375 άπιστεῖν
3619 5327 3739 5386 τοῖς

2154 5416 2493 5487 εἰρημένοις·
2538 5417 2606 5468 τά
2648 5432 2709 5483 γε
2764 5415 2868 5485 μὴν
2916 5414 3173 5483 ἐξήκοντα
3223 5414 3383 5466 πέντε
3422 5414 3516 5483 ἔτη
3568 5416 3738 5481 φασίν

2163 5506 2427 5577 Ἐϐραίων
2490 5507 2673 5568 παῖδες
2723 5508 2801 5568 είς
2860 5506 2921 5559 τὸ
2968 5505 3195 5575 ἀκριϐὲς
3253 5504 3733 5576 συμπληροῦσθαι,

2150 5599 2297 5660 εἴτις
2320 5597 2568 5669 ἀριθμεῖν
2595 5598 2820 5667 ἄρξηται
2835 5599 2959 5659 τοὺς
2982 5597 3202 5666 χρόνους
3227 5596 3333 5649 ἀπὸ
3357 5596 3450 5649 τοῦ
3476 5596 3734 5667 πέμπτου

2150 5690 2242 5744 καὶ
2268 5689 2511 5741 είκοστοῦ
2542 5688 2693 5751 ἔτους
2720 5688 2818 5758 τῆς
2869 5688 3043 5751 ὐζίου
3078 5686 3373 5755 βασιλείας.

2225 5801 2240 5832 ι
2290 5780 2399 5832 Καὶ
2450 5780 2746 5847 προσέθετο
2790 5780 2989 5845 Κύριος
3037 5777 3265 5846 λαλῆσαι
3318 5780 3453 5845 πρὸς
3521 5774 3730 5845 Ἀχόιζ·
