  <div class='ocr_page' id='page_1' title='image "/cluster/home/n/w/nwhite01/storage/ocr_20150623/24/hvd.32044019207729/072.png"; bbox 0 0 3968 6504; ppageno 0'>
   <div class='ocr_carea' id='block_1_1' title="bbox 271 346 371 400">
    <p class='ocr_par' dir='ltr' id='par_1_1' title="bbox 271 346 371 400">
     <span class='ocr_line' id='line_1_1' title="bbox 271 346 371 400; baseline 0.01 -1"><span class='ocrx_word' id='word_1_1' title='bbox 271 346 371 400; x_wconf 66' lang='grc'><strong>133</strong></span> 
     </span>
    </p>
   </div>
   <div class='ocr_carea' id='block_1_2' title="bbox 1227 344 2600 409">
    <p class='ocr_par' dir='ltr' id='par_1_2' title="bbox 1227 344 2600 409">
     <span class='ocr_line' id='line_1_2' title="bbox 1227 344 2600 409; baseline 0.004 -6"><span class='ocrx_word' id='word_1_2' title='bbox 1227 344 1731 407; x_wconf 71' lang='lat' dir='ltr'><strong>COMMENTARIA</strong></span> <span class='ocrx_word' id='word_1_3' title='bbox 1768 348 1838 405; x_wconf 84' lang='lat' dir='ltr'><strong>IN</strong></span> <span class='ocrx_word' id='word_1_4' title='bbox 1877 348 2136 406; x_wconf 77' lang='lat' dir='ltr'><strong>ISAIAM.</strong></span> <span class='ocrx_word' id='word_1_5' title='bbox 2180 382 2243 393; x_wconf 91' lang='lat'>—-</span> <span class='ocrx_word' id='word_1_6' title='bbox 2284 351 2438 407; x_wconf 78' lang='lat' dir='ltr'><strong>CAP.</strong></span> <span class='ocrx_word' id='word_1_7' title='bbox 2481 348 2600 409; x_wconf 76' lang='grc' dir='ltr'>νιι.</span> 
     </span>
    </p>
   </div>
   <div class='ocr_carea' id='block_1_3' title="bbox 3445 358 3545 414">
    <p class='ocr_par' dir='ltr' id='par_1_3' title="bbox 3445 358 3545 414">
     <span class='ocr_line' id='line_1_3' title="bbox 3445 358 3545 414; baseline 0.04 -3"><span class='ocrx_word' id='word_1_8' title='bbox 3445 358 3545 414; x_wconf 64' lang='grc'><strong>154</strong></span> 
     </span>
    </p>
   </div>
   <div class='ocr_carea' id='block_1_4' title="bbox 270 463 1857 545">
    <p class='ocr_par' dir='ltr' id='par_1_4' title="bbox 270 463 1857 542">
     <span class='ocr_line' id='line_1_4' title="bbox 270 463 1857 542; baseline 0.007 -27"><span class='ocrx_word' id='word_1_9' title='bbox 270 463 500 534; x_wconf 84' lang='grc' dir='ltr'>Αἷτησαι</span> <span class='ocrx_word' id='word_1_10' title='bbox 541 464 757 536; x_wconf 81' lang='grc' dir='ltr'><strong>σεαυτῷ</strong></span> <span class='ocrx_word' id='word_1_11' title='bbox 784 467 1009 537; x_wconf 80' lang='grc' dir='ltr'>σημεῖον</span> <span class='ocrx_word' id='word_1_12' title='bbox 1041 466 1191 539; x_wconf 85' lang='grc' dir='ltr'><strong>παρά</strong></span> <span class='ocrx_word' id='word_1_13' title='bbox 1224 470 1433 542; x_wconf 82' lang='grc' dir='ltr'><strong>Κυρίου</strong></span> <span class='ocrx_word' id='word_1_14' title='bbox 1462 469 1557 525; x_wconf 89' lang='grc' dir='ltr'><strong>τοῦ</strong></span> <span class='ocrx_word' id='word_1_15' title='bbox 1589 470 1725 525; x_wconf 87' lang='grc' dir='ltr'>Θεοῦ</span> <span class='ocrx_word' id='word_1_16' title='bbox 1763 487 1857 526; x_wconf 90' lang='grc' dir='ltr'><strong>σου</strong></span> 
     </span>
    </p>
   </div>
   <div class='ocr_carea' id='block_1_5' title="bbox 1962 463 3545 545">
    <p class='ocr_par' dir='ltr' id='par_1_5' title="bbox 1964 471 3545 545">
     <span class='ocr_line' id='line_1_5' title="bbox 1964 471 3545 545; baseline 0.003 -21"><span class='ocrx_word' id='word_1_17' title='bbox 1964 471 2150 527; x_wconf 80' lang='lat' dir='ltr'><strong>Achaz</strong></span> <span class='ocrx_word' id='word_1_18' title='bbox 2190 471 2397 539; x_wconf 88' lang='lat' dir='ltr'><strong>dicens,</strong></span> <span class='ocrx_word' id='word_1_19' title='bbox 2434 472 2565 529; x_wconf 87' lang='lat' dir='ltr'><strong>Pete</strong></span> <span class='ocrx_word' id='word_1_20' title='bbox 2592 472 2691 529; x_wconf 86' lang='lat' dir='ltr'><strong>tibi</strong></span> <span class='ocrx_word' id='word_1_21' title='bbox 2714 473 2926 545; x_wconf 87' lang='lat' dir='ltr'><strong>signum</strong></span> <span class='ocrx_word' id='word_1_22' title='bbox 2964 489 2994 530; x_wconf 91' lang='lat' dir='ltr'><strong>a</strong></span> <span class='ocrx_word' id='word_1_23' title='bbox 3028 474 3257 532; x_wconf 88' lang='lat' dir='ltr'><strong>Domino</strong></span> <span class='ocrx_word' id='word_1_24' title='bbox 3285 476 3395 533; x_wconf 91' lang='lat' dir='ltr'><strong>Deo</strong></span> <span class='ocrx_word' id='word_1_25' title='bbox 3430 486 3545 541; x_wconf 83' lang='lat' dir='ltr'><strong>tuo,</strong></span> 
     </span>
    </p>
   </div>
   <div class='ocr_carea' id='block_1_6' title="bbox 268 551 1856 633">
    <p class='ocr_par' dir='ltr' id='par_1_6' title="bbox 268 551 1856 633">
     <span class='ocr_line' id='line_1_6' title="bbox 268 551 1856 633; baseline 0.007 -27"><span class='ocrx_word' id='word_1_26' title='bbox 268 555 346 617; x_wconf 80' lang='grc' dir='ltr'>εις</span> <span class='ocrx_word' id='word_1_27' title='bbox 388 551 575 623; x_wconf 80' lang='grc' dir='ltr'>βάθος,</span> <span class='ocrx_word' id='word_1_28' title='bbox 616 553 651 626; x_wconf 72' lang='grc' dir='ltr'>ἢ</span> <span class='ocrx_word' id='word_1_29' title='bbox 692 556 772 619; x_wconf 82' lang='grc' dir='ltr'><strong>είς</strong></span> <span class='ocrx_word' id='word_1_30' title='bbox 812 554 963 625; x_wconf 79' lang='grc' dir='ltr'>ὕψος.</span> <span class='ocrx_word' id='word_1_31' title='bbox 1004 576 1023 610; x_wconf 70' lang='grc' dir='ltr'><strong>ι</strong></span> <span class='ocrx_word' id='word_1_32' title='bbox 1076 558 1223 613; x_wconf 83' lang='grc' dir='ltr'>Ἀντὶ</span> <span class='ocrx_word' id='word_1_33' title='bbox 1249 560 1306 614; x_wconf 86' lang='grc' dir='ltr'><strong>δὲ</strong></span> <span class='ocrx_word' id='word_1_34' title='bbox 1335 560 1452 628; x_wconf 91' lang='grc' dir='ltr'>τοῦ,</span> <span class='ocrx_word' id='word_1_35' title='bbox 1488 580 1507 613; x_wconf 73' lang='grc' dir='ltr'><strong>ι</strong></span> <span class='ocrx_word' id='word_1_36' title='bbox 1546 564 1625 626; x_wconf 87' lang='grc' dir='ltr'><strong>είς</strong></span> <span class='ocrx_word' id='word_1_37' title='bbox 1674 562 1856 633; x_wconf 82' lang='grc' dir='ltr'>βάθος,</span> 
     </span>
    </p>
   </div>
   <div class='ocr_carea' id='block_1_7' title="bbox 268 645 1855 724">
    <p class='ocr_par' dir='ltr' id='par_1_7' title="bbox 268 645 1855 724">
     <span class='ocr_line' id='line_1_7' title="bbox 268 645 1855 724; baseline 0.008 -28"><span class='ocrx_word' id='word_1_38' title='bbox 268 648 297 714; x_wconf 74' lang='grc' dir='ltr'>ἢ</span> <span class='ocrx_word' id='word_1_39' title='bbox 361 646 444 709; x_wconf 89' lang='grc' dir='ltr'><strong>είς</strong></span> <span class='ocrx_word' id='word_1_40' title='bbox 479 645 635 716; x_wconf 88' lang='grc' dir='ltr'>ῦψος,</span> <span class='ocrx_word' id='word_1_41' title='bbox 676 665 696 700; x_wconf 81' lang='grc'>›</span> <span class='ocrx_word' id='word_1_42' title='bbox 728 648 757 701; x_wconf 93' lang='lat'><strong>6</strong></span> <span class='ocrx_word' id='word_1_43' title='bbox 792 648 891 718; x_wconf 86' lang='grc' dir='ltr'>μὲν</span> <span class='ocrx_word' id='word_1_44' title='bbox 925 648 1241 721; x_wconf 82' lang='grc' dir='ltr'>Σύμμαχος,</span> <span class='ocrx_word' id='word_1_45' title='bbox 1274 669 1293 703; x_wconf 73' lang='grc' dir='ltr'><strong>ι</strong></span> <span class='ocrx_word' id='word_1_46' title='bbox 1335 651 1567 724; x_wconf 78' lang='grc' dir='ltr'>Αἵτησαι</span> <span class='ocrx_word' id='word_1_47' title='bbox 1624 653 1855 724; x_wconf 84' lang='grc' dir='ltr'>σεαυτῷ,</span> 
     </span>
    </p>
   </div>
   <div class='ocr_carea' id='block_1_8' title="bbox 265 738 1858 813">
    <p class='ocr_par' dir='ltr' id='par_1_8' title="bbox 265 738 1858 813">
     <span class='ocr_line' id='line_1_8' title="bbox 265 738 1858 813; baseline 0.004 -23"><span class='ocrx_word' id='word_1_48' title='bbox 265 738 423 809; x_wconf 77' lang='grc' dir='ltr'>φησὶ,</span> <span class='ocrx_word' id='word_1_49' title='bbox 467 740 693 811; x_wconf 86' lang='grc' dir='ltr'>σημεῖον</span> <span class='ocrx_word' id='word_1_50' title='bbox 727 738 879 811; x_wconf 88' lang='grc' dir='ltr'><strong>παρά</strong></span> <span class='ocrx_word' id='word_1_51' title='bbox 908 740 1114 810; x_wconf 85' lang='grc' dir='ltr'>Κυρίου</span> <span class='ocrx_word' id='word_1_52' title='bbox 1148 738 1286 795; x_wconf 82' lang='grc' dir='ltr'><strong>Θεοῦ</strong></span> <span class='ocrx_word' id='word_1_53' title='bbox 1343 758 1465 796; x_wconf 86' lang='grc' dir='ltr'>σου·</span> <span class='ocrx_word' id='word_1_54' title='bbox 1519 741 1748 813; x_wconf 86' lang='grc' dir='ltr'>βάθυνον</span> <span class='ocrx_word' id='word_1_55' title='bbox 1776 746 1858 809; x_wconf 84' lang='grc' dir='ltr'><strong>είς</strong></span> 
     </span>
    </p>
   </div>
   <div class='ocr_carea' id='block_1_9' title="bbox 265 831 1857 909">
    <p class='ocr_par' dir='ltr' id='par_1_9' title="bbox 265 831 1857 909">
     <span class='ocr_line' id='line_1_9' title="bbox 265 831 1857 909; baseline 0.003 -24"><span class='ocrx_word' id='word_1_56' title='bbox 265 831 423 903; x_wconf 75' lang='grc' dir='ltr'>ᾅδην,</span> <span class='ocrx_word' id='word_1_57' title='bbox 453 832 488 901; x_wconf 76' lang='grc' dir='ltr'>ἢ</span> <span class='ocrx_word' id='word_1_58' title='bbox 514 834 593 897; x_wconf 90' lang='grc' dir='ltr'><strong>είς</strong></span> <span class='ocrx_word' id='word_1_59' title='bbox 622 832 753 904; x_wconf 77' lang='grc' dir='ltr'>ὕψος</span> <span class='ocrx_word' id='word_1_60' title='bbox 779 833 891 887; x_wconf 80' lang='grc' dir='ltr'>ἄνω</span> <span class='ocrx_word' id='word_1_61' title='bbox 910 849 924 864; x_wconf 76' lang='grc' dir='ltr'><strong>ο</strong></span> <span class='ocrx_word' id='word_1_62' title='bbox 970 852 990 885; x_wconf 70' lang='grc' dir='ltr'><strong>ι</strong></span> <span class='ocrx_word' id='word_1_63' title='bbox 1028 834 1057 885; x_wconf 95' lang='lat'><strong>6</strong></span> <span class='ocrx_word' id='word_1_64' title='bbox 1094 834 1150 887; x_wconf 84' lang='grc' dir='ltr'>δὲ</span> <span class='ocrx_word' id='word_1_65' title='bbox 1192 833 1443 900; x_wconf 83' lang='grc' dir='ltr'>Ἀκύλας,</span> <span class='ocrx_word' id='word_1_66' title='bbox 1475 854 1495 888; x_wconf 74' lang='grc' dir='ltr'><strong>ι</strong></span> <span class='ocrx_word' id='word_1_67' title='bbox 1542 835 1857 909; x_wconf 85' lang='grc' dir='ltr'>Ἐπερώτη-</span> 
     </span>
    </p>
   </div>
   <div class='ocr_carea' id='block_1_10' title="bbox 264 925 1860 998">
    <p class='ocr_par' dir='ltr' id='par_1_10' title="bbox 264 925 1860 998">
     <span class='ocr_line' id='line_1_10' title="bbox 264 925 1860 998; baseline 0.004 -21"><span class='ocrx_word' id='word_1_68' title='bbox 264 941 361 977; x_wconf 87' lang='grc' dir='ltr'><strong>σον</strong></span> <span class='ocrx_word' id='word_1_69' title='bbox 389 925 605 996; x_wconf 83' lang='grc' dir='ltr'>σεαυτῷ</span> <span class='ocrx_word' id='word_1_70' title='bbox 637 928 864 997; x_wconf 87' lang='grc' dir='ltr'>σημεῖον</span> <span class='ocrx_word' id='word_1_71' title='bbox 890 925 1043 997; x_wconf 87' lang='grc' dir='ltr'><strong>παρά</strong></span> <span class='ocrx_word' id='word_1_72' title='bbox 1078 927 1285 998; x_wconf 84' lang='grc' dir='ltr'>Κυρίου</span> <span class='ocrx_word' id='word_1_73' title='bbox 1313 927 1409 981; x_wconf 90' lang='grc' dir='ltr'><strong>τοῦ</strong></span> <span class='ocrx_word' id='word_1_74' title='bbox 1447 927 1580 982; x_wconf 89' lang='grc' dir='ltr'>Θεοῦ</span> <span class='ocrx_word' id='word_1_75' title='bbox 1612 946 1725 982; x_wconf 91' lang='grc' dir='ltr'>σου·</span> <span class='ocrx_word' id='word_1_76' title='bbox 1765 929 1860 998; x_wconf 84' lang='grc' dir='ltr'>βά-</span> 
     </span>
    </p>
   </div>
   <div class='ocr_carea' id='block_1_11' title="bbox 263 1014 1903 1088">
    <p class='ocr_par' dir='ltr' id='par_1_11' title="bbox 263 1014 1903 1088">
     <span class='ocr_line' id='line_1_11' title="bbox 263 1014 1903 1088; baseline 0.005 -22"><span class='ocrx_word' id='word_1_77' title='bbox 263 1014 428 1069; x_wconf 85' lang='grc' dir='ltr'>θυνον</span> <span class='ocrx_word' id='word_1_78' title='bbox 454 1017 535 1078; x_wconf 86' lang='grc' dir='ltr'><strong>είς</strong></span> <span class='ocrx_word' id='word_1_79' title='bbox 572 1016 727 1087; x_wconf 70' lang='grc' dir='ltr'>ᾅδην,</span> <span class='ocrx_word' id='word_1_80' title='bbox 774 1014 1105 1088; x_wconf 74' lang='grc' dir='ltr'>μετειῦρισον</span> <span class='ocrx_word' id='word_1_81' title='bbox 1140 1018 1222 1079; x_wconf 91' lang='grc' dir='ltr'><strong>είς</strong></span> <span class='ocrx_word' id='word_1_82' title='bbox 1250 1015 1415 1087; x_wconf 78' lang='grc' dir='ltr'>ὕψος·</span> <span class='ocrx_word' id='word_1_83' title='bbox 1463 1036 1505 1071; x_wconf 74' lang='grc' dir='ltr'><strong>ι,</strong></span> <span class='ocrx_word' id='word_1_84' title='bbox 1530 1020 1559 1071; x_wconf 89' lang='grc' dir='ltr'><strong>ὁ</strong></span> <span class='ocrx_word' id='word_1_85' title='bbox 1589 1019 1645 1072; x_wconf 84' lang='grc' dir='ltr'><strong>δὲ</strong></span> <span class='ocrx_word' id='word_1_86' title='bbox 1672 1019 1861 1073; x_wconf 86' lang='grc' dir='ltr'>Θεοδο-</span> <span class='ocrx_word' id='word_1_87' title='bbox 1895 1036 1903 1043; x_wconf 91' lang='grc'>·</span> 
     </span>
    </p>
   </div>
   <div class='ocr_carea' id='block_1_12' title="bbox 260 1108 1853 1182">
    <p class='ocr_par' dir='ltr' id='par_1_12' title="bbox 260 1108 1853 1182">
     <span class='ocr_line' id='line_1_12' title="bbox 260 1108 1853 1182; baseline 0.003 -22"><span class='ocrx_word' id='word_1_88' title='bbox 260 1108 427 1173; x_wconf 85' lang='grc' dir='ltr'>τίων,</span> <span class='ocrx_word' id='word_1_89' title='bbox 472 1126 491 1159; x_wconf 71' lang='grc' dir='ltr'><strong>ι</strong></span> <span class='ocrx_word' id='word_1_90' title='bbox 528 1108 758 1178; x_wconf 77' lang='grc' dir='ltr'>Δίτησαι</span> <span class='ocrx_word' id='word_1_91' title='bbox 786 1108 994 1180; x_wconf 88' lang='grc' dir='ltr'>σεαυτῷ</span> <span class='ocrx_word' id='word_1_92' title='bbox 1022 1110 1173 1181; x_wconf 75' lang='grc' dir='ltr'>παρὰ</span> <span class='ocrx_word' id='word_1_93' title='bbox 1198 1110 1403 1182; x_wconf 81' lang='grc' dir='ltr'>Κυρίου</span> <span class='ocrx_word' id='word_1_94' title='bbox 1433 1110 1527 1164; x_wconf 84' lang='grc' dir='ltr'><strong>τοῦ</strong></span> <span class='ocrx_word' id='word_1_95' title='bbox 1554 1110 1689 1166; x_wconf 88' lang='grc' dir='ltr'>Θεοῦ</span> <span class='ocrx_word' id='word_1_96' title='bbox 1722 1129 1815 1165; x_wconf 92' lang='grc' dir='ltr'><strong>σου</strong></span> <span class='ocrx_word' id='word_1_97' title='bbox 1840 1130 1853 1143; x_wconf 89' lang='grc'><strong>·</strong></span> 
     </span>
    </p>
   </div>
   <div class='ocr_carea' id='block_1_13' title="bbox 262 1199 1858 1274">
    <p class='ocr_par' dir='ltr' id='par_1_13' title="bbox 262 1199 1858 1274">
     <span class='ocr_line' id='line_1_13' title="bbox 262 1199 1858 1274; baseline 0.003 -20"><span class='ocrx_word' id='word_1_98' title='bbox 262 1199 501 1270; x_wconf 81' lang='grc' dir='ltr'>βάθυνον</span> <span class='ocrx_word' id='word_1_99' title='bbox 525 1203 604 1265; x_wconf 88' lang='grc' dir='ltr'><strong>είς</strong></span> <span class='ocrx_word' id='word_1_100' title='bbox 633 1202 786 1274; x_wconf 72' lang='grc' dir='ltr'>ᾅδην,</span> <span class='ocrx_word' id='word_1_101' title='bbox 819 1202 1033 1271; x_wconf 82' lang='grc' dir='ltr'>ῦψωσον</span> <span class='ocrx_word' id='word_1_102' title='bbox 1072 1202 1205 1256; x_wconf 83' lang='grc' dir='ltr'>ἄνω.</span> <span class='ocrx_word' id='word_1_103' title='bbox 1245 1222 1264 1255; x_wconf 76' lang='grc' dir='ltr'><strong>ι</strong></span> <span class='ocrx_word' id='word_1_104' title='bbox 1299 1202 1591 1258; x_wconf 86' lang='grc' dir='ltr'>Κελεύεται</span> <span class='ocrx_word' id='word_1_105' title='bbox 1625 1204 1804 1259; x_wconf 84' lang='grc' dir='ltr'>τοίνυν</span> <span class='ocrx_word' id='word_1_106' title='bbox 1829 1208 1858 1260; x_wconf 98' lang='lat'><strong>6</strong></span> 
     </span>
    </p>
   </div>
   <div class='ocr_carea' id='block_1_14' title="bbox 275 1288 1858 1368">
    <p class='ocr_par' dir='ltr' id='par_1_14' title="bbox 275 1288 1858 1368">
     <span class='ocr_line' id='line_1_14' title="bbox 275 1288 1858 1368; baseline 0.004 -22"><span class='ocrx_word' id='word_1_107' title='bbox 275 1292 452 1363; x_wconf 71' lang='grc' dir='ltr'>’Δχὰζ</span> <span class='ocrx_word' id='word_1_108' title='bbox 484 1296 709 1365; x_wconf 85' lang='grc' dir='ltr'>σημεῖον</span> <span class='ocrx_word' id='word_1_109' title='bbox 743 1296 998 1365; x_wconf 67' lang='grc' dir='ltr'>αἰτῆσαι,</span> <span class='ocrx_word' id='word_1_110' title='bbox 1041 1294 1111 1348; x_wconf 83' lang='grc' dir='ltr'><strong>δι’</strong></span> <span class='ocrx_word' id='word_1_111' title='bbox 1140 1288 1202 1349; x_wconf 75' lang='grc' dir='ltr'><strong>οῦ</strong></span> <span class='ocrx_word' id='word_1_112' title='bbox 1242 1295 1583 1367; x_wconf 88' lang='grc' dir='ltr'>σωθήσεσθαι</span> <span class='ocrx_word' id='word_1_113' title='bbox 1636 1296 1858 1368; x_wconf 69' lang='grc' dir='ltr'>ἔμελλεν</span> 
     </span>
    </p>
   </div>
   <div class='ocr_carea' id='block_1_15' title="bbox 259 1384 1857 1458">
    <p class='ocr_par' dir='ltr' id='par_1_15' title="bbox 259 1384 1857 1458">
     <span class='ocr_line' id='line_1_15' title="bbox 259 1384 1857 1458; baseline 0.004 -21"><span class='ocrx_word' id='word_1_114' title='bbox 259 1384 432 1448; x_wconf 70' lang='grc' dir='ltr'>αὐτὸς</span> <span class='ocrx_word' id='word_1_115' title='bbox 459 1402 517 1437; x_wconf 82' lang='grc' dir='ltr'><strong>τε</strong></span> <span class='ocrx_word' id='word_1_116' title='bbox 559 1386 650 1441; x_wconf 73' lang='grc' dir='ltr'>καὶ</span> <span class='ocrx_word' id='word_1_117' title='bbox 674 1388 703 1441; x_wconf 88' lang='lat'><strong>6</strong></span> <span class='ocrx_word' id='word_1_118' title='bbox 746 1388 842 1442; x_wconf 80' lang='grc' dir='ltr'><strong>σὺν</strong></span> <span class='ocrx_word' id='word_1_119' title='bbox 868 1387 1016 1458; x_wconf 83' lang='grc' dir='ltr'>αὐτῷ</span> <span class='ocrx_word' id='word_1_120' title='bbox 1054 1386 1199 1451; x_wconf 85' lang='grc' dir='ltr'>λαός.</span> <span class='ocrx_word' id='word_1_121' title='bbox 1242 1387 1520 1452; x_wconf 81' lang='grc' dir='ltr'>Ἐξουσίαν</span> <span class='ocrx_word' id='word_1_122' title='bbox 1556 1388 1615 1443; x_wconf 82' lang='grc' dir='ltr'>δὲ</span> <span class='ocrx_word' id='word_1_123' title='bbox 1644 1390 1857 1444; x_wconf 86' lang='grc' dir='ltr'>δίδωσιν</span> 
     </span>
    </p>
   </div>
   <div class='ocr_carea' id='block_1_16' title="bbox 260 1474 1857 1552">
    <p class='ocr_par' dir='ltr' id='par_1_16' title="bbox 260 1474 1857 1552">
     <span class='ocr_line' id='line_1_16' title="bbox 260 1474 1857 1552; baseline 0.006 -24"><span class='ocrx_word' id='word_1_124' title='bbox 260 1474 421 1546; x_wconf 79' lang='grc' dir='ltr'>αὐτῷ</span> <span class='ocrx_word' id='word_1_125' title='bbox 462 1480 492 1531; x_wconf 92' lang='lat'><strong>6</strong></span> <span class='ocrx_word' id='word_1_126' title='bbox 524 1478 656 1541; x_wconf 86' lang='grc' dir='ltr'>Θεὸς</span> <span class='ocrx_word' id='word_1_127' title='bbox 699 1479 965 1550; x_wconf 74' lang='grc' dir='ltr'>αἱρέσεως</span> <span class='ocrx_word' id='word_1_128' title='bbox 994 1478 1089 1533; x_wconf 85' lang='grc' dir='ltr'><strong>τοῦ</strong></span> <span class='ocrx_word' id='word_1_129' title='bbox 1127 1480 1377 1551; x_wconf 83' lang='grc' dir='ltr'>σημείου,</span> <span class='ocrx_word' id='word_1_130' title='bbox 1408 1481 1519 1534; x_wconf 77' lang='grc' dir='ltr'>εἴτε</span> <span class='ocrx_word' id='word_1_131' title='bbox 1562 1482 1628 1535; x_wconf 81' lang='grc' dir='ltr'>ἐκ</span> <span class='ocrx_word' id='word_1_132' title='bbox 1662 1482 1857 1552; x_wconf 79' lang='grc' dir='ltr'>βάθους</span> 
     </span>
    </p>
   </div>
   <div class='ocr_carea' id='block_1_17' title="bbox 260 1571 1857 1645">
    <p class='ocr_par' dir='ltr' id='par_1_17' title="bbox 260 1571 1857 1645">
     <span class='ocr_line' id='line_1_17' title="bbox 260 1571 1857 1645; baseline 0.005 -24"><span class='ocrx_word' id='word_1_133' title='bbox 260 1572 566 1640; x_wconf 77' lang='grc' dir='ltr'>αἰτήσειεν,</span> <span class='ocrx_word' id='word_1_134' title='bbox 599 1571 750 1637; x_wconf 85' lang='grc' dir='ltr'>αὐτῷ</span> <span class='ocrx_word' id='word_1_135' title='bbox 777 1572 995 1642; x_wconf 85' lang='grc' dir='ltr'>δοθῆναι</span> <span class='ocrx_word' id='word_1_136' title='bbox 1033 1572 1211 1635; x_wconf 88' lang='grc' dir='ltr'>τοῦτο,</span> <span class='ocrx_word' id='word_1_137' title='bbox 1258 1573 1323 1626; x_wconf 85' lang='grc' dir='ltr'>ὲκ</span> <span class='ocrx_word' id='word_1_138' title='bbox 1370 1573 1565 1643; x_wconf 84' lang='grc' dir='ltr'>βάθους</span> <span class='ocrx_word' id='word_1_139' title='bbox 1604 1575 1702 1645; x_wconf 79' lang='grc' dir='ltr'>οὐχ</span> <span class='ocrx_word' id='word_1_140' title='bbox 1742 1578 1857 1630; x_wconf 78' lang='grc' dir='ltr'>ἑτέ-</span> 
     </span>
    </p>
   </div>
   <div class='ocr_carea' id='block_1_18' title="bbox 262 1664 1857 1737">
    <p class='ocr_par' dir='ltr' id='par_1_18' title="bbox 262 1664 1857 1737">
     <span class='ocr_line' id='line_1_18' title="bbox 262 1664 1857 1737; baseline 0.004 -20"><span class='ocrx_word' id='word_1_141' title='bbox 262 1682 365 1735; x_wconf 84' lang='grc' dir='ltr'><strong>ρου</strong></span> <span class='ocrx_word' id='word_1_142' title='bbox 411 1665 445 1736; x_wconf 79' lang='grc' dir='ltr'>ἢ</span> <span class='ocrx_word' id='word_1_143' title='bbox 477 1664 570 1718; x_wconf 88' lang='grc' dir='ltr'><strong>τοῦ</strong></span> <span class='ocrx_word' id='word_1_144' title='bbox 598 1665 740 1719; x_wconf 86' lang='grc' dir='ltr'>κατὰ</span> <span class='ocrx_word' id='word_1_145' title='bbox 769 1666 859 1721; x_wconf 83' lang='grc' dir='ltr'><strong>τὸν</strong></span> <span class='ocrx_word' id='word_1_146' title='bbox 895 1666 1060 1737; x_wconf 68' lang='grc' dir='ltr'>ᾅδην·</span> <span class='ocrx_word' id='word_1_147' title='bbox 1088 1667 1197 1719; x_wconf 75' lang='grc' dir='ltr'>εἴτε</span> <span class='ocrx_word' id='word_1_148' title='bbox 1231 1666 1291 1731; x_wconf 80' lang='grc' dir='ltr'>ἐξ</span> <span class='ocrx_word' id='word_1_149' title='bbox 1329 1666 1518 1737; x_wconf 75' lang='grc' dir='ltr'>ὕψους,</span> <span class='ocrx_word' id='word_1_150' title='bbox 1548 1667 1642 1721; x_wconf 78' lang='grc' dir='ltr'>καὶ</span> <span class='ocrx_word' id='word_1_151' title='bbox 1675 1669 1857 1723; x_wconf 73' lang='grc' dir='ltr'>αὐτῶν</span> 
     </span>
    </p>
   </div>
   <div class='ocr_carea' id='block_1_19' title="bbox 257 1757 868 1830">
    <p class='ocr_par' dir='ltr' id='par_1_19' title="bbox 257 1757 868 1830">
     <span class='ocr_line' id='line_1_19' title="bbox 257 1757 868 1830; baseline 0.002 -19"><span class='ocrx_word' id='word_1_152' title='bbox 257 1757 376 1811; x_wconf 73' lang='grc' dir='ltr'>τῶν</span> <span class='ocrx_word' id='word_1_153' title='bbox 406 1759 521 1813; x_wconf 81' lang='grc' dir='ltr'>ἄνω</span> <span class='ocrx_word' id='word_1_154' title='bbox 558 1758 868 1830; x_wconf 84' lang='grc' dir='ltr'>μετεώρων.</span> 
     </span>
    </p>
   </div>
   <div class='ocr_carea' id='block_1_20' title="bbox 1963 560 3547 642">
    <p class='ocr_par' dir='ltr' id='par_1_20' title="bbox 1963 560 3547 642">
     <span class='ocr_line' id='line_1_20' title="bbox 1963 560 3547 642; baseline 0.006 -25"><span class='ocrx_word' id='word_1_155' title='bbox 1963 562 2017 617; x_wconf 91' lang='lat' dir='ltr'><strong>in</strong></span> <span class='ocrx_word' id='word_1_156' title='bbox 2048 560 2397 633; x_wconf 82' lang='lat' dir='ltr'><strong>profundum,</strong></span> <span class='ocrx_word' id='word_1_157' title='bbox 2435 575 2530 620; x_wconf 90' lang='lat' dir='ltr'><strong>aut</strong></span> <span class='ocrx_word' id='word_1_158' title='bbox 2564 565 2619 620; x_wconf 89' lang='lat' dir='ltr'><strong>in</strong></span> <span class='ocrx_word' id='word_1_159' title='bbox 2642 566 2871 623; x_wconf 59' lang='lat' dir='ltr'><strong>altum.»</strong></span> <span class='ocrx_word' id='word_1_160' title='bbox 2906 567 3011 624; x_wconf 89' lang='lat' dir='ltr'><strong>Pro</strong></span> <span class='ocrx_word' id='word_1_161' title='bbox 3039 568 3152 638; x_wconf 91' lang='lat' dir='ltr'><strong>illo,</strong></span> <span class='ocrx_word' id='word_1_162' title='bbox 3188 589 3207 622; x_wconf 76' lang='grc' dir='ltr'><strong>ι</strong></span> <span class='ocrx_word' id='word_1_163' title='bbox 3234 570 3290 625; x_wconf 91' lang='lat' dir='ltr'><strong>in</strong></span> <span class='ocrx_word' id='word_1_164' title='bbox 3320 570 3547 642; x_wconf 77' lang='lat' dir='ltr'><strong>profun-</strong></span> 
     </span>
    </p>
   </div>
   <div class='ocr_carea' id='block_1_21' title="bbox 1944 656 3547 733">
    <p class='ocr_par' dir='ltr' id='par_1_21' title="bbox 1944 656 3547 733">
     <span class='ocr_line' id='line_1_21' title="bbox 1944 656 3547 733; baseline 0.002 -21"><span class='ocrx_word' id='word_1_165' title='bbox 1944 656 2113 722; x_wconf 89' lang='lat' dir='ltr'><strong>dum,</strong></span> <span class='ocrx_word' id='word_1_166' title='bbox 2163 666 2259 713; x_wconf 83' lang='lat' dir='ltr'><strong>aut</strong></span> <span class='ocrx_word' id='word_1_167' title='bbox 2324 659 2379 713; x_wconf 88' lang='lat' dir='ltr'><strong>itt</strong></span> <span class='ocrx_word' id='word_1_168' title='bbox 2428 657 2638 721; x_wconf 89' lang='lat' dir='ltr'><strong>altum,</strong></span> <span class='ocrx_word' id='word_1_169' title='bbox 2672 677 2692 710; x_wconf 73' lang='grc' dir='ltr'><strong>ι</strong></span> <span class='ocrx_word' id='word_1_170' title='bbox 2748 658 3111 730; x_wconf 85' lang='lat' dir='ltr'><strong>Symmachus</strong></span> <span class='ocrx_word' id='word_1_171' title='bbox 3162 662 3384 733; x_wconf 87' lang='lat' dir='ltr'><strong>quidem</strong></span> <span class='ocrx_word' id='word_1_172' title='bbox 3448 663 3547 726; x_wconf 83' lang='lat' dir='ltr'><strong>ait,</strong></span> 
     </span>
    </p>
   </div>
   <div class='ocr_carea' id='block_1_22' title="bbox 1967 747 3545 823">
    <p class='ocr_par' dir='ltr' id='par_1_22' title="bbox 1967 747 3545 823">
     <span class='ocr_line' id='line_1_22' title="bbox 1967 747 3545 823; baseline 0.005 -24"><span class='ocrx_word' id='word_1_173' title='bbox 1967 766 1987 799; x_wconf 74' lang='grc' dir='ltr'><strong>ι</strong></span> <span class='ocrx_word' id='word_1_174' title='bbox 2014 747 2147 803; x_wconf 89' lang='lat' dir='ltr'><strong>Pete</strong></span> <span class='ocrx_word' id='word_1_175' title='bbox 2175 747 2271 803; x_wconf 91' lang='lat' dir='ltr'><strong>tibi</strong></span> <span class='ocrx_word' id='word_1_176' title='bbox 2297 748 2513 818; x_wconf 68' lang='lat' dir='ltr'><strong>signum</strong></span> <span class='ocrx_word' id='word_1_177' title='bbox 2542 765 2571 803; x_wconf 89' lang='lat' dir='ltr'><strong>a</strong></span> <span class='ocrx_word' id='word_1_178' title='bbox 2606 748 2838 807; x_wconf 92' lang='lat' dir='ltr'><strong>Domino</strong></span> <span class='ocrx_word' id='word_1_179' title='bbox 2885 750 2996 807; x_wconf 91' lang='lat' dir='ltr'><strong>Deo</strong></span> <span class='ocrx_word' id='word_1_180' title='bbox 3036 761 3155 821; x_wconf 86' lang='lat' dir='ltr'><strong>tuo,</strong></span> <span class='ocrx_word' id='word_1_181' title='bbox 3207 753 3452 823; x_wconf 84' lang='lat' dir='ltr'><strong>deprime</strong></span> <span class='ocrx_word' id='word_1_182' title='bbox 3489 754 3545 809; x_wconf 89' lang='lat' dir='ltr'><strong>in</strong></span> 
     </span>
    </p>
   </div>
   <div class='ocr_carea' id='block_1_23' title="bbox 1940 837 3546 914">
    <p class='ocr_par' dir='ltr' id='par_1_23' title="bbox 1940 837 3546 914">
     <span class='ocr_line' id='line_1_23' title="bbox 1940 837 3546 914; baseline 0.004 -22"><span class='ocrx_word' id='word_1_183' title='bbox 1940 837 2259 903; x_wconf 81' lang='lat' dir='ltr'><strong>infernum,</strong></span> <span class='ocrx_word' id='word_1_184' title='bbox 2284 851 2381 895; x_wconf 88' lang='lat' dir='ltr'><strong>aut</strong></span> <span class='ocrx_word' id='word_1_185' title='bbox 2423 842 2479 896; x_wconf 91' lang='lat' dir='ltr'><strong>in</strong></span> <span class='ocrx_word' id='word_1_186' title='bbox 2519 840 2796 897; x_wconf 83' lang='lat' dir='ltr'><strong>excelsum</strong></span> <span class='ocrx_word' id='word_1_187' title='bbox 2842 857 3041 911; x_wconf 87' lang='lat' dir='ltr'><strong>supra;</strong></span> <span class='ocrx_word' id='word_1_188' title='bbox 3073 862 3092 897; x_wconf 76' lang='grc' dir='ltr'><strong>ι</strong></span> <span class='ocrx_word' id='word_1_189' title='bbox 3150 846 3346 914; x_wconf 87' lang='lat' dir='ltr'><strong>Aquila</strong></span> <span class='ocrx_word' id='word_1_190' title='bbox 3390 861 3546 910; x_wconf 89' lang='lat' dir='ltr'><strong>vero,</strong></span> 
     </span>
    </p>
   </div>
   <div class='ocr_carea' id='block_1_24' title="bbox 1966 930 3544 1007">
    <p class='ocr_par' dir='ltr' id='par_1_24' title="bbox 1966 930 3544 1007">
     <span class='ocr_line' id='line_1_24' title="bbox 1966 930 3544 1007; baseline 0.005 -24"><span class='ocrx_word' id='word_1_191' title='bbox 1966 949 1985 983; x_wconf 75' lang='grc' dir='ltr'><strong>ι</strong></span> <span class='ocrx_word' id='word_1_192' title='bbox 2008 930 2157 1003; x_wconf 82' lang='lat' dir='ltr'><strong>Roga</strong></span> <span class='ocrx_word' id='word_1_193' title='bbox 2200 933 2299 989; x_wconf 90' lang='lat' dir='ltr'><strong>tibi</strong></span> <span class='ocrx_word' id='word_1_194' title='bbox 2324 934 2538 1004; x_wconf 86' lang='lat' dir='ltr'><strong>signum</strong></span> <span class='ocrx_word' id='word_1_195' title='bbox 2573 948 2602 988; x_wconf 89' lang='lat' dir='ltr'><strong>a</strong></span> <span class='ocrx_word' id='word_1_196' title='bbox 2636 934 2866 989; x_wconf 91' lang='lat' dir='ltr'><strong>Domino</strong></span> <span class='ocrx_word' id='word_1_197' title='bbox 2896 936 3007 990; x_wconf 91' lang='lat' dir='ltr'><strong>Deo</strong></span> <span class='ocrx_word' id='word_1_198' title='bbox 3052 946 3165 1001; x_wconf 93' lang='lat' dir='ltr'><strong>tuo,</strong></span> <span class='ocrx_word' id='word_1_199' title='bbox 3213 937 3461 1007; x_wconf 88' lang='lat' dir='ltr'><strong>deprime</strong></span> <span class='ocrx_word' id='word_1_200' title='bbox 3492 938 3544 991; x_wconf 92' lang='lat' dir='ltr'><strong>in</strong></span> 
     </span>
    </p>
   </div>
   <div class='ocr_carea' id='block_1_25' title="bbox 1960 1023 3543 1095">
    <p class='ocr_par' dir='ltr' id='par_1_25' title="bbox 1960 1023 3543 1095">
     <span class='ocr_line' id='line_1_25' title="bbox 1960 1023 3543 1095; baseline 0.003 -18"><span class='ocrx_word' id='word_1_201' title='bbox 1960 1023 2259 1088; x_wconf 80' lang='lat' dir='ltr'><strong>infernum,</strong></span> <span class='ocrx_word' id='word_1_202' title='bbox 2287 1024 2436 1081; x_wconf 91' lang='lat' dir='ltr'><strong>eleva</strong></span> <span class='ocrx_word' id='word_1_203' title='bbox 2474 1026 2527 1080; x_wconf 93' lang='lat' dir='ltr'><strong>in</strong></span> <span class='ocrx_word' id='word_1_204' title='bbox 2567 1025 2771 1091; x_wconf 89' lang='lat' dir='ltr'><strong>altum;</strong></span> <span class='ocrx_word' id='word_1_205' title='bbox 2798 1045 2817 1078; x_wconf 77' lang='grc' dir='ltr'><strong>ι</strong></span> <span class='ocrx_word' id='word_1_206' title='bbox 2868 1025 3193 1095; x_wconf 83' lang='lat' dir='ltr'><strong>Theodotio,</strong></span> <span class='ocrx_word' id='word_1_207' title='bbox 3226 1048 3244 1081; x_wconf 77' lang='grc' dir='ltr'><strong>ι</strong></span> <span class='ocrx_word' id='word_1_208' title='bbox 3274 1030 3406 1085; x_wconf 82' lang='lat' dir='ltr'><strong>Pete</strong></span> <span class='ocrx_word' id='word_1_209' title='bbox 3449 1028 3543 1083; x_wconf 82' lang='lat' dir='ltr'><strong>libi</strong></span> 
     </span>
    </p>
   </div>
   <div class='ocr_carea' id='block_1_26' title="bbox 1960 1117 3540 1188">
    <p class='ocr_par' dir='ltr' id='par_1_26' title="bbox 1960 1117 3540 1188">
     <span class='ocr_line' id='line_1_26' title="bbox 1960 1117 3540 1188; baseline 0.004 -18"><span class='ocrx_word' id='word_1_210' title='bbox 1960 1117 2175 1188; x_wconf 83' lang='lat' dir='ltr'><strong>signum</strong></span> <span class='ocrx_word' id='word_1_211' title='bbox 2214 1132 2242 1172; x_wconf 87' lang='lat' dir='ltr'><strong>a</strong></span> <span class='ocrx_word' id='word_1_212' title='bbox 2294 1118 2525 1172; x_wconf 91' lang='lat' dir='ltr'><strong>Domino</strong></span> <span class='ocrx_word' id='word_1_213' title='bbox 2554 1118 2664 1173; x_wconf 90' lang='lat' dir='ltr'><strong>Deo</strong></span> <span class='ocrx_word' id='word_1_214' title='bbox 2722 1127 2836 1183; x_wconf 89' lang='lat' dir='ltr'><strong>tuo,</strong></span> <span class='ocrx_word' id='word_1_215' title='bbox 2870 1118 3113 1188; x_wconf 88' lang='lat' dir='ltr'><strong>deprime</strong></span> <span class='ocrx_word' id='word_1_216' title='bbox 3144 1121 3197 1175; x_wconf 92' lang='lat' dir='ltr'><strong>in</strong></span> <span class='ocrx_word' id='word_1_217' title='bbox 3250 1122 3540 1187; x_wconf 79' lang='lat' dir='ltr'><strong>infernum,</strong></span> 
     </span>
    </p>
   </div>
   <div class='ocr_carea' id='block_1_27' title="bbox 1959 1207 3541 1283">
    <p class='ocr_par' dir='ltr' id='par_1_27' title="bbox 1959 1207 3541 1283">
     <span class='ocr_line' id='line_1_27' title="bbox 1959 1207 3541 1283; baseline 0.002 -19"><span class='ocrx_word' id='word_1_218' title='bbox 1959 1209 2114 1265; x_wconf 83' lang='lat' dir='ltr'><strong>eieva</strong></span> <span class='ocrx_word' id='word_1_219' title='bbox 2145 1209 2199 1264; x_wconf 90' lang='lat' dir='ltr'><strong>in</strong></span> <span class='ocrx_word' id='word_1_220' title='bbox 2226 1208 2447 1264; x_wconf 63' lang='lat' dir='ltr'><strong>altum.»</strong></span> <span class='ocrx_word' id='word_1_221' title='bbox 2475 1207 2703 1264; x_wconf 72' lang='lat' dir='ltr'><strong>Julietur</strong></span> <span class='ocrx_word' id='word_1_222' title='bbox 2727 1225 2857 1281; x_wconf 81' lang='lat' dir='ltr'><strong>ergo</strong></span> <span class='ocrx_word' id='word_1_223' title='bbox 2884 1211 3067 1265; x_wconf 82' lang='lat' dir='ltr'><strong>Achaz</strong></span> <span class='ocrx_word' id='word_1_224' title='bbox 3092 1212 3307 1283; x_wconf 90' lang='lat' dir='ltr'><strong>signum</strong></span> <span class='ocrx_word' id='word_1_225' title='bbox 3332 1223 3541 1283; x_wconf 91' lang='lat' dir='ltr'><strong>petere,</strong></span> 
     </span>
    </p>
   </div>
   <div class='ocr_carea' id='block_1_28' title="bbox 1959 1302 3541 1373">
    <p class='ocr_par' dir='ltr' id='par_1_28' title="bbox 1959 1302 3541 1373">
     <span class='ocr_line' id='line_1_28' title="bbox 1959 1302 3541 1373; baseline 0.003 -17"><span class='ocrx_word' id='word_1_226' title='bbox 1959 1317 2066 1371; x_wconf 93' lang='lat' dir='ltr'><strong>quo</strong></span> <span class='ocrx_word' id='word_1_227' title='bbox 2100 1311 2215 1357; x_wconf 90' lang='lat' dir='ltr'><strong>tum</strong></span> <span class='ocrx_word' id='word_1_228' title='bbox 2263 1302 2398 1372; x_wconf 91' lang='lat' dir='ltr'><strong>ipse,</strong></span> <span class='ocrx_word' id='word_1_229' title='bbox 2451 1311 2560 1357; x_wconf 90' lang='lat' dir='ltr'><strong>tum</strong></span> <span class='ocrx_word' id='word_1_230' title='bbox 2597 1303 2820 1373; x_wconf 88' lang='lat' dir='ltr'><strong>populus</strong></span> <span class='ocrx_word' id='word_1_231' title='bbox 2861 1302 2978 1373; x_wconf 88' lang='lat' dir='ltr'><strong>ejus</strong></span> <span class='ocrx_word' id='word_1_232' title='bbox 3009 1305 3237 1360; x_wconf 75' lang='lat' dir='ltr'><strong>salutem</strong></span> <span class='ocrx_word' id='word_1_233' title='bbox 3278 1321 3541 1362; x_wconf 85' lang='lat' dir='ltr'><strong>consecu-</strong></span> 
     </span>
    </p>
   </div>
   <div class='ocr_carea' id='block_1_29' title="bbox 1961 1393 3542 1468">
    <p class='ocr_par' dir='ltr' id='par_1_29' title="bbox 1961 1393 3542 1468">
     <span class='ocr_line' id='line_1_29' title="bbox 1961 1393 3542 1468; baseline 0.004 -20"><span class='ocrx_word' id='word_1_234' title='bbox 1961 1405 2114 1449; x_wconf 90' lang='lat' dir='ltr'><strong>turus</strong></span> <span class='ocrx_word' id='word_1_235' title='bbox 2161 1403 2301 1448; x_wconf 86' lang='lat' dir='ltr'><strong>erat.</strong></span> <span class='ocrx_word' id='word_1_236' title='bbox 2362 1393 2703 1450; x_wconf 88' lang='lat' dir='ltr'><strong>Facultatem</strong></span> <span class='ocrx_word' id='word_1_237' title='bbox 2743 1405 2925 1451; x_wconf 90' lang='lat' dir='ltr'><strong>autem</strong></span> <span class='ocrx_word' id='word_1_238' title='bbox 2983 1397 3083 1468; x_wconf 87' lang='lat' dir='ltr'><strong>ipsi</strong></span> <span class='ocrx_word' id='word_1_239' title='bbox 3137 1397 3343 1467; x_wconf 75' lang='lat' dir='ltr'><strong>przebet</strong></span> <span class='ocrx_word' id='word_1_240' title='bbox 3398 1397 3542 1456; x_wconf 84' lang='lat' dir='ltr'><strong>Deus</strong></span> 
     </span>
    </p>
   </div>
   <div class='ocr_carea' id='block_1_30' title="bbox 1959 1485 3537 1559">
    <p class='ocr_par' dir='ltr' id='par_1_30' title="bbox 1959 1485 3537 1559">
     <span class='ocr_line' id='line_1_30' title="bbox 1959 1485 3537 1559; baseline 0.004 -21"><span class='ocrx_word' id='word_1_241' title='bbox 1959 1485 2189 1556; x_wconf 80' lang='lat' dir='ltr'><strong>eligendi</strong></span> <span class='ocrx_word' id='word_1_242' title='bbox 2220 1485 2385 1555; x_wconf 80' lang='lat' dir='ltr'><strong>signi,</strong></span> <span class='ocrx_word' id='word_1_243' title='bbox 2435 1500 2499 1540; x_wconf 91' lang='lat' dir='ltr'><strong>ac</strong></span> <span class='ocrx_word' id='word_1_244' title='bbox 2531 1486 2574 1541; x_wconf 92' lang='lat' dir='ltr'><strong>si</strong></span> <span class='ocrx_word' id='word_1_245' title='bbox 2623 1501 2690 1541; x_wconf 83' lang='lat' dir='ltr'><strong>ex</strong></span> <span class='ocrx_word' id='word_1_246' title='bbox 2730 1485 3007 1556; x_wconf 79' lang='lat' dir='ltr'><strong>profundo</strong></span> <span class='ocrx_word' id='word_1_247' title='bbox 3050 1496 3236 1557; x_wconf 89' lang='lat' dir='ltr'><strong>petat;</strong></span> <span class='ocrx_word' id='word_1_248' title='bbox 3294 1504 3361 1544; x_wconf 81' lang='lat' dir='ltr'><strong>ex</strong></span> <span class='ocrx_word' id='word_1_249' title='bbox 3409 1503 3537 1559; x_wconf 88' lang='lat' dir='ltr'><strong>pro-</strong></span> 
     </span>
    </p>
   </div>
   <div class='ocr_carea' id='block_1_31' title="bbox 1961 1576 3543 1646">
    <p class='ocr_par' dir='ltr' id='par_1_31' title="bbox 1961 1576 3543 1646">
     <span class='ocr_line' id='line_1_31' title="bbox 1961 1576 3543 1646; baseline 0.004 -16"><span class='ocrx_word' id='word_1_250' title='bbox 1961 1576 2150 1639; x_wconf 79' lang='lat' dir='ltr'><strong>fundo,</strong></span> <span class='ocrx_word' id='word_1_251' title='bbox 2194 1591 2300 1630; x_wconf 90' lang='lat' dir='ltr'><strong>non</strong></span> <span class='ocrx_word' id='word_1_252' title='bbox 2327 1578 2433 1631; x_wconf 90' lang='lat' dir='ltr'><strong>alio</strong></span> <span class='ocrx_word' id='word_1_253' title='bbox 2463 1578 2674 1631; x_wconf 90' lang='lat' dir='ltr'><strong>scilicet</strong></span> <span class='ocrx_word' id='word_1_254' title='bbox 2716 1592 2878 1646; x_wconf 88' lang='lat' dir='ltr'><strong>quam</strong></span> <span class='ocrx_word' id='word_1_255' title='bbox 2920 1578 3165 1645; x_wconf 80' lang='lat' dir='ltr'><strong>inferno,</strong></span> <span class='ocrx_word' id='word_1_256' title='bbox 3211 1595 3270 1635; x_wconf 89' lang='lat' dir='ltr'><strong>se</strong></span> <span class='ocrx_word' id='word_1_257' title='bbox 3310 1596 3543 1637; x_wconf 85' lang='lat' dir='ltr'><strong>conces-</strong></span> 
     </span>
    </p>
   </div>
   <div class='ocr_carea' id='block_1_32' title="bbox 1960 1670 3541 1744">
    <p class='ocr_par' dir='ltr' id='par_1_32' title="bbox 1960 1670 3541 1744">
     <span class='ocr_line' id='line_1_32' title="bbox 1960 1670 3541 1744; baseline 0.004 -21"><span class='ocrx_word' id='word_1_258' title='bbox 1960 1685 2183 1736; x_wconf 83' lang='lat' dir='ltr'><strong>surum;</strong></span> <span class='ocrx_word' id='word_1_259' title='bbox 2221 1672 2267 1723; x_wconf 92' lang='lat' dir='ltr'><strong>sl</strong></span> <span class='ocrx_word' id='word_1_260' title='bbox 2292 1684 2422 1724; x_wconf 92' lang='lat' dir='ltr'><strong>vero</strong></span> <span class='ocrx_word' id='word_1_261' title='bbox 2448 1684 2515 1724; x_wconf 79' lang='lat' dir='ltr'><strong>ex</strong></span> <span class='ocrx_word' id='word_1_262' title='bbox 2553 1670 2685 1735; x_wconf 91' lang='lat' dir='ltr'><strong>alto,</strong></span> <span class='ocrx_word' id='word_1_263' title='bbox 2718 1678 2814 1724; x_wconf 92' lang='lat' dir='ltr'><strong>aut</strong></span> <span class='ocrx_word' id='word_1_264' title='bbox 2845 1685 2913 1725; x_wconf 81' lang='lat' dir='ltr'><strong>ex</strong></span> <span class='ocrx_word' id='word_1_265' title='bbox 2940 1672 3353 1731; x_wconf 80' lang='lat' dir='ltr'><strong>sublimioribus</strong></span> <span class='ocrx_word' id='word_1_266' title='bbox 3379 1674 3541 1744; x_wconf 84' lang='lat' dir='ltr'><strong>locis,</strong></span> 
     </span>
    </p>
   </div>
   <div class='ocr_carea' id='block_1_33' title="bbox 1960 1762 2613 1830">
    <p class='ocr_par' dir='ltr' id='par_1_33' title="bbox 1960 1762 2613 1830">
     <span class='ocr_line' id='line_1_33' title="bbox 1960 1762 2613 1830; baseline -0.003 -14"><span class='ocrx_word' id='word_1_267' title='bbox 1960 1776 2019 1816; x_wconf 83' lang='lat' dir='ltr'><strong>se</strong></span> <span class='ocrx_word' id='word_1_268' title='bbox 2047 1763 2298 1815; x_wconf 82' lang='lat' dir='ltr'><strong>datnrutn</strong></span> <span class='ocrx_word' id='word_1_269' title='bbox 2326 1762 2613 1830; x_wconf 87' lang='lat' dir='ltr'><strong>pollicetur</strong></span> 
     </span>
    </p>
   </div>
   <div class='ocr_carea' id='block_1_34' title="bbox 343 1839 1857 1925">
    <p class='ocr_par' dir='ltr' id='par_1_34' title="bbox 343 1846 1857 1925">
     <span class='ocr_line' id='line_1_34' title="bbox 343 1846 1857 1925; baseline 0.002 -22"><span class='ocrx_word' id='word_1_270' title='bbox 343 1870 365 1902; x_wconf 85' lang='grc'><em>‹</em></span> <span class='ocrx_word' id='word_1_271' title='bbox 404 1852 513 1904; x_wconf 76' lang='grc' dir='ltr'>Καὶ</span> <span class='ocrx_word' id='word_1_272' title='bbox 544 1846 696 1905; x_wconf 81' lang='grc' dir='ltr'>εἶπεν</span> <span class='ocrx_word' id='word_1_273' title='bbox 731 1848 917 1920; x_wconf 75' lang='grc' dir='ltr'>Ἀχάζ,</span> <span class='ocrx_word' id='word_1_274' title='bbox 943 1850 1018 1903; x_wconf 85' lang='grc' dir='ltr'>Ού</span> <span class='ocrx_word' id='word_1_275' title='bbox 1060 1850 1133 1923; x_wconf 79' lang='grc' dir='ltr'>μὴ</span> <span class='ocrx_word' id='word_1_276' title='bbox 1157 1851 1385 1922; x_wconf 80' lang='grc' dir='ltr'>αίτήσω,</span> <span class='ocrx_word' id='word_1_277' title='bbox 1422 1852 1532 1906; x_wconf 79' lang='grc' dir='ltr'><strong>οὐδ’</strong></span> <span class='ocrx_word' id='word_1_278' title='bbox 1554 1852 1615 1906; x_wconf 84' lang='grc' dir='ltr'><strong>ού</strong></span> <span class='ocrx_word' id='word_1_279' title='bbox 1649 1851 1722 1925; x_wconf 81' lang='grc' dir='ltr'>μὴ</span> <span class='ocrx_word' id='word_1_280' title='bbox 1747 1870 1857 1906; x_wconf 90' lang='grc' dir='ltr'>πει-</span> 
     </span>
    </p>
   </div>
   <div class='ocr_carea' id='block_1_35' title="bbox 1962 1839 3541 1925">
    <p class='ocr_par' dir='ltr' id='par_1_35' title="bbox 2041 1848 3541 1923">
     <span class='ocr_line' id='line_1_35' title="bbox 2041 1848 3541 1923; baseline 0.007 -22"><span class='ocrx_word' id='word_1_281' title='bbox 2041 1848 2201 1904; x_wconf 78' lang='lat' dir='ltr'><strong>Vsns.</strong></span> <span class='ocrx_word' id='word_1_282' title='bbox 2247 1850 2334 1906; x_wconf 75' lang='grc'><strong>12.</strong></span> <span class='ocrx_word' id='word_1_283' title='bbox 2382 1870 2401 1902; x_wconf 77' lang='grc' dir='ltr'><strong>ι</strong></span> <span class='ocrx_word' id='word_1_284' title='bbox 2429 1850 2495 1905; x_wconf 86' lang='lat' dir='ltr'><strong>Et</strong></span> <span class='ocrx_word' id='word_1_285' title='bbox 2524 1851 2664 1905; x_wconf 84' lang='lat' dir='ltr'><strong>dixit</strong></span> <span class='ocrx_word' id='word_1_286' title='bbox 2693 1851 2900 1918; x_wconf 85' lang='lat' dir='ltr'><strong>Acnaz,</strong></span> <span class='ocrx_word' id='word_1_287' title='bbox 2933 1850 3049 1907; x_wconf 92' lang='lat' dir='ltr'><strong>Non</strong></span> <span class='ocrx_word' id='word_1_288' title='bbox 3078 1863 3258 1923; x_wconf 83' lang='lat' dir='ltr'><strong>petam</strong></span> <span class='ocrx_word' id='word_1_289' title='bbox 3280 1899 3294 1922; x_wconf 93' lang='lat'><strong>,</strong></span> <span class='ocrx_word' id='word_1_290' title='bbox 3341 1864 3398 1911; x_wconf 89' lang='lat' dir='ltr'><strong>et</strong></span> <span class='ocrx_word' id='word_1_291' title='bbox 3432 1871 3541 1911; x_wconf 87' lang='lat' dir='ltr'><strong>non</strong></span> 
     </span>
    </p>
   </div>
   <div class='ocr_carea' id='block_1_36' title="bbox 262 1939 1857 2016">
    <p class='ocr_par' dir='ltr' id='par_1_36' title="bbox 262 1939 1857 2016">
     <span class='ocr_line' id='line_1_36' title="bbox 262 1939 1857 2016; baseline 0.001 -19"><span class='ocrx_word' id='word_1_292' title='bbox 262 1944 424 2016; x_wconf 88' lang='grc' dir='ltr'>ράσω</span> <span class='ocrx_word' id='word_1_293' title='bbox 461 1942 684 2016; x_wconf 90' lang='grc' dir='ltr'>Κύριον.</span> <span class='ocrx_word' id='word_1_294' title='bbox 731 1962 750 1995; x_wconf 73' lang='grc' dir='ltr'><strong>ι</strong></span> <span class='ocrx_word' id='word_1_295' title='bbox 795 1944 1096 1997; x_wconf 84' lang='grc' dir='ltr'>Ἀναίνεται</span> <span class='ocrx_word' id='word_1_296' title='bbox 1142 1944 1207 2016; x_wconf 80' lang='grc' dir='ltr'><strong>δὴ</strong></span> <span class='ocrx_word' id='word_1_297' title='bbox 1249 1939 1362 2009; x_wconf 83' lang='grc' dir='ltr'>οῦν,</span> <span class='ocrx_word' id='word_1_298' title='bbox 1411 1944 1507 1999; x_wconf 80' lang='grc' dir='ltr'>ἆτε</span> <span class='ocrx_word' id='word_1_299' title='bbox 1540 1944 1605 2016; x_wconf 84' lang='grc' dir='ltr'><strong>δὴ</strong></span> <span class='ocrx_word' id='word_1_300' title='bbox 1655 1945 1857 2016; x_wconf 80' lang='grc' dir='ltr'>ἀσεϐὴς</span> 
     </span>
    </p>
   </div>
   <div class='ocr_carea' id='block_1_37' title="bbox 258 2035 1857 2109">
    <p class='ocr_par' dir='ltr' id='par_1_37' title="bbox 258 2035 1857 2109">
     <span class='ocr_line' id='line_1_37' title="bbox 258 2035 1857 2109; baseline 0.001 -19"><span class='ocrx_word' id='word_1_301' title='bbox 258 2036 363 2099; x_wconf 71' lang='grc' dir='ltr'>ὢν,</span> <span class='ocrx_word' id='word_1_302' title='bbox 390 2036 485 2089; x_wconf 82' lang='grc' dir='ltr'>καὶ</span> <span class='ocrx_word' id='word_1_303' title='bbox 514 2035 590 2108; x_wconf 84' lang='grc' dir='ltr'>μὴ</span> <span class='ocrx_word' id='word_1_304' title='bbox 611 2036 922 2108; x_wconf 87' lang='grc' dir='ltr'>πειθαρχῶν</span> <span class='ocrx_word' id='word_1_305' title='bbox 950 2035 1029 2107; x_wconf 91' lang='grc' dir='ltr'><strong>τῷ</strong></span> <span class='ocrx_word' id='word_1_306' title='bbox 1043 2036 1161 2108; x_wconf 85' lang='grc' dir='ltr'><strong>Θεῷ</strong></span> <span class='ocrx_word' id='word_1_307' title='bbox 1186 2036 1480 2101; x_wconf 88' lang='grc' dir='ltr'>κελεύοντι,</span> <span class='ocrx_word' id='word_1_308' title='bbox 1512 2037 1586 2109; x_wconf 80' lang='grc' dir='ltr'>μὴ</span> <span class='ocrx_word' id='word_1_309' title='bbox 1610 2038 1665 2091; x_wconf 86' lang='grc' dir='ltr'><strong>δὲ</strong></span> <span class='ocrx_word' id='word_1_310' title='bbox 1688 2037 1857 2091; x_wconf 83' lang='grc' dir='ltr'>θέλων</span> 
     </span>
    </p>
   </div>
   <div class='ocr_carea' id='block_1_38' title="bbox 258 2127 1860 2201">
    <p class='ocr_par' dir='ltr' id='par_1_38' title="bbox 258 2127 1860 2201">
     <span class='ocr_line' id='line_1_38' title="bbox 258 2127 1860 2201; baseline 0.001 -20"><span class='ocrx_word' id='word_1_311' title='bbox 258 2128 578 2200; x_wconf 74' lang='grc' dir='ltr'>ἀπόπειραν</span> <span class='ocrx_word' id='word_1_312' title='bbox 605 2128 789 2183; x_wconf 88' lang='grc' dir='ltr'>λαϐεῖν</span> <span class='ocrx_word' id='word_1_313' title='bbox 826 2132 926 2199; x_wconf 80' lang='grc' dir='ltr'>τῆς</span> <span class='ocrx_word' id='word_1_314' title='bbox 952 2128 1045 2182; x_wconf 90' lang='grc' dir='ltr'><strong>τοῦ</strong></span> <span class='ocrx_word' id='word_1_315' title='bbox 1078 2128 1212 2183; x_wconf 89' lang='grc' dir='ltr'>Θεοῦ</span> <span class='ocrx_word' id='word_1_316' title='bbox 1246 2127 1679 2201; x_wconf 80' lang='grc' dir='ltr'>παραδοξοποιοῦ</span> <span class='ocrx_word' id='word_1_317' title='bbox 1708 2129 1860 2183; x_wconf 86' lang='grc' dir='ltr'>δυνά-</span> 
     </span>
    </p>
   </div>
   <div class='ocr_carea' id='block_1_39' title="bbox 261 2238 440 2291">
    <p class='ocr_par' dir='ltr' id='par_1_39' title="bbox 261 2238 440 2291">
     <span class='ocr_line' id='line_1_39' title="bbox 261 2238 440 2291; baseline 0 0"><span class='ocrx_word' id='word_1_318' title='bbox 261 2238 440 2291; x_wconf 80' lang='grc' dir='ltr'>μεως-</span> 
     </span>
    </p>
   </div>
   <div class='ocr_carea' id='block_1_40' title="bbox 343 2303 1858 2381">
    <p class='ocr_par' dir='ltr' id='par_1_40' title="bbox 343 2303 1858 2381">
     <span class='ocr_line' id='line_1_40' title="bbox 343 2303 1858 2381; baseline -0.001 -18"><span class='ocrx_word' id='word_1_319' title='bbox 343 2329 361 2363; x_wconf 76' lang='grc' dir='ltr'><strong>ι</strong></span> <span class='ocrx_word' id='word_1_320' title='bbox 391 2312 507 2364; x_wconf 76' lang='grc' dir='ltr'>Καὶ</span> <span class='ocrx_word' id='word_1_321' title='bbox 540 2309 727 2363; x_wconf 77' lang='grc' dir='ltr'>εἶπεν·</span> <span class='ocrx_word' id='word_1_322' title='bbox 774 2309 1070 2364; x_wconf 80' lang='grc' dir='ltr'>Ἀκούσατε</span> <span class='ocrx_word' id='word_1_323' title='bbox 1100 2312 1186 2380; x_wconf 82' lang='grc' dir='ltr'><strong>δὴ,</strong></span> <span class='ocrx_word' id='word_1_324' title='bbox 1216 2303 1366 2375; x_wconf 75' lang='grc' dir='ltr'>οἶκος</span> <span class='ocrx_word' id='word_1_325' title='bbox 1401 2310 1592 2364; x_wconf 77' lang='grc' dir='ltr'><strong>Δαυῖδ·</strong></span> <span class='ocrx_word' id='word_1_326' title='bbox 1640 2310 1732 2381; x_wconf 81' lang='grc' dir='ltr'><strong>Μὴ</strong></span> <span class='ocrx_word' id='word_1_327' title='bbox 1771 2328 1858 2380; x_wconf 92' lang='grc' dir='ltr'>μι-</span> 
     </span>
    </p>
   </div>
   <div class='ocr_carea' id='block_1_41' title="bbox 258 2402 1858 2476">
    <p class='ocr_par' dir='ltr' id='par_1_41' title="bbox 258 2402 1858 2476">
     <span class='ocr_line' id='line_1_41' title="bbox 258 2402 1858 2476; baseline -0.001 -21"><span class='ocrx_word' id='word_1_328' title='bbox 258 2403 399 2474; x_wconf 82' lang='grc' dir='ltr'>κρὸν</span> <span class='ocrx_word' id='word_1_329' title='bbox 431 2403 563 2473; x_wconf 84' lang='grc' dir='ltr'>ύμῖν</span> <span class='ocrx_word' id='word_1_330' title='bbox 610 2402 797 2471; x_wconf 82' lang='grc' dir='ltr'>ἀγῶνα</span> <span class='ocrx_word' id='word_1_331' title='bbox 840 2403 1101 2475; x_wconf 88' lang='grc' dir='ltr'>παρέχειν</span> <span class='ocrx_word' id='word_1_332' title='bbox 1140 2402 1470 2476; x_wconf 87' lang='grc' dir='ltr'>ἀνθρώποις,</span> <span class='ocrx_word' id='word_1_333' title='bbox 1512 2402 1631 2467; x_wconf 85' lang='grc' dir='ltr'>πῶς</span> <span class='ocrx_word' id='word_1_334' title='bbox 1667 2403 1858 2475; x_wconf 81' lang='grc' dir='ltr'>Κυρίῳ</span> 
     </span>
    </p>
   </div>
   <div class='ocr_carea' id='block_1_42' title="bbox 258 2494 1855 2567">
    <p class='ocr_par' dir='ltr' id='par_1_42' title="bbox 258 2494 1855 2567">
     <span class='ocr_line' id='line_1_42' title="bbox 258 2494 1855 2567; baseline -0.001 -18"><span class='ocrx_word' id='word_1_335' title='bbox 258 2496 539 2567; x_wconf 71' lang='grc' dir='ltr'>παρέχετε</span> <span class='ocrx_word' id='word_1_336' title='bbox 569 2494 791 2563; x_wconf 87' lang='grc' dir='ltr'>ἀγῶνα;</span> <span class='ocrx_word' id='word_1_337' title='bbox 830 2513 849 2547; x_wconf 70' lang='grc' dir='ltr'><strong>ι</strong></span> <span class='ocrx_word' id='word_1_338' title='bbox 890 2495 1014 2549; x_wconf 74' lang='grc' dir='ltr'><strong>Ἐπὶ</strong></span> <span class='ocrx_word' id='word_1_339' title='bbox 1038 2498 1103 2567; x_wconf 79' lang='grc' dir='ltr'>τῇ</span> <span class='ocrx_word' id='word_1_340' title='bbox 1128 2495 1222 2549; x_wconf 90' lang='grc' dir='ltr'><strong>τοῦ</strong></span> <span class='ocrx_word' id='word_1_341' title='bbox 1251 2496 1445 2567; x_wconf 85' lang='grc' dir='ltr'>ἀνδρὸς</span> <span class='ocrx_word' id='word_1_342' title='bbox 1469 2494 1697 2567; x_wconf 78' lang='grc' dir='ltr'>ἀπονοίᾳ</span> <span class='ocrx_word' id='word_1_343' title='bbox 1728 2512 1855 2565; x_wconf 83' lang='grc' dir='ltr'>σχε-</span> 
     </span>
    </p>
   </div>
   <div class='ocr_carea' id='block_1_43' title="bbox 254 2584 1856 2659">
    <p class='ocr_par' dir='ltr' id='par_1_43' title="bbox 254 2584 1856 2659">
     <span class='ocr_line' id='line_1_43' title="bbox 254 2584 1856 2659; baseline 0 -20"><span class='ocrx_word' id='word_1_344' title='bbox 254 2586 495 2649; x_wconf 84' lang='grc' dir='ltr'>τλιάσας</span> <span class='ocrx_word' id='word_1_345' title='bbox 532 2587 561 2639; x_wconf 91' lang='lat'><strong>6</strong></span> <span class='ocrx_word' id='word_1_346' title='bbox 604 2587 921 2659; x_wconf 74' lang='grc' dir='ltr'>προφήτης,</span> <span class='ocrx_word' id='word_1_347' title='bbox 956 2585 1014 2653; x_wconf 74' lang='grc' dir='ltr'>ἐξ</span> <span class='ocrx_word' id='word_1_348' title='bbox 1051 2586 1251 2640; x_wconf 88' lang='grc' dir='ltr'>οίκείου</span> <span class='ocrx_word' id='word_1_349' title='bbox 1296 2584 1589 2658; x_wconf 82' lang='grc' dir='ltr'>προσώπου</span> <span class='ocrx_word' id='word_1_350' title='bbox 1613 2584 1680 2639; x_wconf 79' lang='grc' dir='ltr'><strong>τά</strong></span> <span class='ocrx_word' id='word_1_351' title='bbox 1725 2584 1856 2656; x_wconf 75' lang='grc' dir='ltr'><strong>ἑξῆς</strong></span> 
     </span>
    </p>
   </div>
   <div class='ocr_carea' id='block_1_44' title="bbox 255 2676 1857 2751">
    <p class='ocr_par' dir='ltr' id='par_1_44' title="bbox 255 2676 1857 2751">
     <span class='ocr_line' id='line_1_44' title="bbox 255 2676 1857 2751; baseline 0 -20"><span class='ocrx_word' id='word_1_352' title='bbox 255 2678 531 2747; x_wconf 72' lang='grc' dir='ltr'>ἐπιλέγει.</span> <span class='ocrx_word' id='word_1_353' title='bbox 560 2676 749 2733; x_wconf 89' lang='grc' dir='ltr'>Ταῦτα</span> <span class='ocrx_word' id='word_1_354' title='bbox 774 2677 831 2731; x_wconf 85' lang='grc' dir='ltr'><strong>δὲ</strong></span> <span class='ocrx_word' id='word_1_355' title='bbox 865 2679 894 2731; x_wconf 92' lang='lat'><strong>6</strong></span> <span class='ocrx_word' id='word_1_356' title='bbox 936 2678 1036 2749; x_wconf 82' lang='grc' dir='ltr'>μὲν</span> <span class='ocrx_word' id='word_1_357' title='bbox 1078 2678 1309 2743; x_wconf 82' lang='grc' dir='ltr'>Ἀκύλας</span> <span class='ocrx_word' id='word_1_358' title='bbox 1333 2678 1523 2732; x_wconf 87' lang='grc' dir='ltr'>τοῦτον</span> <span class='ocrx_word' id='word_1_359' title='bbox 1545 2679 1857 2751; x_wconf 81' lang='grc' dir='ltr'>ἡρμήνευσε</span> 
     </span>
    </p>
   </div>
   <div class='ocr_carea' id='block_1_45' title="bbox 252 2768 1860 2845">
    <p class='ocr_par' dir='ltr' id='par_1_45' title="bbox 252 2768 1860 2845">
     <span class='ocr_line' id='line_1_45' title="bbox 252 2768 1860 2845; baseline -0.002 -20"><span class='ocrx_word' id='word_1_360' title='bbox 252 2771 354 2825; x_wconf 79' lang='grc' dir='ltr'><strong>τὸν</strong></span> <span class='ocrx_word' id='word_1_361' title='bbox 381 2772 587 2845; x_wconf 82' lang='grc' dir='ltr'>τρόπον</span> <span class='ocrx_word' id='word_1_362' title='bbox 606 2788 619 2802; x_wconf 92' lang='grc'><strong>·</strong></span> <span class='ocrx_word' id='word_1_363' title='bbox 674 2791 694 2824; x_wconf 72' lang='grc' dir='ltr'><strong>ι</strong></span> <span class='ocrx_word' id='word_1_364' title='bbox 746 2771 1040 2825; x_wconf 84' lang='grc' dir='ltr'>Ἀκούσατε</span> <span class='ocrx_word' id='word_1_365' title='bbox 1072 2771 1159 2844; x_wconf 89' lang='grc' dir='ltr'>δὴ,</span> <span class='ocrx_word' id='word_1_366' title='bbox 1186 2768 1335 2835; x_wconf 73' lang='grc' dir='ltr'>οἷκος</span> <span class='ocrx_word' id='word_1_367' title='bbox 1362 2772 1554 2825; x_wconf 84' lang='grc' dir='ltr'>Δαυῒδ·</span> <span class='ocrx_word' id='word_1_368' title='bbox 1586 2772 1733 2844; x_wconf 84' lang='grc' dir='ltr'><strong>Μήτι</strong></span> <span class='ocrx_word' id='word_1_369' title='bbox 1759 2770 1860 2823; x_wconf 85' lang='grc' dir='ltr'>ὀλί-</span> 
     </span>
    </p>
   </div>
   <div class='ocr_carea' id='block_1_46' title="bbox 254 2862 1858 2937">
    <p class='ocr_par' dir='ltr' id='par_1_46' title="bbox 254 2862 1858 2937">
     <span class='ocr_line' id='line_1_46' title="bbox 254 2862 1858 2937; baseline -0.002 -19"><span class='ocrx_word' id='word_1_370' title='bbox 254 2883 360 2934; x_wconf 85' lang='grc' dir='ltr'><strong>γον</strong></span> <span class='ocrx_word' id='word_1_371' title='bbox 405 2865 644 2937; x_wconf 86' lang='grc' dir='ltr'>μοχθυῦν</span> <span class='ocrx_word' id='word_1_372' title='bbox 684 2864 913 2937; x_wconf 79' lang='grc' dir='ltr'>ἄνδρας,</span> <span class='ocrx_word' id='word_1_373' title='bbox 956 2865 1038 2918; x_wconf 87' lang='grc' dir='ltr'>ὅτι</span> <span class='ocrx_word' id='word_1_374' title='bbox 1091 2864 1341 2936; x_wconf 82' lang='grc' dir='ltr'>μοχθεῖτε</span> <span class='ocrx_word' id='word_1_375' title='bbox 1373 2863 1467 2917; x_wconf 87' lang='grc' dir='ltr'><strong>καί</strong></span> <span class='ocrx_word' id='word_1_376' title='bbox 1500 2879 1565 2932; x_wconf 88' lang='grc' dir='ltr'><strong>γε</strong></span> <span class='ocrx_word' id='word_1_377' title='bbox 1601 2862 1693 2917; x_wconf 91' lang='grc' dir='ltr'><strong>τὸν</strong></span> <span class='ocrx_word' id='word_1_378' title='bbox 1725 2862 1858 2916; x_wconf 86' lang='grc' dir='ltr'>Θεόν</span> 
     </span>
    </p>
   </div>
   <div class='ocr_carea' id='block_1_47' title="bbox 258 2949 1859 3028">
    <p class='ocr_par' dir='ltr' id='par_1_47' title="bbox 258 2949 1859 3028">
     <span class='ocr_line' id='line_1_47' title="bbox 258 2949 1859 3028; baseline -0.001 -18"><span class='ocrx_word' id='word_1_379' title='bbox 258 2974 403 3028; x_wconf 81' lang='grc' dir='ltr'>μου;</span> <span class='ocrx_word' id='word_1_380' title='bbox 464 2976 484 3009; x_wconf 73' lang='grc' dir='ltr'><strong>ι</strong></span> <span class='ocrx_word' id='word_1_381' title='bbox 528 2958 586 3011; x_wconf 91' lang='lat' dir='ltr'><strong>&#39;O</strong></span> <span class='ocrx_word' id='word_1_382' title='bbox 633 2957 693 3010; x_wconf 83' lang='grc' dir='ltr'><strong>δὲ</strong></span> <span class='ocrx_word' id='word_1_383' title='bbox 748 2955 1072 3010; x_wconf 79' lang='grc' dir='ltr'>Θεοδοτίωνο</span> <span class='ocrx_word' id='word_1_384' title='bbox 1136 2974 1155 3008; x_wconf 74' lang='grc' dir='ltr'><strong>ι</strong></span> <span class='ocrx_word' id='word_1_385' title='bbox 1217 2954 1510 3009; x_wconf 84' lang='grc' dir='ltr'>Ἀκούσατε</span> <span class='ocrx_word' id='word_1_386' title='bbox 1556 2955 1653 3025; x_wconf 83' lang='grc' dir='ltr'>δὴ,</span> <span class='ocrx_word' id='word_1_387' title='bbox 1710 2949 1859 3019; x_wconf 77' lang='grc' dir='ltr'>οἶκος</span> 
     </span>
    </p>
   </div>
   <div class='ocr_carea' id='block_1_48' title="bbox 250 3047 1859 3121">
    <p class='ocr_par' dir='ltr' id='par_1_48' title="bbox 250 3047 1859 3121">
     <span class='ocr_line' id='line_1_48' title="bbox 250 3047 1859 3121; baseline -0.002 -18"><span class='ocrx_word' id='word_1_388' title='bbox 250 3050 461 3104; x_wconf 79' lang='grc' dir='ltr'><strong>Δαυῖδ·</strong></span> <span class='ocrx_word' id='word_1_389' title='bbox 512 3049 604 3121; x_wconf 84' lang='grc' dir='ltr'><strong>Μὴ</strong></span> <span class='ocrx_word' id='word_1_390' title='bbox 655 3049 850 3121; x_wconf 86' lang='grc' dir='ltr'>μικρὸν</span> <span class='ocrx_word' id='word_1_391' title='bbox 902 3047 1088 3116; x_wconf 86' lang='grc' dir='ltr'>ἀγῶνα</span> <span class='ocrx_word' id='word_1_392' title='bbox 1147 3048 1409 3120; x_wconf 88' lang='grc' dir='ltr'>παρέχειν</span> <span class='ocrx_word' id='word_1_393' title='bbox 1443 3047 1723 3119; x_wconf 81' lang='grc' dir='ltr'>ἀνδράσιν,</span> <span class='ocrx_word' id='word_1_394' title='bbox 1775 3048 1859 3100; x_wconf 82' lang='grc' dir='ltr'>ὅτι</span> 
     </span>
    </p>
   </div>
   <div class='ocr_carea' id='block_1_49' title="bbox 251 3138 1857 3214">
    <p class='ocr_par' dir='ltr' id='par_1_49' title="bbox 251 3138 1857 3214">
     <span class='ocr_line' id='line_1_49' title="bbox 251 3138 1857 3214; baseline -0.003 -18"><span class='ocrx_word' id='word_1_395' title='bbox 251 3143 454 3213; x_wconf 85' lang='grc' dir='ltr'>ἀγῶνα</span> <span class='ocrx_word' id='word_1_396' title='bbox 504 3142 776 3214; x_wconf 84' lang='grc' dir='ltr'>παρέχετε</span> <span class='ocrx_word' id='word_1_397' title='bbox 820 3142 914 3195; x_wconf 87' lang='grc' dir='ltr'><strong>καί</strong></span> <span class='ocrx_word' id='word_1_398' title='bbox 949 3158 1013 3209; x_wconf 88' lang='grc' dir='ltr'><strong>γε</strong></span> <span class='ocrx_word' id='word_1_399' title='bbox 1044 3139 1123 3212; x_wconf 85' lang='grc' dir='ltr'><strong>τῷ</strong></span> <span class='ocrx_word' id='word_1_400' title='bbox 1155 3139 1275 3212; x_wconf 90' lang='grc' dir='ltr'>Θεῷ</span> <span class='ocrx_word' id='word_1_401' title='bbox 1313 3156 1447 3211; x_wconf 91' lang='grc' dir='ltr'>μου;</span> <span class='ocrx_word' id='word_1_402' title='bbox 1483 3159 1502 3192; x_wconf 75' lang='grc' dir='ltr'><strong>ι</strong></span> <span class='ocrx_word' id='word_1_403' title='bbox 1537 3140 1594 3193; x_wconf 82' lang='lat' dir='ltr'><strong>&#39;O</strong></span> <span class='ocrx_word' id='word_1_404' title='bbox 1615 3140 1671 3195; x_wconf 82' lang='grc' dir='ltr'><strong>δὲ</strong></span> <span class='ocrx_word' id='word_1_405' title='bbox 1708 3138 1857 3211; x_wconf 88' lang='grc' dir='ltr'>Σύμ-</span> 
     </span>
    </p>
   </div>
   <div class='ocr_carea' id='block_1_50' title="bbox 258 3229 1855 3309">
    <p class='ocr_par' dir='ltr' id='par_1_50' title="bbox 258 3229 1855 3309">
     <span class='ocr_line' id='line_1_50' title="bbox 258 3229 1855 3309; baseline -0.003 -18"><span class='ocrx_word' id='word_1_406' title='bbox 258 3253 476 3309; x_wconf 73' lang='grc' dir='ltr'>μαχοςο</span> <span class='ocrx_word' id='word_1_407' title='bbox 531 3256 551 3289; x_wconf 84' lang='grc'><em>‹</em></span> <span class='ocrx_word' id='word_1_408' title='bbox 621 3234 912 3289; x_wconf 83' lang='grc' dir='ltr'>’Δκούσατε</span> <span class='ocrx_word' id='word_1_409' title='bbox 948 3234 1035 3307; x_wconf 83' lang='grc' dir='ltr'><strong>δὴ,</strong></span> <span class='ocrx_word' id='word_1_410' title='bbox 1064 3229 1212 3298; x_wconf 79' lang='grc' dir='ltr'>οἶκος</span> <span class='ocrx_word' id='word_1_411' title='bbox 1252 3234 1444 3287; x_wconf 78' lang='grc' dir='ltr'><strong>Δαυῖδ’</strong></span> <span class='ocrx_word' id='word_1_412' title='bbox 1480 3234 1571 3306; x_wconf 81' lang='grc' dir='ltr'><strong>Μὴ</strong></span> <span class='ocrx_word' id='word_1_413' title='bbox 1622 3234 1723 3287; x_wconf 77' lang='grc' dir='ltr'>οὐκ</span> <span class='ocrx_word' id='word_1_414' title='bbox 1764 3231 1855 3286; x_wconf 77' lang='grc' dir='ltr'>αύ-</span> 
     </span>
    </p>
   </div>
   <div class='ocr_carea' id='block_1_51' title="bbox 249 3325 1855 3402">
    <p class='ocr_par' dir='ltr' id='par_1_51' title="bbox 249 3325 1855 3402">
     <span class='ocr_line' id='line_1_51' title="bbox 249 3325 1855 3402; baseline -0.001 -20"><span class='ocrx_word' id='word_1_415' title='bbox 249 3347 468 3402; x_wconf 77' lang='grc' dir='ltr'>ταρκες</span> <span class='ocrx_word' id='word_1_416' title='bbox 499 3330 627 3399; x_wconf 85' lang='grc' dir='ltr'>ύμῖν</span> <span class='ocrx_word' id='word_1_417' title='bbox 662 3326 864 3381; x_wconf 88' lang='grc' dir='ltr'>κοποῦν</span> <span class='ocrx_word' id='word_1_418' title='bbox 890 3325 1232 3399; x_wconf 85' lang='grc' dir='ltr'>ἀνθρώπους,</span> <span class='ocrx_word' id='word_1_419' title='bbox 1258 3328 1340 3380; x_wconf 85' lang='grc' dir='ltr'>ὄτι</span> <span class='ocrx_word' id='word_1_420' title='bbox 1375 3327 1608 3381; x_wconf 89' lang='grc' dir='ltr'>κοποῦτε</span> <span class='ocrx_word' id='word_1_421' title='bbox 1636 3326 1717 3381; x_wconf 78' lang='grc' dir='ltr'>ἔτι</span> <span class='ocrx_word' id='word_1_422' title='bbox 1760 3328 1855 3383; x_wconf 77' lang='grc' dir='ltr'>καὶ</span> 
     </span>
    </p>
   </div>
   <div class='ocr_carea' id='block_1_52' title="bbox 249 3416 1853 3491">
    <p class='ocr_par' dir='ltr' id='par_1_52' title="bbox 249 3416 1853 3491">
     <span class='ocr_line' id='line_1_52' title="bbox 249 3416 1853 3491; baseline -0.002 -16"><span class='ocrx_word' id='word_1_423' title='bbox 249 3422 351 3475; x_wconf 75' lang='grc' dir='ltr'><strong>τὸν</strong></span> <span class='ocrx_word' id='word_1_424' title='bbox 402 3420 537 3473; x_wconf 88' lang='grc' dir='ltr'>Θεόν</span> <span class='ocrx_word' id='word_1_425' title='bbox 575 3435 712 3491; x_wconf 90' lang='grc' dir='ltr'>μου;</span> <span class='ocrx_word' id='word_1_426' title='bbox 759 3438 776 3470; x_wconf 76' lang='grc' dir='ltr'><strong>ι</strong></span> <span class='ocrx_word' id='word_1_427' title='bbox 819 3419 976 3471; x_wconf 83' lang='grc' dir='ltr'>Ἔστι</span> <span class='ocrx_word' id='word_1_428' title='bbox 1008 3417 1065 3470; x_wconf 79' lang='grc' dir='ltr'><strong>δὲ</strong></span> <span class='ocrx_word' id='word_1_429' title='bbox 1104 3420 1132 3472; x_wconf 88' lang='lat'><strong>6</strong></span> <span class='ocrx_word' id='word_1_430' title='bbox 1159 3416 1285 3482; x_wconf 88' lang='grc' dir='ltr'>νοῦς</span> <span class='ocrx_word' id='word_1_431' title='bbox 1318 3417 1430 3471; x_wconf 85' lang='grc' dir='ltr'><strong>τῶν</strong></span> <span class='ocrx_word' id='word_1_432' title='bbox 1472 3418 1853 3491; x_wconf 81' lang='grc' dir='ltr'>προκειμένων</span> 
     </span>
    </p>
   </div>
   <div class='ocr_carea' id='block_1_53' title="bbox 255 3510 1867 3583">
    <p class='ocr_par' dir='ltr' id='par_1_53' title="bbox 255 3510 1867 3583">
     <span class='ocr_line' id='line_1_53' title="bbox 255 3510 1867 3583; baseline -0.002 -14"><span class='ocrx_word' id='word_1_433' title='bbox 255 3515 528 3577; x_wconf 87' lang='grc' dir='ltr'>τοιοῦτος·</span> <span class='ocrx_word' id='word_1_434' title='bbox 562 3514 636 3566; x_wconf 86' lang='grc' dir='ltr'>Ού</span> <span class='ocrx_word' id='word_1_435' title='bbox 664 3512 938 3566; x_wconf 77' lang='grc' dir='ltr'>παύσεσθε</span> <span class='ocrx_word' id='word_1_436' title='bbox 966 3529 1097 3566; x_wconf 88' lang='grc' dir='ltr'>ποτε</span> <span class='ocrx_word' id='word_1_437' title='bbox 1121 3514 1233 3575; x_wconf 87' lang='grc' dir='ltr'>τοῖς</span> <span class='ocrx_word' id='word_1_438' title='bbox 1254 3510 1348 3565; x_wconf 87' lang='grc' dir='ltr'><strong>τοῦ</strong></span> <span class='ocrx_word' id='word_1_439' title='bbox 1372 3511 1506 3565; x_wconf 91' lang='grc' dir='ltr'>Θεοῦ</span> <span class='ocrx_word' id='word_1_440' title='bbox 1527 3512 1867 3583; x_wconf 68' lang='grc' dir='ltr'><strong>ἀνθρώποις,⁵</strong></span> 
     </span>
    </p>
   </div>
   <div class='ocr_carea' id='block_1_54' title="bbox 252 3604 1857 3678">
    <p class='ocr_par' dir='ltr' id='par_1_54' title="bbox 252 3604 1857 3678">
     <span class='ocr_line' id='line_1_54' title="bbox 252 3604 1857 3678; baseline -0.001 -17"><span class='ocrx_word' id='word_1_441' title='bbox 252 3607 411 3676; x_wconf 74' lang='grc' dir='ltr'>λέγω</span> <span class='ocrx_word' id='word_1_442' title='bbox 440 3606 506 3678; x_wconf 85' lang='grc' dir='ltr'><strong>δὴ</strong></span> <span class='ocrx_word' id='word_1_443' title='bbox 553 3607 667 3668; x_wconf 89' lang='grc' dir='ltr'>τοῖς</span> <span class='ocrx_word' id='word_1_444' title='bbox 710 3606 1038 3676; x_wconf 83' lang='grc' dir='ltr'>προφήταις,</span> <span class='ocrx_word' id='word_1_445' title='bbox 1084 3604 1284 3669; x_wconf 84' lang='grc' dir='ltr'>κόπους</span> <span class='ocrx_word' id='word_1_446' title='bbox 1326 3605 1418 3658; x_wconf 61' lang='grc' dir='ltr'><strong>καὶ⁸</strong></span> <span class='ocrx_word' id='word_1_447' title='bbox 1468 3605 1719 3675; x_wconf 85' lang='grc' dir='ltr'>μόχθους,</span> <span class='ocrx_word' id='word_1_448' title='bbox 1763 3607 1857 3659; x_wconf 79' lang='grc' dir='ltr'>καὶ</span> 
     </span>
    </p>
   </div>
   <div class='ocr_carea' id='block_1_55' title="bbox 252 3698 1857 3770">
    <p class='ocr_par' dir='ltr' id='par_1_55' title="bbox 252 3698 1857 3770">
     <span class='ocr_line' id='line_1_55' title="bbox 252 3698 1857 3770; baseline -0.002 -16"><span class='ocrx_word' id='word_1_449' title='bbox 252 3699 488 3769; x_wconf 80' lang='grc' dir='ltr'>ἀγῶνας</span> <span class='ocrx_word' id='word_1_450' title='bbox 556 3699 684 3761; x_wconf 80' lang='grc' dir='ltr'>τοὺς</span> <span class='ocrx_word' id='word_1_451' title='bbox 736 3698 877 3769; x_wconf 83' lang='grc' dir='ltr'>ὑπὲρ</span> <span class='ocrx_word' id='word_1_452' title='bbox 922 3698 1023 3767; x_wconf 81' lang='grc' dir='ltr'>τῆς</span> <span class='ocrx_word' id='word_1_453' title='bbox 1073 3698 1344 3769; x_wconf 77' lang='grc' dir='ltr'>ὑμετέρας</span> <span class='ocrx_word' id='word_1_454' title='bbox 1392 3698 1665 3770; x_wconf 83' lang='grc' dir='ltr'>σωτηρίας</span> <span class='ocrx_word' id='word_1_455' title='bbox 1718 3715 1857 3770; x_wconf 90' lang='grc' dir='ltr'>παρ-</span> 
     </span>
    </p>
   </div>
   <div class='ocr_carea' id='block_1_56' title="bbox 252 3785 1857 3860">
    <p class='ocr_par' dir='ltr' id='par_1_56' title="bbox 252 3785 1857 3860">
     <span class='ocr_line' id='line_1_56' title="bbox 252 3785 1857 3860; baseline -0.001 -17"><span class='ocrx_word' id='word_1_456' title='bbox 252 3790 518 3860; x_wconf 74' lang='grc' dir='ltr'>έχοντεςς</span> <span class='ocrx_word' id='word_1_457' title='bbox 558 3788 719 3841; x_wconf 78' lang='grc' dir='ltr'>Ἀλλά</span> <span class='ocrx_word' id='word_1_458' title='bbox 762 3788 826 3858; x_wconf 84' lang='grc' dir='ltr'><strong>δὴ</strong></span> <span class='ocrx_word' id='word_1_459' title='bbox 861 3788 957 3841; x_wconf 77' lang='grc' dir='ltr'>καὶ</span> <span class='ocrx_word' id='word_1_460' title='bbox 990 3786 1139 3857; x_wconf 88' lang='grc' dir='ltr'>αύτῷ</span> <span class='ocrx_word' id='word_1_461' title='bbox 1182 3786 1260 3857; x_wconf 87' lang='grc' dir='ltr'><strong>τῷ</strong></span> <span class='ocrx_word' id='word_1_462' title='bbox 1282 3785 1399 3857; x_wconf 67' lang='grc' dir='ltr'>ἐμῷ</span> <span class='ocrx_word' id='word_1_463' title='bbox 1430 3786 1570 3857; x_wconf 90' lang='grc' dir='ltr'>Θεῷ,</span> <span class='ocrx_word' id='word_1_464' title='bbox 1611 3787 1669 3839; x_wconf 86' lang='grc' dir='ltr'><strong>ὸν</strong></span> <span class='ocrx_word' id='word_1_465' title='bbox 1700 3788 1857 3859; x_wconf 81' lang='grc' dir='ltr'>ὑμεῖς</span> 
     </span>
    </p>
   </div>
   <div class='ocr_carea' id='block_1_57' title="bbox 248 3878 1856 3953">
    <p class='ocr_par' dir='ltr' id='par_1_57' title="bbox 248 3878 1856 3953">
     <span class='ocr_line' id='line_1_57' title="bbox 248 3878 1856 3953; baseline -0.003 -15"><span class='ocrx_word' id='word_1_466' title='bbox 248 3884 516 3951; x_wconf 79' lang='grc' dir='ltr'>ἀγνοεῖτε</span> <span class='ocrx_word' id='word_1_467' title='bbox 568 3880 664 3934; x_wconf 69' lang='grc' dir='ltr'><strong>καὶ¹</strong></span> <span class='ocrx_word' id='word_1_468' title='bbox 718 3880 999 3953; x_wconf 84' lang='grc' dir='ltr'>ἀρνεῖσθε,</span> <span class='ocrx_word' id='word_1_469' title='bbox 1058 3882 1127 3951; x_wconf 75' lang='grc' dir='ltr'>τῇ</span> <span class='ocrx_word' id='word_1_470' title='bbox 1184 3878 1434 3947; x_wconf 86' lang='grc' dir='ltr'>πολυθέῳ</span> <span class='ocrx_word' id='word_1_471' title='bbox 1495 3880 1856 3951; x_wconf 85' lang='grc' dir='ltr'>προσέχοντες</span> 
     </span>
    </p>
   </div>
   <div class='ocr_carea' id='block_1_58' title="bbox 253 3970 1853 4044">
    <p class='ocr_par' dir='ltr' id='par_1_58' title="bbox 253 3970 1853 4044">
     <span class='ocr_line' id='line_1_58' title="bbox 253 3970 1853 4044; baseline -0.003 -17"><span class='ocrx_word' id='word_1_472' title='bbox 253 3973 467 4044; x_wconf 79' lang='grc' dir='ltr'>πλάνῃ.</span> <span class='ocrx_word' id='word_1_473' title='bbox 484 3971 758 4043; x_wconf 81' lang='grc' dir='ltr'>σκύλμοὺς</span> <span class='ocrx_word' id='word_1_474' title='bbox 778 3972 871 4025; x_wconf 71' lang='grc' dir='ltr'>καὶ</span> <span class='ocrx_word' id='word_1_475' title='bbox 886 3970 1109 4036; x_wconf 87' lang='grc' dir='ltr'>κόπους,</span> <span class='ocrx_word' id='word_1_476' title='bbox 1134 3971 1227 4025; x_wconf 74' lang='grc' dir='ltr'>καὶ</span> <span class='ocrx_word' id='word_1_477' title='bbox 1253 3971 1472 4040; x_wconf 86' lang='grc' dir='ltr'>ἀγῶνας</span> <span class='ocrx_word' id='word_1_478' title='bbox 1494 3970 1853 4042; x_wconf 86' lang='grc' dir='ltr'>παρέχοντες,</span> 
     </span>
    </p>
   </div>
   <div class='ocr_carea' id='block_1_59' title="bbox 252 4062 1851 4137">
    <p class='ocr_par' dir='ltr' id='par_1_59' title="bbox 252 4062 1851 4137">
     <span class='ocr_line' id='line_1_59' title="bbox 252 4062 1851 4137; baseline -0.003 -18"><span class='ocrx_word' id='word_1_479' title='bbox 252 4066 339 4137; x_wconf 80' lang='grc' dir='ltr'><strong>τῷ</strong></span> <span class='ocrx_word' id='word_1_480' title='bbox 382 4064 458 4136; x_wconf 79' lang='grc' dir='ltr'><strong>μή</strong></span> <span class='ocrx_word' id='word_1_481' title='bbox 502 4062 785 4134; x_wconf 85' lang='grc' dir='ltr'>βούλεσθαι</span> <span class='ocrx_word' id='word_1_482' title='bbox 819 4064 1094 4117; x_wconf 85' lang='grc' dir='ltr'>πιστεύειν</span> <span class='ocrx_word' id='word_1_483' title='bbox 1142 4063 1305 4117; x_wconf 75' lang='grc' dir='ltr'>αὑτοῦ</span> <span class='ocrx_word' id='word_1_484' title='bbox 1335 4066 1455 4127; x_wconf 88' lang='grc' dir='ltr'>ταῖς</span> <span class='ocrx_word' id='word_1_485' title='bbox 1474 4062 1851 4131; x_wconf 74' lang='grc' dir='ltr'>ἐπαγγελίαις,</span> 
     </span>
    </p>
   </div>
   <div class='ocr_carea' id='block_1_60' title="bbox 259 4156 1272 4230">
    <p class='ocr_par' dir='ltr' id='par_1_60' title="bbox 259 4156 1272 4230">
     <span class='ocr_line' id='line_1_60' title="bbox 259 4156 1272 4230; baseline -0.002 -18"><span class='ocrx_word' id='word_1_486' title='bbox 259 4159 403 4230; x_wconf 78' lang='grc' dir='ltr'>μηδὲ</span> <span class='ocrx_word' id='word_1_487' title='bbox 437 4156 508 4211; x_wconf 83' lang='grc' dir='ltr'>τὰ</span> <span class='ocrx_word' id='word_1_488' title='bbox 539 4156 943 4227; x_wconf 87' lang='grc' dir='ltr'>κεκελευσμένα</span> <span class='ocrx_word' id='word_1_489' title='bbox 978 4156 1272 4227; x_wconf 87' lang='grc' dir='ltr'>πράττειν;</span> 
     </span>
    </p>
   </div>
   <div class='ocr_carea' id='block_1_61' title="bbox 340 4245 1851 4320">
    <p class='ocr_par' dir='ltr' id='par_1_61' title="bbox 340 4245 1851 4320">
     <span class='ocr_line' id='line_1_61' title="bbox 340 4245 1851 4320; baseline 0.001 -20"><span class='ocrx_word' id='word_1_490' title='bbox 340 4269 361 4300; x_wconf 76' lang='grc' dir='ltr'>ι</span> <span class='ocrx_word' id='word_1_491' title='bbox 417 4249 518 4302; x_wconf 81' lang='grc' dir='ltr'>Διά</span> <span class='ocrx_word' id='word_1_492' title='bbox 556 4247 714 4301; x_wconf 87' lang='grc' dir='ltr'>τοῦτο</span> <span class='ocrx_word' id='word_1_493' title='bbox 749 4245 910 4299; x_wconf 88' lang='grc' dir='ltr'>δώσει</span> <span class='ocrx_word' id='word_1_494' title='bbox 958 4246 1161 4320; x_wconf 85' lang='grc' dir='ltr'>Κύριος</span> <span class='ocrx_word' id='word_1_495' title='bbox 1213 4248 1374 4312; x_wconf 78' lang='grc' dir='ltr'>αὐτὸς</span> <span class='ocrx_word' id='word_1_496' title='bbox 1420 4248 1550 4319; x_wconf 75' lang='grc' dir='ltr'>ὑμῖν</span> <span class='ocrx_word' id='word_1_497' title='bbox 1594 4251 1851 4320; x_wconf 86' lang='grc' dir='ltr'>σημεῖον·</span> 
     </span>
    </p>
   </div>
   <div class='ocr_carea' id='block_1_62' title="bbox 269 4339 1852 4411">
    <p class='ocr_par' dir='ltr' id='par_1_62' title="bbox 269 4339 1852 4411">
     <span class='ocr_line' id='line_1_62' title="bbox 269 4339 1852 4411; baseline -0.001 -17"><span class='ocrx_word' id='word_1_498' title='bbox 269 4342 410 4394; x_wconf 71' lang='grc' dir='ltr'>’ἰδοῦ</span> <span class='ocrx_word' id='word_1_499' title='bbox 442 4339 714 4410; x_wconf 89' lang='grc' dir='ltr'>παρθένος</span> <span class='ocrx_word' id='word_1_500' title='bbox 744 4340 803 4391; x_wconf 81' lang='grc' dir='ltr'>ὲν</span> <span class='ocrx_word' id='word_1_501' title='bbox 829 4340 1028 4411; x_wconf 73' lang='grc' dir='ltr'>γαστρὶ</span> <span class='ocrx_word' id='word_1_502' title='bbox 1057 4339 1306 4410; x_wconf 84' lang='grc' dir='ltr'>λήψεται,</span> <span class='ocrx_word' id='word_1_503' title='bbox 1346 4340 1441 4393; x_wconf 77' lang='grc' dir='ltr'>καὶ</span> <span class='ocrx_word' id='word_1_504' title='bbox 1475 4339 1687 4405; x_wconf 81' lang='grc' dir='ltr'>τέξεται</span> <span class='ocrx_word' id='word_1_505' title='bbox 1719 4341 1852 4407; x_wconf 79' lang='grc' dir='ltr'>υἱὸν,</span> 
     </span>
    </p>
   </div>
   <div class='ocr_carea' id='block_1_63' title="bbox 257 4428 1853 4501">
    <p class='ocr_par' dir='ltr' id='par_1_63' title="bbox 257 4428 1853 4501">
     <span class='ocr_line' id='line_1_63' title="bbox 257 4428 1853 4501; baseline -0.001 -17"><span class='ocrx_word' id='word_1_506' title='bbox 257 4432 361 4484; x_wconf 75' lang='grc' dir='ltr'>καὶ</span> <span class='ocrx_word' id='word_1_507' title='bbox 412 4429 668 4492; x_wconf 82' lang='grc' dir='ltr'>καλέσεις</span> <span class='ocrx_word' id='word_1_508' title='bbox 707 4428 767 4481; x_wconf 89' lang='grc' dir='ltr'><strong>τὸ</strong></span> <span class='ocrx_word' id='word_1_509' title='bbox 823 4428 995 4498; x_wconf 75' lang='grc' dir='ltr'>ὄνομα</span> <span class='ocrx_word' id='word_1_510' title='bbox 1045 4428 1208 4481; x_wconf 83' lang='grc' dir='ltr'>αὐτοῦ</span> <span class='ocrx_word' id='word_1_511' title='bbox 1268 4429 1634 4501; x_wconf 87' lang='grc' dir='ltr'>Ἐμμανουήλ.</span> <span class='ocrx_word' id='word_1_512' title='bbox 1696 4448 1715 4482; x_wconf 74' lang='grc' dir='ltr'><strong>ι</strong></span> <span class='ocrx_word' id='word_1_513' title='bbox 1768 4431 1853 4495; x_wconf 88' lang='grc' dir='ltr'><strong>Τί,</strong></span> 
     </span>
    </p>
   </div>
   <div class='ocr_carea' id='block_1_64' title="bbox 1962 1941 3545 2017">
    <p class='ocr_par' dir='ltr' id='par_1_64' title="bbox 1962 1941 3545 2017">
     <span class='ocr_line' id='line_1_64' title="bbox 1962 1941 3545 2017; baseline 0.005 -22"><span class='ocrx_word' id='word_1_514' title='bbox 1962 1941 2188 1996; x_wconf 81' lang='lat' dir='ltr'><strong>tentabo</strong></span> <span class='ocrx_word' id='word_1_515' title='bbox 2234 1941 2545 1997; x_wconf 89' lang='lat' dir='ltr'><strong>Dominum.</strong></span> <span class='ocrx_word' id='word_1_516' title='bbox 2579 1961 2599 1995; x_wconf 75' lang='grc' dir='ltr'><strong>ι</strong></span> <span class='ocrx_word' id='word_1_517' title='bbox 2653 1942 2892 1998; x_wconf 85' lang='lat' dir='ltr'><strong>Recusat</strong></span> <span class='ocrx_word' id='word_1_518' title='bbox 2946 1945 3200 2000; x_wconf 86' lang='lat' dir='ltr'><strong>videlicet</strong></span> <span class='ocrx_word' id='word_1_519' title='bbox 3244 1956 3303 2002; x_wconf 90' lang='lat' dir='ltr'><strong>ut</strong></span> <span class='ocrx_word' id='word_1_520' title='bbox 3341 1947 3545 2017; x_wconf 85' lang='lat' dir='ltr'><strong>impius</strong></span> 
     </span>
    </p>
   </div>
   <div class='ocr_carea' id='block_1_65' title="bbox 1959 2035 3540 2109">
    <p class='ocr_par' dir='ltr' id='par_1_65' title="bbox 1959 2035 3540 2109">
     <span class='ocr_line' id='line_1_65' title="bbox 1959 2035 3540 2109; baseline 0.004 -21"><span class='ocrx_word' id='word_1_521' title='bbox 1959 2050 2024 2090; x_wconf 88' lang='lat' dir='ltr'><strong>ac</strong></span> <span class='ocrx_word' id='word_1_522' title='bbox 2058 2035 2152 2090; x_wconf 90' lang='lat' dir='ltr'><strong>Dei</strong></span> <span class='ocrx_word' id='word_1_523' title='bbox 2187 2044 2458 2103; x_wconf 71' lang='lat' dir='ltr'><strong>praecepto</strong></span> <span class='ocrx_word' id='word_1_524' title='bbox 2486 2050 2593 2088; x_wconf 92' lang='lat' dir='ltr'><strong>non</strong></span> <span class='ocrx_word' id='word_1_525' title='bbox 2615 2036 2947 2104; x_wconf 86' lang='lat' dir='ltr'><strong>obsequens,</strong></span> <span class='ocrx_word' id='word_1_526' title='bbox 2980 2050 3079 2091; x_wconf 89' lang='lat' dir='ltr'><strong>nec</strong></span> <span class='ocrx_word' id='word_1_527' title='bbox 3103 2036 3291 2094; x_wconf 85' lang='lat' dir='ltr'><strong>volens</strong></span> <span class='ocrx_word' id='word_1_528' title='bbox 3313 2048 3540 2109; x_wconf 81' lang='lat' dir='ltr'><strong>stupen-</strong></span> 
     </span>
    </p>
   </div>
   <div class='ocr_carea' id='block_1_66' title="bbox 1959 2125 3125 2199">
    <p class='ocr_par' dir='ltr' id='par_1_66' title="bbox 1959 2125 3125 2199">
     <span class='ocr_line' id='line_1_66' title="bbox 1959 2125 3125 2199; baseline 0.003 -19"><span class='ocrx_word' id='word_1_529' title='bbox 1959 2127 2041 2181; x_wconf 78' lang='lat' dir='ltr'><strong>da:</strong></span> <span class='ocrx_word' id='word_1_530' title='bbox 2063 2125 2279 2181; x_wconf 90' lang='lat' dir='ltr'><strong>virtutis</strong></span> <span class='ocrx_word' id='word_1_531' title='bbox 2317 2126 2414 2181; x_wconf 85' lang='lat' dir='ltr'><strong>Dei</strong></span> <span class='ocrx_word' id='word_1_532' title='bbox 2441 2127 2872 2197; x_wconf 80' lang='lat' dir='ltr'><strong>experimentum</strong></span> <span class='ocrx_word' id='word_1_533' title='bbox 2904 2143 3125 2199; x_wconf 85' lang='lat' dir='ltr'><strong>capere.</strong></span> 
     </span>
    </p>
   </div>
   <div class='ocr_carea' id='block_1_67' title="bbox 2032 2311 3538 2385">
    <p class='ocr_par' dir='ltr' id='par_1_67' title="bbox 2032 2311 3538 2385">
     <span class='ocr_line' id='line_1_67' title="bbox 2032 2311 3538 2385; baseline 0.003 -18"><span class='ocrx_word' id='word_1_534' title='bbox 2032 2311 2200 2367; x_wconf 69' lang='lat' dir='ltr'><strong>Vens.</strong></span> <span class='ocrx_word' id='word_1_535' title='bbox 2242 2311 2334 2366; x_wconf 78' lang='grc'><strong>15.</strong></span> <span class='ocrx_word' id='word_1_536' title='bbox 2382 2330 2401 2365; x_wconf 78' lang='grc' dir='ltr'><strong>ι</strong></span> <span class='ocrx_word' id='word_1_537' title='bbox 2430 2311 2499 2367; x_wconf 87' lang='grc' dir='ltr'><strong>Ει</strong></span> <span class='ocrx_word' id='word_1_538' title='bbox 2539 2313 2697 2380; x_wconf 77' lang='lat' dir='ltr'><strong>dixit,</strong></span> <span class='ocrx_word' id='word_1_539' title='bbox 2721 2314 2920 2369; x_wconf 83' lang='lat' dir='ltr'><strong>Audite</strong></span> <span class='ocrx_word' id='word_1_540' title='bbox 2946 2328 3101 2385; x_wconf 87' lang='lat' dir='ltr'><strong>ergo,</strong></span> <span class='ocrx_word' id='word_1_541' title='bbox 3132 2315 3325 2371; x_wconf 89' lang='lat' dir='ltr'><strong>domus</strong></span> <span class='ocrx_word' id='word_1_542' title='bbox 3346 2316 3538 2385; x_wconf 83' lang='lat' dir='ltr'><strong>David,</strong></span> 
     </span>
    </p>
   </div>
   <div class='ocr_carea' id='block_1_68' title="bbox 1958 2399 3543 2477">
    <p class='ocr_par' dir='ltr' id='par_1_68' title="bbox 1958 2399 3543 2477">
     <span class='ocr_line' id='line_1_68' title="bbox 1958 2399 3543 2477; baseline 0.004 -22"><span class='ocrx_word' id='word_1_543' title='bbox 1958 2399 2228 2473; x_wconf 85' lang='lat' dir='ltr'><strong>Numquid</strong></span> <span class='ocrx_word' id='word_1_544' title='bbox 2254 2418 2445 2473; x_wconf 89' lang='lat' dir='ltr'><strong>parum</strong></span> <span class='ocrx_word' id='word_1_545' title='bbox 2476 2404 2632 2459; x_wconf 83' lang='lat' dir='ltr'><strong>vobis</strong></span> <span class='ocrx_word' id='word_1_546' title='bbox 2655 2415 2736 2461; x_wconf 87' lang='lat' dir='ltr'><strong>est</strong></span> <span class='ocrx_word' id='word_1_547' title='bbox 2762 2404 3070 2461; x_wconf 82' lang='lat' dir='ltr'><strong>molestiam</strong></span> <span class='ocrx_word' id='word_1_548' title='bbox 3096 2407 3336 2477; x_wconf 81' lang='lat' dir='ltr'><strong>praebere</strong></span> <span class='ocrx_word' id='word_1_549' title='bbox 3364 2408 3543 2462; x_wconf 86' lang='lat' dir='ltr'><strong>homi-</strong></span> 
     </span>
    </p>
   </div>
   <div class='ocr_carea' id='block_1_69' title="bbox 1959 2494 3541 2567">
    <p class='ocr_par' dir='ltr' id='par_1_69' title="bbox 1959 2494 3541 2567">
     <span class='ocr_line' id='line_1_69' title="bbox 1959 2494 3541 2567; baseline 0.004 -17"><span class='ocrx_word' id='word_1_550' title='bbox 1959 2494 2138 2563; x_wconf 88' lang='lat' dir='ltr'><strong>nibus,</strong></span> <span class='ocrx_word' id='word_1_551' title='bbox 2178 2511 2275 2551; x_wconf 92' lang='lat' dir='ltr'><strong>cur</strong></span> <span class='ocrx_word' id='word_1_552' title='bbox 2314 2497 2545 2553; x_wconf 92' lang='lat' dir='ltr'><strong>Domino</strong></span> <span class='ocrx_word' id='word_1_553' title='bbox 2596 2498 2903 2553; x_wconf 84' lang='lat' dir='ltr'><strong>molestiam</strong></span> <span class='ocrx_word' id='word_1_554' title='bbox 2968 2500 3304 2567; x_wconf 66' lang='lat' dir='ltr'><strong>praebetis?»</strong></span> <span class='ocrx_word' id='word_1_555' title='bbox 3350 2503 3541 2556; x_wconf 81' lang='lat' dir='ltr'><strong>ﬂami-</strong></span> 
     </span>
    </p>
   </div>
   <div class='ocr_carea' id='block_1_70' title="bbox 1959 2587 3537 2661">
    <p class='ocr_par' dir='ltr' id='par_1_70' title="bbox 1959 2587 3537 2661">
     <span class='ocr_line' id='line_1_70' title="bbox 1959 2587 3537 2661; baseline 0.004 -18"><span class='ocrx_word' id='word_1_556' title='bbox 1959 2587 2045 2644; x_wconf 89' lang='lat' dir='ltr'><strong>nis</strong></span> <span class='ocrx_word' id='word_1_557' title='bbox 2079 2587 2366 2643; x_wconf 87' lang='lat' dir='ltr'><strong>stultitiam</strong></span> <span class='ocrx_word' id='word_1_558' title='bbox 2394 2589 2686 2646; x_wconf 84' lang='lat' dir='ltr'><strong>miseratus</strong></span> <span class='ocrx_word' id='word_1_559' title='bbox 2711 2590 3003 2660; x_wconf 80' lang='lat' dir='ltr'><strong>propheta,</strong></span> <span class='ocrx_word' id='word_1_560' title='bbox 3050 2606 3117 2646; x_wconf 81' lang='lat' dir='ltr'><strong>ex</strong></span> <span class='ocrx_word' id='word_1_561' title='bbox 3162 2591 3380 2661; x_wconf 92' lang='lat' dir='ltr'><strong>propria</strong></span> <span class='ocrx_word' id='word_1_562' title='bbox 3412 2607 3537 2661; x_wconf 70' lang='lat' dir='ltr'><strong>per-</strong></span> 
     </span>
    </p>
   </div>
   <div class='ocr_carea' id='block_1_71' title="bbox 1958 2681 3539 2754">
    <p class='ocr_par' dir='ltr' id='par_1_71' title="bbox 1958 2681 3539 2754">
     <span class='ocr_line' id='line_1_71' title="bbox 1958 2681 3539 2754; baseline 0.003 -20"><span class='ocrx_word' id='word_1_563' title='bbox 1958 2694 2091 2735; x_wconf 90' lang='lat' dir='ltr'><strong>sona</strong></span> <span class='ocrx_word' id='word_1_564' title='bbox 2118 2695 2237 2750; x_wconf 66' lang='lat' dir='ltr'><strong>quae</strong></span> <span class='ocrx_word' id='word_1_565' title='bbox 2268 2691 2569 2751; x_wconf 87' lang='lat' dir='ltr'><strong>sequuntur</strong></span> <span class='ocrx_word' id='word_1_566' title='bbox 2600 2681 2939 2751; x_wconf 87' lang='lat' dir='ltr'><strong>pronuntiat.</strong></span> <span class='ocrx_word' id='word_1_567' title='bbox 2976 2681 3102 2740; x_wconf 77' lang='lat' dir='ltr'><strong>Haec</strong></span> <span class='ocrx_word' id='word_1_568' title='bbox 3144 2698 3309 2754; x_wconf 90' lang='lat' dir='ltr'><strong>porro</strong></span> <span class='ocrx_word' id='word_1_569' title='bbox 3342 2682 3539 2752; x_wconf 86' lang='lat' dir='ltr'><strong>Aquila</strong></span> 
     </span>
    </p>
   </div>
   <div class='ocr_carea' id='block_1_72' title="bbox 1959 2772 3542 2846">
    <p class='ocr_par' dir='ltr' id='par_1_72' title="bbox 1959 2772 3542 2846">
     <span class='ocr_line' id='line_1_72' title="bbox 1959 2772 3542 2846; baseline 0.003 -19"><span class='ocrx_word' id='word_1_570' title='bbox 1959 2773 2063 2828; x_wconf 92' lang='lat' dir='ltr'><strong>hoc</strong></span> <span class='ocrx_word' id='word_1_571' title='bbox 2114 2772 2275 2828; x_wconf 91' lang='lat' dir='ltr'><strong>modo</strong></span> <span class='ocrx_word' id='word_1_572' title='bbox 2338 2774 2728 2843; x_wconf 89' lang='lat' dir='ltr'><strong>interpretatur</strong></span> <span class='ocrx_word' id='word_1_573' title='bbox 2767 2792 2780 2828; x_wconf 90' lang='lat'><strong>:</strong></span> <span class='ocrx_word' id='word_1_574' title='bbox 2828 2791 2848 2825; x_wconf 70' lang='grc' dir='ltr'><strong>ι</strong></span> <span class='ocrx_word' id='word_1_575' title='bbox 2891 2774 3089 2829; x_wconf 81' lang='lat' dir='ltr'><strong>Audite</strong></span> <span class='ocrx_word' id='word_1_576' title='bbox 3136 2791 3289 2846; x_wconf 90' lang='lat' dir='ltr'><strong>ergo,</strong></span> <span class='ocrx_word' id='word_1_577' title='bbox 3347 2777 3542 2831; x_wconf 84' lang='lat' dir='ltr'><strong>domus</strong></span> 
     </span>
    </p>
   </div>
   <div class='ocr_carea' id='block_1_73' title="bbox 1960 2862 3542 2939">
    <p class='ocr_par' dir='ltr' id='par_1_73' title="bbox 1960 2862 3542 2939">
     <span class='ocr_line' id='line_1_73' title="bbox 1960 2862 3542 2939; baseline 0.003 -20"><span class='ocrx_word' id='word_1_578' title='bbox 1960 2863 2153 2931; x_wconf 88' lang='lat' dir='ltr'><strong>David,</strong></span> <span class='ocrx_word' id='word_1_579' title='bbox 2195 2862 2468 2934; x_wconf 86' lang='lat' dir='ltr'><strong>Numquid</strong></span> <span class='ocrx_word' id='word_1_580' title='bbox 2500 2880 2692 2934; x_wconf 88' lang='lat' dir='ltr'><strong>parum</strong></span> <span class='ocrx_word' id='word_1_581' title='bbox 2728 2865 2967 2937; x_wconf 78' lang='lat' dir='ltr'><strong>aﬂligere</strong></span> <span class='ocrx_word' id='word_1_582' title='bbox 2991 2868 3157 2934; x_wconf 92' lang='lat' dir='ltr'><strong>viros,</strong></span> <span class='ocrx_word' id='word_1_583' title='bbox 3184 2869 3310 2936; x_wconf 93' lang='lat' dir='ltr'><strong>quia</strong></span> <span class='ocrx_word' id='word_1_584' title='bbox 3343 2868 3542 2939; x_wconf 82' lang='lat' dir='ltr'><strong>aﬂligi-</strong></span> 
     </span>
    </p>
   </div>
   <div class='ocr_carea' id='block_1_74' title="bbox 1962 2956 3542 3027">
    <p class='ocr_par' dir='ltr' id='par_1_74' title="bbox 1962 2956 3542 3027">
     <span class='ocr_line' id='line_1_74' title="bbox 1962 2956 3542 3027; baseline 0.004 -17"><span class='ocrx_word' id='word_1_585' title='bbox 1962 2956 2031 3012; x_wconf 90' lang='lat' dir='ltr'><strong>tis</strong></span> <span class='ocrx_word' id='word_1_586' title='bbox 2065 2956 2229 3011; x_wconf 91' lang='lat' dir='ltr'><strong>etiam</strong></span> <span class='ocrx_word' id='word_1_587' title='bbox 2272 2956 2443 3011; x_wconf 92' lang='lat' dir='ltr'><strong>Deum</strong></span> <span class='ocrx_word' id='word_1_588' title='bbox 2477 2959 2698 3012; x_wconf 78' lang='lat' dir='ltr'><strong>meum?</strong></span> <span class='ocrx_word' id='word_1_589' title='bbox 2726 2978 2744 3010; x_wconf 70' lang='grc' dir='ltr'><strong>ι</strong></span> <span class='ocrx_word' id='word_1_590' title='bbox 2779 2957 3083 3015; x_wconf 87' lang='lat' dir='ltr'><strong>Theodotio</strong></span> <span class='ocrx_word' id='word_1_591' title='bbox 3127 2968 3330 3027; x_wconf 88' lang='lat' dir='ltr'><strong>autem,</strong></span> <span class='ocrx_word' id='word_1_592' title='bbox 3379 2980 3398 3014; x_wconf 75' lang='grc' dir='ltr'><strong>ι</strong></span> <span class='ocrx_word' id='word_1_593' title='bbox 3425 2963 3542 3016; x_wconf 84' lang='lat' dir='ltr'><strong>Au-</strong></span> 
     </span>
    </p>
   </div>
   <div class='ocr_carea' id='block_1_75' title="bbox 1960 3046 3540 3119">
    <p class='ocr_par' dir='ltr' id='par_1_75' title="bbox 1960 3046 3540 3119">
     <span class='ocr_line' id='line_1_75' title="bbox 1960 3046 3540 3119; baseline 0.003 -18"><span class='ocrx_word' id='word_1_594' title='bbox 1960 3046 2073 3102; x_wconf 90' lang='lat' dir='ltr'><strong>dite</strong></span> <span class='ocrx_word' id='word_1_595' title='bbox 2103 3062 2258 3119; x_wconf 85' lang='lat' dir='ltr'><strong>ergo,</strong></span> <span class='ocrx_word' id='word_1_596' title='bbox 2284 3048 2478 3103; x_wconf 91' lang='lat' dir='ltr'><strong>domus</strong></span> <span class='ocrx_word' id='word_1_597' title='bbox 2511 3048 2700 3114; x_wconf 90' lang='lat' dir='ltr'><strong>David,</strong></span> <span class='ocrx_word' id='word_1_598' title='bbox 2732 3048 3002 3119; x_wconf 82' lang='lat' dir='ltr'><strong>Numquid</strong></span> <span class='ocrx_word' id='word_1_599' title='bbox 3025 3064 3214 3119; x_wconf 85' lang='lat' dir='ltr'><strong>parum</strong></span> <span class='ocrx_word' id='word_1_600' title='bbox 3241 3050 3540 3105; x_wconf 89' lang='lat' dir='ltr'><strong>molestiam</strong></span> 
     </span>
    </p>
   </div>
   <div class='ocr_carea' id='block_1_76' title="bbox 1961 3139 3543 3210">
    <p class='ocr_par' dir='ltr' id='par_1_76' title="bbox 1961 3139 3543 3210">
     <span class='ocr_line' id='line_1_76' title="bbox 1961 3139 3543 3210; baseline 0.003 -17"><span class='ocrx_word' id='word_1_601' title='bbox 1961 3139 2207 3208; x_wconf 63' lang='lat' dir='ltr'><strong>praebere</strong></span> <span class='ocrx_word' id='word_1_602' title='bbox 2241 3140 2396 3206; x_wconf 88' lang='lat' dir='ltr'><strong>viris,</strong></span> <span class='ocrx_word' id='word_1_603' title='bbox 2439 3140 2568 3210; x_wconf 88' lang='lat' dir='ltr'><strong>quia</strong></span> <span class='ocrx_word' id='word_1_604' title='bbox 2602 3140 2911 3195; x_wconf 89' lang='lat' dir='ltr'><strong>molestiam</strong></span> <span class='ocrx_word' id='word_1_605' title='bbox 2944 3140 3199 3210; x_wconf 66' lang='lat' dir='ltr'><strong>praebetis</strong></span> <span class='ocrx_word' id='word_1_606' title='bbox 3236 3142 3397 3196; x_wconf 86' lang='lat' dir='ltr'><strong>etiam</strong></span> <span class='ocrx_word' id='word_1_607' title='bbox 3433 3142 3543 3197; x_wconf 88' lang='lat' dir='ltr'><strong>Deo</strong></span> 
     </span>
    </p>
   </div>
   <div class='ocr_carea' id='block_1_77' title="bbox 1963 3230 3543 3303">
    <p class='ocr_par' dir='ltr' id='par_1_77' title="bbox 1963 3230 3543 3303">
     <span class='ocr_line' id='line_1_77' title="bbox 1963 3230 3543 3303; baseline 0.002 -19"><span class='ocrx_word' id='word_1_608' title='bbox 1963 3231 2173 3285; x_wconf 65' lang='lat' dir='ltr'><strong>meo?»</strong></span> <span class='ocrx_word' id='word_1_609' title='bbox 2234 3230 2595 3303; x_wconf 86' lang='lat' dir='ltr'><strong>Symmachus</strong></span> <span class='ocrx_word' id='word_1_610' title='bbox 2648 3247 2801 3295; x_wconf 92' lang='lat' dir='ltr'><strong>vero,</strong></span> <span class='ocrx_word' id='word_1_611' title='bbox 2862 3232 3105 3286; x_wconf 72' lang='lat' dir='ltr'><strong>«Audite</strong></span> <span class='ocrx_word' id='word_1_612' title='bbox 3159 3247 3314 3302; x_wconf 81' lang='lat' dir='ltr'><strong>ergo,</strong></span> <span class='ocrx_word' id='word_1_613' title='bbox 3349 3233 3543 3288; x_wconf 76' lang='lat' dir='ltr'><strong>donius</strong></span> 
     </span>
    </p>
   </div>
   <div class='ocr_carea' id='block_1_78' title="bbox 1964 3321 3541 3393">
    <p class='ocr_par' dir='ltr' id='par_1_78' title="bbox 1964 3321 3541 3393">
     <span class='ocr_line' id='line_1_78' title="bbox 1964 3321 3541 3393; baseline 0.002 -16"><span class='ocrx_word' id='word_1_614' title='bbox 1964 3323 2170 3389; x_wconf 80' lang='lat' dir='ltr'><strong>David,</strong></span> <span class='ocrx_word' id='word_1_615' title='bbox 2212 3323 2407 3380; x_wconf 83' lang='lat' dir='ltr'><strong>Annon</strong></span> <span class='ocrx_word' id='word_1_616' title='bbox 2446 3321 2678 3379; x_wconf 79' lang='lat' dir='ltr'><strong>suﬂiciet</strong></span> <span class='ocrx_word' id='word_1_617' title='bbox 2718 3324 2877 3378; x_wconf 90' lang='lat' dir='ltr'><strong>vobis</strong></span> <span class='ocrx_word' id='word_1_618' title='bbox 2915 3322 3215 3393; x_wconf 78' lang='lat' dir='ltr'><strong>defatigare</strong></span> <span class='ocrx_word' id='word_1_619' title='bbox 3259 3325 3541 3389; x_wconf 84' lang='lat' dir='ltr'><strong>homines.</strong></span> 
     </span>
    </p>
   </div>
   <div class='ocr_carea' id='block_1_79' title="bbox 1962 3417 3544 3492">
    <p class='ocr_par' dir='ltr' id='par_1_79' title="bbox 1962 3417 3544 3492">
     <span class='ocr_line' id='line_1_79' title="bbox 1962 3417 3544 3492; baseline 0 -17"><span class='ocrx_word' id='word_1_620' title='bbox 1962 3421 2089 3490; x_wconf 90' lang='lat' dir='ltr'><strong>quia</strong></span> <span class='ocrx_word' id='word_1_621' title='bbox 2139 3419 2449 3492; x_wconf 80' lang='lat' dir='ltr'><strong>defatigatis</strong></span> <span class='ocrx_word' id='word_1_622' title='bbox 2497 3421 2660 3475; x_wconf 91' lang='lat' dir='ltr'><strong>etiam</strong></span> <span class='ocrx_word' id='word_1_623' title='bbox 2713 3419 2885 3474; x_wconf 92' lang='lat' dir='ltr'><strong>Deum</strong></span> <span class='ocrx_word' id='word_1_624' title='bbox 2925 3418 3200 3474; x_wconf 62' lang='lat' dir='ltr'><strong>meum?»</strong></span> <span class='ocrx_word' id='word_1_625' title='bbox 3253 3417 3544 3476; x_wconf 67' lang='lat' dir='ltr'><strong>Praesentis</strong></span> 
     </span>
    </p>
   </div>
   <div class='ocr_carea' id='block_1_80' title="bbox 1962 3508 3543 3581">
    <p class='ocr_par' dir='ltr' id='par_1_80' title="bbox 1962 3508 3543 3581">
     <span class='ocr_line' id='line_1_80' title="bbox 1962 3508 3543 3581; baseline -0.001 -16"><span class='ocrx_word' id='word_1_626' title='bbox 1962 3526 2125 3581; x_wconf 88' lang='lat' dir='ltr'><strong>porro</strong></span> <span class='ocrx_word' id='word_1_627' title='bbox 2165 3512 2294 3567; x_wconf 89' lang='lat' dir='ltr'><strong>dicti</strong></span> <span class='ocrx_word' id='word_1_628' title='bbox 2329 3525 2481 3566; x_wconf 88' lang='lat' dir='ltr'><strong>mens</strong></span> <span class='ocrx_word' id='word_1_629' title='bbox 2528 3510 2642 3567; x_wconf 74' lang='lat' dir='ltr'><strong>haec</strong></span> <span class='ocrx_word' id='word_1_630' title='bbox 2697 3521 2801 3575; x_wconf 90' lang='lat' dir='ltr'><strong>est,</strong></span> <span class='ocrx_word' id='word_1_631' title='bbox 2852 3508 3216 3580; x_wconf 87' lang='lat' dir='ltr'><strong>Nunquamne</strong></span> <span class='ocrx_word' id='word_1_632' title='bbox 3254 3508 3543 3565; x_wconf 78' lang='lat' dir='ltr'><strong>cessabitis</strong></span> 
     </span>
    </p>
   </div>
   <div class='ocr_carea' id='block_1_81' title="bbox 1964 3601 3545 3674">
    <p class='ocr_par' dir='ltr' id='par_1_81' title="bbox 1964 3601 3545 3674">
     <span class='ocr_line' id='line_1_81' title="bbox 1964 3601 3545 3674; baseline -0.001 -17"><span class='ocrx_word' id='word_1_633' title='bbox 1964 3603 2057 3657; x_wconf 80' lang='lat' dir='ltr'><strong>Dei</strong></span> <span class='ocrx_word' id='word_1_634' title='bbox 2084 3603 2417 3671; x_wconf 90' lang='lat' dir='ltr'><strong>hominibus,</strong></span> <span class='ocrx_word' id='word_1_635' title='bbox 2449 3603 2704 3658; x_wconf 88' lang='lat' dir='ltr'><strong>videlicet</strong></span> <span class='ocrx_word' id='word_1_636' title='bbox 2734 3603 3012 3673; x_wconf 86' lang='lat' dir='ltr'><strong>prophetis</strong></span> <span class='ocrx_word' id='word_1_637' title='bbox 3038 3617 3137 3674; x_wconf 93' lang='lat' dir='ltr'><strong>pro</strong></span> <span class='ocrx_word' id='word_1_638' title='bbox 3157 3611 3341 3658; x_wconf 87' lang='lat' dir='ltr'><strong>vestra</strong></span> <span class='ocrx_word' id='word_1_639' title='bbox 3369 3601 3545 3657; x_wconf 72' lang='lat' dir='ltr'><strong>saluta</strong></span> 
     </span>
    </p>
   </div>
   <div class='ocr_carea' id='block_1_82' title="bbox 1964 3692 3545 3764">
    <p class='ocr_par' dir='ltr' id='par_1_82' title="bbox 1964 3692 3545 3764">
     <span class='ocr_line' id='line_1_82' title="bbox 1964 3692 3545 3764; baseline 0 -16"><span class='ocrx_word' id='word_1_640' title='bbox 1964 3694 2364 3761; x_wconf 87' lang='lat' dir='ltr'><strong>laborantibus,</strong></span> <span class='ocrx_word' id='word_1_641' title='bbox 2401 3693 2843 3764; x_wconf 77' lang='lat' dir='ltr'><strong>defatigationes,</strong></span> <span class='ocrx_word' id='word_1_642' title='bbox 2893 3692 3112 3749; x_wconf 88' lang='lat' dir='ltr'><strong>labores</strong></span> <span class='ocrx_word' id='word_1_643' title='bbox 3156 3702 3213 3750; x_wconf 87' lang='lat' dir='ltr'><strong>et</strong></span> <span class='ocrx_word' id='word_1_644' title='bbox 3264 3692 3545 3749; x_wconf 81' lang='lat' dir='ltr'><strong>molestias</strong></span> 
     </span>
    </p>
   </div>
   <div class='ocr_carea' id='block_1_83' title="bbox 1964 3785 3543 3855">
    <p class='ocr_par' dir='ltr' id='par_1_83' title="bbox 1964 3785 3543 3855">
     <span class='ocr_line' id='line_1_83' title="bbox 1964 3785 3543 3855; baseline -0.003 -14"><span class='ocrx_word' id='word_1_645' title='bbox 1964 3786 2238 3855; x_wconf 60' lang='lat' dir='ltr'><strong>prabere?</strong></span> <span class='ocrx_word' id='word_1_646' title='bbox 2293 3786 2401 3843; x_wconf 90' lang='lat' dir='ltr'><strong>Sed</strong></span> <span class='ocrx_word' id='word_1_647' title='bbox 2458 3787 2696 3842; x_wconf 88' lang='lat' dir='ltr'><strong>etiamne</strong></span> <span class='ocrx_word' id='word_1_648' title='bbox 2744 3785 2843 3853; x_wconf 90' lang='lat' dir='ltr'><strong>ipsi</strong></span> <span class='ocrx_word' id='word_1_649' title='bbox 2895 3785 3005 3840; x_wconf 89' lang='lat' dir='ltr'><strong>Deo</strong></span> <span class='ocrx_word' id='word_1_650' title='bbox 3056 3798 3199 3849; x_wconf 89' lang='lat' dir='ltr'><strong>meo,</strong></span> <span class='ocrx_word' id='word_1_651' title='bbox 3251 3799 3413 3854; x_wconf 85' lang='lat' dir='ltr'><strong>quem</strong></span> <span class='ocrx_word' id='word_1_652' title='bbox 3446 3798 3543 3837; x_wconf 84' lang='lat' dir='ltr'><strong>vos</strong></span> 
     </span>
    </p>
   </div>
   <div class='ocr_carea' id='block_1_84' title="bbox 1966 3875 3543 3949">
    <p class='ocr_par' dir='ltr' id='par_1_84' title="bbox 1966 3875 3543 3949">
     <span class='ocr_line' id='line_1_84' title="bbox 1966 3875 3543 3949; baseline -0.002 -16"><span class='ocrx_word' id='word_1_653' title='bbox 1966 3879 2226 3949; x_wconf 78' lang='lat' dir='ltr'><strong>ignoratis</strong></span> <span class='ocrx_word' id='word_1_654' title='bbox 2275 3887 2331 3933; x_wconf 87' lang='lat' dir='ltr'><strong>et</strong></span> <span class='ocrx_word' id='word_1_655' title='bbox 2389 3878 2624 3949; x_wconf 75' lang='lat' dir='ltr'><strong>negatis,</strong></span> <span class='ocrx_word' id='word_1_656' title='bbox 2672 3876 2972 3931; x_wconf 91' lang='lat' dir='ltr'><strong>multorum</strong></span> <span class='ocrx_word' id='word_1_657' title='bbox 3023 3876 3307 3930; x_wconf 90' lang='lat' dir='ltr'><strong>numinum</strong></span> <span class='ocrx_word' id='word_1_658' title='bbox 3366 3875 3543 3931; x_wconf 73' lang='lat' dir='ltr'><strong>errori</strong></span> 
     </span>
    </p>
   </div>
   <div class='ocr_carea' id='block_1_85' title="bbox 1964 3966 3543 4039">
    <p class='ocr_par' dir='ltr' id='par_1_85' title="bbox 1964 3966 3543 4039">
     <span class='ocr_line' id='line_1_85' title="bbox 1964 3966 3543 4039; baseline -0.004 -13"><span class='ocrx_word' id='word_1_659' title='bbox 1964 3970 2156 4038; x_wconf 91' lang='lat' dir='ltr'><strong>dediti,</strong></span> <span class='ocrx_word' id='word_1_660' title='bbox 2195 3970 2492 4036; x_wconf 87' lang='lat' dir='ltr'><strong>molestias,</strong></span> <span class='ocrx_word' id='word_1_661' title='bbox 2529 3968 2944 4039; x_wconf 83' lang='lat' dir='ltr'><strong>defatigationes</strong></span> <span class='ocrx_word' id='word_1_662' title='bbox 2987 3978 3043 4022; x_wconf 87' lang='lat' dir='ltr'><strong>et</strong></span> <span class='ocrx_word' id='word_1_663' title='bbox 3082 3968 3301 4022; x_wconf 89' lang='lat' dir='ltr'><strong>labores</strong></span> <span class='ocrx_word' id='word_1_664' title='bbox 3329 3966 3543 4035; x_wconf 65' lang='lat' dir='ltr'><strong>prazbeo</strong></span> 
     </span>
    </p>
   </div>
   <div class='ocr_carea' id='block_1_86' title="bbox 1964 4058 3541 4133">
    <p class='ocr_par' dir='ltr' id='par_1_86' title="bbox 1964 4058 3541 4133">
     <span class='ocr_line' id='line_1_86' title="bbox 1964 4058 3541 4133; baseline -0.003 -16"><span class='ocrx_word' id='word_1_665' title='bbox 1964 4062 2112 4128; x_wconf 85' lang='lat' dir='ltr'><strong>bilis,</strong></span> <span class='ocrx_word' id='word_1_666' title='bbox 2163 4063 2409 4118; x_wconf 88' lang='lat' dir='ltr'><strong>nolentes</strong></span> <span class='ocrx_word' id='word_1_667' title='bbox 2456 4062 2576 4133; x_wconf 82' lang='lat' dir='ltr'><strong>ejus</strong></span> <span class='ocrx_word' id='word_1_668' title='bbox 2624 4058 2911 4132; x_wconf 86' lang='lat' dir='ltr'><strong>promissis</strong></span> <span class='ocrx_word' id='word_1_669' title='bbox 2950 4058 3112 4115; x_wconf 83' lang='lat' dir='ltr'><strong>tidem</strong></span> <span class='ocrx_word' id='word_1_670' title='bbox 3143 4058 3373 4125; x_wconf 86' lang='lat' dir='ltr'><strong>habere,</strong></span> <span class='ocrx_word' id='word_1_671' title='bbox 3437 4072 3541 4113; x_wconf 85' lang='lat' dir='ltr'><strong>nec</strong></span> 
     </span>
    </p>
   </div>
   <div class='ocr_carea' id='block_1_87' title="bbox 1963 4151 2656 4224">
    <p class='ocr_par' dir='ltr' id='par_1_87' title="bbox 1963 4151 2656 4224">
     <span class='ocr_line' id='line_1_87' title="bbox 1963 4151 2656 4224; baseline -0.003 -17"><span class='ocrx_word' id='word_1_672' title='bbox 1963 4154 2080 4224; x_wconf 85' lang='lat' dir='ltr'><strong>ejus</strong></span> <span class='ocrx_word' id='word_1_673' title='bbox 2100 4162 2369 4223; x_wconf 57' lang='lat' dir='ltr'><strong>praecepta</strong></span> <span class='ocrx_word' id='word_1_674' title='bbox 2394 4151 2656 4222; x_wconf 76' lang='lat' dir='ltr'><strong>exsequi?</strong></span> 
     </span>
    </p>
   </div>
   <div class='ocr_carea' id='block_1_88' title="bbox 2035 4240 3544 4314">
    <p class='ocr_par' dir='ltr' id='par_1_88' title="bbox 2035 4240 3544 4314">
     <span class='ocr_line' id='line_1_88' title="bbox 2035 4240 3544 4314; baseline 0 -17"><span class='ocrx_word' id='word_1_675' title='bbox 2035 4245 2202 4301; x_wconf 74' lang='lat' dir='ltr'><strong>Vens.</strong></span> <span class='ocrx_word' id='word_1_676' title='bbox 2239 4245 2328 4301; x_wconf 76' lang='lat' dir='ltr'><strong>M.</strong></span> <span class='ocrx_word' id='word_1_677' title='bbox 2362 4262 2380 4297; x_wconf 78' lang='grc' dir='ltr'><strong>ι</strong></span> <span class='ocrx_word' id='word_1_678' title='bbox 2418 4244 2647 4314; x_wconf 83' lang='lat' dir='ltr'><strong>Propter</strong></span> <span class='ocrx_word' id='word_1_679' title='bbox 2673 4243 2780 4299; x_wconf 90' lang='lat' dir='ltr'><strong>hoc</strong></span> <span class='ocrx_word' id='word_1_680' title='bbox 2808 4242 2960 4299; x_wconf 85' lang='lat' dir='ltr'><strong>dabit</strong></span> <span class='ocrx_word' id='word_1_681' title='bbox 3003 4240 3265 4299; x_wconf 87' lang='lat' dir='ltr'><strong>Dominus</strong></span> <span class='ocrx_word' id='word_1_682' title='bbox 3307 4241 3424 4314; x_wconf 89' lang='lat' dir='ltr'><strong>ipse</strong></span> <span class='ocrx_word' id='word_1_683' title='bbox 3446 4256 3544 4298; x_wconf 79' lang='lat' dir='ltr'><strong>vo-</strong></span> 
     </span>
    </p>
   </div>
   <div class='ocr_carea' id='block_1_89' title="bbox 1962 4335 3543 4409">
    <p class='ocr_par' dir='ltr' id='par_1_89' title="bbox 1962 4335 3543 4409">
     <span class='ocr_line' id='line_1_89' title="bbox 1962 4335 3543 4409; baseline -0.003 -14"><span class='ocrx_word' id='word_1_684' title='bbox 1962 4340 2048 4395; x_wconf 90' lang='lat' dir='ltr'><strong>bis</strong></span> <span class='ocrx_word' id='word_1_685' title='bbox 2098 4341 2307 4409; x_wconf 84' lang='lat' dir='ltr'><strong>signum</strong></span> <span class='ocrx_word' id='word_1_686' title='bbox 2336 4357 2348 4393; x_wconf 92' lang='lat'><strong>:</strong></span> <span class='ocrx_word' id='word_1_687' title='bbox 2376 4336 2518 4393; x_wconf 86' lang='lat' dir='ltr'><strong>Ecce</strong></span> <span class='ocrx_word' id='word_1_688' title='bbox 2548 4338 2701 4406; x_wconf 83' lang='lat' dir='ltr'><strong>virgo</strong></span> <span class='ocrx_word' id='word_1_689' title='bbox 2733 4335 2789 4391; x_wconf 90' lang='lat' dir='ltr'><strong>in</strong></span> <span class='ocrx_word' id='word_1_690' title='bbox 2823 4347 2979 4392; x_wconf 89' lang='lat' dir='ltr'><strong>utero</strong></span> <span class='ocrx_word' id='word_1_691' title='bbox 3008 4336 3316 4406; x_wconf 88' lang='lat' dir='ltr'><strong>concipiet,</strong></span> <span class='ocrx_word' id='word_1_692' title='bbox 3362 4344 3419 4392; x_wconf 88' lang='lat' dir='ltr'><strong>et</strong></span> <span class='ocrx_word' id='word_1_693' title='bbox 3446 4350 3543 4405; x_wconf 85' lang='lat' dir='ltr'><strong>pa-</strong></span> 
     </span>
    </p>
   </div>
   <div class='ocr_carea' id='block_1_90' title="bbox 1902 4428 3535 4500">
    <p class='ocr_par' dir='ltr' id='par_1_90' title="bbox 1902 4428 3535 4500">
     <span class='ocr_line' id='line_1_90' title="bbox 1902 4428 3535 4500; baseline -0.003 -13"><span class='ocrx_word' id='word_1_694' title='bbox 1902 4444 1904 4446; x_wconf 75' lang='lat'><strong>&#39;</strong></span> <span class='ocrx_word' id='word_1_695' title='bbox 1964 4433 2071 4487; x_wconf 86' lang='lat' dir='ltr'><strong>riet</strong></span> <span class='ocrx_word' id='word_1_696' title='bbox 2120 4432 2309 4498; x_wconf 84' lang='lat' dir='ltr'><strong>lilium,</strong></span> <span class='ocrx_word' id='word_1_697' title='bbox 2359 4440 2415 4487; x_wconf 90' lang='lat' dir='ltr'><strong>et</strong></span> <span class='ocrx_word' id='word_1_698' title='bbox 2458 4430 2678 4487; x_wconf 85' lang='lat' dir='ltr'><strong>vocabis</strong></span> <span class='ocrx_word' id='word_1_699' title='bbox 2729 4443 2929 4485; x_wconf 88' lang='lat' dir='ltr'><strong>nomen</strong></span> <span class='ocrx_word' id='word_1_700' title='bbox 2976 4430 3094 4500; x_wconf 85' lang='lat' dir='ltr'><strong>ejus</strong></span> <span class='ocrx_word' id='word_1_701' title='bbox 3142 4428 3482 4485; x_wconf 89' lang='lat' dir='ltr'><strong>Emmanuel.</strong></span> <span class='ocrx_word' id='word_1_702' title='bbox 3514 4447 3535 4482; x_wconf 71' lang='grc' dir='ltr'><strong>ο</strong></span> 
     </span>
    </p>
   </div>
   <div class='ocr_carea' id='block_1_91' title="bbox 258 4520 1857 4612">
    <p class='ocr_par' dir='ltr' id='par_1_91' title="bbox 258 4521 1857 4595">
     <span class='ocr_line' id='line_1_91' title="bbox 258 4521 1857 4595; baseline -0.002 -18"><span class='ocrx_word' id='word_1_703' title='bbox 258 4526 454 4595; x_wconf 72' lang='grc' dir='ltr'>φησὶν,</span> <span class='ocrx_word' id='word_1_704' title='bbox 484 4524 601 4575; x_wconf 71' lang='grc' dir='ltr'>ἐστὶ</span> <span class='ocrx_word' id='word_1_705' title='bbox 625 4523 686 4575; x_wconf 88' lang='grc' dir='ltr'><strong>τὸ</strong></span> <span class='ocrx_word' id='word_1_706' title='bbox 716 4525 980 4595; x_wconf 88' lang='grc' dir='ltr'>σωτήριον</span> <span class='ocrx_word' id='word_1_707' title='bbox 1024 4526 1266 4593; x_wconf 84' lang='grc' dir='ltr'>σημεῖον,</span> <span class='ocrx_word' id='word_1_708' title='bbox 1293 4524 1322 4577; x_wconf 85' lang='grc' dir='ltr'><strong>ὃ</strong></span> <span class='ocrx_word' id='word_1_709' title='bbox 1354 4524 1447 4577; x_wconf 79' lang='grc' dir='ltr'>καὶ</span> <span class='ocrx_word' id='word_1_710' title='bbox 1486 4522 1561 4594; x_wconf 82' lang='grc' dir='ltr'>μὴ</span> <span class='ocrx_word' id='word_1_711' title='bbox 1606 4521 1857 4594; x_wconf 78' lang='grc' dir='ltr'>βουλομέο</span> 
     </span>
    </p>
   </div>
   <div class='ocr_carea' id='block_1_92' title="bbox 1962 4520 3541 4612">
    <p class='ocr_par' dir='ltr' id='par_1_92' title="bbox 1967 4520 3541 4594">
     <span class='ocr_line' id='line_1_92' title="bbox 1967 4520 3541 4594; baseline -0.003 -14"><span class='ocrx_word' id='word_1_712' title='bbox 1967 4525 2116 4591; x_wconf 82' lang='lat' dir='ltr'><strong>Quod</strong></span> <span class='ocrx_word' id='word_1_713' title='bbox 2158 4534 2283 4592; x_wconf 91' lang='lat' dir='ltr'><strong>est,</strong></span> <span class='ocrx_word' id='word_1_714' title='bbox 2309 4523 2483 4593; x_wconf 90' lang='lat' dir='ltr'><strong>inquit</strong></span> <span class='ocrx_word' id='word_1_715' title='bbox 2509 4562 2524 4588; x_wconf 93' lang='lat'><strong>,</strong></span> <span class='ocrx_word' id='word_1_716' title='bbox 2557 4524 2770 4594; x_wconf 87' lang='lat' dir='ltr'><strong>signum</strong></span> <span class='ocrx_word' id='word_1_717' title='bbox 2798 4522 3063 4590; x_wconf 89' lang='lat' dir='ltr'><strong>salutare,</strong></span> <span class='ocrx_word' id='word_1_718' title='bbox 3097 4521 3239 4591; x_wconf 85' lang='lat' dir='ltr'><strong>quod</strong></span> <span class='ocrx_word' id='word_1_719' title='bbox 3264 4522 3417 4577; x_wconf 92' lang='lat' dir='ltr'><strong>vobis</strong></span> <span class='ocrx_word' id='word_1_720' title='bbox 3454 4520 3541 4575; x_wconf 92' lang='lat' dir='ltr'><strong>vel</strong></span> 
     </span>
    </p>
   </div>
   <div class='ocr_carea' id='block_1_93' title="bbox 255 4614 1851 4688">
    <p class='ocr_par' dir='ltr' id='par_1_93' title="bbox 255 4614 1851 4688">
     <span class='ocr_line' id='line_1_93' title="bbox 255 4614 1851 4688; baseline -0.001 -17"><span class='ocrx_word' id='word_1_721' title='bbox 255 4637 376 4682; x_wconf 82' lang='grc' dir='ltr'>νοις</span> <span class='ocrx_word' id='word_1_722' title='bbox 408 4620 541 4687; x_wconf 87' lang='grc' dir='ltr'>ύμῖν</span> <span class='ocrx_word' id='word_1_723' title='bbox 579 4615 839 4688; x_wconf 80' lang='grc' dir='ltr'>παρέξει;</span> <span class='ocrx_word' id='word_1_724' title='bbox 880 4615 1179 4688; x_wconf 78' lang='grc' dir='ltr'>παράδοξόν</span> <span class='ocrx_word' id='word_1_725' title='bbox 1221 4634 1273 4669; x_wconf 88' lang='grc' dir='ltr'><strong>τι</strong></span> <span class='ocrx_word' id='word_1_726' title='bbox 1311 4615 1496 4674; x_wconf 78' lang='grc' dir='ltr'>θαῦμα</span> <span class='ocrx_word' id='word_1_727' title='bbox 1536 4614 1689 4669; x_wconf 75' lang='grc' dir='ltr'>ἔσται</span> <span class='ocrx_word' id='word_1_728' title='bbox 1719 4616 1851 4669; x_wconf 78' lang='grc' dir='ltr'>ποτὲ</span> 
     </span>
    </p>
   </div>
   <div class='ocr_carea' id='block_1_94' title="bbox 258 4707 1852 4781">
    <p class='ocr_par' dir='ltr' id='par_1_94' title="bbox 258 4707 1852 4781">
     <span class='ocr_line' id='line_1_94' title="bbox 258 4707 1852 4781; baseline -0.003 -17"><span class='ocrx_word' id='word_1_729' title='bbox 258 4714 322 4765; x_wconf 76' lang='grc' dir='ltr'>ὲν</span> <span class='ocrx_word' id='word_1_730' title='bbox 364 4710 696 4781; x_wconf 86' lang='grc' dir='ltr'>ἀνθρώποις,</span> <span class='ocrx_word' id='word_1_731' title='bbox 741 4708 836 4762; x_wconf 72' lang='grc' dir='ltr'>καὶ</span> <span class='ocrx_word' id='word_1_732' title='bbox 883 4710 1108 4778; x_wconf 83' lang='grc' dir='ltr'>σημεῖον</span> <span class='ocrx_word' id='word_1_733' title='bbox 1164 4707 1429 4778; x_wconf 85' lang='grc' dir='ltr'>μηδέποτε</span> <span class='ocrx_word' id='word_1_734' title='bbox 1474 4707 1738 4762; x_wconf 73' lang='grc' dir='ltr'>ἀκουσθέν</span> <span class='ocrx_word' id='word_1_735' title='bbox 1788 4708 1852 4760; x_wconf 89' lang='grc' dir='ltr'>ὲκ</span> 
     </span>
    </p>
   </div>
   <div class='ocr_carea' id='block_1_95' title="bbox 256 4799 1852 4872">
    <p class='ocr_par' dir='ltr' id='par_1_95' title="bbox 256 4799 1852 4872">
     <span class='ocr_line' id='line_1_95' title="bbox 256 4799 1852 4872; baseline -0.003 -17"><span class='ocrx_word' id='word_1_736' title='bbox 256 4800 360 4856; x_wconf 85' lang='grc' dir='ltr'><strong>τοῦ</strong></span> <span class='ocrx_word' id='word_1_737' title='bbox 398 4800 603 4863; x_wconf 86' lang='grc' dir='ltr'>παντὸς</span> <span class='ocrx_word' id='word_1_738' title='bbox 634 4799 847 4863; x_wconf 83' lang='grc' dir='ltr'>αἰῶνος.</span> <span class='ocrx_word' id='word_1_739' title='bbox 880 4800 1155 4872; x_wconf 60' lang='grc' dir='ltr'>Παρθένιος</span> <span class='ocrx_word' id='word_1_740' title='bbox 1183 4801 1373 4870; x_wconf 87' lang='grc' dir='ltr'>κυήσει</span> <span class='ocrx_word' id='word_1_741' title='bbox 1410 4799 1535 4868; x_wconf 85' lang='grc' dir='ltr'>δίχα</span> <span class='ocrx_word' id='word_1_742' title='bbox 1570 4799 1669 4869; x_wconf 82' lang='grc' dir='ltr'>τῆς</span> <span class='ocrx_word' id='word_1_743' title='bbox 1715 4800 1852 4870; x_wconf 88' lang='grc' dir='ltr'>πρὸς</span> 
     </span>
    </p>
   </div>
   <div class='ocr_carea' id='block_1_96' title="bbox 259 4891 1855 4965">
    <p class='ocr_par' dir='ltr' id='par_1_96' title="bbox 259 4891 1855 4965">
     <span class='ocr_line' id='line_1_96' title="bbox 259 4891 1855 4965; baseline -0.003 -16"><span class='ocrx_word' id='word_1_744' title='bbox 259 4894 437 4965; x_wconf 77' lang='grc' dir='ltr'>ἄνδρα</span> <span class='ocrx_word' id='word_1_745' title='bbox 462 4892 768 4955; x_wconf 78' lang='grc' dir='ltr'>κοινωνίας,</span> <span class='ocrx_word' id='word_1_746' title='bbox 802 4894 894 4945; x_wconf 75' lang='grc' dir='ltr'>καὶ</span> <span class='ocrx_word' id='word_1_747' title='bbox 921 4892 1054 4945; x_wconf 87' lang='grc' dir='ltr'>Θεὸν</span> <span class='ocrx_word' id='word_1_748' title='bbox 1076 4894 1343 4963; x_wconf 84' lang='grc' dir='ltr'>γεννήσει,</span> <span class='ocrx_word' id='word_1_749' title='bbox 1374 4892 1601 4961; x_wconf 86' lang='grc' dir='ltr'>Σωτῆρα</span> <span class='ocrx_word' id='word_1_750' title='bbox 1622 4891 1713 4944; x_wconf 88' lang='grc' dir='ltr'><strong>τοῦ</strong></span> <span class='ocrx_word' id='word_1_751' title='bbox 1744 4891 1855 4945; x_wconf 84' lang='grc' dir='ltr'><strong>τῶν</strong></span> 
     </span>
    </p>
   </div>
   <div class='ocr_carea' id='block_1_97' title="bbox 261 4983 1858 5057">
    <p class='ocr_par' dir='ltr' id='par_1_97' title="bbox 261 4983 1858 5057">
     <span class='ocr_line' id='line_1_97' title="bbox 261 4983 1858 5057; baseline -0.002 -16"><span class='ocrx_word' id='word_1_752' title='bbox 261 4985 576 5057; x_wconf 86' lang='grc' dir='ltr'>ἀνθρώπων</span> <span class='ocrx_word' id='word_1_753' title='bbox 604 4983 814 5053; x_wconf 83' lang='grc' dir='ltr'>γένους.</span> <span class='ocrx_word' id='word_1_754' title='bbox 838 4984 1038 5038; x_wconf 87' lang='grc' dir='ltr'>Τοῦτον</span> <span class='ocrx_word' id='word_1_755' title='bbox 1067 4984 1227 5039; x_wconf 87' lang='grc' dir='ltr'>αὑτὸν</span> <span class='ocrx_word' id='word_1_756' title='bbox 1248 4984 1338 5037; x_wconf 91' lang='grc' dir='ltr'><strong>τὸν</strong></span> <span class='ocrx_word' id='word_1_757' title='bbox 1369 4983 1628 5055; x_wconf 85' lang='grc' dir='ltr'>μέλλοντα</span> <span class='ocrx_word' id='word_1_758' title='bbox 1659 4984 1858 5055; x_wconf 88' lang='grc' dir='ltr'>λαγχά-</span> 
     </span>
    </p>
   </div>
   <div class='ocr_carea' id='block_1_98' title="bbox 260 5075 1858 5148">
    <p class='ocr_par' dir='ltr' id='par_1_98' title="bbox 260 5075 1858 5148">
     <span class='ocr_line' id='line_1_98' title="bbox 260 5075 1858 5148; baseline -0.001 -17"><span class='ocrx_word' id='word_1_759' title='bbox 260 5095 380 5131; x_wconf 84' lang='grc' dir='ltr'>νειν</span> <span class='ocrx_word' id='word_1_760' title='bbox 416 5075 673 5145; x_wconf 82' lang='grc' dir='ltr'>τοιαύτης</span> <span class='ocrx_word' id='word_1_761' title='bbox 694 5077 1000 5146; x_wconf 85' lang='grc' dir='ltr'>γεννήσεως</span> <span class='ocrx_word' id='word_1_762' title='bbox 1027 5075 1159 5129; x_wconf 85' lang='grc' dir='ltr'>Θεὸν</span> <span class='ocrx_word' id='word_1_763' title='bbox 1185 5078 1407 5147; x_wconf 85' lang='grc' dir='ltr'>σημεῖον</span> <span class='ocrx_word' id='word_1_764' title='bbox 1431 5075 1559 5147; x_wconf 83' lang='grc' dir='ltr'>ὑμῖν</span> <span class='ocrx_word' id='word_1_765' title='bbox 1593 5078 1858 5148; x_wconf 86' lang='grc' dir='ltr'>σωτήριον</span> 
     </span>
    </p>
   </div>
   <div class='ocr_carea' id='block_1_99' title="bbox 264 5166 1857 5239">
    <p class='ocr_par' dir='ltr' id='par_1_99' title="bbox 264 5166 1857 5239">
     <span class='ocr_line' id='line_1_99' title="bbox 264 5166 1857 5239; baseline -0.001 -17"><span class='ocrx_word' id='word_1_766' title='bbox 264 5166 523 5222; x_wconf 76' lang='grc' dir='ltr'>ἐντεῦθεν</span> <span class='ocrx_word' id='word_1_767' title='bbox 567 5166 716 5237; x_wconf 72' lang='grc' dir='ltr'><strong>ἤδηὸ</strong></span> <span class='ocrx_word' id='word_1_768' title='bbox 758 5167 891 5231; x_wconf 83' lang='grc' dir='ltr'>Θεὸς</span> <span class='ocrx_word' id='word_1_769' title='bbox 938 5167 1200 5238; x_wconf 86' lang='grc' dir='ltr'>παρέχει·</span> <span class='ocrx_word' id='word_1_770' title='bbox 1253 5168 1281 5220; x_wconf 84' lang='grc' dir='ltr'><strong>ὃ</strong></span> <span class='ocrx_word' id='word_1_771' title='bbox 1321 5168 1385 5239; x_wconf 83' lang='grc' dir='ltr'><strong>δὴ</strong></span> <span class='ocrx_word' id='word_1_772' title='bbox 1426 5167 1520 5220; x_wconf 80' lang='grc' dir='ltr'>καὶ</span> <span class='ocrx_word' id='word_1_773' title='bbox 1557 5170 1641 5229; x_wconf 81' lang='grc' dir='ltr'>εἰς</span> <span class='ocrx_word' id='word_1_774' title='bbox 1694 5168 1857 5237; x_wconf 80' lang='grc' dir='ltr'>βάθος</span> 
     </span>
    </p>
   </div>
   <div class='ocr_carea' id='block_1_100' title="bbox 268 5258 1858 5329">
    <p class='ocr_par' dir='ltr' id='par_1_100' title="bbox 268 5258 1858 5329">
     <span class='ocr_line' id='line_1_100' title="bbox 268 5258 1858 5329; baseline 0 -18"><span class='ocrx_word' id='word_1_775' title='bbox 268 5260 371 5329; x_wconf 82' lang='grc' dir='ltr'>μὲν</span> <span class='ocrx_word' id='word_1_776' title='bbox 415 5258 481 5310; x_wconf 83' lang='grc' dir='ltr'>δι’</span> <span class='ocrx_word' id='word_1_777' title='bbox 526 5260 591 5326; x_wconf 82' lang='grc' dir='ltr'>ἢν</span> <span class='ocrx_word' id='word_1_778' title='bbox 646 5259 933 5328; x_wconf 83' lang='grc' dir='ltr'>ποιήσεται</span> <span class='ocrx_word' id='word_1_779' title='bbox 981 5258 1173 5328; x_wconf 77' lang='grc' dir='ltr'>μέχρις</span> <span class='ocrx_word' id='word_1_780' title='bbox 1224 5258 1349 5329; x_wconf 68' lang='grc' dir='ltr'>ᾅδου</span> <span class='ocrx_word' id='word_1_781' title='bbox 1394 5258 1720 5325; x_wconf 85' lang='grc' dir='ltr'>κατάϐασιν,</span> <span class='ocrx_word' id='word_1_782' title='bbox 1775 5261 1858 5323; x_wconf 88' lang='grc' dir='ltr'><strong>είς</strong></span> 
     </span>
    </p>
   </div>
   <div class='ocr_carea' id='block_1_101' title="bbox 268 5347 1859 5423">
    <p class='ocr_par' dir='ltr' id='par_1_101' title="bbox 268 5347 1859 5423">
     <span class='ocr_line' id='line_1_101' title="bbox 268 5347 1859 5423; baseline -0.001 -18"><span class='ocrx_word' id='word_1_783' title='bbox 268 5352 403 5422; x_wconf 72' lang='grc' dir='ltr'>ὕψος</span> <span class='ocrx_word' id='word_1_784' title='bbox 432 5352 490 5405; x_wconf 80' lang='grc' dir='ltr'><strong>δὲ</strong></span> <span class='ocrx_word' id='word_1_785' title='bbox 533 5350 621 5404; x_wconf 74' lang='grc' dir='ltr'><strong>διὰ</strong></span> <span class='ocrx_word' id='word_1_786' title='bbox 653 5350 752 5422; x_wconf 83' lang='grc' dir='ltr'>τὴν</span> <span class='ocrx_word' id='word_1_787' title='bbox 790 5352 870 5415; x_wconf 87' lang='grc' dir='ltr'><strong>είς</strong></span> <span class='ocrx_word' id='word_1_788' title='bbox 903 5352 1167 5423; x_wconf 78' lang='grc' dir='ltr'>οὐρανοὺς</span> <span class='ocrx_word' id='word_1_789' title='bbox 1198 5351 1479 5406; x_wconf 79' lang='grc' dir='ltr'>ἐπάνοδον.</span> <span class='ocrx_word' id='word_1_790' title='bbox 1516 5353 1587 5405; x_wconf 83' lang='grc' dir='ltr'><strong>Σὺ</strong></span> <span class='ocrx_word' id='word_1_791' title='bbox 1619 5348 1734 5414; x_wconf 75' lang='grc' dir='ltr'>οὖν,</span> <span class='ocrx_word' id='word_1_792' title='bbox 1784 5347 1859 5404; x_wconf 77' lang='grc' dir='ltr'><strong>οἶ-</strong></span> 
     </span>
    </p>
   </div>
   <div class='ocr_carea' id='block_1_102' title="bbox 268 5442 1857 5515">
    <p class='ocr_par' dir='ltr' id='par_1_102' title="bbox 268 5442 1857 5515">
     <span class='ocr_line' id='line_1_102' title="bbox 268 5442 1857 5515; baseline -0.003 -16"><span class='ocrx_word' id='word_1_793' title='bbox 268 5461 365 5508; x_wconf 83' lang='grc' dir='ltr'><strong>κος</strong></span> <span class='ocrx_word' id='word_1_794' title='bbox 399 5443 583 5506; x_wconf 77' lang='grc' dir='ltr'>Δαυῒδ,</span> <span class='ocrx_word' id='word_1_795' title='bbox 619 5442 868 5496; x_wconf 80' lang='grc' dir='ltr'>ἐντεῦθεν</span> <span class='ocrx_word' id='word_1_796' title='bbox 902 5443 1000 5514; x_wconf 77' lang='grc' dir='ltr'>ήδη</span> <span class='ocrx_word' id='word_1_797' title='bbox 1050 5444 1190 5497; x_wconf 86' lang='grc' dir='ltr'><strong>κατά</strong></span> <span class='ocrx_word' id='word_1_798' title='bbox 1227 5444 1317 5497; x_wconf 88' lang='grc' dir='ltr'><strong>τὸν</strong></span> <span class='ocrx_word' id='word_1_799' title='bbox 1360 5444 1548 5515; x_wconf 86' lang='grc' dir='ltr'>καιρὸν</span> <span class='ocrx_word' id='word_1_800' title='bbox 1579 5444 1677 5513; x_wconf 84' lang='grc' dir='ltr'>τῆς</span> <span class='ocrx_word' id='word_1_801' title='bbox 1722 5443 1857 5513; x_wconf 88' lang='grc' dir='ltr'>πρὸς</span> 
     </span>
    </p>
   </div>
   <div class='ocr_carea' id='block_1_103' title="bbox 268 5533 1850 5606">
    <p class='ocr_par' dir='ltr' id='par_1_103' title="bbox 268 5533 1850 5606">
     <span class='ocr_line' id='line_1_103' title="bbox 268 5533 1850 5606; baseline -0.003 -16"><span class='ocrx_word' id='word_1_802' title='bbox 268 5539 395 5599; x_wconf 71' lang='grc' dir='ltr'>τοὺς</span> <span class='ocrx_word' id='word_1_803' title='bbox 426 5535 703 5606; x_wconf 85' lang='grc' dir='ltr'>παρόντας</span> <span class='ocrx_word' id='word_1_804' title='bbox 734 5534 1023 5604; x_wconf 85' lang='grc' dir='ltr'>πολεμίους</span> <span class='ocrx_word' id='word_1_805' title='bbox 1058 5533 1334 5605; x_wconf 85' lang='grc' dir='ltr'>συμϐολῆς</span> <span class='ocrx_word' id='word_1_806' title='bbox 1364 5533 1634 5589; x_wconf 88' lang='grc' dir='ltr'>ἀνακαλοῦ</span> <span class='ocrx_word' id='word_1_807' title='bbox 1668 5534 1850 5599; x_wconf 83' lang='grc' dir='ltr'>αὑτὸν,</span> 
     </span>
    </p>
   </div>
   <div class='ocr_carea' id='block_1_104' title="bbox 282 5626 1854 5699">
    <p class='ocr_par' dir='ltr' id='par_1_104' title="bbox 282 5626 1854 5699">
     <span class='ocr_line' id='line_1_104' title="bbox 282 5626 1854 5699; baseline 0 -18"><span class='ocrx_word' id='word_1_808' title='bbox 282 5627 635 5699; x_wconf 76' lang='grc' dir='ltr'>Ἐμμανουήλ</span> <span class='ocrx_word' id='word_1_809' title='bbox 667 5626 1040 5697; x_wconf 70' lang='grc' dir='ltr'>ἐπονομάζων,</span> <span class='ocrx_word' id='word_1_810' title='bbox 1066 5626 1205 5697; x_wconf 83' lang='grc' dir='ltr'>ὅπερ</span> <span class='ocrx_word' id='word_1_811' title='bbox 1230 5628 1294 5680; x_wconf 78' lang='grc' dir='ltr'>ἐκ</span> <span class='ocrx_word' id='word_1_812' title='bbox 1315 5627 1412 5698; x_wconf 80' lang='grc' dir='ltr'>τῆς</span> <span class='ocrx_word' id='word_1_813' title='bbox 1438 5627 1734 5699; x_wconf 79' lang='grc' dir='ltr'>ἑρμηνείας</span> <span class='ocrx_word' id='word_1_814' title='bbox 1756 5628 1854 5698; x_wconf 80' lang='grc' dir='ltr'>τὴν</span> 
     </span>
    </p>
   </div>
   <div class='ocr_carea' id='block_1_105' title="bbox 275 5717 1856 5793">
    <p class='ocr_par' dir='ltr' id='par_1_105' title="bbox 275 5717 1856 5793">
     <span class='ocr_line' id='line_1_105' title="bbox 275 5717 1856 5793; baseline -0.001 -20"><span class='ocrx_word' id='word_1_815' title='bbox 275 5721 370 5773; x_wconf 82' lang='grc' dir='ltr'><strong>τοῦ</strong></span> <span class='ocrx_word' id='word_1_816' title='bbox 403 5720 565 5789; x_wconf 82' lang='grc' dir='ltr'>λόγου</span> <span class='ocrx_word' id='word_1_817' title='bbox 601 5718 897 5790; x_wconf 85' lang='grc' dir='ltr'>παρίστησι</span> <span class='ocrx_word' id='word_1_818' title='bbox 936 5717 1197 5789; x_wconf 85' lang='grc' dir='ltr'>δύναμιν·</span> <span class='ocrx_word' id='word_1_819' title='bbox 1236 5737 1255 5769; x_wconf 86' lang='grc'><strong>‹</strong></span> <span class='ocrx_word' id='word_1_820' title='bbox 1315 5719 1433 5789; x_wconf 83' lang='grc' dir='ltr'>μεθ’</span> <span class='ocrx_word' id='word_1_821' title='bbox 1481 5719 1638 5791; x_wconf 82' lang='grc' dir='ltr'>ἡμῶν</span> <span class='ocrx_word' id='word_1_822' title='bbox 1680 5739 1697 5771; x_wconf 79' lang='grc' dir='ltr'><strong>ι</strong></span> <span class='ocrx_word' id='word_1_823' title='bbox 1748 5719 1856 5793; x_wconf 80' lang='grc' dir='ltr'>γὰρ</span> 
     </span>
    </p>
   </div>
   <div class='ocr_carea' id='block_1_106' title="bbox 290 5808 1857 5885">
    <p class='ocr_par' dir='ltr' id='par_1_106' title="bbox 290 5808 1857 5885">
     <span class='ocr_line' id='line_1_106' title="bbox 290 5808 1857 5885; baseline -0.004 -18"><span class='ocrx_word' id='word_1_824' title='bbox 290 5832 305 5867; x_wconf 79' lang='grc' dir='ltr'><strong>ι</strong></span> <span class='ocrx_word' id='word_1_825' title='bbox 346 5816 373 5868; x_wconf 81' lang='lat'><strong>6</strong></span> <span class='ocrx_word' id='word_1_826' title='bbox 396 5814 529 5877; x_wconf 74' lang='grc' dir='ltr'>Θεὸς</span> <span class='ocrx_word' id='word_1_827' title='bbox 561 5835 578 5863; x_wconf 75' lang='grc' dir='ltr'><strong>ι</strong></span> <span class='ocrx_word' id='word_1_828' title='bbox 612 5812 761 5878; x_wconf 88' lang='grc' dir='ltr'>δηλοῖ</span> <span class='ocrx_word' id='word_1_829' title='bbox 783 5811 1043 5879; x_wconf 74' lang='grc' dir='ltr'>τοῦνομα.</span> <span class='ocrx_word' id='word_1_830' title='bbox 1077 5809 1352 5868; x_wconf 81' lang='grc' dir='ltr'>Πιστεύων</span> <span class='ocrx_word' id='word_1_831' title='bbox 1375 5808 1467 5868; x_wconf 73' lang='grc' dir='ltr'><strong>οὖν</strong></span> <span class='ocrx_word' id='word_1_832' title='bbox 1496 5812 1632 5885; x_wconf 74' lang='grc' dir='ltr'>δῇτα</span> <span class='ocrx_word' id='word_1_833' title='bbox 1652 5812 1729 5883; x_wconf 83' lang='grc' dir='ltr'><strong>τῷ</strong></span> <span class='ocrx_word' id='word_1_834' title='bbox 1760 5829 1857 5883; x_wconf 83' lang='grc' dir='ltr'>ση..</span> 
     </span>
    </p>
   </div>
   <div class='ocr_carea' id='block_1_107' title="bbox 1965 4613 3540 4684">
    <p class='ocr_par' dir='ltr' id='par_1_107' title="bbox 1965 4613 3540 4684">
     <span class='ocr_line' id='line_1_107' title="bbox 1965 4613 3540 4684; baseline -0.004 -12"><span class='ocrx_word' id='word_1_835' title='bbox 1965 4616 2273 4672; x_wconf 89' lang='lat' dir='ltr'><strong>nolentibus</strong></span> <span class='ocrx_word' id='word_1_836' title='bbox 2302 4616 2609 4684; x_wconf 65' lang='lat' dir='ltr'><strong>praebebit?</strong></span> <span class='ocrx_word' id='word_1_837' title='bbox 2651 4615 2972 4683; x_wconf 88' lang='lat' dir='ltr'><strong>stupendum</strong></span> <span class='ocrx_word' id='word_1_838' title='bbox 3007 4613 3277 4684; x_wconf 88' lang='lat' dir='ltr'><strong>quoddam</strong></span> <span class='ocrx_word' id='word_1_839' title='bbox 3306 4613 3540 4668; x_wconf 82' lang='lat' dir='ltr'><strong>miracu-</strong></span> 
     </span>
    </p>
   </div>
   <div class='ocr_carea' id='block_1_108' title="bbox 1964 4704 3543 4775">
    <p class='ocr_par' dir='ltr' id='par_1_108' title="bbox 1964 4704 3543 4775">
     <span class='ocr_line' id='line_1_108' title="bbox 1964 4704 3543 4775; baseline -0.002 -15"><span class='ocrx_word' id='word_1_840' title='bbox 1964 4706 2073 4761; x_wconf 91' lang='lat' dir='ltr'><strong>lum</strong></span> <span class='ocrx_word' id='word_1_841' title='bbox 2118 4706 2409 4775; x_wconf 85' lang='lat' dir='ltr'><strong>aliquando</strong></span> <span class='ocrx_word' id='word_1_842' title='bbox 2446 4705 2499 4759; x_wconf 92' lang='lat' dir='ltr'><strong>in</strong></span> <span class='ocrx_word' id='word_1_843' title='bbox 2529 4704 2842 4759; x_wconf 89' lang='lat' dir='ltr'><strong>hominibus</strong></span> <span class='ocrx_word' id='word_1_844' title='bbox 2873 4705 3017 4771; x_wconf 88' lang='lat' dir='ltr'><strong>erit,</strong></span> <span class='ocrx_word' id='word_1_845' title='bbox 3047 4717 3111 4758; x_wconf 91' lang='lat' dir='ltr'><strong>ac</strong></span> <span class='ocrx_word' id='word_1_846' title='bbox 3150 4704 3366 4773; x_wconf 81' lang='lat' dir='ltr'><strong>signum</strong></span> <span class='ocrx_word' id='word_1_847' title='bbox 3405 4719 3543 4757; x_wconf 89' lang='lat' dir='ltr'><strong>nun-</strong></span> 
     </span>
    </p>
   </div>
   <div class='ocr_carea' id='block_1_109' title="bbox 1964 4793 3543 4867">
    <p class='ocr_par' dir='ltr' id='par_1_109' title="bbox 1964 4793 3543 4867">
     <span class='ocr_line' id='line_1_109' title="bbox 1964 4793 3543 4867; baseline -0.003 -16"><span class='ocrx_word' id='word_1_848' title='bbox 1964 4812 2127 4867; x_wconf 90' lang='lat' dir='ltr'><strong>quam</strong></span> <span class='ocrx_word' id='word_1_849' title='bbox 2156 4797 2306 4852; x_wconf 90' lang='lat' dir='ltr'><strong>omni</strong></span> <span class='ocrx_word' id='word_1_850' title='bbox 2337 4795 2534 4852; x_wconf 67' lang='lat' dir='ltr'><strong>sarculo</strong></span> <span class='ocrx_word' id='word_1_851' title='bbox 2567 4796 2838 4849; x_wconf 91' lang='lat' dir='ltr'><strong>auditum.</strong></span> <span class='ocrx_word' id='word_1_852' title='bbox 2867 4793 3031 4865; x_wconf 84' lang='lat' dir='ltr'><strong>Virgo</strong></span> <span class='ocrx_word' id='word_1_853' title='bbox 3064 4804 3277 4849; x_wconf 87' lang='lat' dir='ltr'><strong>uterum</strong></span> <span class='ocrx_word' id='word_1_854' title='bbox 3308 4794 3543 4865; x_wconf 78' lang='lat' dir='ltr'><strong>gesmbit</strong></span> 
     </span>
    </p>
   </div>
   <div class='ocr_carea' id='block_1_110' title="bbox 1964 4886 3538 4957">
    <p class='ocr_par' dir='ltr' id='par_1_110' title="bbox 1964 4886 3538 4957">
     <span class='ocr_line' id='line_1_110' title="bbox 1964 4886 3538 4957; baseline -0.002 -14"><span class='ocrx_word' id='word_1_855' title='bbox 1964 4890 2083 4944; x_wconf 91' lang='lat' dir='ltr'><strong>sine</strong></span> <span class='ocrx_word' id='word_1_856' title='bbox 2116 4886 2221 4942; x_wconf 91' lang='lat' dir='ltr'><strong>ulla</strong></span> <span class='ocrx_word' id='word_1_857' title='bbox 2254 4902 2376 4943; x_wconf 93' lang='lat' dir='ltr'><strong>cum</strong></span> <span class='ocrx_word' id='word_1_858' title='bbox 2417 4889 2536 4942; x_wconf 93' lang='lat' dir='ltr'><strong>viro</strong></span> <span class='ocrx_word' id='word_1_859' title='bbox 2560 4886 2950 4941; x_wconf 87' lang='lat' dir='ltr'><strong>consuetudine</strong></span> <span class='ocrx_word' id='word_1_860' title='bbox 2973 4927 2989 4955; x_wconf 92' lang='lat'><strong>,</strong></span> <span class='ocrx_word' id='word_1_861' title='bbox 3026 4897 3080 4941; x_wconf 91' lang='lat' dir='ltr'><strong>et</strong></span> <span class='ocrx_word' id='word_1_862' title='bbox 3115 4888 3281 4944; x_wconf 87' lang='lat' dir='ltr'><strong>Deum</strong></span> <span class='ocrx_word' id='word_1_863' title='bbox 3318 4887 3538 4957; x_wconf 89' lang='lat' dir='ltr'><strong>gignet,</strong></span> 
     </span>
    </p>
   </div>
   <div class='ocr_carea' id='block_1_111' title="bbox 1963 4976 3541 5049">
    <p class='ocr_par' dir='ltr' id='par_1_111' title="bbox 1963 4976 3541 5049">
     <span class='ocr_line' id='line_1_111' title="bbox 1963 4976 3541 5049; baseline -0.003 -15"><span class='ocrx_word' id='word_1_864' title='bbox 1963 4979 2188 5034; x_wconf 90' lang='lat' dir='ltr'><strong>humani</strong></span> <span class='ocrx_word' id='word_1_865' title='bbox 2218 4979 2433 5048; x_wconf 84' lang='lat' dir='ltr'><strong>generis</strong></span> <span class='ocrx_word' id='word_1_866' title='bbox 2466 4978 2826 5033; x_wconf 82' lang='lat' dir='ltr'><strong>Salvatorem.</strong></span> <span class='ocrx_word' id='word_1_867' title='bbox 2852 4978 3005 5035; x_wconf 86' lang='lat' dir='ltr'><strong>llunc</strong></span> <span class='ocrx_word' id='word_1_868' title='bbox 3035 4980 3232 5049; x_wconf 89' lang='lat' dir='ltr'><strong>ipsum,</strong></span> <span class='ocrx_word' id='word_1_869' title='bbox 3258 4980 3347 5049; x_wconf 81' lang='lat' dir='ltr'><strong>qui</strong></span> <span class='ocrx_word' id='word_1_870' title='bbox 3379 4976 3541 5030; x_wconf 90' lang='lat' dir='ltr'><strong>talem</strong></span> 
     </span>
    </p>
   </div>
   <div class='ocr_carea' id='block_1_112' title="bbox 1962 5070 3540 5141">
    <p class='ocr_par' dir='ltr' id='par_1_112' title="bbox 1962 5070 3540 5141">
     <span class='ocr_line' id='line_1_112' title="bbox 1962 5070 3540 5141; baseline -0.003 -13"><span class='ocrx_word' id='word_1_871' title='bbox 1962 5084 2143 5128; x_wconf 88' lang='lat' dir='ltr'><strong>ortum</strong></span> <span class='ocrx_word' id='word_1_872' title='bbox 2167 5072 2432 5128; x_wconf 83' lang='lat' dir='ltr'><strong>ducturus</strong></span> <span class='ocrx_word' id='word_1_873' title='bbox 2474 5082 2561 5128; x_wconf 83' lang='lat' dir='ltr'><strong>est</strong></span> <span class='ocrx_word' id='word_1_874' title='bbox 2586 5114 2601 5137; x_wconf 94' lang='lat'><strong>,</strong></span> <span class='ocrx_word' id='word_1_875' title='bbox 2634 5073 2808 5128; x_wconf 81' lang='lat' dir='ltr'><strong>Deum</strong></span> <span class='ocrx_word' id='word_1_876' title='bbox 2836 5112 2852 5139; x_wconf 90' lang='lat'><strong>,</strong></span> <span class='ocrx_word' id='word_1_877' title='bbox 2881 5076 2934 5127; x_wconf 89' lang='lat' dir='ltr'><strong>in</strong></span> <span class='ocrx_word' id='word_1_878' title='bbox 2967 5074 3183 5141; x_wconf 86' lang='lat' dir='ltr'><strong>signum</strong></span> <span class='ocrx_word' id='word_1_879' title='bbox 3212 5070 3366 5125; x_wconf 89' lang='lat' dir='ltr'><strong>vobis</strong></span> <span class='ocrx_word' id='word_1_880' title='bbox 3393 5070 3540 5124; x_wconf 85' lang='lat' dir='ltr'><strong>salu-</strong></span> 
     </span>
    </p>
   </div>
   <div class='ocr_carea' id='block_1_113' title="bbox 1966 5160 3543 5235">
    <p class='ocr_par' dir='ltr' id='par_1_113' title="bbox 1966 5160 3543 5235">
     <span class='ocr_line' id='line_1_113' title="bbox 1966 5160 3543 5235; baseline -0.003 -16"><span class='ocrx_word' id='word_1_881' title='bbox 1966 5175 2081 5220; x_wconf 88' lang='lat' dir='ltr'><strong>tare</strong></span> <span class='ocrx_word' id='word_1_882' title='bbox 2104 5164 2215 5234; x_wconf 90' lang='lat' dir='ltr'><strong>jam</strong></span> <span class='ocrx_word' id='word_1_883' title='bbox 2245 5167 2447 5221; x_wconf 82' lang='lat' dir='ltr'><strong>exhinc</strong></span> <span class='ocrx_word' id='word_1_884' title='bbox 2490 5164 2634 5221; x_wconf 88' lang='lat' dir='ltr'><strong>Deus</strong></span> <span class='ocrx_word' id='word_1_885' title='bbox 2669 5168 2894 5221; x_wconf 83' lang='lat' dir='ltr'><strong>exhibet</strong></span> <span class='ocrx_word' id='word_1_886' title='bbox 2926 5184 2941 5233; x_wconf 88' lang='lat'><strong>;</strong></span> <span class='ocrx_word' id='word_1_887' title='bbox 2979 5165 3123 5235; x_wconf 90' lang='lat' dir='ltr'><strong>quod</strong></span> <span class='ocrx_word' id='word_1_888' title='bbox 3145 5173 3197 5217; x_wconf 90' lang='lat' dir='ltr'><strong>et</strong></span> <span class='ocrx_word' id='word_1_889' title='bbox 3229 5164 3281 5215; x_wconf 92' lang='lat' dir='ltr'><strong>in</strong></span> <span class='ocrx_word' id='word_1_890' title='bbox 3320 5160 3543 5231; x_wconf 80' lang='lat' dir='ltr'><strong>profun-</strong></span> 
     </span>
    </p>
   </div>
   <div class='ocr_carea' id='block_1_114' title="bbox 1962 5252 3539 5325">
    <p class='ocr_par' dir='ltr' id='par_1_114' title="bbox 1962 5252 3539 5325">
     <span class='ocr_line' id='line_1_114' title="bbox 1962 5252 3539 5325; baseline -0.003 -13"><span class='ocrx_word' id='word_1_891' title='bbox 1962 5257 2089 5312; x_wconf 94' lang='lat' dir='ltr'><strong>dum</strong></span> <span class='ocrx_word' id='word_1_892' title='bbox 2113 5268 2170 5311; x_wconf 90' lang='lat' dir='ltr'><strong>et</strong></span> <span class='ocrx_word' id='word_1_893' title='bbox 2192 5261 2246 5311; x_wconf 89' lang='lat' dir='ltr'><strong>in</strong></span> <span class='ocrx_word' id='word_1_894' title='bbox 2276 5258 2441 5313; x_wconf 92' lang='lat' dir='ltr'><strong>altum</strong></span> <span class='ocrx_word' id='word_1_895' title='bbox 2467 5260 2825 5322; x_wconf 84' lang='lat' dir='ltr'><strong>extendetur;</strong></span> <span class='ocrx_word' id='word_1_896' title='bbox 2856 5260 2910 5313; x_wconf 91' lang='lat' dir='ltr'><strong>in</strong></span> <span class='ocrx_word' id='word_1_897' title='bbox 2947 5253 3269 5325; x_wconf 81' lang='lat' dir='ltr'><strong>profundum</strong></span> <span class='ocrx_word' id='word_1_898' title='bbox 3300 5252 3539 5321; x_wconf 81' lang='lat' dir='ltr'><strong>quidem,</strong></span> 
     </span>
    </p>
   </div>
   <div class='ocr_carea' id='block_1_115' title="bbox 1965 5342 3542 5421">
    <p class='ocr_par' dir='ltr' id='par_1_115' title="bbox 1965 5342 3542 5421">
     <span class='ocr_line' id='line_1_115' title="bbox 1965 5342 3542 5421; baseline -0.004 -18"><span class='ocrx_word' id='word_1_899' title='bbox 1965 5364 2060 5418; x_wconf 88' lang='lat' dir='ltr'><strong>per</strong></span> <span class='ocrx_word' id='word_1_900' title='bbox 2089 5350 2413 5406; x_wconf 88' lang='lat' dir='ltr'><strong>descensum</strong></span> <span class='ocrx_word' id='word_1_901' title='bbox 2446 5366 2604 5406; x_wconf 90' lang='lat' dir='ltr'><strong>suum</strong></span> <span class='ocrx_word' id='word_1_902' title='bbox 2636 5364 2805 5421; x_wconf 87' lang='lat' dir='ltr'><strong>usque</strong></span> <span class='ocrx_word' id='word_1_903' title='bbox 2842 5348 2913 5404; x_wconf 82' lang='lat' dir='ltr'><strong>ad</strong></span> <span class='ocrx_word' id='word_1_904' title='bbox 2947 5346 3254 5410; x_wconf 82' lang='lat' dir='ltr'><strong>infernum;</strong></span> <span class='ocrx_word' id='word_1_905' title='bbox 3288 5344 3341 5397; x_wconf 91' lang='lat' dir='ltr'><strong>in</strong></span> <span class='ocrx_word' id='word_1_906' title='bbox 3371 5342 3542 5397; x_wconf 88' lang='lat' dir='ltr'><strong>altum</strong></span> 
     </span>
    </p>
   </div>
   <div class='ocr_carea' id='block_1_116' title="bbox 1963 5437 3541 5513">
    <p class='ocr_par' dir='ltr' id='par_1_116' title="bbox 1963 5437 3541 5513">
     <span class='ocr_line' id='line_1_116' title="bbox 1963 5437 3541 5513; baseline -0.004 -17"><span class='ocrx_word' id='word_1_907' title='bbox 1963 5458 2118 5508; x_wconf 89' lang='lat' dir='ltr'><strong>vero,</strong></span> <span class='ocrx_word' id='word_1_908' title='bbox 2159 5458 2254 5513; x_wconf 92' lang='lat' dir='ltr'><strong>per</strong></span> <span class='ocrx_word' id='word_1_909' title='bbox 2286 5458 2440 5498; x_wconf 91' lang='lat' dir='ltr'><strong>suum</strong></span> <span class='ocrx_word' id='word_1_910' title='bbox 2468 5444 2534 5498; x_wconf 90' lang='lat' dir='ltr'><strong>ad</strong></span> <span class='ocrx_word' id='word_1_911' title='bbox 2558 5444 2726 5498; x_wconf 64' lang='lat' dir='ltr'><strong>caelos</strong></span> <span class='ocrx_word' id='word_1_912' title='bbox 2759 5441 3016 5497; x_wconf 91' lang='lat' dir='ltr'><strong>reditum.</strong></span> <span class='ocrx_word' id='word_1_913' title='bbox 3052 5437 3133 5491; x_wconf 88' lang='lat' dir='ltr'><strong>Tu</strong></span> <span class='ocrx_word' id='word_1_914' title='bbox 3162 5452 3314 5508; x_wconf 84' lang='lat' dir='ltr'><strong>ergo,</strong></span> <span class='ocrx_word' id='word_1_915' title='bbox 3346 5438 3541 5491; x_wconf 88' lang='lat' dir='ltr'><strong>domus</strong></span> 
     </span>
    </p>
   </div>
   <div class='ocr_carea' id='block_1_117' title="bbox 1961 5529 3542 5606">
    <p class='ocr_par' dir='ltr' id='par_1_117' title="bbox 1961 5529 3542 5606">
     <span class='ocr_line' id='line_1_117' title="bbox 1961 5529 3542 5606; baseline -0.004 -17"><span class='ocrx_word' id='word_1_916' title='bbox 1961 5534 2134 5590; x_wconf 89' lang='lat' dir='ltr'><strong>David</strong></span> <span class='ocrx_word' id='word_1_917' title='bbox 2162 5576 2178 5602; x_wconf 94' lang='lat'><strong>,</strong></span> <span class='ocrx_word' id='word_1_918' title='bbox 2215 5535 2330 5606; x_wconf 85' lang='lat' dir='ltr'><strong>jam</strong></span> <span class='ocrx_word' id='word_1_919' title='bbox 2376 5536 2432 5591; x_wconf 87' lang='lat' dir='ltr'><strong>in</strong></span> <span class='ocrx_word' id='word_1_920' title='bbox 2483 5545 2726 5606; x_wconf 91' lang='lat' dir='ltr'><strong>tempore</strong></span> <span class='ocrx_word' id='word_1_921' title='bbox 2772 5532 2931 5601; x_wconf 89' lang='lat' dir='ltr'><strong>hujus</strong></span> <span class='ocrx_word' id='word_1_922' title='bbox 2975 5546 3097 5586; x_wconf 90' lang='lat' dir='ltr'><strong>cum</strong></span> <span class='ocrx_word' id='word_1_923' title='bbox 3147 5530 3385 5585; x_wconf 90' lang='lat' dir='ltr'><strong>inimicis</strong></span> <span class='ocrx_word' id='word_1_924' title='bbox 3436 5529 3542 5583; x_wconf 86' lang='lat' dir='ltr'><strong>tuis</strong></span> 
     </span>
    </p>
   </div>
   <div class='ocr_carea' id='block_1_118' title="bbox 1964 5623 3539 5698">
    <p class='ocr_par' dir='ltr' id='par_1_118' title="bbox 1964 5623 3539 5698">
     <span class='ocr_line' id='line_1_118' title="bbox 1964 5623 3539 5698; baseline -0.006 -14"><span class='ocrx_word' id='word_1_925' title='bbox 1964 5642 2330 5698; x_wconf 86' lang='lat' dir='ltr'><strong>congressus,</strong></span> <span class='ocrx_word' id='word_1_926' title='bbox 2379 5644 2545 5685; x_wconf 87' lang='lat' dir='ltr'><strong>evoca</strong></span> <span class='ocrx_word' id='word_1_927' title='bbox 2590 5629 2783 5691; x_wconf 90' lang='lat' dir='ltr'><strong>illum,</strong></span> <span class='ocrx_word' id='word_1_928' title='bbox 2830 5623 3152 5680; x_wconf 86' lang='lat' dir='ltr'><strong>Emmanuel</strong></span> <span class='ocrx_word' id='word_1_929' title='bbox 3183 5636 3539 5692; x_wconf 75' lang='lat' dir='ltr'><strong>nuncupatis,</strong></span> 
     </span>
    </p>
   </div>
   <div class='ocr_carea' id='block_1_119' title="bbox 1964 5713 3542 5792">
    <p class='ocr_par' dir='ltr' id='par_1_119' title="bbox 1964 5713 3542 5792">
     <span class='ocr_line' id='line_1_119' title="bbox 1964 5713 3542 5792; baseline -0.006 -17"><span class='ocrx_word' id='word_1_930' title='bbox 1964 5722 2108 5791; x_wconf 93' lang='lat' dir='ltr'><strong>quod</strong></span> <span class='ocrx_word' id='word_1_931' title='bbox 2145 5734 2212 5775; x_wconf 82' lang='lat' dir='ltr'><strong>ex</strong></span> <span class='ocrx_word' id='word_1_932' title='bbox 2258 5719 2568 5792; x_wconf 81' lang='lat' dir='ltr'><strong>signiﬁcatu</strong></span> <span class='ocrx_word' id='word_1_933' title='bbox 2615 5718 2767 5773; x_wconf 89' lang='lat' dir='ltr'><strong>verbi</strong></span> <span class='ocrx_word' id='word_1_934' title='bbox 2809 5717 3062 5774; x_wconf 88' lang='lat' dir='ltr'><strong>virtutem</strong></span> <span class='ocrx_word' id='word_1_935' title='bbox 3115 5715 3356 5771; x_wconf 84' lang='lat' dir='ltr'><strong>declarat</strong></span> <span class='ocrx_word' id='word_1_936' title='bbox 3388 5733 3403 5769; x_wconf 85' lang='lat'><strong>;</strong></span> <span class='ocrx_word' id='word_1_937' title='bbox 3438 5713 3542 5768; x_wconf 89' lang='lat' dir='ltr'><strong>hoc</strong></span> 
     </span>
    </p>
   </div>
   <div class='ocr_carea' id='block_1_120' title="bbox 1964 5799 3541 5885">
    <p class='ocr_par' dir='ltr' id='par_1_120' title="bbox 1964 5799 3541 5885">
     <span class='ocr_line' id='line_1_120' title="bbox 1964 5799 3541 5885; baseline -0.006 -16"><span class='ocrx_word' id='word_1_938' title='bbox 1964 5812 2164 5885; x_wconf 85' lang='lat' dir='ltr'><strong>quippe</strong></span> <span class='ocrx_word' id='word_1_939' title='bbox 2182 5827 2398 5885; x_wconf 82' lang='lat' dir='ltr'><strong>nomen,</strong></span> <span class='ocrx_word' id='word_1_940' title='bbox 2425 5832 2443 5867; x_wconf 73' lang='grc' dir='ltr'><strong>ι</strong></span> <span class='ocrx_word' id='word_1_941' title='bbox 2482 5811 2769 5871; x_wconf 84' lang='lat' dir='ltr'><strong>nobiscum</strong></span> <span class='ocrx_word' id='word_1_942' title='bbox 2798 5810 2961 5882; x_wconf 86' lang='lat' dir='ltr'><strong>Deus,</strong></span> <span class='ocrx_word' id='word_1_943' title='bbox 2996 5830 3015 5865; x_wconf 73' lang='grc' dir='ltr'><strong><em>ο</em></strong></span> <span class='ocrx_word' id='word_1_944' title='bbox 3052 5799 3541 5883; x_wconf 69' lang='lat' dir='ltr'><strong>signiﬁcat.‘$iguo</strong></span> 
     </span>
    </p>
   </div>
  </div>
