3968 6500
494 360 597 416 BS

1193 350 1464 410 EUSEBII
1498 342 1982 407 CAESARIENSIS
2020 344 2170 403 opp.
2211 319 2406 404 rans
2435 345 2525 404 ιη.
2550 340 3049 404 —-EXEGE11lCA.

3657 344 3761 401 1'56

487 482 675 551 itaque
704 479 860 540 ﬁdem
904 477 1108 532 habens
1138 476 1352 531 conllde
1382 493 1395 529 :
1422 488 1595 543 neque
1644 472 1786 527 ultra
1822 470 2069 526 Damasci

2177 471 2314 542 μείῳ
2342 470 2554 540 θάρσει,
2591 468 2685 522 καὶ
2724 467 2921 539 μηκέτι
2954 466 3055 537 μὲν
3082 464 3240 528 θεοὺς
3269 463 3539 519 ἀνακαλοῦ
3577 467 3762 536 Δαμα-

490 570 623 625 deos
662 569 882 623 invoces
907 608 922 631 ,
948 580 1130 636 neque
1155 579 1251 621 eos
1273 606 1289 627 ,
1316 565 1414 633 qui
1449 580 1555 618 non
1588 571 1736 627 sunt,
1776 562 2073 615 auxiliares

492 661 588 714 tibi
624 661 872 723 ascribe;
906 660 1003 713 sed
1031 658 1469 723 Emmanuelem,
1508 665 1695 726 utpote
1736 654 1905 708 Deum
1948 666 2072 707 cum

486 752 801 809 hominibus
835 751 1130 817 aliquando
1160 759 1525 814 versaturulu,
1545 749 1767 811 invoca,
1802 761 1925 801 cum
1952 758 2074 814 per-

484 843 630 898 fecta
668 844 864 899 fiducia
903 858 1152 914 sperans,
1186 856 1251 896 ac
1277 841 1511 895 nominis
1537 838 1727 892 virtuti
1768 837 1929 892 fidem
1978 837 2073 890 ha-

488 935 649 988 bens.

559 1026 666 1081 Sed
706 1040 806 1080 nos
841 1034 1130 1096 postquam
1164 1023 1268 1077 huc
1314 1020 1672 1082 devenimus,
1722 1018 2073 1072 animadver-

486 1126 606 1171 tere
636 1130 734 1185 par
760 1124 868 1180 est,
907 1130 1015 1184 quo
1040 1125 1200 1185 pacto
1222 1112 1513 1182 pr0phetia
1565 1110 1746 1165 domui
1795 1109 1966 1163 David
1996 1108 2073 1163 di-

486 1217 636 1263 serte
666 1208 988 1277 praecipiat,
1035 1217 1096 1260 ut
1131 1221 1256 1260 eum
1294 1204 1385 1274 qui
1418 1218 1486 1258 ex
1510 1202 1735 1273 Virgine
1762 1200 2072 1255 nasciturus

485 1312 573 1355 est
597 1342 611 1363 ,
644 1299 1057 1354 Emmanuelem
1090 1307 1386 1367 nuncupet.
1417 1293 1553 1350 Nam
1592 1306 1645 1348 tu
1676 1295 1791 1363 ipsa
1818 1332 1835 1360 ,
1881 1294 2073 1347 domus

488 1393 681 1459 David,
713 1408 835 1462 quae
862 1392 974 1461 jam
1002 1390 1283 1460 prophetae
1314 1389 1445 1442 ades
1470 1426 1486 1451 ,
1530 1386 1757 1456 ejusque
1788 1395 2073 1438 sermones

482 1484 643 1539 audis
672 1524 687 1549 ,
716 1499 842 1539 eum
876 1482 968 1553 qui
995 1484 1049 1536 in
1083 1480 1346 1535 vaticinio
1375 1480 1571 1543 fertur,
1602 1477 1823 1531 vocabis
1853 1475 2074 1529 Emma-

482 1576 609 1632 nuel
635 1592 650 1642 ;
682 1591 748 1629 ac
773 1576 819 1630 si
848 1574 1052 1630 clarius
1077 1572 1307 1638 diceret,
1341 1569 1477 1624 Eum
1516 1570 1612 1623 tibi
1639 1568 1941 1636 adjutorem
1960 1566 2071 1621 [νεα

482 1668 742 1738 quentius
762 1682 952 1733 evoca,
978 1665 1296 1735 plerumque
1328 1660 1737 1717 Emmanuelem
1771 1659 2072 1729 appellans,

488 1773 551 1813 ac
577 1767 635 1812 ut
666 1766 989 1828 praesentem
1039 1756 1129 1808 tibi
1166 1756 1334 1809 Deum
1366 1751 1699 1807 vociferans.
1726 1749 1881 1806 Licet
1923 1750 2070 1805 enim

2177 560 2329 623 σκοῦ,
2368 560 2503 631 μηδὲ
2529 559 2657 622 τοὺς
2699 557 2773 629 μὴ
2806 557 2964 619 ὄντας
2996 556 3223 627 βοηθοὺς
3251 556 3560 628 ὲπιγράφου
3597 574 3762 610 σεαυ-

2171 650 2267 705 τοῦ
2291 668 2305 681 ο
2341 652 2433 705 τὸν
2460 651 2519 704 δὲ
2547 648 2916 720 Ἐμμανουὴλ,
2945 648 3022 713 ὡς
3046 648 3113 703 ἂν
3140 649 3272 703 Θεὸν
3300 648 3609 721 ἀνθρώποις
3640 668 3764 702 συν-

2173 744 2433 817 εσόμενόν
2479 758 2643 812 ποτε,
2700 745 2878 810 κάλει,
2916 743 3135 817 θαρσῶν
3175 744 3274 796 σὺν
3306 741 3631 814 πεποιθήσει
3669 759 3764 796 τεο

2172 836 2313 909 λείᾳ,
2346 837 2621 893 πιστεύων
2650 840 2716 910 τῇ
2742 838 2845 910 τῆς
2880 836 3254 910 προσηγορίας
3281 834 3524 906 δυνάμει.
3785 894 3793 949 ι

2256 1022 2395 1076 Ἀλλ’
2424 1021 2656 1076 ἐνταῦθα
2688 1021 3013 1094 γενομένους
3043 1016 3195 1093 ἡμᾶς
3241 1015 3533 1090 ἐπιστῆσαι
3587 1032 3761 1090 προσ-

2170 1115 2318 1187 ήκει,
2350 1115 2426 1179 ὼς
2454 1112 2698 1187 ἀκριϐῶς
2728 1117 2761 1187 ἠ
2806 1114 3114 1186 προφητεία
3144 1113 3223 1184 τῷ
3248 1112 3383 1184 οἴκῳ
3405 1110 3568 1164 Δαυῒδ
3590 1126 3763 1183 προσ-

2171 1208 2377 1275 τάττει,
2422 1208 2648 1262 καλέσαι
2693 1207 2787 1261 τὸν
2828 1209 2892 1261 ὲκ
2936 1210 3035 1279 τῆς
3079 1205 3355 1277 Παρθένου
3400 1202 3765 1273 γενησόμενον

2186 1300 2555 1372 Ἐμμανουήλ.
2601 1299 2674 1353 Σὺ
2703 1299 2813 1371 γὰρ
2841 1298 3021 1362 αὐτὸς,
3055 1300 3083 1351 6
3112 1293 3259 1361 οἶκος
3294 1295 3475 1357 Δαυῒδ,
3506 1297 3534 1347 6
3564 1294 3659 1349 νῦν
3684 1293 3764 1364 τῷ

2174 1394 2431 1466 προφήτῃ
2489 1393 2817 1465 συμπαρὼν,
2867 1392 2963 1446 καὶ
3012 1386 3206 1445 τούτου
3262 1388 3612 1462 ἀκροώμενος
3652 1388 3763 1441 τῶν

2169 1479 2347 1553 λόγων
2394 1484 2485 1537 τὸν
2524 1483 2918 1555 θεσπιζόμενον
2965 1483 3218 1546 καλέσεις
3271 1479 3650 1553 Ἐμμανουήλ·
3686 1483 3765 1543 ὡς

2173 1579 2222 1629 εί
2288 1576 2621 1649 σαφέστερον
2679 1574 2885 1643 ἔλεγεν,
2962 1570 3255 1627 Ἐπικαλοῦ
3316 1570 3510 1642 βοηθὸν
3580 1568 3764 1639 ἑαυτῷ

2174 1668 2435 1738 συνεχῶς,
2493 1667 2754 1731 πολλάκις
2811 1664 3159 1737 Ἐμμανουήλ
3200 1662 3505 1735 ὀνομάζων,
3551 1662 3646 1715 καὶ
3687 1660 3766 1726 ὡς

2176 1762 2402 1815 συνόντα
2432 1778 2513 1814 σοι
2542 1760 2694 1826 Θεὸν,
2728 1758 2917 1813 τοῦτον
2942 1756 3381 1828 ἀνακαλούμενος
3400 1770 3413 1786 ⁵
3459 1758 3507 1808 εί
3531 1755 3641 1827 γὰρ
3667 1752 3767 1809 καὶ

487 1822 819 1917 longissimis
857 1846 1055 1901 abhinc
1090 1844 1427 1915 temporibus
1458 1842 1701 1897 futurum
1728 1842 1821 1906 sit,
1845 1850 1904 1894 ut
1944 1856 2069 1895 eum

2174 1854 2241 1907 τά
2268 1854 2501 1925 μάλιστα
2530 1822 2763 1925 μακροῖς
2792 1852 3019 1923 ὕστερον
3044 1822 3310 1922 χρόνοι-ςή
3343 1822 3619 1921 Παρθένος
3643 1846 3767 1901 τοῦσ-

487 1938 658 2008 Virgo
699 1939 751 1993 in
793 1948 949 1993 utero
976 1946 1157 2008 gestet
1178 1944 1238 1990 et
1274 1935 1494 2006 pariat;
1520 1938 1741 2003 quando
1779 1933 2075 2004 prophetiae

490 2031 949 2100 complementum
976 2030 1250 2095 adveniet,
1291 2027 1510 2098 quando
1546 2027 1636 2081 ille
1664 2027 1832 2081 totius
1859 2028 2076 2098 generis

488 2124 713 2177 humani
765 2124 1020 2179 Salvator
1047 2122 1440 2184 declarabilur,
1488 2119 1601 2174 alio
1634 2128 1820 2175 utetur
1854 2120 2077 2175 nomine

487 2235 516 2270 a
559 2216 730 2271 salute
755 2217 1031 2282 derivato;
1065 2216 1159 2271 sed
1184 2214 1297 2284 jam
1320 2214 1424 2269 hoc
1463 2223 1712 2283 tempore
1751 2221 1806 2266 tu
1831 2252 1849 2279 ,
1878 2212 2077 2267 domus

488 2308 661 2364 David
686 2349 701 2373 ,
748 2323 870 2378 qua:
900 2309 1099 2363 bonum
1149 2322 1179 2359 a
1216 2306 1326 2361 Deo
1372 2305 1572 2375 pignus
1604 2302 1863 2370 accepisti
1893 2342 1911 2368 ,
1948 2317 2075 2356 eum

487 2402 681 2457 invoca
708 2441 724 2467 ,
768 2399 1179 2455 Emmanuelem
1225 2396 1552 2467 appellans:
1596 2395 1827 2450 salutem
1876 2394 2077 2464 quippe

486 2491 586 2545 tibi
632 2489 878 2545 credenti
925 2499 980 2543 et
1025 2488 1187 2543 dictis
1234 2487 1637 2557 obtemperanti
1689 2499 1885 2540 nomen
1945 2483 2076 2539 illud

485 2582 823 2637 conciliabit.
864 2580 921 2637 Si
964 2581 1109 2637 enim
1142 2580 1352 2635 dictum
1390 2579 1624 2645 fuisset,
1656 2595 1676 2629 ‹
1712 2578 1780 2632 Ει
1805 2579 2078 2633 vocabunt

485 2690 685 2730 nomen
724 2676 841 2742 ejus
869 2672 1227 2738 Emmanuel,
1268 2691 1288 2724 ι
1326 2674 1507 2728 visum
1531 2672 1726 2726 fuisset
1750 2671 1802 2724 in
1830 2670 2075 2725 futurum

483 2775 698 2837 tempus
727 2775 893 2821 totam
926 2765 1268 2835 prophetiam
1300 2764 1620 2829 remittere;
1670 2763 1774 2818 hoc
1805 2762 1949 2816 enim
1979 2777 2074 2831 pa-

484 2868 576 2916 cto
601 2858 887 2914 dubitandi
915 2872 1082 2912 causa
1109 2857 1512 2928 amphibologia
1547 2857 1602 2911 in
1643 2870 1900 2911 sermone
1939 2854 2076 2911 fuis-

486 2962 607 3017 set;
644 2950 1082 3020 quandoquidem
1118 2949 1162 3003 is
1187 2949 1278 3018 qui
1321 2963 1388 3003 ex
1431 2958 1619 3004 sancta
1661 2947 1886 3019 Virgine
1915 2957 2075 3003 natus

483 3050 569 3095 est
615 3040 863 3095 Salvator
908 3050 1111 3105 noster,
1149 3055 1256 3094 non
1280 3039 1607 3094 Emmanuel
1633 3082 1649 3106 ,
1673 3041 1767 3095 sed
1794 3038 1954 3095 Jesus
1981 3054 2077 3092 vu-

485 3144 642 3189 catus
665 3142 749 3187 est
776 3170 792 3196 ,
833 3132 1132 3187 secundum
1162 3130 1339 3200 angeli
1379 3130 1660 3185 oraculmn
1682 3129 1929 3199 .Josepho
1961 3130 2075 3185 edi-

486 3235 601 3279 tmn
632 3226 717 3280 his
746 3225 948 3292 verbis,
983 3243 1002 3277 ι
1044 3223 1121 3279 Ne
1158 3224 1351 3279 timeas
1389 3223 1642 3291 accipere
1673 3222 1901 3277 Mariam
1936 3238 2066 3277 con-

481 3316 664 3389 iugem
700 3326 848 3370 tuam
880 3334 894 3371 :
923 3316 1069 3385 quod
1112 3315 1261 3369 enim
1299 3315 1351 3369 in
1382 3330 1447 3371 ea
1480 3324 1665 3369 natum
1693 3323 1779 3370 est
1801 3356 1817 3380 ,
1849 3330 1914 3369 ex
1946 3314 2071 3384 Spi-

486 3410 594 3465 ritu
624 3418 813 3463 sancto
837 3418 942 3463 est.
975 3407 1159 3461 Pariet
1185 3415 1365 3461 autem
1405 3404 1575 3461 lilium
1600 3448 1616 3473 ,
1641 3417 1696 3463 et
1724 3408 1944 3464 vocabis
1976 3424 2074 3464 no-

484 3517 611 3558 men
641 3502 758 3572 ejus
787 3499 974 3556 Jesum
1005 3518 1018 3555 :
1051 3502 1167 3570 ipse
1195 3501 1342 3554 enim
1374 3500 1584 3555 salvum
1621 3501 1787 3556 faciet
1818 3501 2072 3572 populum

486 3610 647 3652 suum
678 3611 708 3648 a
748 3594 990 3663 peccatis
1016 3595 1133 3664 ejus
1155 3593 1227 3646 ⁸⁸.
1268 3611 1287 3645 ι
1328 3593 1385 3648 Si
1419 3594 1601 3662 itaque
1627 3592 1806 3661 Jesus,
1841 3609 1947 3648 non
1976 3610 2074 3649 au-

486 3698 596 3744 tem
628 3686 966 3751 Emmanuel,
998 3700 1193 3741 nomen
1233 3686 1447 3755 accepit
1490 3684 1754 3741 Dominus
1798 3696 1986 3741 noster
2016 3695 2073 3742 et

488 3782 743 3839 Salvator
783 3797 850 3836 ex
900 3781 1120 3850 Virgine
1154 3788 1315 3833 natus
1343 3779 1641 3834 secundum
1686 3780 2025 3850 pr0phetiam
2055 3797 2070 3847 ;

487 3874 759 3945 quomodo
792 3888 979 3928 verum
1003 3872 1169 3927 fuerit
1195 3872 1480 3927 oraculum
1509 3871 1725 3937 dicens,
1755 3891 1775 3925 ‹
1812 3874 1875 3928 Ει
1906 3888 2075 3929 voca-

487 3968 625 4023 bunt
677 3980 872 4022 nomen
915 3964 1034 4033 ejus
1083 3965 1446 4020 Emmanuel!
1484 3985 1503 4019 ι
1545 3964 1912 4032 Quamobrem
1963 3982 2072 4022 non

485 4061 581 4117 illo
634 4059 794 4114 modo
823 4059 1023 4113 dictum
1070 4067 1198 4124 est,
1241 4074 1350 4112 non
1395 4059 1542 4113 enim
1584 4058 1652 4113 ab
1686 4060 1941 4115 omnibus
1973 4062 2076 4117 hoc

485 4148 707 4204 nomine
744 4148 1100 4217 appellandus
1126 4159 1286 4213 erat;
1319 4150 1414 4204 sed
1444 4159 1696 4204 accurate
1723 4149 2075 4220 propheticus

486 4255 665 4295 sermo
711 4240 789 4294 sic
830 4240 1032 4303 habet,
1067 4257 1088 4293 ι
1131 4238 1199 4293 Ει
1257 4240 1505 4295 vocabis.
1554 4259 1573 4293 ι
1611 4240 1691 4294 Tu
1735 4242 1883 4296 enim
1913 4242 2028 4310 ipsa
2053 4281 2069 4306 ,

484 4333 681 4387 domus
717 4330 909 4399 David,
940 4331 1097 4399 cujus
1126 4347 1289 4387 causa
1329 4334 1431 4388 hoc
1458 4333 1773 4388 vaticinium
1817 4333 2075 4388 enuntia-

486 4435 599 4493 tur,
632 4435 857 4494 accepto
886 4425 1080 4480 salutis
1109 4426 1331 4495 pignore
1358 4468 1374 4490 ,
1405 4442 1513 4495 quo
1548 4436 1791 4496 tempore
1816 4442 1941 4482 cum
1972 4427 2073 4481 ini-

2172 1962 2265 2002 τον
2299 1948 2491 2017 κυήσει
2527 1946 2622 2000 καὶ
2653 1945 2900 2011 τέξεται·
2942 1945 3029 1997 ὅτε
3070 1943 3164 1996 καὶ
3194 1942 3254 1996 τὸ
3287 1940 3637 2012 ἀποτέλεσμα
3670 1956 3768 2009 γε·

2172 2039 2396 2110 νήσεται
2427 2039 2527 2108 τῆς
2559 2035 2917 2108 προφητείας,
2951 2036 3040 2087 ὅτε
3074 2032 3170 2087 καὶ
3202 2032 3392 2104 Σωτὴρ
3420 2032 3766 2101 ἀναφανήσε-

2174 2146 2264 2182 ται
2292 2127 2388 2181 τοῦ
2414 2126 2616 2191 παντὸς
2640 2127 2738 2182 ἀνθ
2749 2125 2946 2199 ρώπων
2966 2126 3179 2195 γένους,
3208 2123 3287 2195 τῷ
3309 2122 3481 2196 ἑτέρω
3502 2124 3765 2199 χρήσεται

2174 2224 2398 2294 ὀνόματι
2434 2224 2534 2293 τῆς
2563 2220 2837 2292 σωτηρίας
2869 2218 3141 2290 ἐπωνύμῳ
3162 2237 3174 2248 ·
3205 2216 3320 2271 ἀλλ’
3350 2214 3596 2268 ἐντεῦθεν
3637 2213 3763 2285 ῆδη,

2178 2317 2265 2381 σὺ,
2293 2316 2321 2368 6
2341 2311 2489 2378 οἶκος
2508 2312 2691 2376 Δαυῖδ,
2713 2312 2918 2383 ἀγαθὸν
2943 2310 3194 2382 σύνθημα
3216 2309 3367 2381 παρὰ
3388 2306 3521 2361 Θεοῦ
3559 2304 3763 2368 λαϐὼν,

2176 2405 2473 2469 ἁνακαλοῦ,
2499 2404 2591 2458 τὸν
2630 2404 2979 2475 Ἐμμανουήλ
3004 2402 3286 2474 ὀνομάζων
3304 2417 3318 2433 ·
3354 2399 3625 2471 σωτηρίαν
3654 2396 3767 2468 γάρ

2179 2516 2261 2552 σοι
2300 2498 2609 2552 πιστεύοντι
2660 2499 2754 2552 καὶ
2798 2496 3184 2567 πειθαρχοῦντι
3214 2497 3326 2557 τοῖς
3370 2491 3686 2562 λεγομένοις
3731 2490 3765 2561 ἡ

2174 2588 2400 2659 τοιαύτη
2426 2586 2749 2660 προξενήσει
2779 2586 2989 2657 κλῆσις.
3018 2582 3080 2638 Εἰ
3115 2585 3213 2654 μὲν
3237 2580 3330 2637 οὖν
3360 2583 3564 2654 εἴρητο,
3600 2599 3618 2631 ι
3652 2580 3767 2633 Καὶ

2128 2734 2133 2739 .
2177 2680 2465 2734 καλέσουσι
2501 2679 2563 2733 τὸ
2600 2679 2774 2749 ὄνομα
2801 2678 2964 2732 αὐτοῦ
3017 2674 3383 2747 Ἐμμανουήλ,
3427 2694 3444 2725 ι
3488 2671 3664 2737 ἔδοξεν
3699 2672 3767 2727 ἂν

2176 2774 2257 2836 είς
2310 2771 2572 2843 μέλλοντα
2615 2771 2806 2843 χρόνον
2839 2770 2937 2841 τὴν
2981 2770 3162 2823 πᾶσαν
3202 2767 3593 2839 παραπέμπειν
3632 2781 3765 2837 προ⁴

2177 2862 2406 2934 φητείαν
2430 2878 2443 2893 ·
2474 2861 2620 2915 οὕτω
2661 2859 2773 2931 γὰρ
2807 2857 3135 2930 ἀμφιϐολίαν
3182 2851 3325 2925 εἶχεν
3356 2857 3387 2908 6
3417 2854 3573 2921 λόγος
3593 2869 3606 2881 ’
3643 2848 3769 2903 ἐπεὶ

2178 2956 2254 3027 μὴ
2297 2952 2664 3026 Ἐμμανουήλ,
2693 2951 2830 3007 ἀλλὰ
2865 2949 3072 3023 Ἰησοῦς
3095 2948 3359 3019 κέκληται
3384 2946 3446 2999 τὸ
3470 2945 3641 3015 δνομα
3668 2940 3765 2996 τοῖ’)

2176 3053 2242 3105 ὲκ
2271 3052 2371 3121 τῆς
2399 3050 2562 3119 ἁγίας
2603 3047 2879 3120 Παρθένου
2912 3045 3261 3116 γεννηθέντος
3301 3043 3551 3113 Σωτῆρος
3584 3039 3763 3110 ὴμῶν,

2177 3142 2321 3198 κατὰ
2353 3143 2443 3195 τὸν
2469 3142 2564 3195 τοῦ
2592 3139 2826 3210 ἀγγέλου
2856 3138 3241 3209 χρηματισμὸν
3268 3138 3514 3208 φήσαντα
3546 3134 3625 3203 τῷ
3663 3134 3767 3184 Ἰω-

2178 3237 2287 3308 σήφ
2307 3252 2321 3266 ·
2354 3253 2372 3286 ι
2412 3233 2503 3305 Μὴ
2531 3232 2775 3303 φοϐηθῇς
2802 3229 3135 3302 παραλαϐεῖν
3165 3230 3383 3300 Μαρίαν
3408 3226 3504 3298 τὴν
3532 3224 3769 3294 γυναῖκά

2178 3347 2272 3383 σου
2293 3346 2307 3360 ⁸
2350 3329 2412 3382 τὸ
2448 3328 2559 3399 γάρ
2598 3328 2655 3379 ὲν
2685 3326 2823 3396 αὐτῇ
2873 3322 3133 3395 γεννηθὲν
3174 3323 3239 3375 ὲκ
3272 3319 3587 3390 Πνεύματός
3619 3321 3766 3371 ἐστιν

2173 3423 2352 3492 ἁγίου.
2381 3419 2607 3485 Τέξεται
2640 3418 2697 3471 δὲ
2731 3418 2868 3483 υἱὸν,
2900 3415 2995 3469 καὶ
3023 3414 3276 3478 καλέσεις
3316 3413 3377 3466 τὸ
3404 3412 3573 3481 ϐνομα
3601 3409 3766 3464 αὐτοῦ

2187 3513 2428 3585 Ἰησοῦν
2472 3511 2634 3574 αὐτὸς
2673 3509 2782 3580 γὰρ
2828 3507 2992 3560 σώσει
3034 3507 3129 3560 τὸν
3154 3506 3281 3560 λαὸν
3311 3503 3477 3560 αὐτοῦ
3520 3504 3627 3556 ἀπὸ
3658 3503 3767 3557 τῶν

2173 3604 2458 3678 ἁμαρτιῶν
2496 3601 2683 3657 αὑτοῦ.
2734 3620 2752 3652 ι
2800 3600 2863 3654 Et
2908 3595 3000 3654 οὖν
3042 3598 3286 3670 Ἰησοῦς,
3332 3596 3444 3650 ἀλλ’
3477 3595 3597 3663 οὐχὶ
3638 3594 3769 3662 Ἑμ-

2178 3696 2417 3770 μανουὴλ
2455 3697 2515 3749 τὸ
2548 3692 2835 3765 ἐπώνυμον
2882 3692 3104 3762 εἴληφεν
3137 3692 3166 3743 6
3216 3690 3421 3761 Κύριος
3475 3687 3630 3758 ἡμῶν
3676 3686 3767 3739 καὶ

2174 3791 2386 3862 Σωτὴρ,
2412 3791 2477 3843 ὲκ
2500 3788 2600 3858 τῆς
2626 3785 2902 3857 Παρθένου
2941 3782 3222 3855 γεννηθεὶς
3250 3781 3391 3835 κατὰ
3427 3780 3525 3851 τὴν
3561 3796 3767 3850 προφηο

2173 3882 2351 3936 τείαν·
2388 3880 2506 3943 πῶς
2540 3880 2604 3932 ἂν
2641 3878 2723 3931 ἔτι
2754 3874 3024 3947 ἠλήθευσε
3048 3874 3111 3926 τὸ
3139 3872 3319 3942 λόγιον
3351 3872 3553 3942 φῆσαν,
3597 3891 3615 3921 ι
3655 3870 3768 3924 Καὶ

2173 3975 2463 4029 καλέσουσι
2486 3971 2547 4025 τὸ
2566 3971 2737 4042 ὄνομα
2763 3969 2928 4023 αὑτοῦ
2968 3965 3351 4038 Ἐμμανουήλ;
3392 3984 3409 4016 ι
3440 3965 3637 4035 Διόπερ
3664 3965 3768 4017 οὐκ

2173 4066 2391 4138 εἴρηται
2434 4064 2532 4134 μὲν
2579 4061 2782 4125 οὕτως·
2835 4062 2897 4113 οὐ
2952 4058 3062 4131 γὰρ
3113 4057 3336 4128 ἔμελλεν
3388 4056 3493 4109 ὑπὸ
3547 4056 3767 4110 πάντων

2172 4159 2346 4230 τούτῳ
2373 4156 2653 4211 καλεῖσθαι
2682 4153 2760 4225 τῷ
2790 4154 3142 4225 προσρήματι
3163 4168 3175 4181 ·
3213 4149 3456 4222 ἀκριϐῶς
3489 4148 3545 4202 δὲ
3575 4148 3603 4201 ὁ
3632 4165 3770 4219 προ-

2172 4250 2399 4322 φητικὸς
2440 4249 2617 4317 λόγος,
2657 4266 2676 4299 ‹
2717 4246 2828 4299 Καὶ
2862 4245 3130 4308 καλέσεις,
3178 4262 3196 4294 ι
3238 4241 3503 4313 περιέχει.
3548 4241 3620 4293 Σὺ
3654 4239 3766 4309 γάρ

2172 4338 2353 4401 αὐτὸς,
2389 4338 2418 4389 ὁ
2445 4333 2591 4399 οἶκος
2624 4334 2806 4396 Δαυῒδ,
2841 4334 2907 4387 δι’
2938 4334 2997 4387 ὂν
3038 4333 3208 4387 ταῦτα
3253 4331 3588 4395 θεσπίζεται,
3637 4329 3766 4383 σύν-

2179 4430 2329 4502 θημα
2375 4428 2649 4500 σωτηρίας
2700 4425 2882 4480 λαϐὼν
2928 4425 3068 4479 κατὰ
3107 4425 3197 4477 τὸν
3241 4423 3432 4495 καιρὸν
3473 4424 3573 4493 τῆς
3624 4421 3763 4493 πρὸς

486 4516 646 4572 micis
692 4517 1039 4588 congrederis
1063 4557 1079 4582 ,
1113 4518 1289 4587 ipsum
1344 4519 1755 4574 Emman'uelem
1786 4534 1920 4574 voca
1946 4560 1962 4584 ,
2013 4529 2070 4575 et

2174 4524 2299 4585 τοὺς
2334 4520 2622 4591 πολεμίους
2673 4517 2971 4591 συμϐολῆς,
3039 4514 3388 4587 Ἐμμανουὴλ
3439 4514 3614 4575 κάλει,
3668 4515 3764 4566 καὶ

484 4607 732 4662 victoriae
775 4609 843 4663 de
875 4608 1115 4663 inimicis
1153 4619 1321 4679 partae
1366 4619 1648 4665 auctorem
1689 4609 1901 4665 ascribe
1932 4626 1945 4662 :
1978 4610 2071 4679 qui

485 4697 778 4768 aliquando
808 4698 1023 4768 quidem
1062 4714 1132 4755 ex
1184 4700 1406 4769 Virgine
1449 4701 1793 4767 nasciturus,
1836 4702 1929 4756 sed
1957 4701 2069 4771 jam

487 4791 629 4847 Dcus
658 4802 714 4847 et
738 4792 1012 4847 nobiscum
1031 4802 1136 4857 est,
1165 4801 1218 4847 et
1235 4792 1347 4863 jam
1379 4793 1476 4847 tibi
1507 4808 1703 4864 magna
1735 4794 1804 4850 ad
1838 4794 2069 4850 salutem

485 4884 697 4940 tribuit.
730 4884 920 4938 Divino
958 4884 1142 4953 itaque
1166 4894 1437 4955 praecepto
1470 4884 1633 4939 fidem
1673 4885 1881 4942 habens
1906 4925 1922 4952 ,
1954 4886 2071 4943 fre-

483 4987 718 5048 quenter
743 4978 917 5045 ipsum
946 4977 1140 5033 invoca
1166 4977 1501 5045 adiutorem,
1525 4977 1932 5035 Emmanuelem
1967 4996 2069 5051 ap-

482 5070 710 5140 pellans.
741 5068 983 5135 Quadam
1021 5070 1169 5125 enim
1199 5068 1512 5137 huiusmodi
1562 5086 1660 5125 ceu
1692 5071 2068 5129 iucantatione

485 5177 622 5232 opus
649 5170 771 5226 est,
800 5171 860 5215 ut
895 5177 961 5215 ne
1007 5160 1344 5215 daemonibus
1382 5160 1737 5218 auxiliaribus
1777 5166 2027 5219 attendas
2051 5204 2069 5230 ,

486 5257 582 5310 sed
611 5256 784 5311 solum
811 5253 1221 5308 Emmanuelem
1252 5254 1470 5309 invoces
1492 5293 1509 5319 ,
1542 5270 1608 5309 ac
1637 5271 1734 5326 per
1762 5256 1933 5325 ipsmn
1979 5273 2070 5313 sa-

486 5348 652 5402 lutem
680 5347 1038 5403 nanciscaris.
1068 5345 1320 5400 Nonnulli
1356 5360 1487 5401 vero
1515 5348 1625 5403 haec
1668 5349 1891 5404 minime
1918 5352 2067 5420 cogi-

487 5450 663 5495 tantes
684 5481 700 5505 ,
729 5440 781 5493 in
812 5436 1103 5508 Evangelio
1132 5437 1426 5492 secundum
1458 5437 1771 5495 Matthmum
1801 5484 1816 5505 ,
1849 5458 1946 5512 pro
1971 5442 2061 5497 illo

489 5550 509 5584 ι
548 5541 604 5586 ct
631 5530 877 5593 vocabis,
915 5548 933 5580 ι
977 5549 995 5580 ι
1028 5538 1082 5584 et
1106 5530 1398 5598 vocabunt,
1434 5548 1453 5582 ι
1485 5533 1751 5602 scripsere
1790 5554 1802 5589 :
1834 5544 1890 5589 at
1932 5549 2062 5604 pro-

2173 4616 2274 4685 τῆς
2306 4614 2413 4667 τῶν
2449 4611 2723 4683 πολεμίων
2755 4612 2921 4682 ἣττης
2972 4609 3278 4682 ἐπιγράφου
3316 4606 3504 4661 τοῦτον
3549 4605 3721 4659 αἴτιον
3743 4621 3757 4634 ·

2175 4711 2239 4762 ἐκ
2281 4706 2561 4780 Παρθένου
2604 4706 2701 4776 μὲν
2734 4703 3131 4775 γεννησόμενόν
3175 4720 3326 4766 ποτε,
3373 4702 3472 4772 ήδη
3518 4700 3574 4754 δὲ
3627 4700 3761 4753 Θεὸν

2172 4799 2321 4861 ὄντα,
2367 4799 2460 4851 καὶ
2512 4796 2629 4867 μεθ’
2665 4794 2820 4865 ἡμῶν
2861 4794 3011 4855 ὄντα,
3057 4790 3304 4845 ἐντεῦθεν
3344 4791 3400 4843 δὲ
3433 4790 3531 4861 ἤδη
3566 4789 3635 4841 τὰ
3663 4806 3763 4858 μεθ

2174 4889 2317 4959 γάλα
2351 4889 2486 4960 πρὸς
2515 4886 2790 4957 σωτηρίαν
2821 4883 3213 4957 χαριτούμενόν
3244 4900 3344 4935 σοι.
3364 4880 3641 4934 Πιστεύων
3665 4877 3761 4933 οὖν

2172 4981 2251 5052 τῷ
2313 4980 2441 5051 θείῳ
2494 4980 2912 5052 προστάγματι,
2974 4975 3212 5045 συνεχῶς
3285 4973 3445 5027 αὐτὸν
3495 4972 3760 5026 ὲπικαλοῦ

2174 5070 2389 5143 βοηθὸν,
2440 5068 2788 5141 Ἐμμανουήλ
2828 5065 3131 5137 ὀνομάζων.
3169 5065 3437 5135 Τοιαύτης
3484 5065 3589 5135 γάρ
3616 5081 3761 5127 τινος

2169 5166 2361 5238 ὥσπερ
2410 5163 2623 5235 ἐπῳδῆς
2657 5162 2834 5233 χρεία,
2881 5161 3018 5232 πρὸς
3055 5160 3116 5212 τὸ
3164 5158 3238 5230 μὴ
3281 5159 3498 5229 δαίμοσι
3542 5159 3759 5231 βοηθοῖς

2172 5257 2492 5330 προσέχειν·
2543 5255 2701 5324 μόνον
2732 5253 2787 5306 δὲ
2820 5253 2910 5305 τὸν
2970 5251 3314 5321 Ἐμμανουὴλ
3355 5252 3753 5317 ἐπικαλεῖσθαι,

2170 5350 2265 5401 καὶ
2300 5347 2367 5400 δι’
2400 5343 2566 5398 αὑτοῦ
2600 5341 2889 5405 σώζεσθαι.
2918 5341 3103 5395 Ταῦτα
3148 5341 3220 5412 μὴ
3250 5342 3542 5411 Μήσαντές
3588 5359 3753 5405 τινες,

2166 5440 2223 5491 ἐν
2254 5435 2332 5508 τῷ
2357 5434 2499 5490 κατὰ
2526 5433 2801 5487 Ματθαίον
2832 5433 3169 5504 Εὐαγγελίῳ,
3192 5434 3314 5485 ἀντὶ
3337 5432 3452 5493 τοῦ,
3488 5452 3505 5482 ι
3540 5438 3633 5485 καὶ
3655 5452 3757 5486 κα-

2162 5531 2362 5596 λέσεις,
2384 5547 2505 5581 ι-ι
2527 5528 2621 5580 καὶ
2635 5524 2940 5589 καλέσουσι,
2978 5544 2993 5578 ι
3035 5527 3396 5596 πεποιήκασιν
3416 5542 3429 5556 ο
3456 5525 3553 5595 οὐχ
3582 5524 3758 5587 οὕτως

484 5624 704 5692 phetica
759 5622 919 5675 lectio
962 5636 1065 5674 non
1095 5621 1177 5677 sic
1206 5620 1405 5691 habet;
1435 5624 1530 5679 sed
1574 5622 1845 5682 Hebraica
1899 5626 2061 5683 lectio

2174 5624 2393 5697 ἐχούσης
2419 5623 2519 5693 τῆς
2544 5620 2890 5693 προφητικῆς
2910 5619 3110 5687 λέξεως
3133 5636 3145 5649 ·
3177 5621 3212 5690 ἤ
3246 5636 3303 5671 τε
3340 5619 3446 5691 γάρ
3490 5615 3757 5689 Ἐϐραῖκὴ

555 5802 602 5835 ⁸¹
625 5802 813 5856 Matth.
852 5817 889 5861 ι,
918 5802 1005 5860 ‘20.
1046 5800 1138 5857 21.
