3968 6498
237 374 335 428 157

1154 360 1662 425 COMMENTARIA
1702 360 1767 421 IN
1807 366 2065 423 ISAIAM.
2106 398 2172 408 —-
2210 365 2361 422 CAP.
2407 363 2515 418 VII.

3352 344 3357 349 “
3397 362 3494 416 158

234 489 407 561 φωνὴ,
439 488 609 559 ταύτῃ
642 505 699 541 τε
733 490 1102 562 καταλΛηΑως,
1146 491 1240 543 καὶ
1281 490 1518 553 ἅπαντες
1557 490 1606 543 οἱ
1647 491 1817 560 ἑρμη-

1931 504 2040 543 :um
2064 489 2166 542 hac
2197 495 2378 541 nostra
2409 483 2702 552 congruit:
2736 491 2787 537 et
2825 495 3017 537 oumes
3051 481 3375 549 interpretes
3410 498 3497 532 vo-

233 585 441 648 νευταὶ,
475 581 779 649 καλέσεις,
808 583 1187 637 ἐκδεδώκασιν.

311 694 330 727 ι
370 675 765 745 Βούτυρονχαὶ
798 674 917 745 μέλι
945 676 1198 745 φάγεται,
1236 677 1363 748 πρὶν
1396 676 1430 747 ἢ
1476 674 1677 743 γνῶναι
1718 674 1818 727 αύ-

230 766 346 831 τὺν,
377 766 411 837 ἢ
445 765 768 837 προελέσθαι
803 765 1035 837 πονηρά,
1064 767 1384 832 ἐκλέξασθαι
1418 766 1478 820 τὸ
1520 766 1745 835 ἀγαθόν.
1796 785 1813 816 ι

233 859 297 911 Εἰ
315 857 451 927 γοῦν
476 857 775 927 θαυμάζεις
800 857 931 910 Θεὸν
964 857 1301 930 γεννώμενον
1331 858 1565 922 ἀκούων,
1603 858 1821 910 πίστευ-

233 969 349 1013 σον,
394 952 479 1004 ὃτι
513 951 605 1004 καὶ
641 954 813 1022 τροφῇ
861 951 1069 1022 νηπίων
1115 953 1398 1024 χρήσεται.
1432 953 1506 1005 Οὐ
1536 952 1646 1023 γάρ
1682 952 1823 1006 κατά

231 1062 354 1096 τινα
411 1044 714 1113 φαντασίαν
746 1043 1039 1115 ὀφθήσεται
1072 1045 1387 1116 ἄνθρωπος,
1425 1044 1538 1116 (Η)
1589 1043 1711 1096 οὔτε
1744 1044 1822 1115 τῷ

230 1136 414 1189 δοκεῖν
461 1134 613 1189 ἔσται
663 1136 724 1188 τὸ
771 1135 1089 1205 γινόμενον’
1141 1136 1254 1190 ἀλλ’
1303 1135 1519 1205 ἀληθῶς
1567 1138 1822 1207 τοιαύτην

232 1228 505 1297 ὑπομενεῖ
547 1228 834 1297 γέννησιν,
880 1227 955 1291 ὡς
1005 1229 1327 1299 κοινωνῆσαι
1359 1227 1568 1297 νηπίων
1614 1230 1816 1298 τροφῇ·

234 1320 488 1392 βουτύρῳ
507 1320 650 1389 λέγω
674 1321 768 1373 καὶ
792 1320 965 1391 μέλιτι
990 1320 1190 1391 ὁμοίως
1214 1324 1325 1384 τοῖς
1347 1320 1551 1383 λοιποῖς
1578 1319 1817 1391 βρέφεσι.

232 1411 407 1479 Τοῦτο
438 1412 537 1482 μὲν
562 1407 653 1464 οὖν
678 1411 1047 1483 ἀνθρώπινον’
1084 1411 1142 1464 τὸ
1168 1413 1225 1465 δὲ
1254 1414 1351 1483 τῆς
1380 1413 1630 1485 θεότητος
1657 1412 1820 1466 αὐτοῦ

232 1503 643 1574 παραστατικὸν
664 1504 837 1557 ἐκεῖνο
862 1503 926 1557 ἂν
954 1504 1064 1573 εἴη,
1090 1505 1171 1557 ὅτι
1194 1506 1324 1576 πρὶν
1411 1505 1611 1574 γνῶναι
1636 1504 1818 1569 αὐτὸν,

230 1591 265 1664 ἧ
299 1593 626 1664 προελέσθαι
660 1595 891 1665 πονηρά,
941 1594 1215 1661 ἐκλέξεται
1258 1597 1319 1649 τὸ
1350 1596 1586 1665 ἀγαθὸν,
1616 1599 1712 1651 καὶ
1754 1598 1821 1651 τὰ

231 1686 384 1756 ἑξῆς.
419 1687 684 1758 Σημαίνει
726 1687 782 1740 δὲ
817 1690 845 1742 6
876 1688 1053 1756 λόγος,
1090 1690 1171 1742 ὅτι
1215 1692 1309 1743 καὶ
1350 1691 1477 1762 παρ’
1523 1691 1690 1763 αὐτὴν
1722 1692 1821 1762 τὴν

229 1779 489 1849 γέννησιν
516 1779 847 1852 διακριτικός
875 1797 960 1843 τις
1002 1776 1087 1851 ἦν,
1123 1782 1215 1834 καὶ
1250 1781 1472 1850 ἀγαθῶν
1515 1783 1817 1853 ποιητικὸς,

1924 581 2070 634 cabis
2094 579 2400 634 ediderunt.

2006 672 2167 726 Vens.
2206 670 2291 724 15.
2324 686 2342 720 ι
2383 668 2640 735 Butyrutn
2675 674 2728 721 et
2757 665 2860 720 mel
2886 665 3170 727 comedet,
3202 672 3494 732 antequam

1923 766 2059 820 sciat
2082 764 2217 833 ipse,
2250 772 2339 815 aut
2365 760 2647 831 praaeligat
2693 758 2857 824 mala,
2891 758 3094 827 eligere
3125 756 3349 811 bonum.
3382 774 3401 808 ι
3434 756 3492 808 Si

1923 870 2054 925 ergo
2093 853 2312 908 miraris
2338 894 2352 917 ,
2385 868 2506 907 cum
2532 850 2720 904 audias
2762 859 2948 902 natum
2980 848 3148 903 Deum
3177 887 3192 913 ,
3225 855 3279 900 at
3306 846 3494 909 crede,

1924 948 2178 1018 quoniam
2221 947 2507 1001 infantium
2550 944 2672 998 cibo
2712 956 2909 997 usurus
2937 950 3037 994 est.
3079 939 3194 994 Non
3236 940 3377 994 enim
3412 956 3498 993 se-

1924 1041 2160 1097 cundum
2216 1034 2503 1109 quamdam
2556 1035 2902 1106 phantasiam
2957 1034 3119 1087 homo
3170 1032 3496 1102 apparebit,

1925 1148 2098 1202 neque
2156 1130 2366 1201 species
2406 1130 2578 1183 solum
2628 1128 2734 1180 erit
2790 1126 2842 1179 id
2894 1125 3037 1195 quod
3066 1124 3348 1195 gignetur;
3401 1125 3495 1178 sed

1923 1228 2167 1280 eumdem
2207 1238 2394 1279 revera
2443 1234 2626 1277 ortum
2684 1220 2919 1284 subibit,
2974 1221 3046 1274 ita
3102 1230 3160 1272 ut
3206 1217 3493 1273 infantium

1925 1318 2182 1372 alimento
2223 1327 2433 1382 utatur,
2466 1316 2664 1387 butyro
2691 1314 2941 1370 videlicet
2968 1323 3021 1368 et
3048 1311 3205 1367 melle
3229 1350 3245 1377 ,
3275 1311 3500 1381 perinde

1923 1421 2088 1480 atque
2122 1409 2209 1464 alii
2247 1409 2503 1465 infantes.
2535 1410 2596 1464 Et
2632 1411 2734 1465 hoc
2778 1408 2993 1478 quidem
3039 1407 3333 1460 humanum
3372 1412 3494 1457 est:

1923 1505 2063 1573 quod
2086 1512 2263 1558 autem
2312 1504 2565 1558 deitatem
2613 1504 2728 1573 ejus
2752 1504 2992 1557 declarat
3027 1500 3155 1555 illud
3196 1508 3320 1566 est,
3354 1500 3498 1569 quod

1922 1596 2233 1666 priusquam
2266 1595 2356 1649 ille
2388 1595 2526 1648 mala
2562 1597 2645 1649 vel
2679 1596 2886 1649 noverit
2922 1594 3002 1647 vel
3042 1592 3360 1662 praetulerit,
3409 1591 3502 1645 eli-

1923 1698 2011 1758 get
2049 1676 2247 1741 bonum
2275 1728 2289 1753 ,
2325 1699 2431 1741 etc.
2472 1686 2568 1743 llis
2608 1700 2771 1759 porro
2802 1688 3141 1757 significatur
3172 1686 3256 1739 vel
3296 1684 3349 1738 in
3384 1684 3502 1752 ipso

1922 1788 2046 1831 ortu
2073 1776 2422 1831 discernendi
2450 1779 2499 1832 vi
2531 1778 2814 1848 praeditum
2842 1816 2859 1841 ,
2883 1793 2946 1831 ac
2974 1778 3236 1831 bonorum
3262 1783 3500 1845 patrato-

228 1873 260 1922 6
303 1872 694 1941 Ἐμμανουήλ,
728 1872 803 1924 τὸ·
829 1872 1072 1943 κριτικὸν
1116 1874 1175 1939 ἐξ
1221 1873 1431 1927 ἐκείνου
1468 1874 1818 1944 κεκτημένος,

1931 1885 2038 1924 rem
2080 1869 2482 1924 Etnntanuelem
2511 1870 2699 1935 fuisse,
2722 1869 2835 1937 jam
2862 1879 2987 1924 tunc
3026 1868 3214 1939 judicii
3242 1866 3500 1923 facultate

230 1966 325 2017 καὶ
356 1965 752 2035 ἀποσειόμενος
797 1964 895 2035 μὲν
928 1964 989 2018 τὸ
1019 1966 1215 2020 κακόνο
1252 1967 1410 2037 μόνον
1438 1967 1494 2019 δὲ
1522 1967 1585 2019 τὸ
1621 1966 1821 2036 ἀγαθὸν

229 2055 659 2126 ἀποδεχόμενος.
700 2054 971 2126 Τοιαύτης
1000 2055 1111 2127 γάρ
1157 2056 1347 2124 ἔσται,
1399 2057 1567 2129 φησὶ,
1609 2056 1822 2126 φύσεως

232 2150 326 2201 καὶ
349 2149 412 2213 ἐξ
446 2148 619 2219 αὐτῆς
643 2147 742 2219 τῆς
782 2149 1111 2218 γεννήσεως.

307 2259 327 2291 ι
372 2239 488 2293 Καὶ
525 2239 677 2292 ἔσται
725 2240 785 2291 ἐν
827 2241 894 2310 τῇ
928 2239 1114 2310 ἡμέρᾳ
1149 2238 1352 2309 ἐκείνῃ,
1406 2241 1582 2311 συριεῖ
1620 2238 1823 2310 Κύριος

233 2332 447 2403 μυίαις,
503 2332 561 2385 αἳ
615 2330 966 2403 κυριεύσουσι
1015 2331 1178 2402 μέρος
1226 2330 1476 2402 ποταμοῦ
1519 2331 1820 2399 Αἰγύπτου,

232 2424 328 2477 καὶ
360 2427 428 2494 τῇ
476 2422 730 2497 μελίσσῃ,
760 2424 795 2493 ἦ
824 2425 971 2476 ἐστιν
999 2425 1057 2477 ἐν
1080 2421 1235 2494 χώρᾳ.
1280 2424 1599 2496 Ἀσσυρίων.
1642 2407 1671 2477 ι’
1713 2426 1821 2495 Ση-

234 2515 419 2584 μαίνει
448 2514 540 2567 διὰ
565 2514 768 2567 τούτων
797 2516 825 2567 6
849 2513 1007 2583 λόγος
1031 2514 1347 2581 Αἰγυπτίων
1376 2514 1587 2586 ἀνδρῶν
1612 2515 1820 2585 ἔφοδον,

231 2606 328 2670 οὓς
374 2623 546 2675 φησιν
583 2604 734 2676 ἥξειν
772 2605 867 2657 ἐπὶ
907 2605 1009 2675 τὴν
1045 2604 1304 2658 Ἰουδαίαν
1328 2604 1512 2677 χώραν
1546 2606 1647 2659 οὐκ
1696 2606 1822 2661 ἄνευ

233 2699 372 2753 Θεοῦ
396 2740 413 2764 ,
447 2698 679 2769 νεύματι
709 2699 909 2761 αὐτοὺς
936 2698 1030 2750 τοῦ
1066 2698 1273 2768 Κυρίου
1301 2697 1679 2770 διεγείροντος,
1727 2698 1822 2753 καὶ

230 2793 428 2865 ὥσπερ
506 2790 805 2863 συρίγματι
866 2790 1262 2862 παρορμῶντος
1315 2790 1512 2853 αὐτοὺς
1569 2789 1678 2843 άπὸ
1726 2791 1826 2861 τῆς

232 2882 521 2953 Αἰγύπτου
556 2900 572 2913 ⁸
607 2884 701 2936 καὶ
733 2883 832 2937 οὐκ
865 2882 974 2936 ἀπὸ
1006 2882 1189 2953 πάσης
1220 2880 1447 2949 ταύτης,
1479 2880 1595 2934 ἀλλ’
1628 2884 1693 2934 ἐκ
1728 2882 1823 2953 μέ-

237 2991 368 3045 ρους
414 2975 616 3045 αὐτῆς.
657 2976 726 3027 Ἦ
757 2974 852 3027 καὶ
884 2973 973 3027 διὰ
1002 2973 1065 3026 τὸ
1090 2972 1309 3044 λύθροις
1342 2972 1438 3027 καὶ
1485 2972 1679 3044 αἵμασι
1712 2976 1825 3038 τοῖς

235 3065 383 3118 κατά
428 3066 529 3136 τὴν
577 3064 885 3137 ἀκάθαρτον
936 3063 1378 3135 εἰδωλολατρείαν
1435 3064 1647 3135 χαίρειν
1700 3067 1825 3129 τοὺς

1924 1962 2250 2017 instructum
2287 1977 2301 2015 :
2327 1977 2390 2017 ac
2416 1962 2614 2017 malum
2640 1963 2854 2032 quidem
2885 1964 3268 2027 excutientem,
3299 1961 3498 2015 bonum

1924 2069 2054 2109 vero
2088 2056 2352 2109 duntaxat
2383 2055 2824 2124 amplectentem.
2846 2053 2995 2110 Talis
3023 2054 3223 2126 quippe
3269 2064 3498 2115 naturae,

1924 2145 2118 2214 inquit,
2144 2146 2228 2199 vel
2264 2146 2331 2199 ab
2366 2145 2481 2214 ipso
2508 2156 2631 2200 ortu
2671 2144 2886 2201 futurus
2912 2156 3020 2201 est.

1994 2236 2157 2292 Vsus.
2202 2237 2288 2292 18.
2330 2257 2349 2289 ι
2385 2237 2450 2292 Ει
2475 2238 2581 2292 erit
2609 2238 2662 2292 in
2690 2238 2777 2291 die
2803 2238 2912 2303 illa,
2954 2239 3193 2294 sibilabit
3242 2237 3503 2295 Dominus

1926 2332 2148 2393 muscis,
2180 2343 2301 2396 quae
2320 2327 2752 2382 dominabuntur
2779 2330 2919 2398 parti
2950 2329 3190 2385 ﬂuminis
3234 2328 3459 2401 Egypti
3482 2369 3499 2395 ,

1921 2420 2086 2489 etapi
2110 2459 2126 2483 ,
2167 2435 2290 2489 quae
2317 2430 2399 2475 est
2427 2421 2479 2475 in
2512 2421 2734 2490 regione
2778 2422 3148 2492 Assyriorum.
3193 2441 3210 2471 ι
3247 2422 3339 2477 llis
3368 2437 3501 2477 vero

1923 2513 2193 2579 significat
2228 2511 2611 2582 [Egyptiorum
2646 2512 2887 2567 virorum
2931 2514 3289 2585 irruptiouem
3317 2532 3331 2569 :
3362 2531 3502 2585 quos

1925 2605 1999 2656 ait
2023 2619 2127 2658 non
2160 2604 2279 2659 sine
2306 2604 2414 2659 Deo
2440 2614 2700 2660 venturos
2742 2620 2865 2660 esse
2903 2607 2953 2660 in
2982 2606 3289 2662 Judzeorum
3320 2608 3502 2677 regio-

1927 2710 2091 2758 nem,
2127 2695 2352 2749 Domiuo
2397 2711 2493 2765 per
2541 2696 2716 2750 solum
2754 2710 2944 2752 nutum
2985 2710 3397 2763 commovente,
3449 2713 3506 2754 et

1923 2787 2077 2855 quasi
2111 2787 2269 2842 sibilo
2299 2790 2571 2842 excitante
2596 2788 2716 2844 illos
2758 2806 2824 2845 ex
2855 2790 3087 2860 A‘Igypto
3116 2806 3130 2843 :
3164 2806 3264 2845 nec
3288 2808 3354 2845 ex
3387 2800 3502 2846 tota

1927 2878 2014 2932 illa
2036 2918 2051 2943 ,
2082 2879 2177 2934 sed
2208 2893 2271 2932 ex
2320 2890 2473 2947 parte
2500 2880 2729 2949 quadam
2772 2881 3037 2948 ejusdem.
3069 2881 3161 2937 Vel
3183 2882 3308 2950 quia
3339 2882 3508 2952 [Egy-

1927 2971 2022 3039 ptii
2053 3014 2066 3036 ,
2099 2986 2298 3025 cruore
2328 2980 2384 3025 et
2431 2973 2698 3043 sanguine
2733 2974 2797 3026 ab
2844 2974 3051 3043 impura
3090 2974 3397 3028 idololatria
3426 2975 3509 3028 ef-

1927 3064 2047 3117 fuso
2075 3063 2512 3130 delectabantur,
2547 3065 2693 3135 ipsos
2720 3064 2921 3119 muscis
2965 3077 3246 3136 comparat
3278 3083 3293 3120 :
3333 3068 3505 3137 Assy-

231 3158 596 3225 Αἰγυπτίους,
644 3157 982 3230 παραϐάλλει
1028 3157 1214 3227 μυίαις
1247 3155 1441 3220 αὐτούς
1464 3172 1477 3186 ·
1517 3157 1616 3227 τὴν
1638 3156 1693 3209 δὲ
1716 3156 1823 3209 τῶν

1931 3158 2135 3209 riormn
2168 3146 2351 3210 autem
2392 3156 2642 3211 bellicam
2682 3158 2937 3211 virtutem
2965 3198 2980 3220 ,
3043 3158 3189 3226 quod
3219 3156 3292 3212 illi
3321 3158 3504 3213 hostili

245 3249 559 3320 Ἀσσυρίων
596 3248 899 3320 πολεμικὴν
923 3249 1153 3320 δύναμιν
1185 3248 1273 3303 διὰ
1299 3247 1359 3302 τὸ
1388 3247 1667 3320 πολεμικῷ
1698 3250 1821 3302 κέν-

228 3358 352 3413 τρῳ
374 3341 704 3411 κεχρῆσθαι,
735 3342 832 3395 καὶ
862 3342 969 3394 τῶν
1002 3341 1202 3395 λοιπῶν
1230 3339 1399 3395 ἐθνῶν
1423 3340 1544 3394 τότε
1576 3343 1819 3413 κρατεῖν,

236 3432 479 3502 μελίσσῃ
513 3431 807 3485 ἀπείκασε.
860 3431 1046 3485 Ταῦτα
1090 3431 1146 3483 δὲ
1190 3430 1492 3503 ἐπληροῦτο
1521 3430 1661 3484 κατὰ
1696 3431 1821 3494 τοὺς

231 3523 467 3593 χρόνους
514 3522 615 3592 τῆς
667 3520 890 3593 πρώτης
936 3522 1251 3594 πολιορκίας
1291 3521 1660 3594 Ἰερουσαλὴμ,
1698 3520 1820 3574 καθ’

230 3615 330 3678 οὓς
346 3615 638 3684 Αἰγύπτιοι
658 3616 755 3685 μὲν
769 3616 818 3668 οἰ
836 3614 1158 3686 καλούμενοι
1187 3618 1339 3687 μυῖαι
1356 3614 1489 3686 (15),
1513 3616 1601 3668 ὅτε
1618 3614 1820 3669 τούτων

232 3708 497 3779 βασιλεὺς
527 3690 1004 3779 Φαραὼέπελθὼν
1039 3711 1102 3780 τῇ
1151 3708 1439 3769 Ἰουδαίων,
1467 3708 1559 3761 τὸν
1614 3707 1821 3761 Ἰωσίαν

228 3794 327 3850 τὸν
382 3796 609 3865 βασιλέα
650 3796 753 3866 τῆς
794 3796 1180 3868 Ἰερουσαλὴμ,
1231 3796 1341 3850 τῶν
1394 3796 1677 3866 ἐπιφανῶν
1729 3797 1823 3850 καὶ

230 3886 505 3955 θεοφιλῶν
533 3887 741 3958 ἀνδρῶν
769 3888 983 3952 οὐδενὸς
1009 3888 1280 3961 δεύτερον,
1320 3890 1554 3961 ἀναιρεῖ.
1590 3885 1700 3941 Εἶτ’
1723 3889 1822 3941 οὐκ

229 3982 317 4042 εἰς
356 3978 582 4049 μακρὰν
607 3980 636 4032 6
661 3979 767 4031 τῶν
802 3980 1159 4033 Βαϐυλωνίων
1196 3979 1446 4049 βασιλεὺς
1488 3980 1822 4050 Ναϐουχοδο-

228 4072 401 4142 νόσορ
433 4072 533 4124 σὺν
588 4071 806 4145 μεγάλῃ
843 4075 1101 4145 στρατιᾶς
1143 4072 1366 4144 δυνάμει
1416 4072 1679 4136 ἐπελθὼν,
1728 4072 1827 4143 τὴν

233 4162 337 4230 μὲν
377 4160 535 4214 πόλιν
566 4162 735 4233 αὐτὴν
776 4164 840 4215 ἐκ
874 4162 1090 4234 βάθρων
1124 4159 1234 4215 εἷλε
1261 4205 1276 4230 ,
1309 4163 1401 4217 τὸν
1442 4161 1579 4215 νεὼν
1612 4179 1828 4233 πυρπο-

233 4249 412 4322 λήσας
438 4269 452 4282 ·
482 4252 544 4305 τὸ
576 4252 635 4305 δὲ
665 4254 773 4306 πᾶν
800 4253 950 4317 ἔθνος
975 4253 1577 4325 ἐξανδραποδισάμενος
1608 4252 1699 4305 καὶ
1728 4252 1829 4315 τὰς

1928 3250 2136 3320 spiculo
2161 3258 2465 3317 uterentur,
2498 3264 2563 3303 ac
2596 3250 2807 3303 caeteris
2838 3259 2963 3303 tunc
2982 3250 3235 3319 gentibus
3267 3251 3504 3320 impera-

1931 3351 2049 3395 rent
2072 3380 2087 3405 ,
2132 3340 2219 3411 api
2250 3340 2481 3396 similem
2512 3340 2662 3395 dicit.
2706 3339 2829 3394 Haec
2858 3356 3021 3411 porro
3059 3340 3326 3412 completa
3378 3349 3508 3396 sunt

1935 3444 2178 3504 tempore
2233 3435 2420 3503 prima:
2467 3434 2966 3504 Hierosolymorum
3029 3434 3364 3499 obsidionis,
3400 3451 3508 3504 quo

1930 3526 2166 3597 Egyptii
2192 3528 2409 3595 quidem
2439 3567 2453 3588 ,
2491 3542 2689 3581 musca:
2717 3528 2845 3581 dicti
2872 3567 2887 3590 ,
2931 3542 3052 3582 cum
3082 3542 3208 3595 rege
3234 3543 3330 3582 suo
3361 3525 3500 3580 Pha-

1931 3634 2096 3671 raone
2124 3619 2507 3686 irrumpeutes,
2540 3616 2743 3673 Josiam
2784 3618 3278 3690 Hierosolymorum
3296 3635 3506 3687 regens,

1930 3708 2072 3763 inter
2100 3710 2425 3776 conspicuos
2460 3709 2851 3780 religiososque
2899 3711 3044 3767 viros
3078 3711 3275 3766 nemini
3309 3727 3507 3767 secun-

1930 3798 2054 3852 dum
2085 3797 2492 3851 interfemruut.
2543 3798 2658 3854 Non
2716 3802 2803 3854 diu
2865 3816 2989 3855 vero
3043 3811 3226 3870 postea
3280 3801 3506 3874 Babylo-

1931 3886 2140 3942 niorum
2194 3904 2287 3942 rex
2349 3888 2863 3955 Nabuchodonosor,
2909 3906 3032 3946 cum
3090 3893 3333 3947 exercitu
3396 3910 3510 3947 ma-

1930 3993 2034 4047 guo
2093 3982 2522 4048 superveniens,
2588 3982 2775 4036 urbem
2835 3984 3006 4051 ipsam
3063 3982 3308 4039 funditus
3357 3984 3507 4038 dele-

1927 4070 2047 4133 vit,
2099 4071 2465 4141 templumque
2510 4073 2789 4135 incendit.
2836 4085 3055 4145 totaque
3107 4086 3265 4146 gente
3312 4076 3363 4129 in
3413 4092 3507 4131 ca-

1927 4161 2232 4230 ptivitatem
2284 4165 2517 4217 abducta
2547 4205 2563 4229 ,
2614 4166 2948 4235 vastatisque
2994 4168 3220 4235 ett-teris,
3256 4168 3505 4232 urbibus.

1929 4252 2241 4308 Judazorunt
2272 4255 2504 4324 regionis
2527 4256 2782 4327 Assyrios
2808 4257 3140 4314 habitatores
3168 4260 3470 4315 constituit.

235 4346 432 4409 Αοιπάς
474 4345 689 4419 δῃώσας
737 4344 952 4409 πόλεις,
1013 4347 1329 4418 Ἀσσυρίους
1381 4348 1673 4418 οἰκήτορας
1715 4347 1815 4417 τῆς
1858 4346 2124 4400 Ἰουδαίων
2150 4347 2451 4417 κατέστησε
2486 4347 2688 4421 χώρας.

311 4463 334 4495 ι
392 4441 483 4493 Ἐν
509 4442 577 4510 τῇ
605 4439 789 4511 ἡμέρα
821 4439 1002 4510 ἐκείνῃ
1032 4438 1205 4511 ξυριεῖ
1240 4438 1441 4509 Κύριος
1467 4438 1546 4510 τῷ
1576 4438 1721 4511 ξυρῷ
1748 4438 1825 4510 τῷ

2002 4439 2163 4494 Vens.
2197 4437 2287 4496 20.
2326 4432 2345 4492 ι
2388 4434 2442 4494 ln
2483 4441 2569 4495 die
2614 4439 2700 4495 illa
2736 4443 2886 4496 radet
2932 4441 3196 4497 Dominus
3243 4442 3506 4499 novacula

236 4534 471 4607 μεγάλῳ
506 4532 601 4585 καὶ
639 4530 1065 4603 μεμεθυσμένῳ,
1116 4532 1145 4583 ὃ
1169 4534 1285 4585 ἐστι
1326 4530 1500 4603 πέραν
1530 4530 1624 4584 τοῦ
1660 4548 1824 4583 ποτα-

238 4628 341 4698 μοῦ
392 4623 493 4678 τοῦ
547 4622 813 4693 βασιλέως
876 4623 1201 4695 Ἀσσυρίων.
1251 4642 1268 4673 ι
1323 4624 1397 4676 Ού
1433 4624 1532 4694 τὴν
1580 4623 1824 4695 κεφαλὴν

236 4716 328 4773 οὖν
385 4718 559 4788 μόνην
612 4714 856 4787 ξυρήσειν
910 4715 1009 4785 τὴν
1052 4716 1217 4771 πάλαι
1268 4715 1547 4785 “Pam”
1593 4717 1682 4768 δτε
1724 4716 1825 4785 τῆς

238 4811 573 4881 οἰκουμένης
602 4808 864 4879 ἐκράτουν
901 4807 1197 4877 Ἀσσύριοι,
1229 4806 1366 4860 ἀλλὰ
1389 4808 1482 4859 καὶ
1513 4807 1611 4869 τὰς
1632 4806 1825 4879 τρίχας

240 4904 344 4957 τῶν
383 4901 587 4963 ποδῶν,
618 4900 819 4972 δηλαδὴ
843 4901 904 4953 τὸ
930 4900 1176 4971 ἀνδρεῖον
1211 4901 1416 4971 σχῆμα,
1458 4900 1551 4952 καὶ
1582 4903 1673 4951 τδν
1706 4897 1823 4950 πώ-

240 5014 393 5063 γωνα
420 5013 434 5026 ·
476 4996 725 5048 τουτέστι
772 4994 862 5047 τὸν
902 4994 1043 5048 κατὰ
1085 4994 1246 5063 φύσιν
1280 4992 1503 5063 ἀνδράσι
1552 4992 1827 5064 πρέποντα

242 5088 470 5159 κόσμον.
525 5086 697 5158 Ξυρὸν
742 5085 799 5139 δὲ
847 5085 1259 5155 μεμεθυσμένον
1292 5084 1396 5137 ὑπὸ
1436 5083 1528 5137 τοῦ
1560 5084 1766 5155 Κυρίου
1798 5084 1827 5135 6

245 5178 589 5251 προφητικὺς
616 5178 840 5232 ἐκάλεσε
861 5177 1017 5246 λόγος
1048 5177 1231 5248 ἕτερόν
1252 5194 1305 5228 τι
1330 5176 1604 5246 πολεμίων
1628 5176 1783 5244 γένος
1811 5190 1825 5203 ’

244 5270 308 5323 δι’
337 5264 402 5323 οὗ
430 5270 526 5323 τὸν
564 5268 787 5338 βασιλέα
808 5269 915 5319 τῶν
957 5266 1277 5338 Ἀσσυρίων,
1302 5266 1501 5337 δηλαδὴ
1525 5266 1625 5337 τὴν
1649 5268 1828 5320 πᾶσαν

244 5362 425 5417 αὐτῶν
463 5360 741 5431 βασιλείαν
770 5376 830 5412 τε
857 5359 952 5412 καὶ
981 5359 1299 5411 δυναστείαν
1329 5357 1581 5429 ξυρήσειν
1608 5356 1711 5427 ἔφη
1739 5356 1829 5410 τὸν

244 5453 398 5516 Θεὸν,
432 5453 511 5515 ὡς
535 5451 798 5523 ταπεινὴν
838 5452 1033 5521 αὐτὴν,
1078 5452 1173 5504 καὶ
1231 5450 1512 5519 ἄνανδρον⁹
1564 5448 1659 5501 καὶ
1702 5448 1831 5502 ἄκο-

246 5562 383 5615 σμον
434 5545 529 5599 καὶ
559 5545 843 5614 ἀσχήμονα
878 5542 1174 5611 δειχθῆναι.
1203 5542 1338 5611 Παρ’
1373 5539 1544 5610 ἑτέρῳ
1585 5538 1642 5591 δὲ
1663 5578 1676 5603 ,
1709 5539 1831 5592 ἀντὶ

1934 4546 2129 4601 magna
2180 4540 2236 4587 et
2288 4531 2552 4587 inebriata
2584 4572 2599 4597 ,
2656 4535 2799 4602 quod
2824 4544 2907 4588 est
2942 4533 3082 4588 ultra
3112 4533 3334 4591 ﬂuvium
3372 4537 3513 4608 regis

1930 4622 2303 4692 Assyriorum.
2344 4642 2364 4677 ι
2407 4622 2522 4678 Non
2568 4635 2727 4693 caput
2758 4625 2932 4679 solum
2973 4628 3129 4681 radet
3166 4627 3295 4682 olim
3328 4643 3514 4681 coma-

1935 4724 2044 4769 tum
2064 4756 2079 4781 ,
2105 4730 2229 4770 cum
2272 4716 2484 4787 Assyrii
2512 4717 2630 4770 orbi
2667 4717 3035 4787 imperarent;
3067 4719 3159 4774 sed
3189 4722 3350 4773 etiam
3378 4721 3515 4788 pilos

1933 4806 2153 4873 pedum,
2189 4807 2399 4862 scilicet
2426 4808 2636 4862 virilem
2670 4810 2926 4875 formam,
2947 4819 3002 4865 et
3031 4808 3295 4876 barbam;
3330 4811 3379 4865 id
3404 4820 3512 4874 est,

1931 4909 2185 4951 ornatum
2223 4898 2365 4966 .viris
2420 4904 2719 4955 secundum
2772 4910 3023 4955 naturam
3064 4913 3511 4959 consentaneum.

1932 4988 2261 5043 Novaculam
2293 5006 2421 5045 vero
2471 5006 2497 5045 a
2543 4991 2650 5045 Deo
2686 4992 3006 5046 iuebriatam
3036 4994 3179 5047 aliud
3212 5008 3381 5062 genus
3412 4992 3517 5046 ini-

1933 5082 2196 5136 micorum
2223 5094 2499 5153 nuncupat
2531 5085 2880 5153 propheticus
2904 5101 3087 5140 sermo
3120 5126 3133 5139 .
3167 5086 3325 5154 cujus
3350 5099 3510 5152 opera

1938 5187 2114 5243 regem
2150 5174 2514 5244 Assyriorum,
2546 5192 2639 5229 seu
2667 5186 2835 5231 totum
2865 5192 3052 5231 eorum
3083 5191 3305 5245 regnum
3337 5184 3391 5229 et
3415 5190 3513 5244 po-

1939 5265 2164 5318 tentiam
2208 5268 2532 5322 abrasurum
2589 5270 2754 5324 Deum
2796 5258 2917 5325 esse
2946 5268 3304 5339 praenuntiat;
3354 5268 3427 5323 ita
3458 5279 3514 5323 ut

1936 5354 2159 5411 humilis
2181 5399 2195 5421 ,
2222 5358 2476 5427 imbellis,
2516 5362 2789 5432 incompta
2815 5403 2829 5429 ,
2863 5372 2915 5416 et
2945 5360 3202 5415 deformis
3232 5374 3511 5431 appareat.

1936 5447 2043 5503 Pro
2100 5449 2190 5505 illo
2224 5461 2401 5507 autem
2430 5492 2446 5518 ,
2489 5472 2508 5506 ι
2553 5455 2819 5509 inebriata
2858 5451 3163 5519 novacula,
3205 5471 3225 5506 ι
3259 5454 3399 5509 alius
3435 5456 3518 5508 in-

1939 5549 2170 5611 terpres,
2206 5563 2224 5597 ‹
2264 5548 2515 5603 mercede
2541 5548 2833 5614 conducta,
2877 5566 2896 5600 ι
2926 5546 3107 5603 habet.

245 5640 339 5691 τοῦ
366 5634 803 5707 μεμεθυσμένα)
826 5633 1006 5704 ξυρῷ,
1030 5634 1455 5703 μεμισθωμένφ
1476 5631 1705 5702 ε’ύρηται
1733 5630 1907 5695 οὓτως
1929 5634 2156 5691 εἰπόντι.

318 5754 433 5825 (ﬂ)
471 5754 670 5809 Eadem
706 5751 864 5820 plane
899 5751 1258 5825 Hieronymus
1287 5751 1450 5807 habet
1483 5751 1549 5805 ad
1579 5748 1721 5806 hunc
1748 5750 1943 5808 locum.

325 5821 441 5896 (15)
470 5826 592 5878 llaec
625 5829 753 5877 item
784 5824 923 5891 apud
960 5821 1373 5891 Hieronymum.

655 5921 928 5980 PATROL.
978 5920 1096 5980 (in.
1146 5919 1378 5981 XXIV.
