3968 6554
511 348 613 403 I39

1179 347 1444 403 EUSEBII
1487 348 1968 411 CIESARIENSIS
2008 350 2159 405 OI’P.
2200 350 2380 407 PARS
2419 351 2504 409 III.
2546 384 2617 396 -ι
2653 350 3065 410 EXEGE'I'ICA.

3663 362 3765 415 MD

583 466 741 518 Vens.
778 464 877 529 21,
914 464 1000 519 ετ.
1043 483 1060 515 ι
1098 464 1163 518 Et
1191 467 1297 521 erit
1332 468 1387 522 in
1418 466 1506 523 die
1533 468 1644 533 illa,
1674 470 1879 523 nutriet
1923 470 2065 525 hcim

2261 489 2280 521 ‹
2321 471 2429 525 Καὶ
2458 470 2609 525 ἔσται
2640 473 2696 524 ὲν
2724 472 2792 543 τῆ
2826 472 3008 544 ἡμέρᾳ
3036 471 3219 543 ἐκείνῃ
3252 468 3443 543 θρέψει
3475 473 3766 546 ἄνθρωπος

506 572 728 610 vaccam
768 556 926 611 boum
954 596 968 619 ,
993 567 1048 610 et
1075 559 1210 611 duas
1247 572 1399 613 oves.
1440 559 1508 613 Et
1536 561 1642 615 erit
1684 578 1713 615 a
1743 562 1896 631 copia
1922 561 2082 618 lactis

504 665 669 719 quan.
699 647 899 704 facient
920 690 934 711 ,
964 661 1023 703 ιιι
1054 650 1306 721 butyrum
1344 661 1400 706 et
1430 652 1534 708 mel
1583 654 1832 709 comedat
1864 655 2039 710 omnis
2063 694 2079 719 ,

503 741 594 810 qui
622 740 911 795 derelictus
947 739 1111 795 fuerit
1156 741 1208 794 in
1243 751 1407 797 terra.
1447 761 1466 795 ι
1506 743 1819 799 Extremam
1851 761 2083 816 pauper-

506 842 671 886 tatem
699 841 754 887 et
782 831 1015 902 inopiam
1044 834 1128 887 his
1156 832 1502 902 subindicat;
1537 839 1645 892 imo
1672 836 1833 893 etiam
1856 848 1911 893 et
1942 839 2079 893 rari-

506 932 666 977 tatem
699 922 951 978 frumenti
996 924 1061 979 ad
1095 925 1275 980 cibum
1309 928 1702 997 praestandum.
1752 926 1884 982 Nam
1934 929 2079 999 quod

500 1028 607 1068 non
647 1014 807 1069 boum
841 1028 1053 1084 greges,
1111 1015 1207 1071 sed
1232 1031 1393 1071 unam
1429 1025 1632 1071 tantum
1669 1033 1890 1072 vaccam
1918 1020 2081 1073 homo

501 1106 798 1172 possideat,
828 1116 883 1159 et
910 1107 1053 1176 quod
1087 1121 1196 1162 non
1223 1107 1386 1174 ovile,
1439 1109 1533 1165 sed
1560 1110 1696 1164 duas
1722 1119 1929 1167 tantum
1951 1126 2081 1167 oves

499 1199 647 1262 alat.
697 1208 952 1254 extrema:
1000 1199 1167 1255 fuerit
1236 1199 1430 1269 inapire
1480 1213 1899 1274 argumentum;
1950 1205 2080 1273 quin

499 1291 661 1344 etiam
690 1292 832 1359 quod
863 1292 1107 1347 residuus
1133 1292 1186 1346 in
1216 1300 1358 1348 terra
1379 1293 1609 1363 populus
1640 1296 1832 1365 butyro
1871 1305 2078 1351 tantum

498 1393 554 1437 et
583 1382 740 1437 melle
771 1383 949 1438 alatur
968 1427 981 1451 ,
1010 1384 1060 1438 id
1093 1382 1290 1439 famem
1319 1385 1475 1455 panis
1502 1385 1766 1443 declarat.
1793 1386 1889 1442 Hic
1917 1402 2080 1457 porro

498 1484 615 1531 erat
665 1476 889 1547 populus
923 1478 1021 1530 sub
1054 1476 1279 1534 Godolia
1304 1518 1320 1544 ,
1355 1494 1519 1548 quem
1566 1479 1637 1534 ob
1673 1479 1930 1534 frumenti
1988 1496 2081 1550 pe-

498 1566 751 1635 nuriam,
801 1569 993 1639 exiguo
1040 1584 1297 1638 pecorum
1335 1569 1476 1624 lacte
1523 1577 1578 1624 et
1624 1569 1821 1642 butyro
1868 1570 1920 1624 in
1973 1571 2076 1625 ali-

498 1666 740 1712 mentum
790 1673 1014 1713 usurum
1061 1658 1389 1727 pratintntiat
1442 1676 1456 1712 :
1513 1659 1765 1715 universa
1816 1660 2075 1730 regione,

497 1750 567 1804 ob
596 1750 831 1803 virorum
855 1752 1180 1819 paucitatem
1208 1749 1260 1804 in
1280 1750 1554 1805 desertum
1580 1760 1636 1805 et
1668 1750 1718 1804 in
1742 1748 1928 1820 spinas
1950 1764 2077 1805 con-

498 1855 673 1895 versa.

568 2050 730 2106 Vens.
764 2050 859 2105 εδ.
907 2068 926 2101 ι
978 2050 1045 2105 Et
1069 2061 1173 2104 erit
1205 2051 1257 2105 in
1290 2050 1378 2107 die
1408 2051 1497 2106 illa
1525 2092 1541 2118 ,
1570 2054 1748 2107 omnis
1795 2052 1950 2108 locus
1982 2051 2071 2107 ubi

495 2144 696 2199 fuerint
743 2142 889 2198 mille
919 2144 1085 2199 vinem
1112 2183 1128 2208 ,
1184 2143 1332 2198 mille
1377 2144 1669 2210 siclorum,
1704 2146 1755 2199 in
1801 2145 2070 2201 desertum

496 2239 605 2292 erit
631 2248 686 2292 et
716 2237 780 2295 jn
829 2236 1063 2306 spinam.
1111 2254 1131 2287 ι
1173 2234 1326 2302 Quod
1366 2236 1529 2307 igitur
1581 2246 1727 2291 terra
1777 2236 1978 2292 inculta
2016 2247 2069 2292 et

493 2328 893 2399 apinisreferta
945 2329 1017 2384 sit
1044 2368 1059 2391 .
1094 2328 1368 2383 frumento
1399 2329 1651 2395 carebit;
1701 2344 1876 2399 neque
1908 2330 2073 2385 homo

491 2422 583 2490 qui
616 2422 862 2477 residuus
888 2422 995 2477 erit
1023 2461 1037 2486 ,
1067 2429 1273 2475 naturae
1304 2421 1624 2490 congruenti
1654 2422 1799 2484 cibo,
1831 2431 1924 2477 aut
1947 2422 2074 2479 vino

494 2516 785 2581 nutrietur,
847 2514 955 2567 imo
981 2512 1159 2582 potius
1197 2512 1341 2567 lacte
1367 2552 1383 2577 ,
1411 2514 1626 2585 butyro,
1652 2526 1706 2569 et
1744 2514 1940 2582 melle;
1974 2515 2072 2571 iis-

492 2622 597 2674 que
630 2622 734 2660 non
768 2621 798 2660 a
830 2619 1123 2659 numeroso
1173 2603 1338 2660 boum
1370 2619 1533 2675 grege
1558 2643 1574 2671 ,
1610 2620 1785 2674 neque
1818 2605 1886 2660 ab
1915 2606 2075 2661 ovili-

494 2700 593 2751 bus
623 2698 995 2767 congregatis,
1046 2696 1140 2750 sed
1169 2710 1235 2749 ex
1265 2696 1458 2750 ovibus
1489 2698 1814 2766 quibusdam
1854 2707 1909 2752 et
1951 2700 2073 2753 ani-

493 2787 722 2842 malibus
752 2785 982 2841 miseris.
1012 2784 1143 2839 Nam
1172 2785 1309 2840 alius
1342 2799 1409 2840 ex
1440 2803 1542 2841 una
1573 2788 1765 2841 bucula
1788 2826 1806 2850 ,
1836 2787 1975 2842 alius
2005 2804 2069 2843 ex

491 2879 699 2933 duabus
728 2880 918 2934 ovibus
945 2879 995 2932 id
1034 2878 1385 2933 mutuabitur.

560 3087 725 3142 Vens.
754 3087 844 3143 25.
897 3105 915 3138 ι
978 3086 1044 3141 Ει
1073 3085 1253 3140 omnis
1294 3098 1448 3140 mons
1494 3093 1679 3140 aratus
1703 3087 1973 3153 arabitur,
2015 3099 2067 3141 et

2182 563 2411 633 δάμαλιν
2436 562 2576 633 βοῶν
2618 565 2714 617 καὶ
2758 564 2851 619 δύο
2898 565 3169 636 πρόϐατα.
3204 566 3316 620 Καὶ
3342 566 3495 621 ἐσται
3530 568 3639 623 ἀπὸ
3666 569 3764 624 τοῦ

2184 655 2432 709 πλεῖστον
2462 659 2634 710 ποιεῖν
2667 656 2830 725 γάλα,
2868 656 3129 728 βούτυρον
3155 658 3251 713 καὶ
3286 659 3412 730 μέλι
3432 663 3625 731 φαγεῖν
3652 664 3765 727 πᾶς

2182 747 2210 798 ό
2239 746 2618 816 καταλειφθεὶς
2642 748 2734 800 ἐπὶ
2763 746 2862 819 τὴν
2891 749 3016 819 γῆν.
3065 768 3084 800 ›
3140 750 3422 821 Πτωχείαν
3444 769 3502 805 τε
3536 753 3633 807 καὶ
3659 771 3763 807 πε-

2181 839 2301 893 νίαν
2329 838 2777 910 ὑπερϐάλλουσαν
2804 838 3104 894 αἰνίττεται
3123 840 3211 895 διὰ
3229 841 3435 897 τούτων
3459 860 3473 874 ο
3504 843 3643 898 ἀλλά
3663 846 3761 900 καὶ

2183 927 2385 982 ἔνδειαν
2420 929 2516 982 καί¹
2543 927 2737 983 σπάνιν
2761 928 2860 1000 τῆς
2875 928 2982 983 ἀπὸ
3007 929 3102 983 τοῦ
3134 931 3280 985 σίτου
3309 934 3537 1005 τροφῆς⁸
3566 936 3627 989 τὸ
3647 938 3759 1010 γὰρ

2185 1020 2260 1093 μὴ
2291 1020 2427 1090 βοῶν
2452 1021 2674 1089 ἀγέλας,
2725 1021 2854 1093 μίαν
2884 1021 2941 1076 δὲ
2982 1024 3151 1094 μόνην
3187 1023 3416 1095 δάμαλιν
3458 1028 3758 1099 κεκτῆσθαι

2181 1110 2489 1183 ἄνθρωπον,
2543 1112 2637 1165 καὶ
2679 1112 2742 1165 τὸ
2791 1111 2866 1185 μὴ
2912 1112 3162 1183 ποίμνιον
3214 1113 3524 1184 προϐάτων,
3574 1116 3667 1169 δύο
3699 1119 3759 1171 δὲ

2181 1202 2429 1274 πρόϐατα
2462 1204 2602 1274 μόνα
2627 1203 2871 1275 τρέφειν,
2898 1203 2998 1273 τῆς
3023 1205 3259 1275 ἐσχάτης
3287 1204 3354 1258 ἂν
3382 1206 3591 1273 γένοιτο
3618 1210 3759 1262 ἁπο-

2184 1294 2301 1364 ρίας
2331 1294 2598 1365 σύμϐολον
2627 1311 2640 1324 ·
2677 1293 2813 1349 ἀλλὰ
2840 1294 2938 1349 καὶ
2962 1294 3023 1347 τὸ
3052 1293 3299 1367 βουτύρῳ
3327 1297 3624 1368 τρέφεσθαι
3660 1300 3757 1352 καὶ

2184 1382 2359 1453 μέλιτι
2386 1382 2563 1437 πάντα
2603 1383 2695 1437 τὸν
2744 1382 3175 1453 καταλειφθέντα
3208 1384 3304 1437 ἐπὶ
3336 1385 3434 1455 τῆς
3464 1387 3567 1456 γῆς
3605 1387 3755 1452 λαὸν,

2180 1472 2336 1543 λιμὸν
2368 1473 2532 1543 ἄρτου
2566 1473 2914 1545 παρίστησιν.
2964 1468 3132 1537 Οὗτος
3154 1473 3213 1527 δὲ
3237 1469 3305 1546 ἦν
3345 1476 3374 1527 ό
3407 1476 3501 1529 ἐπὶ
3525 1469 3627 1530 ’τοῦ
3661 1478 3700 1531 Γ
3701 1496 3760 1532 ο-

2180 1562 2350 1616 δολίου
2373 1563 2521 1628 λαὸς,
2552 1564 2610 1619 ὃν
2636 1564 2725 1618 διά
2752 1563 2985 1636 ἀπορίαν
3006 1564 3107 1635 τῆς
3126 1564 3234 1619 ἀπὸ
3262 1566 3412 1619 σίτου
3445 1569 3655 1640 τροφῆς
3695 1572 3756 1623 ὲν

2182 1653 2503 1727 βραχυτάτῳ
2549 1655 2881 1727 θρεμμάτων
2928 1656 3161 1727 γάλακτι
3212 1657 3306 1711 καὶ
3346 1657 3590 1731 βουτύρῳ
3618 1678 3757 1732 τρα-

2182 1747 2449 1817 φήσεσθαι
2526 1746 2892 1819 προαγορεύει
2920 1787 2936 1813 ,
2992 1750 3090 1820 τῆς
3146 1746 3329 1823 χώρας
3389 1752 3605 1824 ἀπάσης
3674 1756 3759 1818 είς

2104 1829 2145 1883 Β
2177 1839 2368 1910 χέρσον
2402 1840 2496 1892 καὶ
2535 1838 2776 1893 ἄκανθαν
2814 1839 2903 1894 διὰ
2949 1840 3158 1911 ἀνδρῶν
3203 1842 3443 1913 ἐρημίαν
3485 1844 3759 1917 μεταϐληυ

2177 1931 2383 2002 θείσης.

2249 2065 2266 2098 ι
2308 2045 2418 2100 Καὶ
2439 2044 2590 2099 ἔσται
2614 2045 2671 2101 έν
2698 2046 2765 2117 τῇ
2794 2044 2979 2116 ἡμέρᾳ
3003 2045 3208 2117 ἐκείνῃ,
3235 2047 3345 2111 πᾶς
3370 2047 3533 2113 τόπος
3562 2041 3625 2103 οὗ
3657 2050 3757 2103 ἐὰν

2173 2131 2275 2190 ὦσι
2303 2137 2471 2208 χίλιαι
2502 2137 2758 2208 ἄμπελοι,
2801 2136 2987 2207 χιλίων
3015 2137 3236 2203 σίκλων,
3270 2141 3351 2203 είς
3386 2141 3580 2210 χέρσον
3604 2140 3760 2196 {aov-

2173 2247 2263 2284 ται
2296 2230 2389 2283 καὶ
2417 2230 2497 2294 είς
2538 2230 2800 2285 ἄκανθαν.
2858 2247 2877 2280 ι
2934 2230 3139 2284 Οὐκοῦν
3169 2231 3258 2285 διά
3301 2232 3364 2285 τὸ
3398 2233 3590 2305 χέρσον
3614 2231 3756 2291 εἶναι

2173 2322 2271 2391 τὴν
2298 2322 2403 2391 γῆν
2447 2321 2538 2374 καὶ
2563 2319 2814 2374 ἀκανθῶν
2871 2319 3076 2392 πλήρη,
3120 2325 3266 2377 σῖτον
3292 2324 3391 2394 οὐχ
3420 2324 3531 2388 ἕξει
3563 2342 3577 2356 ο
3627 2325 3754 2380 οὐδὲ

2174 2415 2513 2485 τραφήσεται
2546 2414 2611 2483 τῇ
2661 2412 2803 2467 κατὰ
2834 2413 2995 2482 φύσιν
3034 2413 3318 2487 ἄνθρωπος
3364 2419 3539 2488 τροφῇ
3592 2435 3756 2490 περι-

2174 2506 2437 2577 λειφθεὶς,
2490 2506 2605 2561 ἀλλ’
2635 2505 2757 2559 οὐδὲ
2790 2506 2917 2578 οἴνῳ
2961 2509 3221 2578 χρήσεται
3248 2548 3263 2572 ,
3310 2507 3542 2577 γάλακτι
3569 2509 3624 2562 δὲ
3658 2510 3757 2564 καὶ

2176 2599 2444 2672 βουτύρῳ,
2479 2601 2574 2654 καὶ
2606 2598 2821 2670 μέλιτι·
2858 2599 2954 2652 καὶ
2989 2598 3221 2665 τούτοις,
3251 2601 3351 2654 οὐκ
3379 2601 3487 2655 ἀπὺ
3512 2602 3754 2673 πλήθους

2173 2692 2372 2763 ἀγέλης
2405 2690 2561 2761 βοῶν,
2607 2690 2716 2744 οὐδ’
2742 2691 2850 2745 άπὸ
2895 2690 3161 2761 ποιμνίων
3196 2692 3483 2763 προϐάτων
3522 2710 3756 2762 συναγο-

2177 2785 2379 2855 μένοις,
2423 2784 2539 2838 ἀλλ’
2562 2783 2621 2847 ἐξ
2651 2782 2886 2836 εὐτελῶν
2925 2782 3019 2835 καὶ
3057 2782 3292 2855 οἰκτρῶν
3327 2783 3503 2848 ζώων.
3558 2786 3617 2839 '0
3651 2787 3754 2857 μὲν

2172 2879 2281 2950 γάρ
2311 2895 2395 2942 τις
2427 2876 2533 2930 ἀπὸ
2564 2878 2693 2947 μιᾶς
2725 2874 3030 2946 δαμάλεως,
3057 2876 3085 2928 ό
3122 2874 3179 2928 δὲ
3204 2876 3312 2930 ἀπὸ
3339 2876 3433 2930 δύο
3462 2876 3753 2948 προϐάτων

2173 2972 2456 3043 ποιήσεται
2483 2968 2678 3022 ταῦτα.

2252 3104 2269 3135 ί
2312 3083 2425 3137 Καὶ
2473 3083 2579 3135 πᾶν
2630 3082 2755 3153 ὅρος
2805 3080 3208 3154 ήροτριωμένον
3258 3080 3749 3153 ἀροτριωθήσεται,

491 3197 598 3233 non
631 3180 807 3234 veniet
836 3178 963 3234 illuc
998 3179 1200 3233 timor:
1234 3180 1342 3234 erit
1382 3178 1527 3232 enim
1574 3193 1603 3230 a
1638 3177 1853 3234 deserto
1881 3189 1935 3234 et
1962 3181 2065 3249 spi-

2174 3177 2267 3231 καὶ
2314 3176 2374 3229 οὐ
2441 3175 2515 3246 μὴ
2574 3173 2778 3245 ἐπέλθῃ
2835 3176 2953 3229 ἐκεῖ
3000 3173 3165 3243 φόϐος
3205 3190 3218 3204 ·
3280 3174 3434 3228 ἔσται
3484 3174 3593 3247 γὰρ
3640 3175 3754 3230 άπὸ

491 3271 577 3324 nis
608 3268 661 3322 in
692 3283 891 3339 pascua
926 3267 1059 3325 ovis.
1099 3287 1118 3319 ι

1078 3375 1308 3434 CAPUT
1342 3374 1476 3431 VIII.

559 3494 728 3550 Vens.
763 3496 813 3549 l.
850 3513 868 3547 ι
911 3494 978 3548 Et
1001 3494 1136 3547 dixit
1168 3492 1427 3548 Dominus
1466 3494 1533 3548 ad
1580 3507 1701 3558 me,
1750 3490 1916 3549 Sume
1965 3493 2063 3547 tibi

486 3587 685 3642 librum
718 3602 915 3641 novum
944 3587 1204 3655 grandem
1240 3604 1253 3641 :
1280 3595 1333 3639 et
1382 3586 1559 3640 scribe
1589 3585 1641 3639 in
1684 3584 1776 3639 illo
1802 3585 1939 3656 style
1965 3585 2061 3638 ho-

488 3680 669 3733 minis.
709 3696 726 3729 ι
758 3677 1050 3747 Postquam
1084 3664 1243 3728 linem
1294 3675 1548 3728 narrandi
1592 3673 1719 3727 fecit
1761 3687 1823 3728 ea
1863 3687 1982 3742 qua:
2008 3672 2059 3725 in

488 3770 800 3826 memoratis
822 3770 1012 3824 diebus
1039 3768 1220 3821 futura
1253 3776 1401 3831 sunt,
1437 3765 1812 3821 narrationem
1850 3766 1915 3820 de
1938 3778 2059 3818 ortu

487 3859 859 3917 Ennnanuelis
892 3858 1135 3912 resumit.
1161 3858 1334 3925 Super
1357 3871 1462 3925 quo
1499 3855 1682 3911 domui
1715 3854 1883 3908 David
1921 3868 2059 3922 prae-

485 3967 698 4022 ceptum
733 3961 891 4016 erat,
920 3961 979 4005 ut
1014 3949 1396 4005 incantationis
1434 3948 1551 4004 loco
1573 3946 1936 4003 Emtnanuelis
1964 3960 2060 3999 no-

484 4063 607 4099 men
658 4047 972 4109 invocaret;
1019 4043 1179 4110 idque
1221 4056 1342 4095 cum
1394 4056 1489 4109 spe
1538 4056 1601 4095 ac
1651 4039 1843 4093 ﬁducia
1871 4076 1885 4101 ,
1917 4037 2059 4107 quod

482 4138 599 4208 ejus
629 4151 729 4207 ope
767 4136 833 4191 ab
866 4135 1278 4191 imminentibus
1312 4135 1521 4189 duobus
1553 4131 1776 4202 regibus
1816 4130 2057 4184 liberan-

482 4231 549 4283 da
579 4230 669 4284 sit.
698 4227 834 4295 Quia
877 4242 1005 4282 vero
1047 4228 1230 4283 docuit
1260 4226 1667 4281 Emmanuelem
1714 4223 1866 4276 illum
1896 4262 1911 4285 ,
1943 4232 2061 4275 stu-

484 4322 714 4390 pendatn
738 4329 793 4374 et
820 4319 887 4373 ab
911 4320 1145 4373 humana
1174 4329 1366 4373 natura
1397 4318 1627 4372 alienam
1655 4315 2057 4387 generationem

485 4413 794 4466 habiturum
833 4425 951 4467 esse
983 4427 998 4463 :
1031 4425 1156 4464 nam
1186 4426 1248 4465 ex
1278 4412 1590 4477 incorrupta
1618 4406 1793 4476 puella
1824 4446 1839 4470 ,
1869 4416 1926 4460 et
1950 4407 2053 4458 vir.

487 4502 611 4568 gine
638 4498 840 4567 nuptiis
866 4510 1087 4570 experte
1117 4502 1428 4554 nasciturus
1467 4505 1579 4552 erat
1603 4514 1619 4562 ;
1643 4496 1931 4550 admodum
1964 4511 2060 4550 ne-

485 4595 725 4647 cessario
756 4593 1015 4649 Dominus
1038 4634 1053 4659 ,
1098 4594 1188 4647 hic
1213 4635 1229 4659 ,
1274 4608 1378 4647 non
1412 4593 1591 4647 Achaz
1617 4632 1633 4656 ,
1671 4604 1844 4660 neque
1873 4590 2053 4643 domui

482 4684 653 4752 Juilm,
678 4687 773 4740 sed
811 4685 909 4753 ipsi
940 4684 1037 4739 soli
1069 4686 1363 4754 prophetae,
1398 4681 1718 4751 mysterium
1755 4681 1935 4733 arcani
1962 4694 2056 4733 or-

480 4789 566 4831 tus
592 4778 958 4831 Emmanuelis
987 4777 1190 4831 revelat
1227 4791 1242 4827 :
1279 4774 1548 4842 quomodo
1576 4771 1783 4826 scilicet
1816 4770 2053 4825 futurum

481 4872 553 4925 sit
589 4879 647 4922 ut
677 4870 826 4941 virgo
886 4870 940 4923 in
981 4878 1134 4923 utero
1178 4866 1453 4934 concipiat
1483 4873 1537 4919 et
1566 4864 1741 4932 pariat
1767 4862 1951 4916 lilium.
1990 4863 2054 4917 Ut

480 4960 659 5028 itaque
692 4976 753 5013 ca
784 4974 903 5028 qua:
937 4959 1002 5012 ad
1034 4956 1438 5011 Emmanuelem
1471 4954 1815 5021 spectabant,
1847 4969 1950 5007 non
1983 4953 2050 5006 ad

478 5053 719 5106 ninnium
755 5066 917 5105 aures
964 5055 1366 5119 spargerentur,
1418 5046 1511 5100 sed
1549 5044 1728 5113 potius
1768 5046 1820 5098 in
1856 5059 2055 5101 arcana

480 5146 713 5215 quadam
767 5144 1032 5213 scriptura
1087 5148 1477 5201 servarentur,
1532 5138 1687 5206 jubet
1739 5139 2053 5207 prophetam

482 5239 581 5292 sibi
614 5251 829 5294 sumere
860 5246 1063 5290 tomum
1100 5246 1299 5285 novum
1338 5238 1392 5283 et
1421 5246 1674 5301 magnum
1705 5270 1719 5293 ,
1753 5232 1864 5284 sive
1886 5270 1901 5295 ,
1946 5248 1963 5279 ι
2002 5229 2056 5282 Ii-

482 5330 637 5385 brum
664 5374 678 5395 ,
740 5348 759 5383 ι
794 5344 888 5384 seu
915 5370 930 5393 ,
968 5346 986 5378 ‹
1041 5324 1409 5378 membranam
1440 5364 1454 5388 ,
1497 5342 1515 5375 ι
1551 5338 1645 5377 seu
1682 5341 1701 5376 ι
1745 5323 1991 5377 volumen
2031 5340 2051 5373 ι

482 5424 778 5478 secundum
830 5420 1115 5487 reliquos,
1166 5433 1185 5467 ‹
1246 5416 1390 5486 stylo
1429 5416 1705 5483 hominis,
1760 5436 1778 5469 ι
1834 5417 1884 5470 id
1931 5424 2052 5481 est,

480 5526 738 5570 consueta
786 5522 839 5565 et
890 5519 1013 5564 nota
1067 5508 1377 5563 hominibus
1422 5509 1734 5577 scriptura:
1768 5520 1847 5563 est
1894 5508 2053 5576 quip-

480 5622 547 5675 pe
578 5606 682 5660 alia
718 5602 810 5657 Dei
858 5602 1137 5671 Scriptura
1187 5618 1292 5657 non
1343 5603 1484 5672 stylo
1511 5602 1746 5658 hominis
1790 5610 2011 5656 exarata
2038 5638 2052 5662 ,

483 5700 579 5753 sed
611 5700 808 5751 virtute
841 5696 929 5751 Dei
964 5696 1149 5763 Verhi,
1184 5712 1288 5767 qua
1323 5678 1516 5767 dignos
1550 5695 1603 5752 in
1643 5696 1782 5752 libro
1811 5696 1933 5748 vitae
1963 5694 2055 5748 dc-

488 5790 693 5844 Scribi-1.

2166 3273 2264 3342 τῆς
2302 3270 2499 3341 χέρσου
2530 3268 2623 3321 καὶ
2656 3267 2897 3339 ἀκάνθης
2928 3269 3008 3331 εἰς
3042 3267 3292 3340 βόσκημα
3320 3266 3613 3339 προϐάτου.
3657 3286 3675 3319 ι

2690 3381 3083 3436 ΚΕΦΑΛΑῙΟΝ
3135 3384 3218 3437 Η’.

2241 3515 2259 3545 ι
2293 3496 2402 3548 Καὶ
2454 3490 2575 3547 εἷπε
2608 3492 2812 3566 Κύριος
2844 3496 2979 3566 πρὸς
3014 3494 3105 3566 μὲ,
3151 3496 3301 3550 Λάϐε
3342 3495 3553 3568 σεαυτῷ
3585 3498 3753 3569 τόμον

2164 3588 2346 3641 καινὸν
2377 3587 2571 3656 μέγαν,
2601 3587 2695 3640 καὶ
2718 3586 2924 3656 γράψον
2964 3590 3043 3651 είς
3087 3587 3247 3640 αὐτὸν
3276 3587 3502 3658 γραφίδι
3540 3588 3753 3659 ἀνθρώ-

2164 3698 2285 3734 που.
2320 3700 2338 3732 ι
2367 3678 2693 3742 Συντελέσας
2718 3679 2746 3732 ό
2773 3678 2928 3747 λόγος
2961 3679 3028 3733 τὰ
3052 3679 3391 3750 γενησόμενα
3416 3682 3474 3734 ὲν
3509 3678 3629 3745 ταῖς
3653 3699 3749 3734 κα-

2161 3769 2532 3839 ταλεχθείσαις
2572 3768 2839 3840 ἡμέραις,
2883 3768 3328 3840 ὲπαναλαμϐάνει
3357 3770 3456 3843 τὴν
3497 3770 3751 3843 διήγησιν

2161 3860 2257 3932 τὴν
2287 3860 2414 3929 περὶ
2437 3860 2538 3930 τῆς
2565 3859 2869 3928 γεννήσεως
2896 3858 2990 3911 τοῦ
3010 3858 3397 3930 *Ἐμμανουήλ*
3425 3860 3553 3931 περ)⁵
3583 3852 3644 3913 οὗ
3668 3861 3752 3933 τῷ

2162 3953 2295 4022 οἴκῳ
2346 3950 2509 4017 Δαυῒδ
2553 3949 2950 4022 παρεκελεύετο
2979 3951 3099 4005 ἀντὶ
3138 3950 3352 4021 ἐπῳδῆς
3382 3951 3444 4003 τὸ
3479 3951 3574 4005 τοῦ
3622 3953 3751 4023 Ἐμ-

2165 4044 2402 4116 μανουὴλ
2455 4042 2830 4098 ἐπικαλεῖσθαι
2875 4042 3082 4113 ὄνομα.
3129 4042 3459 4113 θαρσοῦντος
3505 4043 3600 4097 καὶ
3658 4061 3749 4097 πι-

2164 4135 2440 4199 στεύοντος
2463 4135 2529 4188 δι’
2556 4133 2720 4188 αὑτοῦ
2751 4134 3092 4204 σωθήσεσθαι
3122 4134 3229 4187 ἀπὸ
3252 4134 3361 4188 τῶν
3387 4134 3747 4206 ἐπικειμένων

2162 4229 2343 4293 αὐτοῖς
2367 4228 2460 4281 δύο
2502 4227 2783 4298 βασιλέων.
2841 4226 3056 4298 Ἐπειδὴ
3084 4228 3142 4281 δὲ
3167 4227 3373 4292 ἐδίδαξε
3409 4228 3498 4281 τὸν
3538 4229 3751 4298 Ἐμμα-

2161 4320 2324 4392 νουὴλ
2352 4320 2510 4390 ξένην
2542 4319 2664 4374 τινὰ
2696 4319 2791 4373 καὶ
2839 4319 3125 4391 ἀλλοτρίαν
3168 4320 3268 4389 τῆς
3301 4319 3499 4390 θνητῆς
3532 4318 3747 4389 φύσεως

2161 4412 2302 4477 ἕξειν
2328 4414 2599 4484 γέννησιν·
2650 4412 2710 4477 ἐξ
2747 4412 3077 4485 ἀδιαφθόρου
3123 4411 3233 4483 γὰρ
3276 4411 3513 4475 νεάνιδος
3558 4411 3654 4465 καὶ
3684 4410 3750 4476 ἐξ

2162 4506 2532 4577 ἀπειρογάμου
2583 4503 2853 4574 παρθένου
2897 4501 3273 4575 τεχθήσεσθαι.
3316 4503 3520 4573 σφόδρα
3578 4504 3748 4572 ἀναγο

2164 4598 2336 4663 καίως
2368 4600 2425 4651 ὲν
2450 4597 2658 4660 τούτοις
2690 4597 2872 4660 αὐτοῖς
2897 4596 2925 4648 ὁ
2952 4595 3175 4667 Κύριος,
3200 4595 3301 4649 οὐκ
3333 4593 3412 4647 ἔτι
3434 4593 3513 4664 τῷ
3556 4595 3743 4665 Ἀχὰζ,

2163 4689 2287 4742 οὐδὲ
2320 4688 2397 4759 τῷ
2425 4688 2559 4758 οἴκῳ
2614 4687 2804 4751 Ἰούδα,
2863 4686 2978 4740 ἀλλ’
3019 4684 3167 4757 αύτῷ
3195 4685 3339 4756 μόνῳ
3366 4684 3444 4753 τῷ
3489 4687 3749 4761 προφήτῃ

2160 4784 2222 4835 τὸ
2246 4782 2540 4853 μυστήριον
2566 4780 2939 4836 ἀποκαλύπτει
2967 4780 3065 4850 τῆς
3099 4778 3408 4852 ἀπορρήτου
3437 4778 3747 4848 γεννήσεως

2160 4872 2251 4926 τοῦ
2286 4871 2647 4943 Ἐμμανουήλ·
2670 4872 2818 4934 ὅπως
2841 4872 2874 4941 ή
2900 4869 3167 4940 παρθένος
3191 4872 3247 4922 ὲν
3273 4869 3469 4940 γαστρὶ
3494 4868 3746 4940 λήψεται,

2159 4965 2253 5018 καὶ
2280 4964 2491 5031 τέξεται
2513 4964 2649 5017 υἱόν.
2682 4961 2776 5017 "Iv‘
2809 4960 2902 5017 οὖν
2924 4963 2995 5016 τὰ
3022 4962 3150 5033 περὶ
3178 4960 3272 5014 τοῦ
3288 4960 3635 5032 Ἐμμανουήλ
3669 4961 3748 5032 μὴ

2156 5056 2235 5117 εἰς
2268 5054 2367 5118 τὰς
2402 5055 2617 5109 πάντων
2659 5052 2827 5117 ἀκοάς
2864 5052 2972 5107 τῶν
3005 5068 3136 5105 ποτε
3169 5050 3413 5123 χωρήσῃ,
3445 5048 3743 5120 φυλαχθείη

2156 5146 2212 5199 δὲ
2250 5146 2450 5217 μᾶλλον
2495 5148 2553 5200 ἐν
2598 5147 2894 5218 ἀπορρήτῳ
2942 5145 3146 5217 γραφῇ·
3198 5140 3630 5213 παρακελεύεται
3664 5140 3746 5211 τῷ

2159 5240 2413 5310 προφήτῃ
2442 5237 2625 5290 λαϐεῖν
2653 5236 2829 5307 ἑαυτῷ
2871 5236 3034 5305 τόμον
3077 5234 3281 5295 καινὸν,
3306 5233 3514 5303 μέγαν,
3535 5232 3567 5301 ἢ
3591 5230 3747 5283 «τεῦ-

2160 5344 2273 5398 χος,
2287 5327 2347 5397 »ἦ
2370 5327 2736 5399 ιδιφθέρωμα,
2750 5347 2767 5379 ι
2786 5327 2818 5398 ἢ
2840 5325 3151 5396 ικεφαλίδα,
3166 5344 3183 5376 ι
3205 5323 3479 5386 κατάτοὺς
3497 5321 3743 5385 λοιπούςο

2166 5441 2183 5470 ι
2214 5420 2436 5491 γραφίδι
2462 5419 2771 5490 ἀνθρώπου,
2798 5438 2815 5470 ›
2842 5417 3107 5481 τουτέστι,
3139 5419 3205 5487 τῇ
3236 5414 3453 5491 συνήθει
3486 5414 3580 5466 καὶ
3601 5431 3746 5483 -γνω-

2163 5510 2418 5584 ριζομένῃ
2467 5509 2774 5581 ἀνθρώποις
2816 5512 3019 5583 γραφῇ”
3050 5504 3186 5562 εἶναι.
3237 5506 3343 5579 γάρ
3397 5504 3563 5577 ἀλλην
3605 5506 3745 5560 Θεοῦ

2160 5603 2400 5675 Γραφὴν,
2457 5604 2519 5656 οὐ
2564 5603 2785 5674 γραφίδι
2837 5599 3124 5675 ἀνθρώπου
3180 5598 3555 5669 γραφομένην,
3604 5599 3748 5653 ἀλλὰ

2159 5696 2385 5766 δυνάμει
2414 5694 2549 5747 Θεοῦ
2578 5694 2768 5761 Λόγου,
2811 5696 2932 5756 τοὺς
2976 5688 3155 5760 ἀξίους
3196 5691 3654 5763 ἀπογραφομένην
3684 5694 3743 5742 ἐν

2166 5790 2331 5849 ϐίϐλῳ
2359 5788 2588 5851 ζώντων.
