3968 6496
310 335 404 390 ιιι

1217 333 1716 390 COMMENTARIA
1751 334 1817 390 IN
1846 336 2111 393 'lSAlAM.
2146 373 2215 381 —
2249 341 2402 399 CAP.
2445 343 2579 402 Vill.

3433 354 3538 409 142

382 466 403 498 ι
442 418 553 499 καὶ
582 443 885 516 προσῆλθον
931 442 1068 518 πρὸς
1111 444 1207 512 τὴν
1241 447 1530 518 προφῆτιν,
1562 448 1655 500 καὶ
1694 447 1863 501 ἐτεκεη

2053 449 2216 508 Vens.
2243 455 2296 508 3.
2345 473 2365 507 ι
2402 454 2469 510 Ει
2491 458 2696 513 accessi
2736 461 2805 515 ad
2834 460 3228 531 prophetissam
3254 502 3272 527 ,
3302 473 3356 519 et
3381 480 3539 536 pepe-

305 537 440 591 υιόν.
471 536 583 591 Καὶ
615 531 734 589 εἶπέ
781 553 871 606 μοι
910 535 1143 606 Κύριος·
1174 536 1421 590 Κάλεσον
1463 537 1524 590 τὸ
1574 538 1746 610 ὄνομα
1784 539 1882 593 αύ-

301 630 419 694 τοῦ,
450 630 664 701 ταχέως
688 627 1002 693 σκύλευσον,
1028 629 1190 694 ὀξέως
1214 630 1600 701 προνόμευσον.
1638 650 1658 682 ι
1703 633 1880 686 Ἐπεί-

300 738 409 795 ⁸περ
437 723 656 793 εἴρηται
684 720 970 793 ἀνωτέρω,
1014 740 1033 774 ι
1083 722 1213 775 Ἰδοὺ
1243 724 1275 793 ἡ
1313 721 1578 793 παρθένος
1599 724 1658 775 ἐν
1682 725 1879 795 γαστρὶ

298 817 551 889 λήψεται,
569 816 662 869 καὶ⁵
686 813 901 879 τέξεται
924 814 1059 877 υἱὸν,
1086 832 1105 867 ι
1145 815 1456 884 ἀναγκαίως
1488 816 1581 869 ἐπὶ
1604 815 1697 869 τοῦ
1734 834 1876 889 παρ-

295 909 474 971 ὄντος,
533 907 652 971 πῶς
698 907 767 960 ἂν
800 906 1013 975 γένοιτο
1056 905 1213 959 τοῦτο
1243 906 1492 976 διασαφεῖ
1517 908 1681 971 αὐτὸς
1714 910 1743 961 6
1773 908 1877 961 Κύ-

297 1017 416 1071 ριος
445 999 618 1067 λέγων
640 1015 665 1047 ’ν
692 1018 711 1051 ι
748 999 857 1051 Καὶ
889 997 1191 1069 προσῆλθον
1234 997 1370 1069 πρὸς
1403 998 1501 1069 τὴν
1530 998 1820 1069 προφῆτιν·
1850 1018 1868 1051 ι

293 1090 421 1144 ἀντὶ
450 1090 581 1154 τοῦ,
622 1089 764 1159 Ἐγὼ
783 1090 943 1153 αὐτὸς
986 1089 1415 1161 προσελεύσομαι
1452 1092 1519 1162 τῇ
1564 1091 1869 1162 προφήτιδι.

296 1183 576 1254 Προφῆτιν
608 1181 719 1254 γὰρ
748 1181 1003 1253 ὀνομάζει
1052 1180 1151 1253 τὴν
1188 1180 1280 1235 τὸν
1331 1180 1680 1252 Ἐμμανουὴλ
1725 1184 1873 1249 τεξο-

296 1275 490 1344 μένην,
530 1274 622 1328 διά
646 1272 709 1327 τὺ
743 1273 1061 1344 Πνεύματος
1096 1274 1249 1341 ἁγίου
1300 1276 1585 1344 μετασχεῖν
1611 1274 1751 1328 κατά
1781 1274 1870 1328 τὸν

292 1364 547 1434 φήσαντα
572 1364 709 1436 πρὸς
754 1365 926 1436 αὑτήν
958 1382 973 1394 ·
1008 1385 1026 1416 ι
1074 1365 1298 1436 Πνεῦμα
1336 1365 1491 1433 ἅγιον
1524 1365 1869 1421 ἐπελεύσεται

290 1456 384 1508 ἐπὶ
425 1456 510 1517 σὲ,
540 1456 633 1509 καὶ
659 1455 887 1528 δύναμις
924 1458 1178 1526 Ὑψίστου
1202 1457 1514 1511 ἐπισκιάσει
1539 1474 1641 1511 σοι.
1672 1477 1692 1510 ι
1719 1460 1865 1531 Αὕτη

287 1548 467 1600 τοίνυν
517 1550 549 1619 ἡ
600 1548 825 1620 δύναμις
865 1549 960 1601 τοῦ
1008 1548 1283 1617 Ὑψίστου,
1327 1551 1361 1618 ἡ
1403 1548 1491 1601 διὰ
1530 1548 1629 1618 τῆς
1659 1566 1867 1622 προφη-

284 1640 437 1702 τείας
455 1640 716 1707 λέγουσα,
744 1660 762 1691 ι
790 1641 884 1694 καὶ
911 1640 1216 1711 προσῆλθον
1237 1640 1371 1710 πρὸς
1397 1641 1494 1710 τὴν
1521 1643 1810 1713 προφῆτιν,
1840 1663 1859 1692 ι

1982 542 2055 597 rit
2077 544 2264 599 tilium.
2289 546 2356 602 Et
2390 542 2525 603 dixit
2548 551 2677 605 mihi
2706 552 2985 618 Dominus,
3009 554 3147 611 Voca
3178 573 3371 615 nomen
3397 561 3536 631 ejus,

1979 635 2087 689 cito
2114 636 2281 705 spolia
2313 638 2540 695 detrahe
2562 680 2579 705 ,
2610 646 2887 712 pra-dare,
2916 645 3176 702 velociter
3210 651 3468 717 prtedare.
3512 670 3532 704 ι

1978 724 2114 791 Quia
2160 729 2361 783 dictum
2414 739 2497 787 est
2542 735 2790 801 superius
2817 777 2833 800 ,
2868 754 2889 789 ι
2926 737 3066 794 Ecce
3108 741 3255 796 vit-ao
3295 742 3347 795 iu
3381 754 3541 798 utero

1977 814 2252 884 concipiet
2275 827 2328 872 et
2354 819 2529 887 pariet
2560 822 2750 884 lilium,
2791 818 3153 884 {necessario
3179 832 3228 882 in
3258 833 3535 896 praesenti,

1977 907 2245 973 quomodo
2276 908 2326 963 id
2375 910 2574 966 factum
2625 913 2696 968 sit
2737 915 2973 972 declarat
3015 919 3128 988 ipse
3161 922 3414 976 Dominus
3453 923 3537 979 his

1978 998 2158 1053 verbis
2180 1039 2195 1063 ,
2233 1018 2252 1052 ι
2280 1000 2349 1055 Et
2372 1004 2578 1059 accessi
2608 1006 2673 1059 ad
2701 1009 3132 1077 prophetissam;
3175 1032 3193 1064 ι
3227 1028 3290 1067 ac
3315 1016 3360 1069 si
3388 1016 3536 1072 dice-

1977 1098 2077 1154 ret,
2106 1104 2206 1159 ego
2236 1091 2351 1161 ipse
2380 1094 2434 1148 in
2460 1098 2859 1164 prophetissam
2887 1104 3280 1171 superveniam.
3305 1107 3538 1178 PrOphe-

1978 1180 2159 1236 tissam
2188 1184 2384 1254 quippe
2418 1198 2577 1244 vocat
2602 1204 2719 1244 eam
2746 1231 2761 1256 ,
2796 1208 2917 1262 qua:
2949 1194 3351 1253 Emmanuelcm
3388 1201 3537 1269 pari-

1978 1282 2095 1330 tura
2118 1286 2222 1339 est,
2248 1278 2373 1346 quia
2410 1278 2644 1348 Spiritus
2672 1286 2846 1339 sancti
2873 1287 3144 1357 particeps
3168 1291 3312 1356 erit,
3341 1308 3536 1346 secun-

1972 1366 2099 1420 dum
2133 1367 2342 1423 dictum
2374 1369 2501 1425 illud
2531 1412 2547 1437 ,
2600 1392 2618 1424 r
2668 1375 2904 1445 Spiritus
2929 1390 3150 1437 sanctus
3193 1386 3536 1453 superveniet

1973 1456 2023 1508 in
2060 1466 2132 1522 te,
2159 1465 2214 1513 et
2238 1459 2412 1516 virtus
2452 1462 2716 1519 Altissimi
2748 1467 3093 1526 obumbrabit
3123 1472 3217 1528 tibi
3251 1474 3317 1529 ⁸¹.
3354 1492 3372 1527 ι
3413 1474 3536 1531 llaec

1971 1547 2134 1618 igitur
2164 1549 2332 1606 virtus
2354 1552 2640 1623 Altissimi,
2668 1573 2790 1628 quin
2813 1575 2911 1630 per
2935 1564 3273 1633 prophetiam
3302 1567 3400 1629 ait,
3419 1585 3438 1619 ι
3472 1567 3536 1622 Et

1968 1640 2174 1695 accessi
2195 1643 2260 1696 ad
2278 1644 2695 1714 prophetissam,
2721 1669 2739 1701 ι
2767 1649 2945 1707 futura
2968 1656 3119 1724 quasi
3131 1658 3243 1725 jam
3265 1662 3535 1728 prmterita

283 1732 354 1785 τά
386 1733 654 1803 μέλλοντα
683 1734 759 1797 ὠς
790 1734 892 1805 ἥδη
927 1733 1188 1803 γεγονότα
1215 1733 1549 1804 διεξέρχεται
1580 1734 1721 1788 κατά
1746 1751 1863 1789 τινα

1975 1740 2215 1787 recenset
2268 1736 2561 1795 secundum
2594 1740 2876 1807 quamdam
2909 1746 3277 1814 propheticam
3307 1765 3535 1805 consue-

284 1792 632 1897 upo‘cpqstx'hv
667 1792 967 1897 συᾷήόειὶιᾷ.
1054 1826 1273 1896 Ταχέως
1304 1792 1617 1878 σκύλευσον.
1654 1843 1672 1875 ι
1695 1826 1863 1891 Αὐτὸς

1975 1821 2232 1878 tudinem.
2270 1842 2289 1875 ι
2332 1792 2453 1881 Cito
2476 1792 2652 1898 spolia
2686 1792 3529 1909 deusne:_."t};'i;uu}V;;;i.

280 1914 393 1986 ἄρα
440 1910 532 1985 ἦν,
567 1916 597 1968 6
629 1915 725 1968 καὶ
762 1914 854 1967 τὸν
897 1914 1062 1968 πάλαι
1102 1913 1319 1983 ἰσχυρὸν
1365 1912 1456 1965 τὸν
1498 1909 1740 1963 διάϐολον
1772 1928 1868 1965 κα-

277 2006 544 2077 ταδήσας,
580 2007 675 2058 καὶ
702 2004 769 2058 τὰ
809 2005 981 2058 σκῦλα
1009 2003 1175 2057 αὑτοῦ
1205 2004 1532 2074 διαρπάσας.

357 2116 376 2147 ‹
406 2098 518 2152 Καὶ
559 2097 854 2169 προσέθετο
895 2094 1098 2168 Κύριος
1146 2094 1378 2165 λαλῆσαί
1426 2114 1516 2167 μοι
1548 2095 1628 2150 ἔτι
1670 2096 1861 2167 λέγων,

276 2187 368 2239 διὰ
390 2187 450 2239 τὸ
474 2187 549 2257 μὴ
586 2185 869 2256 βούλεσθαι
904 2185 995 2237 τὸν
1035 2183 1160 2236 λαὸν
1191 2182 1378 2235 τοῦτον
1407 2183 1467 2235 τὸ
1492 2180 1636 2254 ὕδωρ
1656 2183 1749 2237 τοῦ
1779 2185 1864 2237 Σι-

276 2278 458 2349 λωάμ,
491 2278 551 2331 τὸ
602 2278 964 2349 πορευόμενον
998 2275 1201 2347 ήσυχῆ·
1244 2274 1379 2328 ἀλλὰ
1413 2274 1695 2345 βούλεσθαι
1721 2276 1862 2346 ἔχειν

274 2371 369 2423 τὸν
405 2369 681 2436 Ῥαασσὶν,
722 2369 922 2422 καὶτὸν
957 2368 1069 2420 υἱὸν
1109 2365 1404 2437 Ῥωμελίου
1436 2366 1657 2437 βασιλέα
1686 2370 1769 2437 ἐφ’
1803 2369 1862 2422 ύο

277 2463 419 2532 μῶν.
448 2482 469 2513 ι
508 2462 572 2513 Τί
594 2463 651 2515 δὲ
676 2460 830 2514 τοῦτο
870 2456 937 2532 ἦν
963 2460 1026 2513 τὸ
1054 2459 1196 2531 ὕδωρ
1215 2458 1308 2512 τοῦ
1325 2459 1580 2530 Σιλωάμ;
1615 2462 1671 2514 Ὀ
1693 2463 1861 2529 ἐπηγ-

274 2555 538 2624 γελμένος
569 2555 750 2617 αὐτοῖς
793 2553 1156 2624 Ἐμμανουὴλ,
1197 2572 1214 2603 ι
1241 2545 1396 2622 Πηγὴ
1428 2552 1709 2623 τυγχάνων
1735 2551 1861 2607 ὕδα-

272 2666 364 2712 τος
390 2646 687 2717 ἁλλομένου
722 2648 802 2709 εἰς
830 2644 973 2715 ζωὴν
1006 2644 1243 2709 αἰώνιον,
1273 2663 1292 2697 ι
1350 2645 1442 2698 καὶ
1469 2645 1619 2714 πηγὴ
1671 2642 1859 2708 ὕδατος

1966 1913 2058 1982 qui
2089 1914 2239 1970 illum
2272 1918 2403 1972 olim
2440 1928 2710 1989 potentem
2744 1924 3014 1980 diabolqu
3044 1927 3302 1999 alligavit,
3328 1945 3390 1985 ac
3410 1947 3533 2002 spo-

1966 2004 2035 2059 lia
2065 2006 2183 2075 ejus
2210 2008 2454 2079 diripuit.

2036 2095 2199 2153 Vsus.
2250 2099 2304 2166 5,
2353 2099 2408 2156 6.
2444 2118 2463 2153 ι
2503 2101 2572 2157 Et
2619 2104 2814 2174 adjecit
2862 2106 3115 2165 Dominus
3177 2110 3321 2180 loqui
3350 2115 3417 2167 ad
3449 2129 3535 2170 me

1964 2187 2161 2255 adhuc,
2208 2189 2440 2248 dicens:
2474 2192 2610 2260 Quia
2651 2211 2756 2250 non
2810 2198 2921 2253 vult
2947 2200 3180 2269 populus
3226 2202 3314 2258 hic
3335 2219 3531 2274 aquam

1967 2277 2190 2350 Siloam,
2218 2298 2338 2353 quae
2372 2285 2556 2356 quiete
2583 2286 2735 2354 linit;
2769 2291 2863 2345 sed
2911 2294 3024 2347 vult
3073 2294 3273 2350 habere
3304 2296 3531 2354 Raassin

1962 2381 2018 2425 et
2048 2372 2214 2428 filium
2244 2375 2499 2431 Bonneliae
2536 2377 2811 2449 in‘regem
2857 2397 3023 2451 super
3061 2398 3176 2439 vos.
3218 2403 3239 2439 ι
3274 2385 3531 2453 Quaenam

1964 2463 2051 2517 illa
2099 2474 2399 2542 eragaqua
2436 2468 2681 2525 Siloam?
2725 2471 3043 2529 Emmanuel
3097 2475 3189 2531 ille
3236 2479 3534 2549 promissus

1963 2553 2117 2624 ipsis,
2145 2558 2239 2627 qui
2267 2568 2352 2613 est
2404 2576 2421 2611 ι
2459 2561 2581 2616 fons
2618 2577 2773 2633 aquae
2802 2564 3044 2621 salientis
3076 2566 3130 2621 in
3167 2569 3333 2623 vitam
3384 2578 3534 2624 arter-

1966 2660 2112 2710 nam,
2151 2665 2171 2699 »
2205 2656 2259 2702 et
2285 2649 2406 2703 fons
2437 2665 2593 2719 aqua
2620 2650 2834 2708 liuentis
2858 2656 2926 2708 ad
2958 2657 3121 2711 vitam
3160 2658 3366 2728 quiete.
3382 2657 3533 2715 Tunc

1960 2737 2100 2789 enim
2128 2738 2291 2791 etiam
2316 2739 2549 2796 latenter
2569 2750 2625 2797 et
2649 2745 2829 2813 quiete
2859 2746 3138 2803 incedebat
3158 2765 3279 2804 cum
3312 2752 3533 2821 papulo,

1961 2837 2019 2881 ut
2052 2828 2197 2883 illum
2226 2830 2499 2901 irrigaret,
2540 2843 2594 2889 et
2626 2836 2912 2894 animabus
2954 2854 3140 2895 eorum
3172 2844 3533 2912 prospiceret,

271 2741 645 2814 πορευομένου
694 2742 775 2803 εἰς
808 2738 954 2809 ζωὴν
995 2738 1193 2810 ἡσυχῆ.
1232 2739 1352 2790 Ἔτι
1385 2738 1491 2808 γὰρ
1515 2738 1635 2790 τότε
1664 2736 1857 2791 λανθα-

270 2835 474 2896 νόντως
513 2832 608 2885 καὶ
642 2828 861 2902 ἡσύχως
900 2827 1286 2899 συνεπορεύετο
1312 2827 1390 2898 τῷ
1437 2827 1571 2898 λαῷ,
1611 2826 1856 2900 ἀρδεύειν

270 2924 435 2975 αὐτὸν
462 2922 556 2975 xal.
587 2922 903 2973 ἐπισκοπεῖν
929 2917 1247 2989 βουλόμενος
1274 2916 1375 2977 τὰς
1409 2916 1606 2988 ψυχὰς,
1635 2917 1725 2970 καὶ
1755 2934 1858 2989 μη-

1975 2935 2082 2974 :um
2114 2922 2352 2977 nondum
2401 2926 2726 2995 praedicatus
2772 2928 2966 2987 fuisset
2997 2931 3052 2986 in
3094 2947 3281 2989 omnes
3319 2944 3530 3005 gentes.

267 3016 417 3068 δέπω
450 3014 849 3086 κηρυττόμενος
882 3013 960 3074 εἰς
985 3010 1159 3063 πάντα
1196 3010 1262 3062 τὰ
1296 3009 1443 3079 ἔθνη.
1479 3008 1569 3061 Διὸ
1596 3008 1855 3081 κέκληται

1975 3010 2321 3077 Quamobrem
2363 3014 2609 3084 apposite
2636 3029 2859 3073 vocatur
2886 3035 3023 3090 aqua
3069 3021 3253 3091 quiete
3280 3038 3532 3083 manans.

270 3106 568 3180 προσφυῶς
594 3107 654 3158 τὸ
697 3104 863 3177 ὕδωρ,
898 3103 1261 3175 πορευόμενον
1318 3100 1515 3172 ἡσυχῆ,
1552 3101 1647 3155 καὶ

1975 3110 2012 3156 at
2036 3101 2155 3156 fons
2190 3102 2415 3171 Siloam,
2439 3107 2581 3175 quod
2615 3108 2902 3181 signiﬁcat,
2934 3129 2954 3164 ι
2986 3114 3203 3168 missus.
3246 3135 3265 3166 ι
3296 3114 3533 3185 Populus

264 3200 358 3253 τοῦ
386 3199 626 3270 Σιλωάμ,
655 3199 683 3251 ὅ
740 3200 884 3250 ἐστιν
929 3215 947 3247 ι
972 3192 1397 3265 ἀπεσταλμένος.
1425 3212 1443 3245 ι
1490 3193 1547 3246 '0
1580 3193 1636 3246 δὲ
1661 3192 1852 3247 ὲνταῦ-

1975 3202 2140 3248 tutem
2169 3194 2258 3251 hic
2289 3210 2319 3249 a
2358 3197 2586 3253 Domino
2625 3211 2932 3267 accusatus,
2972 3220 3094 3258 cum
3139 3205 3311 3274 jussui
3341 3221 3533 3276 parcre

263 3292 332 3344 Θα
358 3288 832 3361 κατηγορούμενος
867 3286 971 3339 ὑπὸ
1014 3284 1109 3338 τοῦ
1141 3285 1346 3355 Κυρίου
1368 3284 1515 3348 λαὸς,
1549 3284 1608 3337 ού
1663 3283 1853 3353 βουλη-

1975 3291 2013 3336 et
2040 3282 2447 3342 Emmanuelem
2502 3303 2696 3346 vocare
2724 3292 2907 3356 nollet,
2958 3295 3049 3362 qui
3101 3306 3220 3351 erat
3264 3312 3407 3366 aqua
3437 3298 3534 3355 illa

261 3383 377 3446 Θεὶς
401 3382 692 3435 πιστεῦσαι
720 3378 797 3449 τῷ
830 3377 1229 3449 προστάγματι,
1260 3377 1468 3431 καὶτὸν
1503 3376 1852 3447 Ἐμμανουὴλ

1975 3373 2140 3443 ιιιίειε
2175 3391 2422 3444 manans,
2450 3379 2519 3434 ab
2547 3395 2613 3437 eo
2637 3383 2886 3439 desertus
2914 3393 3019 3441 est.
3051 3386 3189 3453 Quia
3228 3388 3409 3457 igitur,
3442 3389 3529 3443 in-

260 3472 468 3535 καλεῖν,
498 3471 557 3535 ὃς
575 3467 642 3541 ἦν
676 3470 820 3539 ὕδωρ
845 3468 906 3520 τὸ
928 3467 1286 3539 πορευόμενον
1311 3466 1506 3537 ἡσυχῆ,
1532 3463 1735 3536 ἔρημος
1760 3466 1849 3517 αὺ-

1975 3464 2146 3523 ideles
2191 3482 2313 3523 cum
2346 3483 2547 3538 essent,
2580 3474 2690 3544 regi
2739 3473 2988 3532 Damasci
3016 3486 3071 3534 et
3119 3479 3231 3549 regi
3263 3478 3529 3537 Samaria)

256 3564 353 3618 τοῦ
375 3566 603 3633 γίνεται.
649 3561 801 3615 Ἐπεὶ
826 3559 1003 3614 τοίνυν
1032 3559 1249 3613 ἄπιστοι
1275 3557 1445 3623 ὄντες,
1476 3556 1706 3627 ἠγάπων
1724 3556 1849 3626 μᾶλ-

1979 3558 2194 3615 nimicis
2222 3560 2337 3615 suis
2366 3577 2488 3617 sese
2534 3564 2807 3634 subjicere
2842 3566 3152 3634 malebant,
3185 3585 3346 3640 quam
3372 3585 3526 3639 jussa

256 3656 346 3710 λον
376 3654 703 3709 ὑποτάττειν
732 3653 956 3715 ἑαυτοὺς
987 3650 1065 3722 τῷ
1096 3648 1306 3721 βασιλεῖ
1349 3647 1662 3720 Δαμασκοῦ,
1689 3648 1721 3719 ἢ
1755 3646 1848 3717 βα-

1975 3652 2210 3721 :xsequi;
2259 3653 2380 3709 ideo
2406 3656 2769 3712 comminatur
2808 3657 3115 3730 Scriptura,
3147 3662 3293 3732 ipsos
3314 3678 3420 3717 non
3461 3664 3527 3720 iis

256 3748 395 3803 σιλεῖ
425 3749 527 3819 τῆς
552 3746 889 3818 Σαμαρείας,
915 3744 1193 3814 πολεμίοις
1213 3738 1382 3805 οὖσιν,
1413 3741 1448 3811 ἢ
1492 3741 1749 3811 πράττειν
1781 3739 1847 3793 τὰ

1975 3742 2196 3796 mbditos
2221 3742 2360 3810 fore,
2393 3746 2486 3801 sed
2516 3746 2629 3817 regi
2653 3748 3021 3819 Assyriorum.

249 3845 659 3916 καελευσμένα
678 3861 691 3875 ·
720 3843 908 3897 τούτου
940 3841 1100 3913 χάριν
1126 3839 1340 3894 ἀπειλεῖ
1365 3840 1393 3893 6
1440 3838 1596 3907 λόγος
1656 3837 1732 3909 μὴ
1769 3837 1996 3902 ἐκείνοις
2049 3839 2246 3905 αὐτοὺς
2298 3843 2636 3915 ὑποχειρίους
2662 3844 2902 3911 ἔσεσθαι,
2935 3846 3071 3901 ἀλλὰ
3094 3846 3171 3919 τῷ
3197 3847 3304 3903 τῶν
3335 3849 3525 3903 Ἀσσυ-

248 3942 385 4014 ρίων
420 3940 647 4012 βασιλεῖ.

323 4057 344 4089 ι
367 4038 468 4091 Διά
501 4037 659 4090 τοῦτο
694 4036 803 4089 ἰδοὺ
829 4035 1020 4105 ἀνάγει
1067 4033 1272 4105 Κύριος
1300 4032 1384 4103 ἐφ’
1420 4030 1564 4102 ὑμᾶς
1598 4029 1660 4083 τὸ
1691 4028 1835 4101 ὓδωρ

240 4129 340 4184 τοῦ
372 4128 642 4200 ποταμοῦ,
674 4128 735 4182 τὸ
771 4128 987 4200 ἰσχυρὸν
1036 4128 1131 4181 καὶ
1180 4126 1243 4180 τὸ
1272 4125 1429 4189 πολὺ,
1475 4123 1565 4177 τὸν
1610 4123 1834 4194 βασιλέα

1975 4137 2136 4191 quam
2190 4121 2450 4189 ﬂuminis,
2500 4122 2697 4179 fortem
2740 4134 2796 4179 et
2833 4125 3081 4192 multam,
3136 4140 3320 4195 regem
3356 4127 3519 4195 Assy-

239 4222 353 4275 τῶν
395 4222 717 4293 Ἀσσυρίων,
760 4222 856 4275 καὶ
882 4221 978 4292 τὴν
1008 4220 1166 4286 δόξαν
1194 4216 1357 4273 αὐτοῦ
1378 4234 1391 4247 ·
1442 4216 1536 4269 καὶ
1562 4214 1830 4286 ἁναὸήσε-

1975 4212 2145 4267 iorum
2174 4224 2232 4267 et
2264 4213 2491 4281 gloriam
2522 4217 2642 4285 ejus
2672 4233 2685 4270 :
2716 4227 2773 4270 et
2798 4217 3055 4272 ascendet
3098 4231 3262 4287 super
3293 4232 3515 4273 omnem

238 4335 333 4371 ται
362 4316 459 4369 ἐπὶ
490 4316 670 4368 πᾶσαν
704 4312 962 4384 φάραγγα
988 4310 1165 4382 ὑμῶν,
1203 4310 1297 4363 καὶ
1330 4306 1692 4379 περιπατήσει
1738 4305 1834 4357 ἐπὶ

1975 4306 2131 4360 allem
2163 4318 2422 4373 vestram,
2455 4318 2510 4363 et
2537 4308 2839 4365 ambulabit
2860 4324 3024 4379 super
3047 4325 3264 4365 onmem
3300 4325 3515 4365 murum

580 4364 762 4477 ύμῶν,
785 4364 1116 4473 ικαὶιάφελεῖ
1148 4403 1255 4455 ἀπὸ
1299 4364 1414 4472 τῆς⁸
1448 4364 1704 4462 Ἰουδαίας
1737 4397 1830 4451 ἄν·

1975 4406 2201 4462 astrum,
2229 4406 2284 4452 et
2313 4397 2523 4453 auferet
2557 4415 2585 4452 a
2611 4398 2797 4454 Judma
2829 4364 3126 4456 hominem.
3158 4420 3179 4454 ι
3211 4401 3294 4456 Ad
3321 4401 3515 4455 discri-

236 4501 481 4573 θρωπον.
507 4516 525 4549 ι
556 4497 701 4567 Πρὸς
727 4494 1132 4564 ἀντιδιαστολὴν
1150 4492 1260 4563 γὰρ
1284 4490 1377 4543 τοῦ
1414 4488 1606 4551 ὓδατος
1636 4487 1728 4542 τοῦ
1756 4489 1837 4541 Σι-

1975 4504 2060 4543 ten
2093 4503 2249 4559 aqua;
2287 4488 2514 4555 Siloam,
2549 4491 2734 4561 quiete
2761 4492 3053 4557 manantis,
3092 4507 3290 4563 aquam
3329 4490 3510 4547 ﬂumi-

233 4590 399 4660 λωάμ
426 4587 522 4642 τοῦ
552 4587 921 4660 πορευομένου
958 4585 1154 4657 ἡσυχῆ,
1188 4583 1248 4636 τὸ
1276 4582 1421 4653 ὓδωρ
1451 4579 1713 4650 ἀντέθηκε
1739 4578 1831 4632 τοῦ

1976 4583 2021 4637 is
2049 4582 2241 4638 fortem
2275 4594 2331 4637 et
2376 4585 2598 4637 multam
2626 4585 2879 4654 Opposuit
2911 4600 2926 4635 :
2960 4600 3080 4654 qua:
3130 4593 3249 4639 erat
3290 4598 3385 4639 rex
3409 4584 3511 4639 As-

235 4684 510 4754 ποταμοῦ,
542 4682 604 4735 τὸ
631 4680 845 4753 ἰσχυρὸν
872 4678 967 4733 καὶ
986 4678 1047 4731 τὸ
1076 4675 1238 4730 πολύ’
1268 4671 1336 4746 ἦν
1362 4674 1421 4727 δὲ
1447 4667 1599 4736 οὗτος
1625 4674 1654 4725 6
1687 4671 1834 4742 βασι-

1975 4674 2226 4743 yriorum.
2254 4674 2484 4729 Tantam
2510 4674 2656 4729 enim
2687 4675 2921 4730 hostium
2947 4675 3347 4731 multitudinem
3374 4691 3507 4730 ven-

230 4778 357 4841 λεὺς
386 4776 498 4829 τῶν
540 4774 862 4844 Ἀσσυρίων.
893 4771 1155 4825 Τοσοῦτον
1185 4769 1293 4839 γάρ
1317 4765 1520 4837 πλῆθος
1544 4765 1694 4836 ἥξειν
1722 4764 1831 4817 τῶν

1975 4783 2109 4820 iram
2141 4766 2496 4831 vaticinatur,
2536 4777 2592 4818 ut
2619 4780 2837 4822 omnem
2872 4765 3114 4823 Iudaica
3143 4767 3380 4839 regionis
3429 4766 3507 4820 la-

230 4870 513 4941 πιολεμίων
543 4865 810 4931 θεσπίζει,
842 4866 916 4930 ὡς
952 4866 1060 4917 πᾶν
1075 4864 1136 4916 τὸ
1166 4862 1367 4924 πλάτος
1396 4860 1498 4929 τῆς
1536 4857 1829 4927 Ἰουδαϊκῆς

1978 4861 2214 4915 tudinem
2267 4860 2510 4931 impleat,
2561 4871 2617 4916 ct
2655 4861 2723 4917 ab
2775 4877 2838 4916 ea
2882 4860 3165 4916 auferatur
3195 4861 3378 4925 homo,
3412 4861 3505 4929 qui

229 4964 417 5039 χώρας
447 4962 778 5035 πληρώσειν,
803 4956 1167 5029 ἀφαιρεθῆναι
1194 4955 1251 5009 δὲ
1288 4953 1375 5007 ἀπ’
1414 4951 1581 5021 αὐτῆς
1613 4948 1825 5020 ἄνθρω-

1975 4953 2100 5005 ρεείι
2124 4960 2288 5021 caput
2313 4951 2600 5017 extollere,
2639 4962 2734 5008 aut
2759 4951 3036 5022 quidpiam
3085 4952 3349 5022 perficere
3384 4967 3398 5003 :
3431 4951 3501 5004 ita

231 5074 353 5120 πον,
390 5055 450 5119 ὃς
480 5055 766 5126 δυνήσεται
810 5050 1049 5121 κεφαλὴν
1081 5045 1232 5119 ἆραι,
1261 5047 1293 5117 ἢ
1327 5043 1550 5097 δυνατὸν
1577 5040 1824 5094 συντελέ-

1975 5051 1985 5092 ι
2024 5040 2278 5109 deinceps
2307 5040 2381 5093 illi
2417 5052 2582 5110 caput
2605 5057 2713 5098 non
2740 5044 2997 5107 habeant,
3029 5042 3080 5096 id
3116 5051 3203 5096 est
3231 5039 3505 5110 principes

232 5148 431 5203 σασθαί
456 5165 542 5200 τι·
587 5146 662 5210 ὼς
694 5144 889 5217 μηκέτι
920 5139 1159 5210 κεφαλὴν
1195 5139 1389 5199 αὐτοὺς
1413 5136 1555 5205 ἔχειν
1589 5132 1683 5186 τοῦ
1717 5131 1825 5185 λοι-

1975 5171 1981 5183 .
2011 5146 2182 5218 reges.
2214 5131 2347 5198 Quae
2387 5134 2565 5202 reipsa
2601 5144 2899 5189 evenerunt
2930 5132 3175 5189 Jeremize
3228 5131 3513 5201 prophetat.

230 5240 355 5301 ποῦ,
390 5237 689 5297 τουτέστιν,
721 5236 984 5305 ἄρχοντας
1007 5231 1099 5283 καὶ
1130 5228 1402 5300 βασιλέας.
1432 5228 1610 5294 ”Δπερ
1639 5223 1705 5276 δι’
1728 5222 1818 5292 ἔρ-

1975 5238 2188 5292 mpore,
2219 5239 2330 5293 quo
2371 5224 2682 5294 irrumpens
2714 5224 3215 5281 Nabuchodonosor
3264 5237 3357 5277 rex
3402 5222 3504 5277 As-

226 5347 338 5399 γων
364 5326 564 5399 ἐχώρει
597 5327 689 5380 ἐπὶ
720 5324 830 5378 τῶν
868 5323 1129 5394 Ἰερεμίου
1162 5319 1255 5374 τοῦ
1283 5318 1560 5390 προφήτου
1584 5315 1811 5386 χρόνων,

1975 5314 2220 5381 'riorum,
2252 5316 2635 5385 praenuntiatis
2664 5317 2826 5372 linem
2861 5312 3138 5383 imposuit.

225 5421 347 5476 καθ’
386 5420 483 5484 οὓς
514 5419 741 5481 ἐπιστάς
779 5413 1249 5485 Ναὸουχοδονόσορ
1290 5414 1320 5465 6
1359 5410 1464 5463 τῶν
1515 5407 1815 5478 Ἀσσυρίων

227 5514 503 5589 βασιλεὺς,
526 5512 679 5575 τέλος
708 5500 881 5581 ἐπῆγε
913 5511 1027 5571 τοῖς
1049 5504 1488 5601 προειρημένοις·
1566 5596 1579 5601 _
1680 5594 1706 5601 _
2214 5592 2226 5601 _
2469 5592 2479 5601 ,
2639 5591 2651 5601 ,
2836 5588 2905 5601 _.
3006 5588 3019 5601 .
3334 5589 3362 5601 ..

296 5630 313 5661 ι
344 5610 452 5662 Καὶ
502 5607 657 5660 ἔσται
688 5608 724 5679 ἡ
774 5601 1094 5679 παρεμϐολὴ
1125 5592 1310 5666 αὐτοῦ,
1355 5598 1492 5651 ὥστε
1525 5594 1814 5667 πληρῶσαι

2000 5608 2018 5642 ι
2056 5590 2120 5647 Et
2147 5592 2257 5649 erit
2297 5592 2575 5649 exercitus
2603 5591 2747 5660 ejus,
2794 5598 2851 5645 ut
2892 5588 3114 5658 impleat
3157 5589 3496 5653 latitudinem

223 5800 266 5831 ι·
292 5799 419 5853 Luc.
454 5813 494 5867 ι,
523 5798 609 5852 5.5.

2016 4028 2178 4084 Vens.
2210 4029 2265 4094 7,
2294 4030 2350 4086 8.
2380 4030 2502 4087 Ideo
2523 4045 2649 4087 ecce
2679 4032 2901 4089 reducet
2936 4033 3197 4090 Dominus
3223 4048 3389 4104 super
3425 4051 3523 4091 vos
3624 4026 3635 4045 ’
