3968 6508
465 343 569 401 145

1130 339 1393 398 EUSEBII
1430 340 1908 398 CAESARIENSIS
1946 341 2097 397 OPP.
2140 341 2321 398 PARS
2358 341 2447 398 Ill.
2488 372 2555 386 —
2595 341 3010 399 EXEGETICA.

3608 341 3714 396 “6

463 461 701 533 regionis
750 470 885 523 tute,
938 460 1225 517 Nobiscum
1295 463 1455 518 Deus.
1496 484 1515 517 ι
1568 463 1692 520 Ηιεο
1733 481 1949 535 quoque
1981 466 2016 519 it

2137 466 2198 519 τὸ
2226 466 2423 529 πλάτος
2455 465 2553 536 τῆς
2580 464 2761 537 χώρας
2810 482 2925 527 σου,
2959 462 3096 517 Μεθ’
3118 462 3272 533 ἡμῶν
3312 462 3339 513 6
3371 461 3522 521 Θεός.
3550 480 3567 511 ι
3604 462 3714 512 Καὶ

461 555 650 608 eodem
685 552 1048 607 Emmanuelis
1077 564 1395 624 argumento
1435 556 1729 609 insistunt:
1764 556 2029 625 incipiunt

460 646 606 698 enim
654 644 723 697 ab
770 644 1153 709 Emmanuele,
1224 647 1366 715 quod
1408 647 1707 716 signiﬁcat,
1756 648 2025 701 nobiscum

465 739 621 800 Deus,
664 739 951 807 cognoscite
977 748 1185 807 gentes;
1231 753 1295 793 ac
1344 754 1556 793 rursum
1589 740 1641 793 in
1674 739 1778 795 fine
1804 748 2025 795 senten-

461 826 580 880 tiae:
614 846 631 877 σ
676 826 741 880 Et
788 841 967 881 sermo
1011 843 1168 897 quem
1218 828 1508 899 loquemini
1567 846 1674 885 non
1712 842 1928 886 maneat
1969 833 2022 885 in

460 918 631 982 vobis,
684 920 809 987 quia
851 920 1129 974 nobiscum
1176 920 1361 977 Deus:
1404 941 1424 974 ι
1460 924 1654 979 iterum
1712 923 2024 978 Emmanuel

458 1011 633 1066 dictus
658 1021 765 1069 est.
797 1012 1090 1081 Postquam
1130 1028 1263 1082 ergo
1289 1016 1545 1083 pr0pheta
1579 1023 1904 1069 memoratos
1929 1016 2021 1069 ho-

460 1106 631 1160 mines
673 1116 1006 1175 coarguerat,
1049 1110 1190 1177 quod
1227 1109 1546 1172 noluissent,
1596 1109 1844 1163 invocato
1891 1108 2020 1161 Em-

457 1201 722 1262 manuele,
761 1202 995 1257 inimicis
1029 1204 1336 1273 superiores
1378 1204 1629 1269 evadere,
1674 1203 1788 1274 ipse
1827 1218 1894 1258 ex
1923 1217 2018 1258 sua

452 1303 509 1347 et
538 1295 618 1347 sui
650 1294 904 1349 similium
959 1311 1186 1366 persona
1241 1296 1642 1351 Emmanuelem
1693 1297 1911 1352 invocat
1942 1296 2020 1353 di-

452 1393 579 1433 cens
601 1400 613 1435 ζ

521 1469 687 1524 Vens.
718 1471 773 1536 9,
810 1471 895 1526 l0.
929 1492 947 1525 ι
970 1472 1260 1529 Nobiscum
1288 1474 1448 1529 Deus.
1479 1473 1802 1545 Cognoscite
1832 1488 2020 1548 gentes

451 1567 501 1611 et
533 1559 830 1625 vincimini,
876 1572 930 1616 et
980 1561 1161 1617 audite
1199 1578 1368 1634 usque
1395 1564 1460 1617 ad
1484 1572 1784 1619 extremum
1817 1574 1973 1620 terra:
2002 1582 2016 1619 :

450 1651 540 1721 qui
571 1638 743 1705 fortes
774 1651 975 1716 fuistis,
1000 1654 1273 1708 vincimini
1310 1670 1324 1707 :
1361 1669 1483 1708 nam
1528 1656 1571 1711 si
1610 1656 1807 1712 iterum
1853 1657 2020 1713 fortes

452 1742 592 1804 sitis,
619 1743 811 1797 iterum
840 1745 1125 1799 vincemini
1155 1760 1170 1796 :
1224 1756 1278 1800 et
1312 1750 1355 1800 si
1393 1747 1681 1802 consilium
1712 1750 1931 1814 ineatis,
1966 1750 2017 1804 id

452 1835 733 1905 dissipabit
780 1835 1036 1889 Dominus
1084 1855 1101 1892 :

449 1941 556 1981 non
585 1926 821 1982 manebit
852 1928 902 1981 in
936 1928 1106 1993 vobis,
1137 1929 1260 1999 quia
1298 1930 1575 1986 nobiscum
1606 1931 1769 1988 Deus.
1800 1953 1818 1987 ι
1842 1933 2011 2001 Quem

448 2034 577 2074 vero
614 2022 989 2091 cognoscetis?
1031 2021 1208 2089 Ipsum
1253 2020 1660 2079 Emmanuelem
1697 2043 1713 2082 :
1747 2041 1869 2079 nam
1920 2042 2013 2096 po-

445 2112 604 2181 pulus
632 2127 696 2167 ex
736 2112 1154 2168 circumcisione
1193 2129 1366 2184 neque
1397 2115 1653 2185 cognovit
1692 2117 1887 2185 ipsum.
1921 2134 2014 2170 ne-

446 2218 549 2271 que
598 2202 897 2266 intellexit,
949 2217 1120 2270 neque
1174 2205 1471 2274 prophetia:
1519 2205 1742 2260 credere
1795 2206 2009 2260 voluit:

448 2296 543 2347 sed
575 2309 672 2349 nec
716 2295 883 2349 victus
912 2305 1018 2359 est,
1045 2310 1145 2349 nec
1173 2305 1441 2366 przecepto
1486 2312 1546 2350 se
1592 2297 1855 2351 subdidit.
1907 2296 2014 2353 Vos

445 2397 625 2441 autem
652 2394 857 2457 gentes,
900 2388 1149 2441 notitiam
1187 2388 1324 2457 ejus,
1365 2388 1455 2457 qui
1494 2389 1544 2441 in
1587 2389 1868 2457 prophetia
1906 2390 2015 2444 fer-

443 2484 555 2537 tur.
595 2478 852 2547 accipite.
881 2486 1043 2547 atque
1084 2479 1198 2533 haec
1246 2479 1625 2550 intelligentes,
1669 2480 1833 2535 nolite
1875 2482 2017 2535 relu-

442 2571 615 2633 ctari;
666 2570 760 2624 sed
813 2570 1089 2624 vincimini
1133 2572 1395 2640 superati.
1440 2570 1636 2627 Audite
1688 2583 2013 2642 praeceptum

444 2678 541 2717 vos
577 2677 785 2727 omnes,
835 2662 923 2732 qui
970 2678 1141 2733 usque
1171 2663 1237 2717 ad
1269 2672 1571 2719 extremum
1607 2673 1764 2720 terrae
1804 2666 2017 2721 habita-

444 2755 513 2810 tis
545 2770 644 2810 :ac
669 2755 712 2809 si
744 2755 832 2823 qui
862 2755 915 2808 in
947 2756 1094 2809 vobis
1123 2754 1293 2811 fortes
1320 2770 1385 2810 ac
1424 2764 1694 2825 potentes,
1727 2757 1895 2812 verbo
1928 2773 2018 2812 ce-

440 2848 555 2901 dite
589 2846 716 2900 victi
750 2853 803 2899 et
837 2846 1109 2914 superati;
1165 2845 1328 2915 idque
1356 2847 1615 2902 alacriter
1661 2849 1826 2919 agite,
1861 2849 2015 2919 gnari

440 2939 542 2992 etsi
567 2938 864 3004 nolueritis,
901 2937 982 2990 vel
1016 2937 1216 2992 invitos
1242 2939 1573 3006 superandos
1602 2954 1757 2994 esse.-
1787 2940 1937 3007 Quod
1972 2943 2015 2995 si

442 3030 536 3085 Dei
566 3030 793 3085 consilio
817 3040 1197 3101 repugnantes,
1236 3033 1514 3087 machinas
1547 3033 1803 3103 quasdam
1834 3043 1885 3088 et
1936 3034 2019 3088 in-

439 3123 609 3176 sidias
638 3120 945 3176 struxeritis
966 3129 1155 3176 contra
1187 3123 1405 3175 verbum
1430 3137 1460 3176 a
1492 3137 1597 3191 quo
1625 3123 1887 3178 vocamini
1911 3140 1925 3188 ;
1960 3132 2019 3175 ut

442 3212 626 3266 inania
662 3212 899 3280 aggressi
923 3212 1239 3281 arguemiui.
1270 3210 1394 3267 Haec
1435 3227 1593 3282 porro
1615 3212 1864 3278 dicimus,
1892 3212 2016 3284 quia

444 3304 723 3356 nobiscum
758 3303 1093 3357 Emmanuel.

514 3392 679 3447 Vens.
710 3394 798 3447 Η.
839 3410 857 3443 ι
899 3393 989 3448 Sic
1021 3395 1153 3447 dicit
1185 3392 1441 3447 Dominus
1473 3393 1652 3447 manui
1689 3392 1812 3447 forti
1849 3410 1862 3446 :
1904 3392 2016 3449 Non

441 3488 815 3556 obsequuntur
841 3487 1075 3540 incessui
1116 3487 1167 3539 in
1210 3487 1291 3540 via
1326 3485 1502 3555 populi
1538 3486 1717 3555 hujus.
1759 3504 1777 3537 ι
1801 3486 2020 3540 Transit

441 3595 569 3649 ergo
604 3580 671 3633 ad
699 3578 975 3633 Iudaicum
1004 3579 1254 3649 populum
1277 3620 1293 3645 ,
1332 3579 1615 3648 ipsumque
1653 3590 1711 3633 ut
1736 3578 1857 3633 forti
1905 3593 2019 3632 ma-

443 3671 534 3725 nui
566 3670 969 3740 immorigerum
996 3672 1260 3741 coarguit.
1298 3668 1430 3723 Nam
1460 3669 1526 3724 ab
1558 3670 1643 3724 illa
1671 3671 1865 3735 vocati,
1893 3686 2015 3725 cum

442 3761 667 3831 obsequi
700 3760 1046 3831 oportuisset,
1083 3761 1156 3815 illi
1190 3770 1377 3815 contra
1431 3777 1535 3814 non
1569 3760 2018 3830 obtemperabant

443 3868 506 3907 ac
538 3853 998 3909 contradicebant.
1044 3851 1122 3908 Ne
1162 3854 1374 3916 dicatis,
1425 3852 1619 3921 inquit,
1672 3853 1861 3907 durum
1898 3867 2017 3908 esse

443 3958 767 4021 sermonem,
820 3944 963 4014 quod
1009 3952 1253 4013 oporteat
1297 3942 1592 3998 abscedere
1637 3958 1667 3997 a
1718 3943 1802 3996 via
1836 3942 2013 4013 populi

444 4038 640 4107 hujus:
682 4052 802 4090 nam
834 4036 919 4091 hic
945 4036 1158 4105 quidem
1189 4034 1413 4105 populus
1449 4034 1639 4087 durum
1687 4033 1833 4087 illum
1863 4035 2014 4087 aesti-

444 4141 591 4197 mat;
620 4145 717 4186 vos
760 4145 890 4185 vero
932 4130 1023 4201 qui
1059 4129 1396 4183 abscessistis
1447 4145 1474 4180 a
1512 4128 1594 4181 via
1626 4128 1804 4197 populi
1836 4126 2011 4192 hujus,

442 4239 510 4277 ne
542 4222 736 4276 dicatis
764 4222 906 4275 hunc
939 4234 1059 4275 esse
1089 4218 1284 4274 dlll'lllll
1318 4234 1330 4269 :
1372 4218 1514 4286 quod
1546 4218 1588 4272 si
1627 4218 1661 4271 ii
1693 4234 1757 4271 ex
1792 4217 1893 4271 isto
1922 4233 2015 4283 po-

441 4314 569 4384 pulo
612 4314 702 4382 qui
742 4311 1003 4367 increduli
1046 4319 1198 4372 sunt,
1234 4310 1457 4362 insidias
1502 4308 1653 4364 vobis
1693 4310 2010 4369 struxerint,

444 4412 626 4473 utpote
668 4403 761 4474 qui
796 4401 1121 4467 defeceritis,
1169 4412 1224 4455 at
1276 4415 1372 4453 vos
1423 4400 1665 4453 timorem
1715 4413 1899 4454 eorum
1949 4414 2013 4452 ne

1153 1845 1205 1890 et
1263 1841 1483 1893 verbum
1533 1840 1674 1909 quod
1723 1840 2013 1909 loquemini
2052 1816 2089 1869 Β

2127 556 2301 610 ταῦτα
2328 556 2427 625 τῆς
2482 557 2609 627 περὶ
2637 556 2732 609 τοῦ
2777 554 3123 626 Ἐμμανουὴλ
3159 554 3338 624 ἑχεται
3366 551 3673 615 ὑποθέσεως
3694 569 3707 582 ·

2127 651 2351 719 ἄρχεται
2375 648 2504 718 γοῦν
2538 649 2645 702 άπὸ
2676 648 2766 702 τοῦ
2810 646 3174 719 Ἐμμανουὴλ,
3210 648 3345 719 ὅπερ
3375 647 3511 709 ἐστὶ,
3550 665 3568 698 t
3592 645 3710 716 μεθ’

2126 739 2281 809 ἡμῶν
2300 742 2329 793 6
2360 738 2491 801 Θεός
2514 756 2526 767 ·
2551 739 2723 807 γνῶτε
2756 739 2883 809 ἔθνη
2901 758 2913 771 ο
2942 759 2960 789 ι
2995 739 3087 791 καὶ
3112 734 3265 801 αὖθις
3289 738 3425 809 πρὸς
3457 736 3535 807 τῷ
3569 736 3711 790 τέλει

2124 832 2202 899 τῷ
2229 829 2516 898 λέγεσθαι·
2558 848 2576 881 ‹
2601 831 2710 883 Καὶ
2730 830 2885 897 λόγον
2906 830 2964 883 ὃν
3001 831 3066 884 ἂν
3101 830 3389 901 λαλήσητε,
3421 830 3480 882 ού
3512 830 3586 900 μὴ
3611 830 3713 899 ἐμ-

2128 921 2282 992 μείνῃ
2317 924 2374 974 ἐν
2405 923 2553 992 ὑμῖν,
2588 924 2669 975 ὅτι
2721 923 2840 992 μεθ’
2863 922 3018 994 ήμῶν
3051 925 3079 976 6
3115 923 3276 987 Θεός·
3300 942 3318 974 ι
3364 920 3711 993 Ἐμμανουὴλ

2124 1010 2283 1063 πάλιν
2305 1011 2535 1083 εἴρηται.
2573 1012 2860 1080 Διελέγξας
2880 1013 3057 1065 τοίνυν
3096 1014 3123 1065 6
3149 1014 3433 1083 προφήτης
3463 1014 3589 1074 τοὺς
3616 1011 3711 1080 δη-

2123 1102 2413 1168 λωθέντας,
2455 1105 2537 1156 ὅτι
2581 1103 2653 1174 μὴ
2690 1103 3076 1175 ἐϐουλήθησαν,
3110 1104 3566 1174 ἐπικαλεσάμενοι
3616 1104 3714 1155 τὸν

2137 1196 2497 1267 Ἐμμανουὴλ,
2534 1196 2815 1267 κρείττους
2855 1196 3103 1264 γενέσθαι
3147 1197 3254 1249 τῶν
3287 1196 3579 1267 πολεμίων,
3614 1195 3713 1249 a6-

2121 1287 2211 1349 τὸς
2243 1286 2579 1340 ἐπικαλεῖται
2612 1288 2702 1341 τὸν
2739 1289 3081 1360 Ἐμμανουήλ
3134 1289 3192 1354 ἐξ
3246 1288 3372 1341 ίδίου
3412 1286 3710 1359 προσώπου

2123 1377 2214 1430 καὶ
2236 1376 2344 1429 τῶν
2370 1377 2519 1448 αὑτῷ
2546 1378 2960 1450 παραπλησίων,
2996 1380 3198 1447 λέγων’

2197 1489 2218 1519 ‹
2240 1467 2375 1521 Μεθ’
2410 1468 2566 1540 ἡμῶν
2595 1471 2623 1523 ὁ
2665 1469 2817 1533 Θεός.
2848 1471 3025 1524 Γνῶτε
3054 1471 3180 1541 ἔθνη
3214 1471 3307 1523 καὶ
3330 1468 3582 1540 ἡττᾶσθε,
3613 1469 3712 1523 καὶ

2121 1560 2461 1613 ἐπακούσατε
2493 1561 2598 1625 ἓως
2630 1563 2859 1633 ἐσχάτου
2874 1567 2973 1631 τῆς
3002 1564 3123 1633 γῆς,
3148 1562 3425 1632 ίσχυκότες
3449 1561 3704 1632 ἡττᾶσθε,

2121 1648 2217 1702 ἐὰν
2247 1648 2356 1721 γάρ
2376 1649 2537 1703 πάλιν
2574 1651 2848 1722 ἰσχύσητε.
2885 1653 3046 1706 πάλιν
3074 1650 3443 1723 ἡττηθήσεσθε
3463 1668 3476 1681 ·
3514 1650 3606 1703 καὶ
3640 1651 3709 1720 ἠν

2122 1742 2188 1794 ἂν
2217 1741 2573 1811 βουλεύσησθε
2609 1742 2821 1815 βουλὴν,
2850 1744 3190 1797 διασκεδάσει
3226 1742 3429 1814 Κύριος
3448 1754 3461 1772 ⁸
3492 1744 3585 1796 καὶ
3616 1742 3707 1794 λό-

2118 1848 2213 1898 γον
2243 1831 2304 1883 ὃν
2324 1832 2417 1885 ἐὰν
2449 1834 2739 1904 λαλήσητε,
2766 1835 2828 1886 οὑ
2860 1835 2934 1905 μὴ
2963 1834 3196 1905 ἐμμείνη
3222 1836 3281 1886 ἐν
3300 1834 3448 1903 ὑμῖν,
3479 1832 3559 1885 ὅτι
3589 1831 3708 1901 μεθ’

2120 1924 2275 1995 ἡμῶν
2307 1926 2336 1976 6
2380 1924 2532 1988 Θεὸς,
2564 1944 2583 1977 ›
2628 1926 2761 1979 Τίνα
2807 1926 2864 1979 δὲ
2908 1925 3120 1995 γνῶτε;
3156 1925 3326 1978 Αὑτὸν
3364 1924 3455 1978 τὸν
3492 1924 3707 1993 Ἐμμα-

2119 2016 2309 2087 νουήλ·
2341 2017 2369 2068 6
2400 2017 2507 2089 γὰρ
2560 2017 2624 2070 ἐκ
2670 2017 2971 2089 περιτομῆς
3024 2017 3151 2081 λαὸς
3176 2016 3299 2071 οὕτε
3337 2015 3477 2085 ἔγνω
3522 2014 3707 2076 αὑτὸν,

2118 2106 2239 2160 οὔτε
2290 2108 2543 2178 συνῆκεν,
2577 2108 2699 2162 οὑτε
2734 2109 3019 2163 πιστεῦσαι
3059 2108 3331 2184 ἠϐουλήθη
3386 2111 3451 2179 τῇ
3494 2126 3711 2181 προφη-

2118 2200 2266 2270 τείᾳ·
2291 2199 2403 2253 ἀλλ’
2441 2201 2563 2254 οὑδέ
2595 2200 2800 2272 ἡττήθη
2828 2200 2948 2253 ούδέ
2978 2201 3223 2272 ὑπετάγη
3244 2201 3323 2271 τῷ
3352 2204 3711 2275 προστάγμα-

2120 2307 2190 2343 τι.
2231 2291 2417 2361 Ὑμεῖς
2447 2292 2504 2345 δὲ
2555 2292 2620 2345 τὰ
2643 2291 2792 2364 ἔθνη,
2817 2292 3017 2361 γνῶσιν
3040 2294 3334 2347 ἀναλάϐετε
3364 2293 3458 2347 τοῦ
3491 2312 3708 2366 προφη-

2119 2386 2431 2456 τευομένου,
2464 2385 2557 2437 καὶ
2610 2384 2855 2448 συνέντες
2889 2383 3048 2451 αὑτὰ,
3081 2386 3158 2457 μὴ
3195 2386 3425 2456 τολμᾶτε
3455 2387 3707 2440 ἀνθίστα-

2124 2477 2243 2530 σθαι
2262 2494 2275 2507 ο
2306 2476 2525 2530 νικᾶσθε
2557 2476 2613 2530 δὲ
2652 2476 2968 2547 ἡττώμενοι.
3007 2478 3373 2531 Ἐπακούσατε
3401 2478 3458 2531 δέ
3484 2479 3578 2532 καὶ
3609 2477 3709 2531 τοῦ

2124 2570 2542 2641 προστάγματος
2592 2570 2749 2639 ὑμεῖς
2808 2570 3003 2632 πάντες
3029 2571 3078 2622 οἱ
3115 2570 3306 2641 μέχρις
3350 2570 3576 2641 ἐσχάτου
3603 2570 3711 2640 τῆς

2122 2661 2223 2730 γῆς
2275 2660 2586 2723 οἰκοῦντες⁹
2628 2661 2682 2713 οἵ
2709 2678 2767 2713 τε
2803 2663 2860 2714 ἐν
2906 2661 3032 2731 ὑμῖν
3072 2662 3282 2732 ἰσχυροὶ
3329 2663 3424 2715 καὶ
3466 2662 3703 2724 δυνατοὶ,

2124 2760 2502 2828 παραχωρεῖτε
2523 2757 2601 2827 τῷ
2626 2757 2788 2829 λόγῳ,
2820 2758 3109 2828 νικώμενοι
3139 2759 3231 2812 καὶ
3253 2758 3572 2829 ἡττώμενοι,
3611 2762 3709 2814 καὶ

2122 2845 2279 2900 τοῦτο
2309 2847 2539 2918 πράξετε
2568 2849 2883 2920 προθύμως,
2918 2850 3137 2913 εἰδότες,
3170 2851 3270 2913 ὅτι,
3307 2852 3407 2904 κᾶν
3440 2851 3512 2922 μὴ
3542 2851 3706 2922 θέλη-

2122 2954 2204 3001 τε,
2230 2938 2456 3003 άκοντες
2502 2940 2890 3012 ἡττηθήσεσθε.
2922 2942 2983 2995 Εἰ
3013 2942 3069 2995 δὲ
3101 2942 3478 3013 άνθιστάμενοι
3510 2947 3574 3015 τῇ
3606 2945 3705 2997 τοῦ

2123 3027 2255 3080 Θεοῦ
2284 3028 2551 3100 βουλήσει,
2584 3031 2832 3100 μηχανάς
2860 3047 3033 3095 τινας,
3069 3033 3162 3085 καὶ
3188 3033 3478 3097 ἐπιϐουλὰς
3506 3034 3704 3105 τυρεύσ

2126 3136 2211 3172 ετε
2253 3123 2393 3173 κατὰ
2424 3120 2517 3172 τοῦ
2552 3121 2843 3185 καλοῦντος
2882 3124 3025 3193 ὑμᾶς
3070 3124 3246 3193 λόγου,
3286 3126 3705 3195 ματαιοπονοῐνδ-

2120 3229 2211 3276 τες
2250 3213 2654 3285 ἐλεγχθήσεσθε.
2701 3214 2886 3270 Ταῦτα
2917 3217 2974 3269 δέ
3007 3235 3202 3289 φαμεν,
3238 3220 3359 3272 ἐπεὶ
3393 3218 3511 3289 μεθ’
3545 3220 3705 3291 ἡμῶν

2120 3304 2265 3357 ἐστιν
2308 3308 2335 3358 6
2378 3306 2725 3377 Ἐμμανουήλ

2194 3414 2212 3446 ι
2239 3395 2393 3448 (ὶῦτω
2417 3396 2564 3464 λέγει
2591 3397 2795 3468 Κύριος
2820 3401 2881 3469 τῇ
2909 3400 3102 3471 ἰσχυρᾷ
3130 3401 3292 3471 χειρὶ,
3325 3400 3613 3455 ἀπειθοῦσι

2119 3489 2315 3559 πορείᾳ
2349 3489 2447 3558 τῆς
2475 3488 2596 3541 ὁδοῦ
2641 3488 2735 3541 τοῦ
2768 3490 2895 3542 λαοῦ
2946 3491 3136 3544 τούτου
3183 3511 3201 3543 ι
3242 3492 3574 3546 Μεταόαίνει
3608 3490 3703 3547 οὖν

2117 3580 2208 3631 ἐπὶ
2234 3581 2325 3632 τὸν
2349 3579 2456 3632 τῶν
2495 3580 2761 3634 Ἰουδαίων
2805 3581 2952 3645 λαὸν,
2992 3582 3225 3652 ἐλέγχων
3257 3584 3417 3636 αὑτὸν
3441 3583 3515 3647 ὡς
3545 3586 3704 3637 ἀπει-

2118 3670 2313 3724 θοῦντα
2344 3674 2407 3742 τῇ
2445 3673 2638 3744 ἰσχυρᾷ
2665 3673 2805 3745 χειρί
2830 3691 2843 3704 ·
2890 3674 3209 3745 καλούμενοι
3242 3676 3351 3746 γάρ
3387 3677 3478 3728 ὑπ’
3507 3677 3697 3747 αὐτῆς,

2116 3762 2232 3815 δέον
2254 3764 2565 3829 ὑπακούειν,
2591 3768 2640 3817 οί
2674 3765 2730 3818 δὲ
2756 3766 3012 3835 ἠπείθουν
3047 3766 3139 3819 καὶ
3164 3766 3469 3834 ἀντέλεγον.
3506 3766 3597 3836 Μὴ
3629 3767 3703 3819 εἴ·

2118 3871 2277 3925 πητε,
2308 3855 2460 3927 φησὶ,
2508 3855 2741 3926 σκληρὸν
2789 3852 2927 3910 ε’ίναι
2979 3857 3068 3908 τὸν
3101 3855 3275 3923 λόγον,
3327 3856 3418 3909 τὸν
3448 3855 3698 3925 περὶτοῦ

2117 3946 2419 4015 ἀποστῆναι
2447 3947 2557 4000 δεῖν
2599 3948 2698 4016 τῆς
2726 3948 2948 4019 πορείας
2979 3947 3072 4001 τοῦ
3113 3948 3240 4001 λαοῦ
3270 3948 3457 4001 τούτου
3478 3966 3491 3979 ο
3522 3950 3550 4001 6
3589 3948 3702 4020 γὰρ

2116 4038 2243 4100 λαὸς
2274 4032 2427 4101 οὗτος
2456 4038 2687 4109 σκληρὸν
2714 4041 2872 4092 αὑτὸν
2915 4039 3120 4109 νομίζει
3144 4056 3158 4069 ο
3193 4040 3347 4110 ὑμεῖς
3376 4040 3450 4101 δὲ,
3486 4041 3532 4092 οἱ
3562 4041 3702 4093 ἀπο-

2119 4130 2340 4192 στάντες
2367 4130 2465 4200 τῆς
2497 4131 2722 4201 πορείας
2750 4132 2842 4184 τοῦ
2865 4130 2995 4184 λαοῦ
3020 4130 3229 4194 τούτου,
3261 4132 3334 4201 μὴ
3365 4130 3559 4202 λέγητε
3585 4131 3703 4185 τοῦ-

2115 4237 2205 4272 τον
2238 4217 2376 4273 εἶναι
2408 4220 2641 4292 σκληρόν
2661 4239 2673 4251 ·
2709 4225 2755 4274 εί
2786 4222 2841 4275 δὲ
2870 4222 3266 4274 ἐπιϐουλεύοιεν
3293 4223 3422 4292 ὑμῖν
3451 4222 3527 4285 ὡς
3557 4224 3697 4275 ἀπο-

2118 4314 2325 4376 στᾶσιν,
2356 4314 2405 4365 οἱ
2438 4313 2533 4367 τοῦ
2560 4314 2686 4367 λαοῦ
2716 4314 2876 4366 αὑτοῦ
2898 4313 3136 4375 ἄπιστοι,
3166 4312 3278 4365 ἀλλ’
3299 4314 3455 4383 ὑμεῖς
3478 4314 3569 4366 τὸν
3604 4315 3702 4381 φό-

2116 4403 2207 4456 δον
2231 4404 2408 4457 αὑτῶν
2443 4404 2516 4476 μὴ
2548 4403 2842 4474 φοϐηθῆτε,
2861 4403 2992 4473 μηδὲ
3027 4402 3365 4473 ταράσσεσθε
3397 4404 3486 4455 ὑπ’
3520 4404 3698 4456 αὑτῶν

446 4496 701 4559 timeatis,
736 4510 833 4550 nec
871 4494 938 4550 ab
970 4493 1072 4548 illis
1096 4490 1233 4562 pulsi
1256 4490 1650 4546 conlut‘betuini
1685 4506 1698 4541 :
1732 4488 2013 4555 solumque

2126 4496 2479 4567 ἐλαυνόμενοι,
2508 4498 2663 4567 μόνον
2691 4496 2747 4547 δὲ
2774 4496 2865 4547 τὸν
2889 4494 3091 4566 Κύριον
3114 4494 3220 4547 τῶν
3246 4494 3525 4565 δυνάμεων
3543 4496 3701 4563 ἁγιά-

446 4590 728 4644 Dominum
760 4591 1015 4642 virtutum
1045 4593 1230 4639 sancte
1273 4583 1532 4647 colentes,
1559 4596 1677 4636 eum
1715 4581 2008 4635 timendum

445 4685 597 4738 vobis
644 4682 899 4736 ascribito
959 4696 971 4731 :
1016 4694 1141 4733 nam
1197 4696 1214 4729 ‹
1262 4676 1473 4729 initium
1527 4674 1802 4743 sapientia:
1851 4674 2015 4727 timor

446 4777 652 4830 Domini
685 4777 759 4840 ⁸³,
800 4793 818 4825 ι
853 4788 949 4843 per
979 4787 1136 4840 quem
1188 4769 1463 4823 hominum
1495 4776 1666 4823 metus
1694 4769 1870 4823 omnis
1915 4769 2014 4821 eli-

445 4868 697 4921 minatur.

512 4959 677 5014 Vsus.
714 4959 797 5013 19..
833 4976 852 5009 ι
897 4954 1182 5010 Dominum
1214 4953 1387 5022 ipsum
1422 4950 1776 5012 sanctificate.
1822 4959 1877 5005 et
1900 4950 2015 5020 ipse

440 5047 546 5103 erit
593 5048 753 5099 timor
804 5054 977 5098 tuus:
1028 5050 1084 5095 et
1134 5041 1178 5093 si
1216 5041 1269 5093 in
1308 5042 1420 5109 ipso
1453 5040 1714 5103 conﬁdas,
1764 5040 1868 5094 erit
1919 5041 2012 5095 tibi

2117 4585 2300 4649 ζον-τες
2322 4586 2689 4659 ἐπιγράφεσθε
2719 4587 2927 4649 ἑαυτοῖς
2951 4585 3113 4654 φόϐον
3131 4602 3146 4617 ο
3185 4605 3203 4637 ‹
3225 4586 3365 4657 ἁρχὴ
3393 4604 3409 4635 ι
3443 4585 3550 4654 γάρ
3576 4604 3593 4633 ι
3616 4601 3700 4636 σοι

2119 4677 2246 4744 φίας
2277 4676 2437 4745 φόϐος
2468 4676 2671 4746 Κυρίου
2694 4693 2705 4705 ·
2734 4696 2750 4725 ι
2809 4676 2904 4728 καὶ
2935 4674 3023 4728 διὰ
3077 4674 3262 4728 τούτου
3299 4676 3407 4739 πᾶς
3449 4676 3478 4726 6
3510 4674 3571 4737 ἐξ
3599 4675 3696 4726 ἁν-

2120 4767 2351 4838 θρώπων
2383 4768 2741 4821 ἀπελαύνεται
2778 4767 2960 4837 φόϐος.

2197 4968 2215 4999 ι
2237 4950 2439 5021 Κύριον
2470 4950 2631 5003 αὑτὸν
2662 4949 2945 5017 ἁγιάσατε,
2974 4949 3067 5003 καὶ
3101 4948 3261 5010 αὐτὸς
3294 4947 3444 5000 ἔσται
3478 4963 3570 4998 σου
3603 4946 3701 5013 qd-

2121 5042 2214 5105 εος
2236 5058 2249 5071 ⁸
2281 5043 2373 5095 καὶ
2398 5041 2491 5095 ἐὰν
2525 5041 2611 5094 ἐπ’
2641 5041 2787 5111 αύτῷ
2821 5039 3094 5103 πεποιθὼς
3118 5036 3203 5111 ᾖς,
3243 5040 3393 5091 ἐσται
3422 5055 3503 5090 σοι
3530 5040 3610 5101 είς
3636 5040 3699 5090 ά-

440 5138 821 5193 sanctilicatio.
862 5154 880 5185 ι
911 5134 967 5188 Si
1003 5148 1154 5203 ergo.
1202 5133 1297 5196 ait,
1344 5133 1395 5186 in
1456 5134 1572 5202 ipso
1607 5132 1874 5197 confidas,
1910 5133 2016 5186 erit

2126 5135 2348 5204 γίασμα.
2383 5153 2402 5185 ι
2460 5133 2584 5186 Ἐάν
2616 5128 2708 5187 οὖν
2740 5134 2826 5186 ἐπ’
2875 5132 3043 5201 αὐτῷ,
3095 5132 3246 5201 φησὶ,
3289 5128 3562 5193 πεποιθὼς
3604 5126 3694 5203 ᾗς,

442 5234 539 5289 tibi
570 5234 621 5285 in
674 5228 1181 5289 sanctiﬁcationem,
1214 5228 1284 5279 ita
1331 5237 1388 5279 ut
1421 5241 1683 5296 corporeo
1713 5228 2011 5281 sanctitieio

2126 5228 2273 5289 κύτος
2314 5226 2465 5280 ἔσται
2508 5243 2588 5278 σοι
2630 5227 2710 5289 είς
2734 5226 2983 5295 ἁγίασμα
3012 5225 3085 5287 ώς
3116 5224 3315 5296 μηκέτι
3364 5221 3695 5276 δεῖσθαιτιῦ

444 5343 547 5381 non
586 5326 723 5379 ultra
750 5337 931 5393 egeas.
964 5322 1334 5376 Sanctificium
1370 5332 1549 5378 autem
1584 5324 1723 5393 apud
1755 5323 2009 5378 Hebraeos

2126 5318 2424 5389 ςωματικοῦ
2484 5318 2840 5389 άγιάσματος.
2889 5317 3158 5387 Ἀγίασμα
3198 5317 3253 5369 δὲ
3290 5314 3534 5368 ἐκαλεῖτο
3561 5315 3693 5383 παρ’

439 5419 732 5473 vocabatur
769 5413 1023 5482 templum
1054 5413 1179 5467 olim
1207 5415 1349 5482 apud
1377 5414 1497 5468 illos
1527 5416 1848 5477 consistens,
1868 5414 2009 5480 ejus-

2126 5411 2392 5482 Ἑϐραίοις
2431 5412 2459 5462 6
2495 5409 2661 5462 πάλαι
2698 5407 2969 5472 συνεστὼς
3019 5410 3144 5479 παρ’
3173 5408 3354 5469 αὐτοῖς
3408 5404 3563 5470 νεὼς,
3599 5407 3697 5459 καὶ

437 5521 543 5576 que
574 5506 848 5560 interiora.
884 5505 1001 5561 Tibi
1032 5507 1208 5575 itaque
1244 5507 1310 5561 ab
1337 5505 1447 5562 illis
1472 5508 1645 5578 pulso,
1678 5505 1770 5562 sed
1815 5507 1867 5561 in
1901 5506 2007 5561 Do-

2126 5504 2296 5556 τούτου
2326 5502 2394 5555 τὰ
2415 5502 2699 5556 ἐνδοτάτω.
2748 5503 2939 5555 Ἔσται
2979 5520 3061 5555 σοι
3094 5503 3274 5555 τοίνυν
3297 5499 3376 5570 τῷ
3402 5497 3697 5566 ἐλαυνομέ-
3768 5492 3771 5495 ’

439 5599 583 5654 mino
616 5596 930 5659 confidenti,
978 5598 1332 5653 sanctiﬁcium
1364 5599 1488 5659 erit.
1534 5615 1640 5655 non
1675 5614 1997 5670 corporeum

2126 5616 2179 5649 ιω
2205 5596 2293 5649 ὑπ’
2325 5595 2564 5661 ἐκείνων,
2604 5594 2881 5650 πεποιθότι
2924 5595 2979 5649 δὲ
3026 5595 3118 5647 ἐπὶ
3148 5592 3369 5663 Κύριον,
3422 5590 3693 5658 άγίασμα,

508 5796 552 5828 ³³
582 5794 718 5850 l’sal.
750 5811 839 5860 cx,
880 5797 961 5850 l0.
