3968 6554
224 499 324 554 115

1095 477 1602 548 continuata
1642 481 1707 536 lN
1741 477 1996 535 ISAIAM.
2035 508 2082 520 -σ
2139 474 2289 530 CAP.
2326 472 2458 530 Vill.

3378 477 3476 532 HG

223 586 370 682 asia
401 611 713 682 σωματικδς
751 609 906 674 νεὼς,
932 606 1046 662 ἀλλ’
1080 606 1240 670 αὐτὸς
1273 605 1301 656 ὁ
1334 601 1535 671 Κύριος
1570 597 1808 666 ἁγιάζων

1938 590 2204 661 emplum;
2261 603 2446 642 verum
2497 588 2610 657 ipse
2656 588 2934 655 Dominus,
2981 591 3071 661 qui
3120 600 3172 646 te
3227 603 3477 648 sanctum

227 722 305 766 σε,
335 704 432 758 ἐὰν
462 701 739 767 πεποιθὼς
775 699 840 775 ᾗς
867 703 953 754 ἐπ’
983 699 1162 754 αὐτόν.
1205 697 1297 750 Διὸ
1343 694 1508 766 μηδὲν
1542 688 1806 760 φοϐούμε-

225 814 310 860 νος
337 797 431 850 τὸν
461 796 587 848 ναὸν
611 793 818 858 τοῦτον,
847 791 1116 862 ἀναχώρει
1141 787 1308 843 αὐτοῦ
1328 804 1341 817 ο
1380 785 1597 838 πίστευε
1629 780 1686 833 δὲ
1715 783 1807 834 καὶ

225 888 416 960 θάρσει
448 885 528 958 τῷ
560 885 638 957 σῷ
661 884 808 956 φόϐῳ
827 900 841 914 ·
882 883 1024 950 ἕξεις
1043 881 1150 951 γὰρ
1170 877 1330 932 αὑτὸν
1359 874 1624 944 ἀγίασμα.
1659 888 1675 920 ι
1696 870 1807 923 Καὶ

225 985 322 1055 οὐχ
348 984 427 1047 ὼς
463 982 613 1036 λίθου
641 981 1026 1052 προσκόμματι
1065 969 1457 1044 ωναντήσεσθε
1490 965 1658 1036 αὐτῷ,
1687 962 1807 1016 οὐδὲ

224 1079 299 1142 ὡς
327 1077 537 1147 πέτρας
562 1074 870 1145 πτώματος.
900 1091 916 1122 ι
960 1071 1119 1142 Ὁρᾷς
1145 1069 1290 1130 ὅπως
1310 1063 1470 1118 αὐτὸν
1488 1060 1578 1115 τὸν
1605 1057 1808 1129 Κύριον

224 1170 372 1223 λίθον
401 1169 828 1241 προσκόμματος
857 1166 946 1218 καὶ
974 1164 1177 1234 πέτραν
1207 1156 1502 1213 σκανδάλου
1525 1152 1805 1224 ὀνομάζει;

225 1263 320 1314 καὶ
352 1259 594 1313 τοιοῦτον
628 1259 728 1330 μὲν
756 1257 970 1310 ἔσεσθαι
1003 1254 1163 1308 αὐτόν
1198 1270 1328 1322 φησι
1349 1253 1459 1315 τοῖς
1482 1246 1809 1316 καθημένοις

225 1355 282 1406 ἐν
326 1349 707 1423 Ἰερουσαλὴμ,
747 1349 841 1402 καὶ
897 1350 1008 1410 τοῖς
1029 1347 1179 1400 δυσὶν
1216 1346 1384 1407 οἴκοις
1416 1341 1664 1412 Ἰσραήλ·
1698 1342 1810 1402 τοῖς

225 1445 282 1496 δὲ
315 1445 398 1506 είς
424 1442 584 1496 αὑτὸν
611 1440 1027 1494 πεπιστευκόσιν
1051 1438 1295 1507 ἁγίασμα
1321 1434 1536 1488 ἔσεσθαι
1553 1432 1806 1486 διδάσκει.

227 1535 352 1598 Πῶς
376 1531 471 1587 οὖν
493 1533 710 1602 ἐγένετο
732 1531 877 1594 λίθος
899 1528 1318 1601 προσκόμματος
1342 1526 1434 1579 καὶ¹
1458 1523 1635 1596 πέτρα
1659 1539 1813 1576 σκαν-

225 1627 390 1680 δάλου
416 1627 531 1688 τοῖς
559 1623 867 1696 εἰρημένοις
910 1620 1252 1692 Ἐμμανουήλ
1277 1635 1290 1684 ;
1320 1616 1408 1670 διὰ
1440 1617 1537 1686 τῆς
1570 1617 1633 1667 ὲκ
1667 1613 1814 1684 Παρ-

229 1718 386 1770 θένου
419 1717 688 1787 κυήσεως.
722 1715 879 1769 Ὅθεν
924 1715 1017 1767 καὶ
1047 1715 1075 1766 ὁ
1108 1713 1246 1774 θεῖος
1281 1707 1601 1770 Ἀπόστολος
1643 1705 1814 1759 ταῦτα

228 1809 501 1862 διδάσκων
524 1808 727 1877 ἔλεγεν,
765 1826 784 1858 ι
808 1806 1077 1869 Ἰουδαίοις
1112 1805 1206 1876 μὲν
1239 1802 1551 1863 σκάνδαλον,
1590 1798 1813 1868 Ἕλλησι

229 1899 285 1952 δὲ
313 1900 520 1970 μωρία.
554 1919 573 1950 ι
632 1900 695 1951 Οἱ
725 1897 904 1951 τοίνυν
948 1895 1300 1958 ἀπειθοῦντες
1330 1895 1396 1964 τῇ
1431 1893 1626 1963 ἰσχυρᾷ
1671 1890 1814 1960 χειρὶ⁸

1912 682 2090 744 eilicit,
2157 679 2198 734 si
2251 688 2430 733 tamen
2474 678 2549 733 illi
2580 679 2841 735 conﬁdas.
2901 680 3024 737 Ideo
3069 681 3172 738 hoc
3221 684 3484 753 templum
3554 729 3558 735 .

1914 773 2048 829 nihil
2093 771 2504 844 pertimescens,
2546 771 2774 827 abscede
2806 774 2873 828 ab
2921 773 3010 830 illo
3046 794 3059 830 :
3105 776 3297 843 crede,
3346 776 3480 830 etin

1915 866 2108 921 timore
2140 874 2231 920 tuo
2265 863 2475 918 conﬁde
2521 879 2535 916 :
2580 863 2754 934 ipsum
2799 863 2998 934 quippe
3035 864 3089 920 in
3122 865 3481 920 san‘cliﬁcium

1915 956 2160 1012 habebis.
2202 974 2222 1008 ι
2260 955 2445 1024 Neque
2472 957 2538 1009 ad
2567 971 2690 1010 eum
2722 955 2877 1025 quasi
2909 956 2973 1010 ad
3006 966 3212 1025 petram
3243 957 3480 1012 scatidali

1914 1051 2212 1116 accedetis,
2269 1066 2442 1123 neque
2465 1049 2617 1120 quasi
2642 1050 2710 1103 ad
2757 1060 2962 1119 petram
2991 1051 3176 1104 ruinae.
3217 1069 3235 1102 ι
3272 1048 3480 1114 Viden‘,

1913 1146 2180 1216 quomodo
2211 1148 2383 1215 ipsum
2419 1144 2702 1200 Dominum
2740 1142 2971 1212 lapidem
3022 1143 3260 1200 scandali
3305 1154 3357 1196 et
3387 1158 3482 1210 pe-

1917 1248 2056 1293 tram
2085 1237 2327 1293 scandali
2373 1236 2684 1305 nuncupet?
2727 1235 2889 1306 Atqui
2945 1235 3099 1290 illum
3141 1235 3303 1290 talem
3341 1237 3485 1290 futu-

1919 1347 2035 1385 rum
2066 1331 2389 1400 praenuntiat
2422 1330 2508 1394 iis,
2542 1329 2633 1399 qui
2669 1329 2721 1383 in
2750 1327 3072 1397 Jerusalem,
3116 1339 3171 1384 et
3198 1329 3250 1382 in
3281 1328 3487 1384 duabus

1918 1423 2133 1478 Israelis
2170 1423 2423 1478 domibus
2479 1422 2808 1488 considunt;
2856 1430 2912 1476 at
2959 1431 3152 1477 contra
3189 1422 3243 1476 in
3288 1435 3346 1476 se
3377 1437 3491 1476 cre-

1919 1517 2171 1572 dentibus
2204 1515 2560 1569 sanctiﬁcium
2613 1513 2726 1569 fore
2774 1514 2948 1570 docet.
2997 1513 3278 1581 Quomodo
3324 1514 3489 1583 igitur

1921 1589 2238 1662 Emmanuel
2267 1605 2355 1661 ille
2387 1604 2704 1659 memoratis
2747 1604 3064 1660 hominibus
3097 1603 3273 1659 factus
3299 1615 3383 1660 est
3418 1606 3493 1658 la-

1920 1701 2002 1770 pis
2025 1698 2266 1755 scandali
2294 1708 2348 1753 et
2371 1709 2524 1768 petra
2561 1696 2796 1751 scandali
2821 1697 2845 1751 ?
2871 1713 2966 1766 per
2995 1697 3231 1769 Virginis
3256 1710 3489 1768 partum.

1920 1792 2102 1859 Quare
2138 1791 2352 1846 divinus
2379 1789 2670 1861 Apostolus
2708 1788 2825 1843 haec
2859 1789 3064 1846 docens
3099 1790 3299 1860 aiebat,
3355 1809 3372 1840 ι
3403 1789 3497 1843 Ju-

1923 1886 2052 1940 daeis
2106 1885 2330 1956 quidem
2377 1884 2718 1949 scandalum,
2780 1884 3036 1952 gentibus
3082 1895 3263 1939 autem
3318 1885 3498 1939 stulti—

232 1993 441 2064 Κυρίου
469 1992 627 2062 ἔσχον
657 1991 818 2045 αὑτὸν
856 1989 1002 2043 λίθον
1036 1988 1461 2061 προσκόμματος
1490 1984 1583 2038 καὶ
1613 1983 1817 2054 πέτραν

1947 1978 1996 2031 ia
2033 1977 2099 2030 ⁸⁸.
2133 1996 2152 2028 ι
2195 1976 2296 2044 Qui
2343 1992 2470 2046 ergo
2505 1976 2630 2032 forti
2681 1979 2863 2033 manui
2908 1978 3118 2032 Domini
3163 1977 3508 2047 immorigeri.

231 2086 516 2150 πτώσεως,
555 2087 629 2158 μὴ
665 2086 792 2139 ὄντα
823 2088 888 2156 τῇ
941 2083 1099 2153 φύσει
1132 2081 1368 2135 τοιοῦτον
1391 2097 1404 2109 ·
1436 2081 1548 2142 τοῖς
1575 2078 1683 2148 γὰρ
1729 2093 1817 2128 πι-

233 2178 520 2231 στεύουσιν
551 2179 630 2241 εἰς
660 2177 820 2230 αὐτὸν
845 2175 1092 2245 ἁγίασμα
1123 2173 1400 2242 τυγχάνει.
1447 2171 1604 2233 Τίνες
1629 2168 1719 2234 δέ;
1755 2171 1815 2221 Οί

230 2265 395 2332 οἶκοι,
438 2264 612 2333 εἶπεν,
655 2265 868 2330 Ἰακὼϐ,
896 2265 991 2319 καὶ
1017 2263 1137 2333 οὐχὶ
1169 2265 1197 2315 ὁ
1225 2259 1389 2324 οἶκος,
1424 2259 1527 2313 Δύο
1544 2260 1651 2333 γὰρ
1681 2255 1818 2331 ἦσαν

231 2356 374 2414 οἶκοι
412 2358 652 2431 Ἰσραὴλ,
699 2353 781 2420 είς
811 2357 908 2428 μὲν
936 2358 965 2410 ό
1002 2355 1110 2409 τῶν
1139 2357 1197 2407 ἐν
1221 2355 1403 2417 αὐτοῖς
1436 2352 1731 2425 ἀρχόντων,
1765 2351 1820 2402 ’ἑ-

232 2471 394 2523 τερος
415 2453 473 2506 δὲ
520 2455 548 2506 ό
583 2451 691 2506 τῶν
726 2451 1063 2523 ἀρχομένων.
1090 2449 1310 2511 Τούτοις
1343 2447 1399 2500 δὲ
1421 2450 1534 2509 τοῖς
1568 2445 1718 2498 δυσὶν
1745 2444 1821 2497 oi-

235 2564 373 2610 κοις,
400 2545 600 2617 δηλαδὴ
626 2543 835 2616 ἁθρόως
859 2543 935 2613 τῷ
957 2542 1061 2612 ὅλῳ
1091 2541 1232 2594 ἔθνει
1258 2541 1482 2612 ἄρχουσί
1515 2556 1574 2591 τε
1609 2538 1702 2592 καὶ
1731 2537 1822 2609 ἀρ-

237 2639 512 2710 χομένοις,
557 2638 647 2689 τὸν
702 2637 905 2707 Κύριον
937 2639 1015 2700 εἰς
1062 2635 1266 2704 παγίδα
1298 2634 1394 2687 καὶ
1421 2635 1500 2697 είς
1532 2630 1821 2685 σκάνδαλον

235 2731 454 2784 ἔσεσθαί
485 2747 670 2801 φησιν.

311 2936 333 2970 ι
359 2917 494 2970 Τότε
522 2916 743 2988 φανεροὶ
772 2915 984 2969 ἔσονται
1011 2915 1060 2967 οἱ
1093 2913 1512 2985 σφραγιζόμενοι
1547 2913 1638 2966 τὸν
1662 2912 1823 2983 νόμον

235 3009 334 3064 τοῦ
373 3010 448 3081 μὴ
483 3008 693 3080 μαθεῖν.
727 3029 744 3060 ι
777 3010 839 3062 Οἱ
861 3009 970 3080 γὰρ
1006 3007 1066 3060 τὸ
1091 3006 1419 3075 Εὑαγγέλιον
1449 3004 1826 3079 παραδεξάμε-

237 3117 341 3161 νοι,
367 3099 460 3151 καὶ
495 3098 595 3170 ζῇν
623 3097 990 3169 δεδιδαγμένοι
1013 3097 1154 3151 κατὰ
1184 3097 1282 3168 τὴν
1308 3097 1498 3169 καινὴν
1530 3096 1823 3169 Διαθήκην,

237 3191 433 3262 ὥσπερ
464 3191 734 3262 σφραγῖδα
757 3191 1035 3254 ἐπιθέντες
1055 3189 1132 3262 τῷ
1161 3191 1330 3262 νόμῳ,
1358 3189 1702 3244 ἀποτίθενται
1730 3191 1828 3244 αύ-

239 3282 354 3345 τδν,
383 3282 481 3336 ἅτε
505 3282 687 3334 οὐκέτι
715 3281 842 3335 ὄντα
868 3283 1133 3353 χρήσιμον
1165 3281 1252 3334 διὰ
1275 3281 1371 3353 τὴν
1399 3281 1492 3335 τοῦ
1522 3283 1826 3358 κρείττονος

238 3374 546 3446 παράθεσιν
566 3390 580 3405 ο
613 3375 660 3426 οἱ
690 3373 863 3438 αὐτοὶ,
892 3373 1132 3444 δηλονότι
1154 3376 1200 3427 οἱ
1227 3373 1287 3426 τὸ
1317 3374 1640 3444 Εύαγγέλιον
1658 3391 1833 3446 παρα-

237 3466 547 3536 δεξάμενοι,
577 3465 676 3537 τὴν
717 3465 806 3518 διὰ
855 3465 1088 3537 Χριστοῦ
1138 3467 1523 3538 περιμένοντες
1571 3469 1749 3543 χαριν,
1781 3471 1832 3520 ὲ-

242 3573 422 3628 ρουσιο

319 3667 340 3700 ι
365 3649 532 3703 Μενῶ
557 3648 760 3722 Κύριον
779 3650 869 3706 τὸν
898 3650 1314 3722 ἀποστρέψαντα
1341 3652 1402 3704 τὺ
1423 3651 1715 3724 πρόσωπον
1746 3653 1834 3706 αύ-

239 3741 339 3794 τοῦ
386 3741 496 3795 ἀπὺ
537 3742 634 3796 τοῦ
663 3741 814 3797 οἴκου
855 3741 1073 3812 Ἰακὼϐ,
1103 3745 1195 3797 καὶ
1227 3742 1500 3808 πεποιθὼς
1528 3744 1720 3816 ἔσομαι
1747 3745 1833 3797 ἐπ’

242 3831 418 3903 αὐτῷ.
448 3852 468 3884 ι

319 3943 338 3975 ι
366 3923 500 3977 Ἰδοὺ
535 3922 646 3992 ἐγὼ
671 3925 764 3978 καὶ
806 3925 874 3980 τὰ
905 3925 1114 3989 παιδία,
1147 3926 1182 3980 ἆ
1215 3945 1302 3998 μοι
1331 3927 1528 3981 ἔδωκεν
1568 3930 1596 3981 ό
1633 3930 1782 3994 Θεὸς.
1811 3949 1829 3982 ι

241 4015 327 4069 Τὰ
355 4015 454 4086 μὲν
484 4011 578 4069 οῦν
619 4016 882 4070 Ἰουδαϊκὰ
914 4017 1100 4071 παιδία
1137 4017 1423 4088 σωματικὰ
1444 4017 1502 4083 ἐξ
1528 4019 1719 4090 ἀνδρὸς
1743 4020 1837 4074 καὶ

243 4106 544 4175 γυναικός·
569 4105 637 4159 τὰ
663 4106 719 4159 δὲ
743 4107 880 4160 αύτὰ
925 4107 1018 4160 τοῦ
1051 4107 1221 4161 ταῦτα
1263 4107 1690 4179 χρηματίζοντος
1726 4111 1837 4162 Κυ-

247 4198 368 4268 ρίου
405 4216 422 4248 ι
448 4198 552 4250 οὐκ
574 4196 631 4263 ἐξ
659 4198 888 4268 αἵματος
908 4199 1028 4252 οὐδὲ
1057 4202 1120 4252 ὲκ
1143 4199 1444 4269 θελήματος
1469 4201 1686 4272 σαρκὸς,
1722 4201 1836 4256 ἀλλ’

243 4289 311 4342 ὲκ
338 4288 477 4341 Θεοῦ
511 4289 896 4361 ἐγεννήθησαν,
925 4310 942 4341 ι
973 4291 1066 4344 τοῦ
1093 4292 1306 4364 Πατρὺς
1338 4293 1561 4347 τοιαῦτα
1587 4293 1731 4364 αὐτῷ
1753 4294 1837 4347 δερ

241 4379 393 4452 δωρη
403 4379 567 4451 μένου
595 4381 758 4434 τέκνα
777 4399 792 4412 '
827 4383 1022 4453 μηκέτι
1041 4383 1118 4455 τῷ
1139 4383 1224 4436 διὰ
1253 4385 1528 4450 Μωῦσέως
1550 4387 1839 4458 προσέχον-

244 4489 314 4525 τα
341 4472 516 4543 νόμῳ,
565 4471 679 4525 ἀλλ’
707 4473 881 4526 εἰδότα
914 4475 1225 4547 περιμένειν
1259 4476 1348 4530 τὸν
1381 4477 1582 4548 Κύριον
1614 4479 1705 4531 καὶ
1762 4481 1840 4542 εἰς

246 4565 415 4617 αὐτὸν
449 4564 785 4618 πεποιθέναι.
823 4587 841 4618 ι
862 4567 971 4620 Καὶ
999 4567 1147 4620 ἔσται
1176 4571 1254 4634 εἰς
1285 4574 1482 4640 σημεῖα
1515 4573 1609 4625 καὶ
1640 4574 1840 4644 τέρατα

1925 2070 2165 2136 fuerunt,
2201 2069 2351 2122 illum
2386 2068 2437 2122 iu
2466 2068 2695 2139 lapidem
2725 2070 2969 2125 scandali
2998 2079 3052 2125 et
3084 2078 3291 2138 petram
3327 2069 3516 2123 ruinae--

1925 2162 2253 2225 habuerunt,
2306 2176 2430 2216 cum
2482 2171 2677 2222 natura
2723 2162 2848 2218 talis
2901 2162 3126 2218 minime
3155 2173 3337 2217 esset:
3373 2177 3500 2216 nam

1925 2252 1978 2306 in
2029 2266 2089 2307 se
2135 2252 2486 2308 credentibus
2531 2253 2897 2308 sanetiﬁcium
2935 2263 3036 2308 est.
3080 2253 3310 2318 Quinam
3370 2266 3514 2306 vero.

1928 2343 2291 2407 illi?Domus,
2339 2344 2539 2415 inquit,
2589 2344 2694 2400 illa:
2721 2342 2921 2409 Jacob,
2976 2359 3084 2398 non
3135 2341 3329 2398 domus
3387 2341 3498 2396 illa.

1929 2438 2056 2489 Duae
2087 2435 2290 2505 quippe
2320 2437 2512 2490 domus
2543 2435 2761 2492 lsraelis
2808 2445 2999 2503 erant;
3037 2436 3138 2490 alia
3173 2434 3502 2506 principum,
3580 2444 3582 2446 '

1927 2527 2267 2582 subditorum
2297 2526 2425 2581 alia.
2477 2527 2695 2583 Duabus
2738 2542 2902 2597 porro
2939 2527 3089 2583 hisce
3132 2527 3406 2594 domibus,
3451 2527 3503 2581 id

1927 2630 2034 2684 est,
2065 2619 2334 2674 universae
2369 2620 2531 2674 simul
2559 2620 2727 2690 genti,
2767 2630 2873 2674 tam
2916 2619 3286 2688 principibus,
3339 2634 3501 2688 quam

1929 2709 2184 2775 subditis,
2214 2710 2499 2765 Dominum
2527 2711 2578 2766 in
2605 2711 2857 2781 laqueum
2888 2722 2941 2766 et
2965 2712 3017 2766 in
3047 2711 3365 2766 scandalum
3390 2711 3505 2764 fore

1931 2803 2222 2872 signiﬁcat.

2005 2913 2167 2972 Vsus.
2209 2915 2296 2971 l6.
2345 2916 2538 2972 «Tunc
2577 2916 2846 2971 manifesti
2883 2924 3046 2971 erunt
3094 2916 3186 2986 qui
3219 2916 3526 2986 obsignant;
3615 2928 3620 2931 '

1933 3005 2132 3074 legem,
2160 3020 2228 3059 ne
2267 3003 2497 3060 dis’cant.
2523 3024 2544 3058 ι
2601 3004 2735 3060 Nam
2778 3006 2869 3075 qui
2916 3003 3274 3072 Evangelium
3323 3019 3509 3059 susceo

1934 3104 2151 3165 perunt,
2182 3105 2234 3151 et
2260 3095 2350 3165 qui
2397 3096 2696 3151 secundum
2735 3095 2942 3150 Novum
2979 3095 3388 3151 Testamentum
3428 3095 3508 3146 vi-

1934 3202 2063 3243 vere
2097 3187 2440 3251 didicerunt,
2487 3187 2643 3257 quasi
2699 3187 2936 3258 sigillum
2986 3188 3324 3257 imponeutes
3379 3185 3524 3253 legi,.

1939 3281 2112 3348 ipsam
2155 3280 2454 3350 deponunt,
2479 3281 2605 3350 quia
2646 3281 2717 3336 ob
2749 3279 3030 3336 meliorem
3066 3282 3357 3343 invectam,
3399 3293 3532 3331 nou-

1937 3371 2170 3440 amplius
2225 3371 2375 3427 utilis
2413 3382 2497 3427 est
2551 3373 2764 3427 :iidem
2816 3373 2940 3442 ipsi,
2993 3373 3244 3427 videlicet
3303 3371 3364 3433 ii.
3417 3370 3512 3439 qui

1940 3461 2291 3530 Erangelium
2347 3471 2744 3532 susceperunt,
2795 3464 3026 3533 gratiam
3075 3477 3173 3531 per
3232 3461 3533 3517 Christum.

1936 3553 2215 3610 ferendam
2246 3563 2624 3624 exspectantes
2653 3556 2866 3610 dicent:

2010 3645 2178 3704 Vens.
2219 3647 2309 3701 17.
2375 3668 2392 3701 ι
2421 3645 2765 3717 Exspectabo
2795 3648 3137 3712 Dominum,
3168 3638 3261 3718 qui
3316 3648 3528 3702 avertit..-

1939 3737 2136 3793 faciem
2166 3753 2324 3795 suam
2360 3756 2388 3794 a
2417 3741 2576 3795 domo
2600 3740 2791 3807 Jacob,
2825 3752 2884 3796 et
2911 3741 3178 3796 conﬁdam
3205 3741 3256 3794 in
3283 3755 3370 3794 eo.
3398 3761 3418 3791 ι

2011 3923 2173 3980 Vens.
2218 3924 2314 3981 18.
2355 3943 2375 3976 ι
2403 3923 2545 3981 Ecce
2595 3941 2696 3995 ego
2720 3935 2774 3980 et
2818 3924 2968 3995 pueri
3016 3924 3145 3991 mei,
3185 3939 3328 3994 quos
3369 3924 3516 3978 dedit

1939 4020 2068 4073 mihi
2120 4018 2287 4073 Deus.
2317 4035 2335 4070 ι
2389 4017 2597 4074 Iudaici
2633 4017 2852 4087 quidem
2889 4016 3044 4086 pueri
3077 4015 3327 4084 corporei
3362 4024 3512 4079 sunt,

1939 4125 2006 4164 ex
2037 4111 2153 4164 viro
2176 4121 2232 4164 et
2256 4109 2484 4163 muliere
2507 4126 2523 4176 ;
2549 4111 2700 4179 pueri
2739 4124 2870 4164 vero
2897 4107 3106 4161 Domini
3131 4107 3223 4176 qui
3249 4108 3365 4161 lucc
3390 4121 3516 4160 ora-

1941 4203 2058 4258 cula
2088 4203 2286 4268 intulit,
2317 4221 2338 4255 ι
2363 4218 2468 4256 non
2511 4218 2578 4256 ex
2614 4203 2992 4270 sanguinibus,
3028 4215 3204 4269 neque
3232 4216 3298 4254 ex
3324 4199 3515 4254 volun-

1943 4306 2051 4348 tate
2081 4296 2284 4361 carnis,
2326 4295 2420 4350 sed
2467 4309 2534 4350 ex
2581 4293 2690 4348 Deo
2740 4293 2850 4347 nati
2893 4300 3019 4348 sunt
3051 4293 3098 4323 ⁵⁸
3127 4307 3141 4345 :
3172 4310 3189 4343 ι
3226 4290 3388 4346 Patre
3414 4290 3517 4360 ipsi

1943 4389 2078 4443 tales
2111 4390 2274 4443 dante
2299 4388 2459 4454 ﬁlios,
2488 4387 2580 4458 qui
2607 4403 2712 4441 non
2743 4386 2886 4441 ultra
2929 4386 3127 4457 Moysis
3177 4385 3283 4454 legi
3336 4393 3518 4447 atteri-

1943 4482 2094 4547 dant,
2146 4480 2243 4535 sed
2293 4479 2473 4534 sciant
2516 4486 2842 4549 exspectare
2884 4476 3174 4533 Dominum
3215 4478 3355 4532 etin
3401 4478 3520 4545 ipso

1943 4573 2242 4627 conﬁdere.
2309 4590 2328 4624 ι
2355 4571 2421 4627 Et
2458 4579 2618 4626 erunt
2664 4571 2716 4623 in
2753 4570 2906 4640 signa
2956 4579 3012 4624 et
3059 4569 3302 4640 prodigia
3345 4568 3521 4622 multa

245 4655 422 4710 «cum
455 4660 514 4710 ἐν
539 4655 616 4726 τῷ
639 4657 773 4729 οἴκῳ
812 4657 1026 4730 Ἰσραὴλ
1060 4659 1210 4733 παρὰ
1254 4662 1458 4733 Κυρίου
1488 4662 1735 4728 Σαϐαὼθ,
1783 4663 1825 4727 ὃς

1950 4667 2002 4719 iu
2032 4666 2194 4718 domo
2221 4662 2390 4719 Israel
2437 4679 2469 4719 a
2517 4663 2746 4717 Domino
2788 4661 3050 4726 Sabamh,
3097 4663 3188 4730 qui
3216 4661 3425 4716 habitat
3466 4661 3521 4714 in

247 4751 504 4802 κατοικεῖ
533 4750 591 4802 ἐν
619 4750 695 4821 τῷ
719 4749 834 4822 ὄρει
864 4751 1020 4804 Σιών.
1050 4771 1068 4803 i
1106 4754 1176 4805 Ἦ
1211 4754 1304 4806 καὶ
1341 4753 1534 4817 ἄλλως,
1575 4755 1646 4808 Ού
1681 4756 1839 4826 μόνον

242 4842 318 4895 τὰ
348 4841 539 4895 παιδία
565 4841 756 4908 ταῦτα,
785 4844 937 4915 φησι,
969 4847 1032 4897 ὲκ
1057 4843 1190 4897 Θεοῦ
1221 4862 1310 4916 μοι
1344 4846 1660 4916 παραδόξως
1699 4847 1842 4903 δέδο-

246 4953 362 4997 ται,
397 4934 536 4988 ἀλλὰ
561 4935 654 4987 καὶ
682 4935 814 4990 ἄλλα
846 4937 1069 4990 πλεῖστα
1099 4940 1301 5008 σημεῖα
1341 4937 1432 4991 καὶ
1461 4938 1662 5009 τέρατα
1683 4941 1840 5011 γενή-

250 5043 406 5078 σεται
456 5028 514 5080 ἐν
558 5025 636 5100 τῷ
663 5027 799 5097 οἴκῳ
847 5027 1061 5100 Ἰσραὴλ
1106 5029 1247 5082 κατὰ
1275 5032 1401 5093 τοὺς
1431 5031 1839 5102 προιρητευομέ-

248 5136 377 5181 van;
403 5119 649 5189 χρόνους.

329 5225 349 5259 ι
379 5208 492 5260 Καὶ
528 5207 623 5260 ἐὰν
652 5209 844 5261 εἴπωσι
876 5209 1010 5280 πρὸς
1041 5211 1203 5279 ὑμᾶς,
1239 5213 1523 5282 Φωνήσατε
1578 5211 1702 5273 τοῦς
1734 5211 1840 5263 ἀπὸ

249 5299 356 5371 τῆς
379 5300 488 5370 γῆς
517 5299 847 5370 φωνοῦντας,
897 5301 988 5353 καὶ
1016 5303 1142 5364 τοὺς
1183 5302 1651 5374 ἐγγαστριμύθους
1697 5304 1745 5356 οἳ
1777 5306 1840 5358 ὲκ

250 5392 351 5462 τῆς
386 5392 597 5455 κοιλίας
627 5392 883 5462 φωνοῦσι,
926 5393 1025 5445 οὐκ
1051 5393 1199 5456 ἔθνος
1229 5392 1364 5464 πρὸς
1401 5393 1532 5448 Θεὸν
1561 5394 1726 5448 αὐτοῦ
1749 5397 1841 5449 ὲκ-

254 5483 556 5556 ζητήσουσι
587 5484 714 5555 περὶ
739 5483 847 5536 τῶν
880 5481 1094 5548 ζώντων
1122 5485 1247 5549 τοὺς
1267 5485 1491 5556 νεκρούς
1509 5502 1523 5516 ο
1555 5486 1716 5557 νόμον
1735 5487 1842 5559 γὰρ

254 5575 338 5636 εἰς
360 5572 612 5645 βοήθειαν
645 5573 865 5638 ἔδωκεν,
893 5574 979 5627 ἴνα
1020 5575 1265 5640 εἴπωσιν,
1295 5577 1406 5647 Ούχ
1437 5577 1511 5640 ὼς
1536 5577 1687 5649 ῥῆμα
1718 5578 1841 5632 τοῦ-

256 5681 339 5723 το,
375 5667 504 5735 περὶ
535 5658 596 5718 οὗ
625 5667 725 5718 οὐκ
753 5666 866 5721 ἔστι
892 5667 1039 5738 δῶρα
1062 5667 1241 5721 δοῦναι
1278 5671 1404 5740 περὶ
1433 5670 1618 5726 αὑτοῦ.
1647 5691 1664 5723 ι
1701 5672 1842 5744 Προ-

257 5755 433 5808 ειπὼν
450 5752 545 5811 οὖν
574 5759 604 5810 ό
632 5757 789 5826 λόγος
819 5759 886 5813 τὰ
913 5760 1038 5830 περὶ
1080 5758 1188 5813 τῶν
1215 5763 1439 5817 παιδίων
1468 5764 1560 5818 τοῦ
1588 5766 1840 5841 Χριστοῦ,

265 5935 314 5967 ³³
355 5936 371 5989 l
405 5939 530 5992 Cor.
561 5937 692 6000 1,95
787 5939 835 5978 ⁵⁸
868 5937 1022 5994 Joan.
1062 5956 1100 6003 ι,
1135 5941 1219 5998 l3.

1947 4765 2131 4809 monte
2161 4752 2312 4809 Sion.
2345 4775 2361 4803 ι
2409 4755 2538 4809 Sive
2565 4754 2672 4810 alio
2697 4753 2880 4818 modo,
2907 4769 3011 4807 non
3045 4752 3097 4807 hi
3128 4761 3335 4806 tantum
3367 4751 3523 4822 pueri

1945 4864 1974 4900 a
2008 4848 2116 4902 Deo
2153 4847 2284 4901 mihi
2327 4847 2656 4901 mirabiliter
2697 4845 2805 4901 dati
2850 4855 3008 4911 sunt;
3061 4846 3156 4900 sed
3203 4845 3370 4899 etiam
3414 4843 3522 4896 alia

1945 4946 2176 5012 plurima
2201 4944 2354 5014 signa
2389 4953 2443 4996 et
2477 4943 2725 5024 prodigia
2769 4945 2897 4997 lient
2936 4944 2988 4997 in
3027 4943 3187 4998 domo
3209 4939 3377 4997 lsrael
3413 4953 3535 5008 quo

1953 5047 2197 5108 tempore
2227 5037 2278 5090 in
2311 5037 2597 5106 prophetia
2631 5035 2948 5090 enuntiatur

2020 5219 2187 5276 Vens.
2222 5220 2311 5287 19,
2353 5220 2448 5274 20.
2494 5238 2512 5271 ι
2544 5220 2609 5274 Ει
2639 5235 2760 5274 cum
2792 5220 3030 5273 dixerint
3062 5218 3127 5272 ad
3155 5231 3251 5271 vos
3282 5234 3294 5270 :
3328 5215 3525 5271 Vocate

1949 5327 2064 5380 eos,
2092 5315 2185 5385 qui
2218 5328 2284 5367 ex
2331 5323 2475 5368 terra
2519 5315 2916 5378 vociferantur,
2969 5321 3024 5367 et
3064 5311 3547 5380 engastrimythos.

1951 5406 2041 5472 qui
2090 5419 2157 5458 ex
2199 5412 2389 5459 ventre
2431 5404 2726 5472 loquuntur
2761 5417 2909 5459 :non
2961 5399 3193 5471 populus
3235 5403 3302 5456 ad
3355 5401 3524 5456 Deum

1950 5512 2108 5551 suum
2143 5497 2436 5564 exquirent
2471 5497 2538 5550 de
2574 5496 2710 5550 vivis
2751 5512 2779 5547 a
2827 5493 3056 5548 mortuis
3085 5513 3100 5548 :
3126 5493 3297 5564 legem
3329 5495 3528 5564 quippe

1954 5586 2007 5638 in
2063 5584 2323 5640 auxilium
2365 5585 2534 5651 dedit,
2575 5595 2630 5639 ut
2673 5584 2892 5646 dicant,
2931 5581 3045 5638 Non
3089 5584 3234 5639 sicut
3274 5585 3376 5639 hoc
3408 5599 3532 5638 ver-

1953 5678 2109 5741 lium,
2171 5677 2237 5731 de
2295 5691 2402 5746 quo
2468 5693 2575 5731 non
2627 5675 2756 5730 licet
2799 5675 2940 5730 dona
2981 5663 3179 5732 daren
3233 5675 3527 5746 Postquam

1953 5768 2116 5839 igitur
2159 5768 2222 5824 dc
2272 5768 2454 5844 pueris
2487 5767 2689 5830 Christi
2726 5767 2936 5824 locutus
2981 5768 3193 5837 fuerat,
3237 5781 3431 5839 nempe
3462 5767 3561 5827 de-
