3968 6500
413 404 514 458 1⁸67

1080 397 1352 454 EUSEBII
1387 397 1862 457 CAESARIENSIS
1899 400 2050 456 OPP.
2090 400 2270 455 PARS
2311 397 2397 454 Ill.
2438 428 2507 437 —
2546 396 2958 453 EXEGETICA.

3566 400 3672 456 “8

415 520 671 595 apostolis
713 528 769 576 et
808 516 1087 587 discipulis
1142 518 1281 588 ejus,
1338 533 1548 572 necnon
1604 523 1670 572 de
1715 520 1883 588 signis
1923 531 1979 573 et

2117 518 2226 587 έγω
2245 518 2308 588 δὴ
2339 517 2447 570 τῶν
2478 517 2792 570 ἀποστόλων
2821 515 2916 569 καὶ⁹
2947 515 3203 587 μαθητῶν
3237 517 3421 581 αὑτοῦ,
3457 519 3583 589 περί
3611 537 3670 573 τε

416 613 697 685 prodigiis,
731 625 851 679 qua:
889 623 985 678 per
1013 623 1107 662 eos
1138 608 1282 662 edita
1331 619 1479 671 sunt,
1529 610 1685 679 queis
1737 610 1980 682 gentium

413 707 629 761 vocatio
649 703 791 757 facta
825 711 941 765 est;
977 702 1090 757 haec
1126 710 1524 770 consequenter
1547 704 1705 758 docet
1731 702 1982 772 populum

416 813 614 852 novum
634 805 687 850 et
720 804 990 850 recentem
1026 810 1091 849 ex
1122 794 1376 862 gentibus
1405 810 1431 849 a
1471 794 1688 852 Christo
1718 796 1982 851 constitu-

414 897 730 958 tum,quem
751 888 821 941 ita
852 884 967 941 fere
990 886 1315 955 alloquitur:
1349 885 1473 941 Haec
1500 886 1706 951 audite,
1740 886 1982 956 discipuli

418 980 562 1044 mei,
622 980 713 1050 qui
784 993 817 1033 a
873 977 1154 1049 gentilium
1236 977 1521 1047 multiplici
1604 978 1986 1047 superstitione

422 1072 667 1127 translati
708 1071 864 1126 estis.
922 1068 979 1125 Si
1021 1070 1113 1139 qui
1145 1084 1211 1124 ex
1240 1069 1306 1124 iis
1339 1069 1429 1139 qui
1461 1070 1614 1125 vobis
1639 1069 1764 1123 olim
1795 1066 1907 1123 noti
1934 1079 1989 1123 et

416 1164 716 1219 familiares
746 1170 944 1228 erant,
979 1162 1101 1217 sive
1126 1171 1330 1230 patres,
1359 1161 1476 1216 sive
1501 1160 1717 1232 cognati
1742 1200 1757 1223 ,
1796 1176 1892 1214 vos
1920 1162 1986 1213 ad

413 1255 705 1326 pristinum
730 1255 1084 1322 repetendum
1112 1267 1355 1308 errorem
1393 1253 1641 1315 invitent,
1692 1262 1750 1307 ut
1782 1251 1851 1306 ab
1886 1251 1990 1306 illis

416 1347 689 1403 adhibitas
727 1345 1112 1411 divinationes,
1160 1345 1377 1401 oracula
1411 1360 1474 1399 ac
1504 1345 1701 1399 similia
1732 1345 1784 1399 in
1819 1346 1991 1401 admi-

416 1438 633 1493 ratione
656 1437 904 1492 habeatis
926 1476 942 1501 ,
984 1451 1053 1491 ne
1089 1452 1276 1492 eorum
1304 1435 1530 1491 consilio
1557 1436 1943 1506 obtemperetis
1974 1458 1987 1491 ε

418 1545 488 1585 ne
516 1529 787 1585 miremini
820 1530 1096 1584 dartnonas
1129 1544 1197 1584 ex
1227 1538 1421 1586 ventre
1455 1528 1730 1583 hominum
1763 1526 1991 1598 loquen-

422 1634 521 1686 tes,
552 1636 691 1692 quos
724 1628 921 1676 vocant
951 1620 1249 1693 Pythonas,
1275 1636 1451 1691 neque
1474 1636 1568 1675 eos
1584 1620 1760 1692 quiex
1788 1620 1994 1689 prmsti-

330 1772 333 1777 ,
418 1716 522 1783 giis
574 1712 892 1784 quibusdam
938 1716 1005 1768 de
1049 1723 1194 1769 terra
1236 1713 1533 1770 ascendere
1583 1723 1869 1785 putantur;
1899 1714 1993 1767 sed

419 1809 592 1863 solum
629 1808 913 1863 Dominum
941 1816 1179 1861 vestrum
1204 1806 1389 1862 colite.
1418 1804 1553 1860 Nam
1580 1806 1624 1860 si
1663 1816 1854 1873 gentes
1884 1805 1997 1859 sin-

2088 610 2195 662 τῶν
2222 608 2462 680 σημείων
2490 608 2584 661 καὶ
2605 608 2713 662 τῶν
2741 608 2983 679 τεράτων
3001 608 3107 663 τῶν
3130 610 3579 665 ἐπιτελεσθέντων
3604 613 3671 666 δι’

2090 700 2295 754 αὐτῶν·
2320 700 2387 754 δι’
2410 693 2485 753 ὧν
2509 701 2604 754 καὶ
2645 702 2677 770 ἡ
2713 700 2905 771 κλῆσις
2932 701 3222 771 γεγένηται
3257 703 3365 755 τῶν
3389 702 3577 767 ἐθνῶν,
3611 705 3669 756 ἀ-

2090 793 2362 856 κολούθως
2389 792 2482 846 τὸν
2509 791 2628 846 νέον
2661 791 2755 846 xai
2784 792 2966 847 καινὸν
2997 793 3143 855 λαὸν.
3170 794 3260 848 τὸν
3295 796 3353 862 ἐξ
3393 796 3559 861 ἐθνῶν
3586 799 3675 851 διά

2090 884 2327 959 Χριστοῦ
2360 885 2628 939 συστάντα
2669 884 2907 939 διδάσκει
2932 886 3001 941 τὰ
3040 888 3395 959 προκείμενα,
3431 889 3507 952 ὼς
3538 888 3674 960 πρὸς

2092 978 2290 1041 αὐτοὺς
2318 977 2522 1046 λέγων·
2564 977 2853 1031 Ἀκούσατε
2886 978 3079 1042 ταῦτα,
3110 981 3158 1032 οἱ
3189 979 3311 1049 ἐμοὶ
3341 979 3596 1041 διδακτοὶ,
3623 982 3673 1033 οἱ

2092 1070 2189 1142 τῆς
2217 1071 2327 1123 τῶν
2365 1069 2533 1123 ἐθνῶν
2565 1069 2827 1122 πολυθέου
2861 1070 3069 1141 πλάνης
3103 1071 3458 1141 μεταθέμενοι
3479 1089 3492 1101 ·
3521 1071 3576 1124 εῐ
3591 1089 3675 1126 τι-

2092 1180 2181 1226 νες
2214 1162 2321 1215 τῶν
2354 1161 2520 1215 πάλαι
2552 1161 2843 1232 γνωρίμων
2880 1162 3006 1232 ὑμῖν
3032 1163 3124 1215 καὶ
3156 1162 3416 1231 συνήθων,
3450 1162 3674 1233 ἢπατέ-

2096 1272 2209 1327 ρες,
2244 1254 2277 1323 ἦ
2322 1256 2625 1322 συγγενεῖς,
2676 1252 3041 1324 παρακαλοῖεν
3070 1255 3212 1329 ὑμᾶς
3264 1255 3539 1309 ἐπανιέναι
3585 1257 3678 1309 ἐπὶ

2096 1349 2194 1421 τὴν
2228 1347 2499 1420 προτέραν
2542 1347 2779 1419 πλάνᾳςν,
2816 1346 3116 1418 θαυμάζειν
3142 1364 3199 1400 τε
3228 1347 3326 1411 τὰς
3350 1348 3457 1401 ἀπὸ
3492 1348 3680 1419 δαιμό-

2097 1460 2201 1495 νων
2237 1442 2366 1512 παρ’
2410 1440 2591 1504 αὐτοῖς
2625 1439 3050 1510 ἐπιτελουμένας
3103 1440 3360 1511 μαντείας
3406 1440 3500 1493 καὶ
3544 1458 3679 1511 χρη-

2100 1533 2290 1603 σμοὺς,
2317 1532 2411 1586 καὶ
2443 1532 2513 1585 τά
2544 1531 2795 1584 τοιαῦτα⁸
2832 1530 2906 1603 μὴ
2941 1532 3190 1586 πείθεσθε
3218 1537 3283 1605 τῇ
3318 1532 3521 1587 τούτων
3544 1551 3682 1602 συμ-

2099 1623 2263 1696 ϐουλῇ
2287 1640 2300 1653 ο
2338 1623 2411 1694 μὴ
2444 1622 2755 1693 θαυμάζετε
2797 1622 3058 1693 δαίμονας
3096 1623 3205 1677 ἀπὸ
3244 1623 3448 1687 κοιλίας
3477 1624 3683 1695 ἀνθρώ-

2103 1733 2220 1770 πων
2246 1716 2579 1785 φωνοῦντας.
2610 1715 2737 1777 τοὺς
2772 1714 3200 1785 ὀνομαζομένους
3229 1714 3506 1779 Πύθωνας,
3550 1714 3683 1786 μηδὲ

2101 1808 2226 1872 τοὺς
2245 1809 2354 1862 ἀπὸ
2378 1808 2480 1878 γῆς
2504 1808 2647 1861 κατά
2670 1825 2820 1870 τινας
2846 1807 3108 1878 γοητικάς
3138 1808 3331 1878 τέχνας
3359 1807 3564 1862 ἀνιέναι
3597 1824 3686 1860 νο-

420 1896 579 1968 gulae,
628 1897 730 1952 etsi
764 1909 953 1950 errore
976 1895 1173 1961 ductae,
1202 1910 1300 1951 suo
1330 1906 1514 1951 tamen
1547 1896 1654 1950 Deo
1679 1895 1992 1957 adhaerent,

2113 1902 2425 1975 ιιζομένους
2449 1919 2462 1933 ·
2496 1902 2587 1955 τον
2616 1901 2673 1954 δὲ
2716 1900 2898 1956 αὐτῶν
2930 1900 3133 1972 Κύριον
3170 1901 3329 1971 μόνον
3372 1900 3681 1971 περιέπετε.

420 1992 550 2063 quid
588 1990 733 2047 aliud
764 1990 830 2047 iis
853 1992 1139 2060 agendum,
1190 1991 1281 2061 qui
1324 2004 1507 2045 veram
1536 1990 1788 2047 notitiam
1819 2003 1983 2045 acce-

2113 1997 2158 2049 Ξί
2183 1995 2291 2067 γὰρ
2316 1994 2546 2048 ἕκαστον
2573 1994 2743 2059 ἔθνος,
2771 1992 2948 2046 καίτοι
2986 1992 3435 2063 πεπλανημένως,
3460 1994 3609 2061 ὅμως
3632 1991 3680 2046 δ’

420 2088 637 2150 perunt,
689 2094 851 2149 quam
906 2090 965 2135 ut
1007 2081 1176 2137 Deum
1208 2096 1364 2136 suum
1416 2091 1689 2151 quterant,
1741 2095 1916 2151 neque
1967 2096 1995 2132 a

2113 2082 2188 2140 ιῦν
2217 2085 2311 2139 τοῦ
2338 2085 2469 2138 ἰδίου
2500 2082 2637 2137 Θεοῦ
2659 2082 3007 2154 περιέχεται*
3038 2082 3164 2146 τοὺς
3187 2083 3283 2151 τὴν
3312 2082 3526 2153 ἀπλανῆ
3554 2080 3687 2150 γνῶ-

423 2174 676 2237 mortuis,
712 2174 820 2228 vita
851 2174 1069 2244 penitus
1097 2175 1267 2240 orbis,
1298 2176 1567 2230 curiosius
1600 2176 1901 2245 inquirant,
1945 2189 2001 2230 et

2113 2202 2184 2238 τιν
2216 2182 2521 2254 εἰληφότας,
2556 2181 2610 2233 τί
2642 2180 2746 2252 χρὴ
2780 2180 3060 2251 πράττειν,
3092 2180 3125 2254 ἢ
3182 2178 3272 2231 τὸν
3318 2178 3525 2231 ἑαυτῶν
3554 2177 3689 2231 Θεὸν

422 2267 770 2321 sciscitentur
812 2267 881 2323 de
925 2266 1094 2322 rebus
1138 2267 1204 2322 ad
1249 2268 1402 2321 vivos
1444 2266 1853 2335 spectantibus?
1902 2266 1996 2322 Dei

2113 2275 2397 2347 ἐπιζητεῖν,
2434 2274 2525 2328 καὶ
2565 2272 2640 2344 μὴ
2668 2273 2797 2336 τοὺς
2826 2272 3052 2343 νεκροὺς
3073 2271 3562 2341 πολυπραγμονεῖν,
3591 2280 3689 2339 μη*

429 2360 614 2428 itaque
658 2361 884 2415 verbum
915 2369 971 2415 et
1007 2359 1179 2430 legem
1210 2359 1578 2429 evangelicum
1627 2360 1805 2413 datam
1847 2362 2000 2413 vobis

422 2451 478 2505 in
510 2450 770 2505 auxilium
803 2453 970 2514 nacti,
1005 2466 1072 2506 ex
1120 2452 1231 2520 ipsa
1276 2452 1473 2505 discite
1517 2467 1853 2523 quarcunque
1886 2453 2001 2505 vul-

426 2544 516 2609 tis,
557 2551 613 2597 et
661 2543 801 2599 hanc
848 2544 1133 2599 sectemini
1167 2562 1182 2597 :
1214 2544 1339 2613 quia
1381 2544 1497 2599 ﬁeri
1549 2545 1757 2615 nequit,
1800 2557 1857 2600 ut
1913 2545 2001 2599 ille

423 2635 582 2690 donis
602 2650 632 2689 a
659 2651 789 2691 vero
822 2637 1185 2691 ditnoveatur.

2103 2367 2160 2422 δὲ
2214 2367 2425 2438 ἐρωτᾷν
2478 2364 2606 2435 περὶ
2662 2364 3003 2435 πραγμάτων
3054 2361 3289 2427 ζώντων,
3334 2361 3461 2425 τοὺς
3507 2361 3687 2431 πάσης

2106 2459 2253 2527 ζωῆς
2282 2455 2711 2527 ἐστερημένους;
2748 2456 3002 2525 Ἔχοντες
3024 2450 3116 2508 οὖν
3141 2455 3230 2507 τὸν
3256 2453 3349 2508 τοῦ
3377 2454 3509 2506 Θεοῦ
3532 2453 3691 2521 λόγον

2106 2553 2201 2605 καὶ
2232 2553 2394 2623 νόμον
2413 2552 2503 2604 τὸν
2530 2550 2901 2618 εὐαγγελικὺν,
2932 2551 3011 2612 εἰς
3040 2548 3284 2620 βοήθειαν
3318 2549 3444 2618 ὑμῖν
3476 2546 3692 2616 δεδομέ-

2106 2656 2215 2703 νον,
2251 2638 2311 2704 ἐξ
2329 2638 2491 2692 αὐτοῦ
2519 2639 2813 2711 μανθάνετε
2838 2640 2964 2708 περὶ
2989 2633 3069 2691 ὧν
3083 2638 3149 2691 ἂν
3170 2637 3541 2701 ἐθέλοιτε,νκα“ι
3568 2635 3692 2689 τούς-

421 2744 500 2799 τῳ
530 2735 812 2803 στοιχεῖτε,
843 2732 964 2785 ἐπεὶ
989 2730 1067 2803 μὴ
1106 2726 1217 2785 οἷόν
1242 2733 1300 2785 τέ
1325 2732 1471 2787 ἐστιν
1518 2732 1674 2788 αὐτὸν
1702 2732 1892 2805 δώροις
1922 2734 2178 2804 ἐκστῆναι
2202 2734 2297 2787 τοῦ
2331 2733 2583 2805 ἀληθοῦς.

497 2824 660 2879 Vsus.
701 2824 790 2879 2t.
838 2843 858 2876 ι
888 2825 952 2879 lit
996 2825 1173 2880 veniet
1202 2841 1366 2895 super
1402 2841 1499 2880 vos
1531 2826 1650 2880 dira
1698 2828 1913 2882 fames:
1945 2843 2003 2883 et

424 2917 531 2973 erit
566 2926 623 2970 ut
649 2917 941 2981 esurietis,
983 2917 1258 2978 dolebitis.
1296 2927 1353 2973 et
1394 2919 1732 2975 maledicetis
1770 2919 2002 2990 principi

422 3016 478 3061 et
509 3008 699 3078 patriis
729 3007 934 3078 legibus
966 3024 983 3061 :
1016 3018 1069 3063 et
1111 3010 1397 3077 respicient
1441 3009 1495 3064 iu
1534 3009 1733 3065 οωιιιιιι
1761 3023 1946 3079 supra.
1981 3028 2001 3062 ι

423 3097 560 3152 Cum
620 3112 751 3168 ergo
794 3097 917 3167 quis
940 3097 1138 3152 divina:
1180 3097 1313 3167 legis
1339 3108 1710 3166 transgressor
1738 3113 1802 3153 ac
1831 3101 2008 3155 deser-

427 3201 512 3245 tor
575 3189 800 3246 eﬂ'ectus
870 3190 1006 3256 erit,
1067 3190 1119 3243 in
1169 3188 1552 3245 oﬂ'ettdiculum
1610 3191 1874 3246 deductus
1938 3192 2006 3246 ab

430 3285 498 3338 iis
529 3284 621 3352 qui
645 3283 868 3339 oracula
898 3293 956 3339 et
980 3283 1346 3338 daemoniacas
1369 3283 1737 3340 divinationes
1766 3294 2004 3354 praeten-

428 3376 582 3440 dunt,
609 3376 752 3430 hunc
782 3375 953 3429 fatnes
988 3375 1391 3432 rationabiliutn
1415 3375 1658 3430 ciborum
1693 3378 2003 3446 occupabit,

427 3483 640 3522 necnon
692 3482 951 3524 excessus
1010 3467 1210 3521 mentis
1261 3475 1317 3521 et
1368 3466 1652 3521 iracundia
1689 3485 1700 3519 :
1735 3480 1899 3538 atque
1953 3469 2004 3522 in

430 3560 777 3629 blasphemas
821 3558 1183 3630 cogitationes
1251 3558 1497 3621 incidet,
1550 3558 1879 3614 tnaledicens
1930 3560 2004 3612 illi

434 3652 563 3705 olim
606 3651 716 3720 regi
775 3666 915 3713 suo,
952 3664 1115 3720 quem
1170 3649 1329 3703 deum
1381 3664 1538 3703 suum
1586 3652 1833 3704 vocabat.
1893 3669 1910 3701 ι
1945 3650 2008 3703 Et

430 3762 536 3798 non
578 3743 864 3813 perplexas
912 3743 1019 3797 erit
1061 3744 1151 3814 qui
1202 3744 1256 3797 in
1300 3744 1544 3812 angustia
1594 3753 1677 3799 est
1720 3760 1890 3815 usque
1940 3745 2007 3797 ad

432 3847 667 3905 tempus.
698 3854 717 3886 ι

1033 3924 1265 3981 CAPUT
1316 3923 1407 3980 IX.

501 4019 665 4075 VERS.
714 4021 764 4074 l.
820 4040 839 4072 ι
869 4020 983 4074 Hoc
1032 4021 1263 4086 primum
1322 4019 1491 4074 bibe:
1530 4018 1637 4073 cito
1688 4017 1811 4081 fac,
1862 4019 2010 4087 regio

428 4114 671 4168 Zahulon
688 4124 742 4168 et
768 4123 911 4167 terra
938 4111 1303 4181 Nephthalim,
1321 4121 1375 4165 et
1405 4112 1583 4166 cancri
1614 4110 1705 4179 qui
1740 4110 2007 4163 maritima

428 4217 483 4261 et
518 4216 669 4261 trans
700 4204 1014 4267 Iordanem,
1041 4203 1263 4258 Galilzna
1287 4204 1548 4272 gentium.
1581 4223 1599 4255 ι
1642 4203 1922 4257 Vultenitn
1956 4214 2012 4255 ιιι

432 4304 487 4361 ii.
522 4301 615 4371 qui
650 4316 849 4370 magna
890 4298 1147 4352 salutaris
1198 4298 1289 4351 Dei
1340 4298 1608 4351 adventus
1648 4297 1765 4350 luce
1803 4299 2010 4365 dignati

431 4404 579 4461 sunt,
604 4394 844 4450 fructum
875 4392 1216 4448 rationabilis
1263 4403 1421 4463 potus
1450 4391 1706 4459 operibus
1762 4392 2008 4446 reddant.

430 4489 614 4543 Primo
673 4488 856 4556 itaque
907 4485 1147 4542 Galilazis
1196 4485 1397 4541 bonum
1441 4484 1691 4538 nuntium
1741 4482 2007 4538 declarat.

2186 2848 2202 2877 ι
2226 2829 2337 2881 Καὶ
2364 2826 2483 2897 ἥξει
2540 2828 2624 2895 ἐφ’
2650 2826 2793 2895 ὑμᾶς
2825 2822 3038 2894 σκληρά
3085 2821 3267 2893 λιμός·
3311 2825 3404 2875 καὶ
3437 2820 3589 2874 ἔσται
3614 2820 3691 2884 ὡς

2114 2920 2177 2974 ἂν
2208 2920 2525 2990 πεινάσητε,
2579 2917 2953 2988 λυπηθήσεσθε
2996 2916 3115 2977 καὶ,
3164 2913 3347 2977 κακῶς
3377 2914 3547 2983 ἐρεῖτε
3601 2911 3691 2966 τὸν

2112 3013 2367 3084 ἄρχοντα,
2408 3010 2502 3064 καὶ
2541 3010 2607 3063 τά
2643 3011 2847 3081 πάτρια
2872 3025 2883 3037 ·
2917 3009 3012 3061 καὶ
3066 3005 3450 3074 ἀνάϐλεψονται
3485 3005 3563 3067 είς
3600 3003 3694 3057 τὸν

2112 3106 2339 3176 οὐρανὸν
2370 3104 2500 3158 ἄνω.
2533 3122 2551 3153 ›
2586 3104 2755 3156 ’Όταν
2782 3098 2873 3154 οὖν
2896 3100 3218 3171 παραϐάτης
3250 3098 3455 3167 γένοιτό
3482 3115 3567 3159 τις
3598 3097 3695 3149 τοῦ

2116 3194 2258 3247 θείου
2301 3194 2487 3263 νόμου,
2542 3193 2636 3246 καὶ
2684 3192 2995 3261 ἀποστάτης
3045 3189 3230 3253 αὑτοῦ,
3290 3188 3694 3250 σκανδαλισθεὶς

2111 3287 2217 3341 ὑπὸ
2241 3287 2351 3339 τῶν
2384 3288 2509 3349 τοὺς
2541 3286 2824 3357 χρησμοὺς
2851 3285 2945 3338 καὶ
2973 3284 3070 3349 τὰς
3105 3283 3359 3353 μαντείας
3384 3280 3481 3345 τὰς
3507 3280 3695 3349 δαιμο-

2108 3377 2267 3442 νικάς
2306 3376 2739 3452 προϊσχομένων,
2788 3375 2945 3445 λιμὸς
2970 3374 3187 3445 τροφῶν
3234 3370 3464 3440 λογικῶν
3503 3369 3695 3427 τοῦτον

2108 3468 2431 3535 διαδέξεται,
2472 3470 2566 3523 καὶ
2615 3467 2893 3531 ἔκστασις,
2940 3467 3034 3519 xai.
3065 3464 3440 3538 παροξυσμὸς·
3488 3462 3580 3515 καὶ
3612 3462 3695 3525 είς

2112 3563 2462 3633 βλασφήμους
2490 3562 2809 3631 ἐμπεσεῖται
2847 3560 3158 3629 λογισμοὺς,
3190 3555 3575 3628 καταρώμενος
3601 3553 3697 3607 τὸν

2112 3653 2276 3706 πάλαι
2307 3651 2529 3723 βασιλέα
2578 3651 2762 3716 αὐτοῦ,
2803 3652 2860 3702 ὃν
2906 3650 2999 3703 καὶ
3029 3650 3148 3702 θεὸν
3185 3647 3378 3701 ἐαυτοῦ
3422 3645 3690 3717 ὠνόμαζε.

2115 3768 2133 3798 ι
2162 3749 2271 3801 Καὶ
2303 3747 2404 3801 οὐκ
2431 3744 2838 3817 ἀπορηθήσεται
2860 3745 2887 3796 ὁ
2913 3745 2971 3796 ἐν
3006 3741 3333 3813 στενοχωρίᾳ
3356 3739 3431 3793 ὢν
3450 3740 3556 3802 ἕως
3577 3756 3695 3791 και⁴

2115 3838 2229 3911 ροῦ.
2257 3858 2276 3891 ›

2649 3924 3047 3978 ΚΕΦΑΛΑῘΟΝ
3079 3920 3154 3974 9'.

2188 4041 2204 4071 ι
2228 4019 2399 4073 Τοῦτο
2423 4018 2638 4090 πρῶτον
2674 4018 2764 4070 πίε
2784 4034 2797 4047 ⁸
2828 4017 2963 4086 ταχὺ
2993 4016 3154 4078 ποίει,
3205 4012 3357 4085 χώρα
3387 4007 3693 4073 Ζαϐουλὼν,

2114 4118 2147 4185 ἡ
2196 4114 2268 4184 γῆ
2303 4110 2643 4181 Νεφθαλείμ,
2680 4110 2775 4162 καὶ
2802 4110 2851 4162 oi
2878 4107 3053 4160 λοιποὶ
3097 4107 3147 4160 oi
3170 4106 3267 4176 τὴν
3300 4104 3568 4174 παραλίαν
3600 4102 3697 4155 καὶ

2114 4207 2289 4278 πέραν
2339 4204 2430 4257 τοῦ
2472 4202 2757 4273 Ἰορδάνου,
2789 4199 3046 4253 Γαλιλαία
3088 4198 3195 4251 τῶν
3228 4197 3413 4250 ἐθνῶν.
3444 4214 3461 4245 ι
3503 4193 3698 4247 Βούλε-

2114 4314 2203 4350 ται
2224 4294 2333 4367 γὰρ
2362 4294 2428 4347 δι’
2472 4292 2649 4364 ἔργων
2682 4292 2772 4345 τον
2827 4289 3035 4361 καρπὸν
3062 4287 3154 4341 τοῦ
3189 4284 3407 4355 λογικοῦ
3458 4284 3698 4354 πόματος

2116 4387 2422 4443 ἀποδιδόναι
2456 4388 2581 4450 τοὺς
2615 4382 3051 4448 καταξιωθέντας
3102 4379 3196 4433 τοῦ
3234 4377 3469 4449 μεγάλου
3524 4373 3698 4443 φωτὸς

2115 4482 2213 4552 τῆς
2244 4480 2512 4550 σωτηρίου
2560 4476 2896 4546 θεοφανείας.
2931 4473 3153 4547 Πρῶτον
3201 4468 3292 4524 οὖν
3323 4472 3433 4531 τοῖς
3466 4468 3556 4520 ἐπὶ
3599 4466 3700 4536 τῆς

431 4583 535 4637 Par
572 4581 773 4651 quippe
807 4590 927 4634 erat
961 4578 1239 4648 regionem
1277 4577 1422 4632 illam
1457 4592 1563 4631 non
1608 4576 1823 4631 silentio
1871 4594 2002 4646 prter

2121 4573 2407 4635 Γαλιλαίας
2440 4569 2869 4639 εὐαγγελίζεται.
2904 4566 3053 4619 Ἔδει
3079 4565 3189 4636 γὰρ
3236 4562 3368 4635 μηδὲ
3389 4561 3486 4631 τὴν
3514 4558 3699 4651 χώραν

431 4672 618 4736 terire,
684 4670 737 4724 in
802 4683 907 4738 qua
976 4666 1299 4723 Emmanuel
1363 4668 1413 4721 in
1482 4681 1581 4719 suo
1643 4666 1708 4719 ad
1766 4666 2013 4721 homines

432 4764 662 4818 adventu
718 4777 900 4816 moras
952 4762 1199 4815 facturus
1257 4768 1401 4813 erat.
1456 4758 1623 4828 Regio
1667 4768 1847 4811 autem
1897 4770 2013 4813 erat

429 4855 655 4911 Galiltea
680 4896 697 4921 ,
731 4856 840 4910 imo
866 4856 1032 4910 etiam
1068 4866 1216 4909 trans
1248 4851 1542 4907 Jordanetn
1574 4860 1692 4903 erat
1721 4850 1835 4904 haec
1865 4851 2014 4905 Gali-

432 4949 553 5015 lara,
606 4950 659 5003 in
713 4964 821 5021 qua
864 4948 1212 5017 frequentius
1265 4954 1518 4999 versatus
1573 4944 1823 4998 Christus
1878 4956 2007 4997 est:

430 5057 604 5113 quare
632 5041 925 5097 salutarem
961 5050 1144 5111 potum
1175 5052 1230 5093 et
1261 5038 1433 5092 lucem
1460 5037 1576 5103 ejus
1611 5036 1804 5090 incolis
1840 5037 2016 5106 primo

434 5134 742 5191 annuntiat.
802 5130 975 5201 Hujus
1027 5147 1191 5201 porro
1250 5128 1453 5184 viviﬁci
1500 5141 1661 5198 potus
1723 5128 2011 5199 imaginem

432 5226 766 5283 sensibiliter
809 5225 1061 5282 exhibuit
1105 5222 1388 5286 Servator,
1433 5224 1671 5292 quando,
1725 5222 1927 5292 nuptiis
1962 5221 2014 5275 in

431 5320 576 5377 Cana
608 5320 849 5377 Galilaeaa
884 5315 1196 5377 celebratis,
1220 5315 1451 5384 primutn
1476 5314 1795 5368 miraculum
1825 5312 2014 5376 edidit,

433 5432 585 5485 aqua:
610 5414 820 5470 scilicet
850 5414 904 5467 in
936 5411 1118 5465 vinum
1145 5408 1520 5465 mutationem.

507 5599 674 5655 Vsus.
707 5598 765 5652 2.
808 5615 829 5649 ι
865 5593 1134 5663 Populus,
1172 5592 1263 5661 qui
1296 5590 1612 5645 ambulabat
1657 5590 1712 5645 in
1760 5587 2017 5651 tenebris,

437 5695 574 5749 vidit
630 5694 806 5748 lucem
860 5703 1155 5759 magnam:
1214 5686 1530 5741 habitantes
1589 5684 1643 5738 in
1700 5682 1921 5753 regione
1967 5689 2023 5733 et

438 5789 630 5839 umbra
702 5783 914 5846 mortis,
972 5781 1062 5835 lux
1118 5780 1419 5851 splendebit
1482 5791 1643 5846 super
1700 5790 1814 5827 vos.
1878 5790 1895 5820 ι
1957 5771 2020 5823 Et

438 5880 572 5935 alias
618 5876 837 5949 quidem
889 5876 945 5935 in
991 5874 1227 5933 tenebris
1277 5874 1530 5943 agebant,
1583 5869 1674 5938 qui
1730 5875 2018 5933 antequam

2119 4663 2527 4733 ἀποσιωπῆσαι,
2565 4660 2685 4715 καθ’
2707 4661 2773 4729 ἦν
2796 4660 2893 4722 τὰς
2934 4656 3213 4727 διατριϐάς
3246 4651 3505 4707 ποιεῖσθαι
3531 4649 3703 4720 ἠμελ-

2120 4757 2210 4809 λεν
2235 4752 2543 4825 ἀνθρώποις
2582 4752 2867 4821 ἐπιφανεὶς
2894 4753 2922 4803 ό
2962 4746 3326 4820 Ἐμμανουήλ.
3374 4745 3437 4796 Ἡ
3462 4741 3518 4794 δὲ
3548 4738 3703 4811 χώρα

2119 4846 2187 4920 ἦν
2213 4846 2465 4901 Γαλιλαία
2487 4862 2500 4875 ·
2529 4844 2663 4897 ἀλλά
2693 4844 2787 4897 καὶ
2820 4842 2989 4913 πέραν
3016 4840 3109 4893 τοῦ
3152 4836 3413 4909 Ἰορδάνου
3444 4830 3703 4901 τυγχάνει

2122 4943 2154 5012 ἡ
2192 4939 2447 4993 Γαλιλαία
2480 4935 2640 5004 αῦτη,
2676 4938 2734 4989 ἐν
2765 4929 2923 5008 ᾖτάς
2966 4932 3220 4991 πλείστας
3253 4928 3543 4997 ἐποιήσατο
3584 4921 3700 4974 δια-

2118 5032 2309 5104 τριϐὰς
2341 5034 2371 5084 ό
2401 5029 2633 5101 Χριστός
2657 5046 2669 5058 ο
2696 5028 2776 5081 διὸ
2801 5028 2961 5080 ποτὸν
3002 5025 3288 5094 σωτήριον,
3334 5020 3425 5073 καὶ
3455 5017 3567 5086 φῶς
3604 5014 3704 5085 μὲ·

2117 5142 2188 5192 γα
2221 5126 2333 5186 τοῖς
2361 5123 2419 5175 ἐν
2447 5122 2581 5190 αὐτῇ
2617 5115 3024 5186 εὐαγγελίζεται
3057 5113 3312 5184 πρώτοις.
3342 5108 3448 5162 Τοῦ
3471 5106 3528 5161 δὲ
3564 5105 3704 5169 Cmo-

2117 5215 2270 5267 ποιοῦ
2297 5213 2489 5267 τούτου
2520 5209 2687 5263 ποτοῦ
2722 5208 2907 5265 εἰκόνα
2939 5206 3195 5275 παρεῖχεν
3223 5204 3251 5254 ὁ
3290 5201 3481 5270 Σωτὴρ
3513 5197 3701 5267 αἰσθη-

2115 5307 2243 5370 τῶς,
2270 5304 2507 5376 ὁπηνίκα
2539 5302 2719 5372 γάμου
2753 5296 3173 5366 συντελουμένου
3202 5296 3260 5347 ἐν
3297 5294 3449 5347 Κανᾶ
3471 5290 3568 5359 τῆς
3596 5290 3633 5340 Γ
3639 5307 3700 5340 αα

2117 5400 2348 5461 λιλαίας,
2397 5396 2621 5468 πρῶτον,
2640 5392 2939 5465 παράδοξον
2973 5390 3287 5462 εἰργάσατο,
3323 5386 3421 5455 τὴν
3451 5382 3544 5436 τοῦ
3579 5380 3705 5434 i360.-

2118 5508 2207 5554 τος
2231 5492 2310 5552 εἰς
2328 5484 2470 5541 οἶνον
2502 5484 2821 5556 μεταϐολήν.

2204 5602 2223 5633 ι
2247 5582 2303 5634 't)
2318 5578 2810 5649 λαδςὸκαθήμενος
2849 5578 2906 5628 ἐν
2938 5576 3119 5627 σκότει
3151 5567 3257 5625 εἶδε
3286 5568 3400 5638 φῶς
3449 5566 3593 5639 μέγα
3613 5580 3626 5593 ο
3653 5563 3704 5615 oi

2129 5671 2507 5733 κατοικοῦντες
2538 5670 2595 5721 ἐν
2624 5668 2777 5739 χώρα
2798 5667 2891 5720 καὶ
2926 5668 3055 5735 σκιᾷ
3072 5664 3323 5723 θανάτου,
3355 5658 3469 5728 φῶς
3502 5654 3704 5725 λάμψει

2127 5768 2214 5835 ἐφ’
2248 5766 2410 5835 ὑμᾶς.
2446 5782 2463 5815 ι
2504 5761 2611 5815 Καὶ
2641 5760 2814 5823 ἄλλως
2840 5758 2895 5810 δέ
2917 5760 2973 5810 ἐν
3005 5756 3184 5810 σκότει
3214 5753 3503 5821 ἐτύγχανον
3535 5752 3581 5802 οἱ
3601 5748 3705 5818 πρὸ

2126 5861 2222 5931 τῆς
2258 5855 2605 5928 ἐπιλέιμψεως
2644 5854 2734 5907 τεῦ
2772 5848 3004 5923 Χριστοῦ
3048 5851 3103 5900 ἐν
3134 5846 3375 5917 ἀγνωσία
3406 5844 3553 5903 hinc;
3614 5841 3701 5892 τοῦ
