3968 6500
257 407 354 463 H9

1182 397 1692 453 COMHENTARIA
1732 396 1800 450 ΙΝ
1840 396 2096 451 ISAIAM.
2136 429 2193 438 —-
2244 397 2395 452 CAP.
2439 398 2530 453 IX.

3411 398 3511 455 150

256 529 429 588 φωτὸς
456 514 553 569 τοῦ
581 514 837 586 ἀληθινοῦ
867 529 880 542 ⁸
910 514 967 565 ὲν
1002 514 1131 584 σκιᾷ
1163 514 1218 566 δὲ
1249 514 1479 569 θανάτου
1512 512 1651 587 ἦσαν
1678 518 1729 569 οἱ
1771 516 1839 570 τά

1948 519 2195 573 Christus
2267 518 2643 584 illucesceret,
2700 520 2751 574 in
2818 535 2958 575 verte
3017 519 3153 575 lucis
3207 520 3507 590 ignorantia

255 608 387 679 πρὸς
417 606 649 660 θάνατον
678 604 1103 675 ἁμαρτάνοντες,
1130 604 1270 658 κατά
1296 606 1576 679 τὸ,ιΨυχὴ
1598 610 1630 678 ή
1658 610 1839 679 ἀμαρ-

253 701 510 762 τάνουσα,
538 695 675 768 αὑτὴ
704 696 1074 750 ἀποθανεῖται.
1113 713 1132 746 ι
1190 696 1329 749 Ἀλλ’
1351 698 1459 773 ,ἕως
1494 699 1591 768 μὲν
1645 701 1704 752 ἐν
1760 699 1837 770 τῷ

254 790 482 861 παρόντι
516 788 616 859 βίῳ
644 787 900 857 τυγχάνει
937 786 962 839 ὁ
1025 785 1161 858 πρὸς
1213 788 1439 842 θάνατον
1486 789 1834 861 ἁμαρτάνων,

254 883 348 952 ούχ
382 880 528 933 οὕτω
560 879 735 947 πάντη
770 878 1146 932 καταπέποται
1181 878 1284 932 ὑπὸ
1334 878 1428 932 τοῦ
1479 880 1729 942 θανάτου,
1762 881 1837 945 ὡς

255 975 330 1045 μὴ
364 971 629 1027 δύνασθαι
667 970 986 1041 μεταϐαλὼν
1036 970 1292 1041 σωθῆναι,
1350 971 1464 1025 ἀλλ’
1504 972 1623 1026 οὐδὲ
1665 973 1838 1044 ἀπήλ-

252 1066 449 1117 λακται
476 1061 642 1115 αὑτοῦ
675 1060 974 1124 παντελῶς,
1008 1060 1087 1113 διὸ
1120 1062 1335 1130 λέγεται
1388 1059 1526 1116 εἷναι
1592 1064 1650 1115 ὲν
1711 1063 1838 1133 σκιᾷ

254 1156 508 1211 θανάτου.
543 1154 690 1225 [Ι-λὴν
723 1153 1035 1225 ἐπιλάμψας
1084 1154 1291 1219 τούτοις
1324 1156 1579 1227 πρώτοις,
1614 1156 1711 1227 τήν
1739 1158 1836 1227 χά-

258 1264 341 1319 ριν
366 1245 464 1301 τοῦ
504 1246 743 1317 μεγάλου
778 1245 954 1314 φωτὸς
976 1246 1285 1318 ἐδωρήσατο
1311 1250 1340 1301 6
1393 1247 1482 1301 διὰ
1535 1248 1645 1300 τῶν
1705 1264 1837 1319 προ-

254 1340 523 1410 κειμένων
558 1338 961 1409 θεσπιζόμενος.
1005 1338 1093 1391 Ἐν
1122 1338 1295 1412 ταύτῃ
1323 1355 1383 1391 τε
1414 1342 1480 1410 τῇ
1510 1338 1662 1409 χώρα
1693 1338 1838 1409 πρώ-

254 1448 323 1503 τῃ
364 1432 618 1486 πλεῖστον
663 1431 789 1485 λαὸν
827 1432 1093 1502 ἐκτήσατο
1121 1472 1137 1497 ,
1192 1430 1267 1495 ὡς
1292 1431 1387 1485 καὶ
1414 1432 1504 1486 τὸν
1554 1431 1838 1485 ἀποστολι-

254 1524 346 1577 κδν
371 1524 535 1595 χορὸν
569 1524 629 1589 ἐξ
656 1524 835 1578 αὐτῶν
861 1523 1202 1588 ἐκλέξασθαι.
1230 1524 1385 1585 Τίνες
1414 1518 1507 1577 οὖν
1533 1519 1672 1594 ἦσαν
1705 1525 1753 1576 oi
1780 1524 1839 1576 ὲν

258 1617 439 1669 σκότει
468 1617 563 1669 καὶ
589 1618 716 1687 σκιᾷ
739 1616 969 1669 Θανάτου
1002 1616 1034 1687 ἦ
1087 1617 1136 1669 οἱ
1177 1617 1233 1668 ἐν
1260 1615 1501 1687 ἀγνωσία
1550 1614 1642 1667 τοῦ
1703 1615 1841 1670 Θεοῦ

253 1706 312 1760 τὸ
340 1706 473 1777 πρὶν
507 1705 925 1777 κατεσχημένοι,
958 1705 1052 1758 καὶ
1084 1707 1131 1758 οἱ
1161 1705 1238 1775 τῷ
1267 1705 1481 1775 θανάτῳ
1528 1705 1627 1775 τῆς
1660 1704 1840 1775 ψυχῆς

252 1798 641 1869 δεδουλωμένοι
662 1814 678 1863 ;

324 2000 344 2034 ι
380 1980 456 2035 Τὸ
482 1980 732 2035 πλεῖστον
759 1980 850 2034 τοῦ
880 1980 1011 2034 λαοῦ
1040 1981 1068 2034 ὃ
1101 1981 1410 2051 κατήγαγες
1436 1982 1493 2033 ἐν
1527 1982 1836 2054 εὐφροσύνῃ

255 2091 369 2137 σου,
406 2074 502 2127 καὶ
523 2074 990 2145 εὐφρανθήσονται
1017 2073 1243 2127 ἐνώπιόν
1276 2091 1391 2140 σου,
1424 2074 1501 2136 ὡς
1533 2076 1582 2127 οἱ
1611 2074 1838 2146 εὐφραι-

252 2166 467 2236 νόμενοι
499 2167 557 2220 ἐν
598 2167 790 2238 ἀμήτῳ
813 2206 827 2229 ,
859 2166 952 2219 καὶ
983 2165 1040 2219 δν
1071 2166 1269 2237 τρόπον
1297 2166 1756 2237 εὐφρανθήσονται
1788 2168 1837 2219 οἱ

251 2258 618 2330 διαιρούμενοι
657 2260 859 2312 σκῦλα·
896 2260 1028 2313 διότι
1057 2260 1483 2332 ἀφαιρεθήσεται
1509 2262 1537 2314 6
1571 2260 1836 2329 ζυγὸςέπ’

252 2352 434 2405 αὐτῶν
455 2352 726 2423 κείμενος.
754 2372 774 2405 ι
816 2354 887 2406 Ἦ
930 2354 1113 2425 ἐπειδὴ
1144 2355 1382 2408 πλεῖστοι
1437 2356 1535 2425 μὲν
1585 2356 1837 2408 ἐπίστευ-

255 2462 378 2510 σαν,
415 2444 636 2509 πλείους
663 2446 718 2499 δὲ
747 2449 813 2517 τῇ
853 2448 1082 2519 ἀπιστία
1112 2449 1493 2519 ἐναπέμειναν,
1528 2449 1755 2512 εἰκότως
1778 2450 1840 2501 τὸ

254 2536 509 2591 πλεῖστον
561 2536 654 2591 τοῦ
682 2537 813 2591 λαοῦ
847 2537 1095 2593 λέλεκται
1132 2540 1230 2611 τῆς
1260 2541 1530 2612 σωτηρίου
1592 2540 1841 2611 μετειλη-

254 2630 412 2698 φέναι
440 2631 801 2702 εὐφροσύνης.
838 2631 1100 2703 Σημαίνει
1121 2632 1176 2686 δὲ
1203 2631 1292 2686 διὰ
1310 2633 1533 2695 τούτοιν,
1570 2633 1707 2704 πρὸς
1741 2633 1839 2703 τὴν

255 2723 550 2794 πρόχειρον
576 2723 751 2790 λέξιν·
798 2725 886 2778 Ἐν
989 2725 1119 2777 ποτὲ
1153 2725 1251 2795 μὲν
1295 2727 1403 2779 ἀπὸ
1442 2726 1605 2778 πέντε
1661 2727 1841 2797 ἀρτων

259 2814 461 2884 πλῆθος
477 2814 686 2886 ἀνδρῶν
712 2815 1157 2886 πεντακισχιλίων
1184 2815 1449 2887 ἐθρέψατο
1481 2817 1538 2869 ὲν
1566 2818 1631 2888 τῇ
1653 2815 1840 2886 δηλου-

260 2906 393 2977 μένη
422 2904 598 2977 χώρᾳ,
653 2905 782 2960 ποτέ
814 2906 875 2971 ἐξ
936 2908 1074 2960 ἐπτά
1126 2907 1589 2978 τετρακισχιλίους
1644 2906 1841 2979 ἄνδρας

256 3000 425 3069 χωρὶς
462 2999 738 3069 γυναικῶν
769 3000 865 3053 καὶ
892 2999 1133 3053 παιδίων.
1170 3000 1261 3054 Διὸ
1290 3000 1537 3055 λέλεκται
1572 3000 1713 3054 κατά
1750 2998 1841 3052 τὸν

257 3091 557 3162 Σύμμαχον
595 3111 613 3143 ι
665 3091 985 3164 Εὐφροσύνῃ
1017 3091 1398 3163 εὐφράνθησαν
1430 3091 1657 3146 ἐνώπιόν
1723 3108 1839 3156 σου,

1940 619 2134 665 erant:
2183 611 2236 664 in
2294 610 2486 663 umbra
2542 621 2720 665 autem
2771 612 2961 666 mortis
3006 620 3190 676 erant,
3248 621 3513 680 quolun

1941 700 2245 756 tuortaltter
2293 710 2690 769 peccaverant,
2741 703 3038 756 secundum
3071 702 3230 756 illud:
3267 719 3284 752 ι
3320 702 3510 754 Anima

1938 810 2057 863 quae
2092 793 2429 864 peccaverit,
2477 792 2595 863 ipsa
2648 794 2908 849 morietur
2940 795 3007 848 ".
3044 813 3062 846 ι
3114 795 3218 848 Sed
3267 794 3509 864 quautliu

1939 884 1984 937 is
2028 883 2116 953 qui
2166 892 2357 953 peccat
2409 882 2475 937 ad
2510 894 2759 945 mortem,
2796 883 2846 937 in
2892 885 3144 952 prtesenti
3180 886 3282 937 vita
3323 884 3505 953 degit,

1940 992 2045 1029 non
2081 977 2153 1029 ita
2202 992 2424 1045 prorsus
2466 977 2793 1031 absorbetur
2826 991 2855 1029 a
2897 988 3091 1043 morte,
3129 989 3186 1031 ιιι
3231 994 3336 1032 non
3383 994 3508 1046 pos-

1938 1068 2010 1121 sit
2044 1066 2411 1135 resipisceudo
2447 1068 2678 1123 salutem
2718 1067 3001 1133 nancisci;
3041 1069 3134 1124 sed
3183 1084 3281 1123 nec
3321 1084 3386 1123 ex
3420 1070 3508 1122 il'a

1938 1162 2154 1229 penitus
2205 1160 2503 1223 liberatur,
2558 1174 2731 1230 quare
2789 1161 2994 1215 dicitur
3042 1175 3164 1215 esse
3216 1161 3268 1214 in
3316 1162 3509 1215 umbra

1941 1253 2153 1308 mortis.
2190 1253 2461 1308 Caeterum
2514 1253 2598 1308 bis
2624 1252 2901 1323 prioribus
2933 1253 3287 1316 illucescens.
3330 1254 3508 1321 magni

1941 1342 2163 1398 luminis
2200 1345 2433 1413 gratiam
2465 1343 2735 1413 elargitus
2757 1354 2840 1399 est
2871 1344 2937 1408 is,
2978 1345 3066 1412 qui
3103 1343 3153 1397 in
3186 1343 3286 1396 hoc
3319 1344 3507 1396 vatici-

1942 1434 2033 1489 nio
2069 1434 2263 1490 fertur.
2323 1436 2378 1489 In
2417 1436 2519 1492 hac
2560 1450 2724 1505 porro
2777 1437 2997 1507 regione
3043 1435 3218 1505 primo
3262 1450 3507 1503 magnam

1940 1524 2125 1594 populi
2161 1525 2561 1581 multitudinem
2596 1528 2909 1596 acquisivit,
2965 1528 3035 1581 ita
3075 1536 3133 1579 ut
3176 1527 3338 1579 etiam
3383 1540 3512 1595 apo-

1940 1618 2196 1673 stolicum
2243 1619 2471 1675 cborum
2524 1635 2589 1675 ex
2633 1635 2701 1674 ea
2765 1619 3048 1690 deligeret.
3099 1616 3328 1683 Quinam
3382 1632 3512 1686 ergo

1940 1720 2100 1764 erant
2133 1710 2204 1764 illi
2257 1711 2308 1763 itt
2357 1710 2598 1765 tenebris
2634 1719 2689 1765 et
2729 1712 2919 1763 umbra
2972 1711 3163 1767 mortis
3193 1719 3471 1764 versantes
3494 1750 3509 1772 ,

1942 1801 2049 1857 nisi
2077 1801 2169 1870 qui
2199 1801 2353 1871 prius
2384 1802 2691 1870 ignorantia
2725 1801 2818 1856 Dei
2855 1803 3258 1865 detinebantur,
3286 1811 3339 1855 et
3368 1816 3514 1855 mor-

1872 1869 1911 1921 Β
1944 1896 2013 1949 tis
2043 1869 2239 1949 animae
2272 1869 2523 1949 servituti
2578 1895 2783 1950 addicti
2829 1896 3022 1950 erant?

2012 1986 2182 2042 Vens.
2210 1988 2330 2041 3-4.
2384 2004 2403 2039 ι
2451 1985 2736 2042 Multitudo
2780 1988 3001 2058 populi,
3042 2004 3204 2057 quam
3239 1987 3511 2041 deduxisti

1939 2081 1992 2133 in
2037 2079 2224 2134 laetitia
2273 2090 2388 2143 tua,
2440 2087 2497 2133 et
2537 2078 2865 2134 laetabuntur
2900 2094 3085 2135 coram
3129 2089 3199 2142 te,
3247 2080 3385 2133 sicut
3420 2080 3510 2147 qui

1942 2171 2193 2226 Imtantur
2239 2172 2293 2226 in
2328 2185 2529 2235 messe,
2573 2180 2626 2226 et
2673 2171 3129 2241 quemadmodum
3188 2170 3514 2223 Iaatabuntnr

1938 2263 2031 2331 qui
2064 2263 2310 2317 dividunt
2348 2262 2571 2333 spolia:
2623 2264 2749 2332 quia
2808 2261 3088 2317 auferetur
3133 2260 3324 2332 jugum
3379 2260 3515 2327 ipsis

1942 2355 2279 2425 impositum.
2332 2373 2351 2407 ι
2410 2356 2578 2419 Sive,
2633 2355 2758 2424 quia
2809 2354 2963 2410 multi
3007 2354 3226 2425 quidem
3273 2354 3521 2409 credide-

1944 2455 2110 2508 rttnt,
2161 2445 2256 2500 sed
2310 2445 2480 2501 multo
2532 2445 2719 2516 plures
2768 2447 2820 2499 in
2871 2445 3249 2501 incredulitate
3302 2460 3517 2498 manse-

1944 2548 2089 2604 runt,
2133 2538 2257 2607 jure
2282 2540 2484 2595 dicitur
2530 2539 2727 2592 tnultns
2756 2554 2820 2592 ex
2857 2537 3052 2609 populo
3087 2538 3349 2593 salutaris
3383 2539 3518 2591 laeti-

1944 2632 2032 2685 tiae
2064 2629 2588 2687 consortesfuisse.
2647 2629 2741 2685 His
2781 2645 2943 2699 porro
2994 2630 3288 2700 significat,
3340 2631 3517 2697 quoad

1941 2723 2161 2776 obvium
2203 2722 2398 2777 litterae
2449 2735 2709 2787 sensum,
2750 2723 3023 2792 regionem
3079 2722 3247 2785 illam,
3294 2722 3382 2775 ubi
3418 2722 3517 2775 ali-

1941 2815 2160 2887 quando
2191 2830 2258 2871 ει
2291 2815 2532 2884 quinque
2562 2816 2793 2883 panibus
2837 2815 3050 2867 turbam
3085 2814 3324 2866 virorum
3356 2816 3516 2881 quin-

1942 2924 2048 2979 que
2082 2907 2307 2962 millium
2344 2908 2638 2974 enutrivit;
2664 2906 2957 2974 aliquando
2993 2915 3173 2959 autem
3205 2918 3271 2958 ex
3305 2914 3512 2972 septem

1944 2996 2191 3068 panibus,
2237 3005 2473 3064 quatuor
2519 2994 2684 3050 millia
2731 2994 2999 3057 virorum,
3028 3002 3224 3064 praeter
3260 2992 3513 3047 mulieros

1945 3099 2000 3143 et
2059 3088 2339 3158 parvulos.
2384 3088 2751 3155 Quamobrem
2813 3086 3017 3141 dictum
3077 3093 3162 3140 est
3212 3085 3512 3140 secundum

258 3184 334 3248 ὡς
364 3184 707 3256 εὐφροσύνην
754 3186 811 3237 ἐν
840 3182 1101 3255 θερισμῷ.
1148 3203 1167 3235 ι
1219 3184 1373 3238 Οὕτω
1410 3183 1542 3252 γοῦν
1574 3184 1625 3237 οἱ
1664 3185 1721 3236 ἐν
1751 3183 1839 3237 Θε-

1948 3180 2359 3254 Symmachum,
2395 3197 2415 3232 ι
2468 3179 2679 3236 Laetitia
2724 3177 2893 3233 laetati
2944 3188 3072 3233 sunt
3122 3179 3175 3232 in
3224 3189 3525 3247 conspectu

265 3274 447 3345 ρισμῷ
469 3275 794 3346 τρεφόμενοι
825 3273 1200 3345 ήθροισμένως
1224 3274 1363 3329 κατὰ
1390 3275 1452 3327 τὸ
1479 3275 1611 3329 αὐτὸ
1642 3291 1845 3345 συμποο

262 3366 470 3431 σιάζειν
521 3365 764 3419 εἰώθασι.
798 3365 954 3419 Κατά
1004 3366 1238 3419 διάνοιαν
1273 3367 1396 3420 δὲοὶ
1436 3367 1721 3420 ἀπόστολοι
1748 3366 1842 3419 τοῦ

260 3459 514 3529 Σωτῆρος
544 3457 699 3529 ήμῶν
733 3461 825 3512 καὶ
847 3459 895 3510 oi
926 3457 1126 3512 τούτων
1154 3458 1421 3529 διάδοχοι.
1454 3459 1507 3512 οἴ
1527 3476 1585 3511 τε
1622 3460 1701 3521 εἰς
1726 3458 1844 3511 δεῦ-

263 3567 325 3625 ρο
356 3552 467 3604 τῶν
487 3551 793 3623 ἐκκλησιῶν
839 3550 1000 3605 αὐτοῦ
1029 3551 1391 3623 προεστῶτες,
1415 3552 1512 3623 τῆς
1534 3550 1719 3609 ἐνθέου
1751 3552 1843 3605 εύ-

261 3643 537 3714 φροσύνης
567 3641 970 3714 μετελάμϐανον
1002 3641 1232 3696 ἐνώπιον
1263 3642 1357 3695 τοῦ
1391 3642 1641 3714 Σωτῆρος
1662 3644 1843 3715 ήμῶν,

259 3734 416 3806 δίκην
445 3734 712 3805 ἀμώντων
737 3734 1125 3807 ἐργαζόμενον
1170 3735 1400 3805 ἐπείπερ
1433 3736 1661 3806 ἐργάται
1704 3731 1845 3807 ἦσαν

258 3827 356 3882 τοῦ
385 3828 650 3901 θερισμοῦ
676 3831 784 3885 τῶν
820 3830 1012 3895 ἐθνῶν,
1070 3832 1474 3904 ἐμπιπλάμενοι
1506 3834 1845 3906 εὐφροσύνης

259 3922 359 3974 ἐπὶ
394 3922 473 3993 τῷ
502 3922 695 3994 πλήθει
731 3922 840 3976 τῶν
870 3922 991 3977 καθ’
1033 3925 1273 3997 ἑκάστην
1305 3925 1601 3997 ἐκκλησίαν
1653 3926 1841 3997 ληῖων.

267 4034 286 4062 ι
318 4014 464 4067 Διότι
485 4014 763 4087 ἀφῄρηται
790 4016 820 4068 6
859 4012 1020 4083 ζυγὸς
1047 4017 1075 4069 6
1102 4016 1190 4070 ἐπ’
1212 4017 1392 4071 αὐτῶν
1414 4019 1696 4089 κείμενος,
1750 4017 1846 4070 καὶ

260 4106 296 4174 ή
331 4104 527 4174 ῥάϐδος
556 4106 649 4157 ἐπὶ
678 4105 772 4159 τοῦ
819 4105 1089 4177 τραχήλου
1149 4106 1349 4161 αὐτῶν.
1390 4127 1409 4159 ι
1465 4107 1847 4161 Ἀπεσείσαντο

262 4195 354 4248 τὸν
382 4196 553 4267 βαρὺν
584 4195 748 4265 ζυγὸν
772 4195 867 4251 τοῦ
898 4199 964 4267 τῇ
1010 4195 1221 4268 δουλεία
1274 4198 1373 4269 τῆς
1425 4197 1699 4269 ἁμαρτίας
1747 4197 1845 4249 αύ-

262 4288 393 4352 τοὺς
429 4287 845 4355 ὑποζεύξαντος,
878 4292 974 4345 καὶ
1013 4289 1193 4361 ῥάϐδῳ
1231 4289 1322 4342 τὸν
1348 4288 1617 4361 τράχηλον
1668 4287 1846 4341 αὐτῶν

263 4379 786 4449 κατακάμπτοντος·
822 4379 909 4435 ἴνα
944 4380 1004 4433 τὸ
1053 4380 1404 4434 ἀποστολικὺν
1448 4380 1708 4451 κήρυγμα
1748 4378 1845 4457 τῆς

261 4470 444 4540 ψυχῆς
471 4471 900 4536 καταϐάλλοντες
930 4473 1004 4544 μὴ
1035 4473 1351 4542 ὑποκύψωσι
1398 4476 1465 4545 τῇ
1500 4472 1711 4544 δουλείᾳ
1746 4471 1846 4543 τῆς

1950 3288 2062 3342 ιιιο,
2111 3278 2251 3330 sicut
2290 3274 2473 3329 laetitia
2531 3273 2586 3329 in
2646 3288 2841 3328 messe.
2882 3289 2902 3323 ι
2960 3272 3052 3327 Sic
3098 3272 3280 3341 itaque
3322 3274 3413 3341 qui
3466 3273 3517 3326 in

1947 3386 2126 3426 messe
2167 3370 2504 3435 nutriuntur,
2550 3367 2841 3423 confertim
2881 3375 2937 3421 et
2984 3366 3142 3421 simul
3180 3366 3386 3436 epulari
3428 3382 3520 3419 so-

1948 3463 2078 3516 lent.
2124 3461 2437 3516 Secundum
2475 3459 2813 3529 intelligendi
2863 3459 3131 3514 rationem
3179 3474 3345 3523 vero,
3392 3473 3522 3525 apo-

1945 3552 2066 3608 stoli
2099 3552 2400 3607 Salvatoris
2446 3552 2641 3615 nostri,
2676 3565 2890 3605 necnon
2922 3564 3111 3606 eorum
3148 3564 3517 3609 successores.

1945 3659 2011 3699 ac
2038 3643 2102 3709 ii,
2134 3644 2224 3713 qui
2271 3644 2339 3697 ad
2382 3644 2485 3699 ltoc
2530 3658 2701 3711 usque
2744 3652 2956 3712 tempus
3005 3642 3361 3698 ecclesiarum
3404 3642 3527 3707 eius

1945 3735 2204 3804 prmsules
2231 3735 2479 3798 fuerunt,
2528 3735 2724 3789 divinae
2750 3733 2951 3789 laetitiae
2980 3735 3033 3789 in
3068 3744 3363 3802 conspectu
3400 3733 3521 3787 Sal-

1948 3828 2154 3883 vatoris
2192 3828 2367 3883 nostri
2425 3829 2719 3899 participes
2752 3838 2934 3894 erant,
2980 3828 3296 3883 metentium
3350 3827 3524 3882 instar

1945 3930 2254 3991 operantes,
2296 3921 2424 3990 quia
2480 3923 2676 3977 messis
2723 3922 3003 3993 gentilium
3062 3921 3301 3990 operarii
3339 3929 3520 3976 erant.

1946 4014 2153 4086 perfusi
2191 4014 2391 4081 gaudio
2436 4015 2505 4069 ob
2556 4016 2831 4070 fructuum
2884 4014 2942 4069 in
2994 4014 3224 4084 singulis
3273 4012 3524 4066 ecclesiis

1946 4105 2350 4161 abundantiam.
2388 4123 2406 4157 t
2432 4105 2569 4172 Quia
2592 4106 2833 4161 ablatum
2860 4114 2945 4160 est
2968 4106 3157 4175 iugum
3189 4105 3321 4171 ipsis
3346 4105 3522 4172 impo-

1945 4198 2132 4262 situm,
2172 4205 2228 4251 et
2261 4198 2413 4266 virga
2451 4212 2613 4266 supra
2654 4197 2854 4252 collum
2899 4212 3111 4251 eorum.
3163 4214 3184 4249 ι
3218 4195 3397 4251 Grave
3432 4196 3519 4265 ju-

1947 4305 2072 4360 gum
2101 4288 2231 4345 illud
2282 4301 2669 4353 excusserunt,
2719 4289 2838 4359 ejus
2884 4288 2976 4358 qui
3022 4288 3228 4358 peccati
3268 4288 3521 4342 servituti

1947 4396 2007 4436 se
2059 4381 2376 4453 colligabat,
2428 4382 2630 4450 quique
2660 4382 2810 4450 virga
2861 4391 3025 4454 caput
3071 4382 3310 4449 ipsorum
3343 4381 3527 4451 depri-

1953 4470 2166 4537 luebat;
2220 4480 2280 4526 ut
2332 4470 2689 4541 apostolicam
2742 4471 3186 4540 praedicationem
3237 4470 3292 4524 in
3342 4470 3528 4525 anima

263 4564 565 4634 ἁμαρτίας.
592 4566 660 4618 Ἢ
678 4566 815 4635 τάχα
832 4567 862 4620 6
884 4568 1053 4621 πάλαι
1081 4569 1192 4630 τοῖς
1242 4565 1457 4629 σκύλοις
1478 4564 1841 4636 ἐπικείμενος,

1950 4561 2281 4628 fundantes,
2336 4577 2396 4617 se
2442 4562 2649 4632 peccati
2708 4562 2957 4617 servituti
2999 4577 3104 4617 non
3162 4559 3524 4615 innectereut.

263 4658 453 4726 φησιν,
485 4656 765 4727 ἀφῄρηται
790 4655 969 4727 ζυγὸς,
993 4659 1089 4715 καὶ
1119 4660 1152 4729 ή
1175 4656 1367 4729 ῥάϐδος
1392 4657 1426 4727 ή
1460 4657 1552 4709 ἐπὶ
1582 4655 1674 4710 τοῦ
1718 4673 1850 4727 τρα-

263 4748 431 4819 χήλου
464 4747 575 4801 τῶν
605 4749 787 4803 αὐτῶν⁴
813 4750 1042 4805 σκύλων.
1076 4750 1244 4819 Ζυγὸς
1273 4748 1384 4819 γὰρ
1405 4744 1475 4820 ἦν
1515 4747 1685 4819 βαρὺς
1729 4750 1849 4812 ταῖς

1949 4654 2076 4709 Sive
2114 4653 2375 4718 fortasse,
2408 4653 2625 4723 jugum,
2656 4654 2751 4715 ait.
2800 4654 2988 4723 spoliis
3030 4653 3157 4706 olim
3191 4653 3526 4722 impositum,

1949 4746 2191 4799 ablatum
2238 4755 2360 4810 est,
2403 4760 2613 4800 necnon
2659 4746 2806 4816 virga
2857 4745 3173 4799 earumdem
3231 4744 3527 4814 spoliorum

263 4840 343 4910 τῷ
367 4840 601 4911 διαϐόλῳ
627 4841 825 4913 ψυχαῖς
854 4842 1275 4915 δεδουλωμέναις
1324 4841 1673 4912 ἐπικείμενος
1692 4855 1709 4871 ⁸
1759 4843 1841 4894 καλ

1951 4839 2090 4893 collo
2126 4838 2396 4909 imposita.
2429 4836 2608 4893 Grave
2638 4838 2839 4907 quippe
2862 4838 3053 4907 jugum
3098 4845 3213 4890 erat
3245 4835 3532 4888 animabus

267 4931 463 5003 ῥάϐδος
484 4932 747 5004 θανατικὴ
773 4934 863 4987 τὸν
888 4934 1158 5006 τράχηλον
1188 4931 1365 4987 αὐτῶν
1387 4932 1841 5002 κατακάμπτουσσ

1954 4930 2155 4984 diaboli
2200 4930 2452 4985 servituti
2498 4928 2760 4997 subjectis
2799 4931 3141 4999 impositum,
3183 4944 3248 4982 ac
3286 4927 3532 4981 mortalis

264 5024 365 5078 καὶ
396 5026 546 5079 κάτω
573 5026 751 5080 νεύειν.
791 5026 1018 5080 ποιοῦσα
1038 5044 1052 5057 ο
1088 5019 1162 5080 ὧν
1190 5024 1592 5096 ἀφῃρημένων,
1629 5022 1849 5086 εἰκότως

266 5115 487 5187 ἔχαιρον
511 5117 561 5169 οἱ
588 5115 952 5189 διαιρούμενοι
981 5117 1047 5170 τὰ
1077 5117 1247 5175 σκῦλα
1275 5115 1464 5176 ταῦτα.

344 5316 363 5349 ι
404 5297 517 5368 Τὴν
559 5298 670 5370 γὰρ
716 5299 909 5370 ῥάϐδον
963 5299 1070 5353 τῶν
1117 5299 1495 5354 ἀπαιτούντων
1538 5297 1849 5355 διεσκέδασε

270 5389 496 5461 Κύριος,
544 5391 622 5454 ὡς
650 5394 717 5462 τῇ
752 5392 935 5463 ήμέρα
964 5395 1030 5463 τῇ
1086 5394 1177 5445 ἐπὶ
1204 5392 1451 5463 Μαδιάμ.
1496 5410 1514 5442 ι
1557 5388 1848 5442 Θεοδοτίων

273 5481 479 5551 μέντοι,
503 5480 599 5536 τοῦ
654 5484 1088 5547 ιάπαιτοῦντος,ι
1128 5486 1493 5557 ήρμήνευσεν,
1532 5480 1724 5545 ἐνικῶς
1758 5481 1849 5534 τὸν

270 5570 605 5624 ἀπαιτοῦντα
653 5571 748 5624 καὶ
777 5572 1156 5643 ἐκπράσσοντα
1193 5574 1467 5644 σημήνας·
1499 5571 1740 5640 δηλονότι
1761 5570 1850 5625 τὸν

271 5658 535 5725 διάϐολον,
565 5658 623 5725 ὃς
642 5660 968 5733 ἐκπράσσων
994 5661 1214 5716 διετέλει
1243 5661 1341 5728 τὰς
1391 5661 1496 5714 τῶν
1550 5658 1849 5729 ἀνθρώπων

351 5865 396 5895 ’⁸
436 5862 634 5918 Ειυυιι.
668 5878 824 5928 nm,
858 5861 908 5916 ί.

1958 5020 2130 5089 virga,
2172 5034 2293 5089 qua:
2342 5018 2538 5074 collum
2570 5020 2925 5087 deprimeret,
2961 5036 3027 5073 ac
3079 5022 3330 5075 deorsum
3374 5016 3529 5070 incli-

1958 5111 2075 5165 nari
2123 5120 2386 5181 cogeret:
2419 5112 2619 5182 quibus
2655 5112 2853 5166 ablatis
2897 5112 3092 5166 nterito
3117 5110 3425 5181 gaudebant
3473 5109 3531 5174 ii,

1958 5202 2057 5271 qui
2079 5202 2194 5257 base
2226 5202 2399 5272 spolia
2432 5203 2769 5258 dividebant.

2034 5292 2197 5347 Vens.
2232 5294 2287 5348 5.
2338 5310 2356 5343 t
2416 5293 2632 5364 Virgatn
2681 5294 2827 5346 enim
2869 5302 3187 5347 exacturum
3242 5289 3534 5360 dissipavit

1960 5386 2218 5439 Dominus
2270 5386 2413 5440 sicut
2465 5386 2516 5438 itt
2565 5386 2652 5439 die
2700 5384 2930 5439 Madiau.
2976 5404 2994 5435 ι
3049 5382 3350 5437 Tlteodotio
3398 5400 3531 5439 Sane

1958 5477 2219 5531 exactoris
2258 5476 2644 5547 interpretatus
2678 5487 2780 5538 est,
2830 5485 3175 5545 expetentem
3211 5484 3267 5531 et
3309 5485 3530 5530 exacto-

1959 5583 2071 5622 rem
2110 5565 2458 5637 singulariter
2507 5566 2863 5633 exprimens,
2919 5565 3171 5621 videlicet
3214 5565 3530 5630 diabolum,

1958 5659 2050 5729 qui
2082 5660 2356 5717 exactoris
2392 5661 2751 5717 humanarum
2785 5660 3087 5716 animarum
3116 5661 3289 5719 vicem
3320 5660 3525 5730 agebat,
