3968 6556
387 426 487 487 151
1062 423 1331 482 EUSEBII
1372 424 1847 482 CESARIBNSIS
1884 427 2034 484 OPP.
2077 428 2256 484 PARS
2291 426 2380 483 Ill.
2419 460 2489 471 —-
2526 427 2938 485 EXEGETICA.
3537 427 3643 481 152

387 554 442 599 et
485 545 640 616 quasi
693 543 974 615 vectigalia
1028 546 1389 615 exposcebat,
1441 547 1693 602 nimirum
1742 559 1954 617 peccata

2078 549 2266 620 μυχάςξ
2294 551 2390 604 καὶ
2415 550 2614 619 φόρους
2646 549 2834 621 ὥσπερ
2856 548 3122 612 ἀπαιτῶν,
3158 548 3258 613 τὰς
3307 553 3645 621 χορηγουμέ-

389 652 508 705 qua:
568 637 637 691 illi
691 636 1079 690 admittebant;
1124 637 1356 692 Historia
1408 654 1534 693 vero
1587 637 1797 693 Madian
1842 656 1956 708 spe-

2079 658 2159 704 θας
2184 640 2361 693 αὐτῶν
2386 642 2677 711 ἁμαρτίας.
2710 644 2904 696 Κείται
2927 641 3038 713 δὲή
3088 644 3215 714 περὶ
3268 642 3370 712 τῆς
3419 643 3646 710 Μαδιάμ

389 737 545 782 etans
574 734 752 781 exstat
785 726 835 780 in
883 725 1021 781 libro
1052 725 1303 783 .ludicum
1336 744 1349 779 :
1394 742 1686 801 narratque
1721 745 1956 800 tempore

2078 732 2275 803 ἱστορία
2301 734 2358 785 ἐν
2390 736 2503 796 τοῖς
2539 736 2788 806 Κριταῖς,
2818 738 3147 810 περιέχουσα
3177 737 3252 800 ὡς
3281 736 3375 790 ἐπὶ
3409 733 3504 787 τοῦ
3547 734 3645 786 Γε-

387 815 676 881 Gedeonis,
709 817 956 873 inimicos
980 832 1087 874 non
1121 817 1386 873 instructa
1426 835 1697 877 armorum
1725 824 1842 878 acie
1880 840 1954 877 su-

2075 822 2199 874 Ξεὼν
2221 823 2318 893 οὐχ
2342 822 2525 876 ὃπλων
2575 826 2877 897 παρατάξει
2924 829 3231 899 νενίκηνται
3274 829 3322 880 οἱ
3374 826 3642 895 πολέμιοι,

388 919 604 977 peratos
654 907 860 974 fuisse,
911 909 1006 964 sed
1083 911 1289 965 occulta
1319 951 1335 974 ,
1384 913 1638 967 invisibili
1688 924 1743 969 et
1783 916 1955 969 divina

2080 912 2179 965 ὶλλ’
2212 914 2407 981 ἀφανεῖ
2420 916 2512 968 καὶ
2543 916 2780 989 ἀοράτῳ,
2814 920 2907 973 καὶ
2961 921 3110 993 θεϊκῇ
3151 921 3397 991 δυνάμει.
3457 916 3647 982 Οὕτως

386 998 609 1053 virtute.
657 998 747 1054 Sic
782 999 984 1067 itaque,
1020 999 1248 1069 perinde
1279 1008 1443 1069 atque
1476 1000 1785 1055 Madianitis
1814 1003 1953 1056 acci-

2077 994 2155 1053 )ὖν
2181 1000 2255 1064 ὡς
2278 1003 2371 1055 ἐπὶ
2404 1007 2515 1067 τοῖς
2548 1006 2772 1077 Μαδιάμ
2796 1010 3123 1080 ἐνικήθησαν
3149 1011 3198 1062 οἱ
3230 1008 3475 1078 πολέμιοι
3499 1007 3644 1078 χειρὶ

386 1091 487 1153 dit,
519 1090 706 1146 hostes
738 1092 950 1146 occulta
983 1107 1145 1146 manu
1174 1093 1412 1162 superati
1446 1103 1602 1154 sunt;
1635 1106 1796 1162 atque
1824 1109 1953 1149 nunt

2078 1090 2330 1161 κρυφαία,
2364 1094 2457 1146 καὶ
2488 1094 2582 1146 νῦν
2616 1113 2748 1165 φησι
2777 1098 3148 1162 διεσκεδάσθαι
3178 1099 3275 1171 τὴν
3319 1099 3511 1171 ῥάϐδον
3548 1096 3645 1152 τοῦ

385 1185 462 1238 ait
488 1184 804 1254 dissipatam
838 1184 1007 1241 fuisse
1031 1187 1241 1256 virgam
1273 1188 1550 1243 exaetoris
1593 1188 1828 1254 diaboli,
1865 1204 1952 1243 net

2083 1182 2422 1248 ὶπαιτοῦντος
2448 1185 2713 1255 διαϐόλου,
2752 1191 2974 1244 καὶτῶν
3004 1193 3101 1245 σὺν
3131 1190 3278 1263 αὐτῷ
3307 1190 3407 1253 τὰς
3464 1189 3650 1261 ψυχὰς

387 1294 494 1333 non
532 1278 763 1333 aliorum
801 1278 892 1347 qui
932 1294 1056 1333 cum
1092 1294 1157 1334 eo
1204 1281 1413 1336 animas
1460 1280 1739 1335 hominum
1776 1280 1954 1349 exige-

2081 1272 2169 1325 τῶν
2196 1274 2498 1348 ἀνθρώπων
2547 1282 2986 1352 ἐκπρασσόντων.
3037 1284 3259 1358 Ἕτερος
3285 1284 3341 1337 δὲ
3366 1284 3426 1336 οὐ
3480 1302 3497 1333 ι
3536 1282 3648 1336 τῶν

386 1369 542 1423 bant.
573 1368 725 1422 Alius
752 1362 881 1423 vero
914 1384 1022 1426 non
1051 1371 1407 1440 exigendum,
1454 1372 1570 1435 sed,
1618 1371 1953 1441 inobsequen-

2084 1366 2436 1422 ιπαιτούντων
2466 1391 2483 1423 ι
2533 1371 2659 1444 ἔφη,
2708 1375 2845 1429 ἀλλά
2907 1396 2924 1428 ι
2963 1377 3071 1431 τῶν
3125 1377 3491 1433 ἀπειθούντων
3516 1396 3534 1431 ι
3568 1371 3651 1432 εῖ-

388 1460 541 1520 tiuut,
591 1459 749 1518 dixit.

617 1459 749 1518 lixit.
2065 1476 2184 1513 πεν.

463 1569 481 1601 ς
518 1550 651 1617 Quia
710 1566 925 1607 omnem
975 1552 1230 1607 amictum
1269 1552 1393 1608 dolo
1424 1553 1735 1618 collectum,
1769 1562 1828 1609 et
1872 1568 1965 1610 vce

2140 1552 2293 1605 ι”Οτι
2317 1556 2497 1609 πᾶσαν
2531 1559 2723 1627 στολὴν
2755 1562 3190 1633 ἐπισυνηγμένην
3216 1563 3368 1633 δόλῳ,
3395 1562 3489 1616 καὶ
3521 1561 3648 1633 ἱμά-

386 1643 701 1698 stimentum
744 1658 868 1699 cum
928 1646 1355 1699 commutatione
1408 1647 1702 1700 restituent
1753 1655 1807 1700 et
1871 1661 1953 1700 Cll-

2079 1662 2174 1697 τιον
2205 1646 2343 1715 μετά
2370 1651 2713 1723 καταλλαγῆς
2741 1653 3076 1717 ἀποτίσουσι,
3107 1657 3199 1709 κα)⁸
3231 1654 3567 1726 θελήσουσιν,
3596 1657 3646 1708 εξ

384 1737 568 1804 pient,
603 1738 647 1793 si
686 1738 819 1792 ﬁant
868 1738 993 1805 igne
1034 1738 1321 1792 combusti.
1366 1756 1385 1789 ι
1422 1736 1558 1804 Quia
1602 1754 1722 1795 cum
1773 1739 1951 1794 diabo-

2083 1735 2310 1803 ιγένοντο
2376 1740 2755 1811 πυρίκαυστοι.
2803 1763 2820 1793 ι
2899 1745 3115 1816 Ἐπειδὴ
3167 1746 3258 1799 τὸν
3316 1746 3518 1816 κόσμον
3544 1745 3649 1816 τῆς

385 1827 470 1884 lus
501 1839 753 1885 ornatum
791 1834 986 1888 anima:
1019 1842 1075 1887 et
1120 1832 1378 1885 amictum
1429 1831 1578 1900 ejus,
1624 1843 1788 1898 atque
1820 1833 1952 1885 tuni-

2081 1827 2240 1899 iouxﬁg
2298 1832 2394 1884 atati.
2456 1832 2553 1904 τήν
2599 1836 2792 1909 στολήν
2848 1839 3041 1908 αὐτῆς,
3084 1838 3173 1891 τόν
3229 1855 3288 1890 τε
3324 1838 3422 1910 τῆς
3472 1838 3648 1910 ἀρχῆς

383 1936 501 1976 cam
531 1924 901 1993 principatus,
950 1940 1055 1994 qua
1104 1924 1453 1989 induebatur,
1494 1923 1638 1978 illam
1688 1926 1950 1995 captivam

2081 1920 2288 1989 (ιτῶνα,
2311 1923 2371 1976 ὂν
2403 1927 2774 1997 περιεϐάλετο,
2827 1930 3063 2001 συλήσας
3093 1933 3121 1983 ὁ
3146 1930 3409 1994 διάϐολος,
3437 1931 3525 1983 ὅτε
3553 1932 3648 1983 αὐ-

386 2012 611 2076 ducens,
646 2012 984 2083 diripuisset,
1028 2015 1229 2069 nudam
1278 2013 1426 2067 illam
1478 2028 1541 2067 ac
1586 2013 1785 2069 fmdatn
1831 2015 1953 2069 reli-

2085 2009 2163 2081 τήν
2198 2012 2506 2084 ὑποχείριον
2545 2017 2737 2084 ἔλαϐε,
2786 2020 3002 2091 γυμνὴν
3056 2021 3224 2093 αὐτὴν
3270 2022 3364 2075 καὶ
3414 2020 3652 2093 αἰσχρὰν

382 2106 532 2174 quit:
569 2105 687 2173 ejus
727 2108 852 2161 item
903 2108 1167 2173 comites,
1208 2108 1535 2162 adversariae
1561 2116 1854 2174 potestates
1892 2106 1949 2160 ah

2081 2102 2435 2175 tatéﬂqoev'
2471 2108 2531 2160 ai’
2555 2125 2614 2160 τε
2650 2111 2747 2163 σὺν
2793 2109 2943 2183 αὐτῷ
2974 2111 3231 2181 δυνάμεις
3272 2113 3648 2183 ἀντικείμεναι

381 2211 446 2251 ea
497 2198 759 2253 tributum
791 2199 1102 2268 exigebant,
1145 2198 1271 2253 dolo
1322 2207 1376 2253 et
1408 2197 1621 2277 fallacia
1665 2208 1853 2252 contra
1898 2198 1948 2250 il-

2087 2194 2396 2267 ιξέπραττον
2420 2200 2610 2271 αὐτὴν.
2643 2200 2778 2272 δόλῳ
2810 2203 2902 2255 καὶ
2932 2204 3115 2277 ἀπάτῃ
3151 2207 3270 2259 κατ’
3296 2205 3462 2273 αὐτῆς
3505 2202 3654 2275 χρώη

383 2292 489 2346 lam
522 2302 775 2355 utentes;
815 2294 939 2361 jure
985 2304 1267 2348 exactores
1318 2293 1440 2347 illos
1472 2276 1665 2345 omnia
1717 2293 1950 2361 persolu-

2081 2309 2227 2360 asvat
2253 2311 2266 2323 ·
2321 2291 2499 2345 πάντα
2541 2293 2763 2358 εἰκότως
2823 2296 3100 2349 ἀποτίσειν
3150 2295 3367 2363 λέγεται
3403 2294 3510 2347 ὑπὸ
3552 2292 3648 2345 τοῦ

384 2394 540 2440 turos
566 2401 687 2441 esse
716 2385 850 2440 dicit
900 2386 1138 2454 Spiritus
1195 2385 1572 2455 propheticus,
1628 2383 1713 2438 bis
1754 2384 1951 2448 verbis,

2083 2384 2405 2454 προφητικοῦ
2455 2384 2784 2454 πνεύματος,
2820 2388 3111 2458 φήσαντος,
3162 2388 3243 2440 ὃτι
3294 2385 3357 2456 δὴ
3418 2404 3435 2435 ι
3461 2387 3650 2438 Πᾶσαν

388 2495 407 2528 ι
448 2476 677 2533 Omnem
723 2479 980 2534 amictum
1035 2478 1155 2534 dolo
1205 2478 1518 2541 collectum,
1564 2490 1619 2533 et
1660 2478 1955 2533 vestimen-

2084 2473 2257 2544 ςτολὴν
2281 2475 2725 2548 ἐπισυνηγμένην
2747 2477 2901 2547 δόλῳ,
2925 2479 3018 2532 καὶ⁴
3053 2479 3265 2549 ἱμάτιον
3291 2476 3426 2547 μετὰ
3450 2475 3651 2530 καταλ-

384 2580 495 2623 tum
546 2585 668 2624 cum
722 2573 1154 2626 commutatione
1200 2572 1506 2626 restituent.
1556 2590 1577 2623 ι
1628 2571 1792 2625 Iidem
1829 2585 1951 2625 vero

2084 2569 2235 2639 ιαγῆς
2258 2569 2623 2624 ἀποτίσουσιν.
2657 2589 2676 2621 ι
2715 2573 2776 2624 0i
2810 2573 2964 2626 αὐτοὶ
2990 2573 3046 2626 δὲ
3069 2566 3215 2626 οὗτοι
3246 2575 3295 2626 οἱ
3345 2573 3512 2627 πάλαι
3549 2571 3651 2636 τὰς

386 2659 487 2729 ipsi
521 2662 613 2731 qui
649 2663 777 2716 olim
810 2665 880 2717 ab
913 2664 1198 2717 animabus
1227 2663 1506 2716 hominum
1540 2662 1821 2735 vectigalia
1862 2677 1953 2718 ex-

2085 2660 2175 2713 :th
2252 2661 2553 2733 ἀνθρώπιον
2622 2663 2802 2733 ψυχὰς
2857 2665 3259 2736 ὲκπράσσοντες
3310 2665 3652 2719 ἁποτιννύειν

382 2765 694 2822 poscerent,
739 2756 921 2809 omnia
970 2755 1023 2809 in
1083 2766 1385 2812 memorato
1430 2766 1674 2827 tempore
1727 2756 1949 2811 soluturi

1727 2756 1957 2811 soluturi
2066 2750 2309 2820 λέγονται
2332 2753 2507 2807 πάντα
2541 2756 2599 2807 ἐν
2630 2754 2707 2826 τῷ
2733 2755 3043 2827 δηλουμένῳ
3074 2756 3266 2827 καιρῷ.

382 2861 504 2900 esse
532 2847 808 2902 dicuntur.

454 2936 617 2993 Vens.
648 2938 701 2993 6.
741 2957 758 2989 ι
801 2938 934 3006 Quia
972 2939 1230 3009 parvulus
1276 2950 1437 2995 natus
1469 2952 1546 2996 est
1583 2940 1764 3005 nobis,
1808 2949 1865 2995 et
1897 2941 1959 2994 ﬁ-

2142 2958 2161 2990 ι
2193 2940 2316 2993 Ὅτι
2344 2940 2555 2993 παιδίον
2588 2940 2848 3012 ἐγεννήθη
2883 2941 3033 3011 ἡμῖν,
3061 2940 3176 3004 υἱὸς
3196 2940 3289 2994 καὶ
3317 2940 3469 3012 ἐδόθη
3494 2941 3646 3011 ἡμῖν,

383 3029 486 3085 lius
516 3030 674 3085 datus
710 3042 793 3085 est
838 3031 1033 3086 nobis:
1083 3032 1238 3099 cujus
1282 3033 1620 3102 principatus
1660 3032 1836 3087 factus
1877 3043 1950 3087 est

2082 3026 2127 3085 δῖ)
2154 3034 2186 3101 ὴ
2221 3032 2364 3103 ἀρχὴ
2395 3032 2626 3103 ἐγενήθη
2658 3034 2751 3086 ἐπὶ
2780 3032 2875 3085 τοῦ
2894 3033 3044 3104 ὤμου
3075 3033 3261 3087 αὐτοῦ·
3289 3034 3385 3087 καὶ
3402 3032 3649 3086 καλεῖται

381 3136 543 3191 super
594 3127 878 3177 humerum
930 3124 1065 3194 ejus.
1128 3124 1193 3179 Et
1246 3126 1533 3179 vocabitur
1570 3141 1766 3180 nomen
1819 3125 1948 3195 ejus,

2079 3125 2132 3177 ea
2152 3125 2321 3195 ὄνομα
2352 3124 2517 3178 αὐτοῦ
2556 3126 2796 3196 μεγάλης
2828 3126 3023 3196 βουλῆς
3060 3125 3311 3196 ἄγγελος.
3358 3123 3505 3190 "Agre
3536 3124 3646 3196 γὰρ

384 3216 563 3283 magni
607 3216 823 3269 consilii
866 3218 1112 3286 angelus.
1146 3218 1424 3272 Adducam
1454 3218 1597 3272 enim
1634 3232 1821 3286 pacem
1866 3233 1951 3271 sn-

2083 3220 2292 3289 ;ipﬁqu
2316 3219 2407 3270 ἐπὶ
2447 3220 2571 3280 τοὺς
2593 3219 2877 3288 ἄρχοντας,
2912 3219 3135 3289 εἰρήνην
3168 3221 3262 3272 καὶ
3288 3218 3497 3286 ὑγίειαν
3549 3218 3650 3270 αὐ·-

382 3325 486 3379 per
518 3311 815 3380 principes,
845 3327 1029 3380 pacem
1059 3322 1115 3366 et
1142 3314 1428 3368 sanitatem
1462 3313 1584 3382 ipsi.
1621 3331 1641 3364 ι
1683 3312 1949 3379 Quosnam

2080 3309 2157 3379 τῷ.
2204 3329 2223 3361 ι
2262 3309 2452 3372 Ποίους
2477 3309 2533 3361 δέ
2559 3325 2723 3380 φησιν
2762 3311 3047 3379 ἄρχοντας,
3090 3311 3122 3381 ἢ
3176 3313 3300 3374 τοὺς
3341 3312 3433 3363 ὑπ’
3480 3310 3647 3365 αὑτοῦ

384 3402 661 3472 principes
700 3415 983 3467 memorat,
1027 3405 1131 3459 nisi
1177 3420 1271 3459 eos
1315 3405 1408 3474 qui
1442 3406 1511 3459 ab
1545 3405 1662 3474 ipso
1705 3405 1771 3457 ad
1815 3406 1951 3473 prin-

2083 3403 2252 3470 ἱρχειν
2279 3400 2377 3469 τῆς
2422 3398 2747 3471 Ἐκκλησίας
2778 3398 2940 3451 αὑτοῦ
2977 3399 3450 3469 καθεσταμένους;
3490 3401 3650 3469 Λέγω

382 3498 621 3566 cipatum
673 3498 729 3552 in
780 3497 1023 3552 Ecclesia
1094 3500 1393 3569 gerendum
1450 3499 1732 3555 constituti
1792 3498 1949 3551 sunti

2089 3492 2122 3562 ὴ
2154 3490 2399 3560 μαθητὰς
2448 3490 2613 3544 αὐτοῦ
2649 3491 2741 3543 καὶ
2776 3490 3123 3554 ἀποστόλους,
3161 3490 3286 3554 τούς
3305 3508 3365 3544 τε
3401 3490 3498 3562 τὴν
3526 3490 3617 3544 τού
3633 3520 3655 3539 ς,

383 3586 691 3657 Discipulos
721 3589 842 3643 dico
869 3600 921 3643 et
950 3591 1232 3658 apostolos
1264 3591 1457 3659 ipsius,
1508 3605 1721 3644 necnon
1770 3604 1950 3643 eorum

2085 3598 2167 3633 :tov
2192 3580 2437 3651 διαδοχήν
2463 3580 2895 3650 ὑποδεξαμένους
2925 3580 3046 3634 καθ’
3079 3581 3208 3653 ὅλης
3250 3584 3350 3654 τῆς
3391 3582 3648 3652 οἰκουμέ-

383 3694 483 3749 per
533 3688 703 3733 totum
739 3681 927 3736 orbem
982 3696 1348 3747 successores,
1401 3682 1602 3750 quibus
1645 3681 1826 3733 tittlttm
1877 3689 1950 3732 est

2081 3690 2178 3743 νης,
2214 3667 2295 3735 οἷς
2328 3672 2503 3742 ψυχῆς
2529 3673 2740 3741 ὑγίειαν
2771 3673 2863 3726 καὶ⁹
2891 3673 3113 3744 εἰρήνην
3148 3672 3289 3744 ἔχειν
3316 3672 3452 3744 πρὸς
3478 3672 3648 3742 άλλη-ε

382 3779 445 3823 ut
484 3785 617 3824 sana
647 3782 828 3824 mente
871 3782 1077 3834 essent,
1126 3783 1179 3824 et
1234 3788 1419 3840 pacem
1468 3780 1655 3823 ιιιιιιιιο
1695 3770 1949 3831 colerent.

2083 3782 2183 3827 ους
2211 3764 2483 3835 ἐδωρεῖτο,
2520 3766 2578 3818 ἐν
2610 3763 2691 3828 οἷς
2724 3765 2860 3836 πρὸς
2889 3767 3086 3830 αὐτοὺς
3106 3765 3321 3835 ἔλεγενο
3360 3784 3378 3816 ι
3407 3766 3650 3836 Εἰρήνην

383 3878 507 3919 cum
560 3863 691 3931 ipsis
723 3863 948 3928 diceret,
987 3883 1007 3915 ι
1041 3863 1239 3919 Pacem
1290 3879 1464 3918 meam
1517 3868 1587 3917 do
1630 3865 1808 3930 vobis,
1858 3877 1950 3932 pa-

2080 3855 2158 3925 τὴν
2185 3853 2323 3925 ἐμὴν
2380 3853 2572 3926 δίδωμι
2626 3856 2789 3923 ὑμῖν,
2837 3857 3060 3927 εἰρήνην
3105 3856 3202 3928 τὴν
3258 3856 3396 3927 ἐμὴν
3443 3855 3647 3925 ἀφίημι

383 3971 500 4009 cem
556 3970 731 4009 meam
790 3955 1040 4025 relinquo
1096 3955 1271 4010 vobis.
1345 3954 1570 4024 Magnus
1622 3954 1950 4023 principatus

2081 3948 2208 4016 iuiv.
2236 3946 2461 4017 Μεγάλη
2497 3949 2529 4018 ή
2558 3947 2700 4018 ἀρχὴ
2737 3946 2926 4010 αὐτοῦ,
2958 3948 3053 4001 καὶ
3074 3948 3175 4017 τῆς
3220 3949 3444 4018 εἰρήνης
3477 3946 3648 4000 αὐτοῦ

381 4040 523 4108 ejus,
555 4052 611 4095 et
649 4043 799 4111 pacis
830 4045 949 4114 ejus
1001 4060 1107 4097 non
1159 4046 1267 4098 erit
1316 4044 1438 4098 linis
1469 4045 1535 4097 ⁸⁷.
1570 4063 1590 4096 ι
1646 4043 1948 4098 Secundum

2078 4038 2160 4091 nix
2196 4036 2346 4091 ἔσται
2373 4037 2543 4101 τέλος.
2572 4058 2591 4090 ι
2626 4038 2783 4091 Κατά
2815 4037 2946 4107 γοῦν
2970 4038 3062 4091 τὸν
3090 4038 3443 4103 Θεοδοτίωνα,
3475 4057 3492 4088 ‹
3531 4038 3645 4108 Τῆς

384 4132 811 4191 Theodotionem
861 4152 1023 4201 vero,
1060 4156 1077 4188 ι
1109 4138 1267 4193 Pacis
1298 4138 1415 4208 ejus
1468 4153 1576 4193 non
1621 4138 1730 4192 erit
1769 4139 1951 4192 termi-

2078 4130 2283 4201 ιίρήνης
2312 4129 2474 4182 αὐτοῦ
2505 4130 2605 4182 οὐκ
2630 4129 2781 4183 ἔσται
2813 4130 3004 4201 πέρας.
3044 4150 3062 4181 ι
3120 4130 3355 4199 Νοήσεις
3380 4129 3437 4183 δὲ
3495 4130 3645 4191 ὅπως

383 4243 504 4281 nus.
556 4249 575 4279 ι
613 4225 860 4293 Quantus
893 4243 1058 4295 porro
1105 4228 1267 4283 fuerit
1300 4228 1443 4297 ejus,
1487 4228 1577 4297 qui
1621 4228 1673 4283 in
1721 4230 1950 4298 prophe-

2083 4223 2273 4290 ιεγάλη
2300 4222 2488 4290 γέγονε
2521 4222 2616 4275 τοῦ
2648 4223 3126 4293 προφητευομένου
3154 4224 3189 4293 ἡ
3217 4222 3378 4293 ἁρχὴ,
3398 4222 3497 4291 τὴν
3521 4220 3650 4275 καθ’

385 4318 461 4377 tia
498 4315 693 4382 fertur,
725 4318 1065 4387 principatus
1099 4320 1389 4389 intelligas,
1430 4321 1476 4375 si
1515 4320 1809 4375 Ecclesiam
1842 4321 1952 4386 ejus

2078 4314 2187 4385 ὅλης
2212 4315 2309 4385 τῆς
2336 4315 2660 4385 οἰκουμένης
2704 4315 3028 4385 Ἐκκλησίαν
3064 4314 3228 4367 αὑτοῦ
3260 4314 3479 4386 θεωρῶν
3503 4331 3516 4344 ·
3550 4316 3645 4367 καὶ

383 4409 439 4464 in
488 4418 607 4465 toto
658 4409 793 4464 orbe
845 4410 1201 4463 consdtutam
1258 4412 1606 4478 consideres;
1657 4413 1750 4467 sed
1788 4412 1950 4467 multa

2077 4404 2141 4457 Ξτι
2161 4405 2370 4477 ,μᾶλλον
2403 4407 2706 4475 ἐπιστήσας
2732 4409 2850 4470 ταῖς
2879 4406 2975 4458 τοῦ
3021 4406 3341 4459 Ἀποστόλου
3370 4407 3497 4478 περὶ
3544 4407 3644 4459 αὒ-

382 4499 557 4568 magis
594 4498 639 4553 si
689 4499 773 4552 his
812 4501 878 4553 de
929 4499 1021 4553 illo
1047 4498 1293 4567 Apostoli
1341 4500 1666 4555 testimoniis
1715 4503 1949 4554 animum

2079 4496 2153 4549 τοῦ
2183 4498 2529 4569 μαρτυρίαις,
2556 4499 2622 4551 δι’
2650 4492 2723 4551 ὧν
2754 4514 2905 4567 φησι,
2964 4516 2979 4548 t
3035 4496 3192 4550 Κατὰ
3223 4497 3320 4568 τὴν
3368 4497 3646 4569 ἐνέργειαν

383 4590 678 4657 adhibeas,
722 4590 919 4661 quibus
972 4590 1085 4655 ait,
1144 4608 1163 4641 ι
1227 4590 1535 4644 Secundum
1582 4593 1950 4661 Operationem

2079 4588 2157 4642 τοῦ
2184 4591 2419 4661 κράτους
2449 4592 2548 4661 τῆς
2585 4590 2766 4661 ἰσχύος
2797 4591 2961 4643 αὑτοῦ
2980 4630 2995 4654 ,
3024 4592 3089 4661 ἣν
3120 4592 3422 4662 ἐνήργησεν
3452 4592 3510 4643 ἐν
3568 4590 3646 4660 τῷ

382 4685 640 4752 potentia:
673 4684 892 4738 virtutis
931 4685 1074 4754 ejus,
1106 4698 1267 4752 quam
1301 4693 1557 4754 operatus
1599 4694 1681 4738 est
1712 4684 1765 4737 in
1794 4685 1949 4739 Chri-

2083 4682 2300 4753 (ριστῷ,
2335 4683 2551 4753 ἐγείρας
2570 4682 2734 4738 αὑτὸν
2767 4684 2832 4736 ἐκ
2859 4683 3067 4753 νεκρῶν
3096 4685 3190 4737 καὶ
3214 4683 3442 4747 καθίσας
3483 4683 3650 4736 αὐτὸν

381 4786 488 4838 sto,
522 4775 792 4830 suscitans
823 4776 972 4829 illum
1004 4791 1033 4829 a
1072 4776 1324 4839 mortuis,
1356 4788 1409 4829 et
1442 4776 1778 4830 constituens
1811 4776 1948 4831 illum

2081 4790 2119 4824 ιν
2147 4771 2297 4842 δεξιᾷ
2326 4771 2487 4825 αὑτοῦ
2519 4774 2575 4829 ἐν
2601 4775 2714 4837 τοῖς
2736 4773 3099 4843 ἐπουρανίοις,
3155 4771 3410 4844 ὑπεράνω
3465 4772 3648 4841 πάσης

379 4867 434 4920 in
466 4866 690 4922 dextera
736 4882 833 4922 sua
871 4869 925 4923 in
965 4867 1307 4930 cmlestibus,
1350 4883 1510 4937 supra
1558 4884 1772 4921 onmem
1808 4868 1946 4937 prin-

2078 4866 2235 4936 ὶρχῆς
2269 4866 2362 4918 καὶ
2405 4864 2651 4929 ἐξουσίας
2678 4905 2692 4925 ,
2730 4866 2821 4918 καὶ
2859 4865 3138 4934 δυνάμεως
3167 4865 3261 4918 καὶ
3302 4865 3645 4936 κυριότητος,

379 4961 615 5026 cipatum
659 4968 714 5014 et
754 4970 1083 5030 potestatem
1131 4970 1185 5015 et
1230 4962 1485 5014 virtutem
1536 4969 1594 5013 et
1634 4960 1946 5014 dominatio-

2077 4959 2157 5009 καὶ
2190 4957 2390 5020 παντὸς
2411 4957 2671 5027 ὀνόματος
2706 4958 3130 5027 ὀνομαζομένου.
3174 4976 3191 5006 ι
3232 4956 3388 5011 Οὕτω
3434 4957 3644 5029 μεγάλη

380 5067 525 5117 nem,
571 5062 622 5107 et
664 5069 827 5121 supra
865 5068 1026 5108 omne
1064 5068 1259 5108 nomen
1305 5054 1446 5117 quod
1490 5053 1802 5106 nominatur
1825 5052 1891 5105 ⁵⁸.
1932 5071 1947 5103 ι

2081 5048 2218 5118 ἢτοῦ
2258 5049 2507 5119 Σωτῆρος
2539 5049 2695 5120 ἡμῶν
2721 5050 2882 5120 ἀρχὴ,
2919 5052 3013 5104 καὶ
3054 5052 3154 5121 τῆς
3207 5052 3427 5123 εἰρήνης
3481 5051 3648 5104 αὐτοῦ

379 5142 456 5195 lta
506 5159 737 5214 magnus
787 5156 872 5198 est
919 5144 1224 5199 Salvatoris
1272 5142 1441 5196 nostri
1489 5141 1859 5211 principatus,
1902 5151 1946 5196 et

2081 5144 2159 5195 ιὺκ
2192 5143 2305 5197 ἔστι
2334 5143 2517 5206 τέλος·
2556 5143 2910 5213 ἀτελεύτητος
2959 5142 3067 5213 γὰρ
3120 5143 3215 5195 καὶ
3268 5143 3491 5214 ἀγήρως
3553 5146 3648 5198 καὶ

378 5236 528 5304 pacis
565 5236 683 5304 ejus
732 5252 836 5289 non
875 5246 960 5289 est
1012 5235 1170 5293 linis;
1214 5250 1335 5287 nam
1382 5232 1822 5299 interminabilis,
1866 5250 1945 5289 se-

2085 5237 2437 5309 ιπερίγραφος
2468 5236 2607 5306 αὕτη
2636 5236 2924 5306 τυγχάνει·
2951 5236 3033 5288 διὸ
3062 5234 3337 5289 λέλεκται·
3379 5256 3397 5286 ι
3437 5238 3652 5289 Ἀνατε-

380 5330 616 5383 nectutis
643 5344 840 5399 expers
872 5336 925 5379 et
957 5325 1465 5394 incircumscriptus
1501 5326 1592 5381 ille
1629 5337 1753 5381 est:
1784 5342 1947 5394 quare

2082 5332 2142 5382 ,εἰ
2174 5332 2231 5382 ὲν
2268 5330 2643 5401 ταίςήμέραις
2704 5326 2871 5382 αὐτοῦ
2928 5327 3237 5398 δικαιοσύνη
3292 5327 3387 5381 καὶ
3443 5328 3649 5397 πλῆθος

377 5423 582 5475 dictum
619 5430 725 5484 est,
769 5439 788 5473 ι
838 5419 1060 5474 Or—ictur
1098 5419 1152 5473 in
1207 5420 1396 5475 diebus
1445 5421 1615 5490 ipsius
1656 5421 1863 5488 justitia
1901 5431 1956 5474 et
2062 5424 2305 5493 εἰρήνης.
2342 5442 2360 5473 ι

375 5512 713 5567 abundantia
751 5512 903 5580 pacis
937 5513 1004 5569 ".
1038 5531 1057 5564 ι

2131 5530 2149 5561 ι
2206 5512 2326 5564 Ἐπὶ
2352 5511 2443 5565 τὸν
2478 5512 2665 5581 θρόνον
2694 5512 2858 5565 Δαυῒδ
2886 5511 2978 5564 καὶ
3015 5510 3111 5583 τὴν
3153 5513 3425 5583 βασιλείαν
3456 5512 3644 5575 αὑτοῦ,

453 5607 616 5661 Vens.
650 5604 701 5655 Ἰ.
735 5621 753 5654 t
788 5604 964 5674 Super
992 5606 1244 5660 thronum
1278 5607 1445 5661 David
1472 5615 1526 5662 et
1553 5622 1781 5677 regnum
1812 5607 1952 5675 ejus,

2081 5607 2408 5679 ιατορθῶσαι
2431 5606 2620 5676 αὐτὴν,
2656 5606 2748 5658 καὶ
2780 5606 3164 5660 ἀντιλαϐέσθαι
3194 5607 3251 5659 ἐν
3290 5605 3519 5678 κρίματι
3554 5607 3648 5660 καὶ

373 5700 440 5756 ad
483 5698 826 5767 dirigeudum
864 5697 1029 5764 illud,
1085 5709 1139 5752 et
1182 5698 1634 5770 patrocinandum
1683 5699 1731 5752 ei
1780 5698 1831 5752 in
1867 5696 1940 5765 ju-

2082 5718 2120 5752 ;v
2148 5699 2479 5771 δικαιοσύνῃ.
2532 5697 2663 5752 Ἀπὸ
2702 5697 2796 5752 τοῦ
2842 5697 2939 5753 νῦν
2997 5698 3089 5752 καὶ
3132 5700 3210 5762 εἰς
3259 5696 3351 5752 τὸν
3405 5698 3575 5754 αιῶνα
3618 5700 3649 5759 ἀ

438 5907 477 5936 ³⁷
519 5898 672 5956 Joau.
710 5902 926 5969 ιιι-,Ἑλ
1004 5903 1048 5933 ⁸⁸
1079 5898 1535 5974 ΕρΙιθε.]ζ“19-21.
1564 5902 1607 5933 ⁸⁸
1640 5900 1777 5956 Psal.
1821 5917 1969 5963 LXXI,
2005 5902 2054 5956 7.
