3968 6500
280 407 379 465 I53

1222 417 1731 479 COMMENTARIA
1770 424 1839 481 ΙΝ
1878 404 2138 487 ΙΞΔΙΑΜν.
2178 415 2246 475 έ-
2284 430 2438 488 CAP.
2481 433 2570 491 IX.

3440 446 3545 501 154

275 524 435 595 ζῆλος
466 527 674 598 Κυρίου
708 527 935 582 Σαϐαὼθ
987 530 1200 602 ποιήσει
1267 535 1460 591 ταῦτα.
1500 556 1519 590 ι
1584 539 1753 612 Τήρει
1808 542 1833 595 δ

1939 545 2114 605 dicio
2164 555 2221 602 et
2263 546 2318 601 in
2349 544 2586 615 iustitia.
2633 548 2845 605 Amodo
2874 558 2929 606 et
2987 551 3040 607 in
3083 553 3341 609 szeculum
3395 558 3544 614 zelus

275 617 523 688 ἀκριϐῶς
553 619 701 683 ὅπως
740 621 838 674 οὐκ
890 622 1101 695 εἴρηται
1149 625 1581 699 καθεσθήσεσθαι
1625 632 1718 686 εει
1766 634 1859 689 τὸν

275 709 464 780 θρόνον
498 711 662 764 Δαυῖδ
694 713 1051 779 άπλῶς,ἀλλὰ
1077 717 1171 770 καὶ
1198 718 1291 772 ἐπὶ
1324 721 1424 792 τὴν
1456 722 1730 792 βασιλείαν
1761 727 1860 780 αὐ-

271 795 388 857 τοῦ,
420 798 767 869 κατορθῶσαι
794 802 993 874 αὑτήνο
1029 805 1186 875 ἡμῶν
1222 814 1748 879 προσυπακουόντων
1796 818 1857 871 τὸ

271 888 426 957 ῆξειν
453 890 617 944 αὐτὸν
647 894 740 946 ἐπὶ
767 893 844 965 τῷ
876 896 1218 969 κατορθῶσαι
1247 899 1339 954 τὸν
1360 901 1546 972 θρόνον
1575 905 1739 959 Δαυῖδ
1760 909 1856 962 καὶ

270 981 369 1052 τὴν
384 984 594 1056 σκηνὴν
614 990 980 1043 πεπτωκυῖαν.
999 988 1216 1063 Ἐπειδὴ
1237 992 1308 1060 γὰ
1315 1010 1348 1064 ρ
1366 994 1740 1067 κατέστραπτο
1763 1000 1856 1053 καὶ

272 1072 557 1145 καθῄρητο
586 1078 619 1148 ή
647 1076 892 1146 βασιλεία
919 1079 1084 1133 Δαυῒδ
1109 1082 1218 1139 ἀπὸ
1248 1084 1357 1137 τῶν
1390 1085 1596 1157 χρόνων
1640 1088 1743 1158 τῆς
1774 1091 1855 1153 εἰς

270 1166 571 1221 Βαϐυλῶνα
612 1172 984 1241 αἰχμαλωσίας
1015 1174 1108 1228 τοῦ
1142 1176 1271 1231 λαοῦ
1298 1194 1311 1208 ⁸
1355 1174 1493 1250 ἦσαν
1536 1180 1591 1233 δὲ
1639 1198 1853 1255 προφη-

268 1259 414 1310 τεῖαι
446 1258 798 1325 θεσπίζουσαι
822 1263 912 1315 τὸν
949 1263 1137 1335 θρόνον
1178 1267 1340 1322 Δαυῒδ
1369 1269 1689 1342 διαλάμψειν
1736 1292 1850 1344 φω-

267 1348 361 1411 τὸς
392 1349 623 1419 ἡλιακοῦ
651 1351 806 1422 δίκην
834 1352 954 1406 καθ’
986 1353 1115 1425 ὅλης
1159 1355 1259 1425 τῆς
1308 1360 1630 1429 οἰκουμένης
1656 1378 1669 1391 ·
1721 1362 1853 1415 ταύ-

267 1457 369 1511 την
392 1441 567 1513 αὐτὴν
600 1442 824 1514 ἐλήλυθε
881 1444 977 1517 τὴν
1033 1448 1363 1517 ἐπαγγελίαν
1418 1451 1738 1523 πληρῶσαι·
1785 1456 1850 1507 ἐκ

269 1532 587 1603 σπέρματος
617 1536 716 1605 μὲν
737 1535 899 1589 Δαυῖδ
926 1538 1063 1592 κατὰ
1091 1541 1268 1612 σάρκα
1292 1542 1647 1614 γεννώμενος,
1678 1564 1847 1600 κατα-

264 1621 502 1693 λάμπων
522 1626 577 1678 δὲ
609 1627 706 1691 τὰς
727 1628 836 1682 τῶν
869 1630 1170 1703 ἀνθρώπων
1198 1633 1372 1705 ψυχάς
1392 1652 1403 1665 ·
1450 1637 1544 1690 καὶ
1572 1637 1669 1708 τὴν
1698 1637 1850 1708 βασι-

262 1715 416 1768 λείαν
438 1717 605 1770 αὐτοῦ
636 1720 918 1791 κρατύνων
950 1723 1038 1777 διὰ
1064 1724 1280 1779 πάντων
1308 1727 1415 1781 τῶν
1448 1728 1570 1781 καθ’
1598 1730 1726 1801 ὅλην
1749 1730 1846 1802 τὴν

260 1811 595 1881 οἰκουμένην
620 1811 809 1865 ἐθνῶν.
860 1815 947 1867 Ἐν
966 1814 1176 1881 τούτοις
1203 1818 1311 1889 γὰρ
1341 1819 1432 1872 τὸν
1470 1821 1658 1891 θρόνον
1681 1822 1846 1876 Δαυῖδ

1963 639 2176 694 Domini
2216 638 2461 694 Sabaoth
2516 639 2683 695 faciet
2730 643 2863 698 haec.
2901 663 2919 697 ι
2954 644 3221 702 Observes
3265 662 3543 715 accurate,

1961 744 2068 785 non
2101 729 2426 800 simpliciter
2459 732 2666 787 dictum
2706 733 2872 790 fuisse
2913 738 3085 806 ipsum
3122 740 3173 792 in
3207 740 3402 794 throno
3440 739 3544 796 Da-

1946 825 2047 879 vid
2078 818 2354 880 sessurum
2395 838 2557 889 esse,
2601 826 2695 880 sed
2727 826 2888 881 etiam
2943 844 3105 897 super
3153 846 3377 900 regnum
3423 835 3540 902 ejus

1958 916 2025 969 ad
2066 915 2364 986 regendum
2394 914 2558 980 illud;
2594 918 2751 972 nobis
2777 920 3225 975 subaudientibus
3251 934 3537 979 venturum

1956 1006 2108 1060 illum
2144 1022 2267 1063 esse
2317 1008 2384 1063 ad
2422 1012 2839 1064 restaurandum
2888 1010 3139 1066 thronum
3194 1013 3440 1080 Davidis,
3483 1026 3538 1070 et

1956 1100 2370 1155 tabernaculum
2409 1103 2546 1168 ejus,
2572 1105 2715 1172 quod
2753 1104 2960 1175 lapsum
3000 1104 3195 1169 fuerat.
3227 1106 3360 1171 Quia
3390 1110 3537 1163 enim

1954 1207 1984 1245 a
2023 1194 2359 1263 temporibus
2406 1194 2751 1266 Babylonica
2805 1197 3143 1266 captivitatis
3177 1213 3424 1253 eversum
3480 1208 3538 1251 et

1953 1285 2224 1339 sublatum
2278 1285 2456 1340 fuerat
2509 1303 2737 1358 regnum
2796 1287 3058 1352 Davidis,
3124 1305 3186 1344 ac
3241 1292 3539 1359 prophetiae

1952 1376 2204 1441 aderant,
2236 1394 2356 1447 quae
2405 1381 2848 1435 vaticinabantur
2887 1382 3142 1435 thronum
3190 1382 3408 1436 Davidis
3449 1397 3538 1437 so-

1952 1466 2080 1519 laris
2115 1467 2335 1523 luminis
2382 1469 2557 1524 instar
2607 1471 3004 1525 illustraturum
3051 1486 3174 1526 esse
3227 1480 3398 1525 totum
3444 1487 3537 1525 or-

1950 1558 2112 1622 bem;
2146 1559 2288 1613 hanc
2338 1560 2429 1616 ille
2472 1563 2887 1629 promissionem
2923 1562 3204 1633 impletum
3250 1564 3431 1631 venit,
3467 1579 3535 1617 ex

1950 1652 2159 1706 semine
2206 1654 2424 1722 quidem
2486 1655 2653 1709 David
2706 1655 3003 1709 secundum
3067 1670 3288 1709 carnem
3333 1668 3485 1709 natus
3514 1695 3531 1719 ,

1950 1741 2159 1796 animas
2199 1751 2375 1797 autem
2429 1744 2710 1798 hominum
2773 1744 3126 1809 illuminans,
3193 1760 3258 1799 ac
3306 1760 3532 1813 regnum

1949 1831 2066 1899 ejus
2100 1832 2238 1901 apud
2295 1847 2487 1887 omnes
2543 1835 2709 1888 t0tius
2746 1836 2896 1888 orbis
2945 1846 3132 1904 gentes
3177 1836 3529 1890 confirmans.

258 1900 614 1971 διωρθώσατο
647 1944 662 1969 ,
732 1905 883 1977 παρὰ
950 1908 1220 1972 Ἰουδαίοις
1279 1910 1684 1982 καθῃρημένον.
1737 1914 1833 1965 Kal

1946 1894 2003 1975 In
2057 1894 2146 1977 his
2193 1923 2395 1993 quippe
2446 1939 2673 1994 regnum
2735 1894 2974 1978 Davidisv
2996 1925 3205 1989 erexit,
3257 1941 3285 1977 a
3326 1924 3531 1979 Judaeis

256 1992 417 2047 τοῦτο
456 1994 693 2065 ἔπραξεν
716 1997 822 2050 άπὸ
850 1997 941 2051 τοῦ
973 2000 1067 2054 νῦν
1098 2001 1190 2054 καὶ
1249 2003 1329 2065 εἰς
1375 2003 1464 2055 τὸν
1486 2003 1658 2057 αἰῶνα
1684 2021 1697 2035 ’
1751 2004 1843 2057 τοῦ

257 2084 381 2155 μὲν,
416 2084 556 2138 «ἀπὸ
575 2086 669 2139 τοῦ
700 2087 814 2152 νῦν,
832 2110 848 2139 ι
880 2091 1235 2161 σημαίνοντος
1263 2092 1437 2165 ἀρχὴν
1465 2095 1660 2167 χρόνου
1715 2096 1846 2168 ώρι-

255 2177 572 2248 σμένην,δι’
604 2174 671 2249 ἦς
694 2182 722 2233 ὁ
749 2182 935 2253 καιρὸς
967 2182 1217 2255 ἐδηλοῦτο
1242 2186 1339 2257 τῆς
1398 2189 1477 2251 εἰς
1524 2187 1845 2260 ἀνθρώπους

252 2268 556 2339 ἐπιδημίας
594 2272 758 2325 αὐτοῦ
790 2291 804 2304 ·
861 2275 955 2327 τοῦ
1003 2276 1080 2340 δὲ,
1140 2295 1158 2328 ‹
1202 2278 1282 2341 εἰς
1334 2277 1426 2331 τὸν
1468 2279 1657 2344 αἰῶνα,
1689 2300 1707 2332 ι
1746 2281 1844 2353 τὴν

250 2362 484 2425 ἄπειρον
513 2365 607 2417 καὶ
657 2365 853 2436 διαρκῆ
896 2367 1171 2437 βασιλείαν
1218 2370 1382 2425 αὑτοῦ
1438 2373 1839 2444 παριστῶντος.

251 2452 538 2524 Τηρητέον
580 2455 657 2517 δὲ,
721 2456 863 2528 ώςή
929 2458 1026 2528 μὲν
1078 2460 1267 2531 πρώτη
1318 2460 1446 2532 περὶ
1505 2462 1598 2515 τοῦ
1629 2481 1844 2535 προφη-

246 2546 549 2615 τευομένου
575 2547 879 2619 πρόρρησις
913 2550 976 2602 ὲκ
1011 2550 1287 2621 Παρθένου
1330 2552 1691 2625 τεχθήσεσθαι
1746 2556 1844 2609 αὐ-

246 2639 341 2691 τὸν
372 2638 597 2710 ἐδήλου’
650 2642 682 2711 ἡ
725 2639 781 2692 δὲ
815 2640 1063 2713 δευτέρα,
1102 2643 1301 2698 ὡσανεὶ
1336 2644 1690 2716 ζητουμένου,
1725 2647 1842 2710 πῶς

248 2731 407 2783 ἔσται
440 2731 620 2793 τοῦτο,
652 2731 742 2784 τὸν
765 2732 967 2804 Κύριον
988 2735 1174 2805 εἰσῆγε
1196 2734 1439 2804 λέγοντα,
1476 2756 1494 2788 ι
1524 2738 1636 2789 Καὶ
1674 2755 1844 2809 προσ-

245 2821 419 2891 ἦλθον
489 2822 626 2893 πρὸς
659 2823 759 2893 τὴν
800 2824 1069 2895 προφῆτιν
1096 2841 1109 2857 ·
1165 2827 1260 2879 καὶ
1311 2828 1368 2881 ὲν
1417 2829 1617 2899 γαστρὶ
1660 2829 1840 2895 ἔλαθε,

245 2914 344 2965 καὶ
373 2913 562 2967 ἔτεκεν
584 2914 716 2967 υἰόνο
752 2934 771 2966 ι
797 2917 828 2987 ἡ
854 2916 929 2991 δὲ⁸
949 2917 1108 2988 τρίτη
1146 2918 1330 2971 οὐκέτι
1360 2922 1686 2991 μνημονεύει
1708 2923 1844 2994 κυή-

245 3023 391 3069 σεως
438 3006 797 3077 παρθενικῆς,
832 3008 952 3060 οὐδὲ
996 3008 1089 3062 τοῦ
1128 3009 1331 3081 τρόπου
1387 3010 1488 3079 τῆς
1528 3012 1669 3066 κατὰ
1710 3013 1841 3067 Θεὸν

242 3097 555 3168 παραδόξου
618 3098 935 3169 συλλήψεως
964 3116 977 3129 ·
1036 3098 1131 3153 ἆτε
1197 3100 1262 3172 δὴ
1337 3103 1842 3175 προμεμαθηκότων

239 3186 404 3256 ἡμῶν
455 3185 660 3249 ταῦτα,
694 3188 821 3258 περὶ
873 3187 970 3241 τοῦ
1025 3188 1212 3253 παιδὸς
1262 3190 1431 3249 αὑτοῦ
1486 3190 1837 3265 διεξέρχεται,

240 3277 580 3331 παιδεύουσα
609 3280 756 3349 ἡμᾶς
793 3280 862 3333 τὰ
883 3280 1168 3355 ἀπόρρητα
1201 3285 1299 3355 τῆς
1331 3284 1460 3355 περὶ
1512 3285 1678 3339 αὐτοῦ
1714 3287 1833 3341 θεο-
1861 3266 1902 3321 C

237 3371 455 3440 λογίας·
483 3371 655 3425 ταῦτα
706 3372 763 3425 δὲ
793 3372 970 3428 πάντα
1009 3375 1137 3446 περὶ
1174 3375 1269 3428 τοῦ
1312 3378 1567 3447 τυχόντος
1618 3379 1828 3433 παιδίου

237 3463 521 3530 λέγεσθαι,
552 3464 651 3516 οὐκ
688 3457 805 3517 οῖδα
837 3465 955 3528 πῶς
986 3469 1308 3539 συστήσαιεν
1336 3471 1384 3521 οἰ
1409 3472 1474 3524 ὲκ
1507 3476 1827 3544 περιτομῆς,

241 3553 319 3625 μὴ
354 3553 668 3625 βουλόμενοι
704 3556 1107 3626 παραδέξασθαι
1135 3560 1225 3614 τὸν
1268 3562 1533 3635 ἡμέτερον
1579 3565 1827 3637 Σωτῆρα,

236 3640 282 3714 ᾧ
314 3648 387 3700 τά
410 3646 548 3717 ἔργα
574 3651 860 3727 μαρτυρεῖ,
896 3651 989 3703 καὶ
1021 3651 1129 3705 τῶν
1170 3657 1564 3727 πραγμάτωνή
1607 3657 1831 3722 ἔκϐασις

239 3740 368 3801 τοὺς
396 3739 593 3806 λόγους
627 3741 1101 3813 ὲπισφραγίζεται.
1157 3764 1176 3797 ι
1241 3747 1409 3818 Ζῆλος
1456 3749 1662 3819 Κυρίου
1721 3752 1829 3804 Σαη

236 3828 393 3885 ϐαὼθ
425 3831 642 3901 ποιήσει
675 3832 870 3885 ταῦτα.
915 3854 932 3884 ›
964 3835 1123 3899 Ποῖος
1151 3834 1344 3908 ζῆλος,
1380 3838 1412 3910 ἢ
1444 3840 1504 3893 ὃν
1556 3841 1828 3912 ἐζήλωσεν

236 3920 448 3990 ἀγαθόν
482 3923 576 3975 καὶ
628 3923 774 3994 αύτῷ
815 3925 1115 3996 πρέποντα,
1153 3929 1236 3991 εἰς
1277 3928 1338 3982 τὸ
1394 3930 1562 3985 σῶσαι
1619 3933 1827 3999 πάντας

234 4014 367 4075 τοὺς
400 4013 509 4066 ὑπὸ
558 4014 652 4067 τοῦ
686 4015 933 4071 διαϐόλου
978 4019 1609 4092 καταδυναστευθέντας,
1632 4028 1725 4081 καὶ
1748 4029 1828 4091 εἰς

234 4103 510 4174 ἀθεότητα
539 4122 743 4159 κατασυ
754 4107 975 4178 ρέντας;

313 4402 332 4434 ι
362 4384 607 4437 Θάνατον
666 4386 951 4440 ἀπέστειλε
1024 4388 1228 4459 Κύριος
1281 4392 1371 4446 ἐπὶ
1447 4392 1674 4458 Ἰακὼϐ,
1729 4396 1823 4448 καὶ

232 4472 399 4546 ἦλθεν
428 4478 525 4529 ἐπὶ
562 4479 813 4549 ἰσραήλ’
865 4481 959 4534 καὶ
1006 4483 1306 4551 γνώσονται
1345 4486 1453 4549 πᾶς
1481 4488 1509 4538 ό
1556 4486 1684 4550 λαὸς
1726 4487 1819 4541 τοῦ

245 4567 510 4639 Ἐφραῒμ,
570 4571 663 4623 καὶ
699 4572 747 4623 οἱ
782 4572 1076 4644 καθήμενοι
1111 4577 1167 4628 ἐν
1215 4577 1497 4649 Σαμαρείᾳ
1528 4581 1608 4647 ἐφ’
1668 4579 1817 4653 ὕϐρει

233 4663 327 4714 καὶ
361 4662 540 4734 ὑψηλῇ
568 4664 785 4735 καρδίᾳ,
840 4666 1114 4735 λέγοντες’
1153 4670 1370 4723 Πλίνθοι
1428 4673 1811 4728 πεπτώκασιν·

231 4752 367 4808 ἀλλὰ
391 4755 549 4808 δεῦτε
580 4754 922 4827 λαξεύσωμεν
955 4759 1136 4824 λίθους
1168 4802 1182 4824 ,
1214 4763 1309 4814 καὶ
1340 4763 1594 4835 κόψωμεν
1645 4783 1814 4819 συκα-

235 4846 447 4915 μίνους,
485 4846 580 4899 καὶ
600 4847 843 4918 κέδρους,
875 4849 970 4901 καὶ
988 4851 1430 4923 οἰκοδομήσωμεν
1454 4856 1664 4919 ἑαυτοῖς
1680 4856 1818 4928 πύρ-

230 4955 391 5005 γον.ι
439 4939 598 4992 Ἤτοι
638 4942 687 4992 oi
737 4940 834 5012 τὴν
893 4943 1204 5017 Σαμάρειαν
1262 4947 1556 5012 οἰκοῦντες,
1604 4950 1816 5022 Ἰσραὴλ

229 5029 682 5101 χρηματίζοντες,
706 5032 800 5085 καὶ
834 5032 962 5097 λαὸς
999 5035 1092 5088 τοῦ
1130 5037 1370 5110 Ἐφραῖμ
1403 5039 1811 5112 ὀνομαζόμενοι,

228 5120 312 5174 διὰ
336 5121 401 5174 τὸ
428 5121 812 5195 βασιλευθῆναι
841 5125 945 5179 ὑπὸ
964 5128 1074 5180 τῶν
1099 5129 1163 5181 ἐκ
1189 5129 1363 5200 φυλῆς
1411 5132 1505 5185 τοῦ
1553 5133 1811 5205 Ἐφραῖμ,

229 5212 583 5281 χλευάζοντες
631 5216 725 5268 καὶ
784 5216 1206 5283 ὲξευτελίζοντες
1261 5222 1361 5292 τὴν
1426 5223 1812 5296 Ἰερουσαλὴμ,

229 5303 468 5383 πλίνθοις
527 5306 733 5375 ταύτην
782 5308 1018 5377 ἔφασκον
1073 5313 1510 5383 οἰκοδομεῖσθαι,
1568 5317 1662 5369 καὶ
1712 5317 1811 5381 τὰς

230 5382 444 5465 στέγας
474 5399 620 5469 ἔχειν
670 5419 688 5450 ι
730 5401 836 5455 ἀπὸ
868 5404 1182 5474 συκαμίνων
1216 5425 1233 5455 ι
1389 5427 1405 5457 ι
1434 5409 1752 5479 συκομόρων
1785 5429 1804 5461 ι

227 5493 368 5547 κατὰ
395 5494 523 5557 τοὺς
545 5494 765 5558 λοιποὺς
791 5496 1153 5565 ὲρμηνευτάς.
1182 5496 1296 5555 Εἶθ’
1327 5500 1399 5564 ὡς
1436 5501 1589 5553 αὐτοὶ
1609 5500 1813 5570 βελτίο-

227 5602 292 5638 να
324 5586 477 5639 πόλιν
509 5587 1013 5651 κατασκευάσοντες
1038 5630 1051 5652 ,
1086 5590 1486 5660 ἐπηγγέλλοντο
1523 5591 1610 5644 διὰ
1649 5591 1813 5645 λίθων

230 5675 433 5740 ξυστῶν
471 5679 568 5731 καί⁵
598 5679 803 5749 κέδρων
839 5681 1231 5753 οἰκοδομήσειν,
1272 5684 1367 5736 καὶ
1388 5685 1510 5738 ἀντὶ
1552 5683 1646 5737 τοῦ
1680 5685 1809 5738 ναοῦ

226 5768 317 5822 τοῦ
364 5770 424 5822 ὲν
478 5770 835 5842 Ἰερουσαλὴμ
883 5772 1091 5844 πύργον
1137 5765 1349 5839 ἑαυτοῖς
1382 5777 1707 5849 ἀναστήσειν
1750 5778 1810 5829 ἐν

229 5859 546 5929 Σαμαρείᾳο
605 5862 685 5915 διὸ
735 5867 823 5919 καὶ
891 5866 1075 5931 ἐπειδὴ
1134 5868 1354 5922 τοιαῦτα
1411 5870 1807 5938 τετολμήκασιν

1945 2014 2237 2069 sublatum.
2286 2015 2349 2068 Et
2377 2016 2479 2070 hoc
2515 2017 2768 2085 prmstitit
2798 2017 3021 2094 ab,boc
3068 2027 3310 2087 tempore
3352 2032 3527 2085 usque

1947 2106 1998 2159 in
2038 2104 2328 2171 sarculum;
2363 2106 2436 2160 ita
2470 2117 2527 2159 ut
2560 2107 2712 2171 illud,
2750 2124 2769 2159 ι
2802 2106 3031 2171 amodo,
3079 2128 3098 2159 ι
3134 2108 3344 2160 initium
3389 2117 3529 2160 tem-

1944 2197 2091 2266 poris
2120 2197 2401 2253 definitum
2441 2198 2733 2268 signiticet,
2778 2211 2887 2266 quo
2918 2206 3133 2269 tempus
3160 2200 3275 2268 ejus
3321 2200 3387 2254 ad
3431 2201 3529 2253 ho-

1945 2292 2115 2346 mines
2149 2294 2414 2346 adventus
2450 2292 2798 2357 declaratur;
2828 2292 2957 2345 illud
2993 2302 3198 2355 autem,
3241 2310 3260 2343 ι
3295 2294 3348 2347 in
3380 2308 3526 2347 sem-

1944 2386 2246 2454 piternum,
2294 2401 2315 2435 ι
2348 2382 2617 2437 infinitum
2661 2399 2725 2438 ac
2774 2393 3098 2455 perpetuum
3148 2398 3373 2453 regnum
3411 2384 3527 2451 ejus

1943 2476 2206 2532 declarat.
2247 2476 2657 2531 Observandum
2699 2485 2878 2530 autem
2917 2484 3024 2540 est,
3076 2476 3306 2546 primam
3349 2476 3417 2531 de
3461 2491 3526 2530 eo

1943 2568 2032 2636 qui
2078 2568 2130 2621 in
2180 2569 2464 2638 prophetia
2513 2567 2714 2632 fertur,
2765 2568 3210 2637 praedictionem,
3259 2567 3405 2621 illum
3457 2583 3525 2621 ex

1944 2657 2164 2737 Virgine
2213 2659 2542 2713 nasciturum
2587 2673 2709 2713 esse
2751 2659 3067 2727 declarare;
3099 2658 3393 2713 secundam
3434 2673 3527 2713 vc-

1946 2766 2024 2811 ro.
2072 2765 2135 2803 ac
2175 2751 2220 2805 si
2275 2760 2584 2820 quaeratur,
2640 2766 2748 2820 quo
2792 2762 2953 2819 pacto
3010 2751 3059 2804 id
3109 2750 3351 2805 futurum
3414 2751 3521 2816 sit,

1943 2844 2117 2913 ipsum
2162 2842 2446 2895 Dominum
2518 2842 2599 2896 sic
2652 2843 2963 2911 loquentem
3041 2844 3318 2906 inducere,
3391 2860 3409 2893 ι
3457 2840 3524 2894 Et

1944 2933 2148 2988 accessi
2186 2933 2251 2986 ad
2304 2933 2746 3003 prophetissam:
2789 2942 2844 2989 et
2875 2935 2925 2988 in
2968 2944 3121 2989 utero
3170 2933 3415 3002 accepit.
3468 2941 3525 2986 et

1942 3024 2154 3094 peperit
2175 3022 2405 3087 Filium;
2450 3042 2468 3075 ›
2516 3024 2731 3078 tertiam
2778 3033 2992 3090 autem,
3037 3024 3338 3093 virgineum
3390 3039 3521 3093 par-

1946 3126 2058 3170 tum
2096 3131 2201 3170 non
2238 3115 2383 3169 ultra
2419 3129 2746 3184 memorare,
2778 3130 2955 3185 neque
2985 3117 3202 3171 modum
3240 3120 3524 3187 stupenda

1944 3206 2092 3261 illius
2125 3206 2419 3261 secundum
2468 3204 2638 3260 Deum
2696 3205 3090 3276 conceptionis,
3125 3216 3310 3276 utpote
3363 3207 3521 3263 nobis

1937 3298 2078 3352 hanc
2127 3312 2241 3353 rem
2284 3296 2397 3366 jam
2428 3298 2672 3364 edoctis;
2726 3299 2821 3352 sed
2854 3300 2919 3351 de
2972 3297 3113 3352 Filio
3153 3298 3320 3366 ipsius
3353 3297 3516 3351 verba

1938 3391 2160 3452 facere,
2217 3402 2424 3458 nosque
2477 3389 2526 3441 in
2588 3388 2872 3457 theologia:
2928 3388 3044 3455 ejus
3094 3390 3312 3442 arcanis
3362 3389 3518 3442 iusti-

1937 3489 2109 3533 tuere.
2161 3480 2434 3533 Caeterum
2481 3482 2667 3533 nescio
2712 3494 2821 3549 quo
2868 3490 3029 3549 pacto
3072 3480 3105 3535 ii
3156 3480 3245 3548 qui
3295 3494 3361 3534 ex
3412 3481 3519 3534 eir—

1932 3572 2271 3628 cumcisione
2302 3580 2444 3638 sunt,
2494 3571 2608 3626 haec
2660 3572 2725 3626 de
2776 3571 2983 3641 vulgari
3033 3586 3200 3641 puero
3252 3571 3356 3625 dici
3405 3580 3519 3625 sta-

1934 3674 2115 3727 tuant,
2149 3664 2396 3718 nolentes
2424 3664 2718 3719 admittere
2749 3663 3093 3718 Salvatorem
3120 3672 3395 3725 nostrum.
3425 3662 3515 3717 cui

1932 3759 2047 3828 ipsa
2072 3771 2237 3827 opera
2277 3756 2651 3810 testimonium
2687 3754 2953 3821 afferunt,
3004 3771 3124 3811 cum
3163 3766 3393 3810 eventus
3428 3770 3517 3809 re-

1932 3865 2051 3905 rum
2099 3862 2381 3905 sermones
2446 3848 2714 3916 obsignet.
2759 3865 2778 3899 ι
2815 3847 2975 3903 Zelus
3016 3847 3228 3902 Domini
3273 3846 3512 3902 Sabaoth

1929 3944 2092 3999 faciet
2127 3943 2263 3998 haec.
2311 3959 2328 3991 ι
2374 3940 2506 4008 Quis
2539 3941 2689 3997 zelus
2730 3942 2833 3997 nisi
2871 3941 2959 3997 ille
2998 3941 3172 3995 bonus
3211 3950 3266 3995 et
3314 3940 3515 3995 conde-

1928 4050 2078 4100 cens,
2123 4050 2233 4103 quo
2268 4035 2359 4089 ille
2398 4036 2657 4089 incensus
2691 4043 2794 4097 est,
2836 4034 2901 4087 ad
2952 4033 3181 4086 salutem
3228 4032 3296 4085 iis
3336 4030 3514 4084 omni-

1929 4128 2029 4184 bus
2060 4129 2381 4198 parandam,
2432 4130 2522 4201 qui
2560 4128 2661 4182 sub
2708 4127 2948 4179 dominio
2997 4124 3195 4180 diaboli
3235 4132 3426 4189 erant,
3455 4132 3512 4178 et

1929 4220 1983 4275 in
2016 4220 2351 4289 impietatem
2408 4216 2671 4289 pertracti
2718 4217 2981 4273 fuerant?

2001 4402 2162 4460 Vsus.
2211 4401 2368 4460 8-10.
2399 4421 2419 4456 ι
2456 4402 2684 4459 Mortem
2718 4403 2868 4458 misit
2896 4403 3156 4458 Dominus
3198 4412 3361 4471 super
3412 4396 3508 4456 Ja-

1926 4496 2051 4563 cob,
2099 4504 2154 4550 et
2207 4496 2359 4551 venit
2413 4510 2579 4564 super
2623 4494 2833 4550 Israel:
2884 4503 2939 4549 et
2987 4502 3279 4564 cognoscet
3331 4492 3505 4547 omnis

1853 4628 1893 4681 Β
1926 4589 2157 4660 populus
2205 4587 2464 4659 Eph‘raim
2492 4626 2508 4652 ,
2572 4585 3015 4681 coqui-sedent
3058 4584 3114 4681 in
3158 4585 3405 4639 Samaria
3452 4584 3505 4681 in

1926 4678 2255 4735 contumelia
2286 4686 2341 4733 et
2385 4677 2496 4732 alto
2530 4676 2714 4741 corde,
2765 4676 3047 4732 dicentes:
3094 4675 3318 4729 Lateres
3364 4674 3507 4729 ceci-

1925 4772 2157 4835 derunt;
2202 4772 2296 4827 sed
2342 4772 2548 4837 venite,
2580 4771 2826 4826 dolemus
2855 4769 3079 4840 lapides,
3134 4778 3187 4824 et
3233 4768 3504 4823 cedamus

1927 4866 2235 4937 sycaminos
2265 4873 2320 4920 et
2354 4865 2568 4928 cedros,
2600 4872 2654 4919 et
2678 4863 3013 4919 a2dillcemus
3042 4862 3197 4917 nobis
3228 4860 3443 4915 turrim.
3476 4876 3495 4910 ι

1924 4959 1980 5013 ld
2019 4969 2123 5025 est,
2166 4958 2201 5011 ii
2253 4957 2344 5027 qui
2399 4957 2701 5012 Samariam
2765 4955 3034 5018 incolunt,
3087 4953 3251 5008 Israel
3291 4966 3500 5006 nuncu-

1921 5053 2054 5121 pati,
2097 5061 2151 5104 et
2179 5050 2410 5121 populus
2445 5049 2700 5119 Ephraim
2733 5047 2936 5111 vocati,
2977 5046 3103 5115 quia
3150 5044 3369 5115 regibus
3400 5042 3497 5096 trir

1920 5146 2019 5200 bus
2070 5143 2324 5213 Ephraim
2370 5144 2573 5198 subditi
2615 5151 2804 5207 erant,
2847 5142 3133 5195 irridentes
3167 5146 3222 5190 et
3267 5133 3499 5202 vilipen-

1919 5237 2110 5289 dentes
2138 5234 2465 5297 Jerusalem,
2500 5235 2669 5304 ipsam
2707 5249 2774 5288 ex
2809 5232 3069 5287 lateribus
3110 5235 3377 5282 structam
3415 5223 3497 5278 di-

1914 5324 2144 5387 cebant,
2196 5313 2509 5393 ac'tegulas
2562 5322 2761 5378 habere
2805 5338 2869 5375 ea:
2906 5318 3212 5390 sycaminis,
3252 5316 3368 5371 sive
3408 5330 3496 5369 se-

1913 5412 2149 5467 cundum
2188 5413 2424 5482 reliquos
2458 5415 2803 5481 interpretes,
2840 5425 2902 5464 ea:
2937 5407 3263 5479 sycomoris,
3299 5405 3492 5461 factas.

1915 5503 2116 5559 Deinde
2144 5521 2301 5571 vero,
2336 5520 2401 5560 ac
2446 5507 2490 5561 si
2534 5506 2608 5560 illi
2656 5502 3089 5575 praestantiorem
3126 5499 3314 5555 urbem
3348 5509 3495 5554 stru-
3586 5528 3589 5531 -

1915 5595 2058 5651 cturi
2089 5606 2308 5662 essent,
2351 5611 2470 5652 eam
2499 5612 2570 5652 ex
2602 5596 2790 5651 incisis
2818 5593 3089 5663 lapidibus
3116 5600 3172 5647 et
3206 5607 3272 5647 ex
3314 5590 3494 5646 cedris

1916 5702 1977 5743 se
2021 5688 2388 5743 :ediflcatnros
2436 5703 2560 5743 esse
2610 5686 3046 5757 pollicebantur:
3093 5697 3148 5740 et
3203 5681 3386 5753 templi
3436 5682 3490 5735 in

1913 5777 2212 5833 Jerusalem
2248 5780 2443 5834 stantis
2479 5779 2627 5846 loco,
2681 5782 2875 5833 turrim
2926 5778 3029 5833 sibi
3063 5778 3403 5832 excitatums
3436 5774 3488 5825 in

1916 5868 2195 5937 Samaria;
2236 5871 2358 5927 ideo
2391 5869 2518 5941 quia
2551 5869 2625 5926 illi
2667 5870 2720 5927 in
2760 5879 2963 5927 tantam
3001 5866 3373 5938 arrogantiam
3400 5878 3491 5918 re-
