3968 6498
432 408 539 465 1ῢὸ

434 524 553 577 nire
602 518 720 573 ausi
784 514 1035 578 fuerant,
1081 513 1338 584 deinceps
1386 513 1753 581 comminatur
1798 513 1877 567 eis
1924 512 2009 567 his
2038 519 2085 575 Α

432 613 618 669 verbis
644 631 657 667 :

507 705 672 759 Vens.
701 703 755 756 2.
802 719 820 752 ι
857 700 921 754 Et
968 699 1177 770 franget
1219 700 1358 753 Deus
1407 712 1525 762 eos,
1584 698 1675 767 qui
1715 698 2008 767 insurgunt.

433 810 596 866 super
640 802 878 846 montem
924 790 1078 852 Sion,
1112 799 1167 844 et
1211 789 1464 844 inimicos
1506 788 1808 857 dissipabit.
1861 806 1881 840 ι
1914 787 2012 839 ευ-

434 888 669 944 cuudum
716 884 1001 939 historiam
1037 882 1216 948 enim,
1248 883 1396 952 quia,
1437 881 1647 950 inquit,
1691 881 1725 935 ii
1780 879 1871 949 qui
1913 878 2013 934 Sa-

434 980 662 1035 mariam
720 975 1031 1031 incolebant
1080 974 1210 1029 talia
1249 973 1368 1028 ausi
1425 982 1573 1035 sunt,
1617 984 1669 1027 et
1708 972 2015 1041 petulanter

433 1071 671 1142 agebant
699 1078 888 1124 contra
929 1078 1167 1122 montem
1200 1065 1356 1133 Sion,
1398 1074 1454 1119 et
1492 1077 1682 1120 contra
1722 1065 1884 1119 Deum
1916 1063 2014 1116 illi-

432 1174 559 1228 detn
594 1170 838 1233 cultum;
886 1183 980 1223 eos
1040 1181 1133 1232 se,
1183 1166 1340 1235 quasi
1387 1181 1457 1221 ex
1508 1180 1706 1237 magna
1747 1166 2017 1235 superbiae

434 1261 756 1317 celsitudine
814 1258 1199 1326 depressurum
1254 1266 1310 1311 et
1361 1256 1664 1310 fracturum
1711 1258 2017 1312 commina-

438 1364 545 1410 tur.
592 1352 629 1405 li
672 1351 873 1422 quippe
919 1350 1011 1419 qui
1055 1359 1246 1403 contra
1304 1358 1543 1403 montem
1596 1349 1726 1404 Sion
1781 1351 2018 1407 insurre-

435 1457 662 1513 xerunt,
706 1448 873 1503 etiam
927 1447 982 1499 in
1046 1446 1221 1513 ipsum
1286 1445 1456 1498 Deum
1522 1444 1686 1513 impie
1740 1447 2016 1516 agebant:

435 1555 576 1609 quos
611 1555 671 1594 se
700 1538 1114 1594 humiliaturum
1158 1544 1214 1590 et
1254 1534 1660 1590 contracturum
1700 1551 1821 1591 esse
1852 1537 2017 1604 dicit;

438 1644 540 1684 nec
571 1629 719 1700 ipsos
762 1628 941 1692 solos,
989 1628 1083 1681 sed
1132 1626 1299 1681 etiam
1353 1624 1603 1681 inimicos
1641 1625 1757 1693 ejus
1788 1628 2023 1698 dissipa-

440 1731 618 1774 turum
657 1734 813 1775 esse:
845 1718 1160 1789 signiﬁcans
1187 1730 1282 1771 eos
1307 1731 1374 1770 ex
1410 1715 1698 1781 Damasco,
1732 1719 1821 1786 qui
1851 1719 2021 1774 lsrae-

436 1818 504 1871 lis
539 1817 938 1872 commilitones
978 1820 1173 1877 erant,
1229 1822 1289 1866 ut
1328 1813 1476 1882 prius
1512 1813 1768 1867 traditum
1805 1825 1907 1868 est.
1946 1816 2022 1869 Ac

441 1908 678 1971 reliquos
708 1922 900 1961 omnes
931 1906 1022 1974 qui
1059 1916 1246 1960 contra
1295 1912 1534 1958 montem
1576 1904 1708 1960 Sion
1748 1916 1802 1961 et
1836 1918 2024 1959 contra
2062 1880 2099 1932 Β

438 1992 605 2048 Deum
651 1994 849 2048 ibidem
893 1994 1099 2082 cultum
1151 1991 1586 2057 insurrexerunt,
1645 2007 1703 2048 se
1733 1993 2026 2063 dissipatu-

442 2101 558 2138 rum
603 2099 725 2140 esse
771 2084 1095 2154 pollicetur:
1148 2098 1217 2138 ex
1255 2099 1486 2152 quorum
1538 2100 1767 2140 numero
1804 2085 1894 2139 alii
1960 2100 2026 2138 ex

439 2178 650 2233 oriente
693 2188 872 2243 erant,
900 2178 991 2232 alii
1028 2193 1093 2233 ex
1121 2192 1317 2232 occasu
1349 2177 1501 2243 solis,
1532 2177 1693 2233 medii
1727 2189 1907 2233 autem
1934 2194 2024 2231 eo.

443 2286 560 2324 rum
594 2268 770 2327 Graeci
819 2280 997 2325 erant.
1053 2268 1116 2324 Hi
1167 2269 1368 2325 etenim
1425 2283 1615 2324 omnes
1664 2280 2023 2323 memoratum

442 2363 700 2418 lsraelem
736 2362 895 2433 pleno
923 2378 1019 2418 ore
1060 2365 1409 2427 devorantes,
1441 2371 1604 2431 atque
1631 2361 1683 2415 in
1714 2377 1869 2416 suum
1912 2362 2027 2416 ido-

445 2456 676 2511 iolatriae
698 2468 941 2510 errorem
961 2456 1301 2524 dejicientes,
1333 2473 1392 2512 se
1413 2457 1501 2523 iis,
1531 2456 1623 2525 qui
1653 2465 1841 2511 contra
1870 2472 2027 2511 mon-

445 2559 554 2603 tem
610 2546 742 2602 Sion
781 2547 1154 2619 insurgebaut,
1208 2548 1565 2604 auxiliaturos
1594 2562 1659 2602 ac
1705 2548 2028 2605 commilito-

445 2655 542 2695 nes
572 2653 759 2694 eorum
789 2638 1004 2694 futuros
1032 2655 1154 2696 esse
1182 2640 1591 2710 promittebant.

519 2732 683 2787 Vens.
716 2732 902 2787 16-15.
944 2750 963 2783 ι
1003 2730 1069 2786 Ει
1098 2733 1317 2787 abstulit
1356 2733 1619 2788 Dominus
1644 2733 1710 2787 ab
1738 2732 1905 2797 Israel
1938 2749 2026 2787 ca-

448 2832 632 2891 putet
687 2824 942 2887 caudam,
994 2839 1244 2894 magnum
1294 2834 1351 2880 et
1387 2840 1612 2894 parvom
1665 2826 1717 2879 in
1755 2841 1860 2879 una
1907 2827 2028 2889 die,

445 2931 604 2971 senes
630 2925 685 2971 et
716 2931 808 2969 eos
837 2916 929 2986 qni
965 2917 1175 2970 vultum
1219 2917 1581 2982 admirantur,
1629 2919 1731 2971 hoc
1758 2928 1842 2971 est
1889 2919 2034 2986 prin-

444 3008 685 3077 cipium;
721 3018 776 3063 et
830 3007 1152 3077 prophetam
1207 3010 1488 3062 docentem
1544 3009 1756 3078 iniqua,
1816 3008 1906 3064 hic
1951 3022 2029 3063 est

447 3100 641 3154 eauda.
688 3118 707 3152 ι
743 3100 850 3154 Pro
880 3099 1010 3164 illo,
1052 3117 1071 3150 ι
1105 3099 1343 3154 Abstulit
1378 3100 1640 3156 Dominus
1675 3102 1743 3155 ab
1775 3098 1969 3166 Israel,
2010 3122 2028 3154 I

447 3192 666 3261 Aquila,
705 3209 725 3243 ι
768 3191 835 3245 Et
864 3192 1055 3261 perdet
1092 3192 1387 3258 Dominus;
1426 3210 1445 3243 ι
1484 3190 1846 3263 Symmachus
1876 3209 2027 3252 vero.
2059 3223 2101 3278 ρ

456 3300 474 3333 ι
516 3281 582 3335 Et
616 3280 893 3350 disperdet
934 3281 1230 3346 Dominus;
1278 3299 1297 3333 ι
1336 3280 1675 3348 Theodotio,
1722 3301 1740 3334 ι
1781 3283 1846 3337 Ει
1881 3283 2032 3337 aufe-

452 3382 573 3439 ret,
627 3390 648 3425 t
710 3373 764 3427 in
808 3370 992 3427 futuro
1044 3373 1332 3438 dixerunt;
1390 3374 1545 3444 quasi
1593 3374 1735 3430 Deus
1783 3376 1897 3429 hasc
1946 3375 2030 3429 fa-

449 3474 638 3517 cturus
676 3463 778 3516 sit:
829 3477 953 3531 qua:
988 3470 1114 3516 ante
1161 3473 1415 3518 eventum
1464 3463 1750 3533 praedicit,
1789 3474 1848 3517 ut
1880 3464 2034 3519 audi-

456 3564 601 3608 tores
631 3554 697 3607 ad
736 3553 1116 3623 paenitentiam
1150 3564 1427 3624 provocet,
1473 3570 1541 3611 ne
1586 3572 1708 3625 quae
1738 3557 2034 3611 commina-

455 3654 543 3702 tur
583 3645 713 3715 ipsis
744 3646 1019 3701 eveniant.
1047 3647 1168 3703 Una
1216 3663 1379 3717 porro
1409 3647 1495 3704 die
1535 3664 1594 3705 se
1635 3649 1891 3719 pradicta
1919 3665 2034 3702 om-

456 3734 566 3801 nia,
606 3749 728 3804 quae
756 3736 974 3805 quidem
1024 3736 1313 3807 perspicua
1372 3748 1541 3805 sunt,
1591 3739 1863 3795 facturum
1915 3756 2035 3794 esse

454 3824 607 3891 dicit,
656 3824 708 3879 id
762 3833 867 3889 est,
899 3841 1007 3880 uno
1043 3828 1348 3897 eodemque
1387 3837 1649 3899 tempore.
1692 3829 1828 3884 Cum
1857 3840 2033 3884 autem

454 3916 585 3970 dicit
627 3926 787 3985 caput
834 3928 889 3972 et
927 3918 1155 3972 caudam
1180 3958 1198 3984 ,
1245 3920 1465 3973 brutum
1499 3920 1705 3974 animal
1736 3921 2031 3991 signiﬁcat;

454 4006 507 4061 id
537 4007 737 4078 quippe
774 4023 881 4064 non
922 4009 1206 4065 hominum
1237 4012 1520 4081 proprium
1567 4021 1672 4079 est,
1723 4014 1864 4083 quod
1908 4030 2038 4068 cau-

455 4099 578 4153 dam
636 4099 895 4166 habeant,
945 4103 1039 4157 sed
1091 4102 1377 4157 brutorum
1426 4102 1786 4157 animalium:
1837 4103 2038 4174 quibus

456 4191 711 4262 populum
760 4192 993 4248 similem
1047 4209 1170 4250 esse
1215 4194 1389 4248 dicit:
1450 4195 1535 4250 vel
1594 4206 1760 4267 caput
1806 4206 1861 4251 et
1906 4211 2037 4251 cau-

457 4283 610 4347 dam,
648 4282 1031 4340 rationabilem
1073 4295 1128 4340 et
1183 4284 1653 4352 irrationabilem;
1704 4286 2034 4357 principem,

457 4373 733 4429 subditum
780 4384 837 4430 et
871 4375 1119 4431 ultimum
1157 4386 1355 4432 vocat:
1399 4377 1545 4448 quod
1593 4377 1757 4434 etiam
1814 4378 1897 4435 sic
1940 4377 2038 4435 de-

459 4464 694 4519 claravit
731 4465 939 4533 dicens,
982 4483 1002 4518 ι
1040 4481 1296 4537 magnum
1344 4477 1399 4523 et
1440 4484 1689 4539 parvum.
1725 4487 1744 4520 ι
1783 4469 1888 4524 Pro
1921 4471 2036 4533 illo,

1140 396 1417 455 EUSEBII
1453 394 1935 451 CzESARIENSlS
1971 393 2123 451 OPP.
2164 393 2345 449 PARS
2383 394 2472 453 Ill.
2510 423 2580 438 -
2616 389 3028 448 EXEGETICA.

3589 389 3689 446 l56

2113 509 2643 569 ἀπαυθαδιάσασθαι,
2668 506 2879 562 ἀπειλεῖ
2918 505 3100 567 αὐτοῖς
3152 502 3275 574 ἑξῆς
3320 504 3348 555 6
3384 500 3537 571 λόγος
3585 505 3693 573 (pa-5

2115 617 2280 660 σκων·
3430 626 3435 631 ‘

2190 717 2207 747 ι
2240 694 2348 748 Kal
2385 694 2535 765 ράξει
2559 694 2588 747 6
2620 693 2753 756 Θεὸς
2784 694 2908 755 τοὺς
2954 689 3424 760 ἐπανισταμένους
3480 691 3574 743 ἐπὶ
3630 691 3694 744 τὸ

2112 790 2237 861 ὅρος
2266 789 2424 853 Σιὼν,
2457 788 2552 840 καὶ
2604 787 2729 849 τοὺς
2783 785 3009 856 ἐχθροὺς
3058 782 3413 837 διασκεδάσει.
3464 802 3483 833 ι
3536 783 3693 836 Κατά

2111 881 2242 951 γοῦν
2270 881 2367 953 τὴν
2396 879 2655 951 ἱστορίαν,
2681 878 2888 950 ἐπειδὴ,
2919 877 3104 948 φησιν,
3140 878 3190 929 οί
3232 876 3331 946 τὴν
3383 876 3697 946 Σαμάρειαν

2114 973 2391 1035 οἰκοῦντες
2422 971 2645 1026 τοιαῦτα
2666 970 3054 1041 τετολμήκασι,
3082 968 3177 1025 καὶ
3229 967 3699 1039 κατεθρασύνοντο

2116 1068 2258 1122 κατὰ
2287 1066 2381 1119 τοῦ
2415 1065 2571 1136 ὅρους
2600 1063 2757 1127 Σιὼν,
2793 1063 2887 1116 καὶ
2921 1062 3061 1116 κατά
3108 1060 3202 1114 τοῦ
3251 1062 3307 1112 ὲν
3352 1062 3502 1131 αὐτῷ
3529 1079 3702 1131 τιμω-

2120 1156 2281 1227 μένου
2309 1153 2467 1217 Θεοῦ,
2501 1153 2577 1217 ὼς
2618 1154 2726 1206 ἀπὸ
2763 1153 2997 1224 μεγάλου
3056 1151 3222 1221 ῦψους
3276 1150 3375 1220 τῆς
3417 1151 3703 1221 ὑπερηφα-

2116 1249 2263 1312 νείας
2297 1248 2477 1302 αὐτῶν
2526 1244 2881 1303 ταπεινώσειν
2947 1245 3037 1299 καὶ
3085 1242 3447 1315 καταρῤάξειν
3504 1242 3701 1305 αὐτοὺς

2118 1341 2353 1395 ἀπειλεῖ.
2384 1341 2521 1403 Τοὺς
2555 1338 2664 1410 γὰρ
2690 1338 2783 1391 ἐπὶ
2816 1338 2876 1392 τὸ
2900 1337 3025 1408 ὅρος
3052 1334 3190 1388 Σιὼν
3238 1334 3703 1404 ἐπανισταμένους

2118 1436 2203 1487 ἐπ’
2239 1433 2402 1487 αὐτὸν
2434 1434 2524 1485 τὸν
2558 1432 2690 1485 Θεὸν
2722 1430 2939 1485 ἀσεϐεῖν
2994 1429 3303 1484 συνέϐαινεν
3323 1445 3335 1457 ο
3370 1425 3457 1492 οὒς
3510 1443 3703 1480 ταπει-

2119 1526 2311 1580 νώσειν
2336 1526 2427 1578 καὶ
2455 1523 2639 1594 ράξειν
2668 1522 2853 1593 φησὶν,
2880 1519 2941 1572 οὐ
2976 1520 3188 1589 μόνους,
3215 1515 3349 1570 ἀλλά
3376 1518 3470 1568 καὶ
3499 1514 3705 1577 πάντας

2120 1620 2244 1682 τοὺς
2273 1618 2499 1688 ἐχθροὺς
2529 1613 2694 1669 αὐτοῦ
2728 1611 3128 1666 διασκεδάσεινο
3166 1610 3445 1679 σημαίνων
3496 1609 3623 1671 τοὺς
3648 1610 3709 1660 ὲν

2122 1710 2399 1783 Δαμασκῷ
2470 1705 2895 1779 συμμαχοῦντας
2964 1702 3042 1774 τῷ
3106 1701 3321 1774 Ἰσραὴλ
3358 1740 3375 1764 ,
3430 1699 3572 1754 κατά
3639 1699 3709 1752 τά

2126 1801 2435 1873 ἔμπροσθεν
2471 1796 2859 1867 ἀποδεδομένα.
2882 1796 2990 1849 Kal
3023 1794 3229 1858 πάντας
3248 1795 3303 1848 δὲ
3334 1796 3460 1858 τοὺς
3494 1796 3564 1851 ὲκ,
3600 1793 3718 1847 τῶν

2128 1892 2334 1945 λοιπῶν
2356 1887 2819 1958 ἐπανισταμένους
2850 1887 2929 1956 τῷ
2973 1886 3087 1957 ὄρει
3116 1885 3274 1949 Σιὼν,
3333 1886 3427 1941 καὶ
3452 1884 3532 1956 τῷ
3590 1884 3713 1954 Θεῷ

2126 1981 2205 2052 τῷ
2239 1980 2473 2035 ἐνταῦθα
2506 1978 2843 2052 τιμωμένῳ,
2871 1977 3246 2031 διασκεδάσειν
3279 1976 3673 2046 ἐπαγγέλλεται
3694 1994 3717 2012 α

2128 2069 2202 2127 ὧν
2257 2074 2308 2126 οἱ
2370 2072 2469 2143 μὲν
2516 2067 2656 2142 ἦσαν
2710 2067 3017 2123 ἀνατολικοί
3046 2086 3211 2133 τινες,
3246 2071 3293 2123 οί
3329 2069 3385 2121 δὲ
3438 2068 3528 2137 ἀφ’
3562 2069 3717 2139 ἡλίου

2130 2166 2374 2238 δυσμῶν,
2411 2165 2570 2235 μέσοι
2596 2163 2651 2216 δὲ
2678 2161 2884 2215 τούτων
2924 2162 2975 2214 οί
3010 2162 3290 2232 Ἕλληνες.
3356 2162 3564 2225 Πάντες
3605 2161 3725 2231 γὰρ

2127 2255 2293 2321 οὗτοι,
2310 2258 2402 2311 τὸν
2436 2254 2803 2328 προλεχθέντα
2831 2254 3049 2325 Ἰσραὴλ
3077 2254 3184 2324 ὅλῳ
3227 2253 3306 2324 τῷ
3330 2254 3559 2324 στόματι
3586 2272 3717 2306 κατ-

2131 2352 2408 2414 εσθίοντες
2442 2350 2535 2403 καὶ
2567 2348 2999 2411 καταϐάλλοντες
3028 2346 3119 2400 ἐπὶ
3152 2346 3252 2416 τὴν
3304 2346 3402 2416 τῆς
3432 2345 3717 2400 εἰδωλολα-

2127 2446 2317 2516 τρείας
2345 2442 2554 2500 ἑαυτῶν
2581 2444 2810 2513 πλάνην.
2847 2442 3061 2513 βοηθεῖν
3092 2441 3188 2494 καὶ
3216 2444 3523 2512 συμμαχεῖν
3546 2442 3719 2511 ἐπηγ-

2129 2536 2378 2603 γέλλοντο
2463 2537 2575 2598 τοῖς
2651 2533 3105 2603 ὲπανισταμένοις
3171 2532 3314 2586 κατά
3388 2530 3482 2584 τοῦ
3558 2530 3720 2601 ὅρους

2130 2629 2166 2663 ν
2212 2627 2223 2643 ρ

2130 2646 2286 2681 ..οιων.

2208 2739 2226 2770 ι
2266 2719 2375 2773 Kal
2426 2718 2614 2787 ἀφεῖλε
2648 2716 2852 2789 Κύριος
2894 2716 3002 2769 ἀπὸ
3048 2714 3265 2786 Ἰσραὴλ
3320 2714 3559 2785 κεφαλὴν
3621 2714 3725 2769 καὶ

2132 2813 2319 2884 ούρὰν,
2368 2812 2541 2882 μέγαν
2564 2811 2658 2862 καὶ
2693 2809 2888 2880 μικρὸν
2924 2812 2981 2860 ὲν
3010 2810 3108 2879 μιᾷ
3140 2808 3345 2879 ἡμέρᾳ,
3406 2806 3721 2878 πρεσϐύτην

2133 2906 2380 2966 καὶτοὺς
2434 2902 2502 2955 τὰ
2551 2903 2820 2973 πρόσωπα
2863 2899 3262 2972 θαυμάζοντας,
3310 2898 3447 2970 αῦτη
3486 2900 3716 2971 ἡάρχὴ·

2134 2996 2228 3048 καὶ
2271 2994 2555 3065 προφήτην
2604 2992 2919 3048 διδάσκοντα
2973 2992 3184 3061 ἄνομα,
3220 2985 3375 3055 οῦτος
3422 2993 3455 3061 ἡ
3499 2992 3654 3062 οὐρά.
3692 3011 3715 3041 ι

2148 3088 2291 3141 Ἀντὶ
2342 3086 2523 3157 μέντοι
2571 3083 2686 3151 τοῦ,
2730 3103 2748 3135 ι
2772 3083 2982 3152 Ἀφεῖλε
3017 3083 3221 3153 Κύριος
3262 3082 3371 3137 ἀπὸ
3416 3083 3660 3153 Ἰσραὴλ,
3695 3101 3719 3133 ι

2134 3183 2162 3233 6
2191 3181 2289 3250 μὲν
2333 3178 2586 3241 Ἀκύλας,
2624 3200 2639 3229 ι
2663 3179 2757 3231 καὶ
2784 3177 3093 3249 ὀλοθρεύσει
3118 3176 3323 3246 Κύριος
3342 3193 3355 3206 ο
3383 3196 3400 3227 ›
3436 3178 3464 3229 6
3493 3176 3549 3229 δὲ
3582 3176 3721 3247 Σύμ-

2137 3289 2330 3343 μαχος,
2386 3290 2403 3321 ι
2447 3271 2557 3324 Kal
2616 3269 2985 3341 ὲξολοθρεύσει
3037 3267 3272 3340 Κύριος·
3316 3288 3335 3321 ο
3390 3268 3418 3320 6
3449 3268 3505 3320 δὲ
3527 3267 3723 3321 Θεοδος

2132 3366 2281 3427 τίων,
2307 3383 2325 3415 ι
2351 3364 2462 3416 Kal
2486 3362 2697 3432 ἀφελεῖ,
2727 3382 2745 3413 ι
2785 3360 3119 3433 μελλητικῶς
3138 3363 3419 3432 εἰρήκασιν
3437 3378 3450 3392 ο
3481 3359 3559 3422 ὡς
3595 3359 3722 3431 μέλ-

2132 3455 2317 3519 λοντος
2353 3454 2527 3509 ταῦτα
2577 3456 2824 3525 ποιήσειν
2857 3454 2949 3507 τοῦ
2995 3453 3129 3506 Θεοῦ
3155 3470 3167 3483 ⁸
3204 3452 3241 3507 ἃ
3292 3454 3420 3525 πρὶν
3467 3452 3721 3520 γενέσθαι

2134 3547 2410 3618 προλέγει,
2438 3547 2786 3615 ἐπιστρέφων
2817 3549 2897 3610 είς
2931 3548 3217 3619 μετάνοιαν
3248 3548 3373 3610 τοὺς
3427 3546 3719 3617 ἀκροωμέ-

2132 3658 2275 3707 νους,
2300 3641 2375 3705 ὡς
2405 3640 2472 3694 ἂν
2518 3640 2592 3713 μὴ
2621 3640 2847 3693 πάθοιεν
2869 3641 2937 3694 τά
2963 3640 3349 3710 ἀπειλούμενα.
3412 3640 3499 3692 Ἐν
3534 3639 3721 3710 ἡμέρᾳ.

2132 3733 2190 3786 δὲ
2223 3734 2322 3804 μιᾷ
2355 3749 2487 3804 φησι
2536 3733 2714 3786 πάντα
2774 3734 3023 3802 ποιήσειν
3064 3732 3133 3786 τὰ
3168 3731 3538 3804 προλεχθέντα
3569 3731 3718 3803 σαφῆ

2132 3822 2469 3891 τυγχάνοντα
2489 3839 2501 3853 ·
2533 3822 2808 3877 τουτέστιν
2835 3822 2923 3892 ὑφ’
2954 3822 3049 3878 ἕνα
3075 3825 3168 3876 καὶ
3196 3823 3286 3876 τὸν
3307 3821 3471 3879 αὐτὸν
3504 3823 3717 3891 καιρόν.

2134 3916 2391 3986 Κεφαλὴν
2419 3915 2475 3970 δὲ
2501 3917 2595 3969 καὶ
2635 3916 2801 3988 οὐρὰν
2834 3916 3004 3970 εἰπὼν
3024 3955 3037 3978 ,
3068 3916 3285 3987 ᾐνίξατο
3319 3916 3456 3980 ζῶον
3484 3917 3676 3984 ἄλογον
3701 3931 3715 3946 ·

2133 4008 2195 4061 οὐ
2226 4008 2333 4075 γὰρ
2358 4007 2662 4080 ἀνθρώπων
2694 4008 2843 4071 ίδιον,
2873 4007 3011 4063 ἀλλά
3039 4007 3192 4073 ζώων
3220 4008 3427 4077 ἀλόγων
3459 4010 3519 4062 τὸ
3548 4009 3721 4079 οὐρὰν

2133 4100 2276 4169 ἔχειν
2302 4117 2315 4130 ·
2346 4095 2427 4163 οἷς
2475 4100 2565 4153 τὸν
2616 4100 2743 4154 λαὸν
2793 4101 3186 4169 ἀφωμοίωσεν·
3243 4101 3275 4170 ἢ
3333 4100 3573 4172 κεφαλὴν
3623 4100 3721 4153 καὶ

2133 4193 2322 4263 οὐρὰν,
2345 4193 2436 4246 τὸν
2467 4192 2682 4262 λογικὸν
2720 4193 2896 4246 καὶτὸ
2922 4193 3137 4261 ἀλογον,
3166 4193 3200 4265 ἢ
3236 4194 3326 4248 τὸν
3352 4195 3586 4265 ἄρχοντα
3621 4194 3718 4246 καὶ

2133 4284 2226 4338 τὸν
2272 4285 2592 4357 ἀρχόμενον,
2625 4286 2719 4339 καὶ
2753 4284 3012 4354 ἔσχατον·
3038 4284 3066 4337 6
3126 4285 3191 4357 δὴ
3252 4286 3343 4339 καὶ
3392 4284 3725 4356 διεσάφησεν.

2135 4375 2325 4441 εἰπὼν,
2366 4395 2383 4427 ι
2424 4377 2597 4448 μέγαν
2645 4378 2741 4430 καὶ
2778 4376 2993 4449 μικρόν.
3028 4395 3047 4428 ι
3096 4377 3243 4430 ’Ἀντί
3275 4376 3331 4428 δὲ
3359 4376 3476 4439 τοῦ,
3541 4395 3559 4426 t
3586 4377 3718 4440 τοὺς

2134 4469 2202 4523 τά
2220 4469 2486 4542 πρόσωπα
2521 4469 2922 4541 θαυμάζοντας,
2958 4488 2977 4520 ι
3020 4471 3049 4522 6
3074 4466 3397 4539 Σύμμαχος,
3436 4488 3454 4519 ι
3487 4468 3580 4522 καὶ
3625 4469 3721 4521 ai-

463 4575 483 4608 ι
527 4557 618 4625 qui
660 4556 841 4613 vultus
896 4558 1264 4625 admirantur,
1305 4579 1324 4611 ι
1361 4560 1743 4631 Symmachus,
1792 4578 1811 4612 ι
1852 4570 1908 4615 et
1943 4576 2028 4617 ve«

2134 4559 2373 4632 δέσιμον,
2402 4582 2420 4613 ι
2451 4563 2779 4633 ἡρμήνευσε.
2808 4562 2918 4614 Kal
2945 4556 3098 4623 οὗτος
3124 4557 3216 4614 οὖν
3246 4562 3273 4613 6
3313 4560 3589 4631 αἰδέσιμος
3620 4561 3715 4613 καὶ

465 4648 795 4714 nerabilem,
842 4667 866 4703 ι
905 4649 1301 4721 interpretatus
1337 4662 1441 4706 est.
1496 4652 1596 4708 Hic
1636 4667 1764 4722 ergo
1811 4668 2037 4708 venera-

462 4738 587 4794 hilis
617 4748 670 4794 et
698 4754 888 4807 senex,
920 4752 1083 4812 caput
1120 4757 1244 4798 esse
1285 4751 1494 4811 potest;
1529 4744 1699 4797 cauda
1754 4757 1883 4797 vero
1913 4759 2038 4812 pro-

461 4828 620 4901 pheta
656 4830 749 4901 qui
800 4830 989 4903 iniqua
1038 4831 1221 4899 docet,
1265 4833 1361 4902 qui
1394 4833 1549 4901 quasi
1605 4833 1749 4888 bruti
1788 4834 2041 4891 animalis

462 4925 708 4980 ultimum
748 4928 1051 4983 membrum
1102 4937 1203 4983 est.
1244 4926 1353 4983 Hos
1398 4928 1566 4995 igitur
1603 4930 1671 4984 de
1725 4930 1902 4985 medio
1948 4932 2043 4984 tol-

461 5012 679 5078 lendos,
736 5024 903 5085 atque
971 5030 1077 5071 uno
1145 5024 1389 5082 tempore
1432 5017 1881 5073 exterminandos
1920 5033 2042 5075 esse

461 5104 806 5161 interminato
816 5123 861 5161 r.

534 5194 698 5252 Vens.
727 5197 811 5254 18.
850 5218 868 5251 ι
910 5198 977 5254 Et.
1004 5203 1363 5258 succendetur
1388 5201 1543 5271 quasi
1568 5200 1706 5269 ignis
1732 5202 1991 5271 iniquitas
2020 5220 2036 5256 ι

460 5297 517 5342 ct
543 5292 698 5357 quasi
748 5307 973 5361 gramen
1020 5292 1225 5347 siccum
1280 5293 1633 5348 devorabitur
1675 5294 1743 5349 ab
1795 5294 1937 5362 igne.
1973 5293 2038 5347 Et

460 5380 821 5436 succendetur
837 5382 889 5436 in
911 5382 1262 5440 densitatibus
1285 5384 1477 5449 saltus,
1490 5392 1545 5438 et
1560 5383 1839 5439 devorabit
1855 5383 2035 5438 omnia

463 5485 585 5526 ause
616 5472 823 5529 circum
847 5474 1011 5530 colles
1037 5483 1184 5530 sunt.
1226 5494 1246 5529 ι
1286 5476 1356 5531 Se
1399 5486 1458 5530 ut
1490 5477 1691 5531 bonum
1725 5476 2032 5530 animarum

465 5564 780 5633 agricolam,
805 5566 922 5622 haec
946 5566 1214 5623 facturum
1233 5584 1354 5625 esse
1371 5570 1732 5626 comminatur
1752 5569 2033 5632 Dominus;

469 5672 527 5710 ut
552 5657 811 5723 iniquitas
842 5674 1029 5716 eorum
1069 5660 1313 5717 deleatur
1346 5662 1523 5717 instar
1550 5662 1732 5717 herba:
1769 5660 2038 5717 silvestris

467 5750 531 5800 ab
557 5748 679 5814 igne
705 5748 952 5820 absunipt
965 5767 1017 5807 Β.

546 5838 711 5897 γης.
754 5840 937 5899 19ο21.
977 5860 996 5895 ι
1023 5842 1247 5912 Propter
1273 5844 1505 5901 furorem
1533 5846 1623 5902 ira:
1653 5846 1858 5902 Domini
1892 5862 2038 5902 com-

2130 4654 2159 4705 6
2183 4652 2494 4723 πρεσϐύτης
2521 4652 2744 4706 δύναται
2772 4649 2910 4706 εἶναι
2949 4655 2981 4724 ἡ
3026 4652 3269 4721 κεφαλήο
3320 4654 3352 4723 ἡ
3410 4653 3465 4706 δὲ
3502 4652 3639 4723 οὑρά
3681 4652 3714 4703 6

2131 4746 2397 4800 διδάσκων
2425 4746 2601 4816 ἄνομα
2632 4747 2938 4816 προφήτης,
2979 4746 3144 4797 οἱονεὶ
3177 4744 3370 4813 ἀλόγου
3393 4743 3531 4807 ζὼου
3556 4743 3718 4814 ἔσχα-

2134 4852 2225 4888 τον
2259 4835 2415 4905 μέλος
2447 4835 2725 4908 ὑπάρχων.
2760 4835 3246 4907 Ἀφαιρεθήσεσθαι
3266 4836 3444 4889 τοίνυν
3472 4836 3717 4899 τούτους,

2132 4928 2230 4982 καὶ
2262 4927 2807 5001 ὲξολοθρευθήσεσθαι
2835 4930 2925 4999 ὑφ’
2962 4930 3058 4983 ἕνα
3091 4929 3280 5001 καιρὸν
3311 4931 3341 4982 6
3363 4929 3520 4996 λόγος
3553 4928 3717 4982 ἀπειε-

2138 5020 2236 5078 λεῖ.

2220 5221 2239 5252 t
2281 5203 2389 5256 Kal
2410 5202 2744 5271 καυθήσεται
2773 5202 2849 5264 ὡς
2879 5201 2990 5271 πῦρ
3015 5203 3046 5271 ἠ
3070 5201 3291 5272 ἀνομία,
3323 5202 3414 5254 καὶ
3438 5201 3512 5263 ὠς
3541 5201 3718 5271 ἄγρω-

2144 5312 2261 5358 στις
2299 5294 2438 5366 ξηρά
2478 5294 2817 5365 βρωθήσεται
2856 5294 2963 5346 ὑπὸ
2999 5294 3191 5365 πυρός.
3228 5294 3339 5348 Kal
3380 5294 3715 5363 καυθήσεται

2140 5390 2200 5441 ὲν
2230 5392 2342 5452 τοῖς
2370 5388 2557 5441 δάσεσι
2584 5386 2678 5440 τοῦ
2708 5388 2941 5460 δρυμοῦ,
2976 5389 3071 5441 καὶ
3118 5387 3600 5456 συγκαταφάγεται
3647 5388 3718 5441 τὰ
3748 5376 3797 5457 ἐκ

2143 5480 2327 5550 κύκλῳ
2355 5478 2461 5532 τῶν
2500 5478 2702 5549 βουνῶν
2731 5480 2929 5533 πάντα.
2970 5500 2990 5531 ι
3022 5481 3274 5551 Ποιήσειν
3306 5479 3364 5532 δὲ
3411 5478 3604 5542 ταῦτα,
3640 5480 3718 5542 ὡς

2140 5573 2344 5641 ἀγαθὸς
2371 5570 2556 5641 ψυχῶν
2593 5572 2857 5641 γεωργὸς,
2892 5573 2920 5624 6
2952 5572 3155 5643 Κύριος
3187 5571 3430 5625 ἀπειλείο
3472 5572 3559 5624 ἴνα
3588 5573 3627 5641 ὴν
3658 5572 3717 5623 ἐν

2120 5667 2324 5741 ⁸αὐτοῖς
2374 5664 2570 5735 ἀνομία
2614 5665 2885 5737 ἀφανισθῇ
2933 5665 3087 5738 δίκην
3138 5663 3435 5736 ὑλομανοῦς
3487 5664 3714 5734 βοτάνης,

2145 5756 2248 5808 ὑπὸ
2282 5754 2450 5825 πυρὸς
2484 5754 2936 5825 άναλισκομένης.

2221 5862 2238 5895 ι
2282 5841 2379 5896 Διὰ
2409 5842 2575 5914 θυμὸν
2607 5844 2774 5913 ὀργῆς
2805 5844 3004 5916 Κυρίου
3036 5843 3457 5913 συγκέκαυταιὴ
3493 5842 3566 5912 γῆ
3596 5840 3713 5917 ὅλη,
