3968 6502
272 434 373 488 157

1238 437 1743 496 COMMENTARIA
1782 438 1849 495 IN
1888 438 2146 495 lSAlAM.
2187 467 2257 480 --
2293 434 2446 491 CAP.
2486 433 2555 489 Χ.

3418 430 3520 487 158

261 553 354 604 καὶ
406 550 561 605 ἔσται
606 553 634 605 ὁ
682 552 809 616 λαὸς
848 553 925 617 ὡς
972 558 1453 627 κατακεκαυμένος
1501 559 1607 612 ὑπὸ
1649 559 1835 632 πυρός.

1948 558 2105 609 busta
2140 564 2226 608 est
2254 552 2507 606 universa
2544 558 2707 610 terra,
2727 555 2782 602 et
2809 545 2916 599 erit
2956 543 3184 615 populus
3212 544 3367 613 quasi
3398 558 3521 599 suc-

262 642 587 715 Ἀνθρωπος
619 645 711 700 τὸν
742 645 967 716 ἀδελφὸν
999 648 1163 700 αὐτοῦ
1197 650 1297 703 οὐκ
1322 651 1552 721 ἐλεήσειδ
1586 652 1721 706 ἀλλά
1748 654 1840 705 ὲκ-

259 735 435 787 κλονεῖ
463 734 546 799 εἰς
572 735 643 790 τά
672 736 840 801 δεξιὰ,
869 738 951 791 ὅτι
986 740 1230 794 πεινάσει
1256 743 1348 794 καὶ
1378 741 1609 811 φάγεται
1642 746 1706 797 ἐκ
1733 744 1841 797 τῶν

254 828 589 899 ἀριστερῶν,
641 830 737 883 καὶ
787 832 848 883 οὐ
897 830 971 902 μὴ
1017 831 1304 904 ἐμπλησθῇ
1339 833 1625 906 ἅνθρωπος
1671 836 1842 890 ἔσθων

254 918 354 980 τὰς
387 919 599 990 σάρκας
630 919 726 973 τοῦ
771 920 1052 992 βραχίονος
1085 924 1272 978 αὑτοῦ.
1308 926 1545 995 Φάγεται
1577 927 1687 1000 γὰρ
1719 929 1842 983 Μα-

253 1004 466 1075 νασσῆς
498 1006 591 1059 τοῦ
640 1008 899 1081 Ἐφραῖμ,
926 1011 1022 1063 καὶ
1056 1012 1294 1085 Ἐφραῖμ
1321 1015 1413 1068 τοῦ
1440 1018 1729 1090 Μανασσῆ,
1760 1022 1841 1075 ὅτι

253 1094 375 1165 ἃμα
404 1095 829 1169 πολιορκήσουσι
857 1101 948 1154 τὸν
982 1102 1205 1157 Ἰούδαν.
1255 1106 1377 1159 Ἐπὶ
1416 1107 1627 1173 τούτοις
1677 1114 1843 1167 πᾶσιν

252 1188 355 1241 οὐκ
390 1188 718 1263 ἀπεστράφη
764 1194 791 1246 ό
836 1192 1027 1264 θυμὸς,
1062 1196 1175 1249 ἀλλ’
1211 1196 1291 1251 ἔτι
1338 1201 1373 1268 ἡ
1412 1201 1533 1273 χεὶρ
1572 1202 1771 1275 ὑψηλή.
1818 1223 1837 1256 ι

262 1279 357 1342 Ὧς
389 1282 764 1352 ὲπαναστῆναι
802 1283 1031 1353 ἀδελφὸν
1076 1286 1319 1359 ἀδελφῷ,
1353 1292 1448 1344 καὶ
1494 1291 1700 1362 μηδένα
1746 1295 1841 1350 τοῦ

253 1371 431 1434 πέλας
462 1373 757 1441 φείσασθαι
782 1392 796 1405 ·
830 1377 1040 1440 πάντας
1071 1377 1127 1432 δὲ
1156 1379 1404 1452 ἀλλήλοις
1438 1384 1745 1455 χρήσασθαι
1768 1387 1844 1452 ὡς

252 1464 576 1536 πολεμίοις’
622 1466 698 1531 ὡς
728 1468 809 1531 είς
847 1469 1102 1523 τοσοῦτον
1147 1472 1362 1526 ἐλάσειν
1399 1475 1843 1551 ἀναφλεγομένην

251 1558 444 1621 αὐτοῖς
488 1558 587 1629 τὴν
626 1559 763 1631 πρὸς
795 1559 1047 1631 ἀλλήλοις
1081 1565 1288 1631 στάσιν,
1322 1568 1416 1621 καὶ
1447 1570 1540 1622 τὸν
1576 1571 1842 1642 ἐμφύλιον

250 1649 383 1701 πὸλε
394 1667 517 1719 μον,
544 1650 621 1714 ὡς
648 1652 741 1705 καὶ
772 1652 869 1715 τὰς
891 1653 984 1706 δύο
1011 1656 1202 1723 φυλὰς,
1226 1658 1324 1730 τὴν
1349 1659 1444 1713 τοῦ
1481 1662 1718 1735 Ἐφραῒμ
1747 1665 1843 1719 καὶ

247 1738 349 1810 τὴν
370 1738 467 1793 τοῦ
493 1739 785 1813 Μανασσῆ,
813 1742 871 1808 ἐξ
904 1744 1022 1808 ἑνὸς
1053 1748 1257 1819 πατρὸς
1281 1753 1575 1823 γενομένας
1598 1756 1691 1809 τοῦ
1733 1759 1865 1811 Ἰωι

249 1833 384 1901 σὴφ,
429 1833 538 1885 ύπὺ
572 1832 670 1902 τὴν
712 1835 883 1906 αὐτὴν
931 1838 1091 1903 ὄντας
1127 1840 1423 1910 βασιλείαν,
1474 1847 1602 1916 μίαν
1639 1848 1696 1902 δὲ
1747 1850 1841 1904 καὶ

245 1925 348 1993 τὴν
378 1925 552 1995 αὐτὴν
600 1926 756 1979 πόλιν
792 1929 1073 1995 οἰκοῦντας
1096 1933 1428 2005 Σαμάρειαν,
1456 1937 1711 2010 ἀλλήλαις
1746 1944 1843 1995 έπ-

245 2014 577 2086 αναστῆναι,
606 2019 700 2070 καί
725 2019 851 2082 τοὺς
885 2020 1125 2090 ἀλλήλων
1154 2024 1442 2096 βραχίονας
1471 2036 1805 2101 καταφαγεῖν
1823 2050 1836 2062 ·

250 2108 455 2180 μηκέτι
507 2110 606 2180 μὲν
660 2111 1017 2181 σχολάζοντας
1056 2115 1134 2186 τῷ
1178 2118 1316 2171 κατὰ
1385 2120 1545 2174 Ἰούδα
1598 2125 1836 2195 πολέμῳ,

251 2199 389 2269 μηδὲ
422 2202 491 2271 τῇ
524 2200 811 2273 πολιορκίᾳ
842 2204 942 2275 τῆς
980 2206 1353 2286 Ἰερουσαλὴμ,
1390 2211 1511 2263 καθ’
1547 2214 1752 2267 ἑαυτῶν
1782 2216 1839 2268 δὲ

246 2292 629 2362 ἀκονήσαντας
648 2295 713 2347 τά
738 2295 944 2351 ἑαυτῶν
961 2297 1110 2369 ξίφη,
1134 2301 1358 2366 ἑαυτοὺς
1379 2304 1836 2377 διαχειρίσασθαι,

247 2384 341 2436 καὶ
374 2383 437 2449 ἐξ
466 2384 771 2457 ἀνθρώπων
798 2389 1077 2456 ἀφανίσαι.

801 2483 1197 2539 ΚΕΦΑΛΑῘΟΝ
1237 2489 1293 2543 I'.

321 2590 341 2621 ι
386 2571 527 2623 Οὐαὶ
566 2575 681 2635 τοῖς
733 2572 1005 2644 γράφουσι
1047 2579 1330 2649 πονηρίανθ
1379 2581 1682 2652 γράφοντες
1730 2584 1838 2658 γὰρ

246 2663 522 2734 πονηρίαν
584 2662 907 2734 γράφουσιν·
958 2667 1298 2735 ἐκκλίνοντες
1345 2673 1524 2744 κρίσιν
1583 2676 1833 2746 πτωχῶν,

249 2752 595 2823 ἁρπάζοντες
628 2756 801 2824 κρῖμα
825 2757 1073 2827 πενήτων
1093 2757 1188 2811 τοῦ
1218 2759 1349 2814 λαοῦ
1382 2779 1505 2833 μουο
1531 2762 1670 2818 ὥστε
1697 2762 1837 2821 εἶναι

245 2843 440 2906 αὐτοῖς
473 2844 648 2914 χήραν
676 2844 757 2907 είς
784 2843 1114 2919 διαρπαγὴν,
1149 2852 1244 2904 καὶ
1270 2852 1505 2924 ὀρφανὸν
1536 2857 1616 2919 είς
1644 2875 1836 2928 προνο-

248 2937 381 3007 μήν.
426 2953 447 2985 ι
496 2934 604 2988 Τοῦ
652 2936 985 3009 καλουμένου
1016 2936 1110 2994 οῦν
1164 2943 1399 3018 Ἰσραὴλ,
1434 2947 1578 3016 λέγω
1623 2950 1688 3023 δὴ
1740 2954 1835 3006 τοῦ

246 3026 382 3080 λαοῦ
406 3027 519 3080 τῶν
566 3028 831 3105 Ἰουδειίων
863 3032 921 3084 ὲν
957 3032 1241 3106 Σαμαρείᾳ
1268 3035 1707 3111 βασιλευομένου,
1743 3048 1837 3099 καὶ

240 3118 421 3171 ταῦτα
447 3118 586 3190 πρὸς
611 3123 724 3183 τοῖς
748 3122 1036 3193 προτέροις
1065 3126 1093 3178 ὁ
1113 3126 1305 3198 παρὼν
1328 3129 1483 3199 λόγος
1515 3139 1832 3207 κατηγορεῖ,

243 3212 477 3268 φάσκων
516 3211 712 3275 αὐτοὺς
744 3212 883 3283 πρὸς
916 3211 1031 3285 ἔριν
1062 3217 1156 3269 καὶ
1203 3218 1537 3286 φιλονεικίαν
1576 3222 1685 3276 τῶν
1735 3225 1833 3289 τὰς

241 3302 471 3373 ἀληθεῖς
513 3302 609 3355 τοῦ
655 3304 790 3357 Θεοῦ
838 3305 1175 3377 προφητείας
1222 3312 1689 3381 παραγραφόντων
1736 3314 1836 3379 τὰς

241 3392 756 3465 ψευδοπροφητείας
778 3394 1109 3452 συντάττειν.
1135 3393 1316 3455 Ἦσαν
1343 3400 1495 3470 γοῦν,
1526 3399 1668 3475 ἦσαν
1701 3405 1835 3476 ψευ-

241 3486 589 3557 δοπροφῆται
636 3487 897 3556 πλεῖστοι,
945 3490 1059 3544 ὅσοι
1106 3492 1165 3545 ὲν
1217 3493 1296 3565 τῷ
1358 3495 1574 3569 Ἰσραὴλ
1617 3500 1836 3555 ἐναντία

242 3578 635 3649 φθεγγόμενοι,
667 3580 760 3634 καὶ
785 3582 1004 3636 ἐναντία
1032 3584 1335 3656 γράφοντες
1362 3591 1472 3651 τοῖς
1496 3591 1719 3662 άληθέσι
1739 3591 1835 3649 τοῦ

240 3668 381 3722 Θεοῦ
405 3671 736 3741 προφήταις.
767 3674 832 3725 Οἱ
852 3672 908 3725 δὲ
925 3674 1078 3728 αὐτοὶ
1097 3678 1190 3730 καὶ
1211 3680 1533 3750 συγγραφὰς
1557 3683 1837 3742 ἐποιοῦντο

244 3763 621 3834 παρανόμους,
662 3765 759 3818 καὶ
800 3765 983 3838 πάσης
1028 3770 1293 3840 πονηρίας
1328 3774 1559 3842 μεστάς·
1598 3775 1837 3850 πένητας

241 3854 499 3924 οἰκτροὺς
526 3856 1005 3922 κατεδυνάστευον,
1032 3858 1336 3932 βιαζόμενοί
1365 3881 1422 3917 τε
1452 3866 1835 3925 ἐπλεονέκτουν

242 3946 650 4016 ἁπεριστάτους
692 3949 961 4019 ὀρφανοὺς
992 3952 1085 4006 καὶ
1128 3953 1325 4023 χήρας.
1371 3956 1657 4023 Τοιούτους
1695 3959 1740 4013 δ’
1768 3960 1834 4015 ἂν

241 4036 423 4101 εἴποις
448 4037 546 4092 καὶ
577 4039 705 4102 τοὺς
731 4039 820 4093 διὰ
862 4041 1152 4113 μοχθηρῶν
1187 4047 1637 4121 συγγραμμάτων
1667 4051 1834 4107 εἰσέτι

244 4129 341 4183 καὶ
366 4130 465 4183 νῦν
488 4129 915 4201 διαστρέφοντας
943 4133 1052 4189 τῶν
1078 4135 1481 4210 ἀκεραιοτέρων
1502 4139 1600 4203 τὰς
1633 4141 1831 4212 ψυχάς,

323 4240 342 4273 ι
388 4222 502 4274 Καὶ
528 4222 580 4275 τί
610 4224 928 4293 ποιήσουσιν
954 4227 1011 4280 ὲν
1050 4229 1116 4297 τῇ
1151 4228 1336 4301 ἡμέρα
1362 4231 1461 4302 τῆς
1492 4232 1831 4305 ὲπισκοπῆς;

243 4316 278 4385 ή
308 4314 422 4385 γὰρ
453 4314 634 4385 θλίψις
662 4316 791 4385 ύμῖν
821 4316 1103 4389 πόρρωθεν
1126 4319 1266 4390 ἥξει.
1300 4324 1410 4376 Καὶ
1434 4325 1571 4396 πρὸς
1591 4326 1709 4380 τίνα
1741 4343 1835 4383 κα-

240 4406 584 4475 ταφεύξεσθε
602 4407 697 4461 τοῦ
724 4407 1086 4481 βοηθηθῆναι;
1118 4414 1212 4466 κα)⁸
1237 4412 1339 4467 ποῦ
1363 4417 1714 4487 καταλείψετε
1735 4418 1833 4492 τὴν

240 4498 402 4564 δόξαν
422 4498 599 4570 ὑμῶν,
621 4500 716 4554 τοῦ
740 4502 815 4572 μὴ
830 4504 1093 4574 ἐμπεσεῖν
1119 4507 1199 4569 είς
1224 4507 1559 4583 ἀπαγωγήν;
1593 4529 1611 4562 ι
1653 4512 1833 4569 Ἄπει-

1946 661 2140 701 census
2162 647 2229 699 ab
2258 646 2399 714 igne.
2437 641 2606 695 llomo
2631 638 2817 693 fratris
2841 638 2924 692 sui
2968 653 3074 691 non
3127 635 3473 691 miserebitur
3504 652 3520 690 :

1944 739 2039 794 sed
2074 735 2369 791 declinabit
2397 734 2464 788 ad
2494 733 2797 794 dexteram.
2833 730 2957 799 quia
2991 731 3213 792 esuriet,
3248 738 3303 782 et
3333 742 3517 783 come-

1943 829 2084 882 deta
2123 824 2382 889 sinistris,
2416 831 2600 877 etnon
2639 819 2975 875 saturabitur
3020 820 3180 873 homo
3225 818 3517 872 comedens

1942 933 2137 976 carnes
2212 914 2419 972 brachii
2495 912 2598 966 sui.
2672 910 2967 965 Devorabit
3021 911 3167 962 enim
3239 906 3516 961 Manasses

1944 1008 2222 1081 Ephraim,
2256 1019 2314 1063 et
2341 1005 2600 1076 Ephraim
2650 1002 2960 1065 Manassen,
3000 1000 3126 1070 quia
3161 998 3320 1053 simul
3372 997 3517 1052 obsi-

1944 1103 2143 1157 debunt
2167 1099 2386 1156 ludam.
2428 1099 2486 1152 ln
2517 1096 2603 1150 liis
2632 1093 2884 1150 omnibus
2915 1108 3022 1146 non
3056 1106 3249 1146 aversa
3286 1102 3369 1146 est
3396 1092 3474 1144 ira
3497 1128 3515 1154 ,

1943 1195 2036 1248 sed
2069 1193 2245 1247 adhuc
2281 1204 2474 1244 manus
2504 1188 2744 1243 excelsa.
2789 1205 2809 1239 ι
2844 1187 2922 1240 Ita
2962 1194 3021 1239 ut
3052 1185 3296 1254 insurgat
3347 1183 3517 1236 frater

1944 1286 1997 1340 in
2022 1286 2265 1347 fratrem,
2302 1297 2369 1336 ac
2404 1294 2563 1335 nemo
2596 1280 2844 1348 proximo
2875 1292 2974 1333 suo
3021 1285 3212 1345 parcat
3243 1293 3257 1328 :
3293 1288 3516 1329 omnes-

1936 1392 2050 1447 que
2078 1384 2262 1430 mutuo
2294 1381 2462 1443 agant
2483 1382 2541 1426 ut
2576 1372 2813 1436 inimici,
2840 1371 2913 1424 ita
2943 1378 2999 1422 ut
3025 1378 3213 1424 coorta
3241 1377 3296 1422 et
3322 1368 3519 1421 ardens

1946 1468 2089 1522 inter
2140 1474 2399 1534 utrosque
2457 1464 2676 1527 seditio,
2719 1472 2772 1516 et
2805 1460 2967 1515 civile
3026 1459 3226 1515 bellum
3254 1472 3319 1511 eo
3350 1470 3519 1525 usque

1940 1558 2140 1623 veniat,
2169 1558 2367 1611 utdua:
2395 1555 2496 1609 illa:
2537 1554 2709 1608 tribus
2734 1552 2987 1622 prraim
3019 1561 3073 1604 et
3106 1548 3409 1611 Manasses,
3450 1559 3519 1599 ex

1945 1665 2051 1705 uno
2078 1660 2231 1720 patre
2250 1646 2452 1718 Joseph
2472 1656 2632 1710 ortae,
2663 1660 2729 1700 ac
2777 1644 2875 1699 sub
2901 1643 3091 1697 eodem
3120 1654 3286 1709 regno
3315 1638 3518 1706 degen-

1946 1753 2046 1805 tes,
2074 1751 2237 1811 atque
2267 1756 2431 1794 unam
2458 1738 2820 1805 eamdemque
2849 1735 3037 1789 urbem
3095 1731 3395 1786 incolentes
3419 1727 3518 1783 Sa-

1945 1831 2198 1896 mariam,
2222 1842 2411 1886 contra
2447 1846 2507 1884 se
2541 1839 2727 1883 mutuo
2765 1828 3070 1896 insurgant,
3098 1839 3163 1879 ac
3192 1822 3414 1878 brachia
3436 1821 3518 1874 in-

1876 1911 1914 1966 Β
1944 1925 2115 1979 vicem
2143 1923 2423 1989 devorent,
2458 1921 2601 1976 bello
2623 1929 2812 1976 contra
2842 1917 3037 1973 Judam
3095 1916 3395 1979 inferendo,
3453 1928 3521 1967 ae

1940 2016 2207 2071 obsidioni
2236 2013 2642 2084 Hierosolymae,
2662 2027 2766 2066 non
2795 2012 2931 2065 ultra
2951 2018 3229 2071 vacantes,
3259 2006 3353 2062 sed
3380 2020 3519 2060 con-

1943 2121 2026 2164 tra
2057 2125 2116 2164 se
2147 2118 2334 2162 mutuo
2355 2108 2562 2179 gladios
2587 2117 2868 2171 acuentes,
2893 2114 2951 2161 ut
2970 2120 3031 2161 se
3053 2103 3363 2160 vulneribus
3387 2117 3523 2157 con-

1941 2202 2127 2256 ticiant
2147 2200 2211 2255 ac
2228 2199 2463 2257 deleant.

2552 2493 2783 2550 CAPUT
2821 2492 2891 2550 Χ.

2013 2600 2175 2656 Vens.
2216 2598 2335 2654 1-2.
2394 2616 2415 2651 ι
2456 2599 2548 2653 Va:
2601 2596 2968 2653 scribentibus
3018 2595 3329 2649 malitiam:
3389 2607 3513 2647 nam

1937 2693 2261 2756 scribentes,
2296 2690 2556 2745 malitiam
2578 2689 2823 2744 scribunt
2851 2706 2865 2741 :
2896 2687 3227 2742 declinantes
3252 2687 3515 2757 judicium

1940 2797 2260 2851 pauperum,
2298 2782 2570 2850 rapientes
2598 2780 2859 2847 judicium
2898 2779 3118 2848 inopum
3154 2778 3334 2848 populi
3362 2776 3468 2832 mei
3496 2795 3514 2843 ;

1939 2873 2011 2926 ita
2046 2882 2104 2926 ut
2131 2873 2201 2927 sit
2238 2872 2343 2927 illis
2383 2872 2545 2926 vidua
2572 2872 2626 2926 in
2670 2871 2934 2947 rapinam,
2959 2869 3314 2937 etorplianus
3345 2869 3397 2923 in
3428 2869 3513 2923 di-

1941 2964 2263 3032 reptionem.
2300 2983 2318 3016 ι
2357 2962 2509 3017 111ιιιη
2542 2963 2799 3018 lsraeletn
2833 2961 3065 3025 dictum,
3110 2960 3363 3015 videlicet
3416 2956 3515 3014 Ju-

1939 3057 2152 3110 daicum
2180 3055 2433 3126 populum
2482 3070 2648 3126 regno
2692 3051 2959 3109 Samaria:
2997 3052 3292 3115 subditum,
3324 3054 3390 3107 de
3430 3052 3518 3106 bis

1939 3149 2089 3213 item,
2130 3157 2324 3218 praeter
2354 3160 2418 3201 ea
2446 3161 2565 3216 quae
2593 3144 2841 3216 superius
2894 3154 3190 3200 memorata
3216 3152 3363 3207 sunt,
3417 3158 3512 3198 ac.

1938 3248 2091 3294 cusat
2122 3238 2429 3308 Scriptura,
2459 3238 2669 3303 dicens,
2696 3252 2789 3292 eos
2812 3239 2881 3292 ob
2897 3237 3294 3292 contentionem
3311 3245 3369 3289 et
3395 3234 3513 3289 dis-

1937 3329 2298 3399 ceptationem
2349 3343 2559 3395 eorum,
2588 3329 2681 3398 qui
2710 3342 2868 3384 veras
2898 3327 2990 3384 Dei
3017 3327 3327 3398 prophetias
3361 3324 3515 3380 adul-

1940 3421 2211 3486 terabant,
2247 3418 2385 3474 falsa
2420 3418 2679 3474 vaticinia
2709 3419 3073 3474 comminisci.
3113 3417 3279 3471 Erant
3306 3417 3509 3486 itaque,

1937 3520 2095 3568 erant
2141 3512 2632 3582 pseudopropheta:
2678 3511 2853 3578 multi,
2905 3512 2956 3564 iu
2991 3511 3189 3565 lsraele
3237 3509 3512 3563 contraria

1936 3604 2219 3674 loquentes
2251 3612 2303 3660 et
2326 3604 2600 3658 contraria
2654 3602 2957 3657 scribentes
3006 3602 3093 3667 iis,
3129 3617 3247 3671 quae
3276 3600 3385 3654 veri
3417 3599 3511 3654 Dei

1937 3695 2212 3764 pr0phetze
2251 3695 2554 3749 tradebant.
2583 3693 2749 3746 lidem
2783 3707 2912 3746 vero
2945 3692 3043 3761 ipsi
3070 3691 3270 3760 scripta
3304 3689 3513 3744 nefaria

1936 3786 2189 3851 edebant,
2218 3794 2272 3841 et
2296 3784 2447 3840 omni
2492 3785 2846 3855 improbitate
2887 3783 3090 3840 referta
3129 3800 3143 3836 :
3179 3783 3231 3836 in
3281 3783 3515 3835 miseros

1934 3892 2202 3947 pauperes
2238 3877 2571 3931 dominatum
2608 3877 2958 3940 exercebant,
3011 3891 3075 3931 ac
3124 3874 3390 3931 violenter
3416 3889 3512 3929 su-

1936 3968 2212 4036 perbeque
2241 3968 2474 4036 agebant
2504 3967 2554 4021 in
2584 3968 2858 4036 orplianos
2887 3975 2941 4019 et
2971 3966 3163 4019 viduas
3212 3964 3514 4034 patrocinio

1936 4069 2206 4116 carentes.
2245 4058 2404 4116 Tales
2426 4061 2553 4115 item
2585 4061 2793 4116 dixeris
2815 4077 2929 4126 eos,
2971 4061 3062 4129 qui
3095 4060 3257 4115 hodie
3294 4075 3514 4131 perver-

1935 4152 2010 4206 sis
2038 4150 2258 4220 scriptis
2290 4150 2680 4221 simpliciorum
2712 4151 2923 4205 animas
2955 4162 3224 4205 evertunt.

2009 4241 2168 4295 Vens.
2204 4240 2323 4294 5.4.
2364 4257 2386 4292 ι
2423 4240 2488 4294 Et
2507 4241 2635 4311 quid
2661 4241 2864 4295 facient
2896 4242 2948 4295 in
3003 4242 3090 4295 die
3132 4239 3508 4303 visitationis?

1934 4348 2060 4389 nam
2085 4334 2356 4389 tribulatio
2396 4335 2547 4389 vobis
2578 4349 2608 4388 e
2633 4333 2923 4405 longinquo
2954 4335 3151 4389 veniet.
3181 4335 3243 4389 Et
3266 4334 3331 4388 ad
3357 4334 3509 4406 cujus

1933 4425 2192 4479 auxilium
2244 4424 2607 4496 confugietis?
2640 4424 2698 4481 Et
2758 4426 2848 4479 ubi
2910 4425 3228 4496 relinquetis
3277 4424 3505 4497 gloriam

1932 4530 2189 4583 vestram,
2225 4533 2292 4574 ne
2313 4520 2522 4574 cadatis
2550 4520 2603 4574 in
2628 4518 3046 4575 abductionetn?
3075 4538 3092 4571 ι
3132 4518 3509 4573 Cumminatur

243 4588 330 4643 λεῖ
352 4590 531 4644 τοίνυν
558 4592 788 4657 ἐκείνοις
811 4594 837 4647 ό
860 4597 1200 4667 προφητικὸς
1222 4598 1378 4669 λόγος
1402 4601 1644 4671 φάσκων·
1674 4624 1693 4656 ι
1718 4605 1829 4659 Καὶ

1940 4625 2063 4681 ergo
2099 4610 2167 4665 iis
2193 4611 2542 4680 propheticus
2588 4626 2768 4667 sermo
2816 4611 3047 4665 dicens:
3087 4629 3106 4661 ι
3146 4609 3212 4663 Ει
3240 4609 3369 4677 quid
3423 4608 3506 4662 fa-

240 4681 295 4734 τί
327 4683 645 4753 ποιήσουσιν
677 4684 734 4738 ὲν
762 4688 829 4757 τῇ
861 4687 1044 4759 ἡμέρᾳ
1058 4689 1159 4759 τῆς
1176 4690 1534 4763 ἐπισκοπῆς,ι
1557 4695 1678 4749 καθ’
1705 4697 1770 4769 ἦν
1800 4698 1833 4770 ἡ

244 4774 429 4844 θλίψις
458 4776 552 4828 καὶ
582 4776 614 4845 ἡ
647 4776 788 4830 κατὰ
814 4779 1021 4833 τούτων
1050 4781 1187 4854 ὀργὴ
1216 4783 1497 4857 πόρρωθεν
1522 4787 1676 4858 ﬁget;
1710 4792 1833 4846 Μα-

247 4866 391 4937 κράν
419 4866 531 4939 γὰρ
563 4863 729 4921 οὖσαν
765 4870 934 4942 αὑτήν
955 4888 1109 4942 φησι,
1138 4874 1229 4928 διὰ
1259 4876 1321 4927 τὸ
1351 4877 1746 4934 ἀπελαύνεσθαι
1774 4882 1833 4950 ἐξ

243 4957 381 5029 ἐμοῦ
402 4958 495 5012 τοῦ
515 4958 670 5013 Θεοῦο
685 4962 859 5033 ὑμεῖς,
877 4956 923 5016 ὦ
953 4960 1118 5028 οὗτοι,
1136 4967 1269 5038 πρὸς
1287 4967 1381 5031 οὓς
1396 4971 1566 5027 ταῦτα
1597 4972 1831 5043 λέγεται,

244 5050 437 5121 ῶσπερ
474 5050 782 5123 βιαζόμενοι
823 5055 945 5109 καθ’
979 5058 1187 5112 ἑαυτῶν
1217 5061 1387 5133 αὐτὴν
1421 5064 1824 5119 ὲπεσπάσασθε·

242 5137 313 5213 ἧς
342 5142 698 5217 ἐπελθούσης,
728 5146 819 5201 ἐπὶ
847 5148 968 5203 τίνα
1000 5152 1405 5221 καταφεύξεσθε
1425 5155 1521 5208 τοῦ
1553 5155 1826 5230 βοηθηθῆ-

245 5252 363 5298 ναι;
421 5253 443 5286 ι
486 5236 609 5290 Ἐπὶ
637 5239 773 5292 πᾶσι
815 5240 1030 5306 τούτοις
1067 5244 1167 5298 οὐκ
1214 5246 1541 5318 ἀπεστράφη
1576 5251 1609 5320 ἡ
1654 5250 1821 5323 ὀργή’

245 5328 358 5381 ἀλλ’
390 5326 472 5381 ἔτι
504 5329 537 5397 ἠ
564 5328 686 5401 χεὶρ
718 5331 919 5404 ὑψηλή.
954 5354 973 5386 ι
1018 5336 1415 5407 Ἐπιμενόντων
1440 5340 1549 5413 γάρ
1579 5345 1690 5407 τοῖς
1724 5345 1823 5397 αύ-

245 5422 357 5482 τοῖς
392 5420 571 5491 ἀτοπή
581 5438 713 5490 μασι
738 5422 848 5477 τῶν
880 5424 969 5479 διά
997 5427 1091 5481 τοῦ
1122 5428 1280 5498 λόγου
1311 5434 1822 5505 κατηγορουμένων,

247 5507 541 5563 ἀκόλουθον
566 5505 635 5583 ἦν
664 5512 758 5566 καὶ
776 5512 876 5584 τὴν
898 5518 1016 5569 κατ’
1041 5518 1222 5575 αὐτῶν
1248 5521 1564 5595 παράμονον
1579 5524 1825 5593 γίνεσθαι

248 5602 438 5677 ὀργήν.

324 5718 343 5751 ι
376 5700 514 5754 Οὐαὶ
555 5703 879 5776 Ἀσσυρίοις,
913 5706 947 5776 ἡ
986 5705 1179 5777 ῥάϐδος
1218 5708 1313 5761 τοῦ
1362 5709 1535 5781 θυμοῦ
1568 5729 1689 5783 μου·
1726 5714 1821 5767 καὶ

252 5791 384 5865 ὀργή
422 5796 571 5849 ἐστιν
595 5798 654 5850 ὲν
679 5801 797 5863 ταῖς
825 5800 1012 5871 χερσὶν
1037 5799 1237 5855 αὐτῶν.
1269 5802 1380 5874 Τὴν
1409 5805 1579 5876 ὀργήν
1608 5824 1707 5876 μου
1741 5810 1823 5871 είς

253 5882 396 5949 ἔθνος
448 5887 645 5958 ἄνομον
689 5889 991 5958 ἀποστελῶ,
1035 5893 1127 5945 καὶ
1169 5891 1245 5963 τῷ
1288 5892 1401 5965 λαῷ
1434 5894 1551 5965 ἐμῷ
1583 5896 1823 5964 συντάξω

1931 4703 2077 4759 cient
2113 4703 2167 4758 in
2200 4703 2287 4758 die
2313 4704 2663 4770 visitationis,
2700 4724 2718 4758 ι
2748 4720 2854 4775 qua
2887 4704 3164 4757 tribulatio
3195 4714 3247 4756 et
3283 4704 3361 4757 ira
3391 4718 3509 4772 pro-

1932 4795 2016 4850 cul
2051 4796 2181 4865 ipsis
2203 4796 2421 4849 veniet?
2448 4795 2582 4850 Nam
2609 4811 2732 4850 cum
2762 4811 2825 4850 ea
2870 4795 3057 4865 procul
3089 4795 3338 4860 exsistat,
3381 4794 3506 4862 quia

1933 4888 2048 4953 ipsa
2083 4902 2113 4941 a
2143 4902 2228 4941 me
2256 4887 2367 4943 Deo
2395 4888 2672 4943 eliminata
2706 4897 2826 4955 est;
2854 4904 2951 4944 vos
2984 4904 3136 4956 sane,
3169 4888 3368 4959 Quibus
3392 4886 3507 4939 haec

1933 4980 2208 5046 dicuntur,
2238 4980 2391 5050 quasi
2429 4982 2479 5035 vi
2520 4990 2739 5036 utentes
2780 4990 2973 5036 contra
3004 4996 3100 5036 vos
3159 4983 3325 5048 ipsos,
3382 4992 3503 5030 cam

1932 5073 2271 5127 attraxistis:
2311 5088 2416 5142 qua
2451 5072 2892 5144 superveniente,
2936 5073 3005 5127 ad
3051 5072 3208 5142 cujus
3245 5068 3506 5124 auxilium

1932 5163 2301 5236 confugietis?
2335 5184 2354 5217 ι
2389 5166 2564 5235 Super
2614 5166 2698 5222 liis
2744 5166 2995 5221 omnibus
3031 5180 3135 5220 non
3172 5176 3367 5216 aversa
3420 5168 3507 5213 est

1932 5256 2050 5319 ira;
2079 5257 2172 5312 sed
2200 5258 2378 5313 adhuc
2404 5274 2591 5313 manus
2623 5259 2856 5314 excelsa.
2883 5279 2901 5311 ι
2921 5259 3055 5313 Nam
3086 5257 3150 5311 iis
3167 5254 3257 5323 qui
3282 5255 3333 5307 in
3364 5268 3505 5323 pne-

1931 5348 2070 5402 senti
2100 5360 2450 5415 accusantur,
2481 5352 2668 5406 eadem
2694 5352 2747 5405 in
2778 5350 3115 5406 absurditate
3143 5347 3506 5418 permanenti-

1935 5439 2057 5505 bus,
2078 5454 2419 5512 consequens
2442 5452 2581 5506 erat,
2620 5453 2677 5496 ut
2708 5443 2787 5499 ira
2814 5455 3028 5514 quoque
3065 5451 3430 5511 permaneret.

2000 5712 2165 5767 Vens.
2190 5712 2307 5769 5.6.
2339 5733 2358 5766 ι
2393 5715 2484 5770 Vae
2507 5716 2772 5786 Assyriis,
2811 5715 2975 5787 virgae
3027 5717 3227 5772 furoris
3261 5717 3363 5771 mei
3399 5734 3411 5771 :
3445 5726 3499 5771 et

1932 5806 2013 5862 ira
2048 5817 2134 5861 est
2168 5808 2222 5861 in
2255 5808 2501 5865 manibus
2533 5823 2742 5863 eorum.
2777 5809 2915 5863 Iram
2971 5823 3145 5864 meam
3180 5809 3233 5863 in
3282 5819 3496 5878 gentem

1935 5897 2174 5967 iniquam
2201 5898 2431 5967 mittam,
2458 5908 2511 5957 ct
2537 5898 2730 5968 populo
2768 5915 2886 5958 meo
2916 5901 3223 5967 pmcipiam
3255 5909 3311 5954 ut
3333 5897 3495 5955 faciat
