3968 6504
428 407 529 464 159

1094 401 1362 460 EUSEBII
1402 402 1885 460 CESARIENSIS
1921 404 2002 461 ΟΡ

2114 405 2294 461 PARS
2333 404 2422 460 lll.
2464 436 2531 447 --
2571 398 2982 457 EXFGETICA.

3587 390 3693 445 160

424 530 595 599 spolia
630 539 684 583 et
708 527 1203 598 depOpulationem,
1234 538 1289 582 et
1318 529 1606 584 conculcet
1646 530 1916 595 civitates,
1948 540 2002 585 et

2113 532 2333 603 ποιῆσαι
2376 529 2549 584 σκῦλα
2591 528 2683 581 καὶ
2722 522 3020 596 προνομήν,
3070 519 3165 573 καὶ
3206 516 3543 571 καταπατεῖν
3589 515 3693 577 τὰς

424 632 698 689 ponateas
725 620 776 673 in
804 622 1102 687 pulverem.
1136 638 1153 669 ι
1190 620 1264 671 Ad
1293 621 1406 673 hanc
1432 636 1599 688 usque
1634 622 2005 688 perseveravit

423 712 701 765 accusatio
724 710 945 779 populi;
984 722 1319 779 postquam,
1365 722 1763 779 consequenter
1795 714 1861 766 ad
1904 713 2005 766 mi-

424 818 522 853 nas
555 817 583 854 a
619 803 902 871 prophetia
938 803 1268 866 ermntiatas,
1306 818 1409 855 non
1444 803 1537 856 diu
1566 804 1769 874 Assyrii
1801 804 2002 857 irrum-

425 902 613 960 pentes
646 891 949 946 Samariam
974 894 1245 955 obsident,
1270 904 1322 948 et
1354 904 1521 947 totam
1558 896 1793 963 ipsorum
1829 897 2005 965 regio-

427 998 548 1037 nem
576 984 998 1053 depopulantur,
1037 1001 1339 1055 novemque
1361 985 1600 1041 Judaica:
1625 988 1801 1056 gentis
1831 989 2006 1043 tribus

426 1076 481 1130 in
514 1075 860 1147 Assyriorum
881 1086 1080 1130 terram
1107 1079 1346 1144 captivas
1369 1078 1666 1132 abducunt.
1696 1079 1825 1133 Post
1847 1094 2005 1133 enar—

428 1180 597 1223 ratam
629 1186 757 1239 ergo
784 1170 965 1239 populi
998 1170 1159 1223 Israel
1200 1171 1328 1225 dicti
1373 1170 1765 1240 captivitatem,
1811 1172 1875 1224 ad
1912 1188 2004 1225 eos

426 1262 519 1328 qui
543 1261 596 1315 in
620 1261 986 1330 captivitatem
1002 1261 1337 1316 abduxerunt
1362 1277 1539 1317 sermo
1564 1262 1913 1318 transfertur.
1941 1264 2003 1318 Hi

426 1368 594 1421 porro
619 1365 775 1406 erant
804 1354 1032 1424 Assyrii,
1076 1353 1274 1423 quibus
1307 1354 1423 1409 hrec
1461 1357 1745 1425 prmsentia
1774 1358 2006 1410 commi-

427 1453 607 1499 natur.
636 1445 786 1510 Quod
818 1457 1019 1507 autem,
1055 1460 1178 1499 cum
1219 1446 1333 1500 haec
1391 1446 1727 1511 dicerentur,
1759 1448 1871 1517 jam
1917 1464 2009 1517 po-

425 1537 585 1606 pulus
613 1536 679 1591 ab
703 1538 945 1609 Assyriis
967 1538 1259 1593 translatus
1274 1547 1328 1593 et
1358 1539 1607 1593 Samaria
1633 1541 1853 1594 obsessa
1876 1540 2007 1594 fuis-

428 1638 531 1690 set,
580 1628 705 1682 hinc
747 1628 927 1699 palam
975 1636 1077 1691 est,
1128 1628 1270 1699 quod
1301 1629 1497 1684 ibidem
1531 1646 1595 1684 ex
1654 1632 2002 1702 Assyriorum

426 1721 571 1789 regis
600 1735 833 1789 persona
882 1721 1111 1786 dicatur,
1159 1740 1179 1772 ι
1208 1720 1338 1791 Cepi
1378 1722 1665 1785 Arabiam,
1706 1734 1762 1776 et
1811 1723 2006 1776 Dama-

435 1825 588 1864 scum
642 1820 694 1866 et
749 1810 1579 1882 Samariamzquemadmodum
1637 1814 1777 1880 illas,
1827 1814 1907 1869 sic
1951 1824 2005 1869 et

2108 624 2315 688 πόλεις,
2344 624 2438 676 καὶ
2466 620 2638 674 θεῖναι
2671 619 2841 679 αὑτὰς
2875 616 2953 678 είς
2987 611 3279 681 κονιορτόν.
3315 630 3332 660 ι
3372 608 3547 680 Μέχρι
3581 608 3694 679 γὰρ

2106 713 2213 766 τῶν
2244 713 2657 785 προειρημένων
2685 709 2814 777 ἔστη
2836 706 2903 760 τὰ
2933 706 3030 775 τῆς
3052 702 3144 755 τοῦ
3169 700 3297 754 λαοῦ
3320 699 3654 770 κατηγορίας
3673 738 3692 765 ,

2110 803 2229 872 μεθ’
2268 804 2335 875 ἢν
2366 800 2676 863 ἀκολούθως
2701 802 2814 862 τοῖς
2846 796 2935 851 διὰ
2962 796 3061 865 τῆς
3094 791 3430 865 προφητείας
3459 789 3692 861 ἠπειλη-

2111 896 2311 966 μένοις,
2348 897 2447 951 ούκ
2476 897 2555 959 είς
2584 891 2801 965 μακρὰν
2831 888 3112 961 πόρρωθεν
3134 886 3452 947 ἐπιστάντες
3498 884 3694 936 ’Δσσύ-

2112 1002 2236 1056 ριοι,
2273 986 2621 1057 πολιορκοῦσι
2646 984 2747 1057 τὴν
2773 982 3106 1053 Σαμάρειαν,
3136 978 3230 1032 καὶ
3261 979 3440 1030 πᾶσαν
3468 976 3567 1044 τὴν
3592 973 3695 1044 κάν

2112 1095 2209 1148 ραν
2253 1077 2432 1129 αὐτῶν
2464 1076 2702 1150 δῃοῦσιν,
2743 1074 2871 1137 ὅλας
2906 1090 2963 1126 τε
3008 1070 3164 1126 ἐννέα
3210 1069 3381 1140 φυλὰς
3415 1068 3510 1121 τοῦ
3555 1069 3691 1121 Ἰου-

2105 1167 2270 1220 δαίων
2317 1167 2500 1230 ἔθνους
2550 1164 2926 1237 αἰχμαλώτους
2975 1164 3054 1225 είς
3091 1161 3191 1231 τὴν
3248 1157 3547 1230 Ἀσσυρίων
3586 1160 3695 1211 ἀπ-

2110 1260 2319 1327 άγουσι.
2346 1258 2499 1312 Μετά
2521 1255 2613 1312 οὖν
2639 1258 2737 1328 τὴν
2756 1255 2849 1309 τοῦ
2866 1254 2995 1307 λαοῦ
3016 1252 3110 1307 τοῦ
3127 1252 3292 1305 καλου
3301 1251 3460 1322 μένου
3478 1249 3693 1323 Ἰσραὴλ

2108 1350 2482 1421 αἰχμαλωσίαν
2530 1350 2558 1399 ὁ
2589 1348 2745 1417 λόγος
2780 1345 3090 1417 μεταϐαίνει
3134 1344 3226 1396 ἐπὶ
3258 1344 3383 1405 τοὺς
3413 1341 3695 1412 αἰχμαλω-

2107 1444 2425 1507 τεύσαντας.
2456 1438 2715 1495 Ἦσανδέ
2739 1436 2883 1494 οὗτοι
2929 1438 3225 1509 Ἀσσύριοι,
3267 1431 3347 1499 οἷς
3368 1433 3437 1487 τὰ
3467 1432 3695 1506 προκεί-

2112 1552 2247 1605 μενα
2278 1534 2509 1587 ἀπειλεῖ.
2542 1534 2663 1587 Ὅτι
2694 1533 2749 1585 δὲ
2777 1532 2993 1603 ἁπῆκτο
3016 1529 3121 1583 ὑπὸ
3161 1527 3463 1599 Ἀσσυρίων
3492 1528 3520 1579 ὁ
3541 1524 3689 1589 λαὸς.

2102 1629 2201 1705 Χκαὶ
2234 1626 2636 1699 πεπολίορκητο
2668 1628 2701 1697 ή
2747 1624 3051 1695 Σαμάρεια,
3084 1622 3174 1674 ὅτε
3204 1618 3273 1672 τὰ
3318 1618 3455 1689 μεεά
3502 1618 3694 1688 χεῖρας

2109 1720 2343 1788 ἐλέγετο,
2373 1720 2530 1791 δῆλον
2568 1718 2824 1789 τυγχάνει
2870 1720 2934 1769 ἐκ
2976 1713 3069 1768 τοῦ
3115 1712 3371 1781 λέγεσθαι
3402 1713 3460 1764 ἐν
3507 1710 3692 1772 αὐτοῖς

2107 1812 2172 1864 ὲκ
2208 1810 2498 1883 προσώπου
2538 1810 2630 1863 τοῦ
2662 1810 2768 1863 τῶν
2813 1807 3110 1877 ’Λσσυρίων
3142 1804 3401 1874 βασιλέως
3422 1820 3436 1833 ο
3472 1821 3489 1852 ‹
3528 1800 3695 1853 Ἔλα-

425 1917 615 1957 omnes
667 1904 1001 1973 principatus
1047 1904 1290 1972 capiam;
1333 1922 1353 1956 ι
1386 1919 1449 1960 ac
1486 1920 1717 1969 rursum,
1749 1924 1768 1957 ‹
1807 1905 2002 1971 Quem-

2113 1904 2202 1958 ϐον
2242 1904 2501 1976 Ἀραϐίαν
2532 1905 2625 1958 καὶ
2662 1901 2950 1973 Δαμασκὸν
2980 1899 3072 1951 καὶ
3098 1898 3408 1969 Σαμάρειαν
3432 1913 3445 1926 ·
3476 1895 3535 1948 ὃν
3567 1895 3697 1965 τρό-

425 1991 714 2046 admodum
783 1991 884 2047 feci
946 1993 1228 2055 Samaria,
1272 2003 1328 2049 et
1375 1994 1629 2050 omnibus
1678 1997 2003 2053 ntanul‘actis

424 2082 568 2151 ejus,
594 2084 673 2139 sic
698 2085 889 2140 faciam
924 2084 1298 2157 Jerosolymre.
1342 2106 1363 2139 ι
1397 2086 1567 2142 Docet
1591 2096 1774 2142 autem
1832 2090 2004 2144 histo-

427 2174 507 2228 ria
542 2175 593 2229 in
627 2176 815 2230 diebus
845 2177 1026 2231 Acltaz
1058 2178 1374 2234 ascendisse
1426 2193 1607 2249 regem
1655 2178 2000 2250 Assyriorum

426 2267 755 2331 Samariam,
784 2280 837 2323 et
866 2268 1144 2325 obsedisse
1176 2270 1357 2325 illam:
1387 2285 1450 2326 ac
1475 2281 1606 2325 tunc
1635 2272 1853 2339 quidem
1878 2288 2003 2341 par-

423 2365 533 2412 tem
573 2359 753 2429 populi
780 2360 1048 2431 captivam
1080 2361 1338 2417 duxisse:
1388 2363 1488 2419 sub
1534 2363 1765 2418 Ezecltia
1819 2373 2002 2419 autem

422 2448 627 2509 Acbazi
651 2466 971 2508 successore
1006 2452 1319 2508 universum
1354 2452 1612 2524 populum
1656 2454 2004 2511 transtulisse

423 2541 480 2599 in
510 2540 784 2613 Assyrios.

492 2814 662 2874 Vens.
705 2818 821 2873 7-9.
859 2836 877 2870 ι
913 2816 1031 2887 lpse
1055 2826 1237 2871 autem
1282 2829 1389 2871 non
1440 2817 1520 2872 sic
1550 2820 1837 2889 cogitavit,
1868 2830 1920 2874 et
1950 2820 2002 2874 in

423 2911 601 2966 anima
631 2925 736 2964 non
773 2910 853 2964 sic
877 2909 1174 2963 arbitratus
1204 2917 1288 2963 est
1312 2925 1326 2975 ;
1351 2909 1443 2963 sed
1473 2920 1681 2965 avertet
1704 2926 1858 2966 mens
1887 2910 2005 2978 ejus

429 3003 495 3056 ad
530 3011 718 3073 gentes
751 3000 1198 3056 exterminandas
1252 3016 1356 3056 non
1408 3016 1634 3071 paucas.
1664 3003 1727 3057 Et
1758 3004 1801 3058 si
1844 3004 2001 3058 dixe-

422 3095 536 3149 rint
569 3095 641 3157 ei,
678 3092 757 3149 Tu
801 3096 952 3148 solus
983 3109 1043 3149 es
1072 3098 1329 3169 princeps
1368 3116 1381 3152 :
1412 3095 1783 3168 respondebit,
1810 3096 2002 3151 Annon

420 3191 537 3259 cepi
562 3189 840 3259 regionem
876 3204 1035 3259 supra
1061 3190 1389 3262 Babylonem
1422 3200 1477 3247 et
1498 3190 1818 3258 Chalanem,
1852 3190 2004 3260 cujus

424 3282 590 3336 turris
617 3280 879 3334 aedificata
903 3289 987 3335 est
1013 3300 1027 3335 :
1053 3291 1106 3334 et
1128 3259 1244 3352 cepi
1270 3284 1550 3349 Arabiam,
1581 3292 1637 3338 et
1660 3259 2003 3351 Damascum,
2034 3259 2076 3317 (ἶ

422 3381 478 3427 et
505 3371 847 3427 Samariam?
869 3390 887 3422 ι
920 3371 1055 3426 Cum
1087 3389 1287 3442 meam,
1332 3376 1529 3446 inquit,
1562 3387 1884 3446 potestatem
1914 3393 2006 3433 ae-

423 3463 648 3533 ceperit,
679 3476 784 3517 non
809 3465 888 3517 sic
916 3463 1002 3518 ille
1030 3465 1329 3521 arbitratus
1352 3476 1465 3532 est,
1496 3468 1593 3523 sed
1626 3467 1803 3522 elatus
1826 3477 2006 3526 mente

424 3557 547 3621 fuit,
579 3571 645 3610 ac
677 3556 719 3609 si
758 3556 1013 3625 populum
1048 3573 1227 3612 meum
1256 3561 1473 3629 propria
1514 3562 1713 3615 virtute
1742 3560 2007 3616 debellas-

423 3659 527 3705 set.
556 3648 668 3703 Nec
694 3646 787 3702 illo
812 3658 1107 3703 contentus
1154 3651 1389 3716 excidio,
1427 3652 1669 3707 infinitas
1708 3653 1845 3708 alias
1874 3668 2008 3722 geu-

425 3750 506 3796 tes
531 3756 590 3796 se
642 3741 954 3796 invasurum
995 3743 1276 3797 minatur:
1311 3746 1439 3814 quia
1484 3745 1629 3800 illam
1659 3746 2005 3815 prmslantio-

424 3847 540 3885 rem
567 3846 631 3885 ac
667 3832 766 3886 sub
798 3831 890 3885 Dei
928 3833 1091 3887 tutela
1116 3833 1347 3900 positam
1385 3835 1777 3891 debellaverat.
1804 3836 2007 3903 Quam-

421 3924 610 3977 obrem
636 3923 702 3977 iis
733 3924 823 3992 qui
856 3922 1087 3991 subjecti
1115 3923 1368 3991 fuerant,
1405 3927 1731 3982 mirantibus
1759 3943 1906 3993 cum,
1941 3944 2005 3985 ac

421 4013 752 4079 dicentibus,
786 4034 803 4066 ι
839 4014 918 4069 Tu
946 4016 1096 4070 solus
1130 4032 1189 4071 es
1220 4018 1497 4087 princeps,
1531 4037 1550 4070 ι
1587 4018 1884 4088 respondet
1916 4019 2006 4075 ille

420 4108 509 4162 bis
538 4108 721 4163 verbis
751 4126 763 4160 :
800 4108 881 4162 Me
932 4109 1234 4180 principem
1286 4112 1522 4167 nondum
1556 4114 1764 4167 vocetis
1827 4126 2004 4181 neque

423 4201 727 4266 dominum,
760 4201 1205 4271 quandoquidem
1241 4217 1434 4257 omnes
1470 4203 1708 4274 undique
1756 4204 2005 4274 regiones

421 4294 657 4349 nondum
685 4295 800 4362 cepi
832 4311 844 4346 :
873 4306 1151 4361 czeterum,

499 4385 661 4441 Vens.
708 4385 800 4441 l0.
844 4404 863 4437 ι
918 4386 1387 4451 Quemadmodum
1440 4388 1542 4443 has
1591 4389 1752 4458 cepi,
1814 4389 1895 4444 sic
1949 4398 2007 4444 et

421 4490 615 4532 omnes
659 4476 998 4545 principatus
1055 4478 1287 4546 capiam.
1346 4477 1887 4549 Ululate,sculptilia
1948 4481 2000 4534 in

421 4566 721 4625 Jerusalem
754 4576 805 4621 et
842 4567 1119 4623 Samaria.
1160 4587 1178 4619 ι
1207 4570 1289 4624 Ad
1314 4570 1458 4639 ipsos
1483 4570 1740 4641 Assyrios
1778 4585 1995 4625 eorum-

422 4674 528 4729 que
556 4658 871 4728 principem.
903 4658 995 4727 qui
1034 4660 1148 4713 haec
1182 4672 1290 4713 tam
1316 4670 1635 4729 arroganter
1660 4662 1995 4732 proferebat,

422 4763 729 4806 sermonem
783 4748 985 4817 dirigit.
1014 4747 1107 4802 Va:
1157 4751 1420 4820 Assyriis,
1465 4752 1564 4817 ait,
1592 4754 1718 4821 quia
1769 4768 1874 4808 non
1916 4754 1999 4808 in-

422 4840 747 4896 tellexerunt
770 4838 904 4892 iram
937 4854 1134 4903 meam,
1164 4849 1353 4897 contra
1392 4842 1728 4899 facinorosos
1756 4843 1877 4900 illos
1898 4859 1993 4899 ex«

421 4935 669 4996 citatam,
706 4930 868 4985 talem
904 4931 1038 5000 ipsis
1082 4930 1379 4987 inferenda:
1403 4933 1627 4990 ultionis
1672 4943 1997 5004 potestatem

423 5026 687 5081 indidisse
717 5041 729 5078 :
769 5026 862 5079 sed
896 5023 1265 5093 opinabantur
1294 5040 1352 5080 se
1405 5036 1595 5099 suapte
1640 5027 1838 5083 virtute
1862 5043 1999 5099 gen-

424 5126 503 5171 tcs
531 5115 849 5172 debellasse.

495 5209 659 5265 Vrsas.
689 5208 774 5264 11.
806 5226 825 5260 r
855 5206 1325 5275 Quemadmodum
1349 5209 1494 5262 enim
1535 5208 1635 5263 feci
1666 5207 1927 5265 Samarire
1947 5220 2001 5266 et

424 5305 754 5359 ntanul'actis
777 5303 926 5373 ejus:
963 5303 1043 5358 sic
1094 5304 1287 5358 iaciam
1316 5304 1703 5376 Hierosolyma:
1732 5318 1787 5361 et
1845 5308 2000 5362 idolis

422 5397 561 5464 ejus.
588 5415 606 5448 ι
632 5396 1061 5467 Hierosolymam
1099 5397 1284 5465 itaque
1314 5397 1572 5451 Samaritc
1603 5398 1748 5465 paria
1776 5414 1999 5468 perpes-

422 5504 606 5543 surarn
634 5488 1033 5543 interminatur.
1068 5487 1193 5542 Hzcc
1226 5503 1391 5557 porro
1416 5489 1689 5559 praedicit,
1719 5490 2000 5544 auditores

424 5582 492 5636 ad
517 5580 933 5635 conversionem
966 5589 1021 5635 et
1054 5580 1434 5651 paenitentiam
1478 5595 1803 5651 provocans,
1836 5591 2000 5651 atque

424 5670 655 5741 exempli
686 5670 977 5725 formidine
1004 5672 1069 5725 ad
1098 5670 1533 5741 resipiscentiam
1573 5671 1827 5726 invitatis.
1880 5672 1997 5727 Non

425 5763 569 5816 enim
591 5761 871 5833 Assyrius,
904 5762 1100 5831 inquit,
1124 5762 1239 5817 lucc
1264 5772 1451 5817 contra
1487 5760 1790 5817 Samariam
1816 5776 1998 5834 patra-

362 5880 365 5883 δ
426 5856 541 5925 vit;
571 5856 663 5911 sed
692 5870 792 5929 ego
836 5856 999 5923 Deus,
1036 5856 1201 5933 idque
1227 5857 1295 5911 ob
1331 5856 1629 5913 incolarum
1660 5856 1776 5928 ejus
1806 5858 1996 5930 impic~

2111 2015 2210 2051 πον
2238 1996 2439 2061 ταύτας
2474 1996 2798 2060 .ξλαϐον,καὶ⁴
2832 1996 3009 2058 πάσας
3039 1994 3138 2056 τὰς
3165 1991 3337 2063 ἀρχὰς
3370 1990 3634 2060 λήψομαι·
3669 2007 3690 2040 ι

2110 2090 2205 2142 καὶ
2240 2088 2418 2142 πάλιν·
2452 2106 2470 2138 ι
2504 2089 2600 2140 Ὃν
2626 2088 2828 2157 τρόπον
2862 2087 3095 2156 ἐποίησα
3128 2082 3412 2154 Σαμαρείᾳ
3442 2083 3535 2135 καὶ
3558 2082 3696 2135 πᾶσι

2108 2184 2221 2246 τοῖς
2240 2182 2642 2252 χειροποιήτοις
2660 2181 2852 2250 αὐτῆς,
2870 2178 3014 2231 οὕτω
3031 2178 3241 2246 ποιήσω
3267 2174 3646 2245 Ἰερουσαλήμ.
3668 2192 3690 2225 ι

2109 2272 2220 2325 Καὶ
2242 2275 2275 2344 ή
2312 2272 2522 2344 ίστορία
2546 2271 2603 2324 δέ
2629 2270 2893 2331 διδάσκει,
2921 2269 3001 2321 ὃτι
3028 2270 3085 2321 ἐν
3107 2270 3228 2329 ταῖς
3255 2266 3493 2336 ἡμέραις
3529 2262 3697 2333 axe:

2108 2365 2276 2437 ἀνέϐη
2299 2367 2328 2419 ό
2363 2365 2613 2436 βασιλεὺς
2653 2363 2952 2434 Ἀσσυρίων
2976 2363 3054 2424 είς
3088 2360 3419 2430 Σαμάρειαν,
3453 2358 3546 2411 καὶ
3568 2360 3697 2410 ἐποι-

2108 2457 2394 2529 λιόρκησεν
2427 2457 2596 2527 αὑτήν
2621 2473 2634 2485 ·
2680 2456 2771 2508 κοιλ⁹
2812 2456 2953 2517 τέως
2985 2453 3083 2524 μέν
3122 2452 3241 2505 τότε
3294 2452 3461 2523 μέρος
3496 2468 3550 2503 τι
3598 2448 3695 2503 τοῦ

2108 2550 2239 2603 λαοῦ
2263 2548 2718 2620 ᾐχμαλώτευσενο
2756 2549 2847 2601 ἐπί
2882 2547 2938 2599 δέ
2989 2545 3231 2608 Ἐζεκίου
3274 2544 3367 2597 τοῦ
3395 2544 3484 2597 τὸν
3527 2542 3697 2612 Ἀχὰζ

2108 2642 2521 2713 διαδεδεγμένου
2556 2641 2734 2696 πάντα
2777 2641 2867 2693 τὸν
2892 2638 3017 2691 λαὸν
3046 2637 3323 2708 ἀπῴκισεν
3373 2639 3451 2700 εἰς
3501 2637 3695 2687 Ἀσσυ-

2112 2734 2281 2804 ρίους.

2186 2843 2204 2875 ι
2239 2824 2407 2887 Λύτὸς
2433 2824 2489 2877 δὲ
2517 2825 2614 2896 ούχ
2644 2823 2814 2886 οὕτως
2844 2820 3174 2893 ἐνεθυμήθη,
3204 2822 3297 2874 καὶ
3329 2822 3395 2891 τῇ
3429 2819 3572 2889 ψυχῇ
3596 2818 3695 2887 οὐκ

2110 2918 2282 2981 οὕτως
2309 2918 2637 2983 λελόγισται,
2669 2917 2803 2970 ἀλλὰ
2846 2914 3143 2979 ἀπαλλάξει
3175 2917 3203 2968 ό
3244 2914 3368 2977 νοῦς
3407 2913 3572 2966 αὑτοῦ
3600 2913 3696 2964 καὶ

2109 3008 2205 3062 τοῦ
2239 3008 2365 3078 ἔθνη
2409 3007 2789 3077 ἐξολοθρεῦσαι
2819 3008 2918 3059 οὐκ
2947 3007 3123 3072 ὀλίγα.
3170 3006 3282 3060 Καὶ
3328 3004 3421 3058 ἐὰν
3470 3004 3695 3057 εἴπωσιν

2110 3099 2262 3170 αὑτῷ
2281 3117 2294 3129 ο
2329 3100 2400 3152 Σὺ
2432 3099 2591 3169 μόνος
2620 3092 2671 3149 εἴ
2691 3098 2872 3169 ἄρχων
2894 3114 2906 3123 ·
2940 3097 3035 3150 καὶ
3057 3099 3199 3168 ἐρεῖ·
3236 3098 3350 3149 Ούκ
3380 3094 3567 3149 ἔλαϐον
3594 3094 3696 3166 τὴν

2111 3192 2296 3265 χώραν
2316 3193 2418 3264 ,τὴν
2444 3191 2630 3245 ἐπάνω
2662 3189 2981 3254 Βαϐυλῶνος
3004 3190 3095 3243 καὶ
3126 3188 3399 3259 Χαλάνης,
3423 3183 3483 3242 οὗ
3510 3173 3538 3241 ό
3564 3187 3699 3258 πύρ-

2110 3299 2207 3352 γος
2241 3280 2590 3353 ᾠκοδομήθη,
2619 3281 2714 3334 καὶ
2745 3279 2935 3333 ἔλαϐον
2981 3279 3261 3352 Ἀραϐίαν,
3288 3281 3382 3333 καὶ
3407 3278 3707 3350 Δαμασκὸν.

2112 3376 2207 3429 καὶ
2251 3374 2606 3447 Σαμάρειαν;
2658 3393 2677 3424 ι
2726 3374 2836 3445 Τὴν
2881 3374 3020 3445 ἐμὴν
3062 3374 3260 3436 τοίνυν,
3312 3376 3466 3444 φησὶ,
3517 3370 3698 3428 λαϐὼν

2110 3466 2378 3531 ἐξουσίαν,
2416 3466 2517 3536 οὐχ
2546 3464 2718 3528 οὕτως
2763 3464 3093 3534 ἐνεθυμήθη,
3136 3462 3250 3517 ἀλλ’
3297 3462 3581 3535 ὑπερήρθη
3617 3461 3701 3534 τῷ

2110 3557 2378 3629 λογισμῷ,
2410 3557 2486 3622 ὡς
2514 3556 2692 3627 οἰκείᾳ
2718 3556 2950 3626 δυνάμει
2985 3554 3078 3608 τοῦ
3111 3555 3244 3625 ἐμοῦ
3277 3555 3700 3627 περιγενόμενος

2109 3649 2262 3709 λαοῦ.
2298 3648 2451 3713 Εἶτα,
2490 3649 2565 3721 μὴ
2607 3647 2898 3720 ἀρκεσθεὶς
2934 3651 2999 3718 τῇ
3032 3646 3236 3699 τούτων
3265 3647 3568 3718 πολιορκίᾳ,
3596 3665 3699 3717 μυ-

2112 3742 2204 3815 ρία
2245 3740 2379 3795 ἄλλα
2409 3740 2535 3813 ἔθνη
2575 3737 2937 3811 μετέρχεσθαι
2962 3738 3193 3801 ἀπειλεῖ,
3225 3737 3300 3802 ὡς
3327 3737 3419 3792 τοῦ
3451 3740 3699 3809 κρείττο·

2108 3851 2200 3898 τος
2230 3834 2323 3888 καὶ
2347 3832 2466 3903 Θεῷ
2490 3830 2851 3902 ἀνακειμένου
2883 3832 3187 3900 κρατήσας.
3215 3830 3306 3883 Διὸ
3327 3830 3390 3902 δὴ
3427 3830 3535 3884 τῶν
3563 3832 3698 3885 ύπο-

2109 3926 2330 3998 χειρίων
2378 3923 2527 3995 αὐτῷ
2571 3924 2879 3994 γενομένων
2929 3921 3322 3993 θαυμαζόντων
3369 3923 3555 3981 αὑτὸν,
3602 3925 3698 3978 καὶ

2108 4018 2400 4087 λεγόντων,
2427 4037 2446 4068 ι
2482 4017 2553 4069 Σὺ
2593 4015 2752 4086 μόνος
2786 4011 2835 4067 εἷ
2878 4014 3083 4086 ἄρχων,
3120 4031 3139 4064 ι
3175 4014 3529 4086 ἀποκρίνεται
3559 4016 3697 4089 πρὸς

2109 4113 2308 4173 αὐτοὺς
2357 4110 2452 4163 καὶ
2496 4108 2673 4177 λέγει·
2724 4108 2950 4178 Μήποτε
2996 4104 3209 4159 καλεῖτε
3254 4106 3511 4178 ἄρχοντα.
3560 4110 3695 4179 μηδὲ

2113 4202 2321 4273 κύριον·
2350 4201 2473 4253 ἐπεὶ
2505 4199 2730 4270 μηδέπω
2770 4198 2949 4262 πάσας
2980 4198 3219 4269 εἰλήφειν
3257 4200 3353 4263 τὰς
3383 4202 3694 4272 ἁπανταχοῦ

2109 4294 2291 4365 χώρας
2311 4310 2325 4323 ⁸
2362 4291 2523 4363 πλὴν,

2184 4403 2203 4436 ι
2239 4386 2334 4438 Ὃν
2362 4385 2563 4455 τρόπον
2587 4382 2793 4446 ταύτας
2824 4382 3036 4446 ἔλαϐον,
3065 4380 3207 4436 οὕτω
3248 4385 3343 4437 καὶ
3392 4384 3569 4449 πάσας
3597 4386 3695 4448 τὰς

2107 4476 2281 4549 ἀρχὰς
2313 4475 2577 4547 λήψομαι.
2624 4474 2945 4539 Ὀλολύξατε
2983 4474 3053 4528 τά
3085 4476 3297 4545 γλυπτὰ
3325 4478 3382 4530 ἐν
3422 4479 3693 4549 Ἰερουσα-

2109 4570 2223 4641 λὴμ
2248 4568 2344 4622 καλ⁹
2368 4570 2425 4621 ἐν
2457 4566 2760 4639 Σαμαρείᾳ.
2801 4586 2818 4619 ι
2850 4568 2993 4638 Πρὸς
3017 4568 3216 4632 αὐτούς
3248 4586 3307 4622 τε
3342 4572 3467 4633 τοὺς
3510 4570 3695 4623 Ἀσσυο

2113 4662 2256 4735 ρίους
2286 4661 2377 4713 καὶ
2402 4660 2490 4713 τὸν
2518 4659 2752 4729 ἄρχοντα
2777 4660 2977 4718 αὐτῶν,
3004 4660 3227 4714 τοιαῦτα
3267 4662 3695 4726 καταλαζονευον

2110 4753 2305 4824 μένους
2334 4751 2681 4805 ἀποτείνεται
2719 4749 2921 4817 λέγων·
2965 4750 3101 4804 υύαὶ
3144 4752 3467 4823 Ἀσσυρίοις,
3507 4754 3587 4805 ὅτι
3618 4752 3701 4825 μή

2108 4846 2352 4916 συνῆκαν
2388 4844 2463 4908 ὡς
2503 4844 2612 4910 ἄρα
2639 4845 2672 4913 ἡ
2704 4842 2811 4913 ἐμὴ
2841 4844 2978 4915 ὀργὴ
3028 4847 3060 4915 ή
3105 4845 3244 4897 κατὰ
3288 4846 3397 4898 τῶν
3440 4846 3695 4918 πλημμε-

2108 4935 2344 4989 λούντων
2372 4934 2471 5005 τὴν
2501 4934 2748 5000 ἐξουσίαν
2772 4934 2954 4997 αὐτοῖς
2984 4935 3081 5005 τῆς
3107 4935 3372 5008 τοσαύτης
3409 4938 3578 5009 ὀργῆς
3606 4939 3693 4991 δέ-

2109 5029 2312 5081 δωκενο
2348 5026 2486 5080 ἀλλὰ
2527 5028 2593 5097 τῇ
2625 5025 2835 5079 ἑαυτῶν
2867 5026 3096 5097 δυνάμει
3141 5030 3541 5099 κεκρατηκέναι
3586 5031 3695 5083 τῶν

2108 5118 2281 5171 ἐθνῶν
2311 5116 2599 5171 ὑπέλαϐον.

2185 5229 2202 5260 r
2246 5212 2340 5263 Ὂν
2369 5211 2566 5279 τρόπον
2594 5207 2703 5279 γὰρ
2733 5207 2966 5278 ἐποίησα
3002 5208 3286 5282 Σαμαρείᾳ
3324 5213 3417 5265 καὶ
3442 5216 3552 5276 τοῖς
3582 5232 3695 5284 χει-

2115 5306 2419 5374 ροποιήτοις
2442 5300 2633 5371 αὐτῆς,
2668 5299 2810 5353 οὕτω
2842 5301 3053 5372 ποιήσω
3088 5303 3181 5355 καὶ
3219 5303 3573 5377 Ἰερουσαλὴμ
3601 5310 3694 5359 καὶ

2110 5398 2220 5458 τοῖς
2246 5393 2485 5457 εἰδώλοις
2518 5393 2706 5462 αύτῆς.
2756 5411 2774 5444 ι
2820 5393 2899 5445 Τὰ
2945 5395 3034 5446 ἶσα
3065 5394 3244 5449 τοίνυν
3291 5399 3355 5467 τῇ
3408 5397 3693 5468 Σαμαρείᾳ

2110 5488 2201 5540 καὶ
2247 5486 2343 5557 τὴν
2381 5485 2738 5558 Ἰερουσαλὴμ
2768 5484 3051 5539 πείσεσθαι
3082 5487 3312 5540 ἀπειλεῖ.
3348 5489 3605 5561 Προλέγει
3632 5490 3699 5542 δέί

2106 5578 2278 5632 ταῦτα
2310 5576 2750 5649 προκαλούμενος
2786 5578 2865 5640 είς
2895 5578 3231 5649 ἐπιστροφὴν
3266 5581 3360 5633 καὶ
3401 5580 3707 5651 μετάνοιαν

2101 5675 2227 5735 τοὺς
2261 5670 2580 5734 ἀκούοντας,
2609 5669 2759 5741 φόϐῳ
2782 5686 2839 5722 τε
2881 5668 2976 5723 τοῦ
3007 5671 3444 5742 παραδείγματος
3472 5688 3691 5744 σωφρο-

2104 5762 2264 5827 νίζων
2299 5762 2515 5826 αύτούς.
2545 5763 2621 5816 Οὐ
2653 5761 2762 5833 γὰρ
2801 5765 2831 5816 ὀ
2885 5762 3186 5833 Ἀσσύριος,
3235 5764 3419 5836 φησὶν,
3463 5765 3703 5837 ἐποίησεν

2104 5857 2172 5913 τὰ
2201 5857 2340 5913 κατά
2366 5858 2464 5929 τῆς
2495 5856 2827 5928 Σαμαρείας,
2856 5854 2967 5910 ἀλλ’
2996 5855 3107 5926 ἐγὼ
3128 5857 3155 5910 ό
3180 5858 3311 5921 Θεὸς
3335 5858 3421 5915 διὰ
3452 5860 3547 5921 τὰς
3578 5860 3696 5917 τῶν
