3968 6498
238 360 344 417 tot
363 319 370 326 ii

1209 353 1710 412 COMMENTARIA
1754 355 1821 410 lN
1860 355 2112 410 ISAIAM.
2154 385 2223 398 -—
2258 354 2412 412 CAP.
2451 357 2517 415 Χ.

3418 365 3522 420 1ὺῖ
3563 393 3578 420 .-

234 477 552 548 οίκητύρων
579 475 858 539 ἀσεϐείας.
883 473 1092 529 Οὐκοῦν
1120 475 1262 529 κατά
1287 475 1379 529 τὸν
1401 476 1494 530 τοῦ
1515 477 1726 530 δικαίου
1758 476 1844 528 λό-

1953 485 2108 530 tates.
2137 474 2304 543 Igitur
2329 478 2624 532 secundum
2657 480 2930 548 aequitatis
2968 479 3136 549 leges,
3177 497 3278 553 par
3300 493 3384 538 est
3424 479 3547 540 eoa'

235 593 337 642 γον
379 575 474 626 καὶ
512 575 640 636 τοὺς
689 573 746 625 ἐν
779 576 842 645 τῇ
886 573 1238 646 Ἰερουσαλὴμ
1274 575 1419 638 εἰκὸς
1469 575 1841 647 παραδοθήσε-

237 665 372 718 σθαι
399 667 468 735 τῇ
498 665 587 736 ἴσῃ
618 663 927 736 πολιορκίᾳ,
960 663 1035 728 ὼς
1059 664 1126 717 τὰ
1165 664 1369 734 ἀδελφὰ
1396 662 1841 736 μεταχειριζομέ-

233 774 370 820 νους
397 760 514 820 τοῖς
544 757 612 810 τὰ
650 755 1015 827 προλεχθέντα
1043 756 1355 810 πεπονθόσι.

316 867 337 898 ι
381 848 496 901 Καὶ
527 848 699 912 ἔσται,
735 849 863 901 ὅταν
898 849 1188 920 συντελέσῃ
1224 849 1428 922 Κύριος
1468 851 1644 904 πάντα
1673 849 1840 903 ποιῶν

235 941 297 993 ἐν
341 937 425 1008 τῷ
471 939 588 1009 ὄρει
617 938 754 991 Σιὼν
786 939 877 992 καὶ
919 939 1295 1011 Ἰερουσαλὴμ,
1335 940 1703 1011 ἐπισκέψομαι
1750 941 1842 994 ἐπὶ

233 1032 332 1083 τὸν
358 1029 488 1083 νοῦν
513 1031 604 1082 τὸν
635 1031 829 1100 μέγαν,
866 1032 957 1084 ἐπὶ
993 1031 1083 1084 τὸν
1107 1032 1341 1103 ἄρχοντα
1367 1031 1475 1085 τῶν
1517 1032 1839 1104 Ἀσσυρίων,

235 1124 340 1176 καὶ
374 1124 472 1174 ἐπὶ
513 1123 575 1176 τὸ
617 1122 748 1192 ὕψος
788 1124 887 1194 τῆς
929 1123 1085 1195 δόξης
1123 1125 1231 1177 τῶν
1267 1125 1563 1196 ὀφθαλμῶν
1593 1125 1778 1180 αὑτοῦ.
1819 1146 1836 1176 ›

248 1214 600 1278 Ἀκολούθως
621 1214 709 1266 διά
734 1213 841 1267 τῶν
867 1217 1244 1286 προκειμένων
1272 1215 1559 1279 διδάσκων,
1588 1217 1669 1269 ὅτι
1705 1217 1843 1281 τέως

239 1309 346 1378 μὲν
407 1306 687 1378 Ἀσσύριοι
719 1307 813 1359 καὶ
839 1309 866 1360 6
894 1308 1099 1361 τούτων
1133 1309 1338 1381 ἄρχων,
1391 1311 1440 1362 εί
1479 1311 1574 1363 καὶ
1615 1310 1844 1364 τοιαῦτα

236 1401 408 1451 ὁποῖα
455 1397 749 1468 δεδήλωται
812 1399 1308 1472 ἀπηυθαδιάσαντο,
1366 1401 1464 1472 τὴν
1529 1401 1844 1473 Σαμάρειαν

237 1491 568 1562 ὑποχείριον
626 1491 982 1561 πεποιημένοι
1035 1493 1130 1545 καὶ
1173 1493 1272 1563 τὴν
1331 1493 1639 1564 Δαμασκὸν,
1697 1495 1846 1565 ὅμως

236 1581 431 1648 ἕξουσι
461 1581 521 1634 τὸ
553 1582 831 1654 ἐνδόσιμον
869 1584 964 1637 τοῦ
997 1584 1190 1655 χρόνου
1227 1585 1389 1656 μέχρι
1421 1583 1617 1657 καιροῦ
1658 1604 1805 1648 τινος
1827 1604 1840 1616 ·

243 1673 368 1744 μεθ’
405 1674 467 1727 ὃν
495 1673 702 1726 οὐκέτι
751 1676 1076 1747 συστήσεται
1115 1677 1292 1730 αὐτῶν
1331 1678 1364 1748 ή
1400 1677 1565 1749 ἀρχὴ,
1614 1677 1713 1748 τῆς
1746 1695 1848 1747 μα-

239 1768 388 1836 κρᾶς
421 1767 517 1819 xui.
544 1765 866 1831 πολυτελοῦς
909 1767 1185 1840 βασιλείας
1219 1770 1299 1833 είς
1343 1770 1404 1822 τὸ
1437 1768 1700 1832 παντελὲς
1739 1787 1841 1822 κα-

238 1857 720 1930 ταλυθησομένης.
1340 1860 1348 1867 ’

317 1966 338 2000 ι
389 1943 531 2000 Εἷπε
556 1947 686 2019 γὰρ,
719 1950 776 2006 ἐν
818 1950 884 2020 τῇ
916 1946 1060 2019 ίσχύῖ
1092 1949 1324 2019 ποιήσω,
1357 1949 1452 2002 καὶ
1496 1950 1554 2001 ἐν
1588 1951 1652 2020 τῇ
1686 1948 1847 2020 σοφία

238 2039 344 2110 τῆς
376 2041 650 2104 συνέσεως
675 2041 857 2110 ἀφελῶ
879 2042 1002 2112 ὅρια
1029 2039 1220 2104 ἐθνῶν,
1246 2040 1340 2094 καὶ
1364 2039 1460 2111 τὴν
1492 2043 1643 2111 ἰσχὺν
1671 2041 1848 2094 αὐτῶν

241 2133 633 2204 προνομεύσω.
671 2152 690 2186 ι
745 2135 836 2206 Μὴ
882 2133 1006 2197 δοὺς
1040 2132 1149 2205 γὰρ
1199 2132 1356 2198 δόξαν
1401 2131 1480 2204 τῷ
1527 2133 1665 2204 Θεῷ,
1711 2131 1846 2204 μηδέ

239 2225 631 2297 λογισάμενος,
664 2228 745 2280 ὅτι
774 2228 802 2280 6
834 2225 940 2279 τῶν
971 2225 1106 2278 ὅλων
1151 2225 1282 2289 Θεὸς
1314 2225 1476 2289 αὐτὸς
1506 2221 1574 2296 ἦν
1616 2228 1643 2278 6
1670 2242 1848 2296 παρα-

228 2321 369 2384 ,δοὺς
397 2320 547 2390 αὐτῷ
577 2321 670 2373 καὶ
691 2320 780 2372 τὸν
819 2317 1035 2390 Ἰσραὴλ
1066 2319 1159 2371 καὶ
1192 2318 1285 2371 τὸν
1322 2317 1548 2381 Ἰούδαν,
1581 2317 1673 2370 xui.
1708 2317 1846 2369 πάν-

241 2432 341 2475 τας
377 2415 508 2476 τοὺς
551 2411 821 2484 τιμωρίας
867 2409 1070 2475 ἀξίους,
1113 2410 1255 2481 μέγα
1289 2410 1580 2481 ἐφρόνησε,
1630 2410 1854 2480 διανοη“

241 2504 363 2567 θεὶς
401 2504 498 2556 καὶ
543 2503 678 2574 πρὸς
727 2502 916 2555 ἑαυτὸν
971 2499 1160 2566 εἰπὼν,
1210 2502 1351 2555 κατά
1391 2501 1480 2556 τὸν
1526 2500 1843 2572 Σύμμαχον,

245 2614 268 2648 ε
317 2596 416 2648 Ἐν
447 2598 515 2666 τῇ
543 2595 770 2666 δυνάμει
801 2595 898 2666 τῆς
929 2595 1110 2666 χειρὸς
1137 2595 1391 2666 ἐποίησα,
1425 2614 1442 2646 ι
1479 2596 1573 2648 καὶ
1596 2595 1666 2647 τὰ
1693 2594 1841 2663 ἑξῆς.

320 2706 342 2739 ι
392 2689 504 2741 Καὶ
536 2687 700 2740 σείσω
730 2687 912 2750 πόλεις
939 2677 1387 2758 κατοικουμένας,
1422 2688 1515 2741 καὶ
1539 2686 1637 2758 τὴν
1665 2690 1848 2740 οίκου-

245 2783 422 2853 μένην
456 2780 586 2851 ὃλην
616 2781 1001 2851 καταλήψομαι
1042 2784 1108 2852 τῇ
1145 2781 1289 2854 χειρὶ
1330 2780 1404 2844 ὡς
1456 2781 1698 2844 νοσσιὰν,
1748 2781 1844 2833 καὶ

240 2873 320 2938 ὡς
348 2874 826 2944 καταλελειμμένα
857 2875 939 2927 ὠά
971 2873 1119 2944 ἀρῶ·
1159 2873 1254 2926 καὶ
1296 2874 1394 2924 ούκ
1434 2873 1579 2925 ἔστιν
1622 2871 1680 2936 ὃς
1725 2871 1842 2925 δια-

243 2965 510 3034 φεύξεταί
548 2983 638 3035 με,
671 2965 703 3036 ἦ
739 2967 968 3038 ἀντείπῃ
1004 2983 1114 3036 μοι.
1146 2964 1237 3036 Μὴ
1266 2963 1657 3034 δοξασθήσεται
1689 2963 1842 3037 ἀξίνη

244 3061 376 3113 ἄνευ
407 3058 504 3111 τοῦ
552 3060 878 3124 κόπτοντος;
913 3059 944 3130 ἢ
981 3058 1330 3129 ὑψωθήσεται
1362 3057 1538 3129 πρίων
1585 3057 1711 3110 ἄνευ
1747 3056 1842 3108 τοῦ

241 3153 504 3216 ἐλκοντος
538 3151 720 3215 αὑτὸν,
756 3151 830 3214 ὠς
858 3150 921 3204 ἄν
954 3168 1037 3214 τις
1069 3152 1177 3223 ἄρῃ
1219 3148 1411 3221 ῥάϐδον
1444 3148 1476 3218 ἢ
1514 3147 1698 3214 ξύλον;
1734 3149 1845 3202 Καὶ⁴
1873 3187 1917 3245 C

242 3246 346 3316 οὐχ
361 3244 562 3309 οὕτως,
583 3243 696 3296 ἀλλ’
719 3242 1008 3296 ἀποστελεῖ
1033 3242 1236 3312 Κύριος
1253 3239 1479 3294 Σαϐαὼθ
1503 3243 1584 3304 εἰς
1616 3239 1714 3311 τὴν
1745 3239 1842 3312 σήν

241 3340 418 3410 τιμὴν
469 3337 716 3409 ἀτιμίαν,
748 3337 843 3390 καὶ
882 3338 963 3400 είς
996 3336 1094 3405 τὴν
1142 3335 1239 3407 σὴν
1286 3335 1440 3402 δόξαν
1477 3333 1587 3405 πῦρ
1619 3335 1846 3405 καιόμε-

243 3448 338 3484 νον
373 3429 734 3500 καυθήσεται.
778 3448 796 3480 ι
837 3427 980 3500 Πρὸς
1010 3427 1201 3480 τοῦτον
1251 3426 1342 3480 τὸν
1385 3427 1734 3498 ὑπερήφανον
1761 3426 1850 3480 λο-

243 3520 472 3591 γισμὸν,
532 3518 642 3571 εἴτε
696 3535 782 3582 τις
849 3517 1201 3587 ἀντικειμένη
1249 3515 1475 3587 δύναμις
1531 3515 1846 3586 ἐτύγχανεν,

243 3612 441 3684 ῶσπερ
473 3613 502 3665 6
528 3610 709 3683 ἄρχων
741 3609 1021 3680 βασιλείας
1049 3607 1297 3680 Περσῶν,
1335 3609 1428 3661 καὶ
1458 3611 1486 3661 6
1520 3607 1706 3680 ἄρχων
1747 3609 1847 3679 βα-

245 3702 460 3765 σιλείας
508 3703 728 3772 Μήδων,
781 3700 877 3754 καὶ
925 3701 953 3752 6
999 3701 1183 3770 ἄρχων
1217 3699 1494 3768 βασιλείας
1542 3700 1844 3770 Ἑλλήνωνο

242 3794 392 3849 οὕτω
414 3792 526 3863 γὰρ
552 3792 691 3844 εἴποι
723 3789 788 3844 ἄν
817 3807 902 3851 τις
930 3790 1022 3842 καὶ
1049 3789 1288 3860 ἄρχοντα
1319 3789 1600 3860 βασιλείας
1646 3792 1842 3846 Ἀσσυ-

247 3886 383 3957 ρίων
413 3881 695 3952 γεγονέναι
717 3881 839 3934 τινὰ
859 3880 949 3933 τὸν
976 3881 1433 3950 ἀλαζονευόμενον
1474 3881 1687 3944 καὶτὰς
1718 3901 1850 3954 προ-

248 3976 516 4048 κειμένας
540 3974 723 4044 φωνὰς
750 3972 1124 4043 φθεγξάμενον
1147 3988 1160 4001 ·
1206 3972 1318 4025 εἴτε
1345 3966 1438 4026 οὖν
1469 3973 1606 4045 πρὸς
1638 3973 1847 4042 τοῦτον,

248 4070 359 4121 εἴτε
380 4067 524 4140 πρὸς
545 4067 635 4120 τὸν
662 4065 1021 4118 Βαϐυλωνίων
1042 4064 1268 4135 βασιλέα
1291 4064 1381 4117 τὸν
1407 4064 1852 4139 πολιορκήσαντα

245 4163 346 4234 τὴν
362 4159 848 4233 Ἰερουσαλὴμ,κα“ι
864 4158 954 4211 τὸν
972 4160 1095 4211 ναὸν
1114 4159 1496 4229 ἐμπρήσαντα,
1519 4158 1692 4212 πάντα
1707 4175 1766 4210 τε
1783 4157 1851 4212 τά

246 4256 399 4326 αύτῷ
451 4252 623 4324 σκεύη
672 4251 791 4322 ἱερὰ
838 4251 933 4304 καὶ
979 4249 1304 4321 ἀναθήματα
1346 4250 1556 4312 ἐλόντα,
1605 4250 1699 4303 καὶ
1737 4252 1850 4314 τοῖς

248 4346 416 4400 αὑτοῦ
457 4342 697 4405 εἰδώλοις
727 4340 992 4395 ἀναθέντα
1026 4343 1082 4394 ἐν
1127 4342 1264 4412 αὐτῇ
1317 4341 1618 4405 Βαϐυλῶνι,
1658 4341 1850 4414 ῶσπερ

248 4435 397 4490 δεινά
432 4436 530 4489 καὶ
564 4432 972 4504 ἀπονενοημένα
1003 4431 1348 4504 τολμήσαντα
1380 4433 1575 4497 εἰπεῖν,
1610 4434 1846 4506 ἀποκρί-

1942 566 2035 636 qui
2070 566 2121 620 iu
2148 563 2545 638 Hierosolymis
2574 570 2772 639 degunt
2797 573 2913 640 pari
2937 574 3205 629 obsidioni
3233 585 3287 630 et
3313 577 3524 632 excidio

1945 658 2103 722 tradi,
2134 659 2261 727 quia
2299 659 2396 729 ipsi
2435 661 2585 728 paria
2616 661 2705 730 iis,
2740 663 2830 732 qui
2865 662 2980 732 jam
3027 676 3327 722 memorata
3377 669 3524 740 passi

1942 759 2090 812 sunt,
2133 760 2542 819 perpetrarum.

2012 838 2299 896 “285.12.
2355 861 2372 893 ι
2406 843 2475 897 Et
2512 843 2651 908 erit,
2713 859 2838 900 cum
2894 848 3198 917 impleverit
3254 850 3520 907 Dominus

1942 934 2123 988 omnia
2167 933 2345 988 facere
2374 934 2426 989 in
2479 946 2662 991 monte
2702 936 2831 992 Sion
2863 948 2918 992 et
2955 940 3006 994 in
3041 941 3362 1008 Jerusalem,
3391 943 3524 998 visi-

1946 1029 2071 1082 tabo
2096 1037 2333 1084 mentem
2366 1043 2644 1100 magnam,
2692 1031 2992 1101 principem
3043 1034 3410 1106 Assyriorum,
3467 1047 3524 1093 et

1945 1119 2330 1175 celsitudinem
2382 1121 2571 1190 gloriae
2607 1123 2888 1178 oculorum
2944 1123 3082 1193 ejus.
3119 1145 3137 1177 ι
3175 1126 3270 1181 His
3323 1143 3523 1184 conse-

1945 1223 2175 1279 quenter
2197 1213 2375 1278 docet,
2396 1215 2647 1284 Assyrios
2673 1215 2887 1269 tandem
2911 1226 2965 1271 et
2987 1234 3171 1272 eorum
3199 1222 3523 1290 principem,

1944 1301 2042 1354 etsi
2075 1315 2194 1355 cum
2236 1303 2348 1367 tali,
2373 1304 2649 1373 qualijam
2694 1305 3026 1361 declaratum
3061 1319 3166 1373 est,
3215 1313 3524 1383 arrogantia

1945 1394 2174 1464 egerint,
2213 1392 2521 1451 Samariam
2556 1405 2610 1451 et
2656 1397 2981 1453 Damascum
3038 1401 3392 1473 subegerint,
3445 1416 3525 1458 ta-

1947 1500 2067 1540 men
2103 1488 2169 1540 ad
2201 1497 2412 1542 certum
2467 1504 2639 1557 usque
2682 1490 2972 1543 terminum
3008 1507 3226 1547 usuram
3262 1497 3525 1566 temporis

1947 1581 2264 1646 habituros;
2320 1595 2425 1648 quo
2457 1581 2664 1651 elapso,
2699 1584 2985 1652 imperium
3021 1604 3208 1641 eorum
3244 1603 3348 1643 non
3383 1589 3521 1644 ultra

1948 1671 2229 1733 consistet,
2264 1669 2519 1726 diuturno
2561 1673 2653 1728 illo
2697 1690 2761 1730 ac
2788 1674 3002 1732 ﬂorenti
3030 1677 3257 1748 imperio
3283 1679 3528 1738 funditus

1949 1773 2160 1816 ενετεο.

2019 1941 2187 1998 Vens.
2229 1943 2317 1998 15.
2358 1963 2377 1996 ι
2418 1944 2559 1999 Dixit
2587 1948 2753 2014 enim,
2785 1951 2839 2004 ln
2875 1950 3198 2010 fortitudine
3225 1955 3526 2019 faciam,et

1947 2034 2001 2087 in
2040 2037 2307 2104 sapientia
2346 2039 2646 2106 prudentize
2674 2055 2806 2096 mea:
2839 2041 3084 2098 auferam
3117 2050 3376 2101 terminos
3395 2064 3529 2118 gen-

1950 2127 2104 2189 tium,
2131 2137 2182 2180 et
2200 2127 2571 2183 fortitudinem
2592 2145 2784 2186 earum
2809 2134 3120 2190 devastabo.
3148 2155 3166 2189 ι
3195 2138 3301 2191 Deo
3326 2140 3528 2209 quippe

1949 2219 2172 2287 gloriam
2207 2236 2312 2274 non
2347 2221 2616 2290 tribuens,
2646 2240 2820 2295 neque
2865 2241 3048 2281 secum
3090 2238 3345 2299 reputans
3398 2231 3524 2286 uuiv

1946 2330 2229 2370 versorum
2256 2315 2424 2371 Deum
2450 2333 2592 2382 esse,
2623 2321 2714 2390 qui
2747 2322 2846 2390 ipsi
2874 2333 2927 2377 et
2950 2323 3204 2379 lsraelem
3235 2335 3290 2381 et
3310 2322 3528 2392 Judatu,

1947 2415 2000 2460 et
2031 2421 2220 2461 onmes
2250 2407 2384 2460 alios
2429 2409 2697 2479 supplicio
2750 2413 2940 2483 dignos
2983 2417 3319 2484 tradiderat;
3359 2419 3529 2472 altum

1947 2497 2215 2564 sapiebat,
2237 2497 2509 2567 cogitans,
2539 2509 2595 2552 et
2627 2501 2692 2554 ad
2731 2503 2971 2572 seipsum
2997 2504 3203 2568 dicens,
3228 2511 3523 2562 secundum

1949 2587 2357 2655 Symmachum,
2401 2605 2421 2640 ‹
2455 2585 2510 2642 ln
2537 2590 2739 2646 virtute
2773 2608 2965 2648 manus
2993 2593 3117 2662 feci,
3159 2614 3178 2648 ι
3214 2606 3324 2652 etc.

2019 2677 2180 2732 Vens.
2214 2679 2400 2732 16-16.
2450 2698 2469 2731 ι
2508 2681 2570 2733 Ει
2621 2686 2978 2739 commovebo
3011 2687 3174 2742 urbes
3209 2687 3481 2745 habitatas
3510 2731 3528 2755 ,

1946 2779 2000 2824 ct
2026 2771 2348 2824 universum
2375 2774 2559 2827 orbem
2585 2775 3043 2842 comprehendam
3077 2794 3236 2834 manu
3269 2783 3421 2850 quasi
3449 2785 3528 2837 ni-

1948 2860 2096 2923 dum,
2122 2861 2348 2929 etquasi
2377 2876 2478 2916 ova
2508 2862 2766 2918 derelicta
2791 2864 3031 2919 auferam
3065 2881 3079 2918 :
3113 2878 3168 2922 et
3197 2885 3302 2924 non
3332 2873 3531 2940 estqui

1949 2951 2171 3022 eﬂ‘ugiat
2199 2969 2308 3017 me,
2341 2963 2433 3007 aut
2459 2955 2798 3010 contradicat
2855 2957 3007 3012 mihi.
3044 2957 3296 3030 Nunquid
3329 2961 3532 3033 gloria-

1949 3045 2092 3099 bitur
2123 3048 2333 3100 securis
2374 3046 2492 3102 sine
2522 3048 2800 3102 credente?
2843 3061 2936 3104 aut
2979 3051 3306 3107 exaltabitur
3353 3070 3530 3122 serra,

1949 3139 2066 3192 sine
2096 3137 2346 3192 trahente
2375 3137 2542 3206 illam,
2577 3149 2637 3193 ut
2689 3141 2810 3211 quis
2839 3141 3031 3198 efferat
3088 3145 3294 3214 virgam
3328 3157 3420 3199 aut
3463 3147 3529 3200 li-

1950 3229 2160 3299 gnum?
2201 3231 2268 3282 At
2301 3245 2404 3284 non
2445 3230 2544 3297 sic,
2577 3232 2668 3286 sed
2700 3233 2879 3287 mittet
2917 3234 3176 3289 Dominus
3212 3234 3452 3291 Sabaoth
3478 3239 3531 3292 in
3573 3237 3588 3242 ”

1952 3324 2212 3377 honorem
2240 3332 2387 3376 tuam
2417 3323 2791 3393 ignominiam,
2815 3335 2870 3379 et
2893 3326 2944 3381 in
2969 3327 3194 3397 gloriam
3217 3337 3365 3382 tuum
3396 3328 3536 3400 ignis

1950 3416 2274 3469 comburens
2304 3416 2650 3470 accendetur.
2689 3435 2706 3467 ι
2739 3417 2817 3469 Ad
2853 3417 2992 3474 lianc
3018 3418 3303 3486 superbam
3324 3425 3535 3490 cogita-

1950 3505 2188 3571 tionem;
2243 3505 2357 3559 sive
2409 3521 2469 3560 ea
2530 3504 2812 3573 cujusdam
2860 3509 3187 3563 adversariae
3249 3513 3533 3579 potestatis

1952 3593 2136 3660 fuerit,
2157 3595 2334 3665 quaiis
2359 3604 2476 3651 erat
2507 3598 2760 3667 princeps
2783 3601 2932 3668 regni
2964 3598 3278 3664 Persarum,
3307 3610 3361 3654 et
3384 3605 3533 3671 prin-

1951 3703 2082 3757 ceps
2111 3688 2260 3758 regni
2293 3687 2596 3756 Medorum,
2627 3701 2682 3745 et
2710 3691 2961 3758 princeps
2985 3690 3136 3761 regni
3165 3689 3476 3746 Graecorum
3505 3709 3520 3747 :

1951 3780 2028 3834 sic
2063 3781 2209 3834 cnim
2268 3781 2541 3851 quispiam
2604 3782 2806 3838 dixerit
2871 3797 2992 3837 esse
3045 3784 3344 3852 principem
3378 3785 3530 3855 regni

1949 3869 2320 3940 Assyriorum,
2356 3881 2680 3941 arroganter
2708 3883 2980 3944 agentem,
3029 3883 3191 3943 atque
3236 3875 3335 3930 has
3365 3891 3526 3931 voces

1950 3963 2287 4017 emittentem
2319 3979 2332 4028 ;
2378 3963 2496 4019 sive
2528 3963 2593 4017 ad
2626 3964 2790 4029 hunc,
2818 3965 3060 4033 inquam,
3095 3967 3213 4020 sive
3249 3967 3314 4020 ad
3346 3983 3527 4039 regem

1949 4052 2392 4125 Babyloniorum,
2433 4056 2525 4126 qui
2563 4055 2993 4127 Hierosolymam
3036 4057 3269 4122 obsedit,
3300 4068 3355 4113 et
3397 4070 3528 4113 tem-

1950 4147 2098 4216 plum
2136 4147 2400 4213 incendit,
2431 4157 2485 4202 et
2514 4149 2696 4203 omnia
2729 4163 2884 4202 sacra
2912 4164 3037 4202 vasa
3070 4149 3185 4219 ejus
3217 4159 3270 4204 et
3305 4151 3531 4206 donaria
3610 4184 3617 4191 -

1952 4239 2199 4305 abstulit,
2233 4255 2297 4295 ac
2339 4241 2392 4293 in
2451 4239 2561 4310 ipsa
2592 4239 2866 4311 Babylone
2900 4240 3052 4295 idolis
3093 4242 3205 4296 suis
3240 4257 3532 4298 consecra-

1953 4330 2066 4395 vit;
2105 4341 2294 4399 utpote
2326 4331 2416 4400 qui
2442 4331 2625 4402 gravia
2660 4341 2715 4386 et
2754 4331 2940 4385 insana
2973 4331 3219 4402 proferre
3249 4349 3413 4388 ausus
3437 4349 3528 4389 es-

1953 4435 2056 4488 set,
2075 4429 2366 4495 respondet
2386 4425 2739 4495 propheticus
2755 4439 2968 4478 sermo:
2997 4424 3220 4489 Deinde,
3245 4427 3532 4481 oomnium

258 4548 398 4582 ιεται
431 4525 700 4596 φάσκωνὸ
724 4523 1058 4596 προφητικὸς
1081 4523 1258 4592 λόγος·
1280 4517 1548 4596 Εἷτα,(16)
1574 4519 1618 4578 ὦ
1644 4525 1844 4578 πάντωγ

1967 4517 2311 4584 stultissime,
2343 4533 2447 4572 non
2473 4515 2625 4571 vides
2644 4532 2748 4570 non
2763 4531 2924 4586 posse
2948 4516 3204 4584 securim,
3238 4518 3388 4574 nullo
3407 4535 3537 4590 ope-

249 4620 646 4690 ἀφρονέστατε,
674 4617 734 4669 ού
760 4617 1012 4686 συνορᾷς,
1043 4616 1124 4668 ὅτι
1153 4614 1278 4669 οὔτε
1312 4615 1478 4683 πέλυξ
1501 4617 1692 4670 ἑαυτόν
1715 4635 1846 4670 ποτε

252 4715 533 4783 κινήσειεν
565 4711 658 4762 ἐπὶ
692 4708 870 4780 κοπὴν
910 4707 1088 4772 ξύλου,
1129 4708 1205 4780 μὴ
1248 4707 1436 4779 ἐτέρου
1471 4708 1845 4780 ἐνεργοῦντος,

251 4804 374 4858 οὔτε
407 4804 589 4875 πρίων
620 4802 781 4854 διέλοι
809 4800 875 4854 ἂν
900 4799 968 4854 τά
999 4800 1132 4871 πρὸς
1164 4799 1330 4853 αὐτοῦ
1371 4801 1698 4872 πριζὸμενα,
1739 4821 1844 4873 μη-

252 4897 401 4962 δενὸς
440 4898 711 4958 ἕλκοντος,
765 4893 885 4946 ούδέ
926 4893 1122 4964 ῥάϐδος
1170 4891 1388 4963 τύψειεν
1429 4893 1494 4948 ἄν
1537 4912 1677 4960 τινα,
1723 4894 1846 4948 οὐδὲ

253 4992 411 5058 ξύλον
437 4989 692 5061 πλήξειεν
722 4985 1042 5058 αὐτομάτως
1075 4986 1428 5058 κινούμενον;
1457 4985 1577 5058 Χρὴ
1609 4987 1664 5040 δὲ
1695 4987 1842 5057 λογί-

257 5088 475 5151 σασθαι,
504 5085 587 5138 ὅτι
613 5083 736 5138 οὔτε
757 5102 850 5138 σοι
871 5084 1100 5156 διακόνῳ
1123 5084 1237 5138 ὄντι
1263 5084 1362 5154 τῆς
1388 5080 1483 5135 τοῦ
1508 5079 1644 5134 Θεοῦ
1675 5081 1845 5153 ὀργῆς

254 5177 491 5246 τοσαύτη
521 5177 704 5248 παρῆν
733 5174 983 5247 δύναμις,
1016 5177 1090 5240 ῶς
1129 5175 1338 5247 μυρίων
1366 5171 1533 5226 ἐθνῶν
1567 5187 1846 5239 κατακρα-

255 5271 441 5343 τῆσαι,
478 5272 574 5324 καὶ
620 5269 810 5323 τούσδε
852 5269 950 5340 μὲν
997 5269 1238 5330 κόπτειν,
1289 5263 1589 5336 ἐτέρουςδέ
1637 5263 1841 5325 παίειν,

257 5364 440 5428 πόλεις
468 5382 528 5418 τε
589 5363 714 5427 ὅλας
744 5359 1310 5434 ἐξανδραποδίζεσθαι,
1339 5357 1433 5412 καὶ
1467 5356 1634 5428 μυρία
1663 5353 1840 5424 πλήθη

259 5456 760 5531 καταστρωννύναι,
798 5454 998 5516 παντὸς
1030 5453 1267 5522 πρίονος,
1303 5450 1397 5502 καὶ
1429 5447 1713 5509 πελέκυος,
1748 5446 1843 5497 καὶ

260 5553 458 5623 ῥάϐδου
487 5551 691 5623 χείρονι
716 5546 1013 5618 γενομένῳ,
1041 5547 1088 5598 εἰ
1117 5543 1190 5616 μὴ
1214 5542 1345 5605 Θεὸς
1373 5537 1439 5614 ἦν
1462 5542 1490 5594 6
1514 5542 1577 5610 τῇ
1606 5541 1672 5610 σῇ
1696 5536 1840 5610 χειρὶ
1937 5619 1940 5622 β

331 5694 444 5765 (16)
487 5691 586 5748 Hic
617 5689 832 5745 Eusebii
871 5689 1225 5812 interaretem
1261 5684 1375 5766 fere
1418 5683 1529 5755 agit
1580 5682 1841 5763 Hierony-

331 5782 381 5812 us.
403 5783 422 5812 ε
463 5779 588 5812 nam
614 5764 695 5812 sic
726 5761 910 5812 habet.
945 5777 964 5810 ι
1082 5757 1399 5810 stultissime
1429 5753 1837 5807 mortahum....

266 5753 381 5820 mtis
403 5753 438 5820 ι’
463 5779 588 5819 nam
614 5764 695 5815 sic
726 5761 910 5822 habet,
945 5777 964 5810 ι
1000 5753 1044 5812 Ο
1082 5756 1399 5810 stultissime
1429 5753 1837 5807 mortalium...

264 5838 534 5901 quomodo
567 5833 610 5887 si
635 5831 843 5887 securis
882 5828 1148 5898 glorietur
1183 5835 1372 5882 contra
1400 5840 1520 5880 eum
1557 5822 1648 5892 qui
1681 5837 1842 5878 Sccuc

1951 4624 2123 4679 raute,
2153 4613 2220 4668 ad
2257 4613 2461 4684 lignum
2498 4615 2811 4668 caedendum
2840 4627 2898 4666 se
2926 4627 3179 4678 movere;
3211 4629 3387 4684 neque
3416 4629 3534 4669 ser-

1951 4723 2064 4763 ram
2101 4707 2241 4776 ligna
2297 4705 2477 4776 posita
2526 4720 2734 4768 secare,
2767 4704 2980 4760 nemine
3027 4705 3318 4773 trahente;
3358 4720 3533 4772 neque

1951 4799 2158 4868 virgam
2194 4796 2499 4865 quempiam
2531 4802 2836 4865 percutere,
2866 4808 3038 4863 neque
3071 4793 3278 4865 lignum
3334 4803 3528 4861 su0pte

1953 4900 2097 4944 motu
2124 4889 2371 4959 quemvis
2405 4885 2653 4942 credere?
2674 4884 3030 4957 Cugitandum
3045 4899 3175 4941 sane
3195 4892 3332 4948 erat,
3355 4898 3532 4952 neque

1953 4981 2071 5046 tibi,
2108 4981 2201 5034 ira:
2231 4980 2322 5035 Dei
2355 4979 2626 5042 ministro,
2671 4978 2829 5032 talem
2865 4977 3106 5033 adfuisse
3159 4982 3481 5046 potestatem
3509 5014 3524 5039 ,
3594 5001 3614 5021 .

1955 5082 2012 5126 ut
2038 5071 2277 5126 infinitas
2313 5078 2500 5140 gentes
2531 5071 2800 5132 domares,
2844 5063 3018 5138 neque
3059 5075 3118 5120 ut
3147 5064 3278 5119 alios
3308 5062 3526 5132 quidem

1953 5164 2211 5226 caaderes,
2237 5160 2371 5215 alios
2395 5169 2726 5230 percuteres,
2746 5158 2995 5213 civitates
3019 5156 3254 5225 integras
3283 5153 3528 5221 captivas

1948 5261 2195 5322 duceres,
2230 5273 2294 5313 ac
2331 5258 2675 5312 innumeram
2729 5254 3130 5310 multitudinem
3171 5260 3479 5320 protereres
3507 5291 3526 5318 ,

1949 5353 2138 5422 quavis
2161 5349 2529 5415 scrra,securi
2554 5354 2610 5401 et
2641 5347 2790 5418 virga
2824 5344 3106 5400 acerbior:
3137 5343 3238 5397 nisi
3266 5342 3410 5396 Deus
3441 5343 3527 5397 his

1951 5441 2228 5511 suppliciis
2256 5440 2447 5510 dignos
2478 5437 2571 5492 tibi
2606 5435 2940 5491 tradidisset.
2974 5431 3127 5486 Nunc
3181 5446 3346 5502 porro
3389 5429 3526 5487 nihil

1947 5549 2136 5589 eorum
2180 5531 2448 5600 cogitans,
2484 5527 2622 5582 altos
2649 5524 2871 5595 spiritus
2902 5522 3123 5593 cepisti;
3155 5522 3226 5576 ita
3255 5533 3310 5574 ut
3338 5531 3389 5575 te
3419 5537 3527 5574 ma-

1953 5677 2055 5731 rim
2086 5682 2255 5737 tenet,
2278 5684 2334 5726 et
2370 5685 2522 5727 serra
2557 5676 2742 5726 contra
2768 5665 2916 5722 illum
2954 5681 2983 5721 a
3012 5681 3119 5738 quo
3151 5665 3385 5722 trahitur
3414 5679 3430 5718 :
3469 5669 3527 5718 et

1951 5748 2151 5810 dicant,
2184 5763 2203 5797 ι
2235 5755 2341 5800 etc.
3151 5779 3156 5784 ς
