3968 6504
456 329 575 384 ,163

1115 322 1380 382 EUSEBII
1417 319 1899 379 CESARIENSIS
1935 319 2090 375 OPP.
2130 317 2309 377 PARS
2348 318 2435 374 Ill.
2476 348 2543 358 —
2583 314 2993 373 EXEGETICA.

3612 313 3729 367 £64

468 464 629 518 gnam
661 447 806 502 illam
831 455 1066 509 mentem
1088 459 1216 499 esse
1241 452 1483 514 putares.
1517 439 1635 515 Non
1673 440 1815 494 enim
1852 454 2040 507 pacem

2144 436 2421 509 παραδοὺς
2448 437 2573 498 τοὺς
2604 434 2808 488 τούτων
2835 433 3037 500 ἀξίους.
3069 431 3205 487 Νυνὶ
3226 431 3283 485 δὲ
3315 430 3517 487 τούτων
3548 432 3730 502 μηδὲν

470 539 617 595 illam
653 539 766 604 Dei,
801 551 919 607 qua:
944 545 1181 591 mentem
1205 549 1419 588 omnem
1447 541 1738 600 exsuperat
1762 530 1834 587 ob
1857 530 2043 585 oculos

468 629 745 699 ponebas:
794 627 889 682 sed
917 638 970 681 te
993 624 1234 679 omnium
1280 622 1574 676 maximum
1608 636 1729 675 esse
1769 630 1946 685 ratus,
1977 634 2042 674 ac

470 720 719 791 superbis
750 719 927 774 oculis
980 727 1171 771 contra
1206 716 1374 770 Deum
1420 714 1617 779 elatus,
1659 711 1899 782 gentium
1933 722 2041 767 ter-

470 812 646 865 minos
671 809 1002 866 confundere
1026 807 1303 876 cogitasti,
1346 820 1483 875 quos
1528 804 1771 859 delinivit
1805 802 1944 859 Deus
1987 811 2043 858 et

468 900 692 971 pulchre
745 897 1040 962 ordinavit,
1074 914 1099 948 ι
1130 897 1357 964 Quando
1389 898 1682 967 separabat
1729 896 2043 952 Altissimus

467 1003 679 1063 gentes,
707 1002 765 1047 ut
789 989 1178 1046 disseminabat
1203 988 1342 1044 lilios
1368 989 1579 1056 Adam;
1614 989 1898 1045 constituit
1930 997 2041 1043 ter-

469 1082 644 1137 minos
702 1082 943 1153 gentium
1003 1079 1297 1133 secundum
1358 1094 1642 1134 numerum
1722 1078 2039 1148 angelorum

469 1170 563 1227 Dei
596 1173 663 1229 ‘°.
711 1190 730 1224 ι
778 1170 858 1226 Tu
901 1185 1031 1225 vero
1073 1169 1335 1238 sapientia
1394 1179 1450 1224 et
1498 1170 1699 1225 erranti
1759 1170 2040 1240 prudentia

470 1274 559 1320 tua
593 1264 890 1319 arbitratus
926 1278 988 1318 es
1010 1275 1171 1333 posse
1205 1272 1257 1317 te
1287 1278 1315 1316 a
1353 1263 1464 1317 Deo
1494 1263 1662 1332 probe
1712 1262 2041 1318 constitutos

472 1355 730 1409 terminos
764 1352 868 1407 alio
909 1352 1229 1415 transferre,
1254 1361 1416 1422 atque
1446 1362 1613 1407 totum
1638 1354 1825 1408 orbem
1848 1354 2039 1410 ditioni

467 1458 574 1501 tuae
605 1446 873 1516 subigere.
911 1444 1045 1498 Nam
1089 1444 1387 1509 astimasti,
1419 1444 1693 1497 neminem
1738 1444 1803 1497 iis
1828 1444 2041 1514 prospi-

465 1553 592 1593 cere
618 1537 701 1592 vel
749 1535 1105 1607 patrocinari,
1165 1535 1445 1605 Deumque
1496 1535 1743 1591 homines
1783 1537 1876 1606 qui
1914 1546 2041 1591 sunt

466 1647 630 1701 super
661 1641 857 1685 terram
892 1627 1023 1684 nihil
1058 1641 1249 1681 curare
1278 1643 1293 1680 :
1340 1628 1692 1695 quamobrem
1728 1638 1919 1698 gentes
1949 1643 2041 1682 or-

465 1726 550 1779 bis
582 1723 843 1785 universi,
877 1722 1028 1790 quasi
1058 1719 1229 1788 pullos
1272 1720 1538 1784 desertos,
1591 1732 1683 1775 aut
1712 1737 1813 1776 ova
1845 1720 2039 1777 dereli-

2141 528 2516 598 λογισάμενος,
2553 527 2763 597 ὲπῆρας
2790 524 3037 588 σεαυτὸν,
3080 523 3157 587 ὼς
3197 522 3485 576 ὑπολαϐεῖν
3520 523 3731 575 σαυτὸν

2140 618 2279 675 εἶναι
2310 621 2401 674 τὸν
2449 620 2623 691 μέγαν
2656 618 2801 671 νοῦν.
2852 619 2927 671 Οὐ
2961 617 3069 688 γὰρ
3102 615 3225 669 ἔθου
3268 615 3374 688 πρὸ
3419 614 3729 686 ὀφθαλμῶν

2139 716 2237 787 τὴν
2268 715 2493 787 εἰρήνην
2521 712 2617 766 τοῦ
2646 711 2779 765 Θεοῦ
2811 712 2909 782 τὴν
2940 710 3312 782 ὑπερέχουσαν
3344 710 3524 763 πάντα
3555 709 3682 764 νοῦν
3705 726 3723 739 ο

2142 807 2234 860 καὶ
2274 806 2491 860 πάντων
2536 802 2791 875 μέγιστον
2844 801 3073 873 νομίσας
3120 796 3260 877 εἶναι
3296 799 3508 864 ἑαυτὸν,
3542 799 3729 871 ὑπερ-

2141 894 2367 967 ηφάνοις
2382 893 2438 946 δὲ
2466 892 2762 963 ὀφθαλμοῖς
2794 889 3160 962 κατεπαρθεὶς
3188 889 3283 943 τοῦ
3317 888 3476 953 Θεοῦ,
3509 889 3730 962 διενοή-

2141 984 2239 1055 θης
2282 984 2350 1038 τὰ
2381 986 2506 1055 ὅρια
2540 983 2649 1037 τῶν
2681 983 2849 1037 ἐθνῶν
2884 983 3151 1054 συγχέειν,
3194 984 3230 1036 ἃ
3265 984 3293 1036 6
3324 982 3456 1046 Θεὸς
3500 981 3727 1054 διώρισε

2140 1077 2469 1143 καὶδιέταξε
2501 1076 2699 1140 καλῶς,
2724 1078 2882 1131 «Ὅτε
2902 1075 3204 1148 διεμέριζεν
3218 1076 3345 1147 έθνη
3373 1078 3402 1130 ὀ
3436 1076 3727 1146 ’Ύψιστος,

2137 1169 2214 1234 ὼς
2240 1170 2546 1240 διέσπειρεν
2574 1169 2722 1231 υἱοὺς
2760 1168 2947 1239 Ἀδάμ·
2980 1169 3206 1240 ἔστησεν
3227 1169 3349 1241 ὅρια
3379 1167 3547 1222 ἐθνῶν
3578 1167 3727 1223 κατὰ

2140 1260 2372 1333 ἀριθμὸν
2402 1261 2646 1330 ἀγγέλων
2676 1258 2830 1313 Θεοῦ.
2855 1280 2873 1312 ›
2903 1262 2976 1314 Σὺ
3000 1258 3055 1313 δὲ
3085 1264 3151 1331 τῇ
3186 1260 3411 1314 σεαυτοῦ
3440 1259 3601 1331 σοφίᾳ
3624 1260 3726 1312 καὶ

2138 1356 2204 1424 τῇ
2232 1352 2621 1425 πεπλανημένη
2656 1353 2866 1405 συνέσει
2900 1352 3083 1423 ᾠήθης
3114 1352 3374 1407 δύνασθαι
3407 1352 3722 1423 μεταθεῖναι

2143 1444 2240 1514 μὲν
2292 1445 2417 1507 τοὺς
2451 1444 2556 1497 ὑπὸ
2605 1443 2700 1497 τοῦ
2746 1443 2880 1497 Θεοῦ
2929 1440 2989 1497 εὖ
3035 1443 3486 1515 διατεταγμένους
3532 1444 3717 1514 ὅρους,

2141 1536 2447 1607 ὑποχείριον
2494 1536 2553 1589 δὲ
2621 1534 2800 1606 σαυτῷ
2848 1534 2945 1607 τὴν
2993 1535 3316 1608 οἰκουμένην
3364 1534 3718 1606 ποιήσασθαι.

2140 1628 2357 1698 Μηδένα
2405 1628 2514 1700 γὰρ
2566 1629 2769 1699 ὲφορᾷν
2822 1629 2955 1700 μηδὲ
3007 1628 3514 1699 ἀντιλαμϐάνεσθαι,
3583 1628 3721 1698 μηδὲ

2140 1717 2259 1788 Θεῷ
2289 1718 2502 1788 μέλλειν
2532 1717 2641 1771 τῶν
2690 1719 2781 1771 ἐπὶ
2821 1719 2924 1789 γῆς
2964 1717 3264 1789 ἀνθρώπων
3316 1718 3595 1788 ἐνόμισαςο
3637 1717 3723 1771 διὸ

462 1825 575 1878 cla,
601 1826 653 1869 te
676 1823 960 1883 capturum
990 1812 1242 1881 apinatus
1280 1824 1359 1864 es.
1409 1811 1641 1879 Oportet
1670 1812 1837 1882 igitur
1886 1824 2033 1868 recta

2144 1808 2325 1881 ῶσπερ
2377 1810 2607 1862 νεοττῶν
2658 1810 2899 1880 ἐρήμων,
2948 1810 2980 1881 ἢ
3018 1810 3140 1864 ὠῶν
3184 1809 3717 1881 καταλελειμμένων,

465 1903 793 1974 cogitatione
840 1912 1052 1971 putare,
1116 1909 1167 1954 te
1207 1914 1274 1954 ne
1318 1916 1412 1956 eos
1445 1903 1663 1972 quidem
1712 1919 1849 1973 quos
1910 1904 2036 1959 sub-

458 1997 641 2064 egisti,
673 1995 792 2049 sine
820 2003 950 2048 nutu
997 1992 1093 2046 Dei
1131 1992 1424 2049 domuisse.
1475 1992 1630 2050 Unde
1658 2010 1892 2063 namque
1940 1996 2034 2051 tibi

465 2089 586 2142 talis
614 2095 854 2157 potestas
898 2084 1183 2149 adfuisset,
1224 2086 1328 2141 nisi
1367 2088 1506 2141 Deus
1560 2086 1612 2140 id
1653 2086 2034 2157 permisisset,

460 2196 637 2249 neque
660 2191 710 2234 te
738 2189 797 2233 ut
827 2180 1187 2236 instrumento
1239 2181 1305 2235 ad
1358 2179 1771 2249 castigationem
1814 2188 1871 2234 et
1908 2196 2038 2251 sup-

462 2271 683 2342 plicium
711 2285 919 2336 eorum,
954 2271 1045 2339 qui
1068 2272 1411 2340 correptione
1438 2280 1493 2326 et
1517 2270 1874 2327 conversione
1903 2286 2038 2344 opus

462 2360 756 2423 habebant,
776 2376 903 2415 usus
934 2361 1168 2417 fuisset?

536 2450 701 2506 Vens.
736 2451 824 2517 17,
872 2450 955 2505 l8.
990 2469 1010 2503 ι
1043 2452 1108 2506 Et
1129 2452 1233 2506 erit
1261 2451 1440 2507 lumen
1466 2450 1631 2508 Israel
1668 2452 1722 2509 in
1753 2453 1954 2525 ignem,
1982 2464 2039 2510 et

462 2541 827 2599 sanctiﬁcahit
850 2542 999 2597 illum
1020 2543 1071 2598 in
1094 2542 1217 2614 igne
1248 2552 1438 2601 urente
1464 2562 1479 2600 :
1501 2554 1554 2600 et
1580 2546 1860 2602 devorahit
1881 2548 2035 2618 quasi

464 2633 645 2689 fenum
678 2633 889 2689 silvam.
918 2634 974 2688 ln
1010 2635 1100 2690 illa
1142 2637 1227 2692 die
1257 2637 1673 2703 exstinguentur
1709 2649 1942 2704 montes,
1985 2648 2039 2691 et

462 2723 633 2778 colles
670 2734 724 2777 et
758 2724 931 2779 silvas.
964 2742 982 2776 ι
1022 2726 1141 2795 Ipse
1176 2726 1265 2796 qui
1300 2726 1430 2782 olim
1455 2726 1710 2797 populum
1736 2743 1893 2783 suum
1921 2727 2039 2783 illu-

463 2815 705 2871 minabat
730 2818 867 2872 Deus
892 2857 908 2884 ,
952 2826 1007 2872 et
1051 2818 1429 2873 sanctiﬁcabat
1456 2819 1605 2874 illum
1631 2860 1648 2887 ,
1678 2819 1777 2875 tibi
1806 2821 2038 2890 superbo

466 2908 604 2980 ignis
633 2908 860 2964 ellectus
889 2917 993 2965 est.
1046 2907 1152 2964 Pro
1189 2908 1282 2964 illo
1316 2919 1493 2965 autem
1521 2948 1539 2976 ,
1578 2929 1596 2962 ι
1634 2911 1702 2965 Et
1729 2910 2038 2966 sanctitica-

462 3000 541 3054 bit
576 2998 721 3053 illum
754 2999 806 3052 in
837 2999 959 3068 igne
997 3007 1209 3062 urente,
1247 3017 1267 3053 ι
1309 2997 1668 3069 Symmachus
1694 3040 1711 3065 ,
1751 3019 1769 3053 ι
1801 2999 1867 3055 Ει
1913 3016 2039 3056 san-

462 3100 582 3145 ctus
618 3090 734 3161 ejus
762 3090 813 3143 in
848 3090 1140 3150 ﬂammam.
1184 3109 1204 3143 ι
1248 3089 1382 3145 Nam
1413 3092 1535 3156 tibi,
1569 3091 1766 3162 inquit,
1789 3092 2035 3162 Assyrio,

456 3180 555 3250 qui
593 3180 757 3253 impie
784 3190 838 3235 et
879 3182 1086 3241 tumide
1113 3182 1354 3253 cogitare
1386 3196 1553 3237 ausus
1579 3197 1658 3248 es,
1691 3191 1913 3238 sanctus
1961 3182 2040 3238 ls-

466 3274 600 3338 rael,
624 3284 678 3329 et
695 3274 787 3344 qui
820 3274 948 3329 olim
975 3273 1090 3342 ejus
1127 3274 1216 3329 lux
1248 3272 1370 3340 fuit,
1408 3275 1459 3328 in
1484 3273 1757 3329 ﬂammam
1787 3283 1842 3331 et
1865 3274 2042 3346 ignem

465 3366 678 3419 evadet.
698 3362 937 3419 Collibus
966 3377 1116 3431 vero,
1150 3365 1427 3419 montibus
1457 3373 1512 3419 et
1549 3363 1722 3429 silvis,
1751 3378 1782 3419 e
1816 3378 1876 3419 re
1901 3380 2045 3419 com-

464 3464 623 3524 parat
652 3454 796 3509 illam
826 3454 1171 3525 Assyriorum
1208 3452 1646 3522 multitudinem;
1671 3452 1838 3510 duces
1864 3464 2042 3509 autem

466 3564 673 3609 eorum,
700 3557 754 3601 et
781 3547 870 3615 qui
910 3547 1032 3601 aliis
1061 3546 1535 3617 praeerant,quasi
1553 3546 1720 3603 colles
1746 3556 1802 3604 et
1830 3558 2045 3603 montes

468 3638 619 3691 dicit.
661 3637 765 3692 Sed
821 3637 896 3692 illi
938 3638 1155 3708 quidem
1197 3640 1654 3709 exstinguentnr;
1705 3639 1758 3694 id
1792 3648 1922 3704 est,
1966 3640 2043 3696 illi

470 3728 601 3781 olim
631 3744 823 3798 graves
854 3739 909 3784 et
937 3730 1221 3795 ardentes,
1253 3730 1339 3787 vel
1368 3731 1546 3794 inviti,
1581 3729 1760 3801 frigidi
1787 3733 2039 3788 evadent.

471 3818 616 3875 Mors
643 3821 844 3891 quippe
870 3820 991 3875 illos
1021 3821 1304 3877 devorabit
1328 3862 1343 3888 ,
1378 3831 1587 3878 tantum
1613 3838 1718 3878 non
1748 3834 1805 3878 et
1832 3825 2044 3879 animas

471 3927 595 3967 cum
622 3914 942 3984 corporibus
971 3914 1284 3969 absumens.
1310 3914 1464 3984 Quod
1501 3924 1679 3971 autem
1715 3917 1911 3973 anima:
1932 3933 2042 3972 non

473 4020 578 4059 una
625 4020 750 4061 cum
782 4005 1099 4075 corporibus
1131 4004 1412 4077 tollantur,
1446 4009 1645 4078 cuique
1695 4007 2041 4064 manifestum

467 4108 553 4154 est
588 4116 601 4152 :
630 4100 772 4169 quod
812 4100 1005 4153 animm
1037 4099 1350 4155 ﬁrmitatem
1385 4100 1714 4156 subindicat.
1764 4099 1897 4155 Cum
1947 4096 2044 4156 sil-

470 4205 592 4243 vam
631 4191 798 4255 dicit,
850 4191 1245 4247 multitudinem
1290 4180 1414 4263 qua:
1456 4207 1580 4247 cum
1628 4206 1756 4262 rege
1786 4191 2040 4263 Assyrio-

471 4294 589 4333 rum
625 4289 743 4335 erat
766 4280 987 4335 denotat
1022 4300 1037 4336 :
1070 4284 1377 4339 Carmelum
1407 4298 1575 4349 vero,
1600 4293 1661 4338 ut
1681 4284 1758 4338 ait
1794 4282 2045 4353 Symma-

471 4371 605 4425 chus
627 4411 644 4437 ,
688 4371 803 4440 ejus
837 4373 1051 4428 divitias
1088 4382 1364 4443 nuncupat
1387 4412 1403 4439 ,
1452 4388 1662 4429 necnon
1692 4372 1993 4443 voluptates
2022 4389 2039 4428 :

472 4476 591 4530 quae
622 4461 947 4518 absumenda
989 4463 1122 4519 dicit
1154 4464 1224 4518 ab
1255 4463 1446 4520 ultrice
1484 4464 1728 4535 praedicti
1758 4463 1900 4533 ignis
1925 4464 2041 4519 vio-

472 4551 655 4607 lentia.

548 4732 709 4789 Vens.
749 4736 835 4790 l9.
874 4756 894 4788 ι
930 4737 994 4791 Et
1018 4737 1300 4793 devorabit
1331 4738 1399 4793 ab
1426 4738 1603 4792 anima
1632 4753 1802 4809 usque
1833 4740 1900 4795 ad
1928 4755 2044 4795 car-

472 4842 567 4882 nes
601 4845 614 4881 :
653 4840 709 4882 et
733 4828 837 4882 erit
868 4829 957 4897 qui
986 4827 1153 4899 fugiet
1174 4831 1328 4899 quasi
1365 4829 1574 4900 fugiens
1602 4846 1631 4885 a
1651 4830 1867 4886 ﬂamma
1889 4848 2043 4887 uren-

471 4926 542 4972 te.
588 4915 652 4971 Et
683 4918 773 4987 qui
804 4919 1177 4988 relinquentur
1211 4935 1280 4975 ex
1314 4920 1444 4988 ipsis
1472 4936 1729 4977 nmnerus
1760 4932 1958 4988 erunt,
1988 4934 2044 4978 et

476 5023 610 5077 puer
631 5008 829 5064 scribet
860 5024 973 5064 eos.
1017 5027 1035 5060 ι
1076 5009 1209 5065 Cum
1247 5012 1390 5074 hzec,
1422 5010 1616 5081 inquit,
1653 5012 1878 5083 Assyrio
1906 5029 2041 5069 con»-

476 5102 719 5169 tigerint,
754 5100 843 5154 ille
869 5100 989 5169 fuga
1016 5116 1072 5155 se
1095 5101 1375 5171 proripiet,
1406 5111 1564 5171 atque
1589 5116 1778 5157 omnes
1807 5103 1896 5172 qui
1921 5119 2041 5159 cntn

474 5190 568 5245 illo
593 5201 754 5244 erunt
781 5232 794 5255 ,
843 5192 1072 5260 idipsnm
1116 5201 1297 5260 agent.
1348 5192 1500 5259 Quod
1549 5194 1594 5246 si
1634 5193 1850 5262 quidam
1886 5195 2042 5263 pauci

475 5280 872 5349 relinquantur,
924 5293 1002 5336 tot
1032 5292 1232 5349 erunt,
1279 5291 1339 5337 ut
1372 5284 1544 5352 possit
1585 5285 1759 5352 quivis
1786 5286 2042 5354 puerulus

476 5371 688 5425 illorum
727 5387 1006 5428 numerum
1043 5374 1259 5445 assequi
1288 5414 1303 5438 ,
1348 5389 1412 5429 ac
1442 5374 1647 5443 scriptu
1681 5376 2002 5446 consignare
2025 5418 2040 5441 ,

477 5462 681 5531 reliqua
730 5464 1071 5521 multitudine
1116 5466 1180 5521 de
1218 5466 1397 5521 medio
1443 5465 1673 5521 sublata.
1710 5464 1835 5522 Haec
1864 5478 1919 5521 et
1956 5482 2045 5523 se-

474 5552 707 5605 cundum
750 5552 981 5608 litteram
1022 5565 1077 5610 et
1102 5556 1396 5611 secundum
1431 5564 1668 5612 tuentem
1699 5556 1840 5614 dicta
1872 5566 2041 5623 sunt;

550 5731 594 5761 ‘°
624 5732 778 5788 Deut.
820 5748 990 5797 xxxn,
1036 5734 1087 5789 8.

2137 1900 2405 1963 ὑπέλαϐες
2439 1902 2732 1973 κρατήσειν
2762 1901 2869 1955 τῶν
2896 1902 2988 1953 ἐπὶ
3020 1902 3121 1972 τῆς
3161 1903 3485 1975 οἰκουμένης
3519 1903 3712 1956 ἐθνῶν.

2135 1995 2226 2046 Δεῖ
2248 1988 2341 2046 οὖν
2374 1992 2518 2065 ὀρθῷ
2543 1992 2786 2064 λογισμῷ
2817 1993 3184 2064 διανοηθῆναι,
3207 1994 3290 2047 ὅτι
3314 1995 3407 2047 καὶ
3430 1994 3610 2049 αὑτῶν
3639 1988 3719 2048 ὧν

2136 2082 2466 2155 ἐκράτησας,
2517 2083 2617 2135 οὑκ
2673 2082 2800 2137 ἄνευ
2864 2082 3000 2137 Θεοῦ
3053 2083 3319 2155 νεύματος
3375 2086 3716 2157 περιεγένου.

2134 2175 2306 2230 Πόθεν
2335 2176 2444 2247 γάρ
2479 2192 2560 2229 σοι
2594 2174 2777 2248 παρῆν
2804 2175 3028 2246 τοιαύτη
3062 2176 3300 2243 ἐξουσία,
3338 2179 3413 2251 μὴ
3451 2179 3546 2233 τοῦ
3578 2180 3716 2233 Θεοῦ

2139 2266 2644 2337 συγκεχωρηκότος,
2674 2267 2770 2319 καὶ
2800 2265 2989 2338 ὥσπερ
3019 2268 3233 2339 ὀργάνῳ
3261 2269 3608 2343 χρησαμένου
3635 2287 3721 2322 σοι

2137 2355 2229 2409 ἐπὶ
2255 2354 2520 2427 τιμωρίαν
2550 2355 2645 2409 καὶ
2665 2356 2883 2410 κόλασιν
2910 2357 3018 2411 τῶν
3045 2361 3376 2431 ἐπιστροφῆς
3416 2360 3719 2431 δεομένων;

2218 2467 2237 2499 ι
2271 2448 2382 2502 Kal
2407 2448 2559 2503 ἔσται
2583 2448 2644 2501 τὸ
2669 2448 2784 2517 φῶς
2809 2448 2904 2502 τοῦ
2941 2450 3155 2523 Ἰσραὴλ
3182 2454 3261 2515 είς
3290 2452 3421 2524 πῦρ,
3442 2455 3536 2506 καὶ
3564 2455 3722 2522 ἁγιά-

2139 2558 2223 2595 σει
2246 2540 2409 2594 αὑτὸν
2448 2542 2506 2595 ὲν
2538 2541 2672 2612 πυρὶ
2705 2542 2977 2613 καιομένῳ
2997 2560 3011 2573 ·
3040 2545 3134 2597 καὶ
3177 2546 3549 2613 κσταφάγεται
3586 2545 3722 2601 ὡσεὶ

2138 2634 2333 2705 χόρτον
2368 2632 2464 2705 τὴν
2500 2633 2653 2705 ὓλην.
2684 2635 2763 2706 Τῇ
2804 2635 2987 2706 ἡμέρᾳ
3016 2636 3198 2708 ἐκείνῃ
3249 2637 3719 2709 ἁποσὸεσθήσεται

2137 2724 2207 2777 τά
2231 2724 2332 2795 δρη
2359 2727 2455 2778 καὶ
2474 2725 2522 2777 oi
2548 2724 2746 2796 βουνοὶ,
2780 2725 2873 2778 καί¹
2903 2728 2952 2778 oi
2979 2726 3192 2798 δρυμοί.
3224 2746 3241 2779 ι
3278 2728 3448 2792 Αὐτὸς
3486 2730 3514 2782 ὀ
3551 2730 3720 2784 πάλαι

2140 2815 2389 2884 φωτίζων
2414 2815 2506 2871 τὸν
2532 2816 2727 2870 ἑαυτοῦ
2760 2816 2886 2872 λαὸν
2914 2818 3065 2885 Θεὸς,
3101 2820 3195 2874 καὶ
3236 2822 3478 2889 ἁγιάζων
3514 2824 3680 2876 αὑτὸν
3702 2866 3718 2888 ,

2140 2907 2225 2960 col
2266 2906 2346 2979 τῷ
2389 2908 2721 2982 ὑπερηφάνῳ
2761 2911 3042 2982 γινόμενος
3089 2912 3222 2984 πῦρ.
3294 2915 3438 2967 Ἀντὶ
3485 2916 3541 2969 δὲ
3587 2917 3717 2981 τοῦ,

2146 3013 2165 3047 ι
2201 2996 2311 3050 Kal
2340 2996 2560 3066 άγιάσει
2591 2999 2754 3052 αὑτὸν
2788 3001 2845 3053 ὲν
2880 3002 3013 3073 πυρὶ
3060 3002 3353 3074 καιομένῳ,
3385 3022 3404 3055 ›
3435 3006 3463 3057 ὁ
3495 3005 3720 3076 Σύμμα-

2145 3104 2273 3157 χος,
2325 3106 2345 3139 ι
2386 3090 2498 3143 Kal
2540 3092 2569 3143 6
2610 3090 2764 3160 ἆγιος
2807 3092 2970 3146 αὑτοῦ
3023 3095 3100 3157 εἰς
3152 3094 3344 3164 φλόγα.
3391 3115 3409 3147 ι
3444 3096 3535 3149 Σοὶ
3579 3096 3719 3170 γὰρ,

2146 3179 2301 3250 φησὶ,
2334 3180 2413 3253 τῷ
2459 3182 2745 3254 Ἀσσυρίῳ,
2775 3182 2946 3255 ἀσεϐῆ
2976 3187 3070 3239 καὶ
3094 3186 3375 3259 ὑπέρογκα
3400 3187 3720 3258 λογίσασθαι

2144 3272 2522 3346 τετολμηκότι,
2544 3275 2572 3327 ὀ
2592 3275 2746 3344 ἆγιος
2782 3277 3015 3350 Ἰσραὴλ,
3046 3280 3138 3332 καὶ
3164 3280 3192 3332 6
3224 3280 3392 3333 πάλαι
3415 3281 3529 3350 φῶς
3554 3281 3720 3335 αὑτοῦ

2148 3362 2405 3431 γεγονὼς,
2441 3366 2520 3429 είς
2550 3366 2724 3435 φλόγα
2769 3369 2862 3422 καὶ
2894 3370 2973 3433 είς
3015 3369 3125 3443 πῦρ
3153 3373 3455 3443 γενήσεται.
3500 3374 3721 3439 Βουνοτς

2145 3456 2203 3510 δὲ
2233 3457 2327 3511 καὶ
2357 3458 2506 3529 ὄρεσι
2534 3460 2626 3512 καὶ
2650 3460 2872 3532 δρυμοῖς
2900 3462 3220 3535 παρεικάζει
3242 3465 3439 3529 καλῶς,
3470 3466 3639 3537 αὑτήν
3659 3484 3720 3519 τε

2146 3546 2254 3600 τῶν
2297 3548 2598 3620 Ἀσσυρίων
2637 3550 2867 3621 πληθὺν,
2903 3552 2998 3606 καὶ
3028 3554 3153 3617 τοὺς
3179 3554 3509 3626 ἡγουμένους
3549 3556 3720 3627 αὑτῆς

2146 3638 2240 3691 καὶ
2266 3639 2373 3693 τῶν
2405 3638 2578 3695 ἄλλων
2599 3640 2985 3713 ὑπερέχοντας,
3010 3643 3258 3717 καθάπερ
3291 3646 3509 3716 βουνοὺς
3531 3648 3563 3718 ἢ
3595 3648 3719 3719 ὅρη.

2158 3728 2298 3782 Ἀλλ’
2323 3726 2469 3786 οῦτοι
2493 3732 2592 3804 μὲν
2620 3734 3140 3806 ἀποσϐεσθήσονται,
3165 3740 3458 3801 τουτέστιν,
3480 3740 3530 3792 oi
3553 3740 3721 3793 πάλαι

2144 3821 2309 3877 δεινοὶ
2338 3825 2433 3879 καὶ
2468 3825 2681 3897 θερμοὶ,
2727 3828 2821 3881 xal
2852 3829 2949 3900 οὑχ
2977 3828 3193 3893 ἑκόντες
3220 3829 3717 3902 καταψυγησονται.

2146 3913 2538 3985 Καταφάγεται
2573 3917 2682 3989 γὰρ
2715 3921 2911 3984 αὐτοὺς
2942 3922 2971 3973 6
3010 3921 3265 3986 θάνατος,
3311 3922 3590 3993 μονονουχὶ
3625 3924 3721 3977 καὶ

2144 4003 2322 4076 ψυχὰς
2353 4006 2607 4062 δαπανῶν
2640 4011 2735 4063 καὶ
2763 4012 2941 4083 σῶμα.
2977 4014 3097 4067 Ὀτι
3135 4014 3231 4084 μὲν
3258 4013 3368 4085 γάρ
3419 4014 3480 4067 οὑ
3528 4032 3721 4068 συναν-

2145 4095 2377 4166 ῄρηνται
2405 4101 2517 4162 τοῖς
2542 4100 2786 4171 σώμασιν
2805 4104 3068 4175 αίψυχαὶ,
3094 4105 3253 4160 παντί
3279 4123 3358 4178 τῳ
3386 4109 3554 4177 σαφές
3579 4110 3716 4164 ἐστι·

2148 4188 2480 4259 ὑπεμφαίνει
2509 4191 2565 4245 δὲ
2592 4191 2762 4264 δήπου
2789 4194 2851 4247 τὸ
2873 4196 2973 4267 τῆς
2995 4196 3176 4267 ψυχῆς
3201 4198 3471 4262 εὑσθενές.
3505 4202 3721 4271 Δρυμὸν

2143 4281 2201 4334 δὲ
2246 4282 2438 4351 λέγων,
2488 4284 2557 4338 τὰ
2600 4285 2775 4359 πλήθη
2808 4289 2875 4342 τὰ
2924 4289 3020 4342 σὺν
3051 4289 3130 4360 τῷ
3179 4290 3385 4361 βασιλεί
3424 4292 3720 4367 Ἀσσυρίων

2142 4372 2320 4445 δηλοῖ·
2356 4374 2653 4448 Κάρμηλον
2679 4377 2756 4444 δὲ,
2787 4379 2863 4443 ὡς
2885 4381 2913 4433 ὁ
2943 4380 3235 4453 Σύμμαχος
3257 4402 3410 4455 φησι,
3437 4386 3527 4440 τὸν
3557 4388 3719 4442 πλοῦ-

2073 4497 2119 4553 D
2144 4478 2235 4516 τον
2276 4463 2443 4518 αὑτοῦ
2484 4466 2577 4521 καὶ
2610 4467 2708 4539 τὴν
2759 4470 2987 4542 τρυφὴν,
3031 4472 3173 4545 ἅπερ
3215 4474 3391 4528 πάντα
3436 4477 3719 4545 ἀναλωθή-

2148 4555 2335 4609 σεσθαί
2384 4576 2547 4630 φησιν
2599 4562 2705 4615 ὑπὸ
2762 4563 2861 4634 τῆς
2905 4562 3231 4638 κολαστικῆς
3278 4567 3562 4638 δυνάμεως
3621 4571 3716 4625 τοῦ

2147 4649 2532 4721 προλεχθέντος
2551 4654 2738 4725 πυρός.
3734 4650 3737 4651 ν

2223 4761 2239 4790 ι
2278 4743 2385 4796 Καὶ
2425 4745 2799 4813 καταφάγεται
2835 4746 2945 4800 ἀπὸ
2988 4746 3164 4818 ψυχῆς
3192 4748 3296 4812 ἕως
3340 4750 3579 4822 σαρκῶν,
3626 4754 3718 4807 καὶ

2144 4833 2295 4885 ἔσται
2322 4836 2350 4886 6
2376 4834 2611 4903 φεύγων,
2647 4837 2721 4900 ὡς
2742 4840 2769 4891 6
2794 4838 3007 4907 φεύγων
3032 4843 3141 4896 ἀπὸ
3183 4843 3377 4912 φλογὸς
3404 4844 3715 4914 καιομένης.

2145 4924 2256 4978 Kal
2305 4927 2352 4978 οἱ
2401 4928 2853 4997 καταλειφθέντες
2877 4932 2973 4986 ἀπ’
3004 4934 3183 4986 αὑτῶν
3208 4935 3437 5007 ἀριθμὸς
3484 4936 3717 5001 ἔσονται,

2148 5017 2241 5069 καὶ
2270 5017 2474 5071 παιδίον
2497 5019 2695 5089 γράψει
2732 5021 2945 5086 αὐτούς.
2981 5043 2997 5075 ι
3041 5026 3311 5090 Ἐπειδὰν,
3355 5029 3506 5099 φησὶ,
3549 5027 3716 5081 ταῦτα

2148 5106 2225 5177 τῷ
2265 5107 2532 5179 Ἀσσυρίῳ
2563 5111 2763 5181 συμδῇ,
2795 5112 3022 5184 δρασμῷ
3064 5117 3405 5187 χρησάμενος
3445 5120 3716 5188 φεύξεται,

2150 5197 2281 5249 οἵτε
2326 5198 2421 5250 σὺν
2464 5200 2614 5272 αὑτῷ
2662 5203 2858 5267 πάντες
2891 5205 3048 5257 τοῦτο
3076 5210 3389 5279 πράξουσιν.
3434 5213 3494 5265 El
3528 5212 3584 5265 δέ
3618 5231 3717 5266 που

2153 5284 2373 5357 βραχεῖς
2400 5307 2542 5353 τινες
2567 5292 2996 5363 καταλειφθεῖεν,
3037 5298 3275 5353 τοσοῦτοι
3310 5301 3540 5366 ἔσονται,
3578 5304 3715 5359 ὥστε

2149 5376 2406 5433 δύνασθαι
2434 5383 2528 5435 καὶ
2555 5383 2616 5435 τὸ
2638 5384 2796 5455 τυχὸν
2831 5389 3035 5442 παιδίον
3064 5390 3151 5443 τὸν
3168 5392 3398 5464 ἀριθμὸν
3420 5396 3601 5449 αὐτῶν
3628 5415 3716 5450 πε-

2153 5468 2413 5538 ριλασεῖν,
2450 5474 2543 5527 καὶ
2566 5480 2750 5550 γραφῇ
2786 5482 3140 5553 παραδοῦναι,
3163 5484 3255 5537 τοῦ
3276 5485 3462 5541 λοιποῦ
3485 5488 3718 5560 πλήθους

2152 5561 2508 5630 ἀπολωλότος.
2542 5567 2726 5623 Ταῦτα
2756 5574 2849 5627 καὶ
2876 5576 3009 5646 πρὸς
3042 5577 3183 5643 λέξιν
3210 5577 3424 5649 εἴρηται
3464 5582 3558 5635 καὶ
3586 5582 3721 5653 πρὸς
