3968 6502
252 345 369 399 165

1215 340 1716 397 COMMENTARIA
1754 339 1820 395 IN
1857 340 2111 397 ISAIAM.
2150 372 2216 385 —-—
2247 341 2401 397 CAP.
2440 342 2509 398 Χ.

3422 350 3444 402 ~I
3455 350 3525 404 66

251 465 545 517 διάνοιανο
588 459 725 535 πρὸς
774 458 871 531 μὲν
900 459 1069 524 λεςιν,
1111 459 1460 541 ἀνηνεγμένα
1487 459 1580 511 ἐπὶ
1614 458 1707 511 τὸν
1735 458 1851 512 Να-

1971 460 2250 513 secundum
2283 458 2517 514 litteram
2555 459 2799 530 quidem,
2845 462 2892 516 si
2931 462 3000 516 ad
3030 460 3525 521 Nabuchodonoso-

251 554 696 624 6ουχοδονόσορ,
748 552 840 618 τὸν
889 552 1248 622 ἐμπρήσαντα
1292 550 1385 603 τὸν
1440 550 1567 603 ναὸν
1610 550 1705 603 καὶ
1753 549 1852 620 τὴν

251 648 425 702 πόλιν
456 664 472 677 ·
509 645 644 718 πρὸς
660 645 715 697 δὲ
744 644 1002 708 διάνοιαν,
1036 642 1129 696 ἐπὶ
1155 643 1254 714 τὴν
1284 642 1668 713 ἀντικειμένην
1693 640 1853 695 δύνα-

256 758 381 810 μιν,
423 734 497 810 ἧς
536 738 606 791 τὰ
644 735 943 808 λελεγμένα
998 737 1056 789 ὲν
1098 737 1163 806 τῇ
1209 734 1515 806 προφητείᾳ
1554 734 1851 805 παθούσης.

252 828 557 903 καθῃρέθη
604 827 800 881 αὐτίκα
833 828 867 898 ἡ
900 825 1008 879 τῶν
1052 825 1310 879 ἐναντίων
1347 823 1648 896 Ἀσσυρίων
1691 824 1853 877 δυνα-

257 921 461 973 στεία.

341 1031 363 1062 ‹
397 1011 517 1065 Καὶ
550 1009 701 1062 ἔσται
732 1010 789 1061 ὲν
818 1010 883 1078 τῇ
919 1006 1104 1078 ἡμέρᾳ
1159 1006 1375 1081 ἐκείνῃ,
1406 1004 1587 1059 οὐκέτι
1627 1022 1857 1077 προστε-

254 1104 501 1174 θήσεται
531 1102 593 1155 τὸ
646 1098 1009 1166 καταλειφθὲν
1072 1097 1308 1171 Ἰσραὴλ,
1354 1097 1449 1150 καὶ
1496 1098 1547 1150 οἱ
1594 1096 1858 1160 σωθέντες

254 1194 359 1246 τοῦ
406 1191 609 1246 Ἰακὼϐ
637 1189 818 1244 οὐκέτι
847 1190 919 1258 μὴ
949 1188 1267 1251 πεποιθότες
1297 1182 1431 1241 ὦσιν
1467 1188 1560 1240 ἐπὶ
1583 1189 1707 1251 τοὺς
1740 1187 1856 1241 ἀδι-

257 1288 554 1356 κήσαντας
603 1283 819 1345 αὐτοὺς,
866 1280 1001 1334 ἀλλὰ
1035 1280 1247 1333 ἔσονται
1275 1280 1596 1343 πεποιθότες
1638 1279 1729 1333 ἐπὶ
1766 1278 1857 1333 τὸν

256 1375 404 1429 Θεὸν
427 1374 522 1426 τὸν
557 1373 709 1440 ἆγιον
734 1370 828 1423 τοῦ
862 1370 1076 1441 Ἰσραὴλ
1102 1372 1167 1440 τῇ
1193 1368 1440 1441 ἀληθείᾳ.
1473 1369 1582 1423 Καὶ
1618 1368 1766 1421 ἔσται
1797 1367 1859 1421 τὸ

256 1464 637 1533 καταλειφθὲν
677 1461 771 1515 τοῦ
820 1460 1014 1515 Ἰακὼϐ
1047 1460 1139 1514 ἐπὶ
1173 1461 1304 1514 Θεὸν
1356 1461 1627 1532 ἰσχύοντα.
1667 1480 1684 1511 ι
1722 1462 1858 1530 Φησὶ

254 1546 342 1628 τῷ
380 1555 590 1627 καιρῷ,
621 1554 743 1607 καθ’
775 1552 835 1606 ὃν
866 1552 1045 1606 πάντα
1081 1550 1152 1604 τὰ
1186 1550 1551 1623 προλεχθέντα
1584 1552 1725 1605 κατὰ
1762 1553 1857 1606 τοῦ

256 1647 609 1717 δηλωθέντος
624 1644 884 1716 ἄρχοντος
905 1643 1013 1697 τῶν
1047 1643 1345 1714 Ἀσσυρίων
1376 1642 1442 1694 δι’
1469 1641 1645 1714 ἔργων
1681 1644 1860 1715 χωρή-

261 1755 440 1802 σειεν,
494 1739 543 1791 oi
582 1735 1021 1807 περιλειφθέντες
1052 1733 1147 1788 τοῦ
1180 1733 1856 1805 αἰχμαλωτισθέντοςζλαοῦ

1954 563 2067 604 rem
2112 548 2439 615 referantur,
2467 551 2559 619 qui
2596 551 2853 620 templum
2902 552 3143 609 incendit
3193 566 3249 610 et
3292 556 3520 622 urbem;

1956 640 2250 695 secundum
2292 650 2525 696 mentem
2571 657 2721 706 vero,
2754 645 2798 697 si
2828 644 2893 697 ad
2920 655 3244 713 potestatem
3269 649 3524 703 adversa-

1956 731 2113 795 riam,
2147 744 2268 799 qua:
2302 744 2421 785 cum
2452 744 2537 793 ea,
2570 747 2690 802 quae
2721 733 2773 788 in
2812 736 3090 804 prophetia
3123 736 3390 802 feruntur,
3409 752 3528 808 per-

1956 835 2114 888 pessa
2164 828 2334 883 esset,
2388 820 2823 878 adversariorum
2873 823 3222 896 Assyriorum
3280 830 3523 897 potentia

1955 910 2242 968 confestim
2267 911 2479 967 sublata
2511 922 2616 967 est.

2027 1002 2191 1057 Vens.
2214 1000 2307 1066 20,
2332 1001 2421 1057 2|.
2454 1021 2472 1053 ι
2503 1001 2569 1057 Ει
2601 1002 2707 1057 erit
2737 1002 2790 1057 in
2825 1004 2912 1058 die
2941 1002 3050 1071 illa,
3085 1020 3190 1060 non
3218 1006 3356 1061 ultra
3388 1008 3528 1077 adji-

1956 1094 2129 1148 cietur
2160 1094 2430 1147 residuum
2458 1091 2640 1157 Israel,
2668 1103 2727 1147 et
2758 1094 2847 1162 qui
2881 1094 3018 1150 salvl
3038 1096 3235 1152 fuerint
3259 1114 3325 1153 ex
3358 1098 3528 1157 Jacob

1959 1203 2063 1240 non
2097 1186 2235 1241 ultra
2292 1187 2546 1242 fiduciam
2573 1188 2848 1243 habebunt
2878 1189 2929 1242 in
2960 1188 3082 1245 illos
3120 1191 3212 1257 qui
3246 1205 3304 1245 se
3330 1192 3528 1263 injuria

1958 1277 2287 1345 affecerunt;
2333 1282 2428 1334 sed
2479 1280 2727 1335 fiduciam
2768 1281 3042 1336 habebunt
3094 1282 3147 1336 in
3196 1282 3307 1339 Deo
3337 1295 3530 1342 sancto

1959 1371 2123 1426 Israel
2152 1372 2204 1426 in
2234 1372 2488 1431 veritate.
2530 1373 2596 1426 Et
2625 1374 2729 1428 erit
2765 1375 3039 1430 residuum
3068 1374 3235 1431 Iacob
3267 1377 3318 1431 in
3361 1378 3527 1433 Deum

1958 1461 2173 1519 fortem.
2236 1482 2255 1515 ι
2316 1463 2434 1531 Quo
2484 1475 2747 1534 tempore,
2790 1466 3003 1536 inquit,
3049 1469 3306 1537 praedicta
3351 1471 3529 1525 omnia

1959 1564 2145 1609 contra
2197 1566 2552 1611 memoratum
2600 1558 2901 1628 principem
2941 1561 3287 1631 Assyriorum
3315 1601 3331 1626 ,
3371 1577 3534 1633 opere

1959 1644 2411 1728 complebuntur;
2460 1647 2551 1716 qui
2602 1663 2667 1701 ex
2697 1645 3004 1703 Judazorum
3052 1651 3249 1721 popqu
3281 1652 3334 1706 in
3365 1654 3535 1722 capti-

1960 1737 2180 1792 vitatem
2216 1738 2450 1792 abducto
2500 1740 2700 1794 residui
2737 1750 2919 1807 erunt,
2949 1742 3017 1796 ab
3062 1743 3280 1797 inimica
3317 1744 3537 1811 regione

259 1829 377 1882 τῶν
415 1828 710 1892 Ἰουδαίων,
744 1827 845 1899 τῆς
879 1826 1145 1897 πολεμίας
1186 1825 1370 1897 χώρας
1400 1824 1671 1897 ἐλεύθεροι
1701 1826 1856 1896 γενό-

1971 1829 2114 1884 iheri
2148 1831 2459 1893 evadentes.
2506 1841 2560 1885 et
2589 1833 2640 1886 in
2680 1836 2949 1903 propriam
2987 1841 3213 1900 reversi,
3257 1852 3363 1891 non
3394 1837 3536 1890 ultra

266 1936 450 1992 μενοι,
479 1923 577 1974 καὶ
607 1922 686 1984 εἰς
704 1921 803 1992 τὴν
827 1919 1031 1973 οἰκείαν
1055 1918 1458 1983 ἐπανελθόντες,
1475 1918 1658 1972 οὐκέτι
1686 1936 1859 1990 προσ-

265 2015 494 2080 έξουσιν
539 2008 621 2077 οἷς
661 2013 828 2066 πάλαι
853 2015 1138 2084 προσεῖχον
1180 2011 1400 2082 δαίμοσι
1443 2016 1719 2084 πονηροῖς,
1747 2017 1859 2079 τοῖς

264 2106 368 2170 τὰς
391 2105 579 2177 ψυχὰς
604 2106 781 2158 αὐτῶν
801 2105 1103 2177 ἠδικηκόσι,
1122 2105 1217 2157 καὶ
1238 2106 1453 2159 πάντων
1476 2105 1657 2169 αὐτοῖς
1673 2105 1858 2159 κακῶν

264 2200 474 2263 αἰτίοις
512 2198 824 2267 γενομένοις
844 2212 858 2229 ⁸
888 2198 1023 2251 ἀλλὰ
1049 2198 1128 2268 τῷ
1154 2196 1274 2267 Θεῷ
1312 2197 1497 2250 λοιπὸν
1535 2197 1857 2267 προσέξουσι

269 2289 446 2359 μόνῳ,
488 2289 584 2343 ἆτε
632 2285 879 2359 λυτρωτῇ
927 2287 1021 2339 καὶ
1068 2286 1282 2356 Σωτῆρι
1334 2284 1514 2339 αὐτῶν
1565 2285 1856 2355 γενομένῳ.

281 2377 628 2450 Ἑπληροῦτο
651 2379 707 2431 δὲ
729 2378 824 2432 καὶ
847 2377 1017 2431 ταῦτα
1042 2376 1179 2447 πρὸς
1217 2374 1362 2442 λέξιν
1393 2375 1534 2429 κατὰ
1565 2375 1746 2446 Κῦρον
1769 2375 1861 2428 τὸν

269 2470 506 2542 Περσῶν
542 2469 781 2539 βασιλέα,
813 2469 873 2532 ὃς
905 2470 1111 2532 πάντας
1148 2469 1317 2538 ἀνῆκε
1339 2469 1463 2530 τοὺς
1486 2468 1545 2520 ὲν
1570 2469 1634 2538 τῇ
1660 2469 1861 2537 αἰχμα-

266 2562 449 2634 λωσίᾳ
497 2563 784 2625 Ἰουδαίους
805 2574 818 2591 ³
860 2561 982 2615 καθ’
1006 2562 1064 2615 ὃν
1113 2560 1305 2632 καιρὸν
1338 2561 1387 2614 οἱ
1419 2560 1548 2630 περὶ
1576 2560 1667 2612 τὸν
1700 2562 1863 2631 Ζορο-

270 2653 466 2716 ϐάϐελ,
515 2655 610 2707 καὶ
655 2652 859 2723 Ἰησοῦν
884 2650 975 2705 τὸν
1018 2651 1112 2706 τοῦ
1152 2652 1402 2705 Ἰωσεδὲκ
1449 2652 1542 2705 τὸν
1581 2653 1731 2723 ἱερέα
1772 2653 1863 2706 τὸν

276 2745 480 2815 μέγαν.
509 2744 563 2797 οῖ
589 2761 649 2797 τε
683 2745 799 2814 ἃμα
823 2744 901 2815 τῷ
928 2743 1152 2815 Ἔσδρα,
1182 2744 1275 2797 καὶ
1300 2742 1530 2813 Νεεμίᾳ,
1554 2744 1652 2813 τῆς
1689 2743 1860 2796 Βαϐυ-

272 2836 447 2899 λῶνος
489 2834 897 2900 ἐπανελθόντες,
927 2834 1018 2888 τὸν
1050 2835 1174 2888 ναὸν
1207 2834 1455 2905 ἣγειραν,
1480 2834 1573 2885 καὶ
1587 2834 1683 2905 τὴν
1709 2835 1864 2888 πόλιν

271 2927 451 2997 αὐτὴν
476 2926 846 2979 ἁνεκτίσαντο.

348 3036 368 3068 ι
410 3017 524 3071 Καὶ
550 3016 645 3069 ἐὰν
685 3016 908 3085 γένηται
929 3018 957 3069 ὁ
988 3014 1115 3079 λαὸς
1158 3016 1372 3088 Ἰσραὴλ
1392 3017 1467 3081 ὡς
1492 3018 1526 3088 ἠ
1563 3016 1744 3086 ἄμμος
1765 3016 1863 3086 τῆς

274 3107 577 3177 θαλάσσης,
626 3106 686 3159 τὸ
716 3106 1065 3176 κατάλειμμα
1115 3105 1295 3160 αὐτῶν
1323 3106 1648 3178 σωθήσεται.
1697 3126 1716 3158 ι
1753 3105 1862 3177 Τὴν

1961 1924 2242 1977 atlendent
2294 1923 2401 1986 iis,
2445 1924 2642 1992 quibus
2685 1937 2845 1980 antea
2893 1927 3132 1981 animum
3184 1929 3536 1993 adhibebant,

1961 2016 2299 2071 daemonibus
2328 2016 2611 2085 malignis;
2632 2020 2725 2090 qui
2770 2022 2981 2076 animas
3018 2036 3146 2077 suas
3180 2021 3452 2090 laeserant,
3484 2034 3538 2078 et

1961 2108 2201 2162 omnium
2242 2108 2346 2162 sibi
2375 2110 2637 2165 malorum
2661 2126 2823 2166 causa
2857 2113 3105 2181 fuerant;
3138 2114 3229 2168 sed
3274 2114 3387 2169 Deo
3422 2123 3538 2167 tau-

1962 2200 2081 2253 dem
2115 2199 2217 2254 soli
2256 2200 2695 2270 applicabuntur,
2728 2213 2912 2272 utpote
2958 2204 3051 2273 qui
3096 2205 3404 2275 redemptor
3437 2206 3538 2261 sibi

1961 2298 2014 2343 et
2051 2288 2312 2344 Servator
2351 2288 2577 2349 effectus
2623 2292 2715 2346 sit.
2749 2291 2873 2346 Haec
2902 2306 3032 2346 vero
3061 2291 3238 2361 reipsa
3272 2292 3539 2362 completa

1962 2392 2082 2437 sunt
2132 2381 2256 2453 Cyri
2318 2382 2607 2437 Persarum
2659 2385 2802 2454 regis
2856 2394 3120 2453 tempore,
3184 2385 3274 2453 qui
3327 2382 3541 2438 Judazos

1962 2489 2150 2529 omnes
2180 2474 2232 2527 in
2259 2474 2576 2542 captivitate
2606 2486 2829 2545 agentes
2859 2476 3089 2542 remisit,
3141 2492 3265 2531 cum
3306 2475 3541 2530 Zoroba-

1966 2566 2071 2631 bel,
2103 2565 2261 2622 Jesus
2308 2568 2449 2622 filius
2486 2567 2714 2622 Josedec
2753 2565 3023 2621 Sacerdos
3061 2582 3311 2637 magna,
3346 2577 3401 2620 et
3449 2566 3541 2636 qui

1964 2674 2084 2713 cmn
2111 2659 2279 2713 Esdra
2308 2670 2363 2713 et
2385 2657 2644 2713 Nehemia
2676 2666 2853 2723 erant,
2889 2672 2955 2711 ex
2988 2656 3262 2728 Babylone
3298 2658 3543 2723 reversi,

1966 2750 2222 2820 templum
2257 2752 2600 2815 excitarunt,
2648 2750 2947 2819 urbemque
2981 2751 3154 2819 ipsam
3196 2760 3546 2805 restaurare-

1971 2858 2030 2896 l‘ll
2038 2859 2068 2895 II
2079 2852 2115 2897 Ι..

2036 3025 2203 3083 Vens.
2232 3024 2326 3081 22.
2364 3044 2383 3078 ι
2416 3025 2483 3079 Ει
2511 3025 2557 3080 si
2594 3024 2761 3079 fuerit
2790 3023 3021 3094 populus
3050 3021 3217 3078 Israel
3248 3021 3391 3077 sicut
3421 3036 3547 3076 arc-

1968 3134 2034 3171 na
2067 3117 2255 3184 maris,
2288 3116 2563 3171 residuum
2593 3113 2711 3183 ejus
2742 3114 3064 3169 salvabitur.
3099 3131 3117 3165 ι
3166 3112 3541 3169 Promiscuam

276 3201 555 3273 ἄχρηστον
590 3199 797 3269 πληθὺν
834 3199 863 3251 6
892 3198 1047 3267 λόγος
1072 3199 1326 3269 σημαίνει
1372 3198 1467 3252 τοῦ
1512 3199 1718 3263 ἔθνους,
1757 3199 1861 3251 τῶν

1971 3222 2022 3265 et
2047 3210 2292 3265 inutilem
2327 3209 2502 3278 gentis
2533 3207 2929 3261 multitudinem
2957 3245 2974 3270 ,
3010 3220 3131 3274 qua:
3161 3212 3281 3273 post
3312 3203 3543 3259 reditum

279 3292 423 3362 μετὰ
472 3290 569 3362 τὴν
612 3290 869 3345 ἐπάνοδον
902 3290 1000 3361 τὴν
1038 3290 1146 3343 ἀπὸ
1176 3288 1495 3352 Βαϐυλῶνος
1529 3289 1864 3360 οἰκησάντων

276 3384 373 3456 τὴν
409 3382 595 3455 χώραν
628 3380 786 3453 μέχρι
810 3381 919 3435 τῶν
960 3379 1280 3451 Ῥωμαϊκῶν
1311 3379 1546 3451 χρόνων·
1580 3373 1723 3431 οὗτοι
1757 3377 1869 3448 γὰρ

275 3472 418 3547 ἦσαν
446 3475 519 3538 ὡς
542 3477 575 3546 ὴ
600 3474 781 3546 ἄμμος
809 3472 908 3545 τῆς
932 3472 1225 3543 θαλάσσης,
1248 3471 1305 3539 te
1337 3464 1411 3525 ὧν
1438 3470 1610 3541 μόνων
1635 3467 1864 3539 διεσώθη

278 3568 338 3619 τὺ
372 3566 756 3637 κατάλειμμα·
791 3566 841 3618 οἱ
882 3564 940 3631 ἐξ
978 3564 1155 3618 αὐτῶν
1184 3563 1398 3627 εἰς’τὺν
1429 3561 1664 3634 Χριστὸν
1705 3578 1869 3613 πεπι-

280 3657 570 3721 στευκότες
600 3656 841 3729 μαθηταὶ
867 3656 1033 3709 αὑτοῦ
1061 3657 1153 3708 καὶ
1183 3654 1491 3719 ἀπόστολοι,
1524 3654 1618 3706 καὶ
1648 3653 1869 3721 εὐαγγε-

283 3751 429 3803 σταί.
446 3750 689 3821 Ψάμμος
707 3750 816 3820 γὰρ
832 3748 1108 3819 θαλάσσης
1126 3748 1188 3799 τὸ
1212 3747 1308 3818 μὲν
1328 3746 1530 3817 πλῆθος
1552 3747 1653 3798 ἀνα
1662 3745 1866 3818 ρίθμη-

280 3860 372 3895 τον
396 3840 508 3911 ἔχει
533 3857 547 3871 ·
575 3840 747 3903 ἄλλως
774 3839 829 3892 δὲ
845 3840 1114 3911 ἄχρηστος
1149 3838 1382 3910 ὑπάρχει
1409 3838 1543 3907 πρὸς
1571 3838 1863 3907 γεωργίαν.

293 3935 548 3989 Ἐπειδὰν
591 3929 683 3987 οὖν
710 3935 738 3986 6
771 3932 917 3996 λαὸς,
946 3931 1131 4002 φησὶν,
1170 3929 1386 4001 Ἰσραὴλ
1435 3932 1510 3992 εἰς
1542 3928 1743 3999 πλῆθος
1774 3929 1867 3983 ἅν-

283 4027 587 4098 αρίθμητον
609 4024 768 4095 χυθῇ,
791 4024 1062 4095 ἄχρηστον
1079 4022 1135 4074 δὲ
1154 4021 1380 4095 γένηται
1402 4023 1458 4073 ὲν
1486 4023 1550 4091 τῇ
1572 4020 1712 4073 κατὰ
1736 4020 1866 4072 Θεὸν

282 4117 655 4190 καρποφορίᾳ,
691 4114 990 4186 τηνικαῦτα
1028 4116 1089 4167 τὸ
1135 4114 1233 4185 μὲν
1282 4113 1484 4183 πλῆθος
1536 4112 1715 4165 αὐτῶν
1762 4112 1867 4164 ἀπ-

284 4210 488 4263 ολεῖται
510 4226 523 4238 ·
588 4208 745 4279 μόνον
807 4206 870 4277 δὴ
923 4206 983 4259 τὸ
1037 4205 1389 4276 κατάλειμμα
1450 4203 1629 4256 αὐτῶν
1692 4202 1867 4273 σωθή-

285 4317 461 4354 σεται.

363 4414 401 4449 ι,
434 4396 557 4447 Ὀτι
588 4393 744 4461 λόγον
775 4391 1213 4463 συντετμημένον
1234 4391 1438 4464 Κύριος
1464 4392 1680 4464 ποιήσει
1708 4392 1766 4443 ὲν
1799 4394 1864 4462 τῇ

287 4486 582 4560 οἰκουμένῃ
605 4486 724 4559 ὅλῃ.
764 4505 781 4537 ι
812 4486 1005 4556 Σαφῶς
1027 4486 1134 4559 ἄρα
1160 4486 1221 4538 τὸ
1248 4484 1579 4554 Εὐαγγέλιον
1610 4484 1711 4554 τῆς
1730 4485 1866 4537 Και-

287 4576 386 4645 νῆς
413 4575 634 4646 ᾐνίξατο
657 4574 950 4647 Διαθήκης,
966 4576 1024 4627 ὲν
1046 4575 1141 4645 ὅλη
1162 4577 1227 4645 τῇ
1256 4574 1547 4646 οἰκουμένῃ
1575 4572 1865 4645 κηρυχθέν.

289 4667 569 4736 Συντετμη
580 4666 738 4736 μένος
772 4666 882 4737 γὰρ
903 4662 971 4736 ἧν
994 4667 1022 4717 6
1052 4666 1208 4734 λόγος
1233 4665 1262 4716 6
1293 4662 1661 4732 εὐαγγελικὸς,
1691 4662 1768 4732 τῷ
1793 4663 1866 4733 μὴ

288 4756 562 4827 περιέχειν
598 4757 774 4810 πάντα
798 4757 864 4810 τὰ
895 4756 1046 4828 παρὰ
1064 4755 1143 4827 τῷ
1173 4756 1378 4826 Μωῦσῇ
1409 4753 1863 4825 παραγγέλματα.

289 4847 411 4900 Τῶν
435 4847 491 4900 δὲ
516 4847 891 4918 προκειμένων
926 4846 1104 4919 ῥητῶν
1139 4845 1410 4916 μέμνηται
1442 4846 1535 4897 καὶ
1560 4847 1589 4898 6
1622 4844 1869 4897 Ἀπόστοο

289 4938 401 5001 λος,
438 4936 626 4991 τοῦτον
659 4939 831 5007 λέγων
862 4939 952 4992 τὸν
974 4938 1175 5009 τρόπον
1195 4953 1208 4966 ·
1235 4958 1252 4988 ‹
1291 4937 1348 4990 Ὀ
1384 4937 1607 4999 Ἡσαΐας
1636 4936 1693 4988 δὲ
1716 4935 1865 5004 λέγει

292 5030 432 5101 ὑπὲρ
471 5029 563 5082 τοῦ
612 5030 855 5101 Ἰσραήλ·
912 5029 1037 5084 Ἐὰν
1142 5030 1171 5081 6
1199 5028 1434 5099 ἀριθμὸς
1470 5028 1576 5079 τῶν
1603 5025 1735 5080 υἱῶν
1770 5026 1866 5079 τοῦ

302 5120 517 5193 Ἰσραὴλ
554 5121 629 5184 ὡς
669 5124 701 5193 ἡ
748 5123 929 5193 ἄμμος
965 5121 1066 5191 τῆς
1110 5120 1406 5190 θαλάσσης,
1450 5118 1512 5171 τὸ
1555 5118 1867 5188 ὑπόλειμμα

294 5213 618 5282 σωθήσεται.
680 5212 853 5279 Λόγον
922 5212 1030 5282 γὰρ
1095 5210 1361 5265 συντελῶν
1412 5210 1506 5264 καὶ
1574 5210 1864 5279 συντέμνον

291 5307 509 5376 ποιησει
544 5304 748 5376 Κύριος
780 5286 871 5357 ἐπὶ
897 5306 995 5376 τῆς
1024 5306 1145 5376 γῆς.
1183 5324 1201 5355 ι

367 5418 384 5448 ι
434 5398 531 5451 Διὰ
566 5398 722 5450 τοῦτο
754 5398 878 5450 τάδε
912 5397 1058 5466 λέγει
1088 5396 1290 5467 Κύριος
1335 5394 1597 5449 Σαϐαὼθ·
1633 5394 1727 5465 Μὴ
1768 5411 1863 5462 φο-

292 5494 409 5557 ϐοῦ,
440 5494 470 5545 6
502 5491 630 5555 λαός
659 5508 780 5561 μου,
816 5492 864 5543 οἱ
900 5489 1281 5553 κατοικοῦντες
1319 5490 1376 5543 ὲν
1408 5488 1567 5553 Σιὼν,
1595 5487 1703 5541 ἀπὸ
1742 5487 1861 5539 Ἀσ-

294 5586 513 5657 συρίων,
532 5585 610 5636 ὅτι
638 5586 695 5636 ὲν
723 5582 901 5653 ῥάϐδῳ
947 5582 1174 5648 πατάξει
1194 5597 1274 5636 σε·
1305 5581 1517 5653 πληγὴν
1542 5580 1651 5651 γὰρ
1680 5580 1869 5647 ἐπάγω

362 5794 403 5824 ⁸⁸
444 5796 596 5849 Itoni.
633 5809 686 5849 ιχ
738 5794 827 5847 ΞἹ.

1970 3319 2033 3357 ex
2064 3300 2338 3371 Babylone
2372 3313 2546 3368 usque
2575 3298 2638 3352 ad
2678 3297 2920 3350 Romana
2974 3304 3214 3365 tempora
3266 3296 3544 3367 regiunem

1971 3394 2237 3459 incoluit,
2298 3393 2503 3447 indicat
2558 3390 2915 3462 propheticus
2962 3402 3146 3444 sermo
3191 3406 3204 3443 :
3248 3388 3303 3443 bi
3352 3389 3549 3459 quippe

1967 3490 2124 3536 erant
2145 3480 2290 3534 sicut
2323 3494 2487 3532 arena
2522 3480 2687 3533 maris
2712 3518 2726 3541 ,
2757 3492 2988 3546 quorum
3026 3477 3302 3531 residuum
3336 3487 3545 3532 tantum

1968 3570 2194 3624 salutem
2256 3578 2605 3625 consecutum
2658 3579 2763 3622 est.
2816 3567 2880 3620 lii
2916 3582 3078 3635 porro
3128 3581 3195 3621 ex
3241 3567 3349 3621 illis
3391 3577 3549 3621 erant

1968 3662 2058 3730 qui
2094 3648 2145 3715 in
2177 3661 2456 3715 Christum
2488 3660 2863 3724 crediderunt,
2928 3658 3181 3727 discipuli
3227 3657 3364 3727 ejus,
3418 3672 3546 3727 apo-

1971 3752 2095 3808 stoli
2138 3761 2192 3807 et
2227 3751 2597 3820 evangelistm.
2636 3749 2770 3803 Nam
2802 3765 2969 3804 arena
3002 3750 3170 3804 maris
3200 3751 3550 3807 multitudine

1968 3839 2186 3907 quidem
2226 3838 2662 3902 innumerabilis,
2696 3852 2879 3890 verum
2940 3839 3148 3893 inutilis
3182 3846 3267 3893 est
3298 3841 3367 3893 ad
3402 3843 3547 3911 agri-

1968 3929 2257 3985 culturam.
2286 3930 2420 3985 Cum
2464 3944 2594 3998 ergo
2623 3929 2851 3998 populus
2886 3929 3073 3992 Israel,
3108 3929 3304 3999 inquit,
3330 3932 3383 3985 in
3413 3933 3551 3986 mul-

1971 4023 2256 4078 titudinem
2301 4023 2649 4076 innumeram
2682 4019 2908 4075 diffusus
2952 4021 3135 4083 fuerit,
3173 4023 3246 4075 ita
3278 4032 3454 4077 tamen
3493 4033 3552 4077 ut

1969 4113 2172 4168 inutilis
2209 4114 2280 4167 sit
2311 4114 2376 4167 ad
2407 4112 2640 4167 fructum
2685 4115 2981 4168 secundum
3019 4114 3185 4166 Deum
3217 4111 3543 4177 ferendum;

1969 4216 2094 4260 tunc
2123 4204 2411 4259 multitudo
2436 4204 2651 4274 quidem
2679 4218 2868 4257 eorum
2902 4203 3125 4273 peribit,
3178 4217 3242 4258 ac
3276 4203 3406 4257 sola:
3432 4202 3551 4273 ejus

1970 4297 2209 4364 reliquiae
2235 4294 2463 4349 salutem
2500 4304 2925 4363 consequentur.

2038 4387 2202 4443 Vens.
2255 4388 2345 4443 2'5.
2406 4405 2425 4439 ι
2484 4386 2619 4454 Quia
2671 4388 2900 4441 verbum
2952 4386 3331 4443 abbreviatum
3387 4389 3550 4445 faciet

1975 4481 2232 4535 Dominus
2263 4482 2314 4536 in
2348 4482 2599 4535 universa
2646 4491 2810 4534 terra.
2844 4499 2861 4531 ι
2895 4480 3245 4551 Evangelium
3280 4479 3413 4536 Novi
3444 4482 3551 4537 Τε-

1974 4570 2226 4625 stamenti
2261 4569 2407 4625 clare
2452 4570 2764 4625 subindicat
2790 4610 2805 4635 ,
2840 4571 2982 4640 quod
3018 4573 3068 4623 in
3113 4571 3366 4625 universa
3404 4581 3548 4626 terra

1976 4665 2323 4733 praedicatum
2363 4673 2465 4719 est.
2502 4665 2889 4719 Abbreviatum
2924 4665 3120 4734 quippe
3164 4672 3283 4720 erat
3325 4664 3545 4718 verbum

1974 4754 2344 4823 evangelicum
2374 4794 2388 4818 ,
2438 4754 2581 4821 quod
2637 4754 2825 4835 omnia
2876 4752 3079 4825 Moysis
3128 4765 3397 4824 praecepta
3440 4768 3569 4807 nou'

1972 4845 2450 4914 complecteretur.
2486 4843 2612 4898 Haec
2643 4844 2786 4899 dicta
2839 4852 3233 4899 commemorat
3278 4844 3549 4912 apostolus

1973 4938 2057 4992 his
2100 4939 2280 4991 verbis
2310 4937 2377 5002 ⁶¹,
2416 4956 2435 4988 r
2470 4936 2670 4991 Iesains
2727 4946 2906 4991 autem
2952 4937 3083 4991 dicit
3135 4940 3201 4991 de
3246 4934 3408 4989 Israel
3446 4934 3546 4989 :Si

1971 5025 2135 5081 fuerit
2194 5041 2452 5081 numerus
2516 5027 2749 5080 filiorum
2812 5026 2979 5081 Israel
3040 5038 3294 5094 tanquam
3375 5038 3544 5078 arena

1974 5119 2179 5184 maris,
2231 5117 2472 5185 reliquiae
2523 5116 2685 5172 salvae
2741 5116 2894 5175 ﬁent.
2944 5115 3180 5172 Verbum
3219 5114 3365 5169 enim
3412 5129 3544 5167 con-

1972 5223 2270 5276 summatis,
2304 5218 2357 5263 et
2405 5210 2726 5263 abhrevians
2766 5209 3025 5263 Dominus
3057 5207 3218 5262 faciet
3252 5220 3413 5274 super
3444 5217 3548 5260 ter-

1973 5316 2108 5356 ram.
2148 5319 2166 5351 ι

2046 5390 2207 5447 Vsus.
2243 5392 2334 5445 24.
2378 5390 2714 5460 rPrOpterea
2779 5390 2891 5443 hanc
2941 5388 3072 5443 dicit
3134 5387 3393 5443 Dominus
3438 5389 3541 5444 Sa-

1972 5484 2155 5548 baoth,
2187 5483 2306 5538 Noli
2344 5483 2558 5549 timere,
2591 5483 2783 5553 popule
2830 5496 3003 5549 meus,
3031 5481 3123 5549 qui
3180 5480 3437 5536 habitatis
3487 5482 3541 5537 in

1976 5577 2129 5643 Sion,
2171 5577 2238 5633 ab
2270 5577 2531 5645 Assyriis,
2560 5577 2686 5645 quia
2735 5576 2788 5629 in
2825 5576 2971 5645 virga
3001 5574 3269 5646 percutiet
3297 5583 3390 5628 te:
3418 5573 3539 5646 pla-
