3968 6510
444 334 546 389 467

1111 326 1382 387 EUSEBII
1420 328 1897 386 CESARIENSIS
1934 328 2085 386 OPP.
2128 328 2306 385 PARS
2342 324 2429 383 ill.
2471 358 2538 367 —-
2581 324 2999 383 EXEHETICA.

3603 330 3706 387 i68

440 465 563 518 gain
594 450 741 503 enim
775 448 1027 502 inducam
1074 462 1235 516 super
1264 457 1337 509 te,
1366 458 1421 500 ut
1464 448 1649 501 videas
1677 446 1819 500 viam
1851 446 2012 516 Egy-

2125 445 2218 497 ἐπὶ
2253 445 2341 505 σέ,
2378 442 2473 496 τοῦ
2510 443 2642 496 ἰδεῖν
2678 440 2794 495 ὁδὸν
2829 440 3127 509 Αἰγύπτου.
3173 458 3192 489 ι
3235 437 3498 511 Παραιδεῖ
3527 442 3710 496 τοίνυν

440 540 539 609 pti.
567 559 585 591 ι
628 538 887 593 Hortatur
942 539 1126 607 itaque
1177 553 1242 592 ne
1299 538 1487 591 timeat
1531 538 1789 608 Assyrios
1835 554 1849 590 :
1898 551 2022 591 nam

440 638 728 681 venturum
776 627 993 696 quidem
1048 628 1125 679 ait
1164 641 1354 680 eorum
1394 640 1572 695 regem
1623 637 1679 679 et
1719 626 2023 680 Jerusalem

441 732 878 789 Oppugnaturutu
904 733 1047 782 esse,
1076 726 1132 771 ut
1163 717 1281 784 ejus
1314 716 1502 772 incolae
1544 716 1761 770 brevem
1808 717 2021 787 plag-nn

441 812 813 878 experiantur,
844 824 944 863 ceu
981 809 1129 877 virga
1174 806 1449 875 percussi;
1498 816 1552 859 at
1595 806 1743 860 illum
1793 822 1850 860 re
1888 805 2024 860 iule-

442 914 526 956 cta
559 901 852 972 fugientem
881 915 1226 954 reversurum
1255 913 1398 953 esse.
1437 898 1569 964 Qua:
1599 913 1731 953 sane
1754 897 2022 967 completa

441 1004 587 1057 sunt,
622 993 852 1048 Ezechia
885 991 996 1045 lilio
1044 991 1227 1045 Achaz
1273 990 1323 1044 in
1368 988 1663 1044 Jerusalem
1712 998 2012 1059 regnante:

442 1089 531 1156 qui
566 1092 648 1141 vir
684 1088 785 1140 luit
813 1102 918 1140 non
959 1085 1100 1151 patri
1137 1084 1367 1148 similis,
1401 1089 1495 1137 sed
1524 1084 1703 1149 justus
1744 1093 1800 1136 et
1842 1084 2022 1137 omni-

443 1180 599 1233 tnode
627 1178 935 1248 religiosus.
970 1177 1081 1231 Etsi
1120 1176 1303 1247 igitur,
1336 1190 1421 1229 me
1452 1176 1503 1229 itl
1536 1175 1901 1243 permittente,
1927 1192 2021 1230 rex

441 1286 632 1326 eorum
666 1272 717 1324 iu
758 1282 809 1325 te
860 1271 1162 1338 irrumpat,
1232 1276 1468 1321 attamen
1517 1268 1582 1322 ad
1626 1268 2022 1337 correptiout-m

443 1372 655 1417 tantum
690 1363 840 1431 virga
873 1364 1141 1430 percutiet
1173 1370 1247 1425 te,
1296 1374 1401 1413 non
1452 1374 1575 1412 cum
1621 1359 1815 1429 gladiis
1844 1370 1898 1412 et
1927 1359 2023 1412 ha-

442 1451 543 1505 stis
573 1451 770 1505 bellico
803 1466 952 1504 more
986 1450 1162 1503 victor
1217 1450 1389 1502 irruet
1442 1446 1494 1499 in
1551 1456 1622 1501 te.
1678 1446 1805 1501 llrcc
1860 1461 2023 1516 porro

440 1540 611 1610 virgis
647 1539 846 1593 inﬂicta
878 1539 972 1593 tibi
1012 1539 1161 1608 plaga
1200 1553 1307 1590 non
1349 1546 1547 1605 praeter
1582 1536 1849 1590 rationem
1885 1537 2019 1589 erit:

440 1648 664 1688 causam
689 1632 887 1701 quippe
910 1646 1009 1686 cur
1040 1631 1268 1701 Assyrio
1294 1645 1611 1685 concessum
1643 1630 1714 1682 sit
1748 1637 1805 1681 ιιι
1838 1630 2020 1681 mode-

432 1734 557 1778 rata
601 1735 652 1778 te
707 1724 861 1793 plaga
919 1721 1147 1787 alliciat,
1192 1738 1312 1776 non-
1349 1725 1565 1791 ignores
1609 1718 2018 1790 opertet:quia

2129 534 2205 607 μὴ
2248 533 2530 601 φοϐεῖσθαι
2577 532 2707 595 τοὺς
2745 532 3093 604 Ἀσσυρίους·
3128 529 3279 601 ἥξειν
3313 531 3412 602 μὲν
3454 531 3563 603 γὰρ
3613 534 3711 588 καὶ

2127 626 2575 698 ἐπιστρατεύσειν
2622 624 2765 678 κατὰ
2806 626 2907 695 τῆς
2948 612 3303 695 Ἰερουσαλήμ
3361 625 3451 677 τὸν
3503 625 3711 679 τούτων

2128 720 2373 792 βασιλέα,
2403 720 2539 791 πρὸς
2570 718 2631 771 τὸ
2671 717 2929 790 βραχείας
2964 716 3291 787 πειραθῆναι
3323 717 3538 787 πληγῆς
3580 719 3709 782 τοὺς

2125 810 2183 862 ἐν
2226 811 2363 881 αὑτῇ
2407 808 2828 872 κατοικοῦντας,
2878 807 3067 880 ὥσπερ
3117 807 3297 878 ῥάϐδῳ
3338 808 3666 879 παιομένους
3691 824 3705 836 ·

2125 903 2406 974 ἄπρακτον
2439 901 2495 954 δὲ
2530 902 2690 955 αὑτὸν
2726 901 3114 973 ὑποστρέψειν,
3165 904 3308 972 φυγῇ
3342 900 3705 971 χρησάμενον.

2139 994 2470 1067 Ἐπληροῦτο
2514 994 2570 1047 δὲ
2624 996 2715 1049 καὶ
2762 994 2934 1065 ταῦτα
2961 995 3053 1047 ἐπὶ
3091 993 3334 1058 Ἐζεκίου
3382 992 3500 1045 υίοῦ
3543 991 3711 1061 Ἀχὰζ

2128 1084 2501 1156 βασιλεύοντος
2536 1088 2593 1139 ἐν
2634 1068 3008 1157 Ἰερουσαλὴμ,
3048 1084 3240 1156 ἀνδρὸς
3289 1083 3612 1154 γενομένου,
3645 1082 3707 1134 οὑ

2128 1174 2272 1227 κατὰ
2321 1174 2411 1228 τὸν
2453 1174 2689 1246 πατέρα,
2729 1174 2936 1228 δικαίου
2977 1174 3033 1226 δέ
3066 1167 3260 1237 ἄλλως,
3288 1174 3383 1226 καὶ
3428 1168 3709 1239 θεοφιλοῦς

2125 1271 2268 1325 κατὰ
2303 1272 2478 1326 πάντα
2503 1272 2722 1343 τρόπον,
2760 1272 2822 1325 Ei
2849 1271 2941 1324 καὶ
2972 1271 3040 1323 τά
3076 1269 3311 1339 μάλιστα
3348 1264 3471 1331 οῦν,
3518 1266 3703 1338 φησὶν,

2126 1362 2260 1434 ἐμοῦ
2298 1363 2703 1433 ἐπιτρέποντος,
2741 1364 2834 1417 καὶ
2862 1365 2919 1416 ἐν
2956 1363 3037 1416 σοὶ
3059 1361 3407 1415 ἐπελεύσεται
3438 1360 3466 1411 6
3500 1358 3707 1412 τούτων

2128 1461 2403 1531 βασιλεὺς,
2428 1464 2577 1533 ὅμως
2602 1463 2659 1515 ἐν
2707 1463 2886 1535 ῥάϐδῳ
2917 1448 3311 1533 ἐπιστρεπτικῇ
3358 1459 3591 1525 πατάξει
3620 1475 3703 1522 σε,

2128 1554 2243 1609 ἀλλ’
2277 1556 2337 1608 οὑ
2371 1554 2600 1626 ξίφεσιν,
2628 1555 2747 1607 οὑδὲ
2772 1554 2961 1626 δόρασι
2983 1553 3220 1624 πολέμου
3250 1552 3400 1622 νόμῳ
3425 1552 3707 1622 κρατήσας

2126 1647 2537 1712 ἐπεξελεύσεται
2578 1665 2679 1703 σοι.
2723 1647 2831 1701 Καὶ
2870 1646 3007 1717 αῦτη
3043 1646 3099 1699 δέ
3135 1648 3167 1717 ή
3205 1645 3291 1698 διὰ
3323 1644 3518 1717 ῥάϐδου
3562 1642 3707 1696 κατὰ

2128 1737 2222 1790 σοῦ
2255 1736 2437 1807 πληγὴ
2469 1736 2569 1789 οὑκ
2597 1735 2750 1788 ἔσται
2782 1735 3123 1806 παράλογος⁸
3163 1734 3226 1787 τὸ
3255 1734 3363 1805 γὰρ
3399 1735 3571 1787 αἴτιον
3606 1732 3704 1785 τοῦ

439 1815 582 1868 enim
630 1814 729 1866 viae
766 1814 818 1867 in
849 1811 1145 1881 Egyptum
1183 1812 1360 1865 denuo
1390 1823 1440 1867 te
1474 1810 1817 1873 commisisti,
1850 1808 2012 1862 idolo-

2126 1798 2546 1900 συγχωρηθήναι
2604 1830 2693 1882 τὸν
2759 1798 3042 1900 Ἀσσύριον
3113 1798 3455 1899 πεπεισμένῃ
3520 1824 3703 1895 πληγῇ

432 1906 608 1958 iatria:
657 1905 857 1959 Achazi
917 1913 1159 1973 tempore
1204 1902 1452 1966 deditus;
1488 1904 1607 1958 ideo
1664 1916 1759 1955 vos
1810 1902 2018 1972 Assyrii

438 1996 600 2064 virga:
631 1994 850 2057 tradidi,
885 2003 941 2048 ut
990 1996 1058 2048 ad
1100 2010 1289 2048 sanam
1340 2003 1577 2047 utentem
1620 2003 1675 2047 et
1708 1997 2021 2047 conversio-

431 2100 558 2138 nem
591 2087 922 2140 reducerem.

508 2394 673 2449 Vens.
702 2395 791 2461 25,
826 2394 917 2449 ‘26.
961 2416 978 2447 ι
1005 2396 1196 2450 Adhuc
1225 2397 1369 2451 enim
1432 2395 1730 2465 paululum,
1756 2404 1807 2449 et
1832 2411 2017 2451 cessa-

435 2486 519 2542 bit
551 2488 629 2541 ira
661 2505 673 2539 :
704 2487 859 2541 furor
899 2498 1078 2541 autem
1117 2505 1268 2542 meus
1296 2502 1457 2557 super
1487 2487 1771 2541 consiliqu
1806 2503 2012 2542 eormn.

433 2577 502 2635 Et
552 2581 835 2634 suscitabit
890 2581 1030 2634 Deus
1088 2597 1250 2649 super
1299 2596 1394 2635 eos
1449 2582 1746 2635 secundum
1802 2580 2015 2650 plagam

434 2675 668 2730 Madiam
709 2678 760 2730 in
788 2676 905 2730 loco
942 2676 1303 2731 tribulationis
1334 2695 1346 2728 :
1375 2686 1428 2731 et
1462 2675 1613 2730 furor
1640 2675 1757 2746 ejus
1783 2676 1836 2730 in
1872 2677 2015 2731 viam

432 2769 499 2822 ad
540 2782 711 2832 mare,
746 2770 797 2822 in
838 2769 979 2821 viam
1032 2767 1270 2839 Egypti.
1305 2786 1323 2819 ι
1363 2767 1419 2822 Si
1455 2768 1674 2836 quidem
1708 2768 1861 2821 vobis
1891 2783 2013 2822 cum

436 2874 564 2928 rege
599 2869 780 2914 vestro
808 2858 1037 2913 Ezechia
1071 2860 1136 2912 ad
1178 2858 1455 2912 meliorem
1490 2856 1703 2927 frugem
1738 2867 2017 2912 reverten-

440 2951 607 3015 tibus,
636 2966 700 3005 ac
734 2949 899 3003 Deum
932 2949 1373 3018 agnoscentibus,
1401 2948 1699 3017 indignatio
1739 2961 1855 3001 mea
1884 2963 2016 3003 con-

436 3053 518 3095 tra
555 3057 653 3096 vos
688 3055 917 3094 accensa
967 3037 1241 3093 cessabit:
1272 3054 1355 3092 me
1385 3048 1564 3091 autem
1606 3047 1803 3091 vestrae
1850 3039 2012 3093 saluti

438 3132 836 3201 patrocinante,
876 3131 1133 3200 Assyrius
1172 3129 1403 3197 turpiter
1433 3143 1531 3198 per
1562 3137 1799 3183 vestram
1834 3132 2011 3201 regio-
2042 3165 2086 3226 ο

435 3239 582 3287 netu,
611 3236 817 3291 perque
859 3233 1070 3275 vestras
1115 3221 1277 3275 urbes
1310 3221 1500 3289 l'ugiet,
1540 3237 1570 3274 a
1598 3220 1721 3276 loco
1755 3223 1806 3275 in
1836 3221 2013 3277 locum

429 3328 554 3369 sese
585 3314 709 3383 fuga
746 3314 1073 3368 subducens.

504 3430 670 3484 Vens.
699 3427 1004 3482 27-55.tEt
1037 3429 1142 3482 erit
1166 3428 1217 3480 in
1251 3429 1336 3482 die
1370 3428 1457 3482 illa
1489 3429 1801 3486 :aukretur
1823 3429 2012 3501 juguzn

425 3528 547 3595 ejus
573 3527 642 3580 ab
682 3528 908 3579 innuero
934 3534 1045 3588 tuo,
1072 3534 1127 3578 et
1162 3524 1323 3578 timor
1353 3524 1470 3595 ejus
1494 3541 1657 3595 super
1694 3535 1765 3592 te,
1802 3536 1855 3578 et
1891 3540 2016 3578 cur-

428 3630 715 3688 ruinpetur
754 3617 940 3687 jugum
991 3615 1059 3669 ab
1100 3617 1346 3671 humeris
1392 3618 1611 3672 vestris.
1645 3616 1839 3672 Veniet
1866 3618 2013 3671 enim

432 3712 487 3766 in
525 3712 797 3766 civitatein
829 3710 1019 3780 Auga’,
1073 3718 1127 3764 et
1162 3709 1419 3763 transibit
1460 3712 1513 3763 in
1564 3710 1846 3781 Maggedo,
1877 3710 2011 3764 etin

428 3803 711 3859 Machtuas
748 3810 910 3871 ponet
953 3816 1079 3854 vasa
1128 3815 1246 3855 sua.
1291 3799 1357 3853 Et
1410 3802 1662 3855 transibit
1708 3803 1925 3866 vallem,
1958 3811 2015 3855 et

426 3896 610 3950 veniet
659 3896 711 3947 in
762 3896 946 3964 Augie.
981 3892 1171 3947 Timor
1202 3893 1577 3962 apprehendet
1605 3893 1771 3946 liama
1811 3894 2012 3947 civita-

428 3996 537 4043 tem
582 3985 735 4040 Saul.
784 3986 978 4056 Fugiet
1024 3986 1136 4040 tilia
1181 3984 1403 4052 Gallim,
1435 3985 1687 4039 audietur
1713 3985 1763 4038 iu
1800 3984 2009 4041 Laisa:

427 4081 681 4135 audietur
717 4080 768 4133 iu
816 4078 1117 4132 Anathoth.
1167 4076 1234 4131 Et
1267 4076 1547 4146 obstupuit
1587 4074 1909 4141 Madcbena,
1956 4086 2011 4130 et

424 4171 765 4228 habitatores
794 4170 1005 4225 Cibbir.
1042 4168 1410 4224 Consolamini
1435 4169 1597 4224 hodie
1620 4169 1671 4223 iit
1700 4169 1784 4224 via
1810 4180 1866 4223 ut
1897 4187 2013 4223 ma-

427 4278 573 4322 neat.
617 4265 985 4321 Cousolamini
1035 4280 1196 4319 manu
1243 4276 1504 4329 montem,
1542 4265 1708 4318 tiliam
1759 4263 1913 4329 Si0u,
1948 4274 2005 4318 et

425 4358 595 4413 colles
635 4360 689 4412 in
737 4356 1060 4413 Jerusalem.
1100 4357 1239 4411 Ecce
1284 4355 1596 4411 dominator
1629 4357 1889 4411 Dominus
1911 4354 2006 4410 Sa-

424 4447 593 4503 bamb
648 4448 1000 4502 conturbabit
1053 4447 1318 4516 gloriosos
1370 4462 1493 4500 cum
1548 4446 1893 4510 fortitudine,
1953 4458 2010 4501 et

2122 1918 2431 1988 χρήσασθαι
2469 1916 2611 1971 κατὰ
2638 1916 2731 1970 σοῦ
2762 1918 2838 1989 μὴ
2868 1918 3053 1986 ἀγνόει
3074 1934 3087 1947 ο
3133 1916 3321 1988 ἐπειδὴ
3356 1914 3464 1987 γὰρ
3496 1916 3561 1986 τῇ
3597 1914 3706 1985 6δῴ

2120 2010 2395 2079 Αἰγύπτου
2430 2011 2590 2065 πάλιν
2636 2011 2861 2064 σεαυτὸν
2907 2011 3235 2074 ἐκδέδωκας,
3290 2007 3706 2080 είδωλολατρείᾳ

2121 2101 2513 2174 προσεσχηκὼς
2539 2102 2679 2156 κατὰ
2699 2104 2825 2167 τοὺς
2861 2102 3089 2175 χρόνους
3124 2101 3309 2171 Ἀχὰζ,
3331 2099 3519 2154 τούτου
3543 2100 3705 2171 χάριν

2120 2195 2266 2265 ὑμᾶς
2295 2198 2359 2265 τῇ
2390 2194 2571 2266 ῥάϐδῳ
2602 2192 2697 2246 τοῦ
2741 2192 3025 2265 Ἀσσυρίου
3070 2190 3430 2262 παραδέδωκα
3469 2191 3549 2253 είς
3595 2207 3702 2244 σω-

2122 2285 2418 2356 φρονισμὸν
2450 2286 2543 2338 καὶ
2563 2284 2919 2354 ἐπιστροφήν.

2195 2397 2215 2429 ι
2256 2379 2377 2431 Ἔτι
2410 2377 2518 2449 γάρ
2547 2377 2742 2448 μικρὸν
2774 2379 2869 2430 καὶ
2892 2376 3162 2430 παύσεται
3193 2377 3225 2446 ἡ
3256 2374 3393 2446 όργή
3413 2389 3429 2406 ·
3464 2373 3569 2427 όδὲ
3606 2372 3707 2427 θυ-

2122 2472 2219 2542 μός
2256 2488 2357 2541 μου
2393 2471 2486 2523 ἐπὶ
2515 2470 2613 2542 τὴν
2661 2468 2853 2541 βουλὴν
2882 2468 3083 2523 αὑτῶν.
3132 2470 3242 2523 Καὶ
3276 2471 3459 2540 ἐγερεῖ
3496 2472 3525 2522 6
3571 2466 3707 2530 Θεὸς

2118 2566 2204 2616 ἐπ’
2221 2563 2418 2627 αὑτοὺς
2433 2562 2572 2616 κατὰ
2587 2561 2684 2634 τὴν
2715 2560 2929 2632 πληγὴν
2952 2560 3178 2631 Μαδιάμ
3197 2562 3253 2613 ἐν
3275 2561 3428 2631 τόπῳ
3450 2559 3701 2630 θλίψεως·

2118 2654 2213 2707 καὶ
2244 2656 2273 2707 6
2307 2653 2475 2725 θυμὸς
2498 2652 2664 2706 αὑτοῦ
2698 2654 2764 2722 τῇ
2795 2650 2898 2721 ὁδῷ
2925 2655 2991 2723 τῇ
3018 2651 3162 2705 κατὰ
3186 2652 3485 2719 Θάλασσαν,
3511 2654 3589 2715 είς
3606 2650 3705 2722 τὴν

2116 2746 2234 2799 ὁδὸν
2283 2746 2383 2817 τὴν
2432 2748 2557 2800 κατ’
2582 2747 2880 2816 Αἴγυπτον.
2919 2767 2937 2799 ι
2992 2745 3425 2801 Μεταϐαὶόντων
3456 2743 3556 2814 μὲν
3586 2742 3699 2814 γὰρ

2118 2837 2273 2908 ὑμῶν
2307 2840 2399 2892 ἐπὶ
2427 2837 2496 2891 τὰ
2524 2840 2779 2910 κρείττω,
2828 2840 2922 2892 καὶ
2975 2839 3067 2893 τὸν
3110 2838 3245 2892 Θεὸν
3289 2834 3702 2905 ἐπεγνωκότων,

2119 2928 2233 3000 ἅμα
2258 2929 2336 3000 τῷ
2353 2930 2605 3002 ὑμετέρῳ
2630 2930 2840 3001 βασιλεῖ
2880 2930 3117 3002 Ἐζεκίᾳ,
3142 2932 3236 2983 καὶ
3267 2932 3299 3001 ή
3330 2930 3705 3000 ἀγανάκτησίς

2121 3041 2222 3094 μου
2258 3026 2290 3094 ἡ
2336 3024 2457 3077 καθ’
2491 3024 2644 3095 ὑμῶν
2685 3024 2983 3079 παύσεται’
3019 3024 3153 3095 ἐμοῦ
3194 3024 3252 3077 δὲ
3288 3024 3389 3094 τῆς
3431 3023 3704 3095 ὑμετέρας

2120 3116 2393 3187 σωτηρίας
2457 3114 2958 3186 ὑπερασπίζοντος,
3020 3112 3275 3182 φεύξεται
3330 3114 3359 3166 6
3420 3110 3706 3183 Ἀσσύριος

2118 3206 2464 3277 ἀσχημόνως,
2512 3206 2600 3259 διὰ
2636 3206 2738 3276 τῆς
2776 3205 3049 3276 ὑμετέρας
3082 3203 3266 3274 χώρας
3312 3202 3406 3257 καὶ
3458 3201 3547 3255 διὰ
3595 3200 3706 3257 τῶν

2119 3299 2400 3370 ὑμετέρων
2425 3297 2632 3351 πόλεων
2657 3298 2820 3351 τόπον
2852 3300 2915 3351 ὲκ
2937 3286 3115 3350 τόπου
3134 3296 3527 3368 διαδιδράσκων

2194 3447 2212 3479 ι
2252 3429 2361 3481 Καὶ
2398 3428 2547 3481 ἔσται
2588 3429 2648 3481 ὲν
2692 3431 2757 3500 τῇ
2794 3428 2981 3500 ἡμέρα
3034 3428 3241 3500 ἐκείνῃ,
3272 3426 3703 3498 ἀφαιρεθήσεται

2119 3520 2327 3588 ὁζυγὸς
2358 3519 2523 3574 αὑτοῦ
2558 3518 2665 3574 ἀπὸ
2694 3522 2787 3573 τοῦ
2828 3519 2977 3591 ὥμου
3014 3538 3130 3584 σου,
3163 3520 3256 3574 καὶ
3285 3520 3499 3588 όφόϐος
3538 3517 3703 3572 αὑτοῦ

2116 3611 2208 3663 ἐπὶ
2234 3610 2350 3674 σοῦ,
2386 3612 2479 3663 καὶ
2513 3610 2993 3683 καταφθαρήσεται
3017 3612 3045 3663 6
3073 3610 3237 3679 ζυγὸς
3267 3611 3375 3664 ἀπὸ
3406 3610 3515 3663 τῶν
3536 3609 3703 3679 ὤμων

2118 3704 2291 3773 ὑμῶν.
2324 3701 2479 3767 ’Ἥξει
2512 3704 2621 3776 γὰρ
2647 3705 2727 3767 είς
2748 3703 2847 3775 τήν
2875 3703 3029 3756 πόλιν
3071 3703 3284 3772 Ἀγγαὶ,
3321 3703 3414 3756 καὶ
3440 3701 3704 3773 παρελεύ-

2120 3812 2273 3848 σεται
2300 3796 2379 3858 είς
2416 3793 2708 3863 Μαγγεδὼ,
2742 3795 2836 3847 καὶ
2866 3796 2923 3848 ἐν
2950 3794 3192 3867 Μαχμὰς
3237 3793 3391 3865 θήσει
3419 3793 3486 3847 τὰ
3531 3793 3701 3865 σκεύη

2116 3887 2302 3943 αὑτοῦ.
2364 3887 2474 3940 Καὶ
2510 3887 2906 3958 παρελεύσεται
2946 3888 3240 3959 φάραγγα,
3299 3886 3392 3939 καὶ
3437 3886 3557 3956 ἥξει
3622 3888 3703 3949 είς

2128 3976 2341 4045 Ἀγγαί.
2364 3976 2530 4040 Φόϐος
2560 3976 2792 4047 λήψεται
2838 3976 3018 4048 Ῥαμὰ
3042 3976 3198 4030 πόλιν
3218 3975 3410 4029 Σαούλ.
3440 3976 3701 4041 Φεύξεται

2115 4067 2362 4141 θυγάτηρ
2394 4067 2666 4137 Γαλλείμο
2703 4067 3071 4122 ἐπακούσεται
3120 4069 3178 4122 ἐν
3222 4068 3421 4134 Λαῖσὰ,
3455 4067 3699 4121 ἐπακού-

2116 4185 2266 4221 σεται
2300 4169 2356 4219 ἐν
2385 4166 2645 4222 Ἀναθὼθ.
2678 4167 2787 4221 Καὶ
2808 4166 2999 4238 ἐξέστη
3030 4166 3343 4238 Μαδεϐηνὰ,
3367 4169 3462 4221 καὶ⁹
3493 4170 3541 4221 οί
3565 4185 3699 4233 κατ-

2112 4258 2389 4323 οικοῦντες
2431 4257 2673 4331 Γιϐϐείρ.
2706 4258 3079 4330 Παρακαλεῖτε
3117 4260 3354 4331 σήμερον
3384 4261 3440 4313 ἐν
3469 4258 3575 4330 ὀδῷ
3604 4259 3697 4312 τοῦ

2115 4354 2315 4421 μεῖναι.
2359 4350 2739 4422 Παρακαλεῖτε
2772 4354 2838 4423 τῇ
2869 4351 3014 4422 χειρὶ
3044 4352 3104 4405 τὸ
3136 4352 3261 4424 ὅρος
3284 4352 3381 4424 τὴν
3421 4353 3701 4425 θυγατέρα

2112 4441 2269 4504 Σιὼν,
2306 4442 2401 4495 καὶ
2430 4443 2481 4495 οἱ
2514 4442 2693 4512 βουνοί
2722 4444 2770 4496 οί
2797 4445 2853 4495 ἐν
2883 4443 3254 4515 Ἰερουσαλήμ.
3291 4444 3421 4497 Ἰδοὺ
3452 4446 3481 4497 6
3507 4444 3700 4499 δεσπό-

426 4536 631 4593 exceLi
674 4536 868 4603 injuria
896 4544 1272 4601 conterentur,
1303 4545 1358 4589 et
1390 4534 1840 4589 humilialnmtur.
1868 4554 1885 4585 ι
1924 4535 2004 4588 Tu

2121 4550 2207 4603 της
2229 4532 2431 4605 Κύριος
2467 4532 2691 4587 Σαϐαὼθ
2723 4534 3082 4605 συνταράσσει
3108 4537 3235 4599 τοὺς
3264 4536 3507 4600 ἐνδόξους
3559 4537 3697 4608 μετά

429 4629 649 4698 quippe,
681 4627 757 4679 ait
797 4627 887 4680 ille
927 4628 1183 4697 populum
1230 4642 1390 4679 suum
1443 4626 1747 4695 alloquens,
1786 4626 1923 4681 liber
1948 4638 2004 4680 et

427 4718 573 4773 onmi
616 4726 761 4769 metu
812 4730 1011 4770 vacuus
1046 4719 1194 4770 eris:
1230 4715 1325 4784 qui
1379 4731 1507 4771 vero
1545 4714 1810 4785 fugiebat,
1856 4717 2005 4786 prius

426 4810 602 4866 veniet
635 4808 690 4863 in
736 4808 1013 4863 civitatem
1058 4808 1255 4880 Angre;
1305 4808 1431 4861 inde
1460 4822 1590 4861 vero
1622 4808 1787 4863 alium
1837 4810 1890 4862 in
1933 4808 2005 4862 lo-

422 4918 548 4961 cum
597 4900 1011 4971 commigrauit;
1064 4900 1245 4968 ibique
1315 4898 1691 4972 defatigatus,
1752 4901 2003 4956 sarcinas

425 5003 589 5065 ponet
617 5007 745 5049 suas
776 5009 791 5046 :
825 4992 1020 5047 deinde
1054 4992 1220 5047 istinc
1261 4992 1367 5044 alio
1420 4992 1695 5058 transibit,
1733 4993 1874 5045 unde
1909 5007 2003 5046 ve-

425 5089 538 5143 niet
569 5087 622 5143 in
653 5085 841 5142 urbem
867 5100 1028 5155 quam
1068 5094 1268 5139 vocant
1300 5083 1481 5138 Saulis
1513 5102 1526 5138 :
1558 5095 1739 5154 postea
1772 5099 1905 5137 vero
1947 5086 1997 5138 iu

428 5182 593 5235 alium
622 5181 797 5237 locum
830 5199 845 5238 :
874 5192 1039 5253 atque
1070 5183 1149 5238 sic
1178 5183 1408 5252 turpiter
1430 5182 1496 5237 de
1528 5181 1707 5235 medio
1746 5179 1999 5243 tolletur;

427 5285 523 5324 vos
551 5282 729 5326 autem
755 5270 1193 5336 consulabimini,
1214 5281 1264 5325 et
1287 5270 1537 5325 solatium
1560 5270 1862 5340 accipietis,
1896 5285 1999 5323 non

424 5363 655 5432 amplius
700 5365 1045 5435 Assyriorum
1090 5364 1223 5434 jugo
1253 5363 1473 5418 subditi.
1506 5361 1579 5417 Ut
1625 5364 1770 5417 enim
1821 5363 1889 5417 ab
1918 5362 2001 5415 in-

421 5464 653 5525 gruente
686 5455 881 5524 illaque
925 5455 1076 5511 brevi
1113 5456 1464 5525 correptione
1506 5470 1612 5508 non
1648 5453 1877 5524 fugiant,
1904 5454 1996 5507 sed

423 5557 800 5616 permaneant,
854 5565 872 5598 t
898 5545 1289 5613 Consolamini,
1319 5566 1338 5600 ι
1381 5548 1479 5614 ait,
1532 5565 1549 5598 ι
1584 5546 1749 5600 tiliam
1784 5545 1941 5615 Sion,
1976 5563 1994 5596 ι

422 5638 673 5691 videlicet
709 5639 1040 5693 habitatores
1071 5638 1399 5697 Jerusalem.

2115 4624 2323 4694 ίσχύος·
2366 4626 2461 4678 καὶ
2494 4627 2542 4678 οἱ
2571 4625 2765 4696 ὑψηλοὶ
2795 4629 2859 4697 τῇ
2890 4626 3048 4698 ῦϐρει
3095 4628 3563 4699 συντριϐήσονται,
3602 4629 3696 4682 καὶ

2111 4717 2630 4788 ταπεινωθήσονται.
2664 4737 2681 4767 ι
2712 4720 2783 4771 Σὺ
2820 4719 2919 4789 μὲν
2945 4715 3059 4783 οὖν,
3101 4719 3265 4791 φησὶν
3290 4720 3426 4791 πρὸς
3456 4719 3547 4773 τὸν
3568 4718 3696 4773 λαὺν

2110 4808 2298 4871 αὑτοῦ,
2339 4808 2439 4881 ἔσῃ
2470 4808 2757 4881 ἐλεύθερος
2788 4811 2880 4864 καὶ
2909 4811 3107 4874 παντὸς
3136 4810 3555 4882 ἀπηλλαγμένος
3601 4812 3697 4881 φό-

2109 4901 2239 4953 ϐου’
2274 4903 2302 4953 ὁ
2336 4901 2393 4954 δὲ
2433 4902 2673 4971 φεύγων,
2710 4902 2974 4974 πρότερον
3012 4902 3112 4974 μὲν
3141 4902 3263 4972 ἥξει
3298 4905 3377 4966 είς
3408 4904 3509 4974 τὴν
3541 4903 3694 4956 πόλιν

2121 4990 2313 5059 Ἀγγαί
2333 5008 2345 5021 ’
2387 4988 2506 5046 εἶτα
2537 4992 2746 5045 ἐκεῖθεν
2770 4992 3164 5064 παρελεύσεται
3186 4995 3266 5056 είς
3294 4995 3479 5065 ἕτερον
3506 4993 3691 5058 τόπον,

2109 5086 2203 5138 καὶ
2224 5084 2529 5155 ἁποκαμὼν
2577 5086 2811 5139 ἐνταῦθα
2844 5086 2911 5139 τὰ
2938 5085 3106 5156 σκεύη
3126 5084 3292 5139 αὑτοῦ
3324 5086 3655 5156 ἀποθήσεται
3673 5102 3687 5115 ·

2108 5176 2297 5229 ἔπειτα
2330 5177 2646 5247 διαϐήσεται
2702 5177 2951 5231 ἐντεῦθεν
2995 5176 3259 5247 ἀλλαχοῦ⁶
3311 5177 3564 5231 κάκεῖθεν
3611 5182 3692 5241 είς

2107 5270 2207 5340 τὴν
2252 5270 2589 5340 καλουμένην
2649 5271 2803 5323 πόλιν
2847 5270 3048 5323 Σαούλ·
3087 5266 3205 5324 εἶτα
3248 5274 3327 5334 είς
3382 5272 3566 5343 ἕτερον
3601 5272 3691 5324 τό-

2110 5379 2242 5415 πον’
2300 5364 2393 5415 καὶ
2452 5361 2626 5425 οὕτως
2681 5360 3033 5434 ἀσχημονῶν,
3094 5364 3309 5433 ἀφανής
3364 5363 3689 5434 γενήσεταν

2107 5454 2263 5524 ὑμεῖς
2287 5454 2343 5508 δὲ
2366 5453 2916 5527 παρακαληθήσεσθε,
2935 5456 3029 5509 καὶ
3047 5455 3397 5527 παραμυθίας
3412 5455 3689 5521 τεύξεσθε.

2109 5548 2305 5619 μηκέτι
2348 5549 2697 5619 ὑποκείμενοι
2834 5546 2982 5619 ζυγῷ
3014 5548 3120 5601 τῶν
3160 5548 3481 5618 Ἀσσυρίων.
3520 5547 3690 5619 ’Υπὲρ

2106 5639 2212 5711 γάρ
2240 5640 2335 5693 τοῦ
2371 5642 2444 5713 μὴ
2481 5640 2704 5711 φεύγειν
2739 5642 2832 5695 καὶ
2866 5644 3154 5715 καρτερεῖν
3185 5641 3285 5712 τὴν
3322 5640 3459 5712 πρὸς
3507 5638 3690 5707 ὀλίγον

420 5728 852 5800 ἐπελευσομένην
904 5730 1170 5796 παιδείαν,
1221 5750 1239 5781 t
1293 5728 1701 5800 [Ιαρακαλεῖτε,
1752 5746 1771 5778 ι
1822 5728 1988 5799 φησὶ,
2038 5744 2057 5779 t
2092 5728 2193 5799 τὴν
2228 5730 2499 5801 θυγατέρα
2564 5732 2723 5797 Σιὼν,
2756 5752 2774 5785 ι
2843 5733 3043 5805 δηλαδὴ
3075 5732 3201 5795 τοὺς
3240 5730 3582 5797 ἐνοικοῦντας
3621 5733 3687 5803 τῇ

450 5818 804 5892 Ιερουσαλήμ.
