3968 6518
206 400 314 455 169

201 624 295 671 νος
320 610 421 662 σὺν
460 610 564 672 τοῖς
603 608 825 681 ὑψηλοῖς
867 614 1133 666 πεσεῖται.
1172 633 1189 663 ι
1225 614 1365 687 Ὅρα
1398 614 1454 667 δέ
1487 631 1605 685 μοι,
1637 614 1795 677 ὅσους

202 698 299 751 καὶ
330 697 527 762 ὁσάκις
569 699 807 770 ὑψηλοὺς
834 700 1115 772 ὠνόμασεν
1137 718 1151 732 ·
1185 696 1258 755 ὧν
1306 703 1363 756 τὸ
1404 702 1659 774 σύστημα
1715 702 1795 773 τῷ

201 789 453 859 Λιϐάνῳ,
492 792 585 843 καὶ
616 792 737 856 ταῖς
769 793 825 846 ὲν
851 792 1001 863 αύτῷ
1027 792 1389 863 ὐψηλοτάταις
1414 795 1629 865 κέδροις
1687 794 1794 863 ἀερ-

199 886 404 953 ομοιοῖ.
427 883 518 936 Διὸ
548 884 760 955 εἴρηται
782 884 1045 955 ἀλλαχοῦ·
1085 904 1103 936 ι
1138 882 1289 939 Εἶδον
1308 886 1398 939 τὸν
1426 887 1597 958 ἀσεϐῆ
1628 886 1799 957 ύπερ-

202 975 516 1045 υψούμενον
593 976 687 1030 καὶ
758 978 1115 1048 ἐπαιρόμενον
1153 978 1229 1043 ώς
1281 978 1382 1042 τὰς
1440 978 1661 1048 κέδρους
1702 977 1795 1033 τοῦ

200 1067 485 1121 Λιϐάνου·
539 1086 557 1119 ι
594 1068 688 1122 καὶ
739 1068 797 1120 ὲν
844 1069 1014 1140 ἑτέρῳ
1063 1070 1259 1123 πάλιν·
1304 1090 1322 1122 ι
1378 1070 1531 1140 Φωνὴ
1587 1070 1796 1143 Κυρίου

202 1158 595 1229 συντρίϐοντος
648 1158 894 1230 κέδρους,
949 1161 1045 1213 καὶ
1099 1159 1373 1229 συντρίϐει
1422 1159 1628 1231 Κύριος
1698 1160 1798 1224 τὰς

200 1250 437 1321 κέδρους
487 1249 581 1302 τοῦ
625 1250 889 1305 Λιϐάνου·
943 1253 1038 1306 καὶ
1068 1253 1320 1306 λεπτυνεῖ
1363 1252 1533 1317 αὑτὰς
1576 1252 1653 1317 ώς
1704 1252 1797 1306 τὸν

204 1343 416 1414 μόσχον
444 1340 538 1395 τὸν
565 1340 811 1396 Λίϐανον.
856 1363 873 1394 ι

738 1436 1136 1489 ΚΕΦΑΛΑΙΟΝ
1175 1437 1277 1489 [A‘.

284 1546 305 1577 ι
346 1526 466 1580 Καὶ
518 1526 857 1593 ἐξελεύσεται
902 1528 1095 1598 ῥάϐδος
1125 1528 1189 1580 ὲκ
1232 1529 1331 1599 τῆς
1364 1527 1521 1599 ῥίζης
1565 1526 1791 1591 Ἰεσσαὶ,

206 1618 303 1672 καὶ
360 1617 528 1681 ἄνθος
589 1618 653 1671 ἐκ
703 1618 801 1687 τῆς
852 1616 1010 1689 ῥίζης
1061 1617 1410 1689 ἀναϐήσεται.
1460 1638 1478 1670 ι
1526 1617 1650 1681 Πῶς
1686 1619 1795 1672 τῶν

206 1708 634 1781 προειρημένων
672 1708 926 1761 ἁπάντων
959 1708 1112 1762 ἔσται
1150 1708 1409 1779 συντριϐὴ
1442 1707 1537 1761 καὶ
1566 1709 1792 1773 πτῶσις,

207 1801 550 1871 παρίστησιν
595 1800 753 1870 ἑξῆς,
800 1802 864 1852 ὲκ
912 1799 1068 1871 ῥίζης
1124 1801 1321 1855 Ἰεσσαὶ
1370 1800 1793 1872 προελεύσεσθαι

211 1892 411 1945 ὸάϐδον
440 1890 716 1956 θεσπίζων
736 1909 747 1921 ·
782 1892 904 1961 ῆτις
929 1891 1142 1961 ῥάϐδος,
1173 1891 1381 1956 πάντας
1404 1893 1528 1956 τοῦς
1563 1891 1799 1962 ὑψηλοὺς

210 1982 575 2053 συντρίψασα,
640 1980 991 2035 ταπεινώσει.
1042 1982 1133 2035 Διὸ
1172 1980 1587 2052 ’ἐπισυνῆπταιο
1630 2001 1646 2033 ι
1690 1982 1799 2035 Καὶ

209 2072 561 2140 ἐξελεύσεται
600 2073 797 2147 ῥάϐδος
822 2074 887 2126 ἐκ
919 2073 1017 2143 τῆς
1058 2073 1215 2145 ῥίζης
1255 2074 1472 2127 Ἰεσσαί.
1509 2093 1526 2126 ι
1576 2074 1721 2128 Ἀντὶ
1741 2074 1799 2128 δὲ

208 2165 324 2228 τοῦ,
369 2185 391 2217 ι
430 2168 498 2219 ἐκ
528 2164 627 2236 τῆς
656 2165 833 2237 ῥίζης,
866 2185 884 2217 ι
915 2193 981 2203 —
1015 2184 1033 2215 ι
1073 2166 1182 2218 ἀπὸ
1207 2165 1413 2239 κορμοῦ
1436 2186 1453 2218 ι
1494 2166 1799 2239 συμφώνως

208 2258 572 2327 ἡρμήνευσαν
618 2258 665 2309 οἱ
698 2255 892 2308 λοιποί.
941 2255 1051 2308 Καὶ
1095 2255 1205 2327 γὰρ
1252 2255 1387 2327 ἦνή
1436 2256 1579 2328 φυλὴ
1631 2257 1727 2310 καὶ
1766 2258 1799 2330 ἡ

211 2346 424 2415 πατριά
455 2342 605 2417 ἑξῆς
629 2345 896 2418 προῆλθεν
922 2348 949 2399 ὁ
981 2346 1190 2417 Σωτὴρ,
1226 2346 1411 2416 ὥσπερ
1444 2363 1529 2411 τις
1561 2348 1798 2419 κορμὸς,

212 2440 417 2513 μηκέτι
461 2441 691 2504 κλάδους
732 2440 892 2511 ἒχων,
931 2440 1017 2494 διὰ
1060 2441 1119 2493 τὸ
1152 2440 1522 2496 ἐκλελοιπέναι
1558 2442 1686 2506 τοὺς
1736 2443 1800 2495 ἐκ

208 2533 470 2603 διαδοχῆς
525 2533 689 2587 Δαυῒδ
722 2534 975 2604 βασιλέας
1027 2534 1160 2605 μετά
1211 2535 1310 2606 τὴν
1365 2536 1445 2599 είς
1493 2533 1790 2588 Βαϐυλῶνα

210 2624 626 2695 αἰχμαλωσίαν·
673 2625 753 2678 διό
803 2643 889 2696 μοι
946 2625 1091 2679 δοκεί
1122 2626 1326 2697 κορμὸς
1371 2625 1685 2696 ὠνομάσθαι
1740 2625 1802 2678 τὸ

438 2718 449 2732 ρ
652 2716 664 2732 .
842 2717 865 2728 ..
994 2716 1017 2734 ι
1126 2710 1154 2735 ,ρ
1338 2717 1349 2735 ,
1431 2714 1457 2733 τ
1583 2718 1596 2737 ,

210 2718 353 2771 κατὰ
389 2734 571 2787 σάρκα
603 2735 759 2786 γενος
774 2736 867 2771 του
886 2718 1070 2780 Δαυιδ,
1098 2735 1157 2770 ου
1176 2720 1204 2770 ὁ
1222 2735 1403 2789 πατηρ
1429 2735 1495 2788 ην
1522 2720 1551 2771 ὁ
1600 2716 1801 2770 Ιεσσαί.

211 2810 317 2863 Τὸν
369 2810 565 2880 χρόνον
607 2810 786 2864 τοίνυν
843 2809 963 2863 καθ’
995 2809 1055 2863 ὃν
1102 2810 1168 2864 τά
1220 2808 1597 2882 προειρημένα
1626 2808 1800 2873 ἔσται,

210 2900 505 2970 παριστὰς,
562 2903 817 2955 συνάπτει
851 2902 946 2971 τὴν
975 2903 1053 2965 είς
1081 2900 1400 2972 ἀνθρώπους
1436 2901 1666 2972 πάροδον
1705 2900 1800 2954 τοῦ

1156 402 1653 460 (ΖΟΜΜΕΝΤᾹΒΙΛ
1700 400 1766 457 IN
1807 402 2058 459 ISAIAM.
2103 436 2166 445 --
2207 403 2357 458 CAP.
2403 404 2493 460 XI.

281 532 303 565 s
348 514 460 567 Καὶ
492 512 785 572 πεσοῦνται
820 520 866 571 οἱ
906 519 1101 591 ὑψηλοὶ
1143 521 1413 593 μαχαίρα-
1453 524 1482 575 ὁ
1514 522 1570 574 δὲ
1621 521 1789 575 Λίϐα-

1968 518 2127 572 Vens.
2160 519 2250 573 54.
2288 536 2306 569 ι
2337 519 2399 572 Et
2460 518 2648 573 cadent
2695 523 2892 575 excelsi
2942 521 3115 590 gladio

3373 409 3475 462 170

3197 560 3209 573 .
3238 518 3476 579 Libanus

1901 618 2082 664 autem
2119 623 2239 663 cum
2271 608 2499 664 excelsis
2531 612 2710 663 cadet.
2742 633 2760 661 ο
2803 611 2933 665 Vide
2962 612 3092 666 mihi
3140 627 3302 681 quam
3330 629 3473 682 saepe

1897 711 1949 754 et
1983 700 2196 769 quoties
2221 700 2470 755 excelsos
2504 700 2767 765 nominet,
2794 718 3023 772 quorum
3058 714 3259 758 cretum
3306 705 3473 758 Liba-

1901 808 1969 847 no
1992 801 2045 845 et
2072 790 2190 857 ejus
2212 789 2489 844 altissimis
2517 792 2695 845 cedi-is
2722 792 2954 847 similem
2987 793 3135 849 dicit.
3179 793 3360 861 Quare
3388 794 3474 848 di-

1899 894 2044 938 ctum
2097 891 2181 938 est
2233 882 2359 937 alibi
2387 884 2472 936 “z
2509 901 2525 933 t
2559 881 2679 936 Vidi
2718 883 2937 952 impium
2973 884 3471 954 superexaltatum,

1897 984 1953 1029 et
1998 974 2263 1028 elevatum
2316 974 2456 1028 sicut
2505 975 2696 1029 eedros
2746 972 2972 1040 Libani;
3002 993 3020 1027 ι
3084 983 3139 1030 et
3184 975 3318 1030 alias
3372 976 3475 1030 ite-

1900 1082 2016 1119 rum
2040 1066 2084 1097 ⁸³
2117 1081 2129 1116 :
2165 1083 2183 1116 ι
2224 1062 2340 1119 Vox
2366 1064 2575 1119 Domini
2605 1064 2999 1137 confringentis
3030 1067 3243 1131 cedros,
3269 1077 3322 1120 et
3355 1082 3479 1122 con-

1900 1155 2089 1225 fringit
2142 1154 2397 1210 Dominus
2431 1155 2623 1209 cedros
2658 1154 2847 1209 Libani
2879 1172 2893 1207 :
2925 1162 2980 1209 et
3012 1156 3344 1211 comminuet
3381 1170 3477 1211 eas

1900 1255 2155 1316 tanquam
2181 1246 2404 1301 vitulum
2434 1245 2718 1302 Libanum.
2748 1266 2768 1300 ι
2808 1308 2814 1313 _

2512 1430 2747 1487 CAPUT
2784 1431 2876 1486 XI.

1970 1522 2137 1580 Vens.
2156 1524 2208 1579 l.
2251 1542 2270 1577 ι
2303 1524 2369 1579 Et
2395 1525 2704 1593 egredietur
2728 1524 2873 1595 virga
2901 1526 2968 1580 de
3005 1526 3187 1581 radice
3208 1527 3397 1596 Jessar,
3424 1540 3484 1587 et

1897 1613 1995 1670 llos
2042 1617 2108 1672 de
2157 1618 2340 1672 radice
2392 1618 2672 1671 ascendet.
2697 1635 2714 1667 ι
2754 1615 2871 1683 Quo
2899 1627 3055 1686 pacto
3088 1619 3480 1688 prazdictorum

1898 1710 2141 1763 omnium
2171 1710 2431 1763 contritio
2462 1717 2516 1764 et
2549 1708 2702 1762 ruina
2746 1708 2923 1762 futura
2962 1709 3035 1764 sil.
3076 1710 3274 1766 deinde
3312 1711 3484 1766 decla-

1902 1807 2025 1862 rat;
2057 1814 2121 1853 ex
2154 1799 2346 1852 radice
2393 1797 2559 1853 Jessaz
2594 1797 2929 1868 prodituram
2958 1800 3164 1870 virgam
3197 1816 3319 1856 esse
3348 1803 3485 1856 vati.

1834 1864 1875 1921 Β
1906 1888 2097 1945 cinans
2128 1908 2141 1945 :
2172 1906 2291 1959 qua:
2316 1889 2462 1960 virga
2502 1905 2693 1945 omnes
2734 1891 2993 1947 sublimes
3030 1903 3276 1948 coateret
3305 1904 3360 1949 et
3384 1896 3482 1949 hu-

1907 1980 2158 2036 tniliabit.
2211 1980 2389 2047 Quare
2445 1980 2670 2035 subdit:
2708 1998 2725 2031 ι
2760 1981 2823 2036 Ει
2875 1984 3190 2053 egredietur
3222 1986 3373 2056 virga
3417 1988 3483 2041 de

1905 2072 2085 2128 radice
2119 2071 2305 2127 Jessae.
2341 2092 2359 2125 ι
2402 2073 2505 2128 Pro
2543 2074 2633 2129 illo
2676 2084 2874 2137 autem,
2912 2094 2930 2127 ι
2987 2077 3053 2132 de
3110 2079 3313 2141 radice,
3340 2098 3359 2131 ι
3394 2094 3482 2135 rc-

1904 2164 2035 2234 liqui
2101 2180 2291 2219 omnes
2350 2166 2699 2235 interpretes,
2753 2182 2829 2221 ta
2868 2179 3059 2223 trunco
3092 2187 3109 2221 ι
3178 2180 3481 2226 verterunt.

1904 2257 2120 2313 Etenim
2173 2258 2347 2312 tribus
2392 2269 2446 2312 et
2494 2258 2720 2324 l'atnilia,
2755 2275 2821 2315 ex
2846 2276 2951 2331 qua
2986 2261 3234 2317 Salvator
3257 2264 3480 2333 prodiit,

1906 2361 2003 2403 ceu
2039 2348 2260 2417 quidam
2298 2360 2521 2404 truncus
2550 2359 2685 2417 erat,
2729 2351 2813 2420 qui
2847 2354 3081 2406 nondum
3127 2367 3308 2408 ramos
3349 2356 3484 2408 cmi-

1907 2449 2079 2504 serat,
2110 2440 2237 2509 quia
2266 2450 2386 2509 post
2438 2442 2813 2511 captivitatem
2845 2444 2895 2496 in
2922 2441 3220 2514 Babylone,
3251 2460 3319 2500 ex
3353 2461 3483 2501 suc-

1904 2532 2156 2587 cessione
2212 2532 2430 2587 Davidis
2479 2548 2637 2603 reges
2689 2533 3042 2601 defecerant;
3103 2534 3227 2589 ideo
3270 2535 3485 2590 videtur

1907 2621 2039 2676 mihi
2080 2633 2304 2676 truncus
2335 2623 2517 2677 vocari
2567 2639 2738 2692 genus
2790 2624 3010 2678 Davidis
3037 2625 3342 2680 secundum
3370 2641 3484 2682 car-

1906 2727 2050 2776 nem,
2082 2712 2236 2782 cujus
2278 2723 2433 2781 pater
2462 2723 2580 2768 erat
2622 2712 2812 2769 Jessaa.
2863 2714 3098 2784 Tempus
3156 2716 3340 2786 itaque
3377 2731 3484 2785 quo

1912 2800 1998 2856 illa
2032 2804 2186 2873 prius
2218 2814 2518 2858 memorata
2577 2803 2753 2858 futura
2793 2814 2923 2859 sunt
2956 2806 3262 2872 declarans,
3295 2810 3483 2862 admo-

1913 2894 2040 2948 dum
2069 2904 2374 2963 opportune
2404 2894 2603 2950 Christi
2632 2895 2699 2949 ad
2742 2895 2989 2951 homines
3024 2898 3314 2951 adventum
3355 2896 3483 2952 sub-

210 2991 452 3063 Χριστοῦ
490 2992 699 3063 σφόδρα
738 2991 1030 3063 εὐκαίρως.
1091 2991 1305 3063 Ἐπειδὴ
1346 2991 1455 3063 γὰρ
1491 2991 1796 3063 προεδίδαξε

1908 2986 2105 3058 jungit.
2133 2985 2268 3052 Quia
2315 2987 2459 3042 enim
2517 2988 2570 3040 in
2602 2988 3029 3057 praecedentibus
3056 3003 3120 3044 ea
3147 3004 3267 3057 quae
3292 2989 3360 3043 ad
3391 3005 3482 3045 or-

209 3082 295 3135 διά
332 3082 441 3135 τῶν
476 3081 786 3153 ἔμπροσθεν
825 3082 891 3136 τὰ
927 3082 1057 3156 περὶ
1080 3083 1183 3154 τῆς
1216 3085 1280 3136 ἐκ
1301 3083 1577 3155 Παρθένου
1614 3084 1796 3152 γεννή-

1910 3087 2019 3133 ttun
2048 3094 2112 3132 ex
2152 3078 2372 3150 Virgine
2416 3078 2739 3150 spectabant
2782 3079 3100 3147 edocuerat,
3132 3089 3295 3152 atque
3322 3095 3479 3137 voca-

211 3189 370 3236 σεως,
395 3173 497 3236 τάς
521 3191 579 3226 τε
604 3174 927 3245 ἐπωνύμους
952 3174 1318 3245 προσηγορίας
1352 3173 1459 3227 τῶν
1485 3173 1796 3245 ὲπινοουμὲ-

1911 3172 2037 3226 bula
2074 3172 2441 3242 intelligibilcs
2486 3172 2606 3243 ejus
2654 3174 2884 3227 virtutes
2913 3172 3208 3228 indicantia
3253 3175 3482 3243 promic-

212 3285 317 3319 νων
349 3268 407 3317 ὲν
425 3265 576 3336 αύτῴ
604 3266 906 3337 δυνάμεων,
938 3265 1248 3330 ἀκολούθως
1285 3267 1376 3319 ἐπὶ
1397 3266 1489 3319 τοῦ
1511 3266 1798 3334 παρόντος,

213 3353 273 3421 ἐξ
310 3356 503 3408 ὁποίου
539 3356 747 3425 γένους,
792 3358 888 3410 καί¹
943 3357 1103 3421 ποίας
1152 3358 1328 3427 φυλῆς
1387 3358 1800 3430 προελεύσεται,

211 3446 375 3500 ὁποῖά
405 3463 468 3498 τε
498 3446 836 3518 κατορθώσει
870 3449 904 3519 ἠ
943 3449 1024 3512 είς
1075 3447 1398 3521 ἀνθρώπους
1453 3450 1617 3504 αὐτοῦ
1660 3451 1801 3523 πάρ-

212 3539 354 3602 οδος,
388 3542 798 3609 προαναφωνετ.

289 3653 309 3685 s
358 3633 471 3686 Καὶ
509 3632 883 3686 ἀναπαύσεται
916 3632 1004 3686 ἐπ’
1030 3632 1194 3687 αὐτὸν
1234 3633 1462 3706 Πνεῦμα
1501 3633 1594 3687 τοῦ
1640 3633 1798 3697 Θεοῦ,

214 3725 439 3797 πνεῦμα
490 3725 681 3795 σοφίας
732 3725 824 3778 καὶ
877 3726 1164 3789 συνέσεως,
1218 3726 1438 3794 πνεῦμα
1480 3727 1673 3797 βουλῆς
1707 3726 1803 3780 καὶ

217 3818 424 3889 ἰσχύος,
472 3817 691 3888 πνεῦμα
722 3816 979 3885 γνώσεως
1023 3818 1118 3870 καί¹
1162 3818 1475 3881 εὐσεϐείας·
1528 3819 1803 3891 ἐμπλήσει

215 3911 379 3963 αὑτὸν
401 3908 622 3977 πνεῦμα
652 3908 817 3977 φόϐου
844 3907 1001 3963 Θεοῦ.
1022 3910 1097 3962 Ού
1115 3910 1256 3963 κατὰ
1281 3909 1377 3981 τὴν
1406 3909 1562 3977 δόξαν
1590 3912 1799 3983 κρινεῖ,

214 4002 334 4055 οὐδὲ
364 4003 508 4055 κατά
546 4003 645 4071 τὴν
689 3999 879 4053 λαλιὰν
915 3999 1141 4068 ἐλέγξει.
1183 4020 1201 4051 ι
1232 3999 1456 4072 Εὖροιεν
1499 4002 1608 4074 γὰρ
1643 4002 1709 4056 ἂν
1750 4003 1801 4055 οἱ

216 4090 464 4155 θέλοντες
481 4093 631 4154 ὅπως
650 4093 677 4144 ὁ
704 4090 893 4163 Σωτὴρ
917 4091 1074 4161 ἡμῶν
1104 4092 1197 4144 καὶ
1223 4092 1426 4164 Κύριος
1452 4093 1512 4145 οὐ
1540 4093 1681 4147 κατά
1703 4094 1802 4165 τὴν

216 4182 371 4246 δόξαν
400 4182 606 4253 ἔκρινε.
634 4182 877 4253 Μηδενὸς
898 4181 1007 4252 γὰρ
1027 4181 1313 4253 πρόσωπον
1339 4182 1631 4253 λαμϐάνων
1664 4182 1797 4254 (16),

217 4274 416 4344 ῆλεγχε
445 4274 542 4327 σὺν
564 4274 850 4345 παρρησίᾳ.
880 4272 1047 4343 πολλῇ
1082 4272 1210 4325 ποτὲ
1250 4272 1347 4343 μὲν
1379 4275 1505 4337 τοὺς
1529 4291 1791 4344 γραμμαο

215 4369 324 4429 τείς
350 4367 447 4420 καὶ
470 4366 819 4437 Φαρισαίους,
857 4365 986 4419 ποτὲ
1018 4365 1073 4418 δὲ
1101 4366 1227 4428 τοὺς
1262 4366 1536 4439 ἀρχιερεῖς
1558 4367 1701 4420 ἔνδον
1740 4369 1797 4420 ὲν

214 4459 291 4529 τῷ
326 4456 461 4528 ναῷ,
490 4451 571 4521 οἷς
618 4459 711 4511 καί
764 4458 980 4526 ἔλεγεν·
1016 4477 1034 4510 ι
1084 4457 1403 4529 Ἀρθήσεται
1446 4459 1536 4526 ἀφ’
1561 4459 1716 4529 ὑμῶν
1763 4462 1796 4531 ἠ

217 4550 487 4621 βασιλεία,
517 4550 610 4604 καὶ
635 4549 917 4621 δοθήσεται
946 4550 1085 4603 ἔθνει
1123 4549 1365 4602 ποιοῦντι
1392 4551 1517 4613 τοὺς
1549 4551 1797 4621 καρποὺς
1832 4576 1872 4628 ο

214 4644 403 4715 αὐτῆς.
448 4662 468 4695 ι
517 4641 791 4695 Ἀλλόύδὲ
813 4642 953 4695 κατά
978 4641 1076 4711 τὴν
1106 4641 1293 4695 λαλιὰν
1322 4642 1552 4713 ήλεγχεν
1571 4659 1585 4673 ·
1614 4643 1665 4695 οἱ
1699 4643 1797 4713 μὲν

213 4734 320 4804 γὰρ
354 4733 666 4804 προσῄεσαν
684 4732 834 4803 αὐτῷ
863 4732 1112 4800 λέγοντες
1132 4750 1145 4763 ο
1179 4753 1197 4783 ι
1228 4733 1544 4798 Διδάσκαλε,
1568 4732 1789 4804 οἴδαμεν

213 4823 293 4877 ὅτι
330 4823 543 4895 ἀληθὴς
575 4818 646 4884 εἷ,
682 4842 699 4873 ι
740 4822 834 4876 καὶ
858 4823 925 4876 τὰ
950 4821 1095 4892 ἑξῆς.
1136 4823 1195 4876 '0
1220 4823 1276 4876 δὲ
1309 4824 1367 4876 οὐ
1401 4823 1543 4876 κατά
1572 4822 1670 4894 τὴν
1698 4823 1793 4877 λα-

212 4914 330 4968 λιὰν
360 4915 544 4968 αὐτῶν
574 4914 771 4986 ῆλεγχε
793 4932 806 4945 ·
838 4914 918 4967 διὸ
957 4913 1113 4978 εἰδὼς
1148 4914 1245 4979 τὰς
1280 4916 1542 4988 πονηρίας
1588 4915 1789 4981 αὐτῶν,

212 5006 394 5077 ἔλεγε·
426 5027 444 5059 ι
485 5007 550 5061 Τί
586 5024 653 5077 με
685 5005 992 5078 πειράζετε,
1027 5006 1351 5078 ὑποκριταί;
1383 5026 1401 5058 ι

284 5206 303 5239 ι
347 5185 514 5240 Ἀλλά
550 5188 727 5260 κρινεῖ
771 5185 1013 5257 ταπεινῷ
1042 5186 1243 5258 κρίσιν,
1285 5186 1378 5240 καὶ
1410 5185 1620 5255 ἐλέγξει
1671 5188 1798 5251 τοὺς

1910 3272 2025 3331 rat;
2056 3273 2451 3335 consequenter
2478 3265 2532 3318 in
2565 3266 2816 3334 prresenti
2847 3280 2954 3333 quo
2984 3281 3048 3321 ex
3096 3280 3294 3335 genere
3322 3275 3377 3321 et
3410 3282 3483 3321 ex

1907 3371 2011 3425 qua
2046 3357 2213 3422 tribu,
2250 3372 2371 3425 qua:
2426 3372 2591 3427 opera
2653 3357 2771 3425 ejus
2818 3358 2887 3411 ad
2943 3357 3191 3433 homines
3218 3360 3484 3414 adventus

1905 3450 2151 3505 editurus
2182 3451 2274 3517 sit,
2299 3452 2648 3520 praenuntiat.

1974 3632 2139 3688 Vens.
2172 3634 2226 3699 2,
2259 3634 2314 3690 5.
2354 3653 2371 3687 t
2402 3634 2465 3691 Et
2511 3636 2813 3705 requiescet
2869 3651 3031 3706 super
3074 3650 3199 3691 eum
3247 3634 3482 3705 Spiritus

1907 3724 2027 3791 Dei,
2081 3727 2303 3796 spiritus
2364 3729 2646 3793 sapientize
2686 3738 2741 3783 et
2797 3728 3194 3798 intelligentiae,
3248 3727 3478 3797 spiritus

1905 3818 2119 3873 consilii
2147 3828 2202 3873 et
2236 3812 2591 3878 fortitudinis.
2622 3820 2846 3889 spiritus
2873 3820 3114 3874 scientiae
3152 3829 3207 3874 et
3241 3821 3481 3890 pietatis.

1907 3910 2154 3979 Replebit
2182 3925 2306 3964 eum
2357 3911 2582 3981 spiritus
2636 3912 2846 3967 timoris
2877 3910 2996 3966 Dei.
3035 3909 3151 3965 Non
3184 3912 3403 3966 secundi
3428 3926 3470 3964 η

1903 4002 2214 4071 opinionem
2265 4001 2567 4067 judicabit,
2621 4016 2796 4069 neque
2863 3994 3158 4055 secundum
3215 4000 3479 4070 loquelam

1902 4099 2161 4159 arguet.»
2214 4089 2398 4145 Cuivis
2454 4090 2655 4175 volenti
2717 4090 2878 4145 facile
2924 4100 3009 4146 est
3068 4091 3481 4161 deprehendere

1903 4196 2010 4249 quo
2038 4190 2197 4250 pacto
2223 4180 2479 4234 Salvator
2505 4191 2560 4235 et
2597 4180 2862 4236 Dominus
2896 4192 3101 4245 noster,
3142 4198 3247 4235 non
3280 4195 3482 4236 secun-

1901 4272 2026 4327 dum
2057 4272 2368 4342 opinionem
2400 4272 2704 4350 judicabat.
2756 4272 2962 4328 Nullius
3014 4274 3157 4327 enim
3193 4289 3477 4343 personam

1900 4363 2197 4435 accipiens,
2231 4367 2391 4419 modo
2440 4346 2663 4421 Scribas
2705 4375 2758 4419 et
2809 4364 3141 4431 Pbarismos,
3173 4382 3296 4420 mox
3331 4383 3479 4422 sum-

1903 4469 2019 4509 mos
2046 4455 2330 4525 pontiﬁces
2378 4457 2435 4512 is
2482 4458 2681 4526 templo
2717 4456 2946 4511 ﬁdenter
2976 4459 3259 4527 arguebat,
3283 4460 3481 4527 quibus

1901 4548 2064 4601 etiam
2124 4552 2239 4604 hate
2297 4550 2512 4604 dicebat
2546 4566 2561 4602 :
2599 4550 2930 4606 tAul'eretur
2958 4568 2989 4606 a
3026 4551 3178 4606 vobis
3230 4567 3477 4621 regnum,

1906 4647 1962 4693 et
1995 4640 2214 4694 dabitur
2246 4642 2391 4710 genti
2431 4642 2652 4696 facienti
2713 4642 2925 4697 fructus
2952 4642 3067 4710 ejus
3086 4642 3151 4695 “.
3178 4662 3197 4694 ι
3232 4641 3338 4697 Sed
3377 4659 3475 4696 nec

1904 4734 2200 4786 secundum
2228 4732 2495 4800 loquelam
2526 4735 2790 4803 arguebat
2819 4752 2833 4789 :
2865 4750 2989 4788 nam
3030 4735 3121 4789 alii
3155 4736 3328 4803 ipsum
3364 4735 3479 4788 adi-

1902 4825 2031 4877 bant
2078 4824 2319 4879 dicentes
2377 4840 2391 4877 :
2455 4841 2474 4876 ι
2508 4824 2807 4892 Magister,
2861 4826 3066 4881 scimus
3118 4827 3245 4895 quia
3316 4840 3479 4878 verax

1902 4929 1960 4969 es
2001 4914 2070 4977 ",
2104 4932 2121 4966 ι
2156 4924 2265 4967 etc.
2300 4913 2392 4968 Ille
2425 4930 2553 4968 vero
2604 4931 2709 4969 non
2762 4918 3060 4970 secundum
3090 4915 3359 4985 loquelam
3387 4930 3478 4968 eo-

1903 5016 2021 5055 rum
2049 5004 2309 5072 arguebat
2336 5017 2350 5054 :
2384 5017 2554 5071 quare
2584 5020 2788 5073 gnarus
2842 5005 3063 5059 malitia:
3116 5020 3305 5059 eorum
3335 5004 3478 5057 dice.

1906 5095 2042 5151 bat:
2078 5113 2096 5145 ι
2136 5095 2273 5160 Quid
2299 5109 2385 5150 me
2423 5098 2667 5161 lentatis,
2700 5098 3031 5166 hypocriten?
3061 5117 3079 5149 ι

1968 5183 2134 5240 Vens.
2166 5185 2226 5239 4.
2263 5205 2281 5237 ι
2313 5184 2420 5240 Sed
2456 5185 2722 5255 judicabit
2754 5186 2941 5240 humili
2979 5185 3272 5253 judicium,
3302 5189 3358 5237 et
3387 5190 3476 5236 ar-

212 5280 498 5341 ταπεινοὺς
521 5278 620 5349 τῆς
644 5277 770 5347 γῆς,
794 5279 885 5332 καὶ
917 5275 1148 5342 πατάξει
1178 5277 1275 5349 τὴν
1301 5277 1405 5348 γῆν
1437 5277 1515 5349 τῷ
1542 5278 1684 5349 λόγῳ
1704 5275 1796 5331 τοῦ

1908 5287 2023 5348 ςυρι
2057 5276 2288 5333 humiles
2320 5288 2498 5343 terrae,
2534 5288 2590 5332 et
2620 5280 2892 5347 percutiet
2919 5288 3119 5334 terram
3157 5274 3322 5329 verbo
3364 5276 3480 5329 uris

215 5368 483 5439 στόματος
510 5366 697 5421 αὐτοῦ.
748 5386 766 5420 ι
811 5368 1045 5439 Νοήσυις
1072 5368 1127 5420 δὲ
1157 5368 1240 5430 τὸ,
1278 5388 1296 5419 ι
1332 5362 1568 5433 Πατάξει
1590 5370 1691 5441 γῆν
1724 5369 1796 5441 τῷ

1908 5369 2005 5425 sui.
2036 5388 2056 5423 ι
2099 5369 2229 5424 1111ιά
2271 5381 2476 5439 autem,
2539 5390 2559 5419 ι
2593 5369 2871 5427 Percutiet
2920 5381 3122 5426 terram
3168 5369 3331 5423 verbo
3365 5369 3477 5422 aris

212 5457 353 5529 λόγῳ
393 5457 487 5511 τοῦ
522 5458 790 5529 στόματος
824 5456 1011 5522 αὑτοῦ,
1062 5476 1080 5509 ι
1128 5458 1221 5510 καὶ
1253 5456 1448 5521 ἄλλως,
1496 5458 1796 5523 ἐπακούσας

1908 5462 2004 5521 sui.
2056 5483 2075 5515 ι
2134 5461 2420 5531 intelliges,
2468 5462 2513 5517 si
2572 5464 2763 5518 audias
2812 5478 2936 5518 eum
2982 5462 3109 5517 alibi
3175 5462 3474 5527 dicentem,

282 5571 496 5626 “Psal.
556 5586 744 5636 sum,
779 5569 874 5658 55ἶ
948 5569 994 5600 ⁸³
1026 5569 1169 5625 Psal.
1214 5585 1409 5628 xxvttt.
1448 5570 1501 5625 5.
1578 5572 1625 5602 “
1654 5572 1796 5627 Mattl

1908 5590 1995 5638 Litt,
2030 5574 2119 5628 45.
2200 5576 2245 5607 ⁵³
2274 5574 2469 5629 Matth.
2506 5590 2642 5643 χχιι,
2672 5574 2755 5630 l6.

284 5692 396 5764 (I6)
432 5691 793 5764 Hieronymus
818 5692 885 5745 ad
914 5692 1056 5745 hunc
1075 5691 1250 5745 locum
1273 5694 1353 5746 sic
1381 5692 1573 5749 Latine
1596 5694 1782 5751 Graeca

221 5762 514 5831 trausjultt,
554 5779 591 5833 ιΔ
620 5762 828 5833 Nullius
866 5770 1012 5815 enim
1042 5777 1338 5833 personam
1386 5766 1585 5833 accipit
1613 5768 1663 5819 in
1690 5766 1784 5832 jn-

219 5836 359 5890 dicio
386 5852 400 5888 :
428 5835 523 5886 sed
561 5831 775 5886 Scribis
808 5842 862 5886 et
895 5832 1181 5886 Pharisaais
1217 5847 1280 5888 ac
1315 5831 1651 5905 principibus
1701 5838 1782 5891 lo-

495 5926 770 5989 Psrnoa.
800 5929 919 5987 (in.
954 5928 1191 5992 XXIV.
3107 5933 3145 5992 6

1892 5698 2146 5766 quitur...
2220 5698 2497 5766 Auferetui
2552 5714 2584 5751 a
2639 5680 2806 5759 vobis,
2861 5712 2881 5746 ι
2942 5703 2997 5750 et
3060 5704 3294 5757 caetera,
3354 5703 3476 5761 qua:

1893 5785 2029 5840 pene
2063 5772 2127 5826 ad
2161 5774 2385 5824 verbum
2419 5768 2507 5823 ille
2534 5766 2903 5833 proseouitur.
2967 5772 2971 5777 '
