  <div class='ocr_page' id='page_1' title='image "/cluster/home/n/w/nwhite01/storage/ocr_20150623/24/hvd.32044019207729/091.png"; bbox 0 0 3968 6538; ppageno 0'>
   <div class='ocr_carea' id='block_1_1' title="bbox 478 392 574 445">
    <p class='ocr_par' dir='ltr' id='par_1_1' title="bbox 478 392 574 445">
     <span class='ocr_line' id='line_1_1' title="bbox 478 392 574 445; baseline 0 0"><span class='ocrx_word' id='word_1_1' title='bbox 478 392 574 445; x_wconf 76' lang='grc'><strong>171</strong></span> 
     </span>
    </p>
   </div>
   <div class='ocr_carea' id='block_1_2' title="bbox 1149 391 3034 457">
    <p class='ocr_par' dir='ltr' id='par_1_2' title="bbox 1149 391 3034 457">
     <span class='ocr_line' id='line_1_2' title="bbox 1149 391 3034 457; baseline 0.006 -12"><span class='ocrx_word' id='word_1_2' title='bbox 1149 391 1419 448; x_wconf 82' lang='lat' dir='ltr'><strong>EUSEBII</strong></span> <span class='ocrx_word' id='word_1_3' title='bbox 1460 392 1935 450; x_wconf 62' lang='lat' dir='ltr'><strong>CAESARIENSIS</strong></span> <span class='ocrx_word' id='word_1_4' title='bbox 1974 395 2122 450; x_wconf 81' lang='lat' dir='ltr'><strong>OPP.</strong></span> <span class='ocrx_word' id='word_1_5' title='bbox 2168 396 2349 451; x_wconf 74' lang='lat' dir='ltr'><strong>PARS</strong></span> <span class='ocrx_word' id='word_1_6' title='bbox 2389 396 2474 454; x_wconf 85' lang='lat' dir='ltr'><strong>lll.</strong></span> <span class='ocrx_word' id='word_1_7' title='bbox 2516 432 2585 444; x_wconf 84' lang='lat'><strong>—-</strong></span> <span class='ocrx_word' id='word_1_8' title='bbox 2624 399 3034 457; x_wconf 72' lang='lat' dir='ltr'><strong>EXEGETICA.</strong></span> 
     </span>
    </p>
   </div>
   <div class='ocr_carea' id='block_1_3' title="bbox 3653 407 3759 461">
    <p class='ocr_par' dir='ltr' id='par_1_3' title="bbox 3653 407 3759 461">
     <span class='ocr_line' id='line_1_3' title="bbox 3653 407 3759 461; baseline 0.009 -1"><span class='ocrx_word' id='word_1_9' title='bbox 3653 407 3759 461; x_wconf 68' lang='lat'><strong>“2</strong></span> 
     </span>
    </p>
   </div>
   <div class='ocr_carea' id='block_1_4' title="bbox 480 510 2032 596">
    <p class='ocr_par' dir='ltr' id='par_1_4' title="bbox 480 510 2032 593">
     <span class='ocr_line' id='line_1_4' title="bbox 480 510 2032 593; baseline -0.002 -27"><span class='ocrx_word' id='word_1_10' title='bbox 480 535 498 566; x_wconf 74' lang='grc' dir='ltr'><strong>ι</strong></span> <span class='ocrx_word' id='word_1_11' title='bbox 537 512 713 593; x_wconf 66' lang='lat' dir='ltr'><strong>i‘iolite</strong></span> <span class='ocrx_word' id='word_1_12' title='bbox 749 520 938 580; x_wconf 88' lang='lat' dir='ltr'><strong>putare</strong></span> <span class='ocrx_word' id='word_1_13' title='bbox 963 510 1106 580; x_wconf 89' lang='lat' dir='ltr'><strong>quod</strong></span> <span class='ocrx_word' id='word_1_14' title='bbox 1135 513 1379 566; x_wconf 84' lang='lat' dir='ltr'><strong>venerim</strong></span> <span class='ocrx_word' id='word_1_15' title='bbox 1412 526 1599 581; x_wconf 85' lang='lat' dir='ltr'><strong>pacem</strong></span> <span class='ocrx_word' id='word_1_16' title='bbox 1645 514 1860 567; x_wconf 88' lang='lat' dir='ltr'><strong>mittere</strong></span> <span class='ocrx_word' id='word_1_17' title='bbox 1891 530 2032 580; x_wconf 72' lang='lat' dir='ltr'><strong>Sllpel</strong></span> 
     </span>
    </p>
   </div>
   <div class='ocr_carea' id='block_1_5' title="bbox 2141 510 3756 596">
    <p class='ocr_par' dir='ltr' id='par_1_5' title="bbox 2158 518 3756 596">
     <span class='ocr_line' id='line_1_5' title="bbox 2158 518 3756 596; baseline 0.009 -27"><span class='ocrx_word' id='word_1_18' title='bbox 2158 518 2322 570; x_wconf 73' lang='grc' dir='ltr'>αὑτοῦ</span> <span class='ocrx_word' id='word_1_19' title='bbox 2355 518 2626 586; x_wconf 87' lang='grc' dir='ltr'>λέγοντος,</span> <span class='ocrx_word' id='word_1_20' title='bbox 2662 538 2680 570; x_wconf 79' lang='grc' dir='ltr'><strong>ι</strong></span> <span class='ocrx_word' id='word_1_21' title='bbox 2712 520 2803 592; x_wconf 77' lang='grc' dir='ltr'><strong>Μὴ</strong></span> <span class='ocrx_word' id='word_1_22' title='bbox 2837 522 3118 591; x_wconf 76' lang='grc' dir='ltr'><strong>νομίσητε,</strong></span> <span class='ocrx_word' id='word_1_23' title='bbox 3157 524 3240 575; x_wconf 82' lang='grc' dir='ltr'><strong>ὅτι</strong></span> <span class='ocrx_word' id='word_1_24' title='bbox 3273 518 3436 594; x_wconf 83' lang='grc' dir='ltr'>ἦλθον</span> <span class='ocrx_word' id='word_1_25' title='bbox 3465 525 3647 596; x_wconf 78' lang='grc' dir='ltr'>βαλεῖν</span> <span class='ocrx_word' id='word_1_26' title='bbox 3674 534 3756 583; x_wconf 77' lang='grc' dir='ltr'>εί·-</span> 
     </span>
    </p>
   </div>
   <div class='ocr_carea' id='block_1_6' title="bbox 477 603 2047 676">
    <p class='ocr_par' dir='ltr' id='par_1_6' title="bbox 477 603 2047 676">
     <span class='ocr_line' id='line_1_6' title="bbox 477 603 2047 676; baseline 0.002 -18"><span class='ocrx_word' id='word_1_27' title='bbox 477 619 708 661; x_wconf 85' lang='lat' dir='ltr'><strong>Ierram&#39;.</strong></span> <span class='ocrx_word' id='word_1_28' title='bbox 744 621 848 658; x_wconf 88' lang='lat' dir='ltr'><strong>non</strong></span> <span class='ocrx_word' id='word_1_29' title='bbox 888 603 1005 657; x_wconf 96' lang='lat' dir='ltr'><strong>veni</strong></span> <span class='ocrx_word' id='word_1_30' title='bbox 1038 619 1225 673; x_wconf 87' lang='lat' dir='ltr'><strong>pacem</strong></span> <span class='ocrx_word' id='word_1_31' title='bbox 1256 605 1493 669; x_wconf 89' lang='lat' dir='ltr'><strong>mittere,</strong></span> <span class='ocrx_word' id='word_1_32' title='bbox 1526 608 1618 660; x_wconf 88' lang='lat' dir='ltr'><strong>sed</strong></span> <span class='ocrx_word' id='word_1_33' title='bbox 1656 607 1893 676; x_wconf 77' lang='lat' dir='ltr'><strong>gladium</strong></span> <span class='ocrx_word' id='word_1_34' title='bbox 1926 609 1995 662; x_wconf 76' lang='lat'><strong>°°.</strong></span> <span class='ocrx_word' id='word_1_35' title='bbox 2028 628 2047 661; x_wconf 74' lang='grc' dir='ltr'>ι</span> 
     </span>
    </p>
   </div>
   <div class='ocr_carea' id='block_1_7' title="bbox 471 698 2051 769">
    <p class='ocr_par' dir='ltr' id='par_1_7' title="bbox 471 698 2051 769">
     <span class='ocr_line' id='line_1_7' title="bbox 471 698 2051 769; baseline 0.002 -16"><span class='ocrx_word' id='word_1_36' title='bbox 471 700 695 754; x_wconf 80' lang='lat' dir='ltr'><strong>Gladius</strong></span> <span class='ocrx_word' id='word_1_37' title='bbox 723 710 900 753; x_wconf 90' lang='lat' dir='ltr'><strong>autem</strong></span> <span class='ocrx_word' id='word_1_38' title='bbox 934 708 1056 753; x_wconf 88' lang='lat' dir='ltr'><strong>erat</strong></span> <span class='ocrx_word' id='word_1_39' title='bbox 1083 700 1308 754; x_wconf 85' lang='lat' dir='ltr'><strong>verbum</strong></span> <span class='ocrx_word' id='word_1_40' title='bbox 1342 698 1455 752; x_wconf 92' lang='lat' dir='ltr'><strong>oris</strong></span> <span class='ocrx_word' id='word_1_41' title='bbox 1513 699 1648 769; x_wconf 85' lang='lat' dir='ltr'><strong>ejus,</strong></span> <span class='ocrx_word' id='word_1_42' title='bbox 1700 716 1807 769; x_wconf 91' lang='lat' dir='ltr'><strong>quo</strong></span> <span class='ocrx_word' id='word_1_43' title='bbox 1852 710 2051 756; x_wconf 84' lang='lat' dir='ltr'><strong>terram</strong></span> 
     </span>
    </p>
   </div>
   <div class='ocr_carea' id='block_1_8' title="bbox 470 789 2051 859">
    <p class='ocr_par' dir='ltr' id='par_1_8' title="bbox 470 789 2051 859">
     <span class='ocr_line' id='line_1_8' title="bbox 470 789 2051 859; baseline 0.003 -16"><span class='ocrx_word' id='word_1_44' title='bbox 470 801 524 843; x_wconf 88' lang='lat' dir='ltr'><strong>et</strong></span> <span class='ocrx_word' id='word_1_45' title='bbox 552 802 794 845; x_wconf 88' lang='lat' dir='ltr'><strong>terrenos</strong></span> <span class='ocrx_word' id='word_1_46' title='bbox 845 804 1054 851; x_wconf 84' lang='lat' dir='ltr'><strong>eorum,</strong></span> <span class='ocrx_word' id='word_1_47' title='bbox 1101 789 1193 859; x_wconf 89' lang='lat' dir='ltr'><strong>qui</strong></span> <span class='ocrx_word' id='word_1_48' title='bbox 1227 790 1279 843; x_wconf 91' lang='lat' dir='ltr'><strong>in</strong></span> <span class='ocrx_word' id='word_1_49' title='bbox 1308 789 1480 858; x_wconf 87' lang='lat' dir='ltr'><strong>ipsum</strong></span> <span class='ocrx_word' id='word_1_50' title='bbox 1530 792 1898 855; x_wconf 79' lang='lat' dir='ltr'><strong>crediderant,</strong></span> <span class='ocrx_word' id='word_1_51' title='bbox 1926 807 2051 848; x_wconf 87' lang='lat' dir='ltr'><strong>sen-</strong></span> 
     </span>
    </p>
   </div>
   <div class='ocr_carea' id='block_1_9' title="bbox 470 882 2053 952">
    <p class='ocr_par' dir='ltr' id='par_1_9' title="bbox 470 882 2053 952">
     <span class='ocr_line' id='line_1_9' title="bbox 470 882 2053 952; baseline 0.001 -15"><span class='ocrx_word' id='word_1_52' title='bbox 470 897 564 937; x_wconf 86' lang='lat' dir='ltr'><strong>sus</strong></span> <span class='ocrx_word' id='word_1_53' title='bbox 596 884 660 937; x_wconf 91' lang='lat' dir='ltr'><strong>de</strong></span> <span class='ocrx_word' id='word_1_54' title='bbox 695 883 872 936; x_wconf 76' lang='lat' dir='ltr'><strong>medio</strong></span> <span class='ocrx_word' id='word_1_55' title='bbox 907 882 1147 936; x_wconf 87' lang='lat' dir='ltr'><strong>tollebat.</strong></span> <span class='ocrx_word' id='word_1_56' title='bbox 1204 901 1221 933; x_wconf 77' lang='grc' dir='ltr'><strong>ι</strong></span> <span class='ocrx_word' id='word_1_57' title='bbox 1253 882 1324 935; x_wconf 84' lang='grc' dir='ltr'>Ει</span> <span class='ocrx_word' id='word_1_58' title='bbox 1355 883 1407 936; x_wconf 89' lang='lat' dir='ltr'><strong>in</strong></span> <span class='ocrx_word' id='word_1_59' title='bbox 1441 882 1634 952; x_wconf 81' lang='lat' dir='ltr'><strong>spiritu</strong></span> <span class='ocrx_word' id='word_1_60' title='bbox 1662 899 1758 949; x_wconf 89' lang='lat' dir='ltr'><strong>per</strong></span> <span class='ocrx_word' id='word_1_61' title='bbox 1797 884 1937 939; x_wconf 86' lang='lat' dir='ltr'><strong>labia</strong></span> <span class='ocrx_word' id='word_1_62' title='bbox 1969 886 2053 939; x_wconf 88' lang='lat' dir='ltr'><strong>iu-</strong></span> 
     </span>
    </p>
   </div>
   <div class='ocr_carea' id='block_1_10' title="bbox 470 968 2053 1043">
    <p class='ocr_par' dir='ltr' id='par_1_10' title="bbox 470 968 2053 1043">
     <span class='ocr_line' id='line_1_10' title="bbox 470 968 2053 1043; baseline 0.003 -16"><span class='ocrx_word' id='word_1_63' title='bbox 470 974 699 1028; x_wconf 81' lang='lat' dir='ltr'><strong>terliciet</strong></span> <span class='ocrx_word' id='word_1_64' title='bbox 750 974 996 1042; x_wconf 90' lang='lat' dir='ltr'><strong>impium.</strong></span> <span class='ocrx_word' id='word_1_65' title='bbox 1038 991 1057 1025; x_wconf 79' lang='grc' dir='ltr'>ι</span> <span class='ocrx_word' id='word_1_66' title='bbox 1104 972 1395 1025; x_wconf 88' lang='lat' dir='ltr'><strong>lnterliciet</strong></span> <span class='ocrx_word' id='word_1_67' title='bbox 1447 968 1696 1043; x_wconf 83' lang='lat' dir='ltr'><strong>impium,</strong></span> <span class='ocrx_word' id='word_1_68' title='bbox 1746 975 1938 1029; x_wconf 84' lang='lat' dir='ltr'><strong>atheos</strong></span> <span class='ocrx_word' id='word_1_69' title='bbox 1988 990 2053 1031; x_wconf 84' lang='lat' dir='ltr'><strong>ac</strong></span> 
     </span>
    </p>
   </div>
   <div class='ocr_carea' id='block_1_11' title="bbox 468 1063 2048 1138">
    <p class='ocr_par' dir='ltr' id='par_1_11' title="bbox 468 1063 2048 1138">
     <span class='ocr_line' id='line_1_11' title="bbox 468 1063 2048 1138; baseline 0.001 -19"><span class='ocrx_word' id='word_1_70' title='bbox 468 1067 659 1135; x_wconf 87' lang='lat' dir='ltr'><strong>impios</strong></span> <span class='ocrx_word' id='word_1_71' title='bbox 689 1067 960 1119; x_wconf 66' lang='lat' dir='ltr'><strong>daemones</strong></span> <span class='ocrx_word' id='word_1_72' title='bbox 988 1066 1039 1119; x_wconf 90' lang='lat' dir='ltr'><strong>in</strong></span> <span class='ocrx_word' id='word_1_73' title='bbox 1071 1063 1263 1133; x_wconf 89' lang='lat' dir='ltr'><strong>spiritu</strong></span> <span class='ocrx_word' id='word_1_74' title='bbox 1304 1065 1591 1133; x_wconf 81' lang='lat' dir='ltr'><strong>increpans</strong></span> <span class='ocrx_word' id='word_1_75' title='bbox 1612 1076 1666 1120; x_wconf 88' lang='lat' dir='ltr'><strong>et</strong></span> <span class='ocrx_word' id='word_1_76' title='bbox 1701 1067 1892 1138; x_wconf 87' lang='lat' dir='ltr'><strong>procul</strong></span> <span class='ocrx_word' id='word_1_77' title='bbox 1927 1068 2048 1122; x_wconf 86' lang='lat' dir='ltr'><strong>abi-</strong></span> 
     </span>
    </p>
   </div>
   <div class='ocr_carea' id='block_1_12' title="bbox 465 1157 2050 1230">
    <p class='ocr_par' dir='ltr' id='par_1_12' title="bbox 465 1157 2050 1230">
     <span class='ocr_line' id='line_1_12' title="bbox 465 1157 2050 1230; baseline -0.001 -14"><span class='ocrx_word' id='word_1_78' title='bbox 465 1176 597 1230; x_wconf 82' lang='lat' dir='ltr'><strong>gens</strong></span> <span class='ocrx_word' id='word_1_79' title='bbox 629 1163 796 1215; x_wconf 87' lang='lat' dir='ltr'><strong>verbo</strong></span> <span class='ocrx_word' id='word_1_80' title='bbox 831 1176 925 1228; x_wconf 82' lang='lat' dir='ltr'><strong>per</strong></span> <span class='ocrx_word' id='word_1_81' title='bbox 952 1159 1091 1213; x_wconf 86' lang='lat' dir='ltr'><strong>labia</strong></span> <span class='ocrx_word' id='word_1_82' title='bbox 1127 1158 1296 1225; x_wconf 86' lang='lat' dir='ltr'><strong>ipsius</strong></span> <span class='ocrx_word' id='word_1_83' title='bbox 1324 1157 1576 1225; x_wconf 88' lang='lat' dir='ltr'><strong>prolato;</strong></span> <span class='ocrx_word' id='word_1_84' title='bbox 1626 1160 1698 1212; x_wconf 90' lang='lat' dir='ltr'><strong>ita</strong></span> <span class='ocrx_word' id='word_1_85' title='bbox 1737 1170 1796 1214; x_wconf 93' lang='lat' dir='ltr'><strong>ut</strong></span> <span class='ocrx_word' id='word_1_86' title='bbox 1827 1161 1900 1213; x_wconf 92' lang='lat' dir='ltr'><strong>illi</strong></span> <span class='ocrx_word' id='word_1_87' title='bbox 1930 1160 2050 1215; x_wconf 78' lang='lat' dir='ltr'><strong>cla-</strong></span> 
     </span>
    </p>
   </div>
   <div class='ocr_carea' id='block_1_13' title="bbox 465 1250 2049 1320">
    <p class='ocr_par' dir='ltr' id='par_1_13' title="bbox 465 1250 2049 1320">
     <span class='ocr_line' id='line_1_13' title="bbox 465 1250 2049 1320; baseline 0.002 -14"><span class='ocrx_word' id='word_1_88' title='bbox 465 1265 613 1310; x_wconf 88' lang='lat' dir='ltr'><strong>ment</strong></span> <span class='ocrx_word' id='word_1_89' title='bbox 646 1267 701 1308; x_wconf 88' lang='lat' dir='ltr'><strong>et</strong></span> <span class='ocrx_word' id='word_1_90' title='bbox 741 1254 943 1314; x_wconf 81' lang='lat' dir='ltr'><strong>dicant,</strong></span> <span class='ocrx_word' id='word_1_91' title='bbox 985 1273 1002 1303; x_wconf 72' lang='grc' dir='ltr'><strong>ι</strong></span> <span class='ocrx_word' id='word_1_92' title='bbox 1036 1251 1173 1320; x_wconf 89' lang='lat' dir='ltr'><strong>Quid</strong></span> <span class='ocrx_word' id='word_1_93' title='bbox 1198 1250 1353 1304; x_wconf 88' lang='lat' dir='ltr'><strong>nobis</strong></span> <span class='ocrx_word' id='word_1_94' title='bbox 1395 1261 1452 1306; x_wconf 90' lang='lat' dir='ltr'><strong>et</strong></span> <span class='ocrx_word' id='word_1_95' title='bbox 1491 1253 1612 1318; x_wconf 86' lang='lat' dir='ltr'><strong>tibi,</strong></span> <span class='ocrx_word' id='word_1_96' title='bbox 1643 1252 1742 1307; x_wconf 85' lang='lat' dir='ltr'><strong>Fili</strong></span> <span class='ocrx_word' id='word_1_97' title='bbox 1775 1254 1913 1307; x_wconf 88' lang='lat' dir='ltr'><strong>Dei?</strong></span> <span class='ocrx_word' id='word_1_98' title='bbox 1958 1269 2049 1309; x_wconf 88' lang='lat' dir='ltr'><strong>ve-</strong></span> 
     </span>
    </p>
   </div>
   <div class='ocr_carea' id='block_1_14' title="bbox 466 1344 2046 1416">
    <p class='ocr_par' dir='ltr' id='par_1_14' title="bbox 466 1344 2046 1416">
     <span class='ocr_line' id='line_1_14' title="bbox 466 1344 2046 1416; baseline -0.001 -15"><span class='ocrx_word' id='word_1_99' title='bbox 466 1347 594 1402; x_wconf 91' lang='lat' dir='ltr'><strong>nisti</strong></span> <span class='ocrx_word' id='word_1_100' title='bbox 643 1356 770 1403; x_wconf 87' lang='lat' dir='ltr'><strong>antc</strong></span> <span class='ocrx_word' id='word_1_101' title='bbox 828 1356 1040 1412; x_wconf 82' lang='lat' dir='ltr'><strong>tempus</strong></span> <span class='ocrx_word' id='word_1_102' title='bbox 1071 1358 1324 1416; x_wconf 88' lang='lat' dir='ltr'><strong>torquere</strong></span> <span class='ocrx_word' id='word_1_103' title='bbox 1380 1362 1497 1399; x_wconf 92' lang='lat' dir='ltr'><strong>nos.</strong></span> <span class='ocrx_word' id='word_1_104' title='bbox 1557 1344 1815 1399; x_wconf 83' lang='lat' dir='ltr'><strong>Nevimus</strong></span> <span class='ocrx_word' id='word_1_105' title='bbox 1847 1353 1898 1399; x_wconf 87' lang='lat' dir='ltr'><strong>te</strong></span> <span class='ocrx_word' id='word_1_106' title='bbox 1924 1345 2046 1415; x_wconf 91' lang='lat' dir='ltr'><strong>quis</strong></span> 
     </span>
    </p>
   </div>
   <div class='ocr_carea' id='block_1_15' title="bbox 461 1441 1078 1507">
    <p class='ocr_par' dir='ltr' id='par_1_15' title="bbox 461 1441 1078 1507">
     <span class='ocr_line' id='line_1_15' title="bbox 461 1441 1078 1507; baseline -0.008 -10"><span class='ocrx_word' id='word_1_107' title='bbox 461 1445 557 1507; x_wconf 87' lang='lat' dir='ltr'><strong>sis,</strong></span> <span class='ocrx_word' id='word_1_108' title='bbox 590 1450 812 1496; x_wconf 89' lang='lat' dir='ltr'><strong>sanctus</strong></span> <span class='ocrx_word' id='word_1_109' title='bbox 840 1441 930 1495; x_wconf 91' lang='lat' dir='ltr'><strong>Dei</strong></span> <span class='ocrx_word' id='word_1_110' title='bbox 963 1442 1027 1493; x_wconf 73' lang='grc' dir='ltr'><strong>θτ.</strong></span> <span class='ocrx_word' id='word_1_111' title='bbox 1062 1460 1078 1492; x_wconf 77' lang='grc' dir='ltr'>ι</span> 
     </span>
    </p>
   </div>
   <div class='ocr_carea' id='block_1_16' title="bbox 532 1518 2039 1600">
    <p class='ocr_par' dir='ltr' id='par_1_16' title="bbox 532 1518 2039 1600">
     <span class='ocr_line' id='line_1_16' title="bbox 532 1518 2039 1600; baseline -0.003 -13"><span class='ocrx_word' id='word_1_112' title='bbox 532 1533 699 1587; x_wconf 76' lang='lat' dir='ltr'><strong>Vens.</strong></span> <span class='ocrx_word' id='word_1_113' title='bbox 731 1518 785 1588; x_wconf 77' lang='lat'><strong>5.</strong></span> <span class='ocrx_word' id='word_1_114' title='bbox 828 1550 847 1583; x_wconf 76' lang='grc' dir='ltr'><strong>ι</strong></span> <span class='ocrx_word' id='word_1_115' title='bbox 874 1534 937 1587; x_wconf 77' lang='grc' dir='ltr'><strong>1·;ι</strong></span> <span class='ocrx_word' id='word_1_116' title='bbox 980 1533 1085 1587; x_wconf 90' lang='lat' dir='ltr'><strong>erit</strong></span> <span class='ocrx_word' id='word_1_117' title='bbox 1122 1532 1332 1600; x_wconf 79' lang='lat' dir='ltr'><strong>iustitia</strong></span> <span class='ocrx_word' id='word_1_118' title='bbox 1382 1532 1594 1585; x_wconf 85' lang='lat' dir='ltr'><strong>cinctus</strong></span> <span class='ocrx_word' id='word_1_119' title='bbox 1635 1522 1847 1584; x_wconf 80' lang='lat' dir='ltr'><strong>lumbOS</strong></span> <span class='ocrx_word' id='word_1_120' title='bbox 1892 1544 2039 1594; x_wconf 78' lang='lat' dir='ltr'><strong>suos,</strong></span> 
     </span>
    </p>
   </div>
   <div class='ocr_carea' id='block_1_17' title="bbox 459 1623 2039 1689">
    <p class='ocr_par' dir='ltr' id='par_1_17' title="bbox 459 1623 2039 1689">
     <span class='ocr_line' id='line_1_17' title="bbox 459 1623 2039 1689; baseline -0.003 -8"><span class='ocrx_word' id='word_1_121' title='bbox 459 1636 515 1681; x_wconf 84' lang='lat' dir='ltr'><strong>et</strong></span> <span class='ocrx_word' id='word_1_122' title='bbox 548 1626 780 1682; x_wconf 81' lang='lat' dir='ltr'><strong>veritate</strong></span> <span class='ocrx_word' id='word_1_123' title='bbox 810 1625 1236 1680; x_wconf 90' lang='lat' dir='ltr'><strong>circumvolutus</strong></span> <span class='ocrx_word' id='word_1_124' title='bbox 1268 1625 1434 1679; x_wconf 86' lang='lat' dir='ltr'><strong>latera</strong></span> <span class='ocrx_word' id='word_1_125' title='bbox 1465 1640 1582 1679; x_wconf 88' lang='lat' dir='ltr'><strong>sua.</strong></span> <span class='ocrx_word' id='word_1_126' title='bbox 1620 1644 1638 1677; x_wconf 80' lang='grc' dir='ltr'>ι</span> <span class='ocrx_word' id='word_1_127' title='bbox 1669 1623 2039 1689; x_wconf 86' lang='lat' dir='ltr'><strong>Quemadmo-</strong></span> 
     </span>
    </p>
   </div>
   <div class='ocr_carea' id='block_1_18' title="bbox 459 1716 2041 1786">
    <p class='ocr_par' dir='ltr' id='par_1_18' title="bbox 459 1716 2041 1786">
     <span class='ocr_line' id='line_1_18' title="bbox 459 1716 2041 1786; baseline 0 -15"><span class='ocrx_word' id='word_1_128' title='bbox 459 1720 586 1771; x_wconf 89' lang='lat' dir='ltr'><strong>dum</strong></span> <span class='ocrx_word' id='word_1_129' title='bbox 633 1717 776 1773; x_wconf 89' lang='lat' dir='ltr'><strong>enim</strong></span> <span class='ocrx_word' id='word_1_130' title='bbox 822 1732 914 1772; x_wconf 83' lang='lat' dir='ltr'><strong>rex</strong></span> <span class='ocrx_word' id='word_1_131' title='bbox 948 1733 1083 1770; x_wconf 79' lang='lat' dir='ltr'><strong>zona</strong></span> <span class='ocrx_word' id='word_1_132' title='bbox 1125 1731 1310 1782; x_wconf 89' lang='lat' dir='ltr'><strong>aurea,</strong></span> <span class='ocrx_word' id='word_1_133' title='bbox 1360 1725 1416 1772; x_wconf 91' lang='lat' dir='ltr'><strong>et</strong></span> <span class='ocrx_word' id='word_1_134' title='bbox 1459 1716 1732 1786; x_wconf 88' lang='lat' dir='ltr'><strong>lapidibus</strong></span> <span class='ocrx_word' id='word_1_135' title='bbox 1786 1716 2041 1784; x_wconf 81' lang='lat' dir='ltr'><strong>pretiosis</strong></span> 
     </span>
    </p>
   </div>
   <div class='ocr_carea' id='block_1_19' title="bbox 457 1808 2038 1880">
    <p class='ocr_par' dir='ltr' id='par_1_19' title="bbox 457 1808 2038 1880">
     <span class='ocr_line' id='line_1_19' title="bbox 457 1808 2038 1880; baseline -0.002 -16"><span class='ocrx_word' id='word_1_136' title='bbox 457 1810 839 1880; x_wconf 66' lang='lat' dir='ltr'><strong>prazcingitur,</strong></span> <span class='ocrx_word' id='word_1_137' title='bbox 870 1808 948 1863; x_wconf 91' lang='lat' dir='ltr'><strong>sic</strong></span> <span class='ocrx_word' id='word_1_138' title='bbox 990 1818 1043 1863; x_wconf 91' lang='lat' dir='ltr'><strong>et</strong></span> <span class='ocrx_word' id='word_1_139' title='bbox 1082 1810 1131 1863; x_wconf 89' lang='lat' dir='ltr'><strong>ei</strong></span> <span class='ocrx_word' id='word_1_140' title='bbox 1166 1810 1256 1877; x_wconf 88' lang='lat' dir='ltr'><strong>qui</strong></span> <span class='ocrx_word' id='word_1_141' title='bbox 1310 1809 1360 1862; x_wconf 92' lang='lat' dir='ltr'><strong>in</strong></span> <span class='ocrx_word' id='word_1_142' title='bbox 1406 1808 1686 1878; x_wconf 86' lang='lat' dir='ltr'><strong>prophetia</strong></span> <span class='ocrx_word' id='word_1_143' title='bbox 1727 1808 1904 1862; x_wconf 79' lang='lat' dir='ltr'><strong>fertur</strong></span> <span class='ocrx_word' id='word_1_144' title='bbox 1942 1823 2038 1861; x_wconf 88' lang='lat' dir='ltr'><strong>zo-</strong></span> 
     </span>
    </p>
   </div>
   <div class='ocr_carea' id='block_1_20' title="bbox 460 1899 2037 1969">
    <p class='ocr_par' dir='ltr' id='par_1_20' title="bbox 460 1899 2037 1969">
     <span class='ocr_line' id='line_1_20' title="bbox 460 1899 2037 1969; baseline -0.001 -12"><span class='ocrx_word' id='word_1_145' title='bbox 460 1918 584 1958; x_wconf 86' lang='lat' dir='ltr'><strong>nam</strong></span> <span class='ocrx_word' id='word_1_146' title='bbox 619 1900 1148 1969; x_wconf 80' lang='lat' dir='ltr'><strong>assignatjustitiam</strong></span> <span class='ocrx_word' id='word_1_147' title='bbox 1183 1911 1238 1955; x_wconf 89' lang='lat' dir='ltr'><strong>ct</strong></span> <span class='ocrx_word' id='word_1_148' title='bbox 1260 1901 1572 1955; x_wconf 87' lang='lat' dir='ltr'><strong>veritatem.</strong></span> <span class='ocrx_word' id='word_1_149' title='bbox 1595 1899 1839 1955; x_wconf 80' lang='lat' dir='ltr'><strong>Hisitem</strong></span> <span class='ocrx_word' id='word_1_150' title='bbox 1876 1900 2037 1955; x_wconf 84' lang='lat' dir='ltr'><strong>Verbi</strong></span> 
     </span>
    </p>
   </div>
   <div class='ocr_carea' id='block_1_21' title="bbox 455 1992 2038 2065">
    <p class='ocr_par' dir='ltr' id='par_1_21' title="bbox 455 1992 2038 2065">
     <span class='ocr_line' id='line_1_21' title="bbox 455 1992 2038 2065; baseline -0.001 -17"><span class='ocrx_word' id='word_1_151' title='bbox 455 1996 630 2050; x_wconf 87' lang='lat' dir='ltr'><strong>deitas</strong></span> <span class='ocrx_word' id='word_1_152' title='bbox 664 1995 885 2065; x_wconf 81' lang='lat' dir='ltr'><strong>intelligi</strong></span> <span class='ocrx_word' id='word_1_153' title='bbox 927 2005 1125 2065; x_wconf 85' lang='lat' dir='ltr'><strong>potest.</strong></span> <span class='ocrx_word' id='word_1_154' title='bbox 1172 1994 1292 2064; x_wconf 87' lang='lat' dir='ltr'><strong>Ipse</strong></span> <span class='ocrx_word' id='word_1_155' title='bbox 1318 1994 1515 2065; x_wconf 86' lang='lat' dir='ltr'><strong>quippe</strong></span> <span class='ocrx_word' id='word_1_156' title='bbox 1556 2003 1677 2047; x_wconf 87' lang='lat' dir='ltr'><strong>erat</strong></span> <span class='ocrx_word' id='word_1_157' title='bbox 1704 1992 1944 2060; x_wconf 79' lang='lat' dir='ltr'><strong>iustitia,</strong></span> <span class='ocrx_word' id='word_1_158' title='bbox 1980 2002 2038 2046; x_wconf 87' lang='lat' dir='ltr'><strong>ut</strong></span> 
     </span>
    </p>
   </div>
   <div class='ocr_carea' id='block_1_22' title="bbox 455 2086 2036 2157">
    <p class='ocr_par' dir='ltr' id='par_1_22' title="bbox 455 2086 2036 2157">
     <span class='ocr_line' id='line_1_22' title="bbox 455 2086 2036 2157; baseline -0.003 -12"><span class='ocrx_word' id='word_1_159' title='bbox 455 2090 616 2145; x_wconf 88' lang='lat' dir='ltr'><strong>docet</strong></span> <span class='ocrx_word' id='word_1_160' title='bbox 642 2090 933 2157; x_wconf 84' lang='lat' dir='ltr'><strong>Apostolus</strong></span> <span class='ocrx_word' id='word_1_161' title='bbox 984 2088 1068 2144; x_wconf 89' lang='lat' dir='ltr'><strong>his</strong></span> <span class='ocrx_word' id='word_1_162' title='bbox 1116 2090 1319 2151; x_wconf 79' lang='lat' dir='ltr'><strong>verbis,</strong></span> <span class='ocrx_word' id='word_1_163' title='bbox 1369 2108 1386 2139; x_wconf 75' lang='grc' dir='ltr'><strong>ι</strong></span> <span class='ocrx_word' id='word_1_164' title='bbox 1416 2087 1516 2155; x_wconf 87' lang='lat' dir='ltr'><strong>Qui</strong></span> <span class='ocrx_word' id='word_1_165' title='bbox 1550 2087 1726 2141; x_wconf 79' lang='lat' dir='ltr'><strong>factus</strong></span> <span class='ocrx_word' id='word_1_166' title='bbox 1757 2097 1842 2141; x_wconf 92' lang='lat' dir='ltr'><strong>est</strong></span> <span class='ocrx_word' id='word_1_167' title='bbox 1883 2086 2036 2140; x_wconf 90' lang='lat' dir='ltr'><strong>nobis</strong></span> 
     </span>
    </p>
   </div>
   <div class='ocr_carea' id='block_1_23' title="bbox 454 2177 2037 2250">
    <p class='ocr_par' dir='ltr' id='par_1_23' title="bbox 454 2177 2037 2250">
     <span class='ocr_line' id='line_1_23' title="bbox 454 2177 2037 2250; baseline -0.005 -13"><span class='ocrx_word' id='word_1_168' title='bbox 454 2183 721 2250; x_wconf 83' lang='lat' dir='ltr'><strong>sapientia</strong></span> <span class='ocrx_word' id='word_1_169' title='bbox 753 2197 781 2235; x_wconf 89' lang='lat' dir='ltr'><strong>a</strong></span> <span class='ocrx_word' id='word_1_170' title='bbox 826 2181 954 2241; x_wconf 88' lang='lat' dir='ltr'><strong>Deo,</strong></span> <span class='ocrx_word' id='word_1_171' title='bbox 992 2180 1199 2249; x_wconf 82' lang='lat' dir='ltr'><strong>justitia</strong></span> <span class='ocrx_word' id='word_1_172' title='bbox 1232 2194 1453 2248; x_wconf 88' lang='lat' dir='ltr'><strong>quoque</strong></span> <span class='ocrx_word' id='word_1_173' title='bbox 1482 2187 1536 2232; x_wconf 89' lang='lat' dir='ltr'><strong>et</strong></span> <span class='ocrx_word' id='word_1_174' title='bbox 1566 2177 1951 2239; x_wconf 79' lang='lat' dir='ltr'><strong>sanctiﬁcatio,</strong></span> <span class='ocrx_word' id='word_1_175' title='bbox 1984 2185 2037 2229; x_wconf 89' lang='lat' dir='ltr'><strong>et</strong></span> 
     </span>
    </p>
   </div>
   <div class='ocr_carea' id='block_1_24' title="bbox 454 2266 2037 2341">
    <p class='ocr_par' dir='ltr' id='par_1_24' title="bbox 454 2266 2037 2341">
     <span class='ocr_line' id='line_1_24' title="bbox 454 2266 2037 2341; baseline -0.001 -17"><span class='ocrx_word' id='word_1_176' title='bbox 454 2272 759 2341; x_wconf 75' lang='lat' dir='ltr'><strong>redemptio</strong></span> <span class='ocrx_word' id='word_1_177' title='bbox 780 2270 847 2324; x_wconf 77' lang='grc'><strong>⁸⁸.</strong></span> <span class='ocrx_word' id='word_1_178' title='bbox 878 2290 896 2321; x_wconf 77' lang='grc' dir='ltr'>ι</span> <span class='ocrx_word' id='word_1_179' title='bbox 939 2270 1055 2338; x_wconf 89' lang='lat' dir='ltr'><strong>Ipse</strong></span> <span class='ocrx_word' id='word_1_180' title='bbox 1087 2283 1303 2339; x_wconf 88' lang='lat' dir='ltr'><strong>quoque</strong></span> <span class='ocrx_word' id='word_1_181' title='bbox 1342 2266 1603 2321; x_wconf 90' lang='lat' dir='ltr'><strong>Servator</strong></span> <span class='ocrx_word' id='word_1_182' title='bbox 1629 2267 1681 2320; x_wconf 92' lang='lat' dir='ltr'><strong>in</strong></span> <span class='ocrx_word' id='word_1_183' title='bbox 1722 2266 2037 2337; x_wconf 88' lang='lat' dir='ltr'><strong>Evangeliis</strong></span> 
     </span>
    </p>
   </div>
   <div class='ocr_carea' id='block_1_25' title="bbox 453 2358 2030 2429">
    <p class='ocr_par' dir='ltr' id='par_1_25' title="bbox 453 2358 2030 2429">
     <span class='ocr_line' id='line_1_25' title="bbox 453 2358 2030 2429; baseline -0.004 -14"><span class='ocrx_word' id='word_1_184' title='bbox 453 2361 659 2416; x_wconf 75' lang='lat' dir='ltr'><strong>dixisse</strong></span> <span class='ocrx_word' id='word_1_185' title='bbox 674 2361 954 2422; x_wconf 84' lang='lat' dir='ltr'><strong>scribitur,</strong></span> <span class='ocrx_word' id='word_1_186' title='bbox 981 2379 997 2411; x_wconf 82' lang='grc' dir='ltr'><strong>ι</strong></span> <span class='ocrx_word' id='word_1_187' title='bbox 1032 2358 1140 2429; x_wconf 84' lang='lat' dir='ltr'><strong>Ego</strong></span> <span class='ocrx_word' id='word_1_188' title='bbox 1168 2374 1287 2413; x_wconf 88' lang='lat' dir='ltr'><strong>sum</strong></span> <span class='ocrx_word' id='word_1_189' title='bbox 1310 2359 1422 2422; x_wconf 78' lang='lat' dir='ltr'><strong>lux,</strong></span> <span class='ocrx_word' id='word_1_190' title='bbox 1441 2358 1713 2412; x_wconf 82' lang='lat' dir='ltr'><strong>et&#39;veritas</strong></span> <span class='ocrx_word' id='word_1_191' title='bbox 1731 2368 1784 2412; x_wconf 91' lang='lat' dir='ltr'><strong>et</strong></span> <span class='ocrx_word' id='word_1_192' title='bbox 1803 2358 1907 2410; x_wconf 83' lang='lat' dir='ltr'><strong>vita</strong></span> <span class='ocrx_word' id='word_1_193' title='bbox 1932 2358 2030 2410; x_wconf 80' lang='grc'><strong>⁶⁹.›</strong></span> 
     </span>
    </p>
   </div>
   <div class='ocr_carea' id='block_1_26' title="bbox 454 2448 2033 2524">
    <p class='ocr_par' dir='ltr' id='par_1_26' title="bbox 454 2448 2033 2524">
     <span class='ocr_line' id='line_1_26' title="bbox 454 2448 2033 2524; baseline -0.003 -17"><span class='ocrx_word' id='word_1_194' title='bbox 454 2453 582 2508; x_wconf 70' lang='lat' dir='ltr'><strong>Haec</strong></span> <span class='ocrx_word' id='word_1_195' title='bbox 628 2454 817 2524; x_wconf 81' lang='lat' dir='ltr'><strong>igitur,</strong></span> <span class='ocrx_word' id='word_1_196' title='bbox 853 2452 1054 2506; x_wconf 70' lang='lat' dir='ltr'><strong>veritas</strong></span> <span class='ocrx_word' id='word_1_197' title='bbox 1085 2451 1295 2505; x_wconf 84' lang='lat' dir='ltr'><strong>scilicet</strong></span> <span class='ocrx_word' id='word_1_198' title='bbox 1329 2461 1385 2503; x_wconf 89' lang='lat' dir='ltr'><strong>et</strong></span> <span class='ocrx_word' id='word_1_199' title='bbox 1423 2448 1637 2517; x_wconf 79' lang='lat' dir='ltr'><strong>iustitia</strong></span> <span class='ocrx_word' id='word_1_200' title='bbox 1673 2450 1811 2519; x_wconf 82' lang='lat' dir='ltr'><strong>ejus,</strong></span> <span class='ocrx_word' id='word_1_201' title='bbox 1843 2450 1934 2519; x_wconf 85' lang='lat' dir='ltr'><strong>qui</strong></span> <span class='ocrx_word' id='word_1_202' title='bbox 1968 2465 2033 2503; x_wconf 84' lang='lat' dir='ltr'><strong>ex</strong></span> 
     </span>
    </p>
   </div>
   <div class='ocr_carea' id='block_1_27' title="bbox 455 2542 2037 2615">
    <p class='ocr_par' dir='ltr' id='par_1_27' title="bbox 455 2542 2037 2615">
     <span class='ocr_line' id='line_1_27' title="bbox 455 2542 2037 2615; baseline -0.003 -15"><span class='ocrx_word' id='word_1_203' title='bbox 455 2546 639 2600; x_wconf 79' lang='lat' dir='ltr'><strong>radice</strong></span> <span class='ocrx_word' id='word_1_204' title='bbox 684 2545 855 2601; x_wconf 73' lang='lat' dir='ltr'><strong>Jessa:</strong></span> <span class='ocrx_word' id='word_1_205' title='bbox 896 2544 1197 2615; x_wconf 88' lang='lat' dir='ltr'><strong>prodierat,</strong></span> <span class='ocrx_word' id='word_1_206' title='bbox 1259 2542 1708 2612; x_wconf 80' lang='lat' dir='ltr'><strong>constringebant</strong></span> <span class='ocrx_word' id='word_1_207' title='bbox 1760 2542 1933 2596; x_wconf 84' lang='lat' dir='ltr'><strong>latera</strong></span> <span class='ocrx_word' id='word_1_208' title='bbox 1981 2551 2037 2597; x_wconf 88' lang='lat' dir='ltr'><strong>et</strong></span> 
     </span>
    </p>
   </div>
   <div class='ocr_carea' id='block_1_28' title="bbox 454 2633 2037 2707">
    <p class='ocr_par' dir='ltr' id='par_1_28' title="bbox 454 2633 2037 2707">
     <span class='ocr_line' id='line_1_28' title="bbox 454 2633 2037 2707; baseline -0.003 -14"><span class='ocrx_word' id='word_1_209' title='bbox 454 2637 665 2693; x_wconf 90' lang='lat' dir='ltr'><strong>lumbos</strong></span> <span class='ocrx_word' id='word_1_210' title='bbox 693 2640 747 2691; x_wconf 91' lang='lat' dir='ltr'><strong>in</strong></span> <span class='ocrx_word' id='word_1_211' title='bbox 787 2637 933 2707; x_wconf 86' lang='lat' dir='ltr'><strong>regio</strong></span> <span class='ocrx_word' id='word_1_212' title='bbox 971 2645 1026 2689; x_wconf 84' lang='lat' dir='ltr'><strong>et</strong></span> <span class='ocrx_word' id='word_1_213' title='bbox 1072 2633 1295 2688; x_wconf 89' lang='lat' dir='ltr'><strong>militari</strong></span> <span class='ocrx_word' id='word_1_214' title='bbox 1340 2634 1525 2688; x_wconf 88' lang='lat' dir='ltr'><strong>habitu</strong></span> <span class='ocrx_word' id='word_1_215' title='bbox 1554 2675 1569 2699; x_wconf 95' lang='lat'><strong>,</strong></span> <span class='ocrx_word' id='word_1_216' title='bbox 1608 2648 1859 2688; x_wconf 89' lang='lat' dir='ltr'><strong>sermone</strong></span> <span class='ocrx_word' id='word_1_217' title='bbox 1920 2633 2037 2700; x_wconf 90' lang='lat' dir='ltr'><strong>ejus</strong></span> 
     </span>
    </p>
   </div>
   <div class='ocr_carea' id='block_1_29' title="bbox 452 2725 2035 2797">
    <p class='ocr_par' dir='ltr' id='par_1_29' title="bbox 452 2725 2035 2797">
     <span class='ocr_line' id='line_1_29' title="bbox 452 2725 2035 2797; baseline -0.003 -13"><span class='ocrx_word' id='word_1_218' title='bbox 452 2742 642 2786; x_wconf 89' lang='lat' dir='ltr'><strong>contra</strong></span> <span class='ocrx_word' id='word_1_219' title='bbox 669 2729 910 2786; x_wconf 88' lang='lat' dir='ltr'><strong>occultos</strong></span> <span class='ocrx_word' id='word_1_220' title='bbox 931 2738 985 2784; x_wconf 91' lang='lat' dir='ltr'><strong>et</strong></span> <span class='ocrx_word' id='word_1_221' title='bbox 1026 2725 1328 2783; x_wconf 84' lang='lat' dir='ltr'><strong>invisibiles</strong></span> <span class='ocrx_word' id='word_1_222' title='bbox 1366 2728 1550 2782; x_wconf 88' lang='lat' dir='ltr'><strong>hostes</strong></span> <span class='ocrx_word' id='word_1_223' title='bbox 1584 2734 1904 2797; x_wconf 84' lang='lat' dir='ltr'><strong>apparatum</strong></span> <span class='ocrx_word' id='word_1_224' title='bbox 1938 2725 2035 2780; x_wconf 88' lang='lat' dir='ltr'><strong>de-</strong></span> 
     </span>
    </p>
   </div>
   <div class='ocr_carea' id='block_1_30' title="bbox 450 2827 714 2882">
    <p class='ocr_par' dir='ltr' id='par_1_30' title="bbox 450 2827 714 2882">
     <span class='ocr_line' id='line_1_30' title="bbox 450 2827 714 2882; baseline -0.008 0"><span class='ocrx_word' id='word_1_225' title='bbox 450 2827 714 2882; x_wconf 82' lang='lat' dir='ltr'><strong>Olaraute.</strong></span> 
     </span>
    </p>
   </div>
   <div class='ocr_carea' id='block_1_31' title="bbox 524 2997 2034 3071">
    <p class='ocr_par' dir='ltr' id='par_1_31' title="bbox 524 2997 2034 3071">
     <span class='ocr_line' id='line_1_31' title="bbox 524 2997 2034 3071; baseline -0.003 -12"><span class='ocrx_word' id='word_1_226' title='bbox 524 3001 686 3059; x_wconf 70' lang='lat' dir='ltr'><strong>Vens.</strong></span> <span class='ocrx_word' id='word_1_227' title='bbox 722 3003 775 3058; x_wconf 88' lang='lat'><strong>6.</strong></span> <span class='ocrx_word' id='word_1_228' title='bbox 824 3022 843 3054; x_wconf 80' lang='grc' dir='ltr'><strong>ι</strong></span> <span class='ocrx_word' id='word_1_229' title='bbox 872 3002 941 3057; x_wconf 85' lang='grc' dir='ltr'>Ει</span> <span class='ocrx_word' id='word_1_230' title='bbox 979 3002 1138 3058; x_wconf 88' lang='lat' dir='ltr'><strong>simul</strong></span> <span class='ocrx_word' id='word_1_231' title='bbox 1194 3010 1380 3071; x_wconf 85' lang='lat' dir='ltr'><strong>pascet</strong></span> <span class='ocrx_word' id='word_1_232' title='bbox 1428 2997 1586 3070; x_wconf 88' lang='lat' dir='ltr'><strong>lupus</strong></span> <span class='ocrx_word' id='word_1_233' title='bbox 1612 3014 1737 3055; x_wconf 90' lang='lat' dir='ltr'><strong>cum</strong></span> <span class='ocrx_word' id='word_1_234' title='bbox 1774 3012 1937 3071; x_wconf 84' lang='lat' dir='ltr'><strong>agno,</strong></span> <span class='ocrx_word' id='word_1_235' title='bbox 1978 3008 2034 3055; x_wconf 91' lang='lat' dir='ltr'><strong>et</strong></span> 
     </span>
    </p>
   </div>
   <div class='ocr_carea' id='block_1_32' title="bbox 450 3092 2033 3165">
    <p class='ocr_par' dir='ltr' id='par_1_32' title="bbox 450 3092 2033 3165">
     <span class='ocr_line' id='line_1_32' title="bbox 450 3092 2033 3165; baseline 0 -18"><span class='ocrx_word' id='word_1_236' title='bbox 450 3097 652 3165; x_wconf 85' lang='lat' dir='ltr'><strong>pardus</strong></span> <span class='ocrx_word' id='word_1_237' title='bbox 681 3110 806 3149; x_wconf 91' lang='lat' dir='ltr'><strong>cum</strong></span> <span class='ocrx_word' id='word_1_238' title='bbox 836 3094 989 3149; x_wconf 82' lang='lat' dir='ltr'><strong>haedo</strong></span> <span class='ocrx_word' id='word_1_239' title='bbox 1026 3095 1352 3149; x_wconf 87' lang='lat' dir='ltr'><strong>accubabit:</strong></span> <span class='ocrx_word' id='word_1_240' title='bbox 1381 3102 1435 3149; x_wconf 92' lang='lat' dir='ltr'><strong>et</strong></span> <span class='ocrx_word' id='word_1_241' title='bbox 1466 3092 1689 3158; x_wconf 85' lang='lat' dir='ltr'><strong>vitulus,</strong></span> <span class='ocrx_word' id='word_1_242' title='bbox 1724 3102 1778 3147; x_wconf 87' lang='lat' dir='ltr'><strong>et</strong></span> <span class='ocrx_word' id='word_1_243' title='bbox 1824 3104 2033 3159; x_wconf 90' lang='lat' dir='ltr'><strong>taurus,</strong></span> 
     </span>
    </p>
   </div>
   <div class='ocr_carea' id='block_1_33' title="bbox 450 3187 2033 3257">
    <p class='ocr_par' dir='ltr' id='par_1_33' title="bbox 450 3187 2033 3257">
     <span class='ocr_line' id='line_1_33' title="bbox 450 3187 2033 3257; baseline 0 -17"><span class='ocrx_word' id='word_1_244' title='bbox 450 3198 504 3242; x_wconf 89' lang='lat' dir='ltr'><strong>ct</strong></span> <span class='ocrx_word' id='word_1_245' title='bbox 533 3192 615 3243; x_wconf 89' lang='lat' dir='ltr'><strong>leo</strong></span> <span class='ocrx_word' id='word_1_246' title='bbox 643 3187 806 3244; x_wconf 88' lang='lat' dir='ltr'><strong>simul</strong></span> <span class='ocrx_word' id='word_1_247' title='bbox 835 3198 1088 3257; x_wconf 87' lang='lat' dir='ltr'><strong>pascent,</strong></span> <span class='ocrx_word' id='word_1_248' title='bbox 1119 3196 1174 3242; x_wconf 87' lang='lat' dir='ltr'><strong>et</strong></span> <span class='ocrx_word' id='word_1_249' title='bbox 1212 3202 1346 3257; x_wconf 91' lang='lat' dir='ltr'><strong>puer</strong></span> <span class='ocrx_word' id='word_1_250' title='bbox 1372 3187 1632 3257; x_wconf 89' lang='lat' dir='ltr'><strong>parvulus</strong></span> <span class='ocrx_word' id='word_1_251' title='bbox 1663 3194 1789 3257; x_wconf 83' lang='lat' dir='ltr'><strong>aget</strong></span> <span class='ocrx_word' id='word_1_252' title='bbox 1819 3202 1947 3243; x_wconf 86' lang='lat' dir='ltr'><strong>eos:</strong></span> <span class='ocrx_word' id='word_1_253' title='bbox 1978 3194 2033 3241; x_wconf 89' lang='lat' dir='ltr'><strong>et</strong></span> 
     </span>
    </p>
   </div>
   <div class='ocr_carea' id='block_1_34' title="bbox 2165 610 3757 692">
    <p class='ocr_par' dir='ltr' id='par_1_34' title="bbox 2165 610 3757 692">
     <span class='ocr_line' id='line_1_34' title="bbox 2165 610 3757 692; baseline 0.011 -32"><span class='ocrx_word' id='word_1_254' title='bbox 2165 610 2331 680; x_wconf 78' lang='grc' dir='ltr'>ρηνην</span> <span class='ocrx_word' id='word_1_255' title='bbox 2382 612 2474 664; x_wconf 74' lang='grc' dir='ltr'><strong>ἐπὶ</strong></span> <span class='ocrx_word' id='word_1_256' title='bbox 2504 612 2601 683; x_wconf 79' lang='grc' dir='ltr'>τὴν</span> <span class='ocrx_word' id='word_1_257' title='bbox 2630 612 2753 683; x_wconf 76' lang='grc' dir='ltr'>γῆν·</span> <span class='ocrx_word' id='word_1_258' title='bbox 2790 617 2890 667; x_wconf 90' lang='grc' dir='ltr'><strong>ούκ</strong></span> <span class='ocrx_word' id='word_1_259' title='bbox 2920 610 3083 684; x_wconf 84' lang='grc' dir='ltr'>ἦλθον</span> <span class='ocrx_word' id='word_1_260' title='bbox 3118 615 3298 684; x_wconf 85' lang='grc' dir='ltr'>βαλεῖν</span> <span class='ocrx_word' id='word_1_261' title='bbox 3330 620 3574 692; x_wconf 73' lang='grc' dir='ltr'>εἰρήνην,</span> <span class='ocrx_word' id='word_1_262' title='bbox 3615 623 3757 679; x_wconf 84' lang='grc' dir='ltr'><strong>ἀλλά</strong></span> 
     </span>
    </p>
   </div>
   <div class='ocr_carea' id='block_1_35' title="bbox 2164 700 3755 781">
    <p class='ocr_par' dir='ltr' id='par_1_35' title="bbox 2164 700 3755 781">
     <span class='ocr_line' id='line_1_35' title="bbox 2164 700 3755 781; baseline 0.01 -28"><span class='ocrx_word' id='word_1_263' title='bbox 2164 701 2459 771; x_wconf 84' lang='grc' dir='ltr'>μάχαιραν.</span> <span class='ocrx_word' id='word_1_264' title='bbox 2498 721 2515 753; x_wconf 80' lang='grc' dir='ltr'>ι</span> <span class='ocrx_word' id='word_1_265' title='bbox 2542 702 2799 773; x_wconf 84' lang='grc' dir='ltr'>Μάχαιρα</span> <span class='ocrx_word' id='word_1_266' title='bbox 2823 704 2879 756; x_wconf 84' lang='grc' dir='ltr'>δὲ</span> <span class='ocrx_word' id='word_1_267' title='bbox 2908 700 2975 774; x_wconf 80' lang='grc' dir='ltr'><strong>ἦν</strong></span> <span class='ocrx_word' id='word_1_268' title='bbox 3003 708 3031 758; x_wconf 89' lang='grc' dir='ltr'><strong>ὁ</strong></span> <span class='ocrx_word' id='word_1_269' title='bbox 3050 704 3206 774; x_wconf 88' lang='grc' dir='ltr'>λόγος</span> <span class='ocrx_word' id='word_1_270' title='bbox 3230 706 3323 760; x_wconf 84' lang='grc' dir='ltr'><strong>τοῦ</strong></span> <span class='ocrx_word' id='word_1_271' title='bbox 3357 710 3622 781; x_wconf 88' lang='grc' dir='ltr'>στόματος</span> <span class='ocrx_word' id='word_1_272' title='bbox 3656 716 3755 768; x_wconf 84' lang='grc' dir='ltr'>αὑ-</span> 
     </span>
    </p>
   </div>
   <div class='ocr_carea' id='block_1_36' title="bbox 2159 785 3755 872">
    <p class='ocr_par' dir='ltr' id='par_1_36' title="bbox 2159 785 3755 872">
     <span class='ocr_line' id='line_1_36' title="bbox 2159 785 3755 872; baseline 0.009 -27"><span class='ocrx_word' id='word_1_273' title='bbox 2159 791 2275 856; x_wconf 89' lang='grc' dir='ltr'>τοῦ,</span> <span class='ocrx_word' id='word_1_274' title='bbox 2303 791 2369 844; x_wconf 81' lang='grc' dir='ltr'>δι’</span> <span class='ocrx_word' id='word_1_275' title='bbox 2394 785 2455 845; x_wconf 80' lang='grc' dir='ltr'><strong>οῦ</strong></span> <span class='ocrx_word' id='word_1_276' title='bbox 2484 793 2582 864; x_wconf 78' lang='grc' dir='ltr'>τὴν</span> <span class='ocrx_word' id='word_1_277' title='bbox 2616 793 2718 863; x_wconf 83' lang='grc' dir='ltr'>γῆν</span> <span class='ocrx_word' id='word_1_278' title='bbox 2752 794 2847 847; x_wconf 74' lang='grc' dir='ltr'><strong>καὶ</strong></span> <span class='ocrx_word' id='word_1_279' title='bbox 2871 794 2938 847; x_wconf 85' lang='grc' dir='ltr'><strong>τά</strong></span> <span class='ocrx_word' id='word_1_280' title='bbox 2969 795 3143 867; x_wconf 84' lang='grc' dir='ltr'><strong>γεώδη</strong></span> <span class='ocrx_word' id='word_1_281' title='bbox 3188 801 3511 872; x_wconf 75' lang='grc' dir='ltr'>φρονήματα</span> <span class='ocrx_word' id='word_1_282' title='bbox 3539 805 3648 858; x_wconf 84' lang='grc' dir='ltr'>τῶν</span> <span class='ocrx_word' id='word_1_283' title='bbox 3671 810 3755 870; x_wconf 86' lang='grc' dir='ltr'><strong>είς</strong></span> 
     </span>
    </p>
   </div>
   <div class='ocr_carea' id='block_1_37' title="bbox 2158 882 3753 965">
    <p class='ocr_par' dir='ltr' id='par_1_37' title="bbox 2158 882 3753 965">
     <span class='ocr_line' id='line_1_37' title="bbox 2158 882 3753 965; baseline 0.01 -31"><span class='ocrx_word' id='word_1_284' title='bbox 2158 882 2318 934; x_wconf 74' lang='grc' dir='ltr'>αὑτὸν</span> <span class='ocrx_word' id='word_1_285' title='bbox 2358 884 2797 937; x_wconf 82' lang='grc' dir='ltr'><strong>πεπιστευκότων</strong></span> <span class='ocrx_word' id='word_1_286' title='bbox 2827 886 3039 958; x_wconf 77' lang='grc' dir='ltr'>ἀνῄρει.</span> <span class='ocrx_word' id='word_1_287' title='bbox 3079 905 3098 939; x_wconf 73' lang='grc' dir='ltr'><strong>ι</strong></span> <span class='ocrx_word' id='word_1_288' title='bbox 3146 890 3254 942; x_wconf 77' lang='grc' dir='ltr'><strong>Καὶ</strong></span> <span class='ocrx_word' id='word_1_289' title='bbox 3287 891 3344 943; x_wconf 82' lang='grc' dir='ltr'>ὲν</span> <span class='ocrx_word' id='word_1_290' title='bbox 3374 893 3647 965; x_wconf 88' lang='grc' dir='ltr'>πνεύματι</span> <span class='ocrx_word' id='word_1_291' title='bbox 3663 897 3753 950; x_wconf 78' lang='grc' dir='ltr'><strong>δοά</strong></span> 
     </span>
    </p>
   </div>
   <div class='ocr_carea' id='block_1_38' title="bbox 2158 964 3754 1056">
    <p class='ocr_par' dir='ltr' id='par_1_38' title="bbox 2158 964 3754 1056">
     <span class='ocr_line' id='line_1_38' title="bbox 2158 964 3754 1056; baseline 0.009 -29"><span class='ocrx_word' id='word_1_292' title='bbox 2158 975 2379 1044; x_wconf 76' lang='grc' dir='ltr'><strong>χειλέων</strong></span> <span class='ocrx_word' id='word_1_293' title='bbox 2434 976 2610 1031; x_wconf 81' lang='grc' dir='ltr'>ἀνελεῖ</span> <span class='ocrx_word' id='word_1_294' title='bbox 2654 978 2842 1048; x_wconf 82' lang='grc' dir='ltr'>ἀσεϐῆ.</span> <span class='ocrx_word' id='word_1_295' title='bbox 2888 998 2907 1029; x_wconf 72' lang='grc' dir='ltr'>ι</span> <span class='ocrx_word' id='word_1_296' title='bbox 2936 964 3158 1033; x_wconf 74' lang='grc' dir='ltr'>’Ἄνελεῖ</span> <span class='ocrx_word' id='word_1_297' title='bbox 3182 983 3361 1037; x_wconf 81' lang='grc' dir='ltr'>τοίνυν</span> <span class='ocrx_word' id='word_1_298' title='bbox 3395 964 3588 1056; x_wconf 84' lang='grc' dir='ltr'>ἀσεϐῆ,</span> <span class='ocrx_word' id='word_1_299' title='bbox 3636 993 3754 1052; x_wconf 86' lang='grc' dir='ltr'>τοῖς</span> 
     </span>
    </p>
   </div>
   <div class='ocr_carea' id='block_1_39' title="bbox 2157 1065 3749 1149">
    <p class='ocr_par' dir='ltr' id='par_1_39' title="bbox 2157 1065 3749 1149">
     <span class='ocr_line' id='line_1_39' title="bbox 2157 1065 3749 1149; baseline 0.008 -31"><span class='ocrx_word' id='word_1_300' title='bbox 2157 1065 2337 1130; x_wconf 82' lang='grc' dir='ltr'>ἀθέοις</span> <span class='ocrx_word' id='word_1_301' title='bbox 2374 1068 2464 1119; x_wconf 71' lang='grc' dir='ltr'>καὶ</span> <span class='ocrx_word' id='word_1_302' title='bbox 2491 1067 2709 1121; x_wconf 90' lang='grc' dir='ltr'>ἀσεϐέσι</span> <span class='ocrx_word' id='word_1_303' title='bbox 2739 1068 2987 1139; x_wconf 74' lang='grc' dir='ltr'>δαίμοσιν</span> <span class='ocrx_word' id='word_1_304' title='bbox 3020 1072 3291 1143; x_wconf 76' lang='grc' dir='ltr'>ἐπιτιμῶν</span> <span class='ocrx_word' id='word_1_305' title='bbox 3339 1073 3419 1145; x_wconf 82' lang='grc' dir='ltr'>τῷ</span> <span class='ocrx_word' id='word_1_306' title='bbox 3452 1077 3749 1149; x_wconf 87' lang='grc' dir='ltr'>πνεύματι,</span> 
     </span>
    </p>
   </div>
   <div class='ocr_carea' id='block_1_40' title="bbox 2157 1158 3750 1235">
    <p class='ocr_par' dir='ltr' id='par_1_40' title="bbox 2157 1158 3750 1235">
     <span class='ocr_line' id='line_1_40' title="bbox 2157 1158 3750 1235; baseline 0.006 -24"><span class='ocrx_word' id='word_1_307' title='bbox 2157 1158 2251 1211; x_wconf 77' lang='grc' dir='ltr'><strong>καὶ</strong></span> <span class='ocrx_word' id='word_1_308' title='bbox 2279 1158 2496 1231; x_wconf 72' lang='grc' dir='ltr'>μακρὰν</span> <span class='ocrx_word' id='word_1_309' title='bbox 2518 1158 2715 1223; x_wconf 73' lang='grc' dir='ltr'>αὐτοὺς</span> <span class='ocrx_word' id='word_1_310' title='bbox 2737 1158 2979 1214; x_wconf 78' lang='grc' dir='ltr'>ἐλαύνων</span> <span class='ocrx_word' id='word_1_311' title='bbox 3004 1161 3081 1232; x_wconf 80' lang='grc' dir='ltr'>τῷ</span> <span class='ocrx_word' id='word_1_312' title='bbox 3101 1161 3190 1216; x_wconf 79' lang='grc' dir='ltr'><strong>διὰ</strong></span> <span class='ocrx_word' id='word_1_313' title='bbox 3206 1163 3313 1215; x_wconf 84' lang='grc' dir='ltr'>τῶν</span> <span class='ocrx_word' id='word_1_314' title='bbox 3333 1165 3555 1235; x_wconf 76' lang='grc' dir='ltr'>χειλέων</span> <span class='ocrx_word' id='word_1_315' title='bbox 3582 1169 3750 1221; x_wconf 79' lang='grc' dir='ltr'>αὐτοῦ</span> 
     </span>
    </p>
   </div>
   <div class='ocr_carea' id='block_1_41' title="bbox 2156 1239 3751 1325">
    <p class='ocr_par' dir='ltr' id='par_1_41' title="bbox 2156 1239 3751 1325">
     <span class='ocr_line' id='line_1_41' title="bbox 2156 1239 3751 1325; baseline 0.006 -23"><span class='ocrx_word' id='word_1_316' title='bbox 2156 1251 2548 1322; x_wconf 80' lang='grc' dir='ltr'>προφερομένῳ</span> <span class='ocrx_word' id='word_1_317' title='bbox 2577 1239 2739 1322; x_wconf 71' lang='grc' dir='ltr'>λόγῳο</span> <span class='ocrx_word' id='word_1_318' title='bbox 2776 1253 2850 1317; x_wconf 83' lang='grc' dir='ltr'>ὡς</span> <span class='ocrx_word' id='word_1_319' title='bbox 2880 1252 3008 1323; x_wconf 83' lang='grc' dir='ltr'>βοᾷν</span> <span class='ocrx_word' id='word_1_320' title='bbox 3046 1254 3243 1316; x_wconf 77' lang='grc' dir='ltr'>αὐτοὺς</span> <span class='ocrx_word' id='word_1_321' title='bbox 3268 1255 3363 1308; x_wconf 76' lang='grc' dir='ltr'><strong>καὶ</strong></span> <span class='ocrx_word' id='word_1_322' title='bbox 3394 1256 3592 1325; x_wconf 74' lang='grc' dir='ltr'>λέγειν’</span> <span class='ocrx_word' id='word_1_323' title='bbox 3623 1278 3643 1309; x_wconf 76' lang='grc' dir='ltr'><strong>ι</strong></span> <span class='ocrx_word' id='word_1_324' title='bbox 3682 1260 3751 1317; x_wconf 79' lang='grc' dir='ltr'>Τί</span> 
     </span>
    </p>
   </div>
   <div class='ocr_carea' id='block_1_42' title="bbox 2155 1342 3750 1423">
    <p class='ocr_par' dir='ltr' id='par_1_42' title="bbox 2155 1342 3750 1423">
     <span class='ocr_line' id='line_1_42' title="bbox 2155 1342 3750 1423; baseline 0.008 -29"><span class='ocrx_word' id='word_1_325' title='bbox 2155 1344 2284 1414; x_wconf 78' lang='grc' dir='ltr'>ἡμῖν</span> <span class='ocrx_word' id='word_1_326' title='bbox 2318 1346 2413 1398; x_wconf 79' lang='grc' dir='ltr'><strong>καὶ</strong></span> <span class='ocrx_word' id='word_1_327' title='bbox 2466 1346 2569 1411; x_wconf 74' lang='grc' dir='ltr'>σοὶ,</span> <span class='ocrx_word' id='word_1_328' title='bbox 2607 1345 2701 1398; x_wconf 81' lang='grc' dir='ltr'><strong>Υἱὲ</strong></span> <span class='ocrx_word' id='word_1_329' title='bbox 2730 1345 2822 1398; x_wconf 82' lang='grc' dir='ltr'><strong>τοῦ</strong></span> <span class='ocrx_word' id='word_1_330' title='bbox 2850 1346 3018 1410; x_wconf 86' lang='grc' dir='ltr'>Θεοῦ;</span> <span class='ocrx_word' id='word_1_331' title='bbox 3068 1342 3231 1417; x_wconf 80' lang='grc' dir='ltr'>ἦλθες</span> <span class='ocrx_word' id='word_1_332' title='bbox 3272 1350 3378 1419; x_wconf 86' lang='grc' dir='ltr'><strong>πρὸ</strong></span> <span class='ocrx_word' id='word_1_333' title='bbox 3412 1350 3606 1423; x_wconf 80' lang='grc' dir='ltr'><strong>καιροῦ</strong></span> <span class='ocrx_word' id='word_1_334' title='bbox 3650 1351 3750 1421; x_wconf 87' lang='grc' dir='ltr'><strong>βα-</strong></span> 
     </span>
    </p>
   </div>
   <div class='ocr_carea' id='block_1_43' title="bbox 2156 1435 3741 1518">
    <p class='ocr_par' dir='ltr' id='par_1_43' title="bbox 2156 1435 3741 1518">
     <span class='ocr_line' id='line_1_43' title="bbox 2156 1435 3741 1518; baseline 0.007 -31"><span class='ocrx_word' id='word_1_335' title='bbox 2156 1435 2367 1489; x_wconf 87' lang='grc' dir='ltr'>σανίσαι</span> <span class='ocrx_word' id='word_1_336' title='bbox 2394 1438 2560 1518; x_wconf 81' lang='grc' dir='ltr'>ἡμᾶς.</span> <span class='ocrx_word' id='word_1_337' title='bbox 2588 1438 2820 1509; x_wconf 78' lang='grc' dir='ltr'>Οίδαμέν</span> <span class='ocrx_word' id='word_1_338' title='bbox 2848 1456 2905 1491; x_wconf 89' lang='grc' dir='ltr'><strong>σε</strong></span> <span class='ocrx_word' id='word_1_339' title='bbox 2934 1440 3018 1502; x_wconf 87' lang='grc' dir='ltr'><strong>τίς</strong></span> <span class='ocrx_word' id='word_1_340' title='bbox 3050 1435 3119 1503; x_wconf 83' lang='grc' dir='ltr'><strong>εἷ,</strong></span> <span class='ocrx_word' id='word_1_341' title='bbox 3155 1442 3184 1493; x_wconf 88' lang='grc' dir='ltr'><strong>ό</strong></span> <span class='ocrx_word' id='word_1_342' title='bbox 3212 1440 3364 1509; x_wconf 80' lang='grc' dir='ltr'>ἅγιος</span> <span class='ocrx_word' id='word_1_343' title='bbox 3396 1442 3489 1513; x_wconf 76' lang='grc' dir='ltr'><strong>τοῦ</strong></span> <span class='ocrx_word' id='word_1_344' title='bbox 3519 1443 3682 1498; x_wconf 84' lang='grc' dir='ltr'>Θεοῦ.</span> <span class='ocrx_word' id='word_1_345' title='bbox 3719 1463 3741 1497; x_wconf 73' lang='grc' dir='ltr'>ι</span> 
     </span>
    </p>
   </div>
   <div class='ocr_carea' id='block_1_44' title="bbox 2229 1527 3744 1623">
    <p class='ocr_par' dir='ltr' id='par_1_44' title="bbox 2229 1527 3744 1623">
     <span class='ocr_line' id='line_1_44' title="bbox 2229 1527 3744 1623; baseline 0.009 -46"><span class='ocrx_word' id='word_1_346' title='bbox 2229 1544 2247 1577; x_wconf 78' lang='grc' dir='ltr'><strong>ι</strong></span> <span class='ocrx_word' id='word_1_347' title='bbox 2272 1529 2382 1581; x_wconf 72' lang='grc' dir='ltr'><strong>Καὶ</strong></span> <span class='ocrx_word' id='word_1_348' title='bbox 2401 1527 2551 1581; x_wconf 79' lang='grc' dir='ltr'>ἔσται</span> <span class='ocrx_word' id='word_1_349' title='bbox 2574 1528 2886 1602; x_wconf 80' lang='grc' dir='ltr'>δικαιοσύνῃ</span> <span class='ocrx_word' id='word_1_350' title='bbox 2911 1531 3217 1603; x_wconf 78' lang='grc' dir='ltr'>ἐζωσμένος</span> <span class='ocrx_word' id='word_1_351' title='bbox 3232 1532 3329 1605; x_wconf 79' lang='grc' dir='ltr'><strong>τὴν</strong></span> <span class='ocrx_word' id='word_1_352' title='bbox 3359 1534 3530 1603; x_wconf 79' lang='grc' dir='ltr'>ὀσφὺν</span> <span class='ocrx_word' id='word_1_353' title='bbox 3552 1536 3744 1623; x_wconf 49' lang='grc' dir='ltr'>αύτοῦ,</span> 
     </span>
    </p>
   </div>
   <div class='ocr_carea' id='block_1_45' title="bbox 2150 1617 3747 1699">
    <p class='ocr_par' dir='ltr' id='par_1_45' title="bbox 2150 1617 3747 1699">
     <span class='ocr_line' id='line_1_45' title="bbox 2150 1617 3747 1699; baseline 0.006 -27"><span class='ocrx_word' id='word_1_354' title='bbox 2150 1617 2243 1672; x_wconf 74' lang='grc' dir='ltr'>καὶ</span> <span class='ocrx_word' id='word_1_355' title='bbox 2278 1618 2505 1691; x_wconf 76' lang='grc' dir='ltr'>ἀληθείᾳ</span> <span class='ocrx_word' id='word_1_356' title='bbox 2531 1619 2814 1692; x_wconf 81' lang='grc' dir='ltr'>είλημένος</span> <span class='ocrx_word' id='word_1_357' title='bbox 2842 1622 2940 1687; x_wconf 77' lang='grc' dir='ltr'>τὰς</span> <span class='ocrx_word' id='word_1_358' title='bbox 2981 1622 3221 1694; x_wconf 73' lang='grc' dir='ltr'>πλευρὰς</span> <span class='ocrx_word' id='word_1_359' title='bbox 3260 1625 3449 1682; x_wconf 78' lang='grc' dir='ltr'>αὐτοῦ.</span> <span class='ocrx_word' id='word_1_360' title='bbox 3481 1646 3499 1677; x_wconf 82' lang='grc' dir='ltr'>ι</span> <span class='ocrx_word' id='word_1_361' title='bbox 3531 1617 3747 1699; x_wconf 74' lang='grc' dir='ltr'>Ὥσπερ</span> 
     </span>
    </p>
   </div>
   <div class='ocr_carea' id='block_1_46' title="bbox 2149 1710 3746 1786">
    <p class='ocr_par' dir='ltr' id='par_1_46' title="bbox 2149 1710 3746 1786">
     <span class='ocr_line' id='line_1_46' title="bbox 2149 1710 3746 1786; baseline 0.008 -23"><span class='ocrx_word' id='word_1_362' title='bbox 2149 1710 2257 1782; x_wconf 88' lang='grc' dir='ltr'><strong>γάρ</strong></span> <span class='ocrx_word' id='word_1_363' title='bbox 2292 1710 2545 1781; x_wconf 84' lang='grc' dir='ltr'>βασιλεὺς</span> <span class='ocrx_word' id='word_1_364' title='bbox 2578 1713 2719 1785; x_wconf 79' lang='grc' dir='ltr'>ζώνῃ</span> <span class='ocrx_word' id='word_1_365' title='bbox 2742 1718 2918 1786; x_wconf 83' lang='grc' dir='ltr'>χρυσῇ</span> <span class='ocrx_word' id='word_1_366' title='bbox 2949 1716 3042 1768; x_wconf 77' lang='grc' dir='ltr'><strong>καὶ</strong></span> <span class='ocrx_word' id='word_1_367' title='bbox 3063 1715 3227 1780; x_wconf 77' lang='grc' dir='ltr'>λίθοις</span> <span class='ocrx_word' id='word_1_368' title='bbox 3263 1717 3579 1773; x_wconf 82' lang='grc' dir='ltr'>πολυτελέσι</span> <span class='ocrx_word' id='word_1_369' title='bbox 3604 1719 3746 1785; x_wconf 77' lang='grc' dir='ltr'>ζών-</span> 
     </span>
    </p>
   </div>
   <div class='ocr_carea' id='block_1_47' title="bbox 2108 1796 3745 1886">
    <p class='ocr_par' dir='ltr' id='par_1_47' title="bbox 2108 1796 3745 1886">
     <span class='ocr_line' id='line_1_47' title="bbox 2108 1796 3745 1886; baseline 0.008 -31"><span class='ocrx_word' id='word_1_370' title='bbox 2108 1796 2117 1806; x_wconf 87' lang='grc'><em>’</em></span> <span class='ocrx_word' id='word_1_371' title='bbox 2148 1820 2325 1865; x_wconf 89' lang='grc' dir='ltr'>νυται,</span> <span class='ocrx_word' id='word_1_372' title='bbox 2343 1804 2435 1858; x_wconf 82' lang='grc' dir='ltr'><strong>τὸν</strong></span> <span class='ocrx_word' id='word_1_373' title='bbox 2458 1805 2620 1859; x_wconf 79' lang='grc' dir='ltr'>αὑτὸν</span> <span class='ocrx_word' id='word_1_374' title='bbox 2636 1806 2836 1877; x_wconf 80' lang='grc' dir='ltr'>τρόπον</span> <span class='ocrx_word' id='word_1_375' title='bbox 2866 1808 2962 1859; x_wconf 78' lang='grc' dir='ltr'><strong>καὶ</strong></span> <span class='ocrx_word' id='word_1_376' title='bbox 2984 1808 3062 1878; x_wconf 86' lang='grc' dir='ltr'>τῷ</span> <span class='ocrx_word' id='word_1_377' title='bbox 3082 1811 3546 1881; x_wconf 84' lang='grc' dir='ltr'>προφητευομένῳ</span> <span class='ocrx_word' id='word_1_378' title='bbox 3562 1811 3745 1886; x_wconf 75' lang='grc' dir='ltr'>ζώνην</span> 
     </span>
    </p>
   </div>
   <div class='ocr_carea' id='block_1_48' title="bbox 2075 1882 3742 1973">
    <p class='ocr_par' dir='ltr' id='par_1_48' title="bbox 2075 1882 3742 1973">
     <span class='ocr_line' id='line_1_48' title="bbox 2075 1882 3742 1973; baseline 0.006 -25"><span class='ocrx_word' id='word_1_379' title='bbox 2075 1882 2117 1937; x_wconf 77' lang='grc' dir='ltr'>Β</span> <span class='ocrx_word' id='word_1_380' title='bbox 2142 1895 2392 1967; x_wconf 79' lang='grc' dir='ltr'>ἀφορίζει</span> <span class='ocrx_word' id='word_1_381' title='bbox 2423 1897 2519 1968; x_wconf 82' lang='grc' dir='ltr'>τὴν</span> <span class='ocrx_word' id='word_1_382' title='bbox 2545 1897 2893 1970; x_wconf 63' lang='grc' dir='ltr'>δ’καιοσύνην</span> <span class='ocrx_word' id='word_1_383' title='bbox 2937 1899 3031 1953; x_wconf 72' lang='grc' dir='ltr'>καὶ</span> <span class='ocrx_word' id='word_1_384' title='bbox 3070 1902 3166 1973; x_wconf 81' lang='grc' dir='ltr'>τὴν</span> <span class='ocrx_word' id='word_1_385' title='bbox 3192 1900 3468 1972; x_wconf 78' lang='grc' dir='ltr'>ἀλήθειαν.</span> <span class='ocrx_word' id='word_1_386' title='bbox 3504 1882 3742 1958; x_wconf 69' lang='grc' dir='ltr'>Δυνατδν</span> 
     </span>
    </p>
   </div>
   <div class='ocr_carea' id='block_1_49' title="bbox 2142 1987 3736 2062">
    <p class='ocr_par' dir='ltr' id='par_1_49' title="bbox 2142 1987 3736 2062">
     <span class='ocr_line' id='line_1_49' title="bbox 2142 1987 3736 2062; baseline 0.006 -22"><span class='ocrx_word' id='word_1_387' title='bbox 2142 1987 2196 2039; x_wconf 83' lang='grc' dir='ltr'><strong>δὲ</strong></span> <span class='ocrx_word' id='word_1_388' title='bbox 2227 1988 2313 2041; x_wconf 78' lang='grc' dir='ltr'><strong>διὰ</strong></span> <span class='ocrx_word' id='word_1_389' title='bbox 2351 1988 2554 2042; x_wconf 83' lang='grc' dir='ltr'>τούτων</span> <span class='ocrx_word' id='word_1_390' title='bbox 2585 1990 2679 2043; x_wconf 76' lang='grc' dir='ltr'><strong>καὶ</strong></span> <span class='ocrx_word' id='word_1_391' title='bbox 2718 1989 2815 2061; x_wconf 80' lang='grc' dir='ltr'>τὴν</span> <span class='ocrx_word' id='word_1_392' title='bbox 2866 1990 3093 2062; x_wconf 83' lang='grc' dir='ltr'>θεότητα</span> <span class='ocrx_word' id='word_1_393' title='bbox 3132 1992 3227 2045; x_wconf 91' lang='grc' dir='ltr'><strong>τοῦ</strong></span> <span class='ocrx_word' id='word_1_394' title='bbox 3262 1994 3438 2061; x_wconf 87' lang='grc' dir='ltr'>Λόγου</span> <span class='ocrx_word' id='word_1_395' title='bbox 3476 1996 3736 2049; x_wconf 78' lang='grc' dir='ltr'>νοεῖσθαι·</span> 
     </span>
    </p>
   </div>
   <div class='ocr_carea' id='block_1_50' title="bbox 2141 2077 3740 2155">
    <p class='ocr_par' dir='ltr' id='par_1_50' title="bbox 2141 2077 3740 2155">
     <span class='ocr_line' id='line_1_50' title="bbox 2141 2077 3740 2155; baseline 0.006 -22"><span class='ocrx_word' id='word_1_396' title='bbox 2141 2080 2303 2143; x_wconf 75' lang='grc' dir='ltr'>αὐτὸς</span> <span class='ocrx_word' id='word_1_397' title='bbox 2321 2080 2429 2153; x_wconf 89' lang='grc' dir='ltr'><strong>γάρ</strong></span> <span class='ocrx_word' id='word_1_398' title='bbox 2457 2077 2525 2152; x_wconf 77' lang='grc' dir='ltr'>ἦν</span> <span class='ocrx_word' id='word_1_399' title='bbox 2555 2084 2587 2153; x_wconf 80' lang='grc' dir='ltr'>ἡ</span> <span class='ocrx_word' id='word_1_400' title='bbox 2616 2082 2953 2155; x_wconf 79' lang='grc' dir='ltr'>δικαιοσύνη,</span> <span class='ocrx_word' id='word_1_401' title='bbox 2973 2083 3048 2147; x_wconf 87' lang='grc' dir='ltr'>ὡς</span> <span class='ocrx_word' id='word_1_402' title='bbox 3072 2084 3312 2138; x_wconf 81' lang='grc' dir='ltr'>διδάσκει</span> <span class='ocrx_word' id='word_1_403' title='bbox 3341 2085 3515 2155; x_wconf 86' lang='grc' dir='ltr'>λέγων</span> <span class='ocrx_word' id='word_1_404' title='bbox 3536 2090 3564 2141; x_wconf 84' lang='grc' dir='ltr'>ὁ</span> <span class='ocrx_word' id='word_1_405' title='bbox 3582 2089 3740 2143; x_wconf 74' lang='grc' dir='ltr'>Ἀπό-</span> 
     </span>
    </p>
   </div>
   <div class='ocr_carea' id='block_1_51' title="bbox 2142 2171 3737 2247">
    <p class='ocr_par' dir='ltr' id='par_1_51' title="bbox 2142 2171 3737 2247">
     <span class='ocr_line' id='line_1_51' title="bbox 2142 2171 3737 2247; baseline 0.006 -23"><span class='ocrx_word' id='word_1_406' title='bbox 2142 2173 2347 2236; x_wconf 80' lang='grc' dir='ltr'>στολος’</span> <span class='ocrx_word' id='word_1_407' title='bbox 2385 2193 2402 2225; x_wconf 79' lang='grc' dir='ltr'><strong>ι</strong></span> <span class='ocrx_word' id='word_1_408' title='bbox 2445 2171 2542 2237; x_wconf 72' lang='grc' dir='ltr'><strong>’⁸ος</strong></span> <span class='ocrx_word' id='word_1_409' title='bbox 2574 2176 2806 2247; x_wconf 82' lang='grc' dir='ltr'>ἐγενήθη</span> <span class='ocrx_word' id='word_1_410' title='bbox 2840 2178 2972 2247; x_wconf 80' lang='grc' dir='ltr'>ἡμῖν</span> <span class='ocrx_word' id='word_1_411' title='bbox 3008 2177 3169 2245; x_wconf 91' lang='grc' dir='ltr'>σοφία</span> <span class='ocrx_word' id='word_1_412' title='bbox 3200 2178 3307 2232; x_wconf 82' lang='grc' dir='ltr'><strong>ἀπὸ</strong></span> <span class='ocrx_word' id='word_1_413' title='bbox 3332 2179 3491 2243; x_wconf 86' lang='grc' dir='ltr'>Θεοῦ,</span> <span class='ocrx_word' id='word_1_414' title='bbox 3524 2181 3737 2234; x_wconf 80' lang='grc' dir='ltr'>δικαιο·</span> 
     </span>
    </p>
   </div>
   <div class='ocr_carea' id='block_1_52' title="bbox 2143 2265 3739 2342">
    <p class='ocr_par' dir='ltr' id='par_1_52' title="bbox 2143 2265 3739 2342">
     <span class='ocr_line' id='line_1_52' title="bbox 2143 2265 3739 2342; baseline 0.007 -26"><span class='ocrx_word' id='word_1_415' title='bbox 2143 2265 2275 2335; x_wconf 90' lang='grc' dir='ltr'>σύνη</span> <span class='ocrx_word' id='word_1_416' title='bbox 2305 2283 2364 2318; x_wconf 90' lang='grc' dir='ltr'><strong>τε</strong></span> <span class='ocrx_word' id='word_1_417' title='bbox 2406 2268 2499 2320; x_wconf 74' lang='grc' dir='ltr'><strong>καὶ</strong></span> <span class='ocrx_word' id='word_1_418' title='bbox 2530 2269 2815 2339; x_wconf 84' lang='grc' dir='ltr'>ἁγιασμὸς,</span> <span class='ocrx_word' id='word_1_419' title='bbox 2844 2271 2935 2322; x_wconf 77' lang='grc' dir='ltr'><strong>καὶ</strong></span> <span class='ocrx_word' id='word_1_420' title='bbox 2955 2269 3348 2342; x_wconf 83' lang='grc' dir='ltr'>ἀπολύτρωσις.</span> <span class='ocrx_word' id='word_1_421' title='bbox 3385 2290 3403 2322; x_wconf 81' lang='grc' dir='ltr'>ι</span> <span class='ocrx_word' id='word_1_422' title='bbox 3444 2273 3553 2326; x_wconf 78' lang='grc' dir='ltr'>Καὶ</span> <span class='ocrx_word' id='word_1_423' title='bbox 3574 2275 3739 2339; x_wconf 78' lang='grc' dir='ltr'>αὐτὸς</span> 
     </span>
    </p>
   </div>
   <div class='ocr_carea' id='block_1_53' title="bbox 2139 2356 3733 2437">
    <p class='ocr_par' dir='ltr' id='par_1_53' title="bbox 2139 2356 3733 2437">
     <span class='ocr_line' id='line_1_53' title="bbox 2139 2356 3733 2437; baseline 0.007 -29"><span class='ocrx_word' id='word_1_424' title='bbox 2139 2356 2195 2408; x_wconf 85' lang='grc' dir='ltr'><strong>δὲ</strong></span> <span class='ocrx_word' id='word_1_425' title='bbox 2224 2358 2251 2409; x_wconf 85' lang='grc' dir='ltr'>ὁ</span> <span class='ocrx_word' id='word_1_426' title='bbox 2275 2357 2464 2429; x_wconf 85' lang='grc' dir='ltr'>Σωτὴρ</span> <span class='ocrx_word' id='word_1_427' title='bbox 2499 2361 2557 2412; x_wconf 86' lang='grc' dir='ltr'><strong>ἐν</strong></span> <span class='ocrx_word' id='word_1_428' title='bbox 2602 2359 2958 2429; x_wconf 85' lang='grc' dir='ltr'>Εύαγγελίοις</span> <span class='ocrx_word' id='word_1_429' title='bbox 3009 2362 3249 2433; x_wconf 69' lang='grc' dir='ltr'>εἰρηκὼς</span> <span class='ocrx_word' id='word_1_430' title='bbox 3293 2364 3733 2437; x_wconf 83' lang='grc' dir='ltr'>ἀναγέγραπται,</span> 
     </span>
    </p>
   </div>
   <div class='ocr_carea' id='block_1_54' title="bbox 2146 2448 3738 2530">
    <p class='ocr_par' dir='ltr' id='par_1_54' title="bbox 2146 2448 3738 2530">
     <span class='ocr_line' id='line_1_54' title="bbox 2146 2448 3738 2530; baseline 0.007 -30"><span class='ocrx_word' id='word_1_431' title='bbox 2146 2467 2163 2499; x_wconf 75' lang='grc' dir='ltr'><strong>ι</strong></span> <span class='ocrx_word' id='word_1_432' title='bbox 2208 2448 2348 2518; x_wconf 85' lang='grc' dir='ltr'>Ἐγώ</span> <span class='ocrx_word' id='word_1_433' title='bbox 2387 2453 2501 2523; x_wconf 90' lang='grc' dir='ltr'>είμι</span> <span class='ocrx_word' id='word_1_434' title='bbox 2530 2452 2591 2505; x_wconf 87' lang='grc' dir='ltr'><strong>τὸ</strong></span> <span class='ocrx_word' id='word_1_435' title='bbox 2619 2453 2753 2521; x_wconf 86' lang='grc' dir='ltr'>φῶς,</span> <span class='ocrx_word' id='word_1_436' title='bbox 2777 2454 2872 2507; x_wconf 74' lang='grc' dir='ltr'><strong>καὶ</strong></span> <span class='ocrx_word' id='word_1_437' title='bbox 2898 2457 2931 2524; x_wconf 85' lang='grc' dir='ltr'>ἠ</span> <span class='ocrx_word' id='word_1_438' title='bbox 2959 2454 3206 2526; x_wconf 80' lang='grc' dir='ltr'>ἀλήθεια,</span> <span class='ocrx_word' id='word_1_439' title='bbox 3232 2458 3378 2528; x_wconf 77' lang='grc' dir='ltr'>καὶὴ</span> <span class='ocrx_word' id='word_1_440' title='bbox 3404 2457 3537 2530; x_wconf 78' lang='grc' dir='ltr'>ζωή.</span> <span class='ocrx_word' id='word_1_441' title='bbox 3580 2478 3598 2510; x_wconf 80' lang='grc' dir='ltr'>ι</span> <span class='ocrx_word' id='word_1_442' title='bbox 3627 2453 3738 2511; x_wconf 71' lang='grc' dir='ltr'><strong>Αὖ-</strong></span> 
     </span>
    </p>
   </div>
   <div class='ocr_carea' id='block_1_55' title="bbox 2138 2542 3738 2624">
    <p class='ocr_par' dir='ltr' id='par_1_55' title="bbox 2138 2542 3738 2624">
     <span class='ocr_line' id='line_1_55' title="bbox 2138 2542 3738 2624; baseline 0.008 -32"><span class='ocrx_word' id='word_1_443' title='bbox 2138 2557 2228 2593; x_wconf 85' lang='grc' dir='ltr'><strong>ται</strong></span> <span class='ocrx_word' id='word_1_444' title='bbox 2264 2542 2443 2595; x_wconf 82' lang='grc' dir='ltr'>τοίνυν</span> <span class='ocrx_word' id='word_1_445' title='bbox 2474 2545 2505 2614; x_wconf 84' lang='grc' dir='ltr'>ἡ</span> <span class='ocrx_word' id='word_1_446' title='bbox 2531 2543 2759 2615; x_wconf 83' lang='grc' dir='ltr'>ἀλήθεια</span> <span class='ocrx_word' id='word_1_447' title='bbox 2800 2545 2893 2598; x_wconf 78' lang='grc' dir='ltr'><strong>καὶ</strong></span> <span class='ocrx_word' id='word_1_448' title='bbox 2923 2548 2956 2616; x_wconf 83' lang='grc' dir='ltr'><strong>ἡ</strong></span> <span class='ocrx_word' id='word_1_449' title='bbox 3000 2546 3317 2621; x_wconf 90' lang='grc' dir='ltr'>δικαιοσύνη</span> <span class='ocrx_word' id='word_1_450' title='bbox 3358 2549 3450 2601; x_wconf 89' lang='grc' dir='ltr'><strong>τὸν</strong></span> <span class='ocrx_word' id='word_1_451' title='bbox 3480 2552 3544 2603; x_wconf 80' lang='grc' dir='ltr'>ἐκ</span> <span class='ocrx_word' id='word_1_452' title='bbox 3576 2551 3738 2624; x_wconf 76' lang='grc' dir='ltr'>ῥίζης</span> 
     </span>
    </p>
   </div>
   <div class='ocr_carea' id='block_1_56' title="bbox 2153 2632 3737 2718">
    <p class='ocr_par' dir='ltr' id='par_1_56' title="bbox 2153 2632 3737 2718">
     <span class='ocr_line' id='line_1_56' title="bbox 2153 2632 3737 2718; baseline 0.008 -32"><span class='ocrx_word' id='word_1_453' title='bbox 2153 2632 2350 2687; x_wconf 74' lang='grc' dir='ltr'>Ἰεσσαὶ</span> <span class='ocrx_word' id='word_1_454' title='bbox 2381 2653 2773 2707; x_wconf 87' lang='grc' dir='ltr'>περιεσφιγγον</span> <span class='ocrx_word' id='word_1_455' title='bbox 2795 2639 3033 2711; x_wconf 79' lang='grc' dir='ltr'>πλευρὰς</span> <span class='ocrx_word' id='word_1_456' title='bbox 3065 2642 3157 2695; x_wconf 78' lang='grc' dir='ltr'>καὶ</span> <span class='ocrx_word' id='word_1_457' title='bbox 3191 2643 3363 2712; x_wconf 66' lang='grc' dir='ltr'>ὀσφὺν</span> <span class='ocrx_word' id='word_1_458' title='bbox 3394 2645 3450 2697; x_wconf 85' lang='grc' dir='ltr'>ὲν</span> <span class='ocrx_word' id='word_1_459' title='bbox 3470 2644 3737 2718; x_wconf 85' lang='grc' dir='ltr'>βασιλικῴ</span> 
     </span>
    </p>
   </div>
   <div class='ocr_carea' id='block_1_57' title="bbox 2139 2726 3736 2806">
    <p class='ocr_par' dir='ltr' id='par_1_57' title="bbox 2139 2726 3736 2806">
     <span class='ocr_line' id='line_1_57' title="bbox 2139 2726 3736 2806; baseline 0.009 -28"><span class='ocrx_word' id='word_1_460' title='bbox 2139 2726 2232 2779; x_wconf 74' lang='grc' dir='ltr'><strong>καὶ</strong></span> <span class='ocrx_word' id='word_1_461' title='bbox 2280 2727 2339 2781; x_wconf 79' lang='grc' dir='ltr'>ὲν</span> <span class='ocrx_word' id='word_1_462' title='bbox 2389 2729 2766 2800; x_wconf 87' lang='grc' dir='ltr'>στρατιωτικῷ</span> <span class='ocrx_word' id='word_1_463' title='bbox 2816 2732 3164 2803; x_wconf 60' lang='grc' dir='ltr'>σχήματιγτὸ</span> <span class='ocrx_word' id='word_1_464' title='bbox 3191 2735 3332 2788; x_wconf 86' lang='grc' dir='ltr'><strong>κατά</strong></span> <span class='ocrx_word' id='word_1_465' title='bbox 3369 2735 3479 2789; x_wconf 86' lang='grc' dir='ltr'><strong>τῶν</strong></span> <span class='ocrx_word' id='word_1_466' title='bbox 3508 2738 3736 2806; x_wconf 81' lang='grc' dir='ltr'>ἀφανῶν</span> 
     </span>
    </p>
   </div>
   <div class='ocr_carea' id='block_1_58' title="bbox 2139 2816 3735 2897">
    <p class='ocr_par' dir='ltr' id='par_1_58' title="bbox 2139 2816 3735 2897">
     <span class='ocr_line' id='line_1_58' title="bbox 2139 2816 3735 2897; baseline 0.007 -26"><span class='ocrx_word' id='word_1_467' title='bbox 2139 2816 2231 2871; x_wconf 80' lang='grc' dir='ltr'><strong>καὶ</strong></span> <span class='ocrx_word' id='word_1_468' title='bbox 2263 2818 2511 2889; x_wconf 76' lang='grc' dir='ltr'>ἀοράτων</span> <span class='ocrx_word' id='word_1_469' title='bbox 2550 2819 2826 2873; x_wconf 69' lang='grc' dir='ltr'>πολεμίων</span> <span class='ocrx_word' id='word_1_470' title='bbox 2868 2823 3204 2896; x_wconf 80' lang='grc' dir='ltr'>παράστημα</span> <span class='ocrx_word' id='word_1_471' title='bbox 3232 2825 3398 2879; x_wconf 76' lang='grc' dir='ltr'>αὑτοῦ</span> <span class='ocrx_word' id='word_1_472' title='bbox 3436 2827 3735 2897; x_wconf 79' lang='grc' dir='ltr'>ἐμφαίνον-</span> 
     </span>
    </p>
   </div>
   <div class='ocr_carea' id='block_1_59' title="bbox 2138 2907 2565 2984">
    <p class='ocr_par' dir='ltr' id='par_1_59' title="bbox 2138 2907 2565 2984">
     <span class='ocr_line' id='line_1_59' title="bbox 2138 2907 2565 2984; baseline 0.009 -25"><span class='ocrx_word' id='word_1_473' title='bbox 2138 2923 2228 2971; x_wconf 76' lang='grc' dir='ltr'><strong>τος</strong></span> <span class='ocrx_word' id='word_1_474' title='bbox 2253 2908 2346 2984; x_wconf 80' lang='grc' dir='ltr'><strong>τοῦ</strong></span> <span class='ocrx_word' id='word_1_475' title='bbox 2382 2907 2565 2977; x_wconf 90' lang='grc' dir='ltr'>λόγου.</span> 
     </span>
    </p>
   </div>
   <div class='ocr_carea' id='block_1_60' title="bbox 2215 3002 3734 3080">
    <p class='ocr_par' dir='ltr' id='par_1_60' title="bbox 2215 3002 3734 3080">
     <span class='ocr_line' id='line_1_60' title="bbox 2215 3002 3734 3080; baseline 0.009 -28"><span class='ocrx_word' id='word_1_476' title='bbox 2215 3017 2233 3050; x_wconf 78' lang='grc' dir='ltr'><strong>ι</strong></span> <span class='ocrx_word' id='word_1_477' title='bbox 2272 3002 2379 3054; x_wconf 86' lang='grc' dir='ltr'>Και</span> <span class='ocrx_word' id='word_1_478' title='bbox 2431 3002 2949 3075; x_wconf 86' lang='grc' dir='ltr'>συμϐοσκηθήσεται</span> <span class='ocrx_word' id='word_1_479' title='bbox 2997 3004 3162 3069; x_wconf 84' lang='grc' dir='ltr'>λύκος</span> <span class='ocrx_word' id='word_1_480' title='bbox 3213 3007 3350 3079; x_wconf 58' lang='grc' dir='ltr'><strong>μετά</strong></span> <span class='ocrx_word' id='word_1_481' title='bbox 3394 3009 3578 3080; x_wconf 85' lang='grc' dir='ltr'>ἀρνὸς,</span> <span class='ocrx_word' id='word_1_482' title='bbox 3633 3013 3734 3066; x_wconf 69' lang='grc' dir='ltr'>καὶ</span> 
     </span>
    </p>
   </div>
   <div class='ocr_carea' id='block_1_61' title="bbox 2137 3093 3733 3175">
    <p class='ocr_par' dir='ltr' id='par_1_61' title="bbox 2137 3093 3733 3175">
     <span class='ocr_line' id='line_1_61' title="bbox 2137 3093 3733 3175; baseline 0.009 -30"><span class='ocrx_word' id='word_1_483' title='bbox 2137 3093 2404 3165; x_wconf 82' lang='grc' dir='ltr'>πάρδαλις</span> <span class='ocrx_word' id='word_1_484' title='bbox 2436 3098 2909 3151; x_wconf 86' lang='grc' dir='ltr'>συναναπαύσεται</span> <span class='ocrx_word' id='word_1_485' title='bbox 2953 3100 3147 3170; x_wconf 76' lang='grc' dir='ltr'>ἐρίφῳ·</span> <span class='ocrx_word' id='word_1_486' title='bbox 3180 3102 3275 3154; x_wconf 80' lang='grc' dir='ltr'>καὶ</span> <span class='ocrx_word' id='word_1_487' title='bbox 3313 3104 3603 3175; x_wconf 82' lang='grc' dir='ltr'>μοσχάριον</span> <span class='ocrx_word' id='word_1_488' title='bbox 3635 3108 3733 3159; x_wconf 72' lang='grc' dir='ltr'><strong>καὶ</strong></span> 
     </span>
    </p>
   </div>
   <div class='ocr_carea' id='block_1_62' title="bbox 2135 3187 3732 3264">
    <p class='ocr_par' dir='ltr' id='par_1_62' title="bbox 2135 3187 3732 3264">
     <span class='ocr_line' id='line_1_62' title="bbox 2135 3187 3732 3264; baseline 0.007 -25"><span class='ocrx_word' id='word_1_489' title='bbox 2135 3187 2336 3258; x_wconf 88' lang='grc' dir='ltr'>ταῦρος</span> <span class='ocrx_word' id='word_1_490' title='bbox 2384 3188 2478 3241; x_wconf 80' lang='grc' dir='ltr'><strong>καὶ</strong></span> <span class='ocrx_word' id='word_1_491' title='bbox 2528 3188 2664 3243; x_wconf 90' lang='grc' dir='ltr'>λέων</span> <span class='ocrx_word' id='word_1_492' title='bbox 2699 3191 2815 3260; x_wconf 76' lang='grc' dir='ltr'>ἅμα</span> <span class='ocrx_word' id='word_1_493' title='bbox 2866 3191 3319 3264; x_wconf 81' lang='grc' dir='ltr'>βοσκηθήσονται,</span> <span class='ocrx_word' id='word_1_494' title='bbox 3370 3197 3463 3248; x_wconf 75' lang='grc' dir='ltr'><strong>καὶ</strong></span> <span class='ocrx_word' id='word_1_495' title='bbox 3517 3197 3732 3250; x_wconf 84' lang='grc' dir='ltr'>παιδίον</span> 
     </span>
    </p>
   </div>
   <div class='ocr_carea' id='block_1_63' title="bbox 450 3253 2032 3363">
    <p class='ocr_par' dir='ltr' id='par_1_63' title="bbox 450 3278 2031 3351">
     <span class='ocr_line' id='line_1_63' title="bbox 450 3278 2031 3351; baseline 0 -19"><span class='ocrx_word' id='word_1_496' title='bbox 450 3282 547 3336; x_wconf 89' lang='lat' dir='ltr'><strong>hos</strong></span> <span class='ocrx_word' id='word_1_497' title='bbox 574 3290 627 3336; x_wconf 91' lang='lat' dir='ltr'><strong>et</strong></span> <span class='ocrx_word' id='word_1_498' title='bbox 657 3295 819 3335; x_wconf 85' lang='lat' dir='ltr'><strong>ursus</strong></span> <span class='ocrx_word' id='word_1_499' title='bbox 847 3296 951 3334; x_wconf 90' lang='lat' dir='ltr'><strong>una</strong></span> <span class='ocrx_word' id='word_1_500' title='bbox 990 3292 1305 3351; x_wconf 90' lang='lat' dir='ltr'><strong>pascentur,</strong></span> <span class='ocrx_word' id='word_1_501' title='bbox 1338 3287 1393 3334; x_wconf 94' lang='lat' dir='ltr'><strong>et</strong></span> <span class='ocrx_word' id='word_1_502' title='bbox 1429 3278 1591 3334; x_wconf 86' lang='lat' dir='ltr'><strong>catuli</strong></span> <span class='ocrx_word' id='word_1_503' title='bbox 1623 3294 1812 3333; x_wconf 90' lang='lat' dir='ltr'><strong>eorum</strong></span> <span class='ocrx_word' id='word_1_504' title='bbox 1871 3278 2031 3333; x_wconf 85' lang='lat' dir='ltr'><strong>simul</strong></span> 
     </span>
    </p>
   </div>
   <div class='ocr_carea' id='block_1_64' title="bbox 2141 3253 3731 3363">
    <p class='ocr_par' dir='ltr' id='par_1_64' title="bbox 2141 3253 3731 3363">
     <span class='ocr_line' id='line_1_64' title="bbox 2141 3253 3731 3363; baseline 0.008 -30"><span class='ocrx_word' id='word_1_505' title='bbox 2141 3282 2331 3353; x_wconf 79' lang='grc' dir='ltr'>μικρὸν</span> <span class='ocrx_word' id='word_1_506' title='bbox 2362 3281 2477 3347; x_wconf 81' lang='grc' dir='ltr'>ἄξει</span> <span class='ocrx_word' id='word_1_507' title='bbox 2505 3282 2719 3346; x_wconf 84' lang='grc' dir='ltr'>αύτούς·</span> <span class='ocrx_word' id='word_1_508' title='bbox 2746 3285 2838 3337; x_wconf 79' lang='grc' dir='ltr'><strong>καὶ</strong></span> <span class='ocrx_word' id='word_1_509' title='bbox 2862 3282 2987 3355; x_wconf 83' lang='grc' dir='ltr'>βοῦς</span> <span class='ocrx_word' id='word_1_510' title='bbox 3010 3253 3105 3339; x_wconf 64' lang='grc' dir='ltr'><strong>καί</strong></span> <span class='ocrx_word' id='word_1_511' title='bbox 3149 3286 3351 3358; x_wconf 81' lang='grc' dir='ltr'>ἄρκτος</span> <span class='ocrx_word' id='word_1_512' title='bbox 3382 3289 3496 3360; x_wconf 77' lang='grc' dir='ltr'><strong>ἅμα</strong></span> <span class='ocrx_word' id='word_1_513' title='bbox 3531 3290 3731 3363; x_wconf 87' lang='grc' dir='ltr'>βοσκη-</span> 
     </span>
    </p>
   </div>
   <div class='ocr_carea' id='block_1_65' title="bbox 449 3368 2028 3441">
    <p class='ocr_par' dir='ltr' id='par_1_65' title="bbox 449 3368 2028 3441">
     <span class='ocr_line' id='line_1_65' title="bbox 449 3368 2028 3441; baseline -0.003 -14"><span class='ocrx_word' id='word_1_514' title='bbox 449 3381 633 3435; x_wconf 90' lang='lat' dir='ltr'><strong>erunt,</strong></span> <span class='ocrx_word' id='word_1_515' title='bbox 687 3380 744 3427; x_wconf 90' lang='lat' dir='ltr'><strong>et</strong></span> <span class='ocrx_word' id='word_1_516' title='bbox 788 3371 872 3426; x_wconf 87' lang='lat' dir='ltr'><strong>leo</strong></span> <span class='ocrx_word' id='word_1_517' title='bbox 921 3372 1074 3439; x_wconf 88' lang='lat' dir='ltr'><strong>quasi</strong></span> <span class='ocrx_word' id='word_1_518' title='bbox 1134 3372 1229 3423; x_wconf 89' lang='lat' dir='ltr'><strong>hos</strong></span> <span class='ocrx_word' id='word_1_519' title='bbox 1270 3372 1525 3425; x_wconf 90' lang='lat' dir='ltr'><strong>comedet</strong></span> <span class='ocrx_word' id='word_1_520' title='bbox 1572 3369 1779 3441; x_wconf 88' lang='lat' dir='ltr'><strong>paleas.</strong></span> <span class='ocrx_word' id='word_1_521' title='bbox 1827 3389 1845 3423; x_wconf 80' lang='grc' dir='ltr'>ι</span> <span class='ocrx_word' id='word_1_522' title='bbox 1894 3368 2028 3438; x_wconf 90' lang='lat' dir='ltr'><strong>Lupi</strong></span> 
     </span>
    </p>
   </div>
   <div class='ocr_carea' id='block_1_66' title="bbox 448 3463 2030 3537">
    <p class='ocr_par' dir='ltr' id='par_1_66' title="bbox 448 3463 2030 3537">
     <span class='ocr_line' id='line_1_66' title="bbox 448 3463 2030 3537; baseline -0.003 -15"><span class='ocrx_word' id='word_1_523' title='bbox 448 3468 666 3537; x_wconf 89' lang='lat' dir='ltr'><strong>quidem</strong></span> <span class='ocrx_word' id='word_1_524' title='bbox 692 3468 833 3520; x_wconf 88' lang='lat' dir='ltr'><strong>inter</strong></span> <span class='ocrx_word' id='word_1_525' title='bbox 861 3465 1109 3520; x_wconf 88' lang='lat' dir='ltr'><strong>homines</strong></span> <span class='ocrx_word' id='word_1_526' title='bbox 1147 3473 1271 3519; x_wconf 91' lang='lat' dir='ltr'><strong>sunt</strong></span> <span class='ocrx_word' id='word_1_527' title='bbox 1298 3463 1400 3517; x_wconf 90' lang='lat' dir='ltr'><strong>viri</strong></span> <span class='ocrx_word' id='word_1_528' title='bbox 1431 3479 1656 3534; x_wconf 85' lang='lat' dir='ltr'><strong>rapaces</strong></span> <span class='ocrx_word' id='word_1_529' title='bbox 1683 3482 1696 3519; x_wconf 92' lang='lat'><strong>:</strong></span> <span class='ocrx_word' id='word_1_530' title='bbox 1728 3480 1756 3517; x_wconf 92' lang='lat' dir='ltr'><strong>a</strong></span> <span class='ocrx_word' id='word_1_531' title='bbox 1789 3464 2030 3534; x_wconf 89' lang='lat' dir='ltr'><strong>nequitia</strong></span> 
     </span>
    </p>
   </div>
   <div class='ocr_carea' id='block_1_67' title="bbox 448 3553 2035 3624">
    <p class='ocr_par' dir='ltr' id='par_1_67' title="bbox 448 3553 2035 3624">
     <span class='ocr_line' id='line_1_67' title="bbox 448 3553 2035 3624; baseline -0.001 -15"><span class='ocrx_word' id='word_1_532' title='bbox 448 3571 580 3611; x_wconf 82' lang='lat' dir='ltr'><strong>vero</strong></span> <span class='ocrx_word' id='word_1_533' title='bbox 614 3571 709 3612; x_wconf 91' lang='lat' dir='ltr'><strong>sua</strong></span> <span class='ocrx_word' id='word_1_534' title='bbox 736 3556 1077 3624; x_wconf 89' lang='lat' dir='ltr'><strong>resipiscent,</strong></span> <span class='ocrx_word' id='word_1_535' title='bbox 1129 3554 1203 3607; x_wconf 88' lang='lat' dir='ltr'><strong>ita</strong></span> <span class='ocrx_word' id='word_1_536' title='bbox 1250 3562 1307 3607; x_wconf 95' lang='lat' dir='ltr'><strong>ut</strong></span> <span class='ocrx_word' id='word_1_537' title='bbox 1353 3569 1475 3609; x_wconf 90' lang='lat' dir='ltr'><strong>cum</strong></span> <span class='ocrx_word' id='word_1_538' title='bbox 1532 3555 1686 3624; x_wconf 83' lang='lat' dir='ltr'><strong>agnis</strong></span> <span class='ocrx_word' id='word_1_539' title='bbox 1715 3553 1935 3608; x_wconf 89' lang='lat' dir='ltr'><strong>mitibus</strong></span> <span class='ocrx_word' id='word_1_540' title='bbox 1978 3566 2035 3607; x_wconf 84' lang='lat' dir='ltr'><strong>et</strong></span> 
     </span>
    </p>
   </div>
   <div class='ocr_carea' id='block_1_68' title="bbox 447 3644 2031 3705">
    <p class='ocr_par' dir='ltr' id='par_1_68' title="bbox 447 3644 2031 3705">
     <span class='ocr_line' id='line_1_68' title="bbox 447 3644 2031 3705; baseline -0.004 0"><span class='ocrx_word' id='word_1_541' title='bbox 447 3649 748 3705; x_wconf 84' lang='lat' dir='ltr'><strong>mansuetis</strong></span> <span class='ocrx_word' id='word_1_542' title='bbox 777 3661 966 3702; x_wconf 89' lang='lat' dir='ltr'><strong>eorum</strong></span> <span class='ocrx_word' id='word_1_543' title='bbox 996 3644 1192 3699; x_wconf 85' lang='lat' dir='ltr'><strong>animae</strong></span> <span class='ocrx_word' id='word_1_544' title='bbox 1226 3645 1327 3701; x_wconf 92' lang='lat' dir='ltr'><strong>sub</strong></span> <span class='ocrx_word' id='word_1_545' title='bbox 1358 3661 1465 3701; x_wconf 93' lang='lat' dir='ltr'><strong>uno</strong></span> <span class='ocrx_word' id='word_1_546' title='bbox 1490 3644 1743 3701; x_wconf 64' lang='lat' dir='ltr'><strong>Ecclesiae</strong></span> <span class='ocrx_word' id='word_1_547' title='bbox 1773 3645 1901 3701; x_wconf 88' lang='lat' dir='ltr'><strong>ovili</strong></span> <span class='ocrx_word' id='word_1_548' title='bbox 1934 3644 2031 3699; x_wconf 92' lang='lat' dir='ltr'><strong>de-</strong></span> 
     </span>
    </p>
   </div>
   <div class='ocr_carea' id='block_1_69' title="bbox 446 3742 2029 3816">
    <p class='ocr_par' dir='ltr' id='par_1_69' title="bbox 446 3742 2029 3816">
     <span class='ocr_line' id='line_1_69' title="bbox 446 3742 2029 3816; baseline -0.001 -19"><span class='ocrx_word' id='word_1_549' title='bbox 446 3753 596 3816; x_wconf 87' lang='lat' dir='ltr'><strong>gant.</strong></span> <span class='ocrx_word' id='word_1_550' title='bbox 630 3742 735 3798; x_wconf 90' lang='lat' dir='ltr'><strong>Alii</strong></span> <span class='ocrx_word' id='word_1_551' title='bbox 764 3758 897 3799; x_wconf 83' lang='lat' dir='ltr'><strong>vero</strong></span> <span class='ocrx_word' id='word_1_552' title='bbox 932 3744 1087 3813; x_wconf 78' lang='lat' dir='ltr'><strong>longe</strong></span> <span class='ocrx_word' id='word_1_553' title='bbox 1116 3742 1489 3809; x_wconf 88' lang='lat' dir='ltr'><strong>immaniores,</strong></span> <span class='ocrx_word' id='word_1_554' title='bbox 1521 3753 1684 3813; x_wconf 88' lang='lat' dir='ltr'><strong>atque</strong></span> <span class='ocrx_word' id='word_1_555' title='bbox 1730 3743 2029 3797; x_wconf 84' lang='lat' dir='ltr'><strong>vehemen-</strong></span> 
     </span>
    </p>
   </div>
   <div class='ocr_carea' id='block_1_70' title="bbox 448 3833 2029 3906">
    <p class='ocr_par' dir='ltr' id='par_1_70' title="bbox 448 3833 2029 3906">
     <span class='ocr_line' id='line_1_70' title="bbox 448 3833 2029 3906; baseline -0.002 -15"><span class='ocrx_word' id='word_1_556' title='bbox 448 3847 535 3891; x_wconf 89' lang='lat' dir='ltr'><strong>ter</strong></span> <span class='ocrx_word' id='word_1_557' title='bbox 567 3835 775 3891; x_wconf 77' lang='lat' dir='ltr'><strong>efferati</strong></span> <span class='ocrx_word' id='word_1_558' title='bbox 808 3836 926 3899; x_wconf 87' lang='lat' dir='ltr'><strong>viri,</strong></span> <span class='ocrx_word' id='word_1_559' title='bbox 954 3835 1087 3890; x_wconf 92' lang='lat' dir='ltr'><strong>nihil</strong></span> <span class='ocrx_word' id='word_1_560' title='bbox 1113 3850 1141 3889; x_wconf 90' lang='lat' dir='ltr'><strong>a</strong></span> <span class='ocrx_word' id='word_1_561' title='bbox 1185 3834 1371 3906; x_wconf 89' lang='lat' dir='ltr'><strong>pardis</strong></span> <span class='ocrx_word' id='word_1_562' title='bbox 1397 3835 1795 3903; x_wconf 86' lang='lat' dir='ltr'><strong>discrepantes,</strong></span> <span class='ocrx_word' id='word_1_563' title='bbox 1837 3833 2029 3888; x_wconf 67' lang='lat' dir='ltr'><strong>bellua:</strong></span> 
     </span>
    </p>
   </div>
   <div class='ocr_carea' id='block_1_71' title="bbox 450 3924 2030 3995">
    <p class='ocr_par' dir='ltr' id='par_1_71' title="bbox 450 3924 2030 3995">
     <span class='ocr_line' id='line_1_71' title="bbox 450 3924 2030 3995; baseline -0.002 -14"><span class='ocrx_word' id='word_1_564' title='bbox 450 3928 786 3984; x_wconf 83' lang='lat' dir='ltr'><strong>ferocitatem</strong></span> <span class='ocrx_word' id='word_1_565' title='bbox 816 3928 1168 3995; x_wconf 87' lang='lat' dir='ltr'><strong>deponentes,</strong></span> <span class='ocrx_word' id='word_1_566' title='bbox 1199 3941 1308 3980; x_wconf 90' lang='lat' dir='ltr'><strong>una</strong></span> <span class='ocrx_word' id='word_1_567' title='bbox 1335 3940 1457 3980; x_wconf 88' lang='lat' dir='ltr'><strong>cum</strong></span> <span class='ocrx_word' id='word_1_568' title='bbox 1486 3924 1655 3979; x_wconf 67' lang='lat' dir='ltr'><strong>haedis</strong></span> <span class='ocrx_word' id='word_1_569' title='bbox 1678 3924 2030 3993; x_wconf 83' lang='lat' dir='ltr'><strong>simpliciori-</strong></span> 
     </span>
    </p>
   </div>
   <div class='ocr_carea' id='block_1_72' title="bbox 446 4014 2029 4076">
    <p class='ocr_par' dir='ltr' id='par_1_72' title="bbox 446 4014 2029 4076">
     <span class='ocr_line' id='line_1_72' title="bbox 446 4014 2029 4076; baseline -0.003 -1"><span class='ocrx_word' id='word_1_570' title='bbox 446 4022 545 4075; x_wconf 85' lang='lat' dir='ltr'><strong>bus</strong></span> <span class='ocrx_word' id='word_1_571' title='bbox 572 4037 636 4076; x_wconf 88' lang='lat' dir='ltr'><strong>ac</strong></span> <span class='ocrx_word' id='word_1_572' title='bbox 668 4019 971 4074; x_wconf 88' lang='lat' dir='ltr'><strong>mitioribus</strong></span> <span class='ocrx_word' id='word_1_573' title='bbox 994 4017 1613 4073; x_wconf 80' lang='lat' dir='ltr'><strong>accubabunt.Aliivero</strong></span> <span class='ocrx_word' id='word_1_574' title='bbox 1628 4014 1765 4069; x_wconf 89' lang='lat' dir='ltr'><strong>leoni</strong></span> <span class='ocrx_word' id='word_1_575' title='bbox 1787 4015 2029 4071; x_wconf 87' lang='lat' dir='ltr'><strong>moribus</strong></span> 
     </span>
    </p>
   </div>
   <div class='ocr_carea' id='block_1_73' title="bbox 445 4110 2024 4186">
    <p class='ocr_par' dir='ltr' id='par_1_73' title="bbox 445 4110 2024 4186">
     <span class='ocr_line' id='line_1_73' title="bbox 445 4110 2024 4186; baseline -0.004 -16"><span class='ocrx_word' id='word_1_576' title='bbox 445 4130 707 4186; x_wconf 83' lang='lat' dir='ltr'><strong>perquam</strong></span> <span class='ocrx_word' id='word_1_577' title='bbox 742 4112 970 4175; x_wconf 88' lang='lat' dir='ltr'><strong>similes.</strong></span> <span class='ocrx_word' id='word_1_578' title='bbox 1000 4111 1376 4168; x_wconf 88' lang='lat' dir='ltr'><strong>crudelitatem</strong></span> <span class='ocrx_word' id='word_1_579' title='bbox 1407 4121 1459 4167; x_wconf 88' lang='lat' dir='ltr'><strong>et</strong></span> <span class='ocrx_word' id='word_1_580' title='bbox 1486 4110 1840 4165; x_wconf 86' lang='lat' dir='ltr'><strong>voracitatem</strong></span> <span class='ocrx_word' id='word_1_581' title='bbox 1869 4125 2024 4165; x_wconf 86' lang='lat' dir='ltr'><strong>suam</strong></span> 
     </span>
    </p>
   </div>
   <div class='ocr_carea' id='block_1_74' title="bbox 445 4204 2029 4272">
    <p class='ocr_par' dir='ltr' id='par_1_74' title="bbox 445 4204 2029 4272">
     <span class='ocr_line' id='line_1_74' title="bbox 445 4204 2029 4272; baseline -0.002 -12"><span class='ocrx_word' id='word_1_582' title='bbox 445 4217 743 4272; x_wconf 75' lang='lat' dir='ltr'><strong>minantes,</strong></span> <span class='ocrx_word' id='word_1_583' title='bbox 773 4221 876 4260; x_wconf 89' lang='lat' dir='ltr'><strong>una</strong></span> <span class='ocrx_word' id='word_1_584' title='bbox 909 4221 1031 4261; x_wconf 87' lang='lat' dir='ltr'><strong>cum</strong></span> <span class='ocrx_word' id='word_1_585' title='bbox 1067 4204 1373 4259; x_wconf 81' lang='lat' dir='ltr'><strong>infantibus</strong></span> <span class='ocrx_word' id='word_1_586' title='bbox 1417 4204 1674 4257; x_wconf 75' lang='lat' dir='ltr'><strong>Ecclesia:</strong></span> <span class='ocrx_word' id='word_1_587' title='bbox 1704 4217 1899 4257; x_wconf 89' lang='lat' dir='ltr'><strong>recens</strong></span> <span class='ocrx_word' id='word_1_588' title='bbox 1937 4218 2029 4257; x_wconf 91' lang='lat' dir='ltr'><strong>or-</strong></span> 
     </span>
    </p>
   </div>
   <div class='ocr_carea' id='block_1_75' title="bbox 448 4297 2021 4367">
    <p class='ocr_par' dir='ltr' id='par_1_75' title="bbox 448 4297 2021 4367">
     <span class='ocr_line' id='line_1_75' title="bbox 448 4297 2021 4367; baseline -0.002 -14"><span class='ocrx_word' id='word_1_589' title='bbox 448 4300 535 4362; x_wconf 88' lang='lat' dir='ltr'><strong>tis,</strong></span> <span class='ocrx_word' id='word_1_590' title='bbox 568 4301 721 4367; x_wconf 90' lang='lat' dir='ltr'><strong>qnasl</strong></span> <span class='ocrx_word' id='word_1_591' title='bbox 759 4309 948 4353; x_wconf 88' lang='lat' dir='ltr'><strong>taurus</strong></span> <span class='ocrx_word' id='word_1_592' title='bbox 977 4307 1033 4354; x_wconf 88' lang='lat' dir='ltr'><strong>et</strong></span> <span class='ocrx_word' id='word_1_593' title='bbox 1062 4298 1262 4353; x_wconf 91' lang='lat' dir='ltr'><strong>vitulus</strong></span> <span class='ocrx_word' id='word_1_594' title='bbox 1304 4305 1570 4366; x_wconf 80' lang='lat' dir='ltr'><strong>pascent,,</strong></span> <span class='ocrx_word' id='word_1_595' title='bbox 1585 4297 1774 4351; x_wconf 90' lang='lat' dir='ltr'><strong>eodem</strong></span> <span class='ocrx_word' id='word_1_596' title='bbox 1806 4298 1927 4352; x_wconf 90' lang='lat' dir='ltr'><strong>cibo</strong></span> <span class='ocrx_word' id='word_1_597' title='bbox 1956 4311 2021 4350; x_wconf 80' lang='lat' dir='ltr'><strong>ex</strong></span> 
     </span>
    </p>
   </div>
   <div class='ocr_carea' id='block_1_76' title="bbox 444 4387 2024 4461">
    <p class='ocr_par' dir='ltr' id='par_1_76' title="bbox 444 4387 2024 4461">
     <span class='ocr_line' id='line_1_76' title="bbox 444 4387 2024 4461; baseline -0.001 -16"><span class='ocrx_word' id='word_1_598' title='bbox 444 4392 642 4446; x_wconf 87' lang='lat' dir='ltr'><strong>divinis</strong></span> <span class='ocrx_word' id='word_1_599' title='bbox 691 4390 985 4461; x_wconf 91' lang='lat' dir='ltr'><strong>Scripturis</strong></span> <span class='ocrx_word' id='word_1_600' title='bbox 1031 4389 1201 4458; x_wconf 89' lang='lat' dir='ltr'><strong>petito</strong></span> <span class='ocrx_word' id='word_1_601' title='bbox 1246 4397 1481 4442; x_wconf 73' lang='lat' dir='ltr'><strong>utentes.</strong></span> <span class='ocrx_word' id='word_1_602' title='bbox 1542 4387 1695 4455; x_wconf 86' lang='lat' dir='ltr'><strong>Quod</strong></span> <span class='ocrx_word' id='word_1_603' title='bbox 1752 4391 1795 4441; x_wconf 90' lang='lat' dir='ltr'><strong>si</strong></span> <span class='ocrx_word' id='word_1_604' title='bbox 1833 4389 2024 4443; x_wconf 90' lang='lat' dir='ltr'><strong>videas</strong></span> 
     </span>
    </p>
   </div>
   <div class='ocr_carea' id='block_1_77' title="bbox 442 4479 2017 4556">
    <p class='ocr_par' dir='ltr' id='par_1_77' title="bbox 442 4479 2017 4556">
     <span class='ocr_line' id='line_1_77' title="bbox 442 4479 2017 4556; baseline -0.004 -16"><span class='ocrx_word' id='word_1_605' title='bbox 442 4486 622 4556; x_wconf 83' lang='lat' dir='ltr'><strong>regios</strong></span> <span class='ocrx_word' id='word_1_606' title='bbox 654 4485 798 4539; x_wconf 88' lang='lat' dir='ltr'><strong>viros</strong></span> <span class='ocrx_word' id='word_1_607' title='bbox 828 4482 1086 4553; x_wconf 79' lang='lat' dir='ltr'><strong>dignitate</strong></span> <span class='ocrx_word' id='word_1_608' title='bbox 1116 4490 1169 4535; x_wconf 89' lang='lat' dir='ltr'><strong>et</strong></span> <span class='ocrx_word' id='word_1_609' title='bbox 1201 4480 1519 4550; x_wconf 66' lang='lat' dir='ltr'><strong>praestantia</strong></span> <span class='ocrx_word' id='word_1_610' title='bbox 1561 4479 1612 4533; x_wconf 90' lang='lat' dir='ltr'><strong>in</strong></span> <span class='ocrx_word' id='word_1_611' title='bbox 1651 4482 1756 4533; x_wconf 92' lang='lat' dir='ltr'><strong>hac</strong></span> <span class='ocrx_word' id='word_1_612' title='bbox 1790 4480 1897 4534; x_wconf 88' lang='lat' dir='ltr'><strong>vita</strong></span> <span class='ocrx_word' id='word_1_613' title='bbox 1922 4496 2017 4534; x_wconf 90' lang='lat' dir='ltr'><strong>or-</strong></span> 
     </span>
    </p>
   </div>
   <div class='ocr_carea' id='block_1_78' title="bbox 2135 3374 3730 3449">
    <p class='ocr_par' dir='ltr' id='par_1_78' title="bbox 2135 3374 3730 3449">
     <span class='ocr_line' id='line_1_78' title="bbox 2135 3374 3730 3449; baseline 0.008 -22"><span class='ocrx_word' id='word_1_614' title='bbox 2135 3374 2414 3446; x_wconf 86' lang='grc' dir='ltr'>θήσονται,</span> <span class='ocrx_word' id='word_1_615' title='bbox 2475 3377 2570 3430; x_wconf 73' lang='grc' dir='ltr'><strong>καὶ</strong></span> <span class='ocrx_word' id='word_1_616' title='bbox 2604 3378 2723 3448; x_wconf 77' lang='grc' dir='ltr'><strong>ἅμα</strong></span> <span class='ocrx_word' id='word_1_617' title='bbox 2776 3378 2846 3432; x_wconf 89' lang='grc' dir='ltr'><strong>τά</strong></span> <span class='ocrx_word' id='word_1_618' title='bbox 2892 3380 3082 3433; x_wconf 85' lang='grc' dir='ltr'>παιδία</span> <span class='ocrx_word' id='word_1_619' title='bbox 3136 3383 3315 3435; x_wconf 80' lang='grc' dir='ltr'>αὐτῶν</span> <span class='ocrx_word' id='word_1_620' title='bbox 3354 3383 3587 3449; x_wconf 81' lang='grc' dir='ltr'>ἔσονται,</span> <span class='ocrx_word' id='word_1_621' title='bbox 3635 3388 3730 3440; x_wconf 75' lang='grc' dir='ltr'>καὶ</span> 
     </span>
    </p>
   </div>
   <div class='ocr_carea' id='block_1_79' title="bbox 2132 3467 3729 3545">
    <p class='ocr_par' dir='ltr' id='par_1_79' title="bbox 2132 3467 3729 3545">
     <span class='ocr_line' id='line_1_79' title="bbox 2132 3467 3729 3545; baseline 0.007 -25"><span class='ocrx_word' id='word_1_622' title='bbox 2132 3467 2269 3521; x_wconf 88' lang='grc' dir='ltr'>λέων</span> <span class='ocrx_word' id='word_1_623' title='bbox 2300 3469 2375 3532; x_wconf 80' lang='grc' dir='ltr'>ὡς</span> <span class='ocrx_word' id='word_1_624' title='bbox 2402 3468 2528 3539; x_wconf 86' lang='grc' dir='ltr'>βοῦς</span> <span class='ocrx_word' id='word_1_625' title='bbox 2568 3470 2801 3539; x_wconf 78' lang='grc' dir='ltr'>φάγεται</span> <span class='ocrx_word' id='word_1_626' title='bbox 2842 3470 3043 3542; x_wconf 82' lang='grc' dir='ltr'>ἄχυρα.</span> <span class='ocrx_word' id='word_1_627' title='bbox 3090 3492 3108 3524; x_wconf 77' lang='grc' dir='ltr'>ι</span> <span class='ocrx_word' id='word_1_628' title='bbox 3147 3475 3315 3527; x_wconf 87' lang='grc' dir='ltr'>Λύκοι</span> <span class='ocrx_word' id='word_1_629' title='bbox 3347 3476 3443 3545; x_wconf 83' lang='grc' dir='ltr'><strong>μὲν</strong></span> <span class='ocrx_word' id='word_1_630' title='bbox 3473 3472 3565 3530; x_wconf 80' lang='grc' dir='ltr'><strong>οῦν</strong></span> <span class='ocrx_word' id='word_1_631' title='bbox 3592 3478 3642 3530; x_wconf 91' lang='grc' dir='ltr'>οἱ</span> <span class='ocrx_word' id='word_1_632' title='bbox 3668 3479 3729 3531; x_wconf 82' lang='grc' dir='ltr'>ὲν</span> 
     </span>
    </p>
   </div>
   <div class='ocr_carea' id='block_1_80' title="bbox 2132 3560 3725 3642">
    <p class='ocr_par' dir='ltr' id='par_1_80' title="bbox 2132 3560 3725 3642">
     <span class='ocr_line' id='line_1_80' title="bbox 2132 3560 3725 3642; baseline 0.006 -29"><span class='ocrx_word' id='word_1_633' title='bbox 2132 3560 2436 3633; x_wconf 85' lang='grc' dir='ltr'>ἀνθρώποις</span> <span class='ocrx_word' id='word_1_634' title='bbox 2455 3564 2803 3633; x_wconf 84' lang='grc' dir='ltr'>ἀρπακτικοί·</span> <span class='ocrx_word' id='word_1_635' title='bbox 2828 3565 3191 3635; x_wconf 85' lang='grc' dir='ltr'>μεταϐαλοῦσι</span> <span class='ocrx_word' id='word_1_636' title='bbox 3213 3567 3269 3620; x_wconf 82' lang='grc' dir='ltr'>δὲ</span> <span class='ocrx_word' id='word_1_637' title='bbox 3284 3569 3382 3639; x_wconf 78' lang='grc' dir='ltr'>τῆς</span> <span class='ocrx_word' id='word_1_638' title='bbox 3400 3568 3725 3642; x_wconf 81' lang='grc' dir='ltr'>μοχθηρίας,</span> 
     </span>
    </p>
   </div>
   <div class='ocr_carea' id='block_1_81' title="bbox 2129 3651 3726 3728">
    <p class='ocr_par' dir='ltr' id='par_1_81' title="bbox 2129 3651 3726 3728">
     <span class='ocr_line' id='line_1_81' title="bbox 2129 3651 3726 3728; baseline 0.006 -25"><span class='ocrx_word' id='word_1_639' title='bbox 2129 3651 2205 3714; x_wconf 84' lang='grc' dir='ltr'>ὡς</span> <span class='ocrx_word' id='word_1_640' title='bbox 2253 3653 2391 3723; x_wconf 82' lang='grc' dir='ltr'><strong>μετά</strong></span> <span class='ocrx_word' id='word_1_641' title='bbox 2443 3652 2623 3725; x_wconf 78' lang='grc' dir='ltr'>ἀρνῶν</span> <span class='ocrx_word' id='word_1_642' title='bbox 2669 3653 2892 3724; x_wconf 80' lang='grc' dir='ltr'>ἡμέριον</span> <span class='ocrx_word' id='word_1_643' title='bbox 2926 3655 3019 3708; x_wconf 77' lang='grc' dir='ltr'><strong>καὶ</strong></span> <span class='ocrx_word' id='word_1_644' title='bbox 3050 3657 3241 3727; x_wconf 90' lang='grc' dir='ltr'>πράων</span> <span class='ocrx_word' id='word_1_645' title='bbox 3268 3657 3367 3721; x_wconf 81' lang='grc' dir='ltr'><strong>τὰς</strong></span> <span class='ocrx_word' id='word_1_646' title='bbox 3394 3658 3581 3728; x_wconf 72' lang='grc' dir='ltr'>ψυχὰς·</span> <span class='ocrx_word' id='word_1_647' title='bbox 3619 3660 3726 3712; x_wconf 72' lang='grc' dir='ltr'><strong>ὑπή</strong></span> 
     </span>
    </p>
   </div>
   <div class='ocr_carea' id='block_1_82' title="bbox 2132 3744 3725 3821">
    <p class='ocr_par' dir='ltr' id='par_1_82' title="bbox 2132 3744 3725 3821">
     <span class='ocr_line' id='line_1_82' title="bbox 2132 3744 3725 3821; baseline 0.004 -25"><span class='ocrx_word' id='word_1_648' title='bbox 2132 3744 2260 3814; x_wconf 90' lang='grc' dir='ltr'>μίαν</span> <span class='ocrx_word' id='word_1_649' title='bbox 2299 3745 2625 3817; x_wconf 85' lang='grc' dir='ltr'>Ἐκκλησίαν</span> <span class='ocrx_word' id='word_1_650' title='bbox 2656 3745 3039 3815; x_wconf 76' lang='grc' dir='ltr'>ἀγελάζεσθαι.</span> <span class='ocrx_word' id='word_1_651' title='bbox 3062 3746 3316 3800; x_wconf 79' lang='grc' dir='ltr'>Ἀλλοιδὲ</span> <span class='ocrx_word' id='word_1_652' title='bbox 3344 3748 3611 3821; x_wconf 76' lang='grc' dir='ltr'>ὠμότεροι</span> <span class='ocrx_word' id='word_1_653' title='bbox 3628 3749 3725 3803; x_wconf 72' lang='grc' dir='ltr'>καὶ</span> 
     </span>
    </p>
   </div>
   <div class='ocr_carea' id='block_1_83' title="bbox 2130 3836 3727 3912">
    <p class='ocr_par' dir='ltr' id='par_1_83' title="bbox 2130 3836 3727 3912">
     <span class='ocr_line' id='line_1_83' title="bbox 2130 3836 3727 3912; baseline 0.005 -24"><span class='ocrx_word' id='word_1_654' title='bbox 2130 3836 2333 3907; x_wconf 86' lang='grc' dir='ltr'>σφόδρα</span> <span class='ocrx_word' id='word_1_655' title='bbox 2373 3838 2785 3909; x_wconf 87' lang='grc' dir='ltr'>ἀπηγριωμένοι</span> <span class='ocrx_word' id='word_1_656' title='bbox 2819 3839 3030 3910; x_wconf 80' lang='grc' dir='ltr'>ἄνδρες,</span> <span class='ocrx_word' id='word_1_657' title='bbox 3081 3839 3234 3893; x_wconf 78' lang='grc' dir='ltr'>οὐδὲν</span> <span class='ocrx_word' id='word_1_658' title='bbox 3266 3840 3581 3912; x_wconf 79' lang='grc' dir='ltr'>παρδάλεων</span> <span class='ocrx_word' id='word_1_659' title='bbox 3609 3844 3727 3895; x_wconf 79' lang='grc' dir='ltr'><strong>δια-⁹</strong></span> 
     </span>
    </p>
   </div>
   <div class='ocr_carea' id='block_1_84' title="bbox 2129 3922 3724 4004">
    <p class='ocr_par' dir='ltr' id='par_1_84' title="bbox 2129 3922 3724 4004">
     <span class='ocr_line' id='line_1_84' title="bbox 2129 3922 3724 4004; baseline 0.003 -23"><span class='ocrx_word' id='word_1_660' title='bbox 2129 3922 2404 4000; x_wconf 84' lang='grc' dir='ltr'>φέροντες,</span> <span class='ocrx_word' id='word_1_661' title='bbox 2442 3929 2503 3982; x_wconf 83' lang='grc' dir='ltr'><strong>τὸ</strong></span> <span class='ocrx_word' id='word_1_662' title='bbox 2533 3929 2623 3982; x_wconf 85' lang='grc' dir='ltr'><strong>τοῦ</strong></span> <span class='ocrx_word' id='word_1_663' title='bbox 2660 3929 2826 4002; x_wconf 75' lang='grc' dir='ltr'>θηρὸς</span> <span class='ocrx_word' id='word_1_664' title='bbox 2858 3929 3088 4001; x_wconf 78' lang='grc' dir='ltr'>φοϐερὸν</span> <span class='ocrx_word' id='word_1_665' title='bbox 3122 3930 3480 4002; x_wconf 77' lang='grc' dir='ltr'>ἀποθέμενοι,</span> <span class='ocrx_word' id='word_1_666' title='bbox 3510 3932 3724 4004; x_wconf 76' lang='grc' dir='ltr'>ἐρίφοις</span> 
     </span>
    </p>
   </div>
   <div class='ocr_carea' id='block_1_85' title="bbox 2127 4020 3723 4097">
    <p class='ocr_par' dir='ltr' id='par_1_85' title="bbox 2127 4020 3723 4097">
     <span class='ocr_line' id='line_1_85' title="bbox 2127 4020 3723 4097; baseline 0.005 -26"><span class='ocrx_word' id='word_1_667' title='bbox 2127 4020 2244 4090; x_wconf 77' lang='grc' dir='ltr'>ἅμα</span> <span class='ocrx_word' id='word_1_668' title='bbox 2277 4023 2386 4083; x_wconf 89' lang='grc' dir='ltr'>τοῖς</span> <span class='ocrx_word' id='word_1_669' title='bbox 2411 4020 2798 4094; x_wconf 87' lang='grc' dir='ltr'>ἁπλουστέροις</span> <span class='ocrx_word' id='word_1_670' title='bbox 2815 4022 2910 4075; x_wconf 73' lang='grc' dir='ltr'><strong>καὶ</strong></span> <span class='ocrx_word' id='word_1_671' title='bbox 2935 4023 3340 4097; x_wconf 85' lang='grc' dir='ltr'>ἀκεραιοτέροις</span> <span class='ocrx_word' id='word_1_672' title='bbox 3375 4025 3723 4078; x_wconf 87' lang='grc' dir='ltr'>συναναπαύ-</span> 
     </span>
    </p>
   </div>
   <div class='ocr_carea' id='block_1_86' title="bbox 2128 4112 3721 4190">
    <p class='ocr_par' dir='ltr' id='par_1_86' title="bbox 2128 4112 3721 4190">
     <span class='ocr_line' id='line_1_86' title="bbox 2128 4112 3721 4190; baseline 0.004 -25"><span class='ocrx_word' id='word_1_673' title='bbox 2128 4130 2333 4166; x_wconf 84' lang='grc' dir='ltr'>σονται.</span> <span class='ocrx_word' id='word_1_674' title='bbox 2378 4114 2487 4166; x_wconf 70' lang='grc' dir='ltr'><strong>Καὶ</strong></span> <span class='ocrx_word' id='word_1_675' title='bbox 2536 4112 2709 4167; x_wconf 86' lang='grc' dir='ltr'>λέοντι</span> <span class='ocrx_word' id='word_1_676' title='bbox 2742 4116 2799 4168; x_wconf 78' lang='grc' dir='ltr'>δὲ</span> <span class='ocrx_word' id='word_1_677' title='bbox 2847 4117 2975 4181; x_wconf 72' lang='grc' dir='ltr'>τοὺς</span> <span class='ocrx_word' id='word_1_678' title='bbox 3016 4118 3253 4188; x_wconf 85' lang='grc' dir='ltr'>τρόπους</span> <span class='ocrx_word' id='word_1_679' title='bbox 3286 4119 3721 4190; x_wconf 85' lang='grc' dir='ltr'>παρεικασμένοι</span> 
     </span>
    </p>
   </div>
   <div class='ocr_carea' id='block_1_87' title="bbox 2124 4204 3721 4283">
    <p class='ocr_par' dir='ltr' id='par_1_87' title="bbox 2124 4204 3721 4283">
     <span class='ocr_line' id='line_1_87' title="bbox 2124 4204 3721 4283; baseline 0.003 -24"><span class='ocrx_word' id='word_1_680' title='bbox 2124 4205 2292 4269; x_wconf 82' lang='grc' dir='ltr'>ἄλλοι,</span> <span class='ocrx_word' id='word_1_681' title='bbox 2322 4204 2381 4258; x_wconf 84' lang='grc' dir='ltr'><strong>τὸ</strong></span> <span class='ocrx_word' id='word_1_682' title='bbox 2410 4205 2702 4277; x_wconf 81' lang='grc' dir='ltr'>ὠμόθυμον</span> <span class='ocrx_word' id='word_1_683' title='bbox 2734 4212 2828 4263; x_wconf 76' lang='grc' dir='ltr'><strong>καὶ</strong></span> <span class='ocrx_word' id='word_1_684' title='bbox 2866 4210 3199 4283; x_wconf 87' lang='grc' dir='ltr'>σαρκοϐόρον</span> <span class='ocrx_word' id='word_1_685' title='bbox 3236 4208 3367 4282; x_wconf 81' lang='grc' dir='ltr'>ἦθος</span> <span class='ocrx_word' id='word_1_686' title='bbox 3390 4210 3721 4277; x_wconf 69' lang='grc' dir='ltr'>ἐναλλάξαν-</span> 
     </span>
    </p>
   </div>
   <div class='ocr_carea' id='block_1_88' title="bbox 2123 4298 3721 4376">
    <p class='ocr_par' dir='ltr' id='par_1_88' title="bbox 2123 4298 3721 4376">
     <span class='ocr_line' id='line_1_88' title="bbox 2123 4298 3721 4376; baseline 0.003 -25"><span class='ocrx_word' id='word_1_687' title='bbox 2123 4316 2234 4363; x_wconf 85' lang='grc' dir='ltr'>τες,</span> <span class='ocrx_word' id='word_1_688' title='bbox 2261 4298 2397 4368; x_wconf 77' lang='grc' dir='ltr'>ὁμοῦ</span> <span class='ocrx_word' id='word_1_689' title='bbox 2424 4304 2537 4365; x_wconf 82' lang='grc' dir='ltr'>τοῖς</span> <span class='ocrx_word' id='word_1_690' title='bbox 2565 4302 2623 4355; x_wconf 79' lang='grc' dir='ltr'>ὲν</span> <span class='ocrx_word' id='word_1_691' title='bbox 2655 4306 2720 4374; x_wconf 80' lang='grc' dir='ltr'>τῇ</span> <span class='ocrx_word' id='word_1_692' title='bbox 2755 4304 3053 4376; x_wconf 74' lang='grc' dir='ltr'>Ἐκκλησία</span> <span class='ocrx_word' id='word_1_693' title='bbox 3083 4307 3342 4372; x_wconf 82' lang='grc' dir='ltr'>νεογνοῖς.</span> <span class='ocrx_word' id='word_1_694' title='bbox 3367 4303 3558 4376; x_wconf 85' lang='grc' dir='ltr'>ὥσπερ</span> <span class='ocrx_word' id='word_1_695' title='bbox 3587 4303 3721 4356; x_wconf 90' lang='grc' dir='ltr'>ταῦ-</span> 
     </span>
    </p>
   </div>
   <div class='ocr_carea' id='block_1_89' title="bbox 2128 4391 3718 4467">
    <p class='ocr_par' dir='ltr' id='par_1_89' title="bbox 2128 4391 3718 4467">
     <span class='ocr_line' id='line_1_89' title="bbox 2128 4391 3718 4467; baseline 0.003 -25"><span class='ocrx_word' id='word_1_696' title='bbox 2128 4406 2219 4461; x_wconf 87' lang='grc' dir='ltr'><strong>ρος</strong></span> <span class='ocrx_word' id='word_1_697' title='bbox 2260 4392 2354 4444; x_wconf 74' lang='grc' dir='ltr'><strong>καὶ</strong></span> <span class='ocrx_word' id='word_1_698' title='bbox 2397 4391 2615 4463; x_wconf 91' lang='grc' dir='ltr'>μόσχος,</span> <span class='ocrx_word' id='word_1_699' title='bbox 2655 4394 3106 4466; x_wconf 83' lang='grc' dir='ltr'>βοσκηθήσονται,</span> <span class='ocrx_word' id='word_1_700' title='bbox 3140 4396 3238 4466; x_wconf 83' lang='grc' dir='ltr'><strong>τῆς</strong></span> <span class='ocrx_word' id='word_1_701' title='bbox 3281 4396 3454 4467; x_wconf 81' lang='grc' dir='ltr'>αὐτῆς</span> <span class='ocrx_word' id='word_1_702' title='bbox 3490 4397 3556 4448; x_wconf 80' lang='grc' dir='ltr'>ἐκ</span> <span class='ocrx_word' id='word_1_703' title='bbox 3608 4394 3718 4447; x_wconf 84' lang='grc' dir='ltr'><strong>τῶν</strong></span> 
     </span>
    </p>
   </div>
   <div class='ocr_carea' id='block_1_90' title="bbox 2125 4481 3719 4559">
    <p class='ocr_par' dir='ltr' id='par_1_90' title="bbox 2125 4481 3719 4559">
     <span class='ocr_line' id='line_1_90' title="bbox 2125 4481 3719 4559; baseline 0.003 -25"><span class='ocrx_word' id='word_1_704' title='bbox 2125 4481 2282 4536; x_wconf 88' lang='grc' dir='ltr'>θείων</span> <span class='ocrx_word' id='word_1_705' title='bbox 2311 4483 2484 4553; x_wconf 87' lang='grc' dir='ltr'>λόγων</span> <span class='ocrx_word' id='word_1_706' title='bbox 2530 4487 2961 4559; x_wconf 75' lang='grc' dir='ltr'>μεταληψόμενοι</span> <span class='ocrx_word' id='word_1_707' title='bbox 2993 4488 3199 4559; x_wconf 81' lang='grc' dir='ltr'>τροφῆς</span> <span class='ocrx_word' id='word_1_708' title='bbox 3253 4488 3387 4558; x_wconf 84' lang='grc'>(17).</span> <span class='ocrx_word' id='word_1_709' title='bbox 3438 4488 3502 4541; x_wconf 76' lang='lat' dir='ltr'><strong>Ei</strong></span> <span class='ocrx_word' id='word_1_710' title='bbox 3530 4488 3587 4541; x_wconf 84' lang='grc' dir='ltr'>δὲ</span> <span class='ocrx_word' id='word_1_711' title='bbox 3619 4488 3719 4540; x_wconf 81' lang='grc' dir='ltr'><strong>καὶ</strong></span> 
     </span>
    </p>
   </div>
   <div class='ocr_carea' id='block_1_91' title="bbox 442 4572 2032 4663">
    <p class='ocr_par' dir='ltr' id='par_1_91' title="bbox 442 4572 2017 4647">
     <span class='ocr_line' id='line_1_91' title="bbox 442 4572 2017 4647; baseline -0.005 -13"><span class='ocrx_word' id='word_1_712' title='bbox 442 4588 620 4647; x_wconf 83' lang='lat' dir='ltr'><strong>natos,</strong></span> <span class='ocrx_word' id='word_1_713' title='bbox 648 4579 703 4633; x_wconf 91' lang='lat' dir='ltr'><strong>in</strong></span> <span class='ocrx_word' id='word_1_714' title='bbox 754 4575 994 4633; x_wconf 83' lang='lat' dir='ltr'><strong>Ecclesia</strong></span> <span class='ocrx_word' id='word_1_715' title='bbox 1045 4573 1138 4628; x_wconf 87' lang='lat' dir='ltr'><strong>Dei</strong></span> <span class='ocrx_word' id='word_1_716' title='bbox 1188 4588 1310 4627; x_wconf 90' lang='lat' dir='ltr'><strong>cum</strong></span> <span class='ocrx_word' id='word_1_717' title='bbox 1374 4572 1703 4641; x_wconf 85' lang='lat' dir='ltr'><strong>pauperibus</strong></span> <span class='ocrx_word' id='word_1_718' title='bbox 1732 4588 1796 4627; x_wconf 79' lang='lat' dir='ltr'><strong>ex</strong></span> <span class='ocrx_word' id='word_1_719' title='bbox 1836 4572 2017 4626; x_wconf 84' lang='lat' dir='ltr'><strong>intima</strong></span> 
     </span>
    </p>
   </div>
   <div class='ocr_carea' id='block_1_92' title="bbox 2141 4572 3718 4663">
    <p class='ocr_par' dir='ltr' id='par_1_92' title="bbox 2141 4573 3718 4651">
     <span class='ocr_line' id='line_1_92' title="bbox 2141 4573 3718 4651; baseline 0.003 -25"><span class='ocrx_word' id='word_1_720' title='bbox 2141 4573 2436 4642; x_wconf 68' lang='grc' dir='ltr'>Βασιλικούς</span> <span class='ocrx_word' id='word_1_721' title='bbox 2462 4596 2590 4631; x_wconf 90' lang='grc' dir='ltr'>ποτε</span> <span class='ocrx_word' id='word_1_722' title='bbox 2614 4579 2830 4649; x_wconf 84' lang='grc' dir='ltr'>ἄνδρας,</span> <span class='ocrx_word' id='word_1_723' title='bbox 2859 4578 3129 4650; x_wconf 82' lang='grc' dir='ltr'>ἀξιώματι</span> <span class='ocrx_word' id='word_1_724' title='bbox 3158 4580 3251 4632; x_wconf 71' lang='grc' dir='ltr'><strong>καὶ</strong></span> <span class='ocrx_word' id='word_1_725' title='bbox 3280 4580 3573 4651; x_wconf 77' lang='grc' dir='ltr'>ὑπεροχαῖς</span> <span class='ocrx_word' id='word_1_726' title='bbox 3593 4581 3718 4642; x_wconf 86' lang='grc' dir='ltr'>ταῖς</span> 
     </span>
    </p>
   </div>
   <div class='ocr_carea' id='block_1_93' title="bbox 438 4664 2020 4744">
    <p class='ocr_par' dir='ltr' id='par_1_93' title="bbox 438 4664 2020 4744">
     <span class='ocr_line' id='line_1_93' title="bbox 438 4664 2020 4744; baseline -0.005 -16"><span class='ocrx_word' id='word_1_727' title='bbox 438 4675 595 4744; x_wconf 87' lang='lat' dir='ltr'><strong>plebe</strong></span> <span class='ocrx_word' id='word_1_728' title='bbox 630 4680 1010 4741; x_wconf 75' lang='lat' dir='ltr'><strong>congregatos,</strong></span> <span class='ocrx_word' id='word_1_729' title='bbox 1059 4684 1125 4723; x_wconf 89' lang='lat' dir='ltr'><strong>ne</strong></span> <span class='ocrx_word' id='word_1_730' title='bbox 1167 4668 1436 4721; x_wconf 87' lang='lat' dir='ltr'><strong>cuncteris</strong></span> <span class='ocrx_word' id='word_1_731' title='bbox 1485 4664 1670 4720; x_wconf 89' lang='lat' dir='ltr'><strong>dicere</strong></span> <span class='ocrx_word' id='word_1_732' title='bbox 1714 4666 1878 4719; x_wconf 74' lang='lat' dir='ltr'><strong>etiam</strong></span> <span class='ocrx_word' id='word_1_733' title='bbox 1918 4665 2020 4721; x_wconf 93' lang='lat' dir='ltr'><strong>hac</strong></span> 
     </span>
    </p>
   </div>
   <div class='ocr_carea' id='block_1_94' title="bbox 442 4746 2023 4833">
    <p class='ocr_par' dir='ltr' id='par_1_94' title="bbox 442 4746 2023 4833">
     <span class='ocr_line' id='line_1_94' title="bbox 442 4746 2023 4833; baseline -0.006 -11"><span class='ocrx_word' id='word_1_734' title='bbox 442 4768 654 4821; x_wconf 82' lang='lat' dir='ltr'><strong>ratione</strong></span> <span class='ocrx_word' id='word_1_735' title='bbox 714 4762 989 4833; x_wconf 80' lang='lat' dir='ltr'><strong>impletum</strong></span> <span class='ocrx_word' id='word_1_736' title='bbox 1044 4775 1165 4815; x_wconf 87' lang='lat' dir='ltr'><strong>esse</strong></span> <span class='ocrx_word' id='word_1_737' title='bbox 1194 4746 1564 4829; x_wconf 12' lang='lat' dir='ltr'><strong>Scr’ipturam.</strong></span> <span class='ocrx_word' id='word_1_738' title='bbox 1594 4755 1796 4812; x_wconf 88' lang='lat' dir='ltr'><strong>Omnes</strong></span> <span class='ocrx_word' id='word_1_739' title='bbox 1836 4760 2023 4828; x_wconf 85' lang='lat' dir='ltr'><strong>itaque</strong></span> 
     </span>
    </p>
   </div>
   <div class='ocr_carea' id='block_1_95' title="bbox 434 4850 2021 4930">
    <p class='ocr_par' dir='ltr' id='par_1_95' title="bbox 434 4850 2021 4930">
     <span class='ocr_line' id='line_1_95' title="bbox 434 4850 2021 4930; baseline -0.006 -17"><span class='ocrx_word' id='word_1_740' title='bbox 434 4861 545 4930; x_wconf 81' lang='lat' dir='ltr'><strong>jam</strong></span> <span class='ocrx_word' id='word_1_741' title='bbox 574 4866 902 4914; x_wconf 89' lang='lat' dir='ltr'><strong>memoratos</strong></span> <span class='ocrx_word' id='word_1_742' title='bbox 930 4856 1105 4924; x_wconf 91' lang='lat' dir='ltr'><strong>lupos,</strong></span> <span class='ocrx_word' id='word_1_743' title='bbox 1131 4866 1327 4922; x_wconf 83' lang='lat' dir='ltr'><strong>agnos,</strong></span> <span class='ocrx_word' id='word_1_744' title='bbox 1379 4851 1599 4920; x_wconf 85' lang='lat' dir='ltr'><strong>pardos,</strong></span> <span class='ocrx_word' id='word_1_745' title='bbox 1651 4850 1854 4916; x_wconf 77' lang='lat' dir='ltr'><strong>luedos,</strong></span> <span class='ocrx_word' id='word_1_746' title='bbox 1908 4851 2021 4904; x_wconf 90' lang='lat' dir='ltr'><strong>leo-</strong></span> 
     </span>
    </p>
   </div>
   <div class='ocr_carea' id='block_1_96' title="bbox 441 4941 2024 5019">
    <p class='ocr_par' dir='ltr' id='par_1_96' title="bbox 441 4941 2024 5019">
     <span class='ocr_line' id='line_1_96' title="bbox 441 4941 2024 5019; baseline -0.005 -13"><span class='ocrx_word' id='word_1_747' title='bbox 441 4970 557 5019; x_wconf 87' lang='lat' dir='ltr'><strong>nes,</strong></span> <span class='ocrx_word' id='word_1_748' title='bbox 616 4951 814 5004; x_wconf 87' lang='lat' dir='ltr'><strong>vitnlos</strong></span> <span class='ocrx_word' id='word_1_749' title='bbox 868 4961 923 5003; x_wconf 89' lang='lat' dir='ltr'><strong>et</strong></span> <span class='ocrx_word' id='word_1_750' title='bbox 981 4957 1195 5009; x_wconf 87' lang='lat' dir='ltr'><strong>tauros,</strong></span> <span class='ocrx_word' id='word_1_751' title='bbox 1261 4957 1317 4997; x_wconf 91' lang='lat' dir='ltr'><strong>ut</strong></span> <span class='ocrx_word' id='word_1_752' title='bbox 1378 4943 1597 5007; x_wconf 86' lang='lat' dir='ltr'><strong>dicitur,</strong></span> <span class='ocrx_word' id='word_1_753' title='bbox 1648 4956 1781 5013; x_wconf 88' lang='lat' dir='ltr'><strong>puer</strong></span> <span class='ocrx_word' id='word_1_754' title='bbox 1844 4941 2024 4998; x_wconf 84' lang='lat' dir='ltr'><strong>iulans</strong></span> 
     </span>
    </p>
   </div>
   <div class='ocr_carea' id='block_1_97' title="bbox 378 5035 2016 5117">
    <p class='ocr_par' dir='ltr' id='par_1_97' title="bbox 378 5035 2016 5117">
     <span class='ocr_line' id='line_1_97' title="bbox 378 5035 2016 5117; baseline -0.009 -16"><span class='ocrx_word' id='word_1_755' title='bbox 378 5106 385 5111; x_wconf 93' lang='lat'>_</span> <span class='ocrx_word' id='word_1_756' title='bbox 439 5056 582 5117; x_wconf 84' lang='lat' dir='ltr'><strong>aget.</strong></span> <span class='ocrx_word' id='word_1_757' title='bbox 626 5044 762 5099; x_wconf 83' lang='lat' dir='ltr'><strong>Illud</strong></span> <span class='ocrx_word' id='word_1_758' title='bbox 795 5052 973 5096; x_wconf 89' lang='lat' dir='ltr'><strong>antem</strong></span> <span class='ocrx_word' id='word_1_759' title='bbox 1031 5055 1051 5089; x_wconf 72' lang='grc' dir='ltr'><strong>ι</strong></span> <span class='ocrx_word' id='word_1_760' title='bbox 1082 5046 1224 5105; x_wconf 85' lang='lat' dir='ltr'><strong>aget,</strong></span> <span class='ocrx_word' id='word_1_761' title='bbox 1259 5055 1278 5088; x_wconf 74' lang='grc' dir='ltr'>ι</span> <span class='ocrx_word' id='word_1_762' title='bbox 1329 5035 1488 5105; x_wconf 82' lang='lat' dir='ltr'><strong>quasi</strong></span> <span class='ocrx_word' id='word_1_763' title='bbox 1538 5053 1557 5087; x_wconf 81' lang='grc' dir='ltr'><strong>ι</strong></span> <span class='ocrx_word' id='word_1_764' title='bbox 1591 5035 1963 5106; x_wconf 85' lang='lat' dir='ltr'><strong>congregabit,</strong></span> <span class='ocrx_word' id='word_1_765' title='bbox 1998 5053 2016 5087; x_wconf 79' lang='grc' dir='ltr'>ι</span> 
     </span>
    </p>
   </div>
   <div class='ocr_carea' id='block_1_98' title="bbox 438 5126 2025 5202">
    <p class='ocr_par' dir='ltr' id='par_1_98' title="bbox 438 5126 2025 5202">
     <span class='ocr_line' id='line_1_98' title="bbox 438 5126 2025 5202; baseline -0.008 -9"><span class='ocrx_word' id='word_1_766' title='bbox 438 5142 640 5197; x_wconf 88' lang='lat' dir='ltr'><strong>dictum</strong></span> <span class='ocrx_word' id='word_1_767' title='bbox 662 5148 765 5193; x_wconf 90' lang='lat' dir='ltr'><strong>est.</strong></span> <span class='ocrx_word' id='word_1_768' title='bbox 813 5133 970 5202; x_wconf 90' lang='lat' dir='ltr'><strong>Quod</strong></span> <span class='ocrx_word' id='word_1_769' title='bbox 1027 5132 1140 5201; x_wconf 91' lang='lat' dir='ltr'><strong>ipsa</strong></span> <span class='ocrx_word' id='word_1_770' title='bbox 1187 5143 1247 5184; x_wconf 90' lang='lat' dir='ltr'><strong>re</strong></span> <span class='ocrx_word' id='word_1_771' title='bbox 1296 5136 1507 5198; x_wconf 79' lang='lat' dir='ltr'><strong>gestum</strong></span> <span class='ocrx_word' id='word_1_772' title='bbox 1556 5129 1867 5197; x_wconf 80' lang='lat' dir='ltr'><strong>perSpicere</strong></span> <span class='ocrx_word' id='word_1_773' title='bbox 1899 5126 2025 5182; x_wconf 91' lang='lat' dir='ltr'><strong>licet</strong></span> 
     </span>
    </p>
   </div>
   <div class='ocr_carea' id='block_1_99' title="bbox 439 5219 2017 5303">
    <p class='ocr_par' dir='ltr' id='par_1_99' title="bbox 439 5219 2017 5303">
     <span class='ocr_line' id='line_1_99' title="bbox 439 5219 2017 5303; baseline -0.01 -16"><span class='ocrx_word' id='word_1_774' title='bbox 439 5233 528 5296; x_wconf 84' lang='lat' dir='ltr'><strong>iis,</strong></span> <span class='ocrx_word' id='word_1_775' title='bbox 550 5232 641 5303; x_wconf 83' lang='lat' dir='ltr'><strong>qui</strong></span> <span class='ocrx_word' id='word_1_776' title='bbox 670 5226 961 5299; x_wconf 70' lang='lat' dir='ltr'><strong>prmsulum</strong></span> <span class='ocrx_word' id='word_1_777' title='bbox 992 5222 1188 5277; x_wconf 91' lang='lat' dir='ltr'><strong>multos</strong></span> <span class='ocrx_word' id='word_1_778' title='bbox 1214 5222 1401 5275; x_wconf 89' lang='lat' dir='ltr'><strong>vident</strong></span> <span class='ocrx_word' id='word_1_779' title='bbox 1434 5219 1490 5273; x_wconf 89' lang='lat' dir='ltr'><strong>in</strong></span> <span class='ocrx_word' id='word_1_780' title='bbox 1524 5219 1766 5275; x_wconf 85' lang='lat' dir='ltr'><strong>Ecclesia</strong></span> <span class='ocrx_word' id='word_1_781' title='bbox 1792 5220 2017 5285; x_wconf 88' lang='lat' dir='ltr'><strong>Christi,</strong></span> 
     </span>
    </p>
   </div>
   <div class='ocr_carea' id='block_1_100' title="bbox 436 5311 2018 5385">
    <p class='ocr_par' dir='ltr' id='par_1_100' title="bbox 436 5311 2018 5385">
     <span class='ocr_line' id='line_1_100' title="bbox 436 5311 2018 5385; baseline -0.009 -7"><span class='ocrx_word' id='word_1_782' title='bbox 436 5326 505 5378; x_wconf 93' lang='lat' dir='ltr'><strong>ob</strong></span> <span class='ocrx_word' id='word_1_783' title='bbox 560 5321 726 5376; x_wconf 88' lang='lat' dir='ltr'><strong>animi</strong></span> <span class='ocrx_word' id='word_1_784' title='bbox 776 5316 1183 5385; x_wconf 84' lang='lat' dir='ltr'><strong>simplicitatem</strong></span> <span class='ocrx_word' id='word_1_785' title='bbox 1229 5322 1283 5367; x_wconf 88' lang='lat' dir='ltr'><strong>et</strong></span> <span class='ocrx_word' id='word_1_786' title='bbox 1330 5313 1727 5378; x_wconf 89' lang='lat' dir='ltr'><strong>innocentiam,</strong></span> <span class='ocrx_word' id='word_1_787' title='bbox 1774 5311 1906 5366; x_wconf 88' lang='lat' dir='ltr'><strong>nihil</strong></span> <span class='ocrx_word' id='word_1_788' title='bbox 1949 5311 2018 5365; x_wconf 88' lang='lat' dir='ltr'><strong>ab</strong></span> 
     </span>
    </p>
   </div>
   <div class='ocr_carea' id='block_1_101' title="bbox 436 5402 2017 5479">
    <p class='ocr_par' dir='ltr' id='par_1_101' title="bbox 436 5402 2017 5479">
     <span class='ocr_line' id='line_1_101' title="bbox 436 5402 2017 5479; baseline -0.006 -10"><span class='ocrx_word' id='word_1_789' title='bbox 436 5414 733 5470; x_wconf 80' lang='lat' dir='ltr'><strong>infantibus</strong></span> <span class='ocrx_word' id='word_1_790' title='bbox 763 5411 1074 5479; x_wconf 86' lang='lat' dir='ltr'><strong>discrepare</strong></span> <span class='ocrx_word' id='word_1_791' title='bbox 1105 5426 1119 5462; x_wconf 82' lang='grc' dir='ltr'><strong>ι</strong></span> <span class='ocrx_word' id='word_1_792' title='bbox 1148 5406 1251 5462; x_wconf 89' lang='lat' dir='ltr'><strong>etsi</strong></span> <span class='ocrx_word' id='word_1_793' title='bbox 1287 5416 1468 5460; x_wconf 88' lang='lat' dir='ltr'><strong>tamen</strong></span> <span class='ocrx_word' id='word_1_794' title='bbox 1501 5402 1743 5475; x_wconf 75' lang='lat' dir='ltr'><strong>prchecti</strong></span> <span class='ocrx_word' id='word_1_795' title='bbox 1786 5404 1897 5458; x_wconf 88' lang='lat' dir='ltr'><strong>sint</strong></span> <span class='ocrx_word' id='word_1_796' title='bbox 1924 5419 2017 5459; x_wconf 89' lang='lat' dir='ltr'><strong>eo—</strong></span> 
     </span>
    </p>
   </div>
   <div class='ocr_carea' id='block_1_102' title="bbox 436 5500 2015 5572">
    <p class='ocr_par' dir='ltr' id='par_1_102' title="bbox 436 5500 2015 5572">
     <span class='ocr_line' id='line_1_102' title="bbox 436 5500 2015 5572; baseline -0.009 -12"><span class='ocrx_word' id='word_1_797' title='bbox 436 5523 576 5571; x_wconf 85' lang='lat' dir='ltr'><strong>rum,</strong></span> <span class='ocrx_word' id='word_1_798' title='bbox 617 5506 705 5572; x_wconf 79' lang='lat' dir='ltr'><strong>qni</strong></span> <span class='ocrx_word' id='word_1_799' title='bbox 748 5504 814 5558; x_wconf 90' lang='lat' dir='ltr'><strong>ab</strong></span> <span class='ocrx_word' id='word_1_800' title='bbox 844 5503 989 5557; x_wconf 87' lang='lat' dir='ltr'><strong>omni</strong></span> <span class='ocrx_word' id='word_1_801' title='bbox 1021 5515 1224 5571; x_wconf 83' lang='lat' dir='ltr'><strong>genere</strong></span> <span class='ocrx_word' id='word_1_802' title='bbox 1282 5500 1335 5553; x_wconf 89' lang='lat' dir='ltr'><strong>iu</strong></span> <span class='ocrx_word' id='word_1_803' title='bbox 1377 5513 1541 5552; x_wconf 86' lang='lat' dir='ltr'><strong>unum</strong></span> <span class='ocrx_word' id='word_1_804' title='bbox 1592 5504 2015 5566; x_wconf 81' lang='lat' dir='ltr'><strong>congregantur.</strong></span> 
     </span>
    </p>
   </div>
   <div class='ocr_carea' id='block_1_103' title="bbox 433 5588 2019 5670">
    <p class='ocr_par' dir='ltr' id='par_1_103' title="bbox 433 5588 2019 5670">
     <span class='ocr_line' id='line_1_103' title="bbox 433 5588 2019 5670; baseline -0.009 -15"><span class='ocrx_word' id='word_1_805' title='bbox 433 5603 565 5655; x_wconf 80' lang='lat' dir='ltr'><strong>Cum</strong></span> <span class='ocrx_word' id='word_1_806' title='bbox 591 5615 751 5670; x_wconf 90' lang='lat' dir='ltr'><strong>porro</strong></span> <span class='ocrx_word' id='word_1_807' title='bbox 783 5599 881 5664; x_wconf 92' lang='lat' dir='ltr'><strong>ait,</strong></span> <span class='ocrx_word' id='word_1_808' title='bbox 940 5616 959 5649; x_wconf 76' lang='grc' dir='ltr'><strong>ι</strong></span> <span class='ocrx_word' id='word_1_809' title='bbox 990 5596 1055 5651; x_wconf 83' lang='grc' dir='ltr'>Ει</span> <span class='ocrx_word' id='word_1_810' title='bbox 1083 5600 1181 5651; x_wconf 87' lang='lat' dir='ltr'><strong>hos</strong></span> <span class='ocrx_word' id='word_1_811' title='bbox 1218 5608 1275 5651; x_wconf 92' lang='lat' dir='ltr'><strong>et</strong></span> <span class='ocrx_word' id='word_1_812' title='bbox 1304 5609 1463 5648; x_wconf 91' lang='lat' dir='ltr'><strong>ursus</strong></span> <span class='ocrx_word' id='word_1_813' title='bbox 1504 5600 1797 5663; x_wconf 85' lang='lat' dir='ltr'><strong>pascentur</strong></span> <span class='ocrx_word' id='word_1_814' title='bbox 1857 5588 2019 5642; x_wconf 90' lang='lat' dir='ltr'><strong>simul</strong></span> 
     </span>
    </p>
   </div>
   <div class='ocr_carea' id='block_1_104' title="bbox 505 5707 1607 5782">
    <p class='ocr_par' dir='ltr' id='par_1_104' title="bbox 505 5707 1607 5782">
     <span class='ocr_line' id='line_1_104' title="bbox 505 5707 1607 5782; baseline -0.007 -12"><span class='ocrx_word' id='word_1_815' title='bbox 505 5718 550 5750; x_wconf 78' lang='grc'>⁶⁶</span> <span class='ocrx_word' id='word_1_816' title='bbox 581 5715 772 5770; x_wconf 83' lang='lat' dir='ltr'><strong>Matth.</strong></span> <span class='ocrx_word' id='word_1_817' title='bbox 800 5733 859 5782; x_wconf 72' lang='grc' dir='ltr'>χ,</span> <span class='ocrx_word' id='word_1_818' title='bbox 886 5714 978 5770; x_wconf 69' lang='grc'><strong>⁸54.</strong></span> <span class='ocrx_word' id='word_1_819' title='bbox 1051 5713 1094 5745; x_wconf 76' lang='grc'><strong>⁸⁸⁷</strong></span> <span class='ocrx_word' id='word_1_820' title='bbox 1128 5711 1322 5768; x_wconf 77' lang='lat' dir='ltr'><strong>Matth.</strong></span> <span class='ocrx_word' id='word_1_821' title='bbox 1354 5724 1479 5774; x_wconf 79' lang='lat' dir='ltr'><strong>vin,</strong></span> <span class='ocrx_word' id='word_1_822' title='bbox 1516 5707 1607 5762; x_wconf 72' lang='lat'><strong>29.</strong></span> 
     </span>
    </p>
   </div>
   <div class='ocr_carea' id='block_1_105' title="bbox 2130 4669 3715 4743">
    <p class='ocr_par' dir='ltr' id='par_1_105' title="bbox 2130 4669 3715 4743">
     <span class='ocr_line' id='line_1_105' title="bbox 2130 4669 3715 4743; baseline 0.002 -23"><span class='ocrx_word' id='word_1_823' title='bbox 2130 4669 2270 4722; x_wconf 86' lang='grc' dir='ltr'>κατὰ</span> <span class='ocrx_word' id='word_1_824' title='bbox 2282 4670 2371 4722; x_wconf 78' lang='grc' dir='ltr'>τὸν</span> <span class='ocrx_word' id='word_1_825' title='bbox 2404 4670 2515 4741; x_wconf 83' lang='grc' dir='ltr'>βίον</span> <span class='ocrx_word' id='word_1_826' title='bbox 2537 4673 2952 4742; x_wconf 87' lang='grc' dir='ltr'>τετιμημένους,</span> <span class='ocrx_word' id='word_1_827' title='bbox 2984 4672 3197 4725; x_wconf 81' lang='grc' dir='ltr'>θεάσοιο</span> <span class='ocrx_word' id='word_1_828' title='bbox 3224 4673 3280 4724; x_wconf 83' lang='grc' dir='ltr'>ὲν</span> <span class='ocrx_word' id='word_1_829' title='bbox 3307 4674 3373 4743; x_wconf 81' lang='grc' dir='ltr'>τῇ</span> <span class='ocrx_word' id='word_1_830' title='bbox 3420 4671 3715 4743; x_wconf 66' lang='grc' dir='ltr'>Ἐκκλησία</span> 
     </span>
    </p>
   </div>
   <div class='ocr_carea' id='block_1_106' title="bbox 2128 4761 3714 4834">
    <p class='ocr_par' dir='ltr' id='par_1_106' title="bbox 2128 4761 3714 4834">
     <span class='ocr_line' id='line_1_106' title="bbox 2128 4761 3714 4834; baseline 0.003 -21"><span class='ocrx_word' id='word_1_831' title='bbox 2128 4761 2221 4814; x_wconf 87' lang='grc' dir='ltr'><strong>τοῦ</strong></span> <span class='ocrx_word' id='word_1_832' title='bbox 2249 4761 2405 4827; x_wconf 86' lang='grc' dir='ltr'>Θεοῦ,</span> <span class='ocrx_word' id='word_1_833' title='bbox 2441 4763 2578 4833; x_wconf 86' lang='grc' dir='ltr'><strong>μετά</strong></span> <span class='ocrx_word' id='word_1_834' title='bbox 2608 4765 2854 4834; x_wconf 80' lang='grc' dir='ltr'>πενήτων</span> <span class='ocrx_word' id='word_1_835' title='bbox 2887 4763 2981 4817; x_wconf 81' lang='grc' dir='ltr'>καὶ</span> <span class='ocrx_word' id='word_1_836' title='bbox 3018 4763 3252 4817; x_wconf 80' lang='grc' dir='ltr'>εὐτελῶν</span> <span class='ocrx_word' id='word_1_837' title='bbox 3290 4764 3714 4834; x_wconf 75' lang='grc' dir='ltr'>συναγομένους,</span> 
     </span>
    </p>
   </div>
   <div class='ocr_carea' id='block_1_107' title="bbox 2133 4852 3711 4929">
    <p class='ocr_par' dir='ltr' id='par_1_107' title="bbox 2133 4852 3711 4929">
     <span class='ocr_line' id='line_1_107' title="bbox 2133 4852 3711 4929; baseline 0.004 -25"><span class='ocrx_word' id='word_1_838' title='bbox 2133 4852 2208 4922; x_wconf 84' lang='grc' dir='ltr'>μὴ</span> <span class='ocrx_word' id='word_1_839' title='bbox 2231 4852 2377 4905; x_wconf 74' lang='grc' dir='ltr'>ὄκνει</span> <span class='ocrx_word' id='word_1_840' title='bbox 2403 4854 2583 4923; x_wconf 89' lang='grc' dir='ltr'>λέγειν</span> <span class='ocrx_word' id='word_1_841' title='bbox 2618 4856 2710 4907; x_wconf 74' lang='grc' dir='ltr'><strong>καὶ</strong></span> <span class='ocrx_word' id='word_1_842' title='bbox 2737 4854 2880 4908; x_wconf 72' lang='grc' dir='ltr'>οὕτω</span> <span class='ocrx_word' id='word_1_843' title='bbox 2910 4855 3302 4927; x_wconf 85' lang='grc' dir='ltr'>πεπληρῶσθαι</span> <span class='ocrx_word' id='word_1_844' title='bbox 3337 4855 3433 4926; x_wconf 79' lang='grc' dir='ltr'><strong>τὴν</strong></span> <span class='ocrx_word' id='word_1_845' title='bbox 3464 4856 3503 4907; x_wconf 91' lang='grc' dir='ltr'><strong>Γ</strong></span> <span class='ocrx_word' id='word_1_846' title='bbox 3511 4858 3711 4929; x_wconf 69' lang='grc' dir='ltr'>ραφήν.</span> 
     </span>
    </p>
   </div>
   <div class='ocr_carea' id='block_1_108' title="bbox 2131 4943 3714 5015">
    <p class='ocr_par' dir='ltr' id='par_1_108' title="bbox 2131 4943 3714 5015">
     <span class='ocr_line' id='line_1_108' title="bbox 2131 4943 3714 5015; baseline 0.003 -21"><span class='ocrx_word' id='word_1_847' title='bbox 2131 4943 2348 5006; x_wconf 77' lang='grc' dir='ltr'>Πάντας</span> <span class='ocrx_word' id='word_1_848' title='bbox 2393 4943 2573 4998; x_wconf 87' lang='grc' dir='ltr'>τοίνυν</span> <span class='ocrx_word' id='word_1_849' title='bbox 2616 4943 2752 5015; x_wconf 85' lang='grc' dir='ltr'>ὁμοῦ</span> <span class='ocrx_word' id='word_1_850' title='bbox 2786 4945 2913 5009; x_wconf 81' lang='grc' dir='ltr'>τοὺς</span> <span class='ocrx_word' id='word_1_851' title='bbox 2960 4945 3323 5008; x_wconf 87' lang='grc' dir='ltr'>ἀποδοθέντας</span> <span class='ocrx_word' id='word_1_852' title='bbox 3370 4944 3569 5009; x_wconf 86' lang='grc' dir='ltr'>λύκους</span> <span class='ocrx_word' id='word_1_853' title='bbox 3619 4948 3714 4998; x_wconf 78' lang='grc' dir='ltr'><strong>καὶ</strong></span> 
     </span>
    </p>
   </div>
   <div class='ocr_carea' id='block_1_109' title="bbox 2128 5035 3715 5109">
    <p class='ocr_par' dir='ltr' id='par_1_109' title="bbox 2128 5035 3715 5109">
     <span class='ocr_line' id='line_1_109' title="bbox 2128 5035 3715 5109; baseline 0.001 -21"><span class='ocrx_word' id='word_1_854' title='bbox 2128 5035 2320 5107; x_wconf 86' lang='grc' dir='ltr'>ἄρνας,</span> <span class='ocrx_word' id='word_1_855' title='bbox 2352 5037 2447 5089; x_wconf 75' lang='grc' dir='ltr'><strong>καὶ</strong></span> <span class='ocrx_word' id='word_1_856' title='bbox 2470 5036 2788 5109; x_wconf 88' lang='grc' dir='ltr'>παρδάλεις,</span> <span class='ocrx_word' id='word_1_857' title='bbox 2820 5038 2915 5090; x_wconf 71' lang='grc' dir='ltr'><strong>καὶ</strong></span> <span class='ocrx_word' id='word_1_858' title='bbox 2946 5036 3187 5107; x_wconf 78' lang='grc' dir='ltr'>ἐρίφους,</span> <span class='ocrx_word' id='word_1_859' title='bbox 3218 5038 3311 5090; x_wconf 79' lang='grc' dir='ltr'><strong>καὶ</strong></span> <span class='ocrx_word' id='word_1_860' title='bbox 3353 5036 3592 5103; x_wconf 85' lang='grc' dir='ltr'>λέοντας,</span> <span class='ocrx_word' id='word_1_861' title='bbox 3619 5038 3715 5090; x_wconf 83' lang='grc' dir='ltr'><strong>καὶ</strong></span> 
     </span>
    </p>
   </div>
   <div class='ocr_carea' id='block_1_110' title="bbox 2130 5128 3714 5202">
    <p class='ocr_par' dir='ltr' id='par_1_110' title="bbox 2130 5128 3714 5202">
     <span class='ocr_line' id='line_1_110' title="bbox 2130 5128 3714 5202; baseline 0.003 -22"><span class='ocrx_word' id='word_1_862' title='bbox 2130 5128 2382 5199; x_wconf 86' lang='grc' dir='ltr'>μόσχους,</span> <span class='ocrx_word' id='word_1_863' title='bbox 2407 5130 2502 5185; x_wconf 76' lang='grc' dir='ltr'><strong>καὶ</strong></span> <span class='ocrx_word' id='word_1_864' title='bbox 2528 5129 2781 5201; x_wconf 89' lang='grc' dir='ltr'>ταύρους,</span> <span class='ocrx_word' id='word_1_865' title='bbox 2817 5130 3027 5183; x_wconf 87' lang='grc' dir='ltr'>παιδίον</span> <span class='ocrx_word' id='word_1_866' title='bbox 3048 5132 3239 5202; x_wconf 88' lang='grc' dir='ltr'>νήπιον</span> <span class='ocrx_word' id='word_1_867' title='bbox 3267 5130 3416 5195; x_wconf 82' lang='grc' dir='ltr'>ἄξειν</span> <span class='ocrx_word' id='word_1_868' title='bbox 3438 5129 3714 5184; x_wconf 73' lang='grc' dir='ltr'>λέλεκταιε</span> 
     </span>
    </p>
   </div>
   <div class='ocr_carea' id='block_1_111' title="bbox 2127 5220 3715 5293">
    <p class='ocr_par' dir='ltr' id='par_1_111' title="bbox 2127 5220 3715 5293">
     <span class='ocr_line' id='line_1_111' title="bbox 2127 5220 3715 5293; baseline 0.002 -21"><span class='ocrx_word' id='word_1_869' title='bbox 2127 5220 2200 5273; x_wconf 82' lang='grc' dir='ltr'><strong>Τὸ</strong></span> <span class='ocrx_word' id='word_1_870' title='bbox 2220 5221 2298 5285; x_wconf 80' lang='grc' dir='ltr'><strong>δὲ,</strong></span> <span class='ocrx_word' id='word_1_871' title='bbox 2340 5240 2359 5274; x_wconf 76' lang='grc' dir='ltr'><strong>ι</strong></span> <span class='ocrx_word' id='word_1_872' title='bbox 2390 5221 2529 5289; x_wconf 79' lang='grc' dir='ltr'>ἄξει,</span> <span class='ocrx_word' id='word_1_873' title='bbox 2572 5242 2591 5276; x_wconf 70' lang='grc' dir='ltr'>ι</span> <span class='ocrx_word' id='word_1_874' title='bbox 2622 5224 2743 5277; x_wconf 72' lang='grc' dir='ltr'>ἀντὶ</span> <span class='ocrx_word' id='word_1_875' title='bbox 2773 5223 2887 5285; x_wconf 87' lang='grc' dir='ltr'>τοῦ,</span> <span class='ocrx_word' id='word_1_876' title='bbox 2918 5243 2936 5275; x_wconf 77' lang='grc' dir='ltr'><strong>ι</strong></span> <span class='ocrx_word' id='word_1_877' title='bbox 2977 5222 3211 5289; x_wconf 77' lang='grc' dir='ltr'>συνάξει,</span> <span class='ocrx_word' id='word_1_878' title='bbox 3251 5243 3269 5275; x_wconf 79' lang='grc' dir='ltr'>ι</span> <span class='ocrx_word' id='word_1_879' title='bbox 3307 5223 3545 5291; x_wconf 86' lang='grc' dir='ltr'>λέγεται.</span> <span class='ocrx_word' id='word_1_880' title='bbox 3582 5222 3715 5293; x_wconf 87' lang='grc' dir='ltr'><strong>Ἔρ-</strong></span> 
     </span>
    </p>
   </div>
   <div class='ocr_carea' id='block_1_112' title="bbox 2124 5314 3712 5388">
    <p class='ocr_par' dir='ltr' id='par_1_112' title="bbox 2124 5314 3712 5388">
     <span class='ocr_line' id='line_1_112' title="bbox 2124 5314 3712 5388; baseline 0.001 -22"><span class='ocrx_word' id='word_1_881' title='bbox 2124 5330 2206 5385; x_wconf 83' lang='grc' dir='ltr'>γῳ</span> <span class='ocrx_word' id='word_1_882' title='bbox 2239 5315 2295 5368; x_wconf 83' lang='grc' dir='ltr'>δὲ</span> <span class='ocrx_word' id='word_1_883' title='bbox 2347 5314 2463 5370; x_wconf 77' lang='grc' dir='ltr'>ἔστι</span> <span class='ocrx_word' id='word_1_884' title='bbox 2521 5315 2859 5388; x_wconf 86' lang='grc' dir='ltr'>παραλαϐεῖν</span> <span class='ocrx_word' id='word_1_885' title='bbox 2910 5317 3005 5369; x_wconf 70' lang='grc' dir='ltr'><strong>καὶ</strong></span> <span class='ocrx_word' id='word_1_886' title='bbox 3046 5315 3222 5379; x_wconf 87' lang='grc' dir='ltr'>τοῦτο,</span> <span class='ocrx_word' id='word_1_887' title='bbox 3270 5316 3511 5388; x_wconf 78' lang='grc' dir='ltr'>δρῶντας</span> <span class='ocrx_word' id='word_1_888' title='bbox 3540 5315 3599 5368; x_wconf 81' lang='grc' dir='ltr'>ὲν</span> <span class='ocrx_word' id='word_1_889' title='bbox 3642 5317 3712 5387; x_wconf 82' lang='grc' dir='ltr'>τῇ</span> 
     </span>
    </p>
   </div>
   <div class='ocr_carea' id='block_1_113' title="bbox 2140 5404 3712 5479">
    <p class='ocr_par' dir='ltr' id='par_1_113' title="bbox 2140 5404 3712 5479">
     <span class='ocr_line' id='line_1_113' title="bbox 2140 5404 3712 5479; baseline -0.001 -22"><span class='ocrx_word' id='word_1_890' title='bbox 2140 5404 2435 5477; x_wconf 66' lang='grc' dir='ltr'>Ἐκκλησία</span> <span class='ocrx_word' id='word_1_891' title='bbox 2466 5406 2700 5479; x_wconf 86' lang='grc' dir='ltr'>Χριστοῦ</span> <span class='ocrx_word' id='word_1_892' title='bbox 2740 5407 2866 5470; x_wconf 77' lang='grc' dir='ltr'>τοὺς</span> <span class='ocrx_word' id='word_1_893' title='bbox 2906 5405 3188 5468; x_wconf 86' lang='grc' dir='ltr'>πλείστους</span> <span class='ocrx_word' id='word_1_894' title='bbox 3214 5404 3324 5457; x_wconf 82' lang='grc' dir='ltr'><strong>τῶν</strong></span> <span class='ocrx_word' id='word_1_895' title='bbox 3353 5404 3712 5476; x_wconf 89' lang='grc' dir='ltr'>προεστώτων</span> 
     </span>
    </p>
   </div>
   <div class='ocr_carea' id='block_1_114' title="bbox 2127 5497 3711 5570">
    <p class='ocr_par' dir='ltr' id='par_1_114' title="bbox 2127 5497 3711 5570">
     <span class='ocr_line' id='line_1_114' title="bbox 2127 5497 3711 5570; baseline 0 -21"><span class='ocrx_word' id='word_1_896' title='bbox 2127 5497 2195 5549; x_wconf 71' lang='grc' dir='ltr'>δι’</span> <span class='ocrx_word' id='word_1_897' title='bbox 2221 5497 2498 5570; x_wconf 85' lang='grc' dir='ltr'>ἁπλότητα</span> <span class='ocrx_word' id='word_1_898' title='bbox 2524 5499 2700 5569; x_wconf 78' lang='grc' dir='ltr'>ψυχῆς</span> <span class='ocrx_word' id='word_1_899' title='bbox 2723 5501 2817 5552; x_wconf 77' lang='grc' dir='ltr'><strong>καὶ</strong></span> <span class='ocrx_word' id='word_1_900' title='bbox 2850 5499 3086 5552; x_wconf 90' lang='grc' dir='ltr'>ἀκακίαν</span> <span class='ocrx_word' id='word_1_901' title='bbox 3109 5497 3260 5551; x_wconf 74' lang='grc' dir='ltr'>οὐδὲν</span> <span class='ocrx_word' id='word_1_902' title='bbox 3287 5498 3493 5567; x_wconf 89' lang='grc' dir='ltr'>νηπίων</span> <span class='ocrx_word' id='word_1_903' title='bbox 3519 5497 3711 5567; x_wconf 84' lang='grc' dir='ltr'>διαφέ-</span> 
     </span>
    </p>
   </div>
   <div class='ocr_carea' id='block_1_115' title="bbox 2128 5582 3710 5662">
    <p class='ocr_par' dir='ltr' id='par_1_115' title="bbox 2128 5582 3710 5662">
     <span class='ocr_line' id='line_1_115' title="bbox 2128 5582 3710 5662; baseline 0.003 -21"><span class='ocrx_word' id='word_1_904' title='bbox 2128 5606 2339 5661; x_wconf 86' lang='grc' dir='ltr'>ροντας·</span> <span class='ocrx_word' id='word_1_905' title='bbox 2368 5591 2519 5661; x_wconf 81' lang='grc' dir='ltr'>ὅμως</span> <span class='ocrx_word' id='word_1_906' title='bbox 2544 5592 2587 5644; x_wconf 84' lang='grc' dir='ltr'>δ’</span> <span class='ocrx_word' id='word_1_907' title='bbox 2615 5587 2709 5645; x_wconf 79' lang='grc' dir='ltr'><strong>οὖν</strong></span> <span class='ocrx_word' id='word_1_908' title='bbox 2745 5591 3083 5662; x_wconf 79' lang='grc' dir='ltr'>ἡγουμένους</span> <span class='ocrx_word' id='word_1_909' title='bbox 3117 5589 3224 5643; x_wconf 83' lang='grc' dir='ltr'><strong>τῶν</strong></span> <span class='ocrx_word' id='word_1_910' title='bbox 3250 5589 3358 5642; x_wconf 78' lang='grc' dir='ltr'><strong>ἀπὸ</strong></span> <span class='ocrx_word' id='word_1_911' title='bbox 3386 5582 3586 5652; x_wconf 80' lang='grc' dir='ltr'>παντδς</span> <span class='ocrx_word' id='word_1_912' title='bbox 3616 5590 3710 5658; x_wconf 79' lang='grc' dir='ltr'>γέ-</span> 
     </span>
    </p>
   </div>
   <div class='ocr_carea' id='block_1_116' title="bbox 1696 5703 2617 5773">
    <p class='ocr_par' dir='ltr' id='par_1_116' title="bbox 1696 5703 2617 5773">
     <span class='ocr_line' id='line_1_116' title="bbox 1696 5703 2617 5773; baseline 0 -13"><span class='ocrx_word' id='word_1_913' title='bbox 1696 5706 1740 5737; x_wconf 73' lang='lat'>“</span> <span class='ocrx_word' id='word_1_914' title='bbox 1772 5705 1938 5760; x_wconf 85' lang='lat' dir='ltr'><strong>lCor.</strong></span> <span class='ocrx_word' id='word_1_915' title='bbox 1975 5703 2111 5771; x_wconf 71' lang='lat'><strong>1,30.</strong></span> <span class='ocrx_word' id='word_1_916' title='bbox 2190 5704 2236 5736; x_wconf 80' lang='grc'><strong><em>⁶⁹</em></strong></span> <span class='ocrx_word' id='word_1_917' title='bbox 2262 5704 2419 5760; x_wconf 84' lang='lat' dir='ltr'><strong>Joan.</strong></span> <span class='ocrx_word' id='word_1_918' title='bbox 2447 5720 2560 5773; x_wconf 72' lang='lat' dir='ltr'><strong>xxv,</strong></span> <span class='ocrx_word' id='word_1_919' title='bbox 2584 5704 2617 5759; x_wconf 87' lang='lat'><strong>6</strong></span> 
     </span>
    </p>
   </div>
   <div class='ocr_carea' id='block_1_117' title="bbox 506 5817 3701 5909">
    <p class='ocr_par' dir='ltr' id='par_1_117' title="bbox 506 5817 3701 5909">
     <span class='ocr_line' id='line_1_117' title="bbox 506 5817 3701 5909; baseline -0.004 -22"><span class='ocrx_word' id='word_1_920' title='bbox 506 5835 614 5903; x_wconf 80' lang='lat' dir='ltr'><strong>(I7)</strong></span> <span class='ocrx_word' id='word_1_921' title='bbox 656 5833 808 5888; x_wconf 82' lang='lat' dir='ltr'><strong>lltmc</strong></span> <span class='ocrx_word' id='word_1_922' title='bbox 858 5834 990 5890; x_wconf 87' lang='lat' dir='ltr'><strong>item</strong></span> <span class='ocrx_word' id='word_1_923' title='bbox 1051 5830 1250 5893; x_wconf 88' lang='lat' dir='ltr'><strong>locum,</strong></span> <span class='ocrx_word' id='word_1_924' title='bbox 1304 5826 1491 5899; x_wconf 86' lang='lat' dir='ltr'><strong>paucis</strong></span> <span class='ocrx_word' id='word_1_925' title='bbox 1554 5825 1875 5893; x_wconf 86' lang='lat' dir='ltr'><strong>immutatis,</strong></span> <span class='ocrx_word' id='word_1_926' title='bbox 1916 5822 2171 5894; x_wconf 80' lang='lat' dir='ltr'><strong>exprimit</strong></span> <span class='ocrx_word' id='word_1_927' title='bbox 2227 5823 2611 5893; x_wconf 82' lang='lat' dir='ltr'><strong>llieronvmus,</strong></span> <span class='ocrx_word' id='word_1_928' title='bbox 2666 5843 2697 5909; x_wconf 39' lang='grc' dir='ltr'><strong>,ι</strong></span> <span class='ocrx_word' id='word_1_929' title='bbox 2730 5824 2883 5892; x_wconf 88' lang='lat' dir='ltr'><strong>Quod</strong></span> <span class='ocrx_word' id='word_1_930' title='bbox 2913 5822 3157 5893; x_wconf 87' lang='lat' dir='ltr'><strong>quotidie</strong></span> <span class='ocrx_word' id='word_1_931' title='bbox 3204 5820 3485 5878; x_wconf 86' lang='lat' dir='ltr'><strong>cernimus</strong></span> <span class='ocrx_word' id='word_1_932' title='bbox 3516 5820 3570 5875; x_wconf 89' lang='lat' dir='ltr'><strong>in</strong></span> <span class='ocrx_word' id='word_1_933' title='bbox 3606 5817 3701 5875; x_wconf 86' lang='lat' dir='ltr'><strong>Ec-</strong></span> 
     </span>
    </p>
   </div>
   <div class='ocr_carea' id='block_1_118' title="bbox 429 5907 809 5963">
    <p class='ocr_par' dir='ltr' id='par_1_118' title="bbox 429 5907 809 5963">
     <span class='ocr_line' id='line_1_118' title="bbox 429 5907 809 5963; baseline 0.003 -3"><span class='ocrx_word' id='word_1_934' title='bbox 429 5907 617 5963; x_wconf 82' lang='lat' dir='ltr'><strong>clesia.</strong></span> <span class='ocrx_word' id='word_1_935' title='bbox 645 5925 664 5959; x_wconf 77' lang='grc' dir='ltr'>ι</span> <span class='ocrx_word' id='word_1_936' title='bbox 702 5916 809 5961; x_wconf 82' lang='lat' dir='ltr'><strong>etc.</strong></span> 
     </span>
    </p>
   </div>
  </div>
