  <div class='ocr_page' id='page_1' title='image "/cluster/home/n/w/nwhite01/storage/ocr_20150623/24/hvd.32044019207729/092.png"; bbox 0 0 3968 6540; ppageno 0'>
   <div class='ocr_carea' id='block_1_1' title="bbox 218 441 329 502">
    <p class='ocr_par' dir='ltr' id='par_1_1' title="bbox 218 441 329 502">
     <span class='ocr_line' id='line_1_1' title="bbox 218 441 329 502; baseline 0 0"><span class='ocrx_word' id='word_1_1' title='bbox 218 441 329 502; x_wconf 74' lang='grc' dir='ltr'><strong>Γ3</strong></span> 
     </span>
    </p>
   </div>
   <div class='ocr_carea' id='block_1_2' title="bbox 1183 439 2519 502">
    <p class='ocr_par' dir='ltr' id='par_1_2' title="bbox 1183 439 2519 502">
     <span class='ocr_line' id='line_1_2' title="bbox 1183 439 2519 502; baseline 0.002 -4"><span class='ocrx_word' id='word_1_2' title='bbox 1183 442 1680 501; x_wconf 72' lang='lat' dir='ltr'><strong>COMMENTARIA</strong></span> <span class='ocrx_word' id='word_1_3' title='bbox 1725 439 1790 496; x_wconf 82' lang='lat' dir='ltr'><strong>IN</strong></span> <span class='ocrx_word' id='word_1_4' title='bbox 1833 440 2084 497; x_wconf 69' lang='lat' dir='ltr'><strong>ISAIAM.</strong></span> <span class='ocrx_word' id='word_1_5' title='bbox 2126 476 2193 486; x_wconf 86' lang='lat'><strong>-—</strong></span> <span class='ocrx_word' id='word_1_6' title='bbox 2232 443 2385 499; x_wconf 82' lang='lat' dir='ltr'><strong>CAP.</strong></span> <span class='ocrx_word' id='word_1_7' title='bbox 2426 439 2519 502; x_wconf 77' lang='lat' dir='ltr'><strong>XI.</strong></span> 
     </span>
    </p>
   </div>
   <div class='ocr_carea' id='block_1_3' title="bbox 3396 438 3498 499">
    <p class='ocr_par' dir='ltr' id='par_1_3' title="bbox 3396 438 3498 499">
     <span class='ocr_line' id='line_1_3' title="bbox 3396 438 3498 499; baseline 0.02 -2"><span class='ocrx_word' id='word_1_8' title='bbox 3396 438 3498 499; x_wconf 62' lang='lat'><strong>171</strong></span> 
     </span>
    </p>
   </div>
   <div class='ocr_carea' id='block_1_4' title="bbox 212 556 1813 632">
    <p class='ocr_par' dir='ltr' id='par_1_4' title="bbox 212 556 1813 632">
     <span class='ocr_line' id='line_1_4' title="bbox 212 556 1813 632; baseline -0.002 -17"><span class='ocrx_word' id='word_1_9' title='bbox 212 580 346 625; x_wconf 65' lang='grc' dir='ltr'>νους</span> <span class='ocrx_word' id='word_1_10' title='bbox 367 560 512 615; x_wconf 73' lang='grc' dir='ltr'>κατὰ</span> <span class='ocrx_word' id='word_1_11' title='bbox 532 556 592 614; x_wconf 83' lang='grc' dir='ltr'><strong>τδ</strong></span> <span class='ocrx_word' id='word_1_12' title='bbox 612 560 744 614; x_wconf 74' lang='grc' dir='ltr'>αὐτὸ</span> <span class='ocrx_word' id='word_1_13' title='bbox 766 561 1168 632; x_wconf 80' lang='grc' dir='ltr'><strong>συναγομένων.</strong></span> <span class='ocrx_word' id='word_1_14' title='bbox 1190 563 1372 615; x_wconf 81' lang='grc' dir='ltr'>Εἰπὼν</span> <span class='ocrx_word' id='word_1_15' title='bbox 1393 562 1471 627; x_wconf 79' lang='grc' dir='ltr'>δὲ,</span> <span class='ocrx_word' id='word_1_16' title='bbox 1503 582 1522 613; x_wconf 77' lang='lat' dir='ltr'><strong>r</strong></span> <span class='ocrx_word' id='word_1_17' title='bbox 1554 561 1665 615; x_wconf 77' lang='grc' dir='ltr'><strong>Καὶ</strong></span> <span class='ocrx_word' id='word_1_18' title='bbox 1692 559 1813 630; x_wconf 82' lang='grc' dir='ltr'>βοῦς</span> 
     </span>
    </p>
   </div>
   <div class='ocr_carea' id='block_1_5' title="bbox 1918 556 3493 632">
    <p class='ocr_par' dir='ltr' id='par_1_5' title="bbox 1919 558 3493 630">
     <span class='ocr_line' id='line_1_5' title="bbox 1919 558 3493 630; baseline -0.003 -16"><span class='ocrx_word' id='word_1_19' title='bbox 1919 569 1975 614; x_wconf 90' lang='grc' dir='ltr'><strong>ει</strong></span> <span class='ocrx_word' id='word_1_20' title='bbox 2001 578 2103 616; x_wconf 86' lang='lat' dir='ltr'><strong>una</strong></span> <span class='ocrx_word' id='word_1_21' title='bbox 2134 569 2295 616; x_wconf 90' lang='lat' dir='ltr'><strong>erunt</strong></span> <span class='ocrx_word' id='word_1_22' title='bbox 2321 560 2484 615; x_wconf 99' lang='lat' dir='ltr'><strong>catuli</strong></span> <span class='ocrx_word' id='word_1_23' title='bbox 2517 574 2728 626; x_wconf 90' lang='lat' dir='ltr'><strong>eorum,</strong></span> <span class='ocrx_word' id='word_1_24' title='bbox 2754 576 2775 614; x_wconf 76' lang='grc' dir='ltr'><strong>ι</strong></span> <span class='ocrx_word' id='word_1_25' title='bbox 2814 558 2903 615; x_wconf 89' lang='lat' dir='ltr'><strong>hic</strong></span> <span class='ocrx_word' id='word_1_26' title='bbox 2932 570 3147 630; x_wconf 85' lang='lat' dir='ltr'><strong>quoque</strong></span> <span class='ocrx_word' id='word_1_27' title='bbox 3178 567 3493 613; x_wconf 34' lang='lat' dir='ltr'><strong>mansuetus</strong></span> 
     </span>
    </p>
   </div>
   <div class='ocr_carea' id='block_1_6' title="bbox 213 654 1815 727">
    <p class='ocr_par' dir='ltr' id='par_1_6' title="bbox 213 654 1815 727">
     <span class='ocr_line' id='line_1_6' title="bbox 213 654 1815 727; baseline -0.001 -18"><span class='ocrx_word' id='word_1_28' title='bbox 213 656 312 709; x_wconf 77' lang='grc' dir='ltr'>καὶ</span> <span class='ocrx_word' id='word_1_29' title='bbox 352 655 560 726; x_wconf 76' lang='grc' dir='ltr'>ἄρκτος</span> <span class='ocrx_word' id='word_1_30' title='bbox 592 654 1019 726; x_wconf 83' lang='grc' dir='ltr'>βοσκηθήσονται</span> <span class='ocrx_word' id='word_1_31' title='bbox 1048 656 1185 725; x_wconf 75' lang='grc' dir='ltr'>ἅμα,</span> <span class='ocrx_word' id='word_1_32' title='bbox 1218 657 1312 709; x_wconf 75' lang='grc' dir='ltr'>καὶ</span> <span class='ocrx_word' id='word_1_33' title='bbox 1346 657 1462 727; x_wconf 78' lang='grc' dir='ltr'>ἅμα</span> <span class='ocrx_word' id='word_1_34' title='bbox 1497 656 1712 709; x_wconf 75' lang='grc' dir='ltr'>ἔσονται</span> <span class='ocrx_word' id='word_1_35' title='bbox 1746 655 1815 708; x_wconf 77' lang='grc' dir='ltr'><strong>τὰ</strong></span> 
     </span>
    </p>
   </div>
   <div class='ocr_carea' id='block_1_7' title="bbox 212 746 1817 820">
    <p class='ocr_par' dir='ltr' id='par_1_7' title="bbox 212 746 1817 820">
     <span class='ocr_line' id='line_1_7' title="bbox 212 746 1817 820; baseline 0.004 -22"><span class='ocrx_word' id='word_1_36' title='bbox 212 746 412 799; x_wconf 81' lang='grc' dir='ltr'>παιδία</span> <span class='ocrx_word' id='word_1_37' title='bbox 444 747 647 809; x_wconf 89' lang='grc' dir='ltr'>αὐτῶν,</span> <span class='ocrx_word' id='word_1_38' title='bbox 680 766 707 798; x_wconf 45' lang='grc' dir='ltr'><strong>γι</strong></span> <span class='ocrx_word' id='word_1_39' title='bbox 739 746 1018 801; x_wconf 83' lang='grc' dir='ltr'>κάνταῦθα</span> <span class='ocrx_word' id='word_1_40' title='bbox 1042 747 1263 819; x_wconf 80' lang='grc' dir='ltr'>ἡμέρων</span> <span class='ocrx_word' id='word_1_41' title='bbox 1300 767 1358 801; x_wconf 88' lang='grc' dir='ltr'><strong>τε</strong></span> <span class='ocrx_word' id='word_1_42' title='bbox 1414 750 1507 802; x_wconf 70' lang='grc' dir='ltr'>καὶ</span> <span class='ocrx_word' id='word_1_43' title='bbox 1534 750 1615 813; x_wconf 84' lang='grc' dir='ltr'><strong>είς</strong></span> <span class='ocrx_word' id='word_1_44' title='bbox 1640 766 1817 820; x_wconf 82' lang='grc' dir='ltr'>γεωρ-</span> 
     </span>
    </p>
   </div>
   <div class='ocr_carea' id='block_1_8' title="bbox 210 840 1817 915">
    <p class='ocr_par' dir='ltr' id='par_1_8' title="bbox 210 840 1817 915">
     <span class='ocr_line' id='line_1_8' title="bbox 210 840 1817 915; baseline 0.002 -24"><span class='ocrx_word' id='word_1_45' title='bbox 210 840 344 909; x_wconf 77' lang='grc' dir='ltr'>γίαν</span> <span class='ocrx_word' id='word_1_46' title='bbox 368 840 554 909; x_wconf 66' lang='grc' dir='ltr'>ψυχῆς</span> <span class='ocrx_word' id='word_1_47' title='bbox 581 840 904 911; x_wconf 79' lang='grc' dir='ltr'><strong>ἐπιτηδείων</strong></span> <span class='ocrx_word' id='word_1_48' title='bbox 950 841 1181 913; x_wconf 88' lang='grc' dir='ltr'>ἀνδρῶν,</span> <span class='ocrx_word' id='word_1_49' title='bbox 1218 842 1310 896; x_wconf 76' lang='grc' dir='ltr'>καὶ</span> <span class='ocrx_word' id='word_1_50' title='bbox 1334 842 1509 895; x_wconf 79' lang='grc' dir='ltr'>ἄλλων</span> <span class='ocrx_word' id='word_1_51' title='bbox 1531 842 1817 915; x_wconf 78' lang='grc' dir='ltr'>ἀπηγριω-</span> 
     </span>
    </p>
   </div>
   <div class='ocr_carea' id='block_1_9' title="bbox 212 932 1817 1005">
    <p class='ocr_par' dir='ltr' id='par_1_9' title="bbox 212 932 1817 1005">
     <span class='ocr_line' id='line_1_9' title="bbox 212 932 1817 1005; baseline 0.002 -20"><span class='ocrx_word' id='word_1_52' title='bbox 212 934 400 1003; x_wconf 76' lang='grc' dir='ltr'>μένων</span> <span class='ocrx_word' id='word_1_53' title='bbox 444 936 560 994; x_wconf 83' lang='grc' dir='ltr'>τοῖς</span> <span class='ocrx_word' id='word_1_54' title='bbox 604 932 848 1003; x_wconf 82' lang='grc' dir='ltr'>τρόποις,</span> <span class='ocrx_word' id='word_1_55' title='bbox 894 935 994 1005; x_wconf 81' lang='grc' dir='ltr'>τὴν</span> <span class='ocrx_word' id='word_1_56' title='bbox 1027 935 1118 986; x_wconf 76' lang='grc' dir='ltr'><strong>ἐπὶ</strong></span> <span class='ocrx_word' id='word_1_57' title='bbox 1146 932 1205 986; x_wconf 81' lang='grc' dir='ltr'><strong>τὺ</strong></span> <span class='ocrx_word' id='word_1_58' title='bbox 1228 932 1358 987; x_wconf 83' lang='grc' dir='ltr'>αὐτὸ</span> <span class='ocrx_word' id='word_1_59' title='bbox 1394 932 1678 989; x_wconf 78' lang='grc' dir='ltr'><strong>κοινωνίαν</strong></span> <span class='ocrx_word' id='word_1_60' title='bbox 1704 936 1817 989; x_wconf 89' lang='grc' dir='ltr'>δια-</span> 
     </span>
    </p>
   </div>
   <div class='ocr_carea' id='block_1_10' title="bbox 206 1020 1817 1097">
    <p class='ocr_par' dir='ltr' id='par_1_10' title="bbox 206 1020 1817 1097">
     <span class='ocr_line' id='line_1_10' title="bbox 206 1020 1817 1097; baseline 0.002 -21"><span class='ocrx_word' id='word_1_61' title='bbox 206 1024 447 1095; x_wconf 77' lang='grc' dir='ltr'>γράφει.</span> <span class='ocrx_word' id='word_1_62' title='bbox 506 1025 579 1077; x_wconf 79' lang='grc' dir='ltr'><strong>Σὺ</strong></span> <span class='ocrx_word' id='word_1_63' title='bbox 612 1020 705 1078; x_wconf 81' lang='grc' dir='ltr'><strong>οῦν</strong></span> <span class='ocrx_word' id='word_1_64' title='bbox 754 1022 1022 1078; x_wconf 84' lang='grc' dir='ltr'>πλουσίων</span> <span class='ocrx_word' id='word_1_65' title='bbox 1061 1044 1119 1079; x_wconf 88' lang='grc' dir='ltr'><strong>τε</strong></span> <span class='ocrx_word' id='word_1_66' title='bbox 1147 1022 1237 1079; x_wconf 76' lang='grc' dir='ltr'>καὶ</span> <span class='ocrx_word' id='word_1_67' title='bbox 1266 1024 1531 1096; x_wconf 75' lang='grc' dir='ltr'><strong>πενήτων,</strong></span> <span class='ocrx_word' id='word_1_68' title='bbox 1564 1026 1817 1097; x_wconf 84' lang='grc' dir='ltr'>πονηρῶν</span> 
     </span>
    </p>
   </div>
   <div class='ocr_carea' id='block_1_11' title="bbox 205 1114 1816 1191">
    <p class='ocr_par' dir='ltr' id='par_1_11' title="bbox 205 1114 1816 1191">
     <span class='ocr_line' id='line_1_11' title="bbox 205 1114 1816 1191; baseline 0.002 -21"><span class='ocrx_word' id='word_1_69' title='bbox 205 1135 267 1170; x_wconf 89' lang='grc' dir='ltr'><strong>τε</strong></span> <span class='ocrx_word' id='word_1_70' title='bbox 304 1118 406 1170; x_wconf 76' lang='grc' dir='ltr'>καὶ</span> <span class='ocrx_word' id='word_1_71' title='bbox 438 1116 658 1184; x_wconf 78' lang='grc' dir='ltr'><strong>ἀγαθῶν</strong></span> <span class='ocrx_word' id='word_1_72' title='bbox 686 1114 881 1182; x_wconf 70' lang='grc' dir='ltr'>παῖδας</span> <span class='ocrx_word' id='word_1_73' title='bbox 906 1118 1045 1189; x_wconf 85' lang='grc' dir='ltr'>ὁρῶν</span> <span class='ocrx_word' id='word_1_74' title='bbox 1078 1120 1577 1191; x_wconf 84' lang='grc' dir='ltr'>συγκροτουμένους</span> <span class='ocrx_word' id='word_1_75' title='bbox 1598 1116 1689 1173; x_wconf 73' lang='grc' dir='ltr'><strong>ἐπὶ</strong></span> <span class='ocrx_word' id='word_1_76' title='bbox 1717 1118 1816 1191; x_wconf 89' lang='grc' dir='ltr'><strong>τῆς</strong></span> 
     </span>
    </p>
   </div>
   <div class='ocr_carea' id='block_1_12' title="bbox 219 1207 1811 1285">
    <p class='ocr_par' dir='ltr' id='par_1_12' title="bbox 219 1207 1811 1285">
     <span class='ocr_line' id='line_1_12' title="bbox 219 1207 1811 1285; baseline 0.003 -24"><span class='ocrx_word' id='word_1_77' title='bbox 219 1207 585 1277; x_wconf 80' lang='grc' dir='ltr'>Ἐκκλησίας,</span> <span class='ocrx_word' id='word_1_78' title='bbox 649 1208 1022 1279; x_wconf 74' lang='grc' dir='ltr'>μαρτυρήσεις</span> <span class='ocrx_word' id='word_1_79' title='bbox 1073 1210 1137 1279; x_wconf 79' lang='grc' dir='ltr'><strong>τῇ</strong></span> <span class='ocrx_word' id='word_1_80' title='bbox 1196 1210 1503 1281; x_wconf 66' lang='grc' dir='ltr'>προφητείᾳ</span> <span class='ocrx_word' id='word_1_81' title='bbox 1559 1211 1811 1285; x_wconf 78' lang='grc' dir='ltr'>φησάσῃ,</span> 
     </span>
    </p>
   </div>
   <div class='ocr_carea' id='block_1_13' title="bbox 215 1298 1817 1377">
    <p class='ocr_par' dir='ltr' id='par_1_13' title="bbox 215 1298 1817 1377">
     <span class='ocr_line' id='line_1_13' title="bbox 215 1298 1817 1377; baseline 0.004 -26"><span class='ocrx_word' id='word_1_82' title='bbox 215 1320 233 1351; x_wconf 78' lang='grc' dir='ltr'><strong>ι</strong></span> <span class='ocrx_word' id='word_1_83' title='bbox 269 1299 386 1354; x_wconf 76' lang='grc' dir='ltr'><strong>Καὶ</strong></span> <span class='ocrx_word' id='word_1_84' title='bbox 410 1300 533 1371; x_wconf 75' lang='grc' dir='ltr'>ἅμα</span> <span class='ocrx_word' id='word_1_85' title='bbox 548 1300 618 1352; x_wconf 78' lang='grc' dir='ltr'><strong>τὰ</strong></span> <span class='ocrx_word' id='word_1_86' title='bbox 647 1300 834 1353; x_wconf 85' lang='grc' dir='ltr'>παιδία</span> <span class='ocrx_word' id='word_1_87' title='bbox 860 1298 1039 1354; x_wconf 87' lang='grc' dir='ltr'>αὐτῶν</span> <span class='ocrx_word' id='word_1_88' title='bbox 1068 1302 1298 1355; x_wconf 77' lang='grc' dir='ltr'>ἔσονται.</span> <span class='ocrx_word' id='word_1_89' title='bbox 1334 1320 1352 1354; x_wconf 77' lang='grc' dir='ltr'><strong>ι</strong></span> <span class='ocrx_word' id='word_1_90' title='bbox 1404 1302 1461 1355; x_wconf 82' lang='lat'><strong>&#39;0</strong></span> <span class='ocrx_word' id='word_1_91' title='bbox 1485 1305 1817 1377; x_wconf 76' lang='grc' dir='ltr'>σαρκοϐόρος</span> 
     </span>
    </p>
   </div>
   <div class='ocr_carea' id='block_1_14' title="bbox 206 1388 1814 1468">
    <p class='ocr_par' dir='ltr' id='par_1_14' title="bbox 206 1388 1814 1468">
     <span class='ocr_line' id='line_1_14' title="bbox 206 1388 1814 1468; baseline 0.004 -25"><span class='ocrx_word' id='word_1_92' title='bbox 206 1392 399 1444; x_wconf 80' lang='grc' dir='ltr'>τοίνυν</span> <span class='ocrx_word' id='word_1_93' title='bbox 431 1391 535 1462; x_wconf 82' lang='grc' dir='ltr'>τὴν</span> <span class='ocrx_word' id='word_1_94' title='bbox 559 1388 719 1461; x_wconf 80' lang='grc' dir='ltr'>φύσιν</span> <span class='ocrx_word' id='word_1_95' title='bbox 746 1390 902 1456; x_wconf 88' lang='grc' dir='ltr'>λέων,</span> <span class='ocrx_word' id='word_1_96' title='bbox 929 1393 1151 1465; x_wconf 85' lang='grc' dir='ltr'>ἀχύροις</span> <span class='ocrx_word' id='word_1_97' title='bbox 1173 1393 1502 1466; x_wconf 79' lang='grc' dir='ltr'>τρεφόμενος</span> <span class='ocrx_word' id='word_1_98' title='bbox 1534 1396 1814 1468; x_wconf 80' lang='grc' dir='ltr'>ποηφάγου</span> 
     </span>
    </p>
   </div>
   <div class='ocr_carea' id='block_1_15' title="bbox 209 1481 1815 1558">
    <p class='ocr_par' dir='ltr' id='par_1_15' title="bbox 209 1481 1815 1558">
     <span class='ocr_line' id='line_1_15' title="bbox 209 1481 1815 1558; baseline 0.006 -26"><span class='ocrx_word' id='word_1_99' title='bbox 209 1481 358 1545; x_wconf 76' lang='grc' dir='ltr'>ζώου</span> <span class='ocrx_word' id='word_1_100' title='bbox 403 1482 589 1552; x_wconf 85' lang='grc' dir='ltr'>δίκην,</span> <span class='ocrx_word' id='word_1_101' title='bbox 640 1482 925 1553; x_wconf 81' lang='grc' dir='ltr'>ἄνθρωπος</span> <span class='ocrx_word' id='word_1_102' title='bbox 953 1482 1018 1536; x_wconf 87' lang='grc' dir='ltr'>ἂν</span> <span class='ocrx_word' id='word_1_103' title='bbox 1062 1485 1145 1554; x_wconf 83' lang='grc' dir='ltr'>εἴη</span> <span class='ocrx_word' id='word_1_104' title='bbox 1179 1484 1339 1538; x_wconf 83' lang='grc' dir='ltr'>πάλιν</span> <span class='ocrx_word' id='word_1_105' title='bbox 1393 1485 1665 1558; x_wconf 79' lang='grc' dir='ltr'><strong>θηριώδης</strong></span> <span class='ocrx_word' id='word_1_106' title='bbox 1720 1488 1815 1541; x_wconf 78' lang='grc' dir='ltr'>καὶ</span> 
     </span>
    </p>
   </div>
   <div class='ocr_carea' id='block_1_16' title="bbox 210 1570 1813 1649">
    <p class='ocr_par' dir='ltr' id='par_1_16' title="bbox 210 1570 1813 1649">
     <span class='ocr_line' id='line_1_16' title="bbox 210 1570 1813 1649; baseline 0.006 -25"><span class='ocrx_word' id='word_1_107' title='bbox 210 1573 459 1643; x_wconf 83' lang='grc' dir='ltr'>ἀπηνὴς,</span> <span class='ocrx_word' id='word_1_108' title='bbox 490 1572 619 1645; x_wconf 71' lang='grc' dir='ltr'>ψιλῇ</span> <span class='ocrx_word' id='word_1_109' title='bbox 677 1576 743 1644; x_wconf 82' lang='grc' dir='ltr'><strong>τῇ</strong></span> <span class='ocrx_word' id='word_1_110' title='bbox 785 1573 926 1641; x_wconf 79' lang='grc' dir='ltr'>λέξει</span> <span class='ocrx_word' id='word_1_111' title='bbox 988 1570 1087 1645; x_wconf 85' lang='grc' dir='ltr'><strong>τῆς</strong></span> <span class='ocrx_word' id='word_1_112' title='bbox 1123 1575 1270 1639; x_wconf 84' lang='grc' dir='ltr'>θείας</span> <span class='ocrx_word' id='word_1_113' title='bbox 1324 1574 1530 1649; x_wconf 87' lang='grc' dir='ltr'>χαίρων</span> <span class='ocrx_word' id='word_1_114' title='bbox 1570 1578 1813 1649; x_wconf 69' lang='grc' dir='ltr'>Γραφῆς.</span> 
     </span>
    </p>
   </div>
   <div class='ocr_carea' id='block_1_17' title="bbox 221 1664 1816 1742">
    <p class='ocr_par' dir='ltr' id='par_1_17' title="bbox 221 1664 1816 1742">
     <span class='ocr_line' id='line_1_17' title="bbox 221 1664 1816 1742; baseline 0.003 -21"><span class='ocrx_word' id='word_1_115' title='bbox 221 1664 287 1721; x_wconf 80' lang='grc' dir='ltr'>Ὀ</span> <span class='ocrx_word' id='word_1_116' title='bbox 319 1667 428 1737; x_wconf 80' lang='grc' dir='ltr'>μὲν</span> <span class='ocrx_word' id='word_1_117' title='bbox 455 1666 566 1739; x_wconf 78' lang='grc' dir='ltr'><strong>γὰρ</strong></span> <span class='ocrx_word' id='word_1_118' title='bbox 615 1667 893 1721; x_wconf 81' lang='grc' dir='ltr'>λανθάνων</span> <span class='ocrx_word' id='word_1_119' title='bbox 924 1666 981 1721; x_wconf 78' lang='grc' dir='ltr'>ἐν</span> <span class='ocrx_word' id='word_1_120' title='bbox 1031 1668 1336 1742; x_wconf 75' lang='grc' dir='ltr'>ἀποκρύφῳ</span> <span class='ocrx_word' id='word_1_121' title='bbox 1379 1670 1522 1734; x_wconf 88' lang='grc' dir='ltr'>νοῦς,</span> <span class='ocrx_word' id='word_1_122' title='bbox 1564 1672 1725 1735; x_wconf 77' lang='grc' dir='ltr'>αὐτὸς</span> <span class='ocrx_word' id='word_1_123' title='bbox 1751 1672 1816 1726; x_wconf 84' lang='grc' dir='ltr'>ἂν</span> 
     </span>
    </p>
   </div>
   <div class='ocr_carea' id='block_1_18' title="bbox 208 1748 1816 1833">
    <p class='ocr_par' dir='ltr' id='par_1_18' title="bbox 208 1748 1816 1833">
     <span class='ocr_line' id='line_1_18' title="bbox 208 1748 1816 1833; baseline 0.002 -22"><span class='ocrx_word' id='word_1_124' title='bbox 208 1759 295 1830; x_wconf 80' lang='grc' dir='ltr'><strong>είη</strong></span> <span class='ocrx_word' id='word_1_125' title='bbox 330 1761 363 1812; x_wconf 98' lang='lat'><strong>6</strong></span> <span class='ocrx_word' id='word_1_126' title='bbox 399 1760 576 1830; x_wconf 85' lang='grc' dir='ltr'>πυρὸς</span> <span class='ocrx_word' id='word_1_127' title='bbox 595 1760 689 1812; x_wconf 82' lang='grc' dir='ltr'>καὶ</span> <span class='ocrx_word' id='word_1_128' title='bbox 715 1757 949 1830; x_wconf 60' lang='grc' dir='ltr'>ὁψυχῶν</span> <span class='ocrx_word' id='word_1_129' title='bbox 968 1759 1233 1833; x_wconf 81' lang='grc' dir='ltr'>τρόφιμος</span> <span class='ocrx_word' id='word_1_130' title='bbox 1267 1748 1442 1832; x_wconf 77' lang='grc' dir='ltr'>λόγος’</span> <span class='ocrx_word' id='word_1_131' title='bbox 1477 1765 1508 1833; x_wconf 86' lang='grc' dir='ltr'>ἡ</span> <span class='ocrx_word' id='word_1_132' title='bbox 1543 1758 1600 1816; x_wconf 81' lang='grc' dir='ltr'>δὲ</span> <span class='ocrx_word' id='word_1_133' title='bbox 1629 1762 1816 1817; x_wconf 87' lang='grc' dir='ltr'>τοῦτον</span> 
     </span>
    </p>
   </div>
   <div class='ocr_carea' id='block_1_19' title="bbox 210 1851 1143 1925">
    <p class='ocr_par' dir='ltr' id='par_1_19' title="bbox 210 1851 1143 1925">
     <span class='ocr_line' id='line_1_19' title="bbox 210 1851 1143 1925; baseline 0.004 -21"><span class='ocrx_word' id='word_1_134' title='bbox 210 1851 628 1925; x_wconf 79' lang='grc' dir='ltr'>περιόάλλονσα</span> <span class='ocrx_word' id='word_1_135' title='bbox 652 1851 796 1917; x_wconf 81' lang='grc' dir='ltr'>λέξις</span> <span class='ocrx_word' id='word_1_136' title='bbox 827 1852 887 1905; x_wconf 80' lang='grc' dir='ltr'>τὸ</span> <span class='ocrx_word' id='word_1_137' title='bbox 919 1852 1143 1925; x_wconf 74' lang='grc' dir='ltr'>ἄχυρον.</span> 
     </span>
    </p>
   </div>
   <div class='ocr_carea' id='block_1_20' title="bbox 286 1944 1818 2018">
    <p class='ocr_par' dir='ltr' id='par_1_20' title="bbox 286 1944 1818 2018">
     <span class='ocr_line' id='line_1_20' title="bbox 286 1944 1818 2018; baseline 0.004 -22"><span class='ocrx_word' id='word_1_138' title='bbox 286 1962 309 1996; x_wconf 69' lang='grc' dir='ltr'>ς</span> <span class='ocrx_word' id='word_1_139' title='bbox 348 1945 467 1998; x_wconf 75' lang='grc' dir='ltr'><strong>Καὶ</strong></span> <span class='ocrx_word' id='word_1_140' title='bbox 522 1944 735 1999; x_wconf 81' lang='grc' dir='ltr'>παιδίον</span> <span class='ocrx_word' id='word_1_141' title='bbox 768 1946 958 2015; x_wconf 73' lang='grc' dir='ltr'>νήπιον</span> <span class='ocrx_word' id='word_1_142' title='bbox 997 1944 1089 1998; x_wconf 78' lang='grc' dir='ltr'><strong>ἐπὶ</strong></span> <span class='ocrx_word' id='word_1_143' title='bbox 1134 1946 1393 2018; x_wconf 87' lang='grc' dir='ltr'>τρωγλῶν</span> <span class='ocrx_word' id='word_1_144' title='bbox 1427 1946 1689 2011; x_wconf 78' lang='grc' dir='ltr'><strong>ἀσπίδων,</strong></span> <span class='ocrx_word' id='word_1_145' title='bbox 1724 1949 1818 2002; x_wconf 73' lang='grc' dir='ltr'><strong>καὶ</strong></span> 
     </span>
    </p>
   </div>
   <div class='ocr_carea' id='block_1_21' title="bbox 210 2032 1813 2109">
    <p class='ocr_par' dir='ltr' id='par_1_21' title="bbox 210 2032 1813 2109">
     <span class='ocr_line' id='line_1_21' title="bbox 210 2032 1813 2109; baseline 0.002 -22"><span class='ocrx_word' id='word_1_146' title='bbox 210 2035 305 2087; x_wconf 72' lang='grc' dir='ltr'><strong>ἐπὶ</strong></span> <span class='ocrx_word' id='word_1_147' title='bbox 330 2034 532 2107; x_wconf 80' lang='grc' dir='ltr'>κοίτην</span> <span class='ocrx_word' id='word_1_148' title='bbox 577 2035 818 2104; x_wconf 79' lang='grc' dir='ltr'>ἐκγόνων</span> <span class='ocrx_word' id='word_1_149' title='bbox 863 2036 1104 2089; x_wconf 84' lang='grc' dir='ltr'>ἀσπίδων</span> <span class='ocrx_word' id='word_1_150' title='bbox 1141 2037 1239 2108; x_wconf 78' lang='grc' dir='ltr'>τὴν</span> <span class='ocrx_word' id='word_1_151' title='bbox 1276 2042 1432 2109; x_wconf 88' lang='grc' dir='ltr'>χεῖρα</span> <span class='ocrx_word' id='word_1_152' title='bbox 1472 2032 1737 2093; x_wconf 76' lang='grc' dir='ltr'>ὲπιϐαλέῖ.</span> <span class='ocrx_word' id='word_1_153' title='bbox 1794 2058 1813 2092; x_wconf 73' lang='grc' dir='ltr'><strong>ι</strong></span> 
     </span>
    </p>
   </div>
   <div class='ocr_carea' id='block_1_22' title="bbox 209 2124 1820 2196">
    <p class='ocr_par' dir='ltr' id='par_1_22' title="bbox 209 2124 1820 2196">
     <span class='ocr_line' id='line_1_22' title="bbox 209 2124 1820 2196; baseline 0.001 -18"><span class='ocrx_word' id='word_1_154' title='bbox 209 2124 373 2195; x_wconf 73' lang='grc' dir='ltr'>Τάχα</span> <span class='ocrx_word' id='word_1_155' title='bbox 407 2124 465 2179; x_wconf 82' lang='grc' dir='ltr'>δὲ</span> <span class='ocrx_word' id='word_1_156' title='bbox 495 2124 741 2196; x_wconf 88' lang='grc' dir='ltr'>τρῶγλαι</span> <span class='ocrx_word' id='word_1_157' title='bbox 765 2126 857 2178; x_wconf 75' lang='grc' dir='ltr'>καὶ</span> <span class='ocrx_word' id='word_1_158' title='bbox 887 2128 1060 2179; x_wconf 81' lang='grc' dir='ltr'>κοῖται</span> <span class='ocrx_word' id='word_1_159' title='bbox 1091 2127 1333 2179; x_wconf 84' lang='grc' dir='ltr'>ἀσπίδων</span> <span class='ocrx_word' id='word_1_160' title='bbox 1362 2128 1585 2181; x_wconf 76' lang='grc' dir='ltr'>καὶτῶν</span> <span class='ocrx_word' id='word_1_161' title='bbox 1610 2126 1820 2191; x_wconf 81' lang='grc' dir='ltr'>τούτοις</span> 
     </span>
    </p>
   </div>
   <div class='ocr_carea' id='block_1_23' title="bbox 209 2212 1819 2289">
    <p class='ocr_par' dir='ltr' id='par_1_23' title="bbox 209 2212 1819 2289">
     <span class='ocr_line' id='line_1_23' title="bbox 209 2212 1819 2289; baseline 0.003 -21"><span class='ocrx_word' id='word_1_162' title='bbox 209 2216 583 2287; x_wconf 88' lang='grc' dir='ltr'>γεννημάτων</span> <span class='ocrx_word' id='word_1_163' title='bbox 615 2212 725 2269; x_wconf 79' lang='grc' dir='ltr'>εἷεν</span> <span class='ocrx_word' id='word_1_164' title='bbox 743 2216 807 2269; x_wconf 80' lang='grc' dir='ltr'>ἂν</span> <span class='ocrx_word' id='word_1_165' title='bbox 822 2216 915 2270; x_wconf 78' lang='grc' dir='ltr'>καὶ</span> <span class='ocrx_word' id='word_1_166' title='bbox 943 2218 1008 2270; x_wconf 77' lang='grc' dir='ltr'><strong>τὰ</strong></span> <span class='ocrx_word' id='word_1_167' title='bbox 1026 2216 1254 2287; x_wconf 83' lang='grc' dir='ltr'>σώματα</span> <span class='ocrx_word' id='word_1_168' title='bbox 1278 2217 1387 2270; x_wconf 88' lang='grc' dir='ltr'><strong>τῶν</strong></span> <span class='ocrx_word' id='word_1_169' title='bbox 1417 2218 1521 2271; x_wconf 84' lang='grc' dir='ltr'>ὐπὸ</span> <span class='ocrx_word' id='word_1_170' title='bbox 1548 2219 1819 2289; x_wconf 86' lang='grc' dir='ltr'>δαιμόνων</span> 
     </span>
    </p>
   </div>
   <div class='ocr_carea' id='block_1_24' title="bbox 211 2301 1819 2381">
    <p class='ocr_par' dir='ltr' id='par_1_24' title="bbox 211 2301 1819 2381">
     <span class='ocr_line' id='line_1_24' title="bbox 211 2301 1819 2381; baseline 0.004 -23"><span class='ocrx_word' id='word_1_171' title='bbox 211 2306 647 2376; x_wconf 70' lang='grc' dir='ltr'>ἐνοχλουμένων,</span> <span class='ocrx_word' id='word_1_172' title='bbox 682 2301 763 2369; x_wconf 74' lang='grc' dir='ltr'>οἷς</span> <span class='ocrx_word' id='word_1_173' title='bbox 810 2306 1197 2376; x_wconf 70' lang='grc' dir='ltr'>ὲμφωλεύοντα</span> <span class='ocrx_word' id='word_1_174' title='bbox 1248 2309 1317 2363; x_wconf 77' lang='grc' dir='ltr'><strong>τά</strong></span> <span class='ocrx_word' id='word_1_175' title='bbox 1371 2309 1678 2381; x_wconf 81' lang='grc' dir='ltr'>ἑρπυστικά</span> <span class='ocrx_word' id='word_1_176' title='bbox 1724 2312 1819 2364; x_wconf 76' lang='grc' dir='ltr'>καὶ</span> 
     </span>
    </p>
   </div>
   <div class='ocr_carea' id='block_1_25' title="bbox 212 2394 1817 2471">
    <p class='ocr_par' dir='ltr' id='par_1_25' title="bbox 212 2394 1817 2471">
     <span class='ocr_line' id='line_1_25' title="bbox 212 2394 1817 2471; baseline 0.003 -22"><span class='ocrx_word' id='word_1_177' title='bbox 212 2396 405 2449; x_wconf 79' lang='grc' dir='ltr'>ίοϐόλα</span> <span class='ocrx_word' id='word_1_178' title='bbox 427 2394 717 2466; x_wconf 84' lang='grc' dir='ltr'>πνεύματα</span> <span class='ocrx_word' id='word_1_179' title='bbox 735 2397 1065 2463; x_wconf 75' lang='grc' dir='ltr'>ἐκοιτάζετο,</span> <span class='ocrx_word' id='word_1_180' title='bbox 1083 2398 1356 2469; x_wconf 88' lang='grc' dir='ltr'>τρώγλαις</span> <span class='ocrx_word' id='word_1_181' title='bbox 1377 2399 1563 2471; x_wconf 81' lang='grc' dir='ltr'>ὥσπερ</span> <span class='ocrx_word' id='word_1_182' title='bbox 1582 2404 1696 2464; x_wconf 86' lang='grc' dir='ltr'>τοῖς</span> <span class='ocrx_word' id='word_1_183' title='bbox 1722 2400 1817 2455; x_wconf 87' lang='grc' dir='ltr'><strong>τοῦ</strong></span> 
     </span>
    </p>
   </div>
   <div class='ocr_carea' id='block_1_26' title="bbox 212 2483 1817 2563">
    <p class='ocr_par' dir='ltr' id='par_1_26' title="bbox 212 2483 1817 2563">
     <span class='ocr_line' id='line_1_26' title="bbox 212 2483 1817 2563; baseline 0.006 -27"><span class='ocrx_word' id='word_1_184' title='bbox 212 2483 476 2555; x_wconf 77' lang='grc' dir='ltr'>σώματος</span> <span class='ocrx_word' id='word_1_185' title='bbox 505 2484 880 2557; x_wconf 75' lang='grc' dir='ltr'>αἰσθητηρίοις</span> <span class='ocrx_word' id='word_1_186' title='bbox 894 2486 1170 2558; x_wconf 82' lang='grc' dir='ltr'>χρώμενα.</span> <span class='ocrx_word' id='word_1_187' title='bbox 1208 2489 1388 2542; x_wconf 85' lang='grc' dir='ltr'>Ταῦτα</span> <span class='ocrx_word' id='word_1_188' title='bbox 1415 2490 1471 2543; x_wconf 81' lang='grc' dir='ltr'>δὲ</span> <span class='ocrx_word' id='word_1_189' title='bbox 1501 2491 1560 2543; x_wconf 82' lang='grc' dir='ltr'>τὸ</span> <span class='ocrx_word' id='word_1_190' title='bbox 1581 2492 1817 2563; x_wconf 78' lang='grc' dir='ltr'>Χριστοῦ</span> 
     </span>
    </p>
   </div>
   <div class='ocr_carea' id='block_1_27' title="bbox 211 2576 1815 2654">
    <p class='ocr_par' dir='ltr' id='par_1_27' title="bbox 211 2576 1815 2654">
     <span class='ocr_line' id='line_1_27' title="bbox 211 2576 1815 2654; baseline 0.005 -25"><span class='ocrx_word' id='word_1_191' title='bbox 211 2576 458 2638; x_wconf 80' lang='grc' dir='ltr'>παιδίον,</span> <span class='ocrx_word' id='word_1_192' title='bbox 502 2577 645 2648; x_wconf 81' lang='grc' dir='ltr'>ἀνήρ</span> <span class='ocrx_word' id='word_1_193' title='bbox 675 2593 758 2641; x_wconf 88' lang='grc' dir='ltr'><strong>τις</strong></span> <span class='ocrx_word' id='word_1_194' title='bbox 787 2578 991 2642; x_wconf 87' lang='grc' dir='ltr'>ἁπλοῦς</span> <span class='ocrx_word' id='word_1_195' title='bbox 1022 2580 1114 2632; x_wconf 78' lang='grc' dir='ltr'>καὶ</span> <span class='ocrx_word' id='word_1_196' title='bbox 1140 2580 1238 2651; x_wconf 80' lang='grc' dir='ltr'>τὴν</span> <span class='ocrx_word' id='word_1_197' title='bbox 1270 2582 1468 2635; x_wconf 86' lang='grc' dir='ltr'>κακίαν</span> <span class='ocrx_word' id='word_1_198' title='bbox 1513 2584 1815 2654; x_wconf 80' lang='grc' dir='ltr'>νηπιάζιον,</span> 
     </span>
    </p>
   </div>
   <div class='ocr_carea' id='block_1_28' title="bbox 208 2666 1817 2747">
    <p class='ocr_par' dir='ltr' id='par_1_28' title="bbox 208 2666 1817 2747">
     <span class='ocr_line' id='line_1_28' title="bbox 208 2666 1817 2747; baseline 0.006 -28"><span class='ocrx_word' id='word_1_199' title='bbox 208 2670 277 2737; x_wconf 83' lang='grc' dir='ltr'>τῇ</span> <span class='ocrx_word' id='word_1_200' title='bbox 302 2666 409 2719; x_wconf 87' lang='grc' dir='ltr'><strong>τοῦ</strong></span> <span class='ocrx_word' id='word_1_201' title='bbox 440 2668 697 2739; x_wconf 85' lang='grc' dir='ltr'>Σωτῆρος</span> <span class='ocrx_word' id='word_1_202' title='bbox 724 2669 1027 2725; x_wconf 82' lang='grc' dir='ltr'>ἀπελαῦνον</span> <span class='ocrx_word' id='word_1_203' title='bbox 1056 2671 1303 2741; x_wconf 83' lang='grc' dir='ltr'>δυνάμει,</span> <span class='ocrx_word' id='word_1_204' title='bbox 1339 2673 1435 2745; x_wconf 80' lang='grc' dir='ltr'><strong>την</strong></span> <span class='ocrx_word' id='word_1_205' title='bbox 1466 2677 1622 2747; x_wconf 84' lang='grc' dir='ltr'>χεῖρα</span> <span class='ocrx_word' id='word_1_206' title='bbox 1652 2672 1817 2728; x_wconf 87' lang='grc' dir='ltr'>αὐτοῦ</span> 
     </span>
    </p>
   </div>
   <div class='ocr_carea' id='block_1_29' title="bbox 210 2756 1818 2835">
    <p class='ocr_par' dir='ltr' id='par_1_29' title="bbox 210 2756 1818 2835">
     <span class='ocr_line' id='line_1_29' title="bbox 210 2756 1818 2835; baseline 0.006 -24"><span class='ocrx_word' id='word_1_207' title='bbox 210 2756 507 2831; x_wconf 70' lang='grc' dir='ltr'>ἐπιτίθησι</span> <span class='ocrx_word' id='word_1_208' title='bbox 562 2760 726 2830; x_wconf 78' lang='grc' dir='ltr'>μηδὲν</span> <span class='ocrx_word' id='word_1_209' title='bbox 768 2767 1086 2816; x_wconf 84' lang='grc' dir='ltr'>κακοποιεῖν</span> <span class='ocrx_word' id='word_1_210' title='bbox 1138 2764 1461 2835; x_wconf 72' lang='grc' dir='ltr'>δυναμένοις</span> <span class='ocrx_word' id='word_1_211' title='bbox 1496 2766 1584 2819; x_wconf 82' lang='grc' dir='ltr'>διὰ</span> <span class='ocrx_word' id='word_1_212' title='bbox 1624 2768 1714 2819; x_wconf 87' lang='grc' dir='ltr'>τὸν</span> <span class='ocrx_word' id='word_1_213' title='bbox 1753 2769 1818 2821; x_wconf 77' lang='grc' dir='ltr'>ἐκ</span> 
     </span>
    </p>
   </div>
   <div class='ocr_carea' id='block_1_30' title="bbox 214 2848 1818 2924">
    <p class='ocr_par' dir='ltr' id='par_1_30' title="bbox 214 2848 1818 2924">
     <span class='ocr_line' id='line_1_30' title="bbox 214 2848 1818 2924; baseline 0.005 -20"><span class='ocrx_word' id='word_1_214' title='bbox 214 2848 384 2922; x_wconf 76' lang='grc' dir='ltr'>ῥίζης</span> <span class='ocrx_word' id='word_1_215' title='bbox 450 2851 651 2904; x_wconf 77' lang='grc' dir='ltr'>Ἰεσσαὶ</span> <span class='ocrx_word' id='word_1_216' title='bbox 704 2852 1053 2923; x_wconf 82' lang='grc' dir='ltr'>προελθόντα·</span> <span class='ocrx_word' id='word_1_217' title='bbox 1084 2854 1144 2918; x_wconf 81' lang='grc' dir='ltr'>ὃς</span> <span class='ocrx_word' id='word_1_218' title='bbox 1201 2855 1448 2920; x_wconf 81' lang='grc' dir='ltr'>ἐξουσίαν</span> <span class='ocrx_word' id='word_1_219' title='bbox 1499 2858 1670 2911; x_wconf 70' lang='grc' dir='ltr'>ἐδίδου</span> <span class='ocrx_word' id='word_1_220' title='bbox 1703 2862 1818 2924; x_wconf 78' lang='grc' dir='ltr'>τοῖς</span> 
     </span>
    </p>
   </div>
   <div class='ocr_carea' id='block_1_31' title="bbox 210 2942 1814 3023">
    <p class='ocr_par' dir='ltr' id='par_1_31' title="bbox 210 2942 1814 3023">
     <span class='ocr_line' id='line_1_31' title="bbox 210 2942 1814 3023; baseline 0.007 -30"><span class='ocrx_word' id='word_1_221' title='bbox 210 2942 390 2995; x_wconf 81' lang='grc' dir='ltr'>αὐτοῦ</span> <span class='ocrx_word' id='word_1_222' title='bbox 427 2942 665 3006; x_wconf 84' lang='grc' dir='ltr'>παιδίοις</span> <span class='ocrx_word' id='word_1_223' title='bbox 698 2947 887 2997; x_wconf 87' lang='grc' dir='ltr'>πατεῖν</span> <span class='ocrx_word' id='word_1_224' title='bbox 935 2945 1121 2999; x_wconf 76' lang='grc' dir='ltr'>ἐπάνω</span> <span class='ocrx_word' id='word_1_225' title='bbox 1170 2946 1344 3015; x_wconf 68' lang='grc' dir='ltr'>ὄφεων</span> <span class='ocrx_word' id='word_1_226' title='bbox 1374 2950 1468 3002; x_wconf 73' lang='grc' dir='ltr'>καὶ</span> <span class='ocrx_word' id='word_1_227' title='bbox 1518 2952 1814 3023; x_wconf 78' lang='grc' dir='ltr'>σκορπίων,</span> 
     </span>
    </p>
   </div>
   <div class='ocr_carea' id='block_1_32' title="bbox 210 3035 1391 3109">
    <p class='ocr_par' dir='ltr' id='par_1_32' title="bbox 210 3035 1391 3109">
     <span class='ocr_line' id='line_1_32' title="bbox 210 3035 1391 3109; baseline 0.006 -23"><span class='ocrx_word' id='word_1_228' title='bbox 210 3035 307 3086; x_wconf 72' lang='grc' dir='ltr'>καὶ</span> <span class='ocrx_word' id='word_1_229' title='bbox 342 3035 441 3087; x_wconf 71' lang='grc' dir='ltr'><strong>ἐπὶ</strong></span> <span class='ocrx_word' id='word_1_230' title='bbox 470 3036 650 3088; x_wconf 80' lang='grc' dir='ltr'>πᾶσαν</span> <span class='ocrx_word' id='word_1_231' title='bbox 679 3035 776 3107; x_wconf 83' lang='grc' dir='ltr'>τὴν</span> <span class='ocrx_word' id='word_1_232' title='bbox 797 3036 1027 3108; x_wconf 89' lang='grc' dir='ltr'>δύναμιν</span> <span class='ocrx_word' id='word_1_233' title='bbox 1050 3037 1145 3091; x_wconf 91' lang='grc' dir='ltr'><strong>τοῦ</strong></span> <span class='ocrx_word' id='word_1_234' title='bbox 1176 3039 1391 3109; x_wconf 77' lang='grc' dir='ltr'>ἐχθροῦ.</span> 
     </span>
    </p>
   </div>
   <div class='ocr_carea' id='block_1_33' title="bbox 286 3125 1814 3207">
    <p class='ocr_par' dir='ltr' id='par_1_33' title="bbox 286 3125 1814 3207">
     <span class='ocr_line' id='line_1_33' title="bbox 286 3125 1814 3207; baseline 0.009 -30"><span class='ocrx_word' id='word_1_235' title='bbox 286 3143 311 3177; x_wconf 81' lang='lat'><strong>¢</strong></span> <span class='ocrx_word' id='word_1_236' title='bbox 354 3126 471 3179; x_wconf 84' lang='grc' dir='ltr'><strong>Καὶ</strong></span> <span class='ocrx_word' id='word_1_237' title='bbox 504 3125 567 3179; x_wconf 91' lang='grc' dir='ltr'><strong>οὐ</strong></span> <span class='ocrx_word' id='word_1_238' title='bbox 613 3127 685 3199; x_wconf 82' lang='grc' dir='ltr'>μὴ</span> <span class='ocrx_word' id='word_1_239' title='bbox 742 3131 1189 3199; x_wconf 87' lang='grc' dir='ltr'>κακοποιήσουσι,</span> <span class='ocrx_word' id='word_1_240' title='bbox 1222 3132 1342 3185; x_wconf 83' lang='grc' dir='ltr'>οὐδὲ</span> <span class='ocrx_word' id='word_1_241' title='bbox 1384 3132 1458 3205; x_wconf 82' lang='grc' dir='ltr'>μὴ</span> <span class='ocrx_word' id='word_1_242' title='bbox 1498 3133 1814 3207; x_wconf 77' lang='grc' dir='ltr'>δυνήσονται</span> 
     </span>
    </p>
   </div>
   <div class='ocr_carea' id='block_1_34' title="bbox 209 3218 1813 3295">
    <p class='ocr_par' dir='ltr' id='par_1_34' title="bbox 209 3218 1813 3295">
     <span class='ocr_line' id='line_1_34' title="bbox 209 3218 1813 3295; baseline 0.009 -25"><span class='ocrx_word' id='word_1_243' title='bbox 209 3218 490 3272; x_wconf 77' lang='grc' dir='ltr'>ἀπολέσαι</span> <span class='ocrx_word' id='word_1_244' title='bbox 540 3218 731 3272; x_wconf 81' lang='grc' dir='ltr'>οὐδένα</span> <span class='ocrx_word' id='word_1_245' title='bbox 774 3221 867 3274; x_wconf 76' lang='grc' dir='ltr'><strong>ἐπὶ</strong></span> <span class='ocrx_word' id='word_1_246' title='bbox 898 3222 960 3276; x_wconf 66' lang='grc' dir='ltr'><strong>τὸ</strong></span> <span class='ocrx_word' id='word_1_247' title='bbox 998 3222 1123 3295; x_wconf 76' lang='grc' dir='ltr'>ὅρος</span> <span class='ocrx_word' id='word_1_248' title='bbox 1146 3226 1207 3278; x_wconf 84' lang='grc' dir='ltr'>τὸ</span> <span class='ocrx_word' id='word_1_249' title='bbox 1246 3228 1399 3295; x_wconf 75' lang='grc' dir='ltr'>ἅγιόν</span> <span class='ocrx_word' id='word_1_250' title='bbox 1433 3241 1547 3281; x_wconf 92' lang='grc' dir='ltr'>σου.</span> <span class='ocrx_word' id='word_1_251' title='bbox 1590 3249 1608 3280; x_wconf 85' lang='grc'><strong><em>›</em></strong></span> <span class='ocrx_word' id='word_1_252' title='bbox 1643 3230 1813 3284; x_wconf 89' lang='grc' dir='ltr'>Τοῦτο</span> 
     </span>
    </p>
   </div>
   <div class='ocr_carea' id='block_1_35' title="bbox 208 3282 1884 3392">
    <p class='ocr_par' dir='ltr' id='par_1_35' title="bbox 208 3282 1884 3392">
     <span class='ocr_line' id='line_1_35' title="bbox 208 3282 1884 3392; baseline 0.008 -32"><span class='ocrx_word' id='word_1_253' title='bbox 208 3307 266 3362; x_wconf 79' lang='grc' dir='ltr'>δέ</span> <span class='ocrx_word' id='word_1_254' title='bbox 289 3311 417 3362; x_wconf 75' lang='grc' dir='ltr'>ἐστι</span> <span class='ocrx_word' id='word_1_255' title='bbox 440 3309 503 3362; x_wconf 82' lang='grc' dir='ltr'>τὸ</span> <span class='ocrx_word' id='word_1_256' title='bbox 529 3309 657 3380; x_wconf 77' lang='grc' dir='ltr'>ὄρος</span> <span class='ocrx_word' id='word_1_257' title='bbox 688 3311 749 3363; x_wconf 87' lang='grc' dir='ltr'>τὸ</span> <span class='ocrx_word' id='word_1_258' title='bbox 774 3312 869 3365; x_wconf 73' lang='grc' dir='ltr'>καὶ</span> <span class='ocrx_word' id='word_1_259' title='bbox 913 3313 1003 3366; x_wconf 84' lang='grc' dir='ltr'><strong>διὰ</strong></span> <span class='ocrx_word' id='word_1_260' title='bbox 1170 3282 1479 3389; x_wconf 75' lang='grc' dir='ltr'>ἔμπροσθεν</span> <span class='ocrx_word' id='word_1_261' title='bbox 1512 3282 1816 3392; x_wconf 46' lang='grc' dir='ltr'><strong>δεδηλωμέζ</strong></span> <span class='ocrx_word' id='word_1_262' title='bbox 1842 3282 1884 3340; x_wconf 77' lang='lat' dir='ltr'><strong><em>C</em></strong></span> 
     </span>
    </p>
   </div>
   <div class='ocr_carea' id='block_1_36' title="bbox 209 3399 1814 3477">
    <p class='ocr_par' dir='ltr' id='par_1_36' title="bbox 209 3399 1814 3477">
     <span class='ocr_line' id='line_1_36' title="bbox 209 3399 1814 3477; baseline 0.007 -25"><span class='ocrx_word' id='word_1_263' title='bbox 209 3414 324 3463; x_wconf 75' lang='grc' dir='ltr'>ναν,</span> <span class='ocrx_word' id='word_1_264' title='bbox 358 3400 466 3451; x_wconf 84' lang='grc' dir='ltr'><strong>οὐκ</strong></span> <span class='ocrx_word' id='word_1_265' title='bbox 509 3399 637 3454; x_wconf 76' lang='grc' dir='ltr'>ἄλλο</span> <span class='ocrx_word' id='word_1_266' title='bbox 659 3418 711 3453; x_wconf 86' lang='grc' dir='ltr'><strong>τι</strong></span> <span class='ocrx_word' id='word_1_267' title='bbox 736 3400 795 3454; x_wconf 81' lang='grc' dir='ltr'><strong>δν</strong></span> <span class='ocrx_word' id='word_1_268' title='bbox 832 3402 927 3456; x_wconf 90' lang='grc' dir='ltr'><strong>τοῦ</strong></span> <span class='ocrx_word' id='word_1_269' title='bbox 967 3405 1289 3475; x_wconf 77' lang='grc' dir='ltr'>ἐπουρανίου</span> <span class='ocrx_word' id='word_1_270' title='bbox 1330 3407 1425 3460; x_wconf 77' lang='grc' dir='ltr'>καὶ</span> <span class='ocrx_word' id='word_1_271' title='bbox 1458 3408 1814 3477; x_wconf 87' lang='grc' dir='ltr'>εὐαγγελικοῦ</span> 
     </span>
    </p>
   </div>
   <div class='ocr_carea' id='block_1_37' title="bbox 209 3482 1818 3571">
    <p class='ocr_par' dir='ltr' id='par_1_37' title="bbox 209 3482 1818 3571">
     <span class='ocr_line' id='line_1_37' title="bbox 209 3482 1818 3571; baseline 0.008 -29"><span class='ocrx_word' id='word_1_272' title='bbox 209 3489 400 3559; x_wconf 81' lang='grc' dir='ltr'>λόγου,</span> <span class='ocrx_word' id='word_1_273' title='bbox 433 3490 523 3559; x_wconf 74' lang='grc' dir='ltr'><strong>ἐφ’</strong></span> <span class='ocrx_word' id='word_1_274' title='bbox 553 3482 614 3544; x_wconf 75' lang='grc' dir='ltr'>οὗ</span> <span class='ocrx_word' id='word_1_275' title='bbox 644 3494 672 3545; x_wconf 85' lang='lat'><strong>6</strong></span> <span class='ocrx_word' id='word_1_276' title='bbox 700 3488 851 3557; x_wconf 84' lang='grc' dir='ltr'>οἶκος</span> <span class='ocrx_word' id='word_1_277' title='bbox 880 3493 973 3547; x_wconf 86' lang='grc' dir='ltr'><strong>τοῦ</strong></span> <span class='ocrx_word' id='word_1_278' title='bbox 1015 3496 1173 3562; x_wconf 86' lang='grc' dir='ltr'>Θεοῦ,</span> <span class='ocrx_word' id='word_1_279' title='bbox 1198 3498 1294 3551; x_wconf 81' lang='grc' dir='ltr'>καὶ</span> <span class='ocrx_word' id='word_1_280' title='bbox 1318 3500 1350 3570; x_wconf 83' lang='grc' dir='ltr'>ἡ</span> <span class='ocrx_word' id='word_1_281' title='bbox 1388 3500 1685 3571; x_wconf 82' lang='grc' dir='ltr'>Ἐκκλησία</span> <span class='ocrx_word' id='word_1_282' title='bbox 1714 3503 1818 3554; x_wconf 81' lang='grc' dir='ltr'>αὐ-</span> 
     </span>
    </p>
   </div>
   <div class='ocr_carea' id='block_1_38' title="bbox 209 3582 1818 3665">
    <p class='ocr_par' dir='ltr' id='par_1_38' title="bbox 209 3582 1818 3665">
     <span class='ocr_line' id='line_1_38' title="bbox 209 3582 1818 3665; baseline 0.009 -30"><span class='ocrx_word' id='word_1_283' title='bbox 209 3582 305 3637; x_wconf 81' lang='grc' dir='ltr'><strong>τοῦ</strong></span> <span class='ocrx_word' id='word_1_284' title='bbox 329 3584 705 3654; x_wconf 81' lang='grc' dir='ltr'>ᾠκοδόμηται.</span> <span class='ocrx_word' id='word_1_285' title='bbox 736 3587 853 3640; x_wconf 85' lang='grc' dir='ltr'>Ἵνα</span> <span class='ocrx_word' id='word_1_286' title='bbox 867 3588 999 3656; x_wconf 84' lang='grc' dir='ltr'>γοῦν</span> <span class='ocrx_word' id='word_1_287' title='bbox 1026 3592 1098 3661; x_wconf 85' lang='grc' dir='ltr'>μή</span> <span class='ocrx_word' id='word_1_288' title='bbox 1127 3609 1210 3655; x_wconf 87' lang='grc' dir='ltr'><strong>τις</strong></span> <span class='ocrx_word' id='word_1_289' title='bbox 1233 3590 1294 3645; x_wconf 89' lang='grc' dir='ltr'>τὸ</span> <span class='ocrx_word' id='word_1_290' title='bbox 1325 3592 1559 3647; x_wconf 78' lang='grc' dir='ltr'>ἐνταῦθα</span> <span class='ocrx_word' id='word_1_291' title='bbox 1590 3594 1818 3665; x_wconf 82' lang='grc' dir='ltr'>λεγόμε-</span> 
     </span>
    </p>
   </div>
   <div class='ocr_carea' id='block_1_39' title="bbox 209 3673 1817 3755">
    <p class='ocr_par' dir='ltr' id='par_1_39' title="bbox 209 3673 1817 3755">
     <span class='ocr_line' id='line_1_39' title="bbox 209 3673 1817 3755; baseline 0.007 -27"><span class='ocrx_word' id='word_1_292' title='bbox 209 3693 299 3728; x_wconf 87' lang='grc' dir='ltr'><strong>νον</strong></span> <span class='ocrx_word' id='word_1_293' title='bbox 350 3674 480 3745; x_wconf 72' lang='grc' dir='ltr'>ὅρος</span> <span class='ocrx_word' id='word_1_294' title='bbox 512 3675 710 3749; x_wconf 85' lang='grc' dir='ltr'>νομίσῃ</span> <span class='ocrx_word' id='word_1_295' title='bbox 733 3673 872 3731; x_wconf 75' lang='grc' dir='ltr'>εἶναι</span> <span class='ocrx_word' id='word_1_296' title='bbox 898 3680 959 3732; x_wconf 84' lang='grc' dir='ltr'>τὸ</span> <span class='ocrx_word' id='word_1_297' title='bbox 992 3681 1050 3733; x_wconf 77' lang='grc' dir='ltr'>ἐν</span> <span class='ocrx_word' id='word_1_298' title='bbox 1084 3682 1238 3753; x_wconf 83' lang='grc' dir='ltr'>μέρει</span> <span class='ocrx_word' id='word_1_299' title='bbox 1266 3683 1469 3751; x_wconf 85' lang='grc' dir='ltr'>γωνίας</span> <span class='ocrx_word' id='word_1_300' title='bbox 1483 3685 1584 3755; x_wconf 88' lang='grc' dir='ltr'><strong>τῆς</strong></span> <span class='ocrx_word' id='word_1_301' title='bbox 1611 3687 1817 3740; x_wconf 73' lang='grc' dir='ltr'>Παλαι-</span> 
     </span>
    </p>
   </div>
   <div class='ocr_carea' id='block_1_40' title="bbox 211 3768 1814 3850">
    <p class='ocr_par' dir='ltr' id='par_1_40' title="bbox 211 3768 1814 3850">
     <span class='ocr_line' id='line_1_40' title="bbox 211 3768 1814 3850; baseline 0.01 -32"><span class='ocrx_word' id='word_1_302' title='bbox 211 3768 409 3839; x_wconf 83' lang='grc' dir='ltr'>στίνης</span> <span class='ocrx_word' id='word_1_303' title='bbox 450 3768 726 3833; x_wconf 85' lang='grc' dir='ltr'>Ἰουδαίοις</span> <span class='ocrx_word' id='word_1_304' title='bbox 775 3771 1200 3844; x_wconf 84' lang='grc' dir='ltr'>ὑπειλημμένον,</span> <span class='ocrx_word' id='word_1_305' title='bbox 1253 3776 1505 3846; x_wconf 77' lang='grc' dir='ltr'>διασαφεῖ</span> <span class='ocrx_word' id='word_1_306' title='bbox 1545 3778 1644 3850; x_wconf 81' lang='grc' dir='ltr'>τὴν</span> <span class='ocrx_word' id='word_1_307' title='bbox 1695 3780 1814 3833; x_wconf 89' lang='grc' dir='ltr'>διά-</span> 
     </span>
    </p>
   </div>
   <div class='ocr_carea' id='block_1_41' title="bbox 210 3856 1816 3940">
    <p class='ocr_par' dir='ltr' id='par_1_41' title="bbox 210 3856 1816 3940">
     <span class='ocr_line' id='line_1_41' title="bbox 210 3856 1816 3940; baseline 0.008 -29"><span class='ocrx_word' id='word_1_308' title='bbox 210 3874 369 3912; x_wconf 82' lang='grc' dir='ltr'>νοιαν</span> <span class='ocrx_word' id='word_1_309' title='bbox 399 3856 529 3929; x_wconf 78' lang='grc' dir='ltr'>ἑξῆς</span> <span class='ocrx_word' id='word_1_310' title='bbox 568 3858 862 3931; x_wconf 69' lang='grc' dir='ltr'>ἐπιφέρων·</span> <span class='ocrx_word' id='word_1_311' title='bbox 893 3880 912 3913; x_wconf 76' lang='grc' dir='ltr'><strong>ι</strong></span> <span class='ocrx_word' id='word_1_312' title='bbox 966 3863 1090 3915; x_wconf 86' lang='grc' dir='ltr'>Ὅτι</span> <span class='ocrx_word' id='word_1_313' title='bbox 1120 3865 1429 3938; x_wconf 82' lang='grc' dir='ltr'>ἐνεπλήσθη</span> <span class='ocrx_word' id='word_1_314' title='bbox 1465 3869 1496 3939; x_wconf 79' lang='grc' dir='ltr'>ἡ</span> <span class='ocrx_word' id='word_1_315' title='bbox 1550 3868 1816 3940; x_wconf 83' lang='grc' dir='ltr'>σύμπασα</span> 
     </span>
    </p>
   </div>
   <div class='ocr_carea' id='block_1_42' title="bbox 209 3949 1815 4030">
    <p class='ocr_par' dir='ltr' id='par_1_42' title="bbox 209 3949 1815 4030">
     <span class='ocr_line' id='line_1_42' title="bbox 209 3949 1815 4030; baseline 0.008 -27"><span class='ocrx_word' id='word_1_316' title='bbox 209 3950 281 4021; x_wconf 84' lang='grc' dir='ltr'><strong>γῆ</strong></span> <span class='ocrx_word' id='word_1_317' title='bbox 311 3949 411 4004; x_wconf 79' lang='grc' dir='ltr'><strong>τοῦ</strong></span> <span class='ocrx_word' id='word_1_318' title='bbox 438 3951 643 4018; x_wconf 85' lang='grc' dir='ltr'>γνῶναι</span> <span class='ocrx_word' id='word_1_319' title='bbox 672 3952 763 4007; x_wconf 89' lang='grc' dir='ltr'>τὸν</span> <span class='ocrx_word' id='word_1_320' title='bbox 796 3954 1022 4026; x_wconf 83' lang='grc' dir='ltr'>Κύριον,</span> <span class='ocrx_word' id='word_1_321' title='bbox 1057 3957 1134 4020; x_wconf 84' lang='grc' dir='ltr'>ὼς</span> <span class='ocrx_word' id='word_1_322' title='bbox 1172 3956 1316 4030; x_wconf 77' lang='grc' dir='ltr'>ὕδωρ</span> <span class='ocrx_word' id='word_1_323' title='bbox 1342 3958 1477 4013; x_wconf 83' lang='grc' dir='ltr'>πολὺ</span> <span class='ocrx_word' id='word_1_324' title='bbox 1503 3962 1815 4015; x_wconf 87' lang='grc' dir='ltr'>κατακαλύ-</span> 
     </span>
    </p>
   </div>
   <div class='ocr_carea' id='block_1_43' title="bbox 209 4040 1816 4127">
    <p class='ocr_par' dir='ltr' id='par_1_43' title="bbox 209 4040 1816 4127">
     <span class='ocr_line' id='line_1_43' title="bbox 209 4040 1816 4127; baseline 0.009 -33"><span class='ocrx_word' id='word_1_325' title='bbox 209 4040 313 4110; x_wconf 79' lang='grc' dir='ltr'><strong>ψαι</strong></span> <span class='ocrx_word' id='word_1_326' title='bbox 363 4040 662 4105; x_wconf 73' lang='grc' dir='ltr'>θαλάσσας·</span> <span class='ocrx_word' id='word_1_327' title='bbox 699 4063 718 4095; x_wconf 76' lang='grc' dir='ltr'><strong>ι</strong></span> <span class='ocrx_word' id='word_1_328' title='bbox 755 4044 897 4098; x_wconf 86' lang='grc' dir='ltr'>οῦτω</span> <span class='ocrx_word' id='word_1_329' title='bbox 933 4049 1214 4117; x_wconf 90' lang='grc' dir='ltr'>σημαίνων</span> <span class='ocrx_word' id='word_1_330' title='bbox 1258 4050 1355 4121; x_wconf 87' lang='grc' dir='ltr'>τὴν</span> <span class='ocrx_word' id='word_1_331' title='bbox 1389 4051 1508 4105; x_wconf 88' lang='grc' dir='ltr'>καθ’</span> <span class='ocrx_word' id='word_1_332' title='bbox 1538 4052 1667 4124; x_wconf 84' lang='grc' dir='ltr'>ὅλης</span> <span class='ocrx_word' id='word_1_333' title='bbox 1716 4055 1816 4127; x_wconf 86' lang='grc' dir='ltr'><strong>τῆς</strong></span> 
     </span>
    </p>
   </div>
   <div class='ocr_carea' id='block_1_44' title="bbox 210 4132 1815 4217">
    <p class='ocr_par' dir='ltr' id='par_1_44' title="bbox 210 4132 1815 4217">
     <span class='ocr_line' id='line_1_44' title="bbox 210 4132 1815 4217; baseline 0.011 -35"><span class='ocrx_word' id='word_1_334' title='bbox 210 4132 551 4202; x_wconf 71' lang='grc' dir='ltr'>οὺιουμένης</span> <span class='ocrx_word' id='word_1_335' title='bbox 583 4133 873 4206; x_wconf 80' lang='grc' dir='ltr'>ἱδρυμένην</span> <span class='ocrx_word' id='word_1_336' title='bbox 925 4136 1251 4209; x_wconf 86' lang='grc' dir='ltr'>Ἐκκλησίαν</span> <span class='ocrx_word' id='word_1_337' title='bbox 1287 4140 1445 4206; x_wconf 85' lang='grc' dir='ltr'>Θεοῦ,</span> <span class='ocrx_word' id='word_1_338' title='bbox 1486 4144 1581 4197; x_wconf 61' lang='grc' dir='ltr'><strong>καὶ¹</strong></span> <span class='ocrx_word' id='word_1_339' title='bbox 1614 4146 1713 4217; x_wconf 83' lang='grc' dir='ltr'>τὴν</span> <span class='ocrx_word' id='word_1_340' title='bbox 1757 4147 1815 4200; x_wconf 81' lang='grc' dir='ltr'>ὲν</span> 
     </span>
    </p>
   </div>
   <div class='ocr_carea' id='block_1_45' title="bbox 211 4224 1817 4309">
    <p class='ocr_par' dir='ltr' id='par_1_45' title="bbox 211 4224 1817 4309">
     <span class='ocr_line' id='line_1_45' title="bbox 211 4224 1817 4309; baseline 0.011 -35"><span class='ocrx_word' id='word_1_341' title='bbox 211 4224 357 4293; x_wconf 71' lang='grc' dir='ltr'>αὐτῇ</span> <span class='ocrx_word' id='word_1_342' title='bbox 385 4226 802 4296; x_wconf 85' lang='grc' dir='ltr'>κηρυττομένην</span> <span class='ocrx_word' id='word_1_343' title='bbox 826 4228 1025 4299; x_wconf 76' lang='grc' dir='ltr'>εὐσεϐῆ</span> <span class='ocrx_word' id='word_1_344' title='bbox 1048 4230 1271 4298; x_wconf 87' lang='grc' dir='ltr'>γνῶσιν,</span> <span class='ocrx_word' id='word_1_345' title='bbox 1298 4234 1399 4305; x_wconf 82' lang='grc' dir='ltr'>τὴν</span> <span class='ocrx_word' id='word_1_346' title='bbox 1422 4238 1529 4289; x_wconf 75' lang='grc' dir='ltr'><strong>πᾶν</strong></span> <span class='ocrx_word' id='word_1_347' title='bbox 1559 4236 1619 4290; x_wconf 83' lang='grc' dir='ltr'>τὸ</span> <span class='ocrx_word' id='word_1_348' title='bbox 1640 4237 1817 4309; x_wconf 78' lang='grc' dir='ltr'>ἁλμυ-</span> 
     </span>
    </p>
   </div>
   <div class='ocr_carea' id='block_1_46' title="bbox 214 4314 1816 4399">
    <p class='ocr_par' dir='ltr' id='par_1_46' title="bbox 214 4314 1816 4399">
     <span class='ocr_line' id='line_1_46' title="bbox 214 4314 1816 4399; baseline 0.01 -33"><span class='ocrx_word' id='word_1_349' title='bbox 214 4314 312 4387; x_wconf 73' lang='grc' dir='ltr'><strong>ρὸν</strong></span> <span class='ocrx_word' id='word_1_350' title='bbox 342 4314 447 4384; x_wconf 82' lang='grc' dir='ltr'><strong>τῆς</strong></span> <span class='ocrx_word' id='word_1_351' title='bbox 480 4315 682 4379; x_wconf 86' lang='grc' dir='ltr'>κακίας</span> <span class='ocrx_word' id='word_1_352' title='bbox 716 4316 810 4370; x_wconf 87' lang='grc' dir='ltr'><strong>τοῦ</strong></span> <span class='ocrx_word' id='word_1_353' title='bbox 855 4317 993 4388; x_wconf 84' lang='grc' dir='ltr'>βίου,</span> <span class='ocrx_word' id='word_1_354' title='bbox 1025 4319 1215 4395; x_wconf 86' lang='grc' dir='ltr'>ὥσπερ</span> <span class='ocrx_word' id='word_1_355' title='bbox 1248 4323 1427 4395; x_wconf 82' lang='grc' dir='ltr'>πολλῷ</span> <span class='ocrx_word' id='word_1_356' title='bbox 1473 4324 1552 4396; x_wconf 83' lang='grc' dir='ltr'>τῷ</span> <span class='ocrx_word' id='word_1_357' title='bbox 1584 4326 1816 4399; x_wconf 82' lang='grc' dir='ltr'>ῥεύματι</span> 
     </span>
    </p>
   </div>
   <div class='ocr_carea' id='block_1_47' title="bbox 213 4408 1811 4490">
    <p class='ocr_par' dir='ltr' id='par_1_47' title="bbox 213 4408 1811 4490">
     <span class='ocr_line' id='line_1_47' title="bbox 213 4408 1811 4490; baseline 0.008 -29"><span class='ocrx_word' id='word_1_358' title='bbox 213 4408 690 4474; x_wconf 79' lang='grc' dir='ltr'>κατακλύζουσαν,</span> <span class='ocrx_word' id='word_1_359' title='bbox 740 4413 836 4465; x_wconf 60' lang='grc' dir='ltr'><strong>καὶ⁸</strong></span> <span class='ocrx_word' id='word_1_360' title='bbox 877 4412 1058 4466; x_wconf 75' lang='grc' dir='ltr'>πᾶσαν</span> <span class='ocrx_word' id='word_1_361' title='bbox 1095 4413 1275 4486; x_wconf 76' lang='grc' dir='ltr'>ψυχῆς</span> <span class='ocrx_word' id='word_1_362' title='bbox 1329 4416 1630 4490; x_wconf 87' lang='grc' dir='ltr'>μοχθηρίαν</span> <span class='ocrx_word' id='word_1_363' title='bbox 1679 4421 1811 4473; x_wconf 78' lang='grc' dir='ltr'>ἀπο·</span> 
     </span>
    </p>
   </div>
   <div class='ocr_carea' id='block_1_48' title="bbox 214 4499 619 4571">
    <p class='ocr_par' dir='ltr' id='par_1_48' title="bbox 214 4499 619 4571">
     <span class='ocr_line' id='line_1_48' title="bbox 214 4499 619 4571; baseline 0 -17"><span class='ocrx_word' id='word_1_364' title='bbox 214 4499 619 4571; x_wconf 77' lang='grc' dir='ltr'>καθαίρουσαν.</span> 
     </span>
    </p>
   </div>
   <div class='ocr_carea' id='block_1_49' title="bbox 291 4678 1809 4758">
    <p class='ocr_par' dir='ltr' id='par_1_49' title="bbox 291 4678 1809 4758">
     <span class='ocr_line' id='line_1_49' title="bbox 291 4678 1809 4758; baseline 0.009 -28"><span class='ocrx_word' id='word_1_365' title='bbox 291 4698 311 4730; x_wconf 78' lang='grc' dir='ltr'><strong>ι</strong></span> <span class='ocrx_word' id='word_1_366' title='bbox 356 4678 473 4734; x_wconf 69' lang='grc' dir='ltr'><strong>Καὶ</strong></span> <span class='ocrx_word' id='word_1_367' title='bbox 506 4678 658 4735; x_wconf 77' lang='grc' dir='ltr'>ἔσται</span> <span class='ocrx_word' id='word_1_368' title='bbox 690 4680 750 4735; x_wconf 80' lang='grc' dir='ltr'>ἐν</span> <span class='ocrx_word' id='word_1_369' title='bbox 787 4683 970 4757; x_wconf 79' lang='grc' dir='ltr'>ἐκείνῃ</span> <span class='ocrx_word' id='word_1_370' title='bbox 996 4686 1061 4755; x_wconf 83' lang='grc' dir='ltr'>τῇ</span> <span class='ocrx_word' id='word_1_371' title='bbox 1098 4683 1284 4757; x_wconf 80' lang='grc' dir='ltr'>ἡμέρᾳ</span> <span class='ocrx_word' id='word_1_372' title='bbox 1312 4684 1344 4756; x_wconf 81' lang='grc' dir='ltr'><strong>ἡ</strong></span> <span class='ocrx_word' id='word_1_373' title='bbox 1376 4685 1499 4758; x_wconf 80' lang='grc' dir='ltr'>ῥίζα</span> <span class='ocrx_word' id='word_1_374' title='bbox 1538 4686 1633 4741; x_wconf 84' lang='grc' dir='ltr'><strong>τοῦ</strong></span> <span class='ocrx_word' id='word_1_375' title='bbox 1673 4687 1809 4743; x_wconf 76' lang='grc' dir='ltr'>Ἰεσο</span> 
     </span>
    </p>
   </div>
   <div class='ocr_carea' id='block_1_50' title="bbox 216 4773 1806 4852">
    <p class='ocr_par' dir='ltr' id='par_1_50' title="bbox 216 4773 1806 4852">
     <span class='ocr_line' id='line_1_50' title="bbox 216 4773 1806 4852; baseline 0.004 -26"><span class='ocrx_word' id='word_1_376' title='bbox 216 4775 328 4838; x_wconf 78' lang='grc' dir='ltr'>σαὶ,</span> <span class='ocrx_word' id='word_1_377' title='bbox 356 4773 455 4827; x_wconf 72' lang='grc' dir='ltr'><strong>καὶ</strong></span> <span class='ocrx_word' id='word_1_378' title='bbox 482 4775 512 4827; x_wconf 88' lang='lat'><strong>6</strong></span> <span class='ocrx_word' id='word_1_379' title='bbox 556 4774 915 4845; x_wconf 82' lang='grc' dir='ltr'>ἀνιστάμενος</span> <span class='ocrx_word' id='word_1_380' title='bbox 946 4777 1133 4848; x_wconf 74' lang='grc' dir='ltr'>ἄρχειν</span> <span class='ocrx_word' id='word_1_381' title='bbox 1168 4776 1356 4832; x_wconf 82' lang='grc' dir='ltr'>ἐθνῶν·</span> <span class='ocrx_word' id='word_1_382' title='bbox 1388 4779 1475 4831; x_wconf 77' lang='grc' dir='ltr'><strong>ἐπ’</strong></span> <span class='ocrx_word' id='word_1_383' title='bbox 1505 4780 1654 4852; x_wconf 87' lang='grc' dir='ltr'><strong>αὐτῷ</strong></span> <span class='ocrx_word' id='word_1_384' title='bbox 1679 4780 1806 4852; x_wconf 77' lang='grc' dir='ltr'>ἔθνη</span> 
     </span>
    </p>
   </div>
   <div class='ocr_carea' id='block_1_51' title="bbox 212 4860 1810 4945">
    <p class='ocr_par' dir='ltr' id='par_1_51' title="bbox 212 4860 1810 4945">
     <span class='ocr_line' id='line_1_51' title="bbox 212 4860 1810 4945; baseline 0.006 -28"><span class='ocrx_word' id='word_1_385' title='bbox 212 4860 485 4918; x_wconf 75' lang='grc' dir='ltr'>ὲλπιοῦσι·</span> <span class='ocrx_word' id='word_1_386' title='bbox 518 4867 612 4919; x_wconf 80' lang='grc' dir='ltr'>καὶ</span> <span class='ocrx_word' id='word_1_387' title='bbox 642 4865 794 4920; x_wconf 73' lang='grc' dir='ltr'>ἔσται</span> <span class='ocrx_word' id='word_1_388' title='bbox 822 4869 854 4939; x_wconf 83' lang='grc' dir='ltr'><strong>ἡ</strong></span> <span class='ocrx_word' id='word_1_389' title='bbox 901 4869 1209 4933; x_wconf 80' lang='grc' dir='ltr'>ἀνάπαυσις</span> <span class='ocrx_word' id='word_1_390' title='bbox 1255 4869 1420 4924; x_wconf 83' lang='grc' dir='ltr'>αὐτοῦ</span> <span class='ocrx_word' id='word_1_391' title='bbox 1449 4874 1603 4945; x_wconf 85' lang='grc' dir='ltr'>τιμή.</span> <span class='ocrx_word' id='word_1_392' title='bbox 1640 4891 1656 4924; x_wconf 78' lang='grc' dir='ltr'><strong>ι</strong></span> <span class='ocrx_word' id='word_1_393' title='bbox 1721 4874 1810 4927; x_wconf 90' lang='grc' dir='ltr'><strong>Ἐν</strong></span> 
     </span>
    </p>
   </div>
   <div class='ocr_carea' id='block_1_52' title="bbox 213 4951 1809 5036">
    <p class='ocr_par' dir='ltr' id='par_1_52' title="bbox 213 4951 1809 5036">
     <span class='ocr_line' id='line_1_52' title="bbox 213 4951 1809 5036; baseline 0.006 -28"><span class='ocrx_word' id='word_1_394' title='bbox 213 4956 399 5027; x_wconf 64' lang='grc' dir='ltr'>ἐκείνῃ</span> <span class='ocrx_word' id='word_1_395' title='bbox 430 4951 525 5011; x_wconf 76' lang='grc' dir='ltr'>οὖν</span> <span class='ocrx_word' id='word_1_396' title='bbox 562 4960 628 5028; x_wconf 79' lang='grc' dir='ltr'>τῇ</span> <span class='ocrx_word' id='word_1_397' title='bbox 658 4959 864 5031; x_wconf 73' lang='grc' dir='ltr'>ἡμέρᾳ,</span> <span class='ocrx_word' id='word_1_398' title='bbox 902 4960 1062 5030; x_wconf 87' lang='grc' dir='ltr'>δῆλον</span> <span class='ocrx_word' id='word_1_399' title='bbox 1093 4961 1150 5014; x_wconf 83' lang='grc' dir='ltr'>δὲ</span> <span class='ocrx_word' id='word_1_400' title='bbox 1180 4962 1263 5014; x_wconf 86' lang='grc' dir='ltr'>ὄτι</span> <span class='ocrx_word' id='word_1_401' title='bbox 1306 4962 1447 5017; x_wconf 79' lang='grc' dir='ltr'>κατὰ</span> <span class='ocrx_word' id='word_1_402' title='bbox 1478 4965 1569 5017; x_wconf 84' lang='grc' dir='ltr'>τὸν</span> <span class='ocrx_word' id='word_1_403' title='bbox 1593 4982 1809 5036; x_wconf 80' lang='grc' dir='ltr'>προφη-</span> 
     </span>
    </p>
   </div>
   <div class='ocr_carea' id='block_1_53' title="bbox 211 5044 1809 5127">
    <p class='ocr_par' dir='ltr' id='par_1_53' title="bbox 211 5044 1809 5127">
     <span class='ocr_line' id='line_1_53' title="bbox 211 5044 1809 5127; baseline 0.007 -27"><span class='ocrx_word' id='word_1_404' title='bbox 211 5047 510 5118; x_wconf 78' lang='grc' dir='ltr'>τευόμενον</span> <span class='ocrx_word' id='word_1_405' title='bbox 552 5051 764 5121; x_wconf 88' lang='grc' dir='ltr'>χρόνον,</span> <span class='ocrx_word' id='word_1_406' title='bbox 797 5044 953 5117; x_wconf 75' lang='grc' dir='ltr'>οὗτος</span> <span class='ocrx_word' id='word_1_407' title='bbox 1003 5054 1164 5117; x_wconf 79' lang='grc' dir='ltr'>αὐτὸς</span> <span class='ocrx_word' id='word_1_408' title='bbox 1193 5056 1258 5107; x_wconf 76' lang='grc' dir='ltr'>ἐκ</span> <span class='ocrx_word' id='word_1_409' title='bbox 1289 5055 1389 5124; x_wconf 88' lang='grc' dir='ltr'><strong>τῆς</strong></span> <span class='ocrx_word' id='word_1_410' title='bbox 1415 5056 1571 5127; x_wconf 77' lang='grc' dir='ltr'>ῥίζης</span> <span class='ocrx_word' id='word_1_411' title='bbox 1611 5057 1809 5111; x_wconf 81' lang='grc' dir='ltr'>Ἰεσσαὶ</span> 
     </span>
    </p>
   </div>
   <div class='ocr_carea' id='block_1_54' title="bbox 213 5136 1811 5220">
    <p class='ocr_par' dir='ltr' id='par_1_54' title="bbox 213 5136 1811 5220">
     <span class='ocr_line' id='line_1_54' title="bbox 213 5136 1811 5220; baseline 0.008 -31"><span class='ocrx_word' id='word_1_412' title='bbox 213 5136 679 5210; x_wconf 82' lang='grc' dir='ltr'>ἀναστησόμενος,</span> <span class='ocrx_word' id='word_1_413' title='bbox 712 5142 850 5211; x_wconf 79' lang='grc' dir='ltr'>μετὰ</span> <span class='ocrx_word' id='word_1_414' title='bbox 864 5144 926 5196; x_wconf 82' lang='grc' dir='ltr'>τὸ</span> <span class='ocrx_word' id='word_1_415' title='bbox 948 5144 1263 5215; x_wconf 86' lang='grc' dir='ltr'>ἀναστῆναι,</span> <span class='ocrx_word' id='word_1_416' title='bbox 1290 5145 1531 5217; x_wconf 87' lang='grc' dir='ltr'>δηλονότι</span> <span class='ocrx_word' id='word_1_417' title='bbox 1556 5148 1692 5219; x_wconf 86' lang='grc' dir='ltr'>μετὰ</span> <span class='ocrx_word' id='word_1_418' title='bbox 1709 5136 1811 5220; x_wconf 72' lang='grc' dir='ltr'>τὴν</span> 
     </span>
    </p>
   </div>
   <div class='ocr_carea' id='block_1_55' title="bbox 213 5229 1807 5309">
    <p class='ocr_par' dir='ltr' id='par_1_55' title="bbox 213 5229 1807 5309">
     <span class='ocr_line' id='line_1_55' title="bbox 213 5229 1807 5309; baseline 0.009 -29"><span class='ocrx_word' id='word_1_419' title='bbox 213 5229 278 5281; x_wconf 67' lang='lat' dir='ltr'><strong>lx</strong></span> <span class='ocrx_word' id='word_1_420' title='bbox 298 5231 514 5301; x_wconf 87' lang='grc' dir='ltr'>νεκρῶν</span> <span class='ocrx_word' id='word_1_421' title='bbox 547 5232 860 5299; x_wconf 80' lang='grc' dir='ltr'>ἀνάστασιν,</span> <span class='ocrx_word' id='word_1_422' title='bbox 896 5235 996 5288; x_wconf 87' lang='grc' dir='ltr'><strong>οὐκ</strong></span> <span class='ocrx_word' id='word_1_423' title='bbox 1034 5237 1296 5290; x_wconf 84' lang='grc' dir='ltr'>Ἰουδαίων</span> <span class='ocrx_word' id='word_1_424' title='bbox 1346 5238 1499 5291; x_wconf 75' lang='grc' dir='ltr'>ἔσται</span> <span class='ocrx_word' id='word_1_425' title='bbox 1529 5238 1807 5309; x_wconf 82' lang='grc' dir='ltr'>βασιλεὺς,</span> 
     </span>
    </p>
   </div>
   <div class='ocr_carea' id='block_1_56' title="bbox 212 5318 1806 5400">
    <p class='ocr_par' dir='ltr' id='par_1_56' title="bbox 212 5318 1806 5400">
     <span class='ocr_line' id='line_1_56' title="bbox 212 5318 1806 5400; baseline 0.008 -30"><span class='ocrx_word' id='word_1_426' title='bbox 212 5318 330 5373; x_wconf 78' lang='grc' dir='ltr'>οὐδὲ</span> <span class='ocrx_word' id='word_1_427' title='bbox 359 5319 557 5391; x_wconf 83' lang='grc' dir='ltr'>ὥσπερ</span> <span class='ocrx_word' id='word_1_428' title='bbox 581 5322 743 5387; x_wconf 79' lang='grc' dir='ltr'>αὐτὸς</span> <span class='ocrx_word' id='word_1_429' title='bbox 774 5326 801 5378; x_wconf 86' lang='grc' dir='ltr'>ὁ</span> <span class='ocrx_word' id='word_1_430' title='bbox 821 5324 984 5377; x_wconf 81' lang='grc' dir='ltr'><strong>Δαυῖδ</strong></span> <span class='ocrx_word' id='word_1_431' title='bbox 1015 5325 1067 5378; x_wconf 73' lang='grc' dir='ltr'>οἵ</span> <span class='ocrx_word' id='word_1_432' title='bbox 1089 5343 1146 5381; x_wconf 89' lang='grc' dir='ltr'><strong>τε</strong></span> <span class='ocrx_word' id='word_1_433' title='bbox 1166 5326 1353 5380; x_wconf 87' lang='grc' dir='ltr'>τούτου</span> <span class='ocrx_word' id='word_1_434' title='bbox 1393 5328 1644 5399; x_wconf 80' lang='grc' dir='ltr'>διάδοχοι,</span> <span class='ocrx_word' id='word_1_435' title='bbox 1676 5328 1806 5400; x_wconf 80' lang='grc' dir='ltr'>βραο</span> 
     </span>
    </p>
   </div>
   <div class='ocr_carea' id='block_1_57' title="bbox 212 5412 1806 5491">
    <p class='ocr_par' dir='ltr' id='par_1_57' title="bbox 212 5412 1806 5491">
     <span class='ocr_line' id='line_1_57' title="bbox 212 5412 1806 5491; baseline 0.007 -28"><span class='ocrx_word' id='word_1_436' title='bbox 212 5412 366 5481; x_wconf 83' lang='grc' dir='ltr'>χείας</span> <span class='ocrx_word' id='word_1_437' title='bbox 413 5412 561 5476; x_wconf 82' lang='grc' dir='ltr'>τινὸς</span> <span class='ocrx_word' id='word_1_438' title='bbox 594 5415 797 5481; x_wconf 88' lang='grc' dir='ltr'>γωνίας</span> <span class='ocrx_word' id='word_1_439' title='bbox 823 5418 1108 5489; x_wconf 86' lang='grc' dir='ltr'>κρατήσει,</span> <span class='ocrx_word' id='word_1_440' title='bbox 1145 5415 1247 5488; x_wconf 86' lang='grc' dir='ltr'><strong>τῆς</strong></span> <span class='ocrx_word' id='word_1_441' title='bbox 1276 5418 1319 5471; x_wconf 83' lang='grc' dir='ltr'>δ’</span> <span class='ocrx_word' id='word_1_442' title='bbox 1357 5418 1672 5490; x_wconf 83' lang='grc' dir='ltr'>ἁπανταχοῦ</span> <span class='ocrx_word' id='word_1_443' title='bbox 1704 5422 1806 5491; x_wconf 87' lang='grc' dir='ltr'><strong>γῆς</strong></span> 
     </span>
    </p>
   </div>
   <div class='ocr_carea' id='block_1_58' title="bbox 211 5503 1805 5581">
    <p class='ocr_par' dir='ltr' id='par_1_58' title="bbox 211 5503 1805 5581">
     <span class='ocr_line' id='line_1_58' title="bbox 211 5503 1805 5581; baseline 0.007 -25"><span class='ocrx_word' id='word_1_444' title='bbox 211 5503 385 5573; x_wconf 76' lang='grc' dir='ltr'>ἄρξει.</span> <span class='ocrx_word' id='word_1_445' title='bbox 419 5505 514 5557; x_wconf 81' lang='grc' dir='ltr'><strong>Διὸ</strong></span> <span class='ocrx_word' id='word_1_446' title='bbox 539 5505 793 5575; x_wconf 77' lang='grc' dir='ltr'>οὐδαμῶς</span> <span class='ocrx_word' id='word_1_447' title='bbox 838 5507 1068 5563; x_wconf 88' lang='grc' dir='ltr'>θάνατον</span> <span class='ocrx_word' id='word_1_448' title='bbox 1103 5510 1413 5581; x_wconf 84' lang='grc' dir='ltr'>ὑπογράφει</span> <span class='ocrx_word' id='word_1_449' title='bbox 1452 5513 1638 5566; x_wconf 89' lang='grc' dir='ltr'>αὐτοῦ·</span> <span class='ocrx_word' id='word_1_450' title='bbox 1671 5514 1805 5567; x_wconf 87' lang='grc' dir='ltr'>ἀνά-</span> 
     </span>
    </p>
   </div>
   <div class='ocr_carea' id='block_1_59' title="bbox 214 5598 1807 5677">
    <p class='ocr_par' dir='ltr' id='par_1_59' title="bbox 214 5598 1807 5677">
     <span class='ocr_line' id='line_1_59' title="bbox 214 5598 1807 5677; baseline 0.006 -28"><span class='ocrx_word' id='word_1_451' title='bbox 214 5615 414 5650; x_wconf 82' lang='grc' dir='ltr'>παυσιν</span> <span class='ocrx_word' id='word_1_452' title='bbox 439 5598 499 5652; x_wconf 81' lang='grc' dir='ltr'>δὲ</span> <span class='ocrx_word' id='word_1_453' title='bbox 525 5600 802 5671; x_wconf 80' lang='grc' dir='ltr'>ὀνομάζει,</span> <span class='ocrx_word' id='word_1_454' title='bbox 831 5604 925 5655; x_wconf 76' lang='grc' dir='ltr'>καὶ</span> <span class='ocrx_word' id='word_1_455' title='bbox 954 5602 1131 5669; x_wconf 81' lang='grc' dir='ltr'>δόξαν,</span> <span class='ocrx_word' id='word_1_456' title='bbox 1162 5605 1258 5658; x_wconf 81' lang='grc' dir='ltr'>καὶ</span> <span class='ocrx_word' id='word_1_457' title='bbox 1288 5608 1473 5676; x_wconf 88' lang='grc' dir='ltr'>τιμήν.</span> <span class='ocrx_word' id='word_1_458' title='bbox 1507 5606 1676 5661; x_wconf 89' lang='grc' dir='ltr'>Τοῦτο</span> <span class='ocrx_word' id='word_1_459' title='bbox 1698 5606 1807 5677; x_wconf 78' lang='grc' dir='ltr'><strong>γάρ</strong></span> 
     </span>
    </p>
   </div>
   <div class='ocr_carea' id='block_1_60' title="bbox 211 5683 1804 5775">
    <p class='ocr_par' dir='ltr' id='par_1_60' title="bbox 211 5683 1804 5775">
     <span class='ocr_line' id='line_1_60' title="bbox 211 5683 1804 5775; baseline 0.007 -32"><span class='ocrx_word' id='word_1_460' title='bbox 211 5683 280 5761; x_wconf 84' lang='grc' dir='ltr'><strong>ῆν</strong></span> <span class='ocrx_word' id='word_1_461' title='bbox 310 5693 371 5746; x_wconf 87' lang='grc' dir='ltr'>τὸ</span> <span class='ocrx_word' id='word_1_462' title='bbox 420 5692 577 5757; x_wconf 74' lang='grc' dir='ltr'>τέλος</span> <span class='ocrx_word' id='word_1_463' title='bbox 624 5694 727 5765; x_wconf 86' lang='grc' dir='ltr'><strong>τῆς</strong></span> <span class='ocrx_word' id='word_1_464' title='bbox 766 5696 859 5751; x_wconf 86' lang='grc' dir='ltr'><strong>τοῦ</strong></span> <span class='ocrx_word' id='word_1_465' title='bbox 905 5698 1157 5768; x_wconf 87' lang='grc' dir='ltr'>Σωτῆρος</span> <span class='ocrx_word' id='word_1_466' title='bbox 1185 5698 1343 5769; x_wconf 79' lang='grc' dir='ltr'>ἡμῶν</span> <span class='ocrx_word' id='word_1_467' title='bbox 1371 5702 1453 5775; x_wconf 74' lang='grc' dir='ltr'><strong>είς¹</strong></span> <span class='ocrx_word' id='word_1_468' title='bbox 1484 5699 1804 5774; x_wconf 78' lang='grc' dir='ltr'>ἀνθρώπους</span> 
     </span>
    </p>
   </div>
   <div class='ocr_carea' id='block_1_61' title="bbox 210 5783 1803 5861">
    <p class='ocr_par' dir='ltr' id='par_1_61' title="bbox 210 5783 1803 5861">
     <span class='ocr_line' id='line_1_61' title="bbox 210 5783 1803 5861; baseline 0.008 -29"><span class='ocrx_word' id='word_1_469' title='bbox 210 5783 547 5854; x_wconf 80' lang='grc' dir='ltr'>οἰκονομίας·</span> <span class='ocrx_word' id='word_1_470' title='bbox 604 5784 633 5837; x_wconf 76' lang='grc' dir='ltr'><strong>δ</strong></span> <span class='ocrx_word' id='word_1_471' title='bbox 678 5785 741 5856; x_wconf 83' lang='grc' dir='ltr'>δὴ</span> <span class='ocrx_word' id='word_1_472' title='bbox 786 5787 879 5839; x_wconf 72' lang='grc' dir='ltr'>καὶ</span> <span class='ocrx_word' id='word_1_473' title='bbox 914 5786 1077 5849; x_wconf 78' lang='grc' dir='ltr'>αὐτὸς</span> <span class='ocrx_word' id='word_1_474' title='bbox 1108 5790 1136 5839; x_wconf 89' lang='lat'><strong>6</strong></span> <span class='ocrx_word' id='word_1_475' title='bbox 1165 5788 1357 5861; x_wconf 81' lang='grc' dir='ltr'>Σωτὴρ</span> <span class='ocrx_word' id='word_1_476' title='bbox 1386 5790 1544 5861; x_wconf 71' lang='grc' dir='ltr'>ἡμῶν</span> <span class='ocrx_word' id='word_1_477' title='bbox 1568 5791 1803 5855; x_wconf 82' lang='grc' dir='ltr'>δεικνὺς,</span> 
     </span>
    </p>
   </div>
   <div class='ocr_carea' id='block_1_62' title="bbox 215 5867 1805 5952">
    <p class='ocr_par' dir='ltr' id='par_1_62' title="bbox 215 5867 1805 5952">
     <span class='ocr_line' id='line_1_62' title="bbox 215 5867 1805 5952; baseline 0.008 -29"><span class='ocrx_word' id='word_1_478' title='bbox 215 5867 395 5941; x_wconf 63' lang='lat' dir='ltr'><strong>Uis-ma</strong></span> <span class='ocrx_word' id='word_1_479' title='bbox 423 5876 486 5929; x_wconf 69' lang='grc' dir='ltr'>ἐν</span> <span class='ocrx_word' id='word_1_480' title='bbox 504 5878 573 5949; x_wconf 70' lang='grc' dir='ltr'>τῇ</span> <span class='ocrx_word' id='word_1_481' title='bbox 595 5876 731 5948; x_wconf 78' lang='grc' dir='ltr'>πρὸς</span> <span class='ocrx_word' id='word_1_482' title='bbox 756 5877 845 5932; x_wconf 82' lang='grc' dir='ltr'>τὸν</span> <span class='ocrx_word' id='word_1_483' title='bbox 876 5878 1095 5950; x_wconf 82' lang='grc' dir='ltr'>Πατέρα</span> <span class='ocrx_word' id='word_1_484' title='bbox 1120 5880 1273 5951; x_wconf 75' lang='grc' dir='ltr'>εὐχῇο</span> <span class='ocrx_word' id='word_1_485' title='bbox 1298 5899 1315 5933; x_wconf 83' lang='grc' dir='ltr'><strong>ι</strong></span> <span class='ocrx_word' id='word_1_486' title='bbox 1356 5881 1558 5952; x_wconf 83' lang='grc' dir='ltr'>Πάτερ,</span> <span class='ocrx_word' id='word_1_487' title='bbox 1588 5881 1805 5949; x_wconf 76' lang='grc' dir='ltr'>δόξασόν</span> 
     </span>
    </p>
   </div>
   <div class='ocr_carea' id='block_1_63' title="bbox 1839 4635 1887 4692">
    <p class='ocr_par' dir='ltr' id='par_1_63' title="bbox 1839 4635 1887 4692">
     <span class='ocr_line' id='line_1_63' title="bbox 1839 4635 1887 4692; baseline 0 0"><span class='ocrx_word' id='word_1_488' title='bbox 1839 4635 1887 4692; x_wconf 92' lang='lat' dir='ltr'><strong>D</strong></span> 
     </span>
    </p>
   </div>
   <div class='ocr_carea' id='block_1_64' title="bbox 1919 650 3498 724">
    <p class='ocr_par' dir='ltr' id='par_1_64' title="bbox 1919 650 3498 724">
     <span class='ocr_line' id='line_1_64' title="bbox 1919 650 3498 724; baseline -0.001 -17"><span class='ocrx_word' id='word_1_489' title='bbox 1919 670 2060 721; x_wconf 80' lang='lat' dir='ltr'><strong>rttrn,</strong></span> <span class='ocrx_word' id='word_1_490' title='bbox 2095 664 2147 708; x_wconf 86' lang='lat' dir='ltr'><strong>et</strong></span> <span class='ocrx_word' id='word_1_491' title='bbox 2183 654 2248 706; x_wconf 85' lang='lat' dir='ltr'><strong>ad</strong></span> <span class='ocrx_word' id='word_1_492' title='bbox 2282 654 2478 707; x_wconf 59' lang='lat' dir='ltr'><strong>animae</strong></span> <span class='ocrx_word' id='word_1_493' title='bbox 2508 652 2897 724; x_wconf 73' lang='lat' dir='ltr'><strong>agriculturam</strong></span> <span class='ocrx_word' id='word_1_494' title='bbox 2950 652 3280 708; x_wconf 85' lang='lat' dir='ltr'><strong>idoneorum</strong></span> <span class='ocrx_word' id='word_1_495' title='bbox 3323 650 3498 705; x_wconf 81' lang='lat' dir='ltr'><strong>horni-</strong></span> 
     </span>
    </p>
   </div>
   <div class='ocr_carea' id='block_1_65' title="bbox 1921 741 3495 809">
    <p class='ocr_par' dir='ltr' id='par_1_65' title="bbox 1921 741 3495 809">
     <span class='ocr_line' id='line_1_65' title="bbox 1921 741 3495 809; baseline -0.002 -13"><span class='ocrx_word' id='word_1_496' title='bbox 1921 760 2070 807; x_wconf 88' lang='lat' dir='ltr'><strong>num,</strong></span> <span class='ocrx_word' id='word_1_497' title='bbox 2124 742 2466 809; x_wconf 85' lang='lat' dir='ltr'><strong>aliorumque</strong></span> <span class='ocrx_word' id='word_1_498' title='bbox 2518 744 2763 796; x_wconf 89' lang='lat' dir='ltr'><strong>moribus</strong></span> <span class='ocrx_word' id='word_1_499' title='bbox 2816 741 3189 806; x_wconf 74' lang='lat' dir='ltr'><strong>eﬂ&#39;eratorum,</strong></span> <span class='ocrx_word' id='word_1_500' title='bbox 3247 755 3495 797; x_wconf 49' lang='lat' dir='ltr'><strong>commu‘</strong></span> 
     </span>
    </p>
   </div>
   <div class='ocr_carea' id='block_1_66' title="bbox 1918 831 3496 904">
    <p class='ocr_par' dir='ltr' id='par_1_66' title="bbox 1918 831 3496 904">
     <span class='ocr_line' id='line_1_66' title="bbox 1918 831 3496 904; baseline -0.002 -15"><span class='ocrx_word' id='word_1_501' title='bbox 1918 836 2132 889; x_wconf 89' lang='lat' dir='ltr'><strong>nionem</strong></span> <span class='ocrx_word' id='word_1_502' title='bbox 2167 833 2445 889; x_wconf 74' lang='lat' dir='ltr'><strong>describit.</strong></span> <span class='ocrx_word' id='word_1_503' title='bbox 2504 831 2584 889; x_wconf 87' lang='lat' dir='ltr'><strong>Tu</strong></span> <span class='ocrx_word' id='word_1_504' title='bbox 2638 848 2769 904; x_wconf 77' lang='lat' dir='ltr'><strong>ergo</strong></span> <span class='ocrx_word' id='word_1_505' title='bbox 2819 834 2907 903; x_wconf 92' lang='lat' dir='ltr'><strong>qui</strong></span> <span class='ocrx_word' id='word_1_506' title='bbox 2950 833 3170 888; x_wconf 87' lang='lat' dir='ltr'><strong>divitum</strong></span> <span class='ocrx_word' id='word_1_507' title='bbox 3203 842 3257 889; x_wconf 91' lang='lat' dir='ltr'><strong>et</strong></span> <span class='ocrx_word' id='word_1_508' title='bbox 3291 847 3496 903; x_wconf 45' lang='lat' dir='ltr'><strong>paupe.</strong></span> 
     </span>
    </p>
   </div>
   <div class='ocr_carea' id='block_1_67' title="bbox 1918 925 3492 997">
    <p class='ocr_par' dir='ltr' id='par_1_67' title="bbox 1918 925 3492 997">
     <span class='ocr_line' id='line_1_67' title="bbox 1918 925 3492 997; baseline 0 -15"><span class='ocrx_word' id='word_1_509' title='bbox 1918 942 2060 994; x_wconf 86' lang='lat' dir='ltr'><strong>rum,</strong></span> <span class='ocrx_word' id='word_1_510' title='bbox 2111 928 2480 997; x_wconf 88' lang='lat' dir='ltr'><strong>improborum</strong></span> <span class='ocrx_word' id='word_1_511' title='bbox 2532 936 2588 981; x_wconf 78' lang='lat' dir='ltr'><strong>et</strong></span> <span class='ocrx_word' id='word_1_512' title='bbox 2630 928 2896 980; x_wconf 85' lang='lat' dir='ltr'><strong>bonorum</strong></span> <span class='ocrx_word' id='word_1_513' title='bbox 2960 926 3099 993; x_wconf 78' lang='lat' dir='ltr'><strong>filios</strong></span> <span class='ocrx_word' id='word_1_514' title='bbox 3146 925 3198 982; x_wconf 93' lang='lat' dir='ltr'><strong>in</strong></span> <span class='ocrx_word' id='word_1_515' title='bbox 3252 928 3492 983; x_wconf 80' lang='lat' dir='ltr'><strong>Ecclesia</strong></span> 
     </span>
    </p>
   </div>
   <div class='ocr_carea' id='block_1_68' title="bbox 1919 1020 3491 1090">
    <p class='ocr_par' dir='ltr' id='par_1_68' title="bbox 1919 1020 3491 1090">
     <span class='ocr_line' id='line_1_68' title="bbox 1919 1020 3491 1090; baseline -0.002 -14"><span class='ocrx_word' id='word_1_516' title='bbox 1919 1023 2175 1076; x_wconf 84' lang='lat' dir='ltr'><strong>collectos</strong></span> <span class='ocrx_word' id='word_1_517' title='bbox 2227 1021 2394 1086; x_wconf 80' lang='lat' dir='ltr'><strong>vides,</strong></span> <span class='ocrx_word' id='word_1_518' title='bbox 2474 1020 2773 1090; x_wconf 63' lang='lat' dir='ltr'><strong>prophetiae</strong></span> <span class='ocrx_word' id='word_1_519' title='bbox 2828 1020 3197 1073; x_wconf 89' lang='lat' dir='ltr'><strong>testimonium</strong></span> <span class='ocrx_word' id='word_1_520' title='bbox 3259 1020 3491 1084; x_wconf 85' lang='lat' dir='ltr'><strong>reddes,</strong></span> 
     </span>
    </p>
   </div>
   <div class='ocr_carea' id='block_1_69' title="bbox 1918 1110 3493 1184">
    <p class='ocr_par' dir='ltr' id='par_1_69' title="bbox 1918 1110 3493 1184">
     <span class='ocr_line' id='line_1_69' title="bbox 1918 1110 3493 1184; baseline -0.003 -17"><span class='ocrx_word' id='word_1_521' title='bbox 1918 1130 2038 1184; x_wconf 76' lang='lat' dir='ltr'><strong>qua:</strong></span> <span class='ocrx_word' id='word_1_522' title='bbox 2067 1114 2164 1179; x_wconf 90' lang='lat' dir='ltr'><strong>ait,</strong></span> <span class='ocrx_word' id='word_1_523' title='bbox 2211 1133 2228 1165; x_wconf 77' lang='grc' dir='ltr'><strong>ι</strong></span> <span class='ocrx_word' id='word_1_524' title='bbox 2258 1113 2321 1167; x_wconf 85' lang='grc' dir='ltr'>Ει</span> <span class='ocrx_word' id='word_1_525' title='bbox 2345 1112 2503 1167; x_wconf 81' lang='lat' dir='ltr'><strong>simul</strong></span> <span class='ocrx_word' id='word_1_526' title='bbox 2542 1111 2707 1166; x_wconf 84' lang='lat' dir='ltr'><strong>catuli</strong></span> <span class='ocrx_word' id='word_1_527' title='bbox 2735 1127 2924 1165; x_wconf 86' lang='lat' dir='ltr'><strong>eorum</strong></span> <span class='ocrx_word' id='word_1_528' title='bbox 2955 1119 3134 1165; x_wconf 90' lang='lat' dir='ltr'><strong>erunt.</strong></span> <span class='ocrx_word' id='word_1_529' title='bbox 3181 1128 3199 1161; x_wconf 75' lang='grc' dir='ltr'><strong>ι</strong></span> <span class='ocrx_word' id='word_1_530' title='bbox 3229 1110 3339 1164; x_wconf 86' lang='lat' dir='ltr'><strong>Leo</strong></span> <span class='ocrx_word' id='word_1_531' title='bbox 3388 1110 3493 1164; x_wconf 49' lang='lat' dir='ltr'><strong>ita‘</strong></span> 
     </span>
    </p>
   </div>
   <div class='ocr_carea' id='block_1_70' title="bbox 1919 1199 3493 1276">
    <p class='ocr_par' dir='ltr' id='par_1_70' title="bbox 1919 1199 3493 1276">
     <span class='ocr_line' id='line_1_70' title="bbox 1919 1199 3493 1276; baseline -0.003 -15"><span class='ocrx_word' id='word_1_532' title='bbox 1919 1223 2024 1276; x_wconf 88' lang='lat' dir='ltr'><strong>que</strong></span> <span class='ocrx_word' id='word_1_533' title='bbox 2074 1217 2265 1260; x_wconf 87' lang='lat' dir='ltr'><strong>natura</strong></span> <span class='ocrx_word' id='word_1_534' title='bbox 2303 1206 2645 1267; x_wconf 81' lang='lat' dir='ltr'><strong>carnivorus,</strong></span> <span class='ocrx_word' id='word_1_535' title='bbox 2696 1205 2871 1257; x_wconf 88' lang='lat' dir='ltr'><strong>instar</strong></span> <span class='ocrx_word' id='word_1_536' title='bbox 2925 1199 3181 1257; x_wconf 81' lang='lat' dir='ltr'><strong>animalis</strong></span> <span class='ocrx_word' id='word_1_537' title='bbox 3222 1203 3493 1258; x_wconf 85' lang='lat' dir='ltr'><strong>berbivorl</strong></span> 
     </span>
    </p>
   </div>
   <div class='ocr_carea' id='block_1_71' title="bbox 1919 1289 3493 1369">
    <p class='ocr_par' dir='ltr' id='par_1_71' title="bbox 1919 1289 3493 1369">
     <span class='ocr_line' id='line_1_71' title="bbox 1919 1289 3493 1369; baseline -0.003 -16"><span class='ocrx_word' id='word_1_538' title='bbox 1919 1299 2068 1369; x_wconf 84' lang='lat' dir='ltr'><strong>palea</strong></span> <span class='ocrx_word' id='word_1_539' title='bbox 2115 1300 2375 1364; x_wconf 88' lang='lat' dir='ltr'><strong>nutritus,</strong></span> <span class='ocrx_word' id='word_1_540' title='bbox 2419 1299 2542 1368; x_wconf 85' lang='lat' dir='ltr'><strong>jure</strong></span> <span class='ocrx_word' id='word_1_541' title='bbox 2610 1296 2882 1350; x_wconf 81' lang='lat' dir='ltr'><strong>habeatur</strong></span> <span class='ocrx_word' id='word_1_542' title='bbox 2921 1311 3020 1365; x_wconf 88' lang='lat' dir='ltr'><strong>pro</strong></span> <span class='ocrx_word' id='word_1_543' title='bbox 3066 1295 3283 1349; x_wconf 81' lang='lat' dir='ltr'><strong>homine</strong></span> <span class='ocrx_word' id='word_1_544' title='bbox 3323 1289 3493 1349; x_wconf 83' lang='lat' dir='ltr'><strong>feroci</strong></span> 
     </span>
    </p>
   </div>
   <div class='ocr_carea' id='block_1_72' title="bbox 1918 1385 3492 1461">
    <p class='ocr_par' dir='ltr' id='par_1_72' title="bbox 1918 1385 3492 1461">
     <span class='ocr_line' id='line_1_72' title="bbox 1918 1385 3492 1461; baseline -0.004 -14"><span class='ocrx_word' id='word_1_545' title='bbox 1918 1410 1979 1448; x_wconf 87' lang='lat' dir='ltr'><strong>ac</strong></span> <span class='ocrx_word' id='word_1_546' title='bbox 2007 1394 2325 1456; x_wconf 83' lang='lat' dir='ltr'><strong>inhumano,</strong></span> <span class='ocrx_word' id='word_1_547' title='bbox 2362 1392 2450 1461; x_wconf 91' lang='lat' dir='ltr'><strong>qui</strong></span> <span class='ocrx_word' id='word_1_548' title='bbox 2488 1391 2645 1446; x_wconf 74' lang='lat' dir='ltr'><strong>nu&#39;dze</strong></span> <span class='ocrx_word' id='word_1_549' title='bbox 2696 1388 2893 1444; x_wconf 85' lang='lat' dir='ltr'><strong>divinae</strong></span> <span class='ocrx_word' id='word_1_550' title='bbox 2929 1389 3225 1458; x_wconf 68' lang='lat' dir='ltr'><strong>Scriptura:</strong></span> <span class='ocrx_word' id='word_1_551' title='bbox 3270 1385 3492 1444; x_wconf 90' lang='lat' dir='ltr'><strong>lectioni</strong></span> 
     </span>
    </p>
   </div>
   <div class='ocr_carea' id='block_1_73' title="bbox 1918 1479 3492 1556">
    <p class='ocr_par' dir='ltr' id='par_1_73' title="bbox 1918 1479 3492 1556">
     <span class='ocr_line' id='line_1_73' title="bbox 1918 1479 3492 1556; baseline -0.003 -19"><span class='ocrx_word' id='word_1_552' title='bbox 1918 1487 2167 1556; x_wconf 76' lang='lat' dir='ltr'><strong>gaudeat.</strong></span> <span class='ocrx_word' id='word_1_553' title='bbox 2222 1486 2290 1537; x_wconf 87' lang='lat' dir='ltr'><strong>At</strong></span> <span class='ocrx_word' id='word_1_554' title='bbox 2329 1484 2469 1538; x_wconf 86' lang='lat' dir='ltr'><strong>enim</strong></span> <span class='ocrx_word' id='word_1_555' title='bbox 2514 1496 2669 1537; x_wconf 86' lang='lat' dir='ltr'><strong>mens</strong></span> <span class='ocrx_word' id='word_1_556' title='bbox 2709 1482 2762 1537; x_wconf 93' lang='lat' dir='ltr'><strong>in</strong></span> <span class='ocrx_word' id='word_1_557' title='bbox 2815 1481 3028 1534; x_wconf 87' lang='lat' dir='ltr'><strong>occulto</strong></span> <span class='ocrx_word' id='word_1_558' title='bbox 3069 1479 3266 1546; x_wconf 88' lang='lat' dir='ltr'><strong>latens,</strong></span> <span class='ocrx_word' id='word_1_559' title='bbox 3314 1480 3492 1550; x_wconf 91' lang='lat' dir='ltr'><strong>ipsum</strong></span> 
     </span>
    </p>
   </div>
   <div class='ocr_carea' id='block_1_74' title="bbox 1921 1571 3495 1641">
    <p class='ocr_par' dir='ltr' id='par_1_74' title="bbox 1921 1571 3495 1641">
     <span class='ocr_line' id='line_1_74' title="bbox 1921 1571 3495 1641; baseline -0.006 -9"><span class='ocrx_word' id='word_1_560' title='bbox 1921 1576 2156 1632; x_wconf 78' lang='lat' dir='ltr'><strong>triticum</strong></span> <span class='ocrx_word' id='word_1_561' title='bbox 2189 1592 2251 1630; x_wconf 89' lang='lat' dir='ltr'><strong>ac</strong></span> <span class='ocrx_word' id='word_1_562' title='bbox 2265 1576 2490 1629; x_wconf 88' lang='lat' dir='ltr'><strong>verbum</strong></span> <span class='ocrx_word' id='word_1_563' title='bbox 2527 1575 2811 1627; x_wconf 85' lang='lat' dir='ltr'><strong>animabus</strong></span> <span class='ocrx_word' id='word_1_564' title='bbox 2829 1572 3036 1626; x_wconf 86' lang='lat' dir='ltr'><strong>alendis</strong></span> <span class='ocrx_word' id='word_1_565' title='bbox 3060 1583 3242 1641; x_wconf 88' lang='lat' dir='ltr'><strong>aptum</strong></span> <span class='ocrx_word' id='word_1_566' title='bbox 3266 1586 3282 1639; x_wconf 88' lang='lat'><strong>;</strong></span> <span class='ocrx_word' id='word_1_567' title='bbox 3311 1571 3495 1625; x_wconf 86' lang='lat' dir='ltr'><strong>littera</strong></span> 
     </span>
    </p>
   </div>
   <div class='ocr_carea' id='block_1_75' title="bbox 1920 1663 3499 1736">
    <p class='ocr_par' dir='ltr' id='par_1_75' title="bbox 1920 1663 3499 1736">
     <span class='ocr_line' id='line_1_75' title="bbox 1920 1663 3499 1736; baseline -0.003 -13"><span class='ocrx_word' id='word_1_568' title='bbox 1920 1687 2046 1727; x_wconf 72' lang='lat' dir='ltr'><strong>vero</strong></span> <span class='ocrx_word' id='word_1_569' title='bbox 2092 1681 2324 1726; x_wconf 88' lang='lat' dir='ltr'><strong>mentem</strong></span> <span class='ocrx_word' id='word_1_570' title='bbox 2375 1677 2431 1723; x_wconf 88' lang='lat' dir='ltr'><strong>et</strong></span> <span class='ocrx_word' id='word_1_571' title='bbox 2483 1680 2703 1723; x_wconf 82' lang='lat' dir='ltr'><strong>sensum</strong></span> <span class='ocrx_word' id='word_1_572' title='bbox 2771 1666 3160 1736; x_wconf 86' lang='lat' dir='ltr'><strong>complectens,</strong></span> <span class='ocrx_word' id='word_1_573' title='bbox 3211 1665 3365 1736; x_wconf 87' lang='lat' dir='ltr'><strong>palea</strong></span> <span class='ocrx_word' id='word_1_574' title='bbox 3414 1663 3499 1718; x_wconf 49' lang='lat' dir='ltr'><strong>fu‘</strong></span> 
     </span>
    </p>
   </div>
   <div class='ocr_carea' id='block_1_76' title="bbox 1917 1766 2044 1822">
    <p class='ocr_par' dir='ltr' id='par_1_76' title="bbox 1917 1766 2044 1822">
     <span class='ocr_line' id='line_1_76' title="bbox 1917 1766 2044 1822; baseline 0.008 -1"><span class='ocrx_word' id='word_1_575' title='bbox 1917 1766 2044 1822; x_wconf 83' lang='lat' dir='ltr'><strong>erit.</strong></span> 
     </span>
    </p>
   </div>
   <div class='ocr_carea' id='block_1_77' title="bbox 1849 1908 3492 2014">
    <p class='ocr_par' dir='ltr' id='par_1_77' title="bbox 1849 1908 3492 2014">
     <span class='ocr_line' id='line_1_77' title="bbox 1849 1908 3492 2014; baseline -0.002 -15"><span class='ocrx_word' id='word_1_576' title='bbox 1849 1908 1893 1967; x_wconf 70' lang='grc' dir='ltr'><strong>Β</strong></span> <span class='ocrx_word' id='word_1_577' title='bbox 1992 1940 2157 2002; x_wconf 70' lang='lat' dir='ltr'><strong>Vens.</strong></span> <span class='ocrx_word' id='word_1_578' title='bbox 2199 1944 2252 1999; x_wconf 91' lang='lat'><strong>8.</strong></span> <span class='ocrx_word' id='word_1_579' title='bbox 2288 1963 2306 1995; x_wconf 76' lang='grc' dir='ltr'><strong>ι</strong></span> <span class='ocrx_word' id='word_1_580' title='bbox 2338 1940 2403 1999; x_wconf 85' lang='grc' dir='ltr'><strong>Ει</strong></span> <span class='ocrx_word' id='word_1_581' title='bbox 2429 1958 2561 2014; x_wconf 90' lang='lat' dir='ltr'><strong>puer</strong></span> <span class='ocrx_word' id='word_1_582' title='bbox 2601 1942 2780 1997; x_wconf 84' lang='lat' dir='ltr'><strong>infans</strong></span> <span class='ocrx_word' id='word_1_583' title='bbox 2811 1943 2864 1997; x_wconf 94' lang='lat' dir='ltr'><strong>in</strong></span> <span class='ocrx_word' id='word_1_584' title='bbox 2902 1938 3168 1997; x_wconf 87' lang='lat' dir='ltr'><strong>foramina</strong></span> <span class='ocrx_word' id='word_1_585' title='bbox 3221 1940 3492 2013; x_wconf 79' lang='lat' dir='ltr'><strong>aSpidum,</strong></span> 
     </span>
    </p>
   </div>
   <div class='ocr_carea' id='block_1_78' title="bbox 1922 2032 3488 2101">
    <p class='ocr_par' dir='ltr' id='par_1_78' title="bbox 1922 2032 3488 2101">
     <span class='ocr_line' id='line_1_78' title="bbox 1922 2032 3488 2101; baseline -0.001 -13"><span class='ocrx_word' id='word_1_586' title='bbox 1922 2036 2057 2089; x_wconf 90' lang='lat' dir='ltr'><strong>etin</strong></span> <span class='ocrx_word' id='word_1_587' title='bbox 2100 2034 2297 2089; x_wconf 78' lang='lat' dir='ltr'><strong>cubilia</strong></span> <span class='ocrx_word' id='word_1_588' title='bbox 2348 2034 2582 2088; x_wconf 80' lang='lat' dir='ltr'><strong>ﬁliorum</strong></span> <span class='ocrx_word' id='word_1_589' title='bbox 2641 2033 2888 2101; x_wconf 83' lang='lat' dir='ltr'><strong>aspidum</strong></span> <span class='ocrx_word' id='word_1_590' title='bbox 2947 2048 3161 2087; x_wconf 74' lang='lat' dir='ltr'><strong>multum</strong></span> <span class='ocrx_word' id='word_1_591' title='bbox 3202 2032 3430 2101; x_wconf 86' lang='lat' dir='ltr'><strong>injiciet.</strong></span> <span class='ocrx_word' id='word_1_592' title='bbox 3468 2047 3488 2086; x_wconf 73' lang='grc' dir='ltr'><strong>ι</strong></span> 
     </span>
    </p>
   </div>
   <div class='ocr_carea' id='block_1_79' title="bbox 1921 2124 3496 2197">
    <p class='ocr_par' dir='ltr' id='par_1_79' title="bbox 1921 2124 3496 2197">
     <span class='ocr_line' id='line_1_79' title="bbox 1921 2124 3496 2197; baseline -0.001 -15"><span class='ocrx_word' id='word_1_593' title='bbox 1921 2124 2212 2182; x_wconf 87' lang='lat' dir='ltr'><strong>Foramina</strong></span> <span class='ocrx_word' id='word_1_594' title='bbox 2248 2135 2303 2181; x_wconf 89' lang='lat' dir='ltr'><strong>et</strong></span> <span class='ocrx_word' id='word_1_595' title='bbox 2343 2127 2541 2181; x_wconf 84' lang='lat' dir='ltr'><strong>cubilia</strong></span> <span class='ocrx_word' id='word_1_596' title='bbox 2576 2128 2825 2197; x_wconf 89' lang='lat' dir='ltr'><strong>aspidum</strong></span> <span class='ocrx_word' id='word_1_597' title='bbox 2859 2142 2923 2181; x_wconf 83' lang='lat' dir='ltr'><strong>ac</strong></span> <span class='ocrx_word' id='word_1_598' title='bbox 2958 2128 3241 2197; x_wconf 79' lang='lat' dir='ltr'><strong>progenies</strong></span> <span class='ocrx_word' id='word_1_599' title='bbox 3280 2139 3496 2187; x_wconf 89' lang='lat' dir='ltr'><strong>eorum.</strong></span> 
     </span>
    </p>
   </div>
   <div class='ocr_carea' id='block_1_80' title="bbox 1923 2217 3497 2288">
    <p class='ocr_par' dir='ltr' id='par_1_80' title="bbox 1923 2217 3497 2288">
     <span class='ocr_line' id='line_1_80' title="bbox 1923 2217 3497 2288; baseline 0 -16"><span class='ocrx_word' id='word_1_600' title='bbox 1923 2217 2157 2273; x_wconf 86' lang='lat' dir='ltr'><strong>fortasse</strong></span> <span class='ocrx_word' id='word_1_601' title='bbox 2198 2232 2431 2288; x_wconf 89' lang='lat' dir='ltr'><strong>corpora</strong></span> <span class='ocrx_word' id='word_1_602' title='bbox 2483 2217 2688 2272; x_wconf 79' lang='lat' dir='ltr'><strong>fuerint</strong></span> <span class='ocrx_word' id='word_1_603' title='bbox 2730 2233 2917 2273; x_wconf 85' lang='lat' dir='ltr'><strong>eorum</strong></span> <span class='ocrx_word' id='word_1_604' title='bbox 2953 2218 3042 2286; x_wconf 91' lang='lat' dir='ltr'><strong>qui</strong></span> <span class='ocrx_word' id='word_1_605' title='bbox 3085 2234 3114 2272; x_wconf 91' lang='lat' dir='ltr'><strong>a</strong></span> <span class='ocrx_word' id='word_1_606' title='bbox 3158 2218 3497 2272; x_wconf 66' lang='lat' dir='ltr'><strong>daemonibus</strong></span> 
     </span>
    </p>
   </div>
   <div class='ocr_carea' id='block_1_81' title="bbox 1924 2306 3496 2380">
    <p class='ocr_par' dir='ltr' id='par_1_81' title="bbox 1924 2306 3496 2380">
     <span class='ocr_line' id='line_1_81' title="bbox 1924 2306 3496 2380; baseline -0.001 -15"><span class='ocrx_word' id='word_1_607' title='bbox 1924 2312 2225 2379; x_wconf 80' lang='lat' dir='ltr'><strong>agitantur,</strong></span> <span class='ocrx_word' id='word_1_608' title='bbox 2260 2311 2348 2365; x_wconf 92' lang='lat' dir='ltr'><strong>ubi</strong></span> <span class='ocrx_word' id='word_1_609' title='bbox 2382 2326 2480 2366; x_wconf 90' lang='lat' dir='ltr'><strong>ceu</strong></span> <span class='ocrx_word' id='word_1_610' title='bbox 2513 2312 2566 2365; x_wconf 92' lang='lat' dir='ltr'><strong>in</strong></span> <span class='ocrx_word' id='word_1_611' title='bbox 2600 2310 2837 2365; x_wconf 79' lang='lat' dir='ltr'><strong>latibulis</strong></span> <span class='ocrx_word' id='word_1_612' title='bbox 2870 2320 2921 2365; x_wconf 90' lang='lat' dir='ltr'><strong>et</strong></span> <span class='ocrx_word' id='word_1_613' title='bbox 2964 2309 3134 2364; x_wconf 81' lang='lat' dir='ltr'><strong>foveis</strong></span> <span class='ocrx_word' id='word_1_614' title='bbox 3168 2309 3391 2380; x_wconf 88' lang='lat' dir='ltr'><strong>reptiles</strong></span> <span class='ocrx_word' id='word_1_615' title='bbox 3418 2306 3496 2364; x_wconf 86' lang='lat' dir='ltr'><strong>illl</strong></span> 
     </span>
    </p>
   </div>
   <div class='ocr_carea' id='block_1_82' title="bbox 1921 2403 3499 2473">
    <p class='ocr_par' dir='ltr' id='par_1_82' title="bbox 1921 2403 3499 2473">
     <span class='ocr_line' id='line_1_82' title="bbox 1921 2403 3499 2473; baseline -0.003 -14"><span class='ocrx_word' id='word_1_616' title='bbox 1921 2414 1977 2459; x_wconf 87' lang='lat' dir='ltr'><strong>et</strong></span> <span class='ocrx_word' id='word_1_617' title='bbox 2010 2403 2260 2458; x_wconf 74' lang='lat' dir='ltr'><strong>venenati</strong></span> <span class='ocrx_word' id='word_1_618' title='bbox 2292 2404 2515 2473; x_wconf 87' lang='lat' dir='ltr'><strong>spiritus</strong></span> <span class='ocrx_word' id='word_1_619' title='bbox 2544 2403 2767 2466; x_wconf 90' lang='lat' dir='ltr'><strong>cubant,</strong></span> <span class='ocrx_word' id='word_1_620' title='bbox 2799 2403 3080 2471; x_wconf 87' lang='lat' dir='ltr'><strong>corporeis</strong></span> <span class='ocrx_word' id='word_1_621' title='bbox 3119 2403 3373 2455; x_wconf 85' lang='lat' dir='ltr'><strong>sensibus</strong></span> <span class='ocrx_word' id='word_1_622' title='bbox 3400 2412 3499 2455; x_wconf 88' lang='lat' dir='ltr'><strong>ceu</strong></span> 
     </span>
    </p>
   </div>
   <div class='ocr_carea' id='block_1_83' title="bbox 1922 2492 3504 2564">
    <p class='ocr_par' dir='ltr' id='par_1_83' title="bbox 1922 2492 3504 2564">
     <span class='ocr_line' id='line_1_83' title="bbox 1922 2492 3504 2564; baseline 0 -15"><span class='ocrx_word' id='word_1_623' title='bbox 1922 2495 2281 2550; x_wconf 81' lang='lat' dir='ltr'><strong>foraminibus</strong></span> <span class='ocrx_word' id='word_1_624' title='bbox 2311 2504 2542 2550; x_wconf 85' lang='lat' dir='ltr'><strong>utentes.</strong></span> <span class='ocrx_word' id='word_1_625' title='bbox 2602 2492 2710 2549; x_wconf 88' lang='lat' dir='ltr'><strong>Hos</strong></span> <span class='ocrx_word' id='word_1_626' title='bbox 2758 2509 2923 2563; x_wconf 91' lang='lat' dir='ltr'><strong>porro</strong></span> <span class='ocrx_word' id='word_1_627' title='bbox 2974 2509 3106 2564; x_wconf 87' lang='lat' dir='ltr'><strong>puer</strong></span> <span class='ocrx_word' id='word_1_628' title='bbox 3156 2494 3382 2557; x_wconf 81' lang='lat' dir='ltr'><strong>Christi,</strong></span> <span class='ocrx_word' id='word_1_629' title='bbox 3419 2495 3504 2549; x_wconf 77' lang='lat' dir='ltr'><strong>vir</strong></span> 
     </span>
    </p>
   </div>
   <div class='ocr_carea' id='block_1_84' title="bbox 1921 2588 3503 2662">
    <p class='ocr_par' dir='ltr' id='par_1_84' title="bbox 1921 2588 3503 2662">
     <span class='ocr_line' id='line_1_84' title="bbox 1921 2588 3503 2662; baseline 0.001 -19"><span class='ocrx_word' id='word_1_630' title='bbox 1921 2592 2099 2661; x_wconf 83' lang='lat' dir='ltr'><strong>quivis</strong></span> <span class='ocrx_word' id='word_1_631' title='bbox 2127 2591 2353 2662; x_wconf 82' lang='lat' dir='ltr'><strong>simplex</strong></span> <span class='ocrx_word' id='word_1_632' title='bbox 2386 2602 2441 2646; x_wconf 88' lang='lat' dir='ltr'><strong>et</strong></span> <span class='ocrx_word' id='word_1_633' title='bbox 2471 2590 2678 2644; x_wconf 83' lang='lat' dir='ltr'><strong>malitia</strong></span> <span class='ocrx_word' id='word_1_634' title='bbox 2710 2590 2917 2654; x_wconf 87' lang='lat' dir='ltr'><strong>infans,</strong></span> <span class='ocrx_word' id='word_1_635' title='bbox 2953 2590 3256 2644; x_wconf 82' lang='lat' dir='ltr'><strong>Salvatoris</strong></span> <span class='ocrx_word' id='word_1_636' title='bbox 3301 2588 3503 2645; x_wconf 85' lang='lat' dir='ltr'><strong>virtute</strong></span> 
     </span>
    </p>
   </div>
   <div class='ocr_carea' id='block_1_85' title="bbox 1925 2682 3496 2751">
    <p class='ocr_par' dir='ltr' id='par_1_85' title="bbox 1925 2682 3496 2751">
     <span class='ocr_line' id='line_1_85' title="bbox 1925 2682 3496 2751; baseline 0 -14"><span class='ocrx_word' id='word_1_637' title='bbox 1925 2683 2216 2751; x_wconf 86' lang='lat' dir='ltr'><strong>depellens,</strong></span> <span class='ocrx_word' id='word_1_638' title='bbox 2256 2698 2473 2737; x_wconf 84' lang='lat' dir='ltr'><strong>manum</strong></span> <span class='ocrx_word' id='word_1_639' title='bbox 2508 2684 2659 2737; x_wconf 84' lang='lat' dir='ltr'><strong>su&#39;am</strong></span> <span class='ocrx_word' id='word_1_640' title='bbox 2707 2683 2773 2738; x_wconf 87' lang='lat' dir='ltr'><strong>iis</strong></span> <span class='ocrx_word' id='word_1_641' title='bbox 2818 2682 3014 2750; x_wconf 84' lang='lat' dir='ltr'><strong>injicit,</strong></span> <span class='ocrx_word' id='word_1_642' title='bbox 3068 2683 3202 2737; x_wconf 88' lang='lat' dir='ltr'><strong>nihil</strong></span> <span class='ocrx_word' id='word_1_643' title='bbox 3242 2683 3369 2737; x_wconf 91' lang='lat' dir='ltr'><strong>mali</strong></span> <span class='ocrx_word' id='word_1_644' title='bbox 3409 2684 3496 2737; x_wconf 74' lang='lat' dir='ltr'><strong>iu-</strong></span> 
     </span>
    </p>
   </div>
   <div class='ocr_carea' id='block_1_86' title="bbox 1923 2773 3495 2845">
    <p class='ocr_par' dir='ltr' id='par_1_86' title="bbox 1923 2773 3495 2845">
     <span class='ocr_line' id='line_1_86' title="bbox 1923 2773 3495 2845; baseline 0.001 -16"><span class='ocrx_word' id='word_1_645' title='bbox 1923 2774 2067 2830; x_wconf 87' lang='lat' dir='ltr'><strong>ferre</strong></span> <span class='ocrx_word' id='word_1_646' title='bbox 2095 2776 2422 2837; x_wconf 87' lang='lat' dir='ltr'><strong>valentibus,</strong></span> <span class='ocrx_word' id='word_1_647' title='bbox 2450 2784 2671 2845; x_wconf 71' lang='lat' dir='ltr'><strong>promer</strong></span> <span class='ocrx_word' id='word_1_648' title='bbox 2711 2790 2831 2829; x_wconf 90' lang='lat' dir='ltr'><strong>eum</strong></span> <span class='ocrx_word' id='word_1_649' title='bbox 2856 2776 2946 2845; x_wconf 91' lang='lat' dir='ltr'><strong>qui</strong></span> <span class='ocrx_word' id='word_1_650' title='bbox 2994 2790 3055 2831; x_wconf 81' lang='lat' dir='ltr'><strong>ex</strong></span> <span class='ocrx_word' id='word_1_651' title='bbox 3102 2775 3284 2830; x_wconf 88' lang='lat' dir='ltr'><strong>radice</strong></span> <span class='ocrx_word' id='word_1_652' title='bbox 3325 2773 3495 2832; x_wconf 71' lang='lat' dir='ltr'><strong>Jesstn</strong></span> 
     </span>
    </p>
   </div>
   <div class='ocr_carea' id='block_1_87' title="bbox 1920 2866 3491 2939">
    <p class='ocr_par' dir='ltr' id='par_1_87' title="bbox 1920 2866 3491 2939">
     <span class='ocr_line' id='line_1_87' title="bbox 1920 2866 3491 2939; baseline 0.001 -19"><span class='ocrx_word' id='word_1_653' title='bbox 1920 2868 2141 2939; x_wconf 87' lang='lat' dir='ltr'><strong>prodiit,</strong></span> <span class='ocrx_word' id='word_1_654' title='bbox 2200 2868 2292 2938; x_wconf 87' lang='lat' dir='ltr'><strong>qui</strong></span> <span class='ocrx_word' id='word_1_655' title='bbox 2338 2877 2659 2936; x_wconf 87' lang='lat' dir='ltr'><strong>potestatem</strong></span> <span class='ocrx_word' id='word_1_656' title='bbox 2714 2868 2839 2923; x_wconf 81' lang='lat' dir='ltr'><strong>filiis</strong></span> <span class='ocrx_word' id='word_1_657' title='bbox 2873 2870 2983 2923; x_wconf 89' lang='lat' dir='ltr'><strong>suis</strong></span> <span class='ocrx_word' id='word_1_658' title='bbox 3051 2867 3201 2922; x_wconf 88' lang='lat' dir='ltr'><strong>dedit</strong></span> <span class='ocrx_word' id='word_1_659' title='bbox 3247 2866 3491 2922; x_wconf 77' lang='lat' dir='ltr'><strong>calcantli</strong></span> 
     </span>
    </p>
   </div>
   <div class='ocr_carea' id='block_1_88' title="bbox 1918 2964 3491 3033">
    <p class='ocr_par' dir='ltr' id='par_1_88' title="bbox 1918 2964 3491 3033">
     <span class='ocr_line' id='line_1_88' title="bbox 1918 2964 3491 3033; baseline -0.001 -18"><span class='ocrx_word' id='word_1_660' title='bbox 1918 2976 2089 3031; x_wconf 78' lang='lat' dir='ltr'><strong>supra</strong></span> <span class='ocrx_word' id='word_1_661' title='bbox 2128 2972 2409 3031; x_wconf 86' lang='lat' dir='ltr'><strong>serpentes</strong></span> <span class='ocrx_word' id='word_1_662' title='bbox 2458 2972 2512 3017; x_wconf 86' lang='lat' dir='ltr'><strong>et</strong></span> <span class='ocrx_word' id='word_1_663' title='bbox 2571 2964 2916 3033; x_wconf 84' lang='lat' dir='ltr'><strong>scorpiones,</strong></span> <span class='ocrx_word' id='word_1_664' title='bbox 2958 2970 3014 3015; x_wconf 88' lang='lat' dir='ltr'><strong>et</strong></span> <span class='ocrx_word' id='word_1_665' title='bbox 3056 2976 3217 3032; x_wconf 86' lang='lat' dir='ltr'><strong>supra</strong></span> <span class='ocrx_word' id='word_1_666' title='bbox 3272 2975 3491 3015; x_wconf 87' lang='lat' dir='ltr'><strong>omnem</strong></span> 
     </span>
    </p>
   </div>
   <div class='ocr_carea' id='block_1_89' title="bbox 1916 3049 2433 3103">
    <p class='ocr_par' dir='ltr' id='par_1_89' title="bbox 1916 3049 2433 3103">
     <span class='ocr_line' id='line_1_89' title="bbox 1916 3049 2433 3103; baseline 0 0"><span class='ocrx_word' id='word_1_667' title='bbox 1916 3050 2172 3103; x_wconf 76' lang='lat' dir='ltr'><strong>virtutem</strong></span> <span class='ocrx_word' id='word_1_668' title='bbox 2209 3049 2433 3103; x_wconf 86' lang='lat' dir='ltr'><strong>inimici.</strong></span> 
     </span>
    </p>
   </div>
   <div class='ocr_carea' id='block_1_90' title="bbox 1988 3139 3489 3211">
    <p class='ocr_par' dir='ltr' id='par_1_90' title="bbox 1988 3139 3489 3211">
     <span class='ocr_line' id='line_1_90' title="bbox 1988 3139 3489 3211; baseline 0.001 -17"><span class='ocrx_word' id='word_1_669' title='bbox 1988 3139 2152 3195; x_wconf 73' lang='lat' dir='ltr'><strong>Vens.</strong></span> <span class='ocrx_word' id='word_1_670' title='bbox 2181 3140 2234 3196; x_wconf 93' lang='lat'><strong>9.</strong></span> <span class='ocrx_word' id='word_1_671' title='bbox 2297 3141 2409 3195; x_wconf 67' lang='lat' dir='ltr'><strong>«Et</strong></span> <span class='ocrx_word' id='word_1_672' title='bbox 2437 3155 2541 3195; x_wconf 90' lang='lat' dir='ltr'><strong>non</strong></span> <span class='ocrx_word' id='word_1_673' title='bbox 2591 3141 2883 3206; x_wconf 86' lang='lat' dir='ltr'><strong>nocebunt,</strong></span> <span class='ocrx_word' id='word_1_674' title='bbox 2936 3156 3036 3197; x_wconf 87' lang='lat' dir='ltr'><strong>nec</strong></span> <span class='ocrx_word' id='word_1_675' title='bbox 3084 3149 3338 3211; x_wconf 87' lang='lat' dir='ltr'><strong>poterunt</strong></span> <span class='ocrx_word' id='word_1_676' title='bbox 3366 3156 3489 3210; x_wconf 88' lang='lat' dir='ltr'><strong>per-</strong></span> 
     </span>
    </p>
   </div>
   <div class='ocr_carea' id='block_1_91' title="bbox 1918 3232 3495 3301">
    <p class='ocr_par' dir='ltr' id='par_1_91' title="bbox 1918 3232 3495 3301">
     <span class='ocr_line' id='line_1_91' title="bbox 1918 3232 3495 3301; baseline -0.001 -15"><span class='ocrx_word' id='word_1_677' title='bbox 1918 3234 2048 3287; x_wconf 87' lang='lat' dir='ltr'><strong>dere</strong></span> <span class='ocrx_word' id='word_1_678' title='bbox 2085 3247 2412 3301; x_wconf 86' lang='lat' dir='ltr'><strong>quemquam</strong></span> <span class='ocrx_word' id='word_1_679' title='bbox 2471 3233 2524 3287; x_wconf 90' lang='lat' dir='ltr'><strong>in</strong></span> <span class='ocrx_word' id='word_1_680' title='bbox 2574 3243 2762 3288; x_wconf 89' lang='lat' dir='ltr'><strong>monte</strong></span> <span class='ocrx_word' id='word_1_681' title='bbox 2814 3243 3006 3289; x_wconf 83' lang='lat' dir='ltr'><strong>sancto</strong></span> <span class='ocrx_word' id='word_1_682' title='bbox 3065 3243 3177 3287; x_wconf 90' lang='lat' dir='ltr'><strong>tuo.</strong></span> <span class='ocrx_word' id='word_1_683' title='bbox 3215 3251 3234 3285; x_wconf 74' lang='grc' dir='ltr'><strong>ι</strong></span> <span class='ocrx_word' id='word_1_684' title='bbox 3284 3232 3381 3288; x_wconf 90' lang='lat' dir='ltr'><strong>Hic</strong></span> <span class='ocrx_word' id='word_1_685' title='bbox 3410 3240 3495 3286; x_wconf 82' lang='lat' dir='ltr'><strong>est</strong></span> 
     </span>
    </p>
   </div>
   <div class='ocr_carea' id='block_1_92' title="bbox 1922 3323 3493 3396">
    <p class='ocr_par' dir='ltr' id='par_1_92' title="bbox 1922 3323 3493 3396">
     <span class='ocr_line' id='line_1_92' title="bbox 1922 3323 3493 3396; baseline 0.001 -19"><span class='ocrx_word' id='word_1_686' title='bbox 1922 3341 2076 3379; x_wconf 82' lang='lat' dir='ltr'><strong>mons</strong></span> <span class='ocrx_word' id='word_1_687' title='bbox 2121 3325 2209 3379; x_wconf 89' lang='lat' dir='ltr'><strong>ille</strong></span> <span class='ocrx_word' id='word_1_688' title='bbox 2250 3327 2501 3395; x_wconf 89' lang='lat' dir='ltr'><strong>superius</strong></span> <span class='ocrx_word' id='word_1_689' title='bbox 2561 3336 2913 3390; x_wconf 87' lang='lat' dir='ltr'><strong>memoratus,</strong></span> <span class='ocrx_word' id='word_1_690' title='bbox 2968 3339 3071 3379; x_wconf 92' lang='lat' dir='ltr'><strong>nec</strong></span> <span class='ocrx_word' id='word_1_691' title='bbox 3129 3323 3289 3390; x_wconf 88' lang='lat' dir='ltr'><strong>alius,</strong></span> <span class='ocrx_word' id='word_1_692' title='bbox 3330 3340 3493 3396; x_wconf 86' lang='lat' dir='ltr'><strong>quam</strong></span> 
     </span>
    </p>
   </div>
   <div class='ocr_carea' id='block_1_93' title="bbox 1918 3414 3492 3486">
    <p class='ocr_par' dir='ltr' id='par_1_93' title="bbox 1918 3414 3492 3486">
     <span class='ocr_line' id='line_1_93' title="bbox 1918 3414 3492 3486; baseline 0.001 -19"><span class='ocrx_word' id='word_1_693' title='bbox 1918 3414 2139 3469; x_wconf 69' lang='lat' dir='ltr'><strong>caeleste</strong></span> <span class='ocrx_word' id='word_1_694' title='bbox 2166 3425 2220 3469; x_wconf 88' lang='lat' dir='ltr'><strong>et</strong></span> <span class='ocrx_word' id='word_1_695' title='bbox 2252 3417 2623 3486; x_wconf 81' lang='lat' dir='ltr'><strong>evangelicum</strong></span> <span class='ocrx_word' id='word_1_696' title='bbox 2653 3416 2901 3482; x_wconf 80' lang='lat' dir='ltr'><strong>verbum,</strong></span> <span class='ocrx_word' id='word_1_697' title='bbox 2931 3416 2985 3470; x_wconf 92' lang='lat' dir='ltr'><strong>in</strong></span> <span class='ocrx_word' id='word_1_698' title='bbox 3015 3430 3122 3485; x_wconf 94' lang='lat' dir='ltr'><strong>quo</strong></span> <span class='ocrx_word' id='word_1_699' title='bbox 3162 3418 3357 3471; x_wconf 92' lang='lat' dir='ltr'><strong>domus</strong></span> <span class='ocrx_word' id='word_1_700' title='bbox 3398 3415 3492 3470; x_wconf 89' lang='lat' dir='ltr'><strong>Dei</strong></span> 
     </span>
    </p>
   </div>
   <div class='ocr_carea' id='block_1_94' title="bbox 1916 3506 3499 3580">
    <p class='ocr_par' dir='ltr' id='par_1_94' title="bbox 1916 3506 3499 3580">
     <span class='ocr_line' id='line_1_94' title="bbox 1916 3506 3499 3580; baseline 0 -18"><span class='ocrx_word' id='word_1_701' title='bbox 1916 3517 1971 3562; x_wconf 87' lang='lat' dir='ltr'><strong>et</strong></span> <span class='ocrx_word' id='word_1_702' title='bbox 2009 3507 2247 3561; x_wconf 81' lang='lat' dir='ltr'><strong>Ecclesia</strong></span> <span class='ocrx_word' id='word_1_703' title='bbox 2279 3506 2395 3575; x_wconf 87' lang='lat' dir='ltr'><strong>ejus</strong></span> <span class='ocrx_word' id='word_1_704' title='bbox 2427 3508 2694 3561; x_wconf 75' lang='lat' dir='ltr'><strong>:cdilicata</strong></span> <span class='ocrx_word' id='word_1_705' title='bbox 2738 3516 2842 3561; x_wconf 84' lang='lat' dir='ltr'><strong>est.</strong></span> <span class='ocrx_word' id='word_1_706' title='bbox 2899 3507 2976 3563; x_wconf 83' lang='lat' dir='ltr'><strong>Ne</strong></span> <span class='ocrx_word' id='word_1_707' title='bbox 3021 3508 3146 3579; x_wconf 90' lang='lat' dir='ltr'><strong>quis</strong></span> <span class='ocrx_word' id='word_1_708' title='bbox 3188 3508 3357 3580; x_wconf 81' lang='lat' dir='ltr'><strong>igitur</strong></span> <span class='ocrx_word' id='word_1_709' title='bbox 3410 3509 3499 3563; x_wconf 92' lang='lat' dir='ltr'><strong>bic</strong></span> 
     </span>
    </p>
   </div>
   <div class='ocr_carea' id='block_1_95' title="bbox 1918 3598 3498 3671">
    <p class='ocr_par' dir='ltr' id='par_1_95' title="bbox 1918 3598 3498 3671">
     <span class='ocr_line' id='line_1_95' title="bbox 1918 3598 3498 3671; baseline 0 -20"><span class='ocrx_word' id='word_1_710' title='bbox 1918 3610 2278 3651; x_wconf 90' lang='lat' dir='ltr'><strong>memoratum</strong></span> <span class='ocrx_word' id='word_1_711' title='bbox 2310 3606 2569 3663; x_wconf 90' lang='lat' dir='ltr'><strong>montem,</strong></span> <span class='ocrx_word' id='word_1_712' title='bbox 2596 3598 2744 3651; x_wconf 91' lang='lat' dir='ltr'><strong>illum</strong></span> <span class='ocrx_word' id='word_1_713' title='bbox 2781 3600 3011 3653; x_wconf 69' lang='lat' dir='ltr'><strong>aestimet</strong></span> <span class='ocrx_word' id='word_1_714' title='bbox 3035 3614 3177 3665; x_wconf 87' lang='lat' dir='ltr'><strong>esse,</strong></span> <span class='ocrx_word' id='word_1_715' title='bbox 3219 3616 3379 3671; x_wconf 90' lang='lat' dir='ltr'><strong>quem</strong></span> <span class='ocrx_word' id='word_1_716' title='bbox 3402 3599 3498 3654; x_wconf 74' lang='lat' dir='ltr'><strong>Ju-</strong></span> 
     </span>
    </p>
   </div>
   <div class='ocr_carea' id='block_1_96' title="bbox 1918 3688 3499 3759">
    <p class='ocr_par' dir='ltr' id='par_1_96' title="bbox 1918 3688 3499 3759">
     <span class='ocr_line' id='line_1_96' title="bbox 1918 3688 3499 3759; baseline 0.002 -16"><span class='ocrx_word' id='word_1_717' title='bbox 1918 3690 2019 3743; x_wconf 73' lang='lat' dir='ltr'><strong>dzei</strong></span> <span class='ocrx_word' id='word_1_718' title='bbox 2071 3691 2386 3759; x_wconf 86' lang='lat' dir='ltr'><strong>opinantur,</strong></span> <span class='ocrx_word' id='word_1_719' title='bbox 2438 3691 2487 3742; x_wconf 89' lang='lat' dir='ltr'><strong>iu</strong></span> <span class='ocrx_word' id='word_1_720' title='bbox 2550 3688 2747 3758; x_wconf 85' lang='lat' dir='ltr'><strong>angulo</strong></span> <span class='ocrx_word' id='word_1_721' title='bbox 2790 3688 3089 3745; x_wconf 78' lang='lat' dir='ltr'><strong>Palzestinte</strong></span> <span class='ocrx_word' id='word_1_722' title='bbox 3135 3692 3324 3756; x_wconf 89' lang='lat' dir='ltr'><strong>situm,</strong></span> <span class='ocrx_word' id='word_1_723' title='bbox 3369 3692 3499 3746; x_wconf 88' lang='lat' dir='ltr'><strong>dictl</strong></span> 
     </span>
    </p>
   </div>
   <div class='ocr_carea' id='block_1_97' title="bbox 1918 3779 3497 3852">
    <p class='ocr_par' dir='ltr' id='par_1_97' title="bbox 1918 3779 3497 3852">
     <span class='ocr_line' id='line_1_97' title="bbox 1918 3779 3497 3852; baseline 0.001 -17"><span class='ocrx_word' id='word_1_724' title='bbox 1918 3790 2151 3836; x_wconf 87' lang='lat' dir='ltr'><strong>ntenlem</strong></span> <span class='ocrx_word' id='word_1_725' title='bbox 2182 3782 2416 3850; x_wconf 82' lang='lat' dir='ltr'><strong>explicat</strong></span> <span class='ocrx_word' id='word_1_726' title='bbox 2476 3796 2540 3835; x_wconf 91' lang='lat' dir='ltr'><strong>ac</strong></span> <span class='ocrx_word' id='word_1_727' title='bbox 2596 3779 2896 3851; x_wconf 86' lang='lat' dir='ltr'><strong>subjungit,</strong></span> <span class='ocrx_word' id='word_1_728' title='bbox 2945 3801 2962 3833; x_wconf 78' lang='grc' dir='ltr'><strong>ι</strong></span> <span class='ocrx_word' id='word_1_729' title='bbox 2995 3781 3134 3849; x_wconf 84' lang='lat' dir='ltr'><strong>Quia</strong></span> <span class='ocrx_word' id='word_1_730' title='bbox 3174 3784 3375 3852; x_wconf 84' lang='lat' dir='ltr'><strong>repleta</strong></span> <span class='ocrx_word' id='word_1_731' title='bbox 3410 3794 3497 3837; x_wconf 89' lang='lat' dir='ltr'><strong>est</strong></span> 
     </span>
    </p>
   </div>
   <div class='ocr_carea' id='block_1_98' title="bbox 1918 3875 3492 3945">
    <p class='ocr_par' dir='ltr' id='par_1_98' title="bbox 1918 3875 3492 3945">
     <span class='ocr_line' id='line_1_98' title="bbox 1918 3875 3492 3945; baseline 0 -16"><span class='ocrx_word' id='word_1_732' title='bbox 1918 3876 2168 3930; x_wconf 89' lang='lat' dir='ltr'><strong>universa</strong></span> <span class='ocrx_word' id='word_1_733' title='bbox 2248 3885 2393 3930; x_wconf 88' lang='lat' dir='ltr'><strong>terra</strong></span> <span class='ocrx_word' id='word_1_734' title='bbox 2455 3875 2762 3945; x_wconf 79' lang='lat' dir='ltr'><strong>cognitione</strong></span> <span class='ocrx_word' id='word_1_735' title='bbox 2815 3876 3049 3941; x_wconf 90' lang='lat' dir='ltr'><strong>Domini,</strong></span> <span class='ocrx_word' id='word_1_736' title='bbox 3121 3876 3194 3931; x_wconf 90' lang='lat' dir='ltr'><strong>ita</strong></span> <span class='ocrx_word' id='word_1_737' title='bbox 3246 3886 3303 3930; x_wconf 90' lang='lat' dir='ltr'><strong>ut</strong></span> <span class='ocrx_word' id='word_1_738' title='bbox 3355 3891 3492 3945; x_wconf 82' lang='lat' dir='ltr'><strong>aqua</strong></span> 
     </span>
    </p>
   </div>
   <div class='ocr_carea' id='block_1_99' title="bbox 1918 3967 3489 4038">
    <p class='ocr_par' dir='ltr' id='par_1_99' title="bbox 1918 3967 3489 4038">
     <span class='ocr_line' id='line_1_99' title="bbox 1918 3967 3489 4038; baseline 0 -17"><span class='ocrx_word' id='word_1_739' title='bbox 1918 3968 2081 4022; x_wconf 91' lang='lat' dir='ltr'><strong>multa</strong></span> <span class='ocrx_word' id='word_1_740' title='bbox 2113 3968 2324 4038; x_wconf 82' lang='lat' dir='ltr'><strong>Operiat</strong></span> <span class='ocrx_word' id='word_1_741' title='bbox 2360 3970 2569 4025; x_wconf 88' lang='lat' dir='ltr'><strong>maria:</strong></span> <span class='ocrx_word' id='word_1_742' title='bbox 2606 3987 2624 4021; x_wconf 71' lang='grc' dir='ltr'><strong>ι</strong></span> <span class='ocrx_word' id='word_1_743' title='bbox 2666 3969 2744 4023; x_wconf 89' lang='lat' dir='ltr'><strong>sic</strong></span> <span class='ocrx_word' id='word_1_744' title='bbox 2784 3967 3033 4023; x_wconf 90' lang='lat' dir='ltr'><strong>indicans</strong></span> <span class='ocrx_word' id='word_1_745' title='bbox 3069 3968 3367 4023; x_wconf 85' lang='lat' dir='ltr'><strong>Eccleslam</strong></span> <span class='ocrx_word' id='word_1_746' title='bbox 3396 3967 3489 4021; x_wconf 75' lang='grc' dir='ltr'><strong>ῡιιί</strong></span> 
     </span>
    </p>
   </div>
   <div class='ocr_carea' id='block_1_100' title="bbox 1915 4060 3490 4131">
    <p class='ocr_par' dir='ltr' id='par_1_100' title="bbox 1915 4060 3490 4131">
     <span class='ocr_line' id='line_1_100' title="bbox 1915 4060 3490 4131; baseline -0.001 -17"><span class='ocrx_word' id='word_1_747' title='bbox 1915 4076 2013 4131; x_wconf 87' lang='lat' dir='ltr'><strong>per</strong></span> <span class='ocrx_word' id='word_1_748' title='bbox 2043 4070 2215 4115; x_wconf 89' lang='lat' dir='ltr'><strong>totum</strong></span> <span class='ocrx_word' id='word_1_749' title='bbox 2238 4061 2426 4114; x_wconf 91' lang='lat' dir='ltr'><strong>orbem</strong></span> <span class='ocrx_word' id='word_1_750' title='bbox 2459 4060 2783 4124; x_wconf 90' lang='lat' dir='ltr'><strong>stabilitam,</strong></span> <span class='ocrx_word' id='word_1_751' title='bbox 2833 4060 3087 4130; x_wconf 86' lang='lat' dir='ltr'><strong>piamque</strong></span> <span class='ocrx_word' id='word_1_752' title='bbox 3116 4060 3490 4131; x_wconf 81' lang='lat' dir='ltr'><strong>cognitionem</strong></span> 
     </span>
    </p>
   </div>
   <div class='ocr_carea' id='block_1_101' title="bbox 1916 4150 3490 4224">
    <p class='ocr_par' dir='ltr' id='par_1_101' title="bbox 1916 4150 3490 4224">
     <span class='ocr_line' id='line_1_101' title="bbox 1916 4150 3490 4224; baseline -0.005 -14"><span class='ocrx_word' id='word_1_753' title='bbox 1916 4156 1969 4210; x_wconf 91' lang='lat' dir='ltr'><strong>in</strong></span> <span class='ocrx_word' id='word_1_754' title='bbox 2014 4154 2101 4207; x_wconf 88' lang='lat' dir='ltr'><strong>illa</strong></span> <span class='ocrx_word' id='word_1_755' title='bbox 2161 4152 2539 4222; x_wconf 70' lang='lat' dir='ltr'><strong>praedicatam,</strong></span> <span class='ocrx_word' id='word_1_756' title='bbox 2584 4167 2705 4221; x_wconf 64' lang='lat' dir='ltr'><strong>quae</strong></span> <span class='ocrx_word' id='word_1_757' title='bbox 2742 4163 2912 4208; x_wconf 87' lang='lat' dir='ltr'><strong>totam</strong></span> <span class='ocrx_word' id='word_1_758' title='bbox 2955 4153 3210 4224; x_wconf 68' lang='lat' dir='ltr'><strong>nequitia:</strong></span> <span class='ocrx_word' id='word_1_759' title='bbox 3269 4150 3490 4218; x_wconf 81' lang='lat' dir='ltr'><strong>hujusce</strong></span> 
     </span>
    </p>
   </div>
   <div class='ocr_carea' id='block_1_102' title="bbox 1914 4243 3494 4316">
    <p class='ocr_par' dir='ltr' id='par_1_102' title="bbox 1914 4243 3494 4316">
     <span class='ocr_line' id='line_1_102' title="bbox 1914 4243 3494 4316; baseline -0.001 -17"><span class='ocrx_word' id='word_1_760' title='bbox 1914 4247 2040 4301; x_wconf 72' lang='lat' dir='ltr'><strong>vita:</strong></span> <span class='ocrx_word' id='word_1_761' title='bbox 2089 4245 2419 4314; x_wconf 82' lang='lat' dir='ltr'><strong>salsuginem</strong></span> <span class='ocrx_word' id='word_1_762' title='bbox 2460 4259 2560 4299; x_wconf 88' lang='lat' dir='ltr'><strong>ceu</strong></span> <span class='ocrx_word' id='word_1_763' title='bbox 2595 4260 2788 4316; x_wconf 87' lang='lat' dir='ltr'><strong>magno</strong></span> <span class='ocrx_word' id='word_1_764' title='bbox 2821 4260 3087 4315; x_wconf 88' lang='lat' dir='ltr'><strong>aquarum</strong></span> <span class='ocrx_word' id='word_1_765' title='bbox 3118 4243 3285 4300; x_wconf 84' lang='lat' dir='ltr'><strong>fluctu</strong></span> <span class='ocrx_word' id='word_1_766' title='bbox 3329 4244 3494 4299; x_wconf 85' lang='lat' dir='ltr'><strong>inun-</strong></span> 
     </span>
    </p>
   </div>
   <div class='ocr_carea' id='block_1_103' title="bbox 1916 4335 3191 4407">
    <p class='ocr_par' dir='ltr' id='par_1_103' title="bbox 1916 4335 3191 4407">
     <span class='ocr_line' id='line_1_103' title="bbox 1916 4335 3191 4407; baseline 0.002 -15"><span class='ocrx_word' id='word_1_767' title='bbox 1916 4339 2030 4403; x_wconf 88' lang='lat' dir='ltr'><strong>det,</strong></span> <span class='ocrx_word' id='word_1_768' title='bbox 2068 4346 2123 4392; x_wconf 88' lang='lat' dir='ltr'><strong>et</strong></span> <span class='ocrx_word' id='word_1_769' title='bbox 2157 4346 2322 4392; x_wconf 87' lang='lat' dir='ltr'><strong>totam</strong></span> <span class='ocrx_word' id='word_1_770' title='bbox 2348 4335 2542 4391; x_wconf 74' lang='lat' dir='ltr'><strong>animae</strong></span> <span class='ocrx_word' id='word_1_771' title='bbox 2570 4336 2874 4406; x_wconf 84' lang='lat' dir='ltr'><strong>nequitiam</strong></span> <span class='ocrx_word' id='word_1_772' title='bbox 2901 4345 3191 4407; x_wconf 77' lang='lat' dir='ltr'><strong>expurget.</strong></span> 
     </span>
    </p>
   </div>
   <div class='ocr_carea' id='block_1_104' title="bbox 1986 4674 3489 4751">
    <p class='ocr_par' dir='ltr' id='par_1_104' title="bbox 1986 4674 3489 4751">
     <span class='ocr_line' id='line_1_104' title="bbox 1986 4674 3489 4751; baseline -0.001 -13"><span class='ocrx_word' id='word_1_773' title='bbox 1986 4683 2153 4739; x_wconf 74' lang='lat' dir='ltr'><strong>Vens.</strong></span> <span class='ocrx_word' id='word_1_774' title='bbox 2179 4681 2269 4738; x_wconf 75' lang='lat'><strong>10.</strong></span> <span class='ocrx_word' id='word_1_775' title='bbox 2316 4700 2336 4735; x_wconf 76' lang='grc' dir='ltr'><strong>ι</strong></span> <span class='ocrx_word' id='word_1_776' title='bbox 2368 4681 2435 4738; x_wconf 84' lang='lat' dir='ltr'><strong>Et</strong></span> <span class='ocrx_word' id='word_1_777' title='bbox 2456 4683 2559 4739; x_wconf 89' lang='lat' dir='ltr'><strong>erit</strong></span> <span class='ocrx_word' id='word_1_778' title='bbox 2588 4680 2641 4737; x_wconf 91' lang='lat' dir='ltr'><strong>in</strong></span> <span class='ocrx_word' id='word_1_779' title='bbox 2676 4681 2763 4738; x_wconf 89' lang='lat' dir='ltr'><strong>die</strong></span> <span class='ocrx_word' id='word_1_780' title='bbox 2790 4679 2877 4737; x_wconf 88' lang='lat' dir='ltr'><strong>illa</strong></span> <span class='ocrx_word' id='word_1_781' title='bbox 2910 4676 3063 4736; x_wconf 81' lang='lat' dir='ltr'><strong>radix</strong></span> <span class='ocrx_word' id='word_1_782' title='bbox 3092 4674 3280 4746; x_wconf 68' lang='lat' dir='ltr'><strong>Jessae,</strong></span> <span class='ocrx_word' id='word_1_783' title='bbox 3310 4688 3367 4735; x_wconf 90' lang='lat' dir='ltr'><strong>et</strong></span> <span class='ocrx_word' id='word_1_784' title='bbox 3392 4676 3489 4751; x_wconf 90' lang='lat' dir='ltr'><strong>qui</strong></span> 
     </span>
    </p>
   </div>
   <div class='ocr_carea' id='block_1_105' title="bbox 1916 4774 3492 4848">
    <p class='ocr_par' dir='ltr' id='par_1_105' title="bbox 1916 4774 3492 4848">
     <span class='ocr_line' id='line_1_105' title="bbox 1916 4774 3492 4848; baseline -0.004 -16"><span class='ocrx_word' id='word_1_785' title='bbox 1916 4779 2156 4848; x_wconf 73' lang='lat' dir='ltr'><strong>exsurgit</strong></span> <span class='ocrx_word' id='word_1_786' title='bbox 2198 4778 2471 4847; x_wconf 84' lang='lat' dir='ltr'><strong>imperare</strong></span> <span class='ocrx_word' id='word_1_787' title='bbox 2504 4777 2797 4848; x_wconf 73' lang='lat' dir='ltr'><strong>gentibus:</strong></span> <span class='ocrx_word' id='word_1_788' title='bbox 2829 4774 2882 4829; x_wconf 91' lang='lat' dir='ltr'><strong>in</strong></span> <span class='ocrx_word' id='word_1_789' title='bbox 2919 4775 3037 4845; x_wconf 91' lang='lat' dir='ltr'><strong>ipso</strong></span> <span class='ocrx_word' id='word_1_790' title='bbox 3070 4783 3258 4846; x_wconf 83' lang='lat' dir='ltr'><strong>gentes</strong></span> <span class='ocrx_word' id='word_1_791' title='bbox 3304 4789 3492 4842; x_wconf 85' lang='lat' dir='ltr'><strong>spera-</strong></span> 
     </span>
    </p>
   </div>
   <div class='ocr_carea' id='block_1_106' title="bbox 1917 4864 3495 4939">
    <p class='ocr_par' dir='ltr' id='par_1_106' title="bbox 1917 4864 3495 4939">
     <span class='ocr_line' id='line_1_106' title="bbox 1917 4864 3495 4939; baseline -0.004 -14"><span class='ocrx_word' id='word_1_792' title='bbox 1917 4872 2091 4925; x_wconf 89' lang='lat' dir='ltr'><strong>bunt:</strong></span> <span class='ocrx_word' id='word_1_793' title='bbox 2132 4879 2188 4924; x_wconf 87' lang='lat' dir='ltr'><strong>et</strong></span> <span class='ocrx_word' id='word_1_794' title='bbox 2240 4869 2346 4926; x_wconf 90' lang='lat' dir='ltr'><strong>erit</strong></span> <span class='ocrx_word' id='word_1_795' title='bbox 2395 4870 2608 4939; x_wconf 80' lang='lat' dir='ltr'><strong>requies</strong></span> <span class='ocrx_word' id='word_1_796' title='bbox 2656 4868 2773 4933; x_wconf 90' lang='lat' dir='ltr'><strong>ejus</strong></span> <span class='ocrx_word' id='word_1_797' title='bbox 2826 4868 3062 4922; x_wconf 66' lang='lat' dir='ltr'><strong>honor.)</strong></span> <span class='ocrx_word' id='word_1_798' title='bbox 3121 4868 3174 4920; x_wconf 93' lang='lat' dir='ltr'><strong>lu</strong></span> <span class='ocrx_word' id='word_1_799' title='bbox 3219 4864 3309 4921; x_wconf 87' lang='lat' dir='ltr'><strong>illa</strong></span> <span class='ocrx_word' id='word_1_800' title='bbox 3361 4880 3495 4934; x_wconf 88' lang='lat' dir='ltr'><strong>ergo</strong></span> 
     </span>
    </p>
   </div>
   <div class='ocr_carea' id='block_1_107' title="bbox 1917 4958 3489 5032">
    <p class='ocr_par' dir='ltr' id='par_1_107' title="bbox 1917 4958 3489 5032">
     <span class='ocr_line' id='line_1_107' title="bbox 1917 4958 3489 5032; baseline -0.004 -16"><span class='ocrx_word' id='word_1_801' title='bbox 1917 4962 2024 5025; x_wconf 89' lang='lat' dir='ltr'><strong>die,</strong></span> <span class='ocrx_word' id='word_1_802' title='bbox 2069 4972 2127 5015; x_wconf 92' lang='lat' dir='ltr'><strong>ut</strong></span> <span class='ocrx_word' id='word_1_803' title='bbox 2159 4961 2333 5032; x_wconf 84' lang='lat' dir='ltr'><strong>palam</strong></span> <span class='ocrx_word' id='word_1_804' title='bbox 2381 4971 2497 5025; x_wconf 88' lang='lat' dir='ltr'><strong>est,</strong></span> <span class='ocrx_word' id='word_1_805' title='bbox 2528 4962 2582 5015; x_wconf 92' lang='lat' dir='ltr'><strong>in</strong></span> <span class='ocrx_word' id='word_1_806' title='bbox 2617 4972 2862 5030; x_wconf 88' lang='lat' dir='ltr'><strong>tempore</strong></span> <span class='ocrx_word' id='word_1_807' title='bbox 2897 4976 2925 5014; x_wconf 85' lang='lat' dir='ltr'><strong>a</strong></span> <span class='ocrx_word' id='word_1_808' title='bbox 2962 4958 3245 5030; x_wconf 87' lang='lat' dir='ltr'><strong>prophetia</strong></span> <span class='ocrx_word' id='word_1_809' title='bbox 3280 4966 3489 5020; x_wconf 88' lang='lat' dir='ltr'><strong>notato,</strong></span> 
     </span>
    </p>
   </div>
   <div class='ocr_carea' id='block_1_108' title="bbox 1914 5051 3493 5124">
    <p class='ocr_par' dir='ltr' id='par_1_108' title="bbox 1914 5051 3493 5124">
     <span class='ocr_line' id='line_1_108' title="bbox 1914 5051 3493 5124; baseline -0.006 -14"><span class='ocrx_word' id='word_1_810' title='bbox 1914 5055 2004 5110; x_wconf 84' lang='lat' dir='ltr'><strong>hic</strong></span> <span class='ocrx_word' id='word_1_811' title='bbox 2032 5055 2147 5124; x_wconf 87' lang='lat' dir='ltr'><strong>ipse</strong></span> <span class='ocrx_word' id='word_1_812' title='bbox 2178 5055 2269 5124; x_wconf 93' lang='lat' dir='ltr'><strong>qui</strong></span> <span class='ocrx_word' id='word_1_813' title='bbox 2306 5068 2370 5108; x_wconf 79' lang='lat' dir='ltr'><strong>ex</strong></span> <span class='ocrx_word' id='word_1_814' title='bbox 2409 5055 2590 5108; x_wconf 88' lang='lat' dir='ltr'><strong>radice</strong></span> <span class='ocrx_word' id='word_1_815' title='bbox 2615 5051 2785 5108; x_wconf 75' lang='lat' dir='ltr'><strong>Jessze</strong></span> <span class='ocrx_word' id='word_1_816' title='bbox 2817 5061 3167 5108; x_wconf 82' lang='lat' dir='ltr'><strong>surrecturus</strong></span> <span class='ocrx_word' id='word_1_817' title='bbox 3200 5059 3307 5113; x_wconf 87' lang='lat' dir='ltr'><strong>est,</strong></span> <span class='ocrx_word' id='word_1_818' title='bbox 3344 5060 3493 5118; x_wconf 70' lang='lat' dir='ltr'><strong>pom-</strong></span> 
     </span>
    </p>
   </div>
   <div class='ocr_carea' id='block_1_109' title="bbox 1913 5132 3493 5217">
    <p class='ocr_par' dir='ltr' id='par_1_109' title="bbox 1913 5132 3493 5217">
     <span class='ocr_line' id='line_1_109' title="bbox 1913 5132 3493 5217; baseline -0.003 -18"><span class='ocrx_word' id='word_1_819' title='bbox 1913 5162 2077 5217; x_wconf 84' lang='lat' dir='ltr'><strong>quam</strong></span> <span class='ocrx_word' id='word_1_820' title='bbox 2120 5147 2455 5211; x_wconf 73' lang='lat' dir='ltr'><strong>surrexerit,</strong></span> <span class='ocrx_word' id='word_1_821' title='bbox 2503 5132 2577 5199; x_wconf 67' lang='grc' dir='ltr'><strong>ιδ’</strong></span> <span class='ocrx_word' id='word_1_822' title='bbox 2598 5156 2713 5208; x_wconf 89' lang='lat' dir='ltr'><strong>est,</strong></span> <span class='ocrx_word' id='word_1_823' title='bbox 2751 5155 2873 5216; x_wconf 89' lang='lat' dir='ltr'><strong>post</strong></span> <span class='ocrx_word' id='word_1_824' title='bbox 2922 5144 3376 5200; x_wconf 86' lang='lat' dir='ltr'><strong>resurrectionem</strong></span> <span class='ocrx_word' id='word_1_825' title='bbox 3425 5156 3493 5196; x_wconf 74' lang='lat' dir='ltr'><strong>ex</strong></span> 
     </span>
    </p>
   </div>
   <div class='ocr_carea' id='block_1_110' title="bbox 1912 5234 3496 5304">
    <p class='ocr_par' dir='ltr' id='par_1_110' title="bbox 1912 5234 3496 5304">
     <span class='ocr_line' id='line_1_110' title="bbox 1912 5234 3496 5304; baseline -0.003 -10"><span class='ocrx_word' id='word_1_826' title='bbox 1912 5242 2162 5302; x_wconf 80' lang='lat' dir='ltr'><strong>mortuis,</strong></span> <span class='ocrx_word' id='word_1_827' title='bbox 2211 5253 2315 5291; x_wconf 93' lang='lat' dir='ltr'><strong>non</strong></span> <span class='ocrx_word' id='word_1_828' title='bbox 2368 5236 2676 5294; x_wconf 59' lang='lat' dir='ltr'><strong>Iudaeorum</strong></span> <span class='ocrx_word' id='word_1_829' title='bbox 2728 5253 2821 5291; x_wconf 82' lang='lat' dir='ltr'><strong>rex</strong></span> <span class='ocrx_word' id='word_1_830' title='bbox 2871 5237 3006 5300; x_wconf 89' lang='lat' dir='ltr'><strong>erit,</strong></span> <span class='ocrx_word' id='word_1_831' title='bbox 3060 5250 3235 5304; x_wconf 87' lang='lat' dir='ltr'><strong>neque</strong></span> <span class='ocrx_word' id='word_1_832' title='bbox 3272 5234 3496 5303; x_wconf 86' lang='lat' dir='ltr'><strong>perinde</strong></span> 
     </span>
    </p>
   </div>
   <div class='ocr_carea' id='block_1_111' title="bbox 1912 5326 3491 5398">
    <p class='ocr_par' dir='ltr' id='par_1_111' title="bbox 1912 5326 3491 5398">
     <span class='ocr_line' id='line_1_111' title="bbox 1912 5326 3491 5398; baseline -0.002 -16"><span class='ocrx_word' id='word_1_833' title='bbox 1912 5338 2073 5396; x_wconf 84' lang='lat' dir='ltr'><strong>atque</strong></span> <span class='ocrx_word' id='word_1_834' title='bbox 2104 5328 2268 5381; x_wconf 86' lang='lat' dir='ltr'><strong>David</strong></span> <span class='ocrx_word' id='word_1_835' title='bbox 2297 5327 2524 5398; x_wconf 86' lang='lat' dir='ltr'><strong>ejusque</strong></span> <span class='ocrx_word' id='word_1_836' title='bbox 2563 5341 2932 5389; x_wconf 83' lang='lat' dir='ltr'><strong>successores,</strong></span> <span class='ocrx_word' id='word_1_837' title='bbox 2970 5327 3024 5380; x_wconf 90' lang='lat' dir='ltr'><strong>in</strong></span> <span class='ocrx_word' id='word_1_838' title='bbox 3061 5339 3228 5394; x_wconf 86' lang='lat' dir='ltr'><strong>parvo</strong></span> <span class='ocrx_word' id='word_1_839' title='bbox 3256 5326 3491 5394; x_wconf 87' lang='lat' dir='ltr'><strong>quodam</strong></span> 
     </span>
    </p>
   </div>
   <div class='ocr_carea' id='block_1_112' title="bbox 1910 5418 3497 5492">
    <p class='ocr_par' dir='ltr' id='par_1_112' title="bbox 1910 5418 3497 5492">
     <span class='ocr_line' id='line_1_112' title="bbox 1910 5418 3497 5492; baseline -0.001 -18"><span class='ocrx_word' id='word_1_840' title='bbox 1910 5420 2106 5492; x_wconf 78' lang='lat' dir='ltr'><strong>angulo</strong></span> <span class='ocrx_word' id='word_1_841' title='bbox 2149 5420 2456 5490; x_wconf 83' lang='lat' dir='ltr'><strong>imperabit,</strong></span> <span class='ocrx_word' id='word_1_842' title='bbox 2499 5419 2594 5475; x_wconf 86' lang='lat' dir='ltr'><strong>sed</strong></span> <span class='ocrx_word' id='word_1_843' title='bbox 2630 5420 2682 5474; x_wconf 92' lang='lat' dir='ltr'><strong>in</strong></span> <span class='ocrx_word' id='word_1_844' title='bbox 2724 5420 3035 5473; x_wconf 85' lang='lat' dir='ltr'><strong>universam</strong></span> <span class='ocrx_word' id='word_1_845' title='bbox 3068 5428 3272 5472; x_wconf 86' lang='lat' dir='ltr'><strong>terram</strong></span> <span class='ocrx_word' id='word_1_846' title='bbox 3322 5418 3497 5488; x_wconf 88' lang='lat' dir='ltr'><strong>impe-</strong></span> 
     </span>
    </p>
   </div>
   <div class='ocr_carea' id='block_1_113' title="bbox 1910 5511 3495 5579">
    <p class='ocr_par' dir='ltr' id='par_1_113' title="bbox 1910 5511 3495 5579">
     <span class='ocr_line' id='line_1_113' title="bbox 1910 5511 3495 5579; baseline -0.001 -13"><span class='ocrx_word' id='word_1_847' title='bbox 1910 5513 2046 5566; x_wconf 82' lang='lat' dir='ltr'><strong>rium</strong></span> <span class='ocrx_word' id='word_1_848' title='bbox 2077 5511 2359 5567; x_wconf 89' lang='lat' dir='ltr'><strong>obtinebit.</strong></span> <span class='ocrx_word' id='word_1_849' title='bbox 2389 5511 2569 5578; x_wconf 84' lang='lat' dir='ltr'><strong>Quare</strong></span> <span class='ocrx_word' id='word_1_850' title='bbox 2599 5526 2860 5579; x_wconf 77' lang='lat' dir='ltr'><strong>nusquam</strong></span> <span class='ocrx_word' id='word_1_851' title='bbox 2890 5511 3007 5579; x_wconf 88' lang='lat' dir='ltr'><strong>ejus</strong></span> <span class='ocrx_word' id='word_1_852' title='bbox 3036 5518 3263 5565; x_wconf 91' lang='lat' dir='ltr'><strong>mortem</strong></span> <span class='ocrx_word' id='word_1_853' title='bbox 3292 5512 3495 5579; x_wconf 85' lang='lat' dir='ltr'><strong>scripto</strong></span> 
     </span>
    </p>
   </div>
   <div class='ocr_carea' id='block_1_114' title="bbox 1910 5600 3491 5673">
    <p class='ocr_par' dir='ltr' id='par_1_114' title="bbox 1910 5600 3491 5673">
     <span class='ocr_line' id='line_1_114' title="bbox 1910 5600 3491 5673; baseline -0.001 -15"><span class='ocrx_word' id='word_1_854' title='bbox 1910 5603 2091 5667; x_wconf 88' lang='lat' dir='ltr'><strong>tradit,</strong></span> <span class='ocrx_word' id='word_1_855' title='bbox 2116 5603 2209 5659; x_wconf 88' lang='lat' dir='ltr'><strong>sed</strong></span> <span class='ocrx_word' id='word_1_856' title='bbox 2245 5604 2491 5673; x_wconf 87' lang='lat' dir='ltr'><strong>requiem</strong></span> <span class='ocrx_word' id='word_1_857' title='bbox 2525 5613 2700 5668; x_wconf 82' lang='lat' dir='ltr'><strong>vocat,</strong></span> <span class='ocrx_word' id='word_1_858' title='bbox 2729 5600 2953 5672; x_wconf 83' lang='lat' dir='ltr'><strong>gloriam</strong></span> <span class='ocrx_word' id='word_1_859' title='bbox 2986 5611 3040 5656; x_wconf 84' lang='lat' dir='ltr'><strong>et</strong></span> <span class='ocrx_word' id='word_1_860' title='bbox 3072 5601 3356 5661; x_wconf 82' lang='lat' dir='ltr'><strong>honorem.</strong></span> <span class='ocrx_word' id='word_1_861' title='bbox 3390 5602 3491 5661; x_wconf 75' lang='lat' dir='ltr'><strong>Hic</strong></span> 
     </span>
    </p>
   </div>
   <div class='ocr_carea' id='block_1_115' title="bbox 1907 5694 3492 5766">
    <p class='ocr_par' dir='ltr' id='par_1_115' title="bbox 1907 5694 3492 5766">
     <span class='ocr_line' id='line_1_115' title="bbox 1907 5694 3492 5766; baseline 0.001 -18"><span class='ocrx_word' id='word_1_862' title='bbox 1907 5696 2103 5766; x_wconf 89' lang='lat' dir='ltr'><strong>quippe</strong></span> <span class='ocrx_word' id='word_1_863' title='bbox 2145 5695 2453 5752; x_wconf 86' lang='lat' dir='ltr'><strong>Servatoris</strong></span> <span class='ocrx_word' id='word_1_864' title='bbox 2489 5696 2658 5751; x_wconf 90' lang='lat' dir='ltr'><strong>nostri</strong></span> <span class='ocrx_word' id='word_1_865' title='bbox 2692 5709 2820 5764; x_wconf 86' lang='lat' dir='ltr'><strong>erga</strong></span> <span class='ocrx_word' id='word_1_866' title='bbox 2875 5694 3122 5751; x_wconf 75' lang='lat' dir='ltr'><strong>homines</strong></span> <span class='ocrx_word' id='word_1_867' title='bbox 3172 5695 3492 5751; x_wconf 67' lang='lat' dir='ltr'><strong>mconomite</strong></span> 
     </span>
    </p>
   </div>
   <div class='ocr_carea' id='block_1_116' title="bbox 1908 5785 3485 5857">
    <p class='ocr_par' dir='ltr' id='par_1_116' title="bbox 1908 5785 3485 5857">
     <span class='ocr_line' id='line_1_116' title="bbox 1908 5785 3485 5857; baseline -0.001 -15"><span class='ocrx_word' id='word_1_868' title='bbox 1908 5786 2031 5843; x_wconf 84' lang='lat' dir='ltr'><strong>ﬁnis</strong></span> <span class='ocrx_word' id='word_1_869' title='bbox 2082 5798 2200 5843; x_wconf 86' lang='lat' dir='ltr'><strong>erat</strong></span> <span class='ocrx_word' id='word_1_870' title='bbox 2248 5807 2262 5843; x_wconf 88' lang='lat'><strong>:</strong></span> <span class='ocrx_word' id='word_1_871' title='bbox 2313 5791 2454 5857; x_wconf 84' lang='lat' dir='ltr'><strong>quod</strong></span> <span class='ocrx_word' id='word_1_872' title='bbox 2519 5789 2633 5857; x_wconf 87' lang='lat' dir='ltr'><strong>ipse</strong></span> <span class='ocrx_word' id='word_1_873' title='bbox 2699 5785 2960 5843; x_wconf 87' lang='lat' dir='ltr'><strong>Servator</strong></span> <span class='ocrx_word' id='word_1_874' title='bbox 3022 5787 3226 5843; x_wconf 87' lang='lat' dir='ltr'><strong>indicat</strong></span> <span class='ocrx_word' id='word_1_875' title='bbox 3278 5787 3331 5842; x_wconf 89' lang='lat' dir='ltr'><strong>in</strong></span> <span class='ocrx_word' id='word_1_876' title='bbox 3387 5802 3485 5840; x_wconf 80' lang='lat' dir='ltr'><strong>sua</strong></span> 
     </span>
    </p>
   </div>
   <div class='ocr_carea' id='block_1_117' title="bbox 1909 5878 3487 5956">
    <p class='ocr_par' dir='ltr' id='par_1_117' title="bbox 1909 5878 3487 5956">
     <span class='ocr_line' id='line_1_117' title="bbox 1909 5878 3487 5956; baseline -0.003 -17"><span class='ocrx_word' id='word_1_877' title='bbox 1909 5884 1974 5941; x_wconf 87' lang='lat' dir='ltr'><strong>ad</strong></span> <span class='ocrx_word' id='word_1_878' title='bbox 2022 5881 2237 5956; x_wconf 81' lang='lat' dir='ltr'><strong>Patrem</strong></span> <span class='ocrx_word' id='word_1_879' title='bbox 2292 5883 2538 5940; x_wconf 78' lang='lat' dir='ltr'><strong>oratione</strong></span> <span class='ocrx_word' id='word_1_880' title='bbox 2582 5882 2669 5940; x_wconf 81' lang='lat' dir='ltr'><strong>bis</strong></span> <span class='ocrx_word' id='word_1_881' title='bbox 2706 5880 2930 5942; x_wconf 78' lang='lat' dir='ltr'><strong>verbis:</strong></span> <span class='ocrx_word' id='word_1_882' title='bbox 2970 5898 2991 5934; x_wconf 77' lang='grc' dir='ltr'><strong>ι</strong></span> <span class='ocrx_word' id='word_1_883' title='bbox 3019 5880 3204 5948; x_wconf 84' lang='lat' dir='ltr'><strong>Pater,</strong></span> <span class='ocrx_word' id='word_1_884' title='bbox 3248 5878 3487 5951; x_wconf 78' lang='lat' dir='ltr'><strong>glor-iﬂca</strong></span> 
     </span>
    </p>
   </div>
  </div>
