3968 6534
474 401 575 457 Ιῖ5

1112 399 1384 455 EUSEBII
1425 400 1908 457 CESARIENSIS
1946 402 2095 458 ΟΡΡ.
2138 403 2317 460 PARS
2355 403 2442 457 Ill.
2481 433 2551 447 -
2592 402 3010 458 EXECETICA.

3644 414 3750 468 {76

471 531 560 572 me
607 514 778 587 gloria
826 528 987 583 quam
1040 512 1240 577 habui,
1288 522 1579 583 antequam
1634 516 1864 570 mundus
1914 523 2055 570 esset

2163 534 2225 586 με
2254 518 2321 587 τῇ
2354 515 2481 588 δόξῃ
2572 511 2715 586 εἰχον
2750 516 2854 587 πρὸ
2897 515 2990 569 τοῦ
3024 515 3114 569 τὸν
3162 516 3366 588 κόσμον
3396 514 3558 589 εἶναι,
3596 529 3749 599 παρὰ

472 610 613 678 apud
655 618 729 662 te.
756 627 776 660 ι

544 700 705 756 Vens.
740 700 827 755 li.
864 718 882 750 ‹
912 698 979 753 Ει
1015 697 1123 752 erit
1152 696 1203 750 in
1236 696 1322 752 die
1366 696 1487 760 illa,
1522 696 1738 765 adjiciet
1791 697 2053 757 Dominus

471 796 754 851 ostendere
804 807 1020 847 manum
1071 804 1255 853 suam,
1301 789 1368 843 ad
1430 790 1712 844 zelaudum
1779 791 2054 845 residumn

471 886 688 957 populi,
739 884 882 955 quod
936 883 1185 938 relictum
1247 881 1408 937 fuerit
1456 885 1523 935 ab
1563 882 1838 952 Assyriis,
1885 891 1939 935 et
1989 882 2056 937 ab

470 977 701 1050 Egypto
725 988 777 1032 et
804 992 833 1030 a
870 976 1189 1046 Babylonia,
1221 986 1275 1028 et
1315 974 1381 1027 ab
1418 972 1721 1042 Ethiopia,
1752 984 1808 1026 et
1834 971 1902 1025 ab
1935 973 2057 1026 Ela-

472 1072 639 1141 mitis,
680 1070 830 1124 etab
874 1080 997 1123 ortu
1041 1068 1191 1133 solis,
1234 1076 1286 1120 et
1322 1081 1387 1121 ex
1435 1066 1657 1120 Arabia.
1703 1064 1838 1130 Quia
1892 1064 2059 1131 igitur

469 1165 729 1236 propheta
773 1177 921 1226 eum,
948 1161 1039 1230 qui
1070 1176 1133 1215 ex
1173 1160 1355 1215 radice
1395 1156 1563 1213 Jessa:
1614 1169 1801 1227 surget
1838 1158 1905 1210 ad
1956 1158 2059 1210 im-

472 1258 767 1327 perandum
798 1255 1068 1324 gentibus,
1100 1254 1428 1308 vaticinatus
1455 1261 1561 1315 est,
1592 1251 1922 1319 atljecitque,
1951 1268 1970 1301 ι
2004 1251 2057 1303 in

469 1364 593 1404 eum
636 1356 822 1418 gentes
852 1348 1175 1417 sperabunt;
1206 1364 1225 1398 ι
1268 1344 1552 1400 Judaicum
1592 1343 1719 1397 item
1756 1358 1928 1410 genus
1964 1358 2060 1397 ne-

471 1440 712 1498 cessario
752 1450 1017 1496 memorat
1068 1445 1119 1495 in
1168 1439 1455 1509 praesenti;
1512 1451 1584 1491 ne
1634 1437 1756 1505 quis
1811 1436 2059 1505 suspica-

476 1549 627 1594 retur
654 1552 801 1600 eum,
834 1537 924 1606 qui
959 1536 1010 1589 in
1048 1534 1336 1605 prophetia
1381 1530 1574 1595 fertur,
1617 1529 1813 1601 populo
1844 1544 1911 1583 ex
1952 1529 2058 1585 cir-

471 1632 807 1688 cumcisione
859 1628 996 1685 nihil
1036 1626 1291 1683 utilitatis
1345 1624 1636 1679 allaturum
1706 1638 1847 1678 esse.
1890 1622 2058 1677 Docet

472 1727 676 1795 itaque,
723 1739 831 1794 quo
868 1733 1026 1792 pacto
1072 1739 1090 1772 ι
1125 1722 1176 1774 in
1222 1719 1309 1773 die
1353 1718 1475 1781 illa;
1502 1734 1522 1769 ι
1561 1716 1613 1771 id
1657 1725 1771 1781 est,
1820 1727 2059 1786 tempore

470 1821 734 1873 adventus
778 1816 868 1886 qui
904 1816 954 1869 in
985 1812 1241 1867 vaticinio
1270 1811 1610 1874 enuntiatur,
1648 1826 1668 1860 ι
1698 1809 1917 1876 adiiciet
1951 1809 2056 1863 Do-

2160 610 2261 663 σοί.
2306 630 2324 661 ι

2233 722 2249 751 ι
2284 701 2399 753 Καὶ
2426 701 2578 755 ἔσται
2606 704 2672 773 τῇ
2705 702 2891 773 ἡμέρᾳ
2920 702 3128 777 ἐκείνῃ,
3157 706 3458 778 προσθήσει
3485 710 3514 763 6
3548 710 3755 781 Κύριος

2158 793 2250 846 τοῦ
2283 792 2450 858 δεῖξαι
2484 793 2582 863 τὴν
2626 795 2784 865 χεῖρα
2832 794 3018 858 αὑτοῦ,
3073 796 3166 850 τοῦ
3207 799 3448 871 ζηλῶσαι
3476 802 3537 856 τὸ
3576 820 3751 857 κατα-

2156 886 2371 957 λειφθὲν
2406 886 2700 941 ὑπόλοιπον
2743 886 2837 940 τοῦ
2880 888 3032 953 λαοῦ,
3080 890 3108 943 ὃ
3153 891 3219 946 ἂν
3259 895 3593 968 καταλειφθῇ
3642 897 3757 950 ἀπὸ

2157 980 2266 1035 τῶν
2314 981 2619 1052 Ἀσσυρίων
2662 982 2760 1036 καὶ
2798 983 2906 1037 ἀπὸ
2942 984 3249 1053 Αἰγύπτου,
3277 989 3371 1041 καί
3426 988 3535 1043 ἀπὸ
3568 990 3752 1044 Βαϐυ-

2157 1073 2372 1138 λωνίας,
2418 1073 2511 1126 καὶ
2540 1072 2647 1127 ἀπὸ
2675 1073 2979 1138 Αἰθιοπίας,
3015 1076 3109 1130 καὶ
3147 1078 3471 1149 Ἐλαμιτῶν,
3504 1082 3597 1134 καὶ
3641 1081 3756 1135 ἀπὸ

2159 1163 2307 1234 ⁴ἡλίου
2350 1162 2645 1227 ἀνατολῶν,
2684 1164 2777 1216 καὶ
2817 1163 2875 1228 ἐξ
2931 1164 3205 1236 Ἀραϐίας.
3251 1187 3269 1219 ι
3318 1169 3531 1241 Ἐπειδὴ
3572 1170 3755 1225 τοίνυν

2158 1258 2248 1311 τὸν
2282 1256 2640 1328 ἀνιστάμενον
2671 1259 2735 1310 ὲκ
2771 1256 2926 1330 ῥίζης
2968 1259 3167 1313 Ἰεσσαί
3218 1259 3404 1333 ἄρξειν
3436 1262 3545 1315 τῶν
3579 1262 3753 1318 ἐθνῶν

2159 1350 2443 1404 ἐθέσπισεν
2469 1352 2497 1402 6
2529 1351 2833 1421 προφήτης,
2860 1350 2954 1403 καὶ
2983 1352 3283 1423 ἐπήγαγεν,
3318 1354 3399 1407 ὅτι
3435 1373 3452 1405 ι
3498 1356 3753 1428 ἐπάύτῷ

2159 1442 2286 1515 ἔθνη
2332 1443 2628 1497 ἐλπιοῦσιν·
2665 1463 2684 1495 ι
2724 1442 3039 1512 ἀναγκαίως
3068 1446 3161 1498 καί⁵
3193 1445 3287 1500 τοῦ
3328 1448 3622 1502 Ἰουδαϊκοῦ
3656 1450 3753 1519 γέο

2159 1552 2285 1599 νους
2336 1534 2608 1606 μέμνηται
2655 1533 2743 1587 διὰ
2791 1533 2885 1587 τοῦ
2935 1536 3318 1607 προκειμένου,
3376 1538 3511 1610 πρὸς
3556 1539 3619 1593 τὸ
3674 1542 3749 1612 μὴ

2158 1626 2447 1682 ὑπολαϐεῖν
2470 1626 2559 1680 τὸν
2581 1625 3056 1700 προφητευόμενον
3109 1630 3275 1701 μηδὲν
3313 1630 3617 1704 ὠφελήσειν
3657 1632 3751 1686 τὸν

2160 1725 2223 1777 ἐκ
2246 1722 2546 1795 περιτομῆς
2577 1721 2725 1776 λαόν.
2765 1722 3016 1776 Διδάσκει
3049 1724 3252 1790 τοίνυν,
3282 1724 3357 1789 ὼς
3380 1726 3438 1780 ἐν
3472 1729 3537 1797 τῇ
3568 1728 3755 1801 ἡμέρᾳ

2161 1817 2365 1889 ἐκείνῃ,
2403 1815 2683 1870 τουτέστιν
2715 1818 2773 1869 ἐν
2805 1816 2883 1888 τῷ
2929 1816 3104 1888 χρόνῳ
3140 1817 3242 1887 τῆς
3285 1820 3606 1888 ἐπιφανείας
3652 1822 3751 1875 τοῦ

473 1908 653 1962 minus
694 1905 980 1962 ostendere
1013 1918 1229 1958 manum
1277 1918 1456 1967 suam,
1488 1904 1555 1955 ad
1589 1900 1872 1954 zelandum
1921 1900 2055 1953 resi-

2163 1878 2569 1980 θεσπιζομένου,
2597 1928 2615 1960 ι
2659 1878 3301 1983 προσθήσει-Κύριοςτοῦ
3327 1878 3495 1976 δείξαι
3517 1878 3615 1984 τὴν
3646 1916 3755 1984 χεῖ-

472 2001 635 2055 dttum
668 1998 872 2069 p0puli.
898 2015 917 2049 ι
952 1997 1056 2052 Pro
1084 2012 1190 2066 quo
1232 1995 1423 2065 Aquila
1447 2032 1461 2060 ,
1501 2011 1517 2043 ι
1557 1990 1813 2059 Adjiciet,
1859 1991 2053 2061 inquit,

470 2092 730 2147 Dominus
771 2090 1012 2145 secundo
1043 2104 1258 2143 manum
1297 2103 1474 2148 suam,
1518 2086 1584 2138 ad
1632 2083 1914 2140 zelandum
1974 2098 2057 2137 re-

471 2185 685 2240 siduum
735 2183 919 2253 populi
971 2183 1136 2247 sui”
1179 2181 1563 2253 Symmachus,
1614 2197 1632 2229 ι
1662 2175 1896 2247 Adjieiet
1947 2174 2055 2229 Do-

473 2278 654 2332 minus
686 2275 927 2331 secundo
974 2288 1192 2327 manum
1233 2287 1412 2337 suam,
1441 2272 1506 2324 ad
1541 2268 1928 2340 possidendum
1971 2282 2057 2322 re-

472 2370 690 2425 siduum
724 2368 903 2438 populi
933 2366 1038 2423 sui.
1065 2384 1083 2418 ι
1119 2366 1585 2433 Quemadmodum
1622 2364 1768 2418 enim
1798 2361 2055 2417 alllictum

472 2460 755 2519 Judaicum
787 2457 1041 2529 populum
1069 2456 1236 2513 semel
1265 2457 1333 2511 ab
1367 2457 1718 2525 oppressione
1769 2454 2056 2519 liberavit,

478 2567 639 2609 manu
688 2566 785 2605 sua
823 2547 1149 2603 mirabilium
1200 2545 1471 2602 eﬂ'ectrice
1523 2563 1618 2614 per
1671 2545 1905 2617 Moysem
1956 2558 2055 2598 ex-

479 2654 630 2698 tensa
658 2660 672 2698 :
703 2658 808 2712 qua
844 2656 1005 2695 manu
1047 2640 1306 2711 stupenda
1353 2639 1437 2692 illa
1475 2639 1717 2709 prodigia
1754 2638 1804 2692 in
1839 2636 2056 2708 Egypti

477 2736 699 2807 regione
743 2733 944 2799 edidit;
989 2734 1181 2787 eodem
1230 2734 1389 2786 modo
1439 2732 1635 2786 iterum
1682 2729 1903 2800 adiiciet
1952 2745 2060 2782 ma-

474 2846 603 2885 num
637 2843 811 2891 suam,
854 2828 1007 2897 quasi
1043 2817 1282 2881 secunda
1318 2840 1435 2879 Vtce
1471 2823 1808 2879 mirabilibus
1835 2822 2056 2877 edendis

472 2922 726 2992 cperibus
757 2921 901 2975 illam
948 2934 1212 2985 movens;
1248 2929 1304 2974 ut
1347 2919 1619 2972 residuum
1660 2916 1840 2987 populi
1880 2913 2056 2984 possi-

473 3016 615 3082 deat,
645 3029 708 3068 ac
742 3014 982 3069 studiose
1023 3021 1329 3067 conservet.
1382 3009 1515 3064 Nam
1553 3011 1666 3063 sive
1713 3010 1766 3062 in
1810 3007 2059 3079 Assyrio-

476 3126 593 3163 rnnt
647 3108 923 3178 regione,
952 3107 1069 3161 sive
1117 3106 1171 3160 in
1220 3103 1487 3176 Egypto',
1545 3104 1595 3156 in
1650 3101 1952 3173 Babylone,
2002 3101 2054 3153 in

2162 2019 2227 2073 ρα
2262 2001 2449 2065 αὐτοῦ,
2488 2000 2583 2054 τοῦ
2628 2000 2870 2071 ζηλῶσαι
2911 2002 2971 2054 τὸ
3014 2001 3370 2071 καταλειφθὲν
3404 2002 3497 2056 τοῦ
3531 2003 3683 2057 λαοῦ.
3727 2024 3745 2054 ι

2171 2086 2395 2149 ’Δνθόὗ
2435 2096 2464 2148 6
2522 2094 2619 2164 μὲν
2668 2092 2922 2157 Ἀκύλας,
2975 2113 2992 2144 t
3030 2094 3377 2165 Προσθήσει,
3427 2095 3587 2167 φησὶ,
3640 2095 3754 2148 Κύ-

2160 2205 2275 2259 ριος
2296 2186 2544 2258 δεύτερον
2569 2186 2666 2258 τὴν
2701 2189 2859 2257 χεῖρα
2888 2186 3077 2247 αὐτοῦ,
3108 2185 3203 2238 τοῦ
3237 2186 3478 2258 ζηλῶσαι
3516 2188 3578 2241 τὸ
3614 2188 3753 2241 ὑπό-

2158 2279 2367 2349 λειμμα
2394 2276 2487 2330 τοῦ
2511 2276 2640 2329 λαοῦ
2676 2275 2862 2329 αὐτοῦ·
2907 2294 2926 2327 ι
2961 2277 3065 2330 ὁδέ
3094 2275 3410 2346 Σύμμαχος,
3448 2294 3465 2326 ι
3506 2276 3751 2347 Προσθή-

2160 2387 2244 2423 σει
2272 2368 2475 2441 Κύριος
2518 2370 2581 2421 ἐκ
2609 2368 2864 2440 δευτέρου
2895 2368 2994 2439 τὴν
3028 2371 3185 2439 χεῖρα
3235 2366 3400 2422 αὑτοῦ
3444 2367 3756 2439 κτήσασθαι

2159 2463 2219 2516 τὸ
2268 2461 2582 2532 ὑπόλειμμα
2612 2460 2705 2513 τοῦ
2753 2460 2883 2514 λαοῦ
2920 2459 3105 2516 αὑτοῦ.
3148 2479 3167 2512 ι
3214 2460 3426 2533 Ὥσπερ
3463 2460 3574 2533 γὰρ
3604 2461 3755 2527 ἅπαξ

2160 2554 2291 2608 ποτέ
2328 2556 2385 2607 ἐν
2415 2553 2677 2623 Αἰγύπτῳ
2710 2551 3183 2623 καταπονούμενον
3204 2552 3295 2605 τὸν
3325 2552 3433 2606 τῶν
3479 2553 3754 2607 Ἰουδαίων

2158 2648 2284 2702 λαὸν
2313 2647 2654 2719 ἠλευθέρωσε
2669 2646 2770 2716 τῆς
2800 2646 3118 2709 κακώσεως,
3141 2646 3240 2717 τὴν
3266 2650 3425 2717 χεῖρα
3452 2646 3617 2700 αὑτοῦ
3652 2646 3755 2719 τὴν

2159 2742 2583 2814 παραδοξοποιὸν
2599 2744 2686 2797 διὰ
2708 2743 2841 2797 Matii
2852 2740 2986 2804 σέως
3016 2741 3486 2813 προστησάμενος,
3500 2739 3567 2793 δι’
3585 2732 3658 2813 ἦς
3680 2740 3753 2794 τὰ

2160 2836 2437 2908 παράδοξα
2453 2835 2705 2906 θαύματα
2718 2834 3012 2907 εἰργάσατο
3028 2834 3121 2887 ἐπὶ
3136 2834 3234 2905 τῆς
3250 2833 3524 2903 Αἰγύπτου
3543 2834 3751 2905 χώραςο

2158 2928 2249 2983 τὸν
2277 2930 2441 2983 αὐτὸν
2478 2930 2680 2999 τρόπον
2716 2928 3014 3001 προσθήσει
3049 2927 3208 2980 πάλιν
3245 2926 3345 2998 τὴν
3370 2928 3528 2998 χεῖρα
3559 2925 3752 2989 αὑτοῦ,

2160 3017 2309 3071 ὥσπε
2318 3036 2349 3090 ρ
2364 3022 2427 3073 ἐκ
2443 3018 2698 3090 δευτέρου
2724 3017 2889 3071 κινῶν
2910 3018 3080 3087 αὐτὴν
3101 3017 3189 3070 διὰ
3212 3016 3527 3088 παραδόξων
3546 3017 3752 3089 ἔργων,

2160 3109 2301 3181 ὑπὲρ
2326 3110 2418 3164 τοῦ
2448 3110 2775 3180 κτήσασθαι,
2797 3110 2891 3163 καὶ
2910 3110 3150 3180 ζηλωτὸν
3180 3110 3401 3180 ποιῆσαι
3418 3109 3477 3163 τὸ
3502 3111 3756 3165 καταλει-

474 3201 776 3268 ᾹΞιΙιῙονίο,
807 3200 859 3254 in
899 3198 1250 3253 Elamitarum
1286 3206 1451 3259 terra.
1478 3213 1542 3250 ac
1575 3196 1627 3251 in
1661 3195 1881 3265 reliquis
1906 3194 2055 3248 orbis

2163 3200 2293 3269 φθὲν
2325 3200 2418 3254 τοῦ
2452 3200 2602 3253 λαοῦ.
2638 3200 2763 3253 Εἴτε
2785 3201 2894 3273 γὰρ
2914 3203 2971 3254 ἐν
2996 3203 3061 3271 τῇ
3090 3201 3196 3254 τῶν
3240 3202 3537 3274 Ἀσσυρίων
3573 3203 3751 3275 χώρᾳ,

474 3296 720 3368 partibus
747 3309 813 3349 ex
858 3294 1078 3348 .lndaica
1112 3302 1270 3363 gente
1314 3293 1536 3360 quidam
1570 3291 1798 3360 dispersi
1827 3300 2049 3344 essent:

473 3404 539 3442 ex
564 3403 752 3442 eorum
785 3401 1010 3441 numero
1036 3400 1131 3439 eos
1169 3386 1259 3454 qui
1295 3383 1348 3437 in
1374 3382 1653 3438 Christum
1681 3382 2054 3446 crediderunt,

474 3496 538 3535 ac
578 3480 874 3533 secundum
927 3477 1251 3533 electionem
1306 3476 1495 3543 gratite
1545 3475 1820 3531 residuum
1872 3472 2055 3530 edet-ti

473 3582 622 3636 sunt,
652 3570 821 3640 gloria
870 3568 1183 3624 alliciendos
1221 3580 1276 3623 et
1305 3569 1547 3623 studiose
1593 3574 1891 3623 servandos
1934 3581 2056 3622 esse

473 3664 677 3717 dictum
721 3670 827 3716 est.
873 3660 1027 3729 Quod
1074 3676 1205 3714 sane
1248 3660 1378 3730 ipsis
1419 3660 1674 3728 operibus
1720 3660 2054 3715 declaratum

473 3763 595 3809 est:
627 3769 753 3807 nam
788 3767 881 3823 per
909 3751 1205 3821 discipulos
1243 3761 1297 3806 et
1331 3751 1603 3821 apostolos
1636 3752 1826 3821 ipsius,
1863 3768 1927 3807 ac
1957 3767 2053 3821 per

472 3848 611 3903 alios
643 3860 712 3902 ex
754 3845 976 3907 Judaais,
1020 3845 1111 3915 qui
1150 3844 1350 3899 Christi
1398 3844 1618 3899 verbum
1665 3854 2054 3912 susceperunt,

475 3941 720 3997 Ecclesia
759 3938 851 3993 Dei
892 3938 1187 3994 constituta
1228 3948 1350 3994 est:
1383 3953 1481 4008 per
1509 3953 1603 3994 eos
1635 3938 1764 3994 item
1813 3936 2054 3993 Ecclesia

476 4037 716 4105 gentium
746 4035 991 4089 omnium
1039 4033 1274 4096 coaluit,
1320 4047 1385 4087 ac
1426 4032 1693 4087 universis
1743 4031 2057 4086 nationibus

476 4127 830 4198 Evangelium
877 4125 1138 4180 traditutn
1187 4133 1322 4179 est:
1372 4125 1481 4179 Deo
1526 4124 1719 4193 signis,
1770 4124 2054 4194 prodigiis,

474 4221 751 4288 variisque
796 4218 1084 4272 virtutibus
1114 4232 1178 4270 ac
1224 4216 1429 4286 Spiritu
1472 4225 1660 4271 sancto
1706 4230 1806 4285 per
1849 4215 2055 4285 gratia-

473 4327 594 4365 rum
645 4311 938 4387 divisiones
991 4309 1361 4364 testimonhnn
1418 4325 1576 4363 suum
1650 4309 1903 4364 addente.
1950 4307 2057 4363 Eos

476 4413 656 4457 autem
692 4403 783 4471 qui
838 4403 1058 4457 verbum
1108 4404 1176 4456 ab
1210 4402 1317 4456 illis
1371 4402 1721 4471 praedicatum
1770 4414 2052 4466 accepere,

478 4497 580 4551 sub
622 4495 787 4550 tutela
837 4512 933 4550 sua
990 4495 1131 4551 Deus
1177 4496 1418 4551 studiose
1464 4493 1641 4559 fovet,
1685 4502 1739 4548 et
1790 4492 2057 4562 gloriosus

477 4590 618 4660 apud
654 4606 842 4646 omnes
873 4589 1051 4646 eﬂicit.

552 4774 713 4829 Vens.
741 4773 828 4829 12.
874 4792 892 4827 ι
923 4773 991 4828 Ει
1021 4772 1219 4828 levabit
1260 4771 1473 4841 signum
1507 4771 1560 4825 in
1601 4778 1810 4838 gentes,
1841 4778 1897 4825 et
1925 4784 2058 4824 con-

474 4869 720 4939 gregabit
764 4866 1001 4938 perditos
1033 4863 1217 4930 Israel,
1249 4873 1304 4917 et
1336 4864 1610 4932 dispersos
1656 4861 1793 4917 Juda
1828 4876 2055 4929 congre-

472 4963 619 5033 gabit
661 4975 730 5017 ex
776 4970 1009 5030 quatuor
1055 4958 1157 5012 alis
1210 4966 1389 5011 teme.
1434 4955 1501 5010 Et
1564 4953 1837 5010 auferetur
1902 4955 2056 5009 zelus

474 5055 770 5127 prraim,
835 5062 891 5107 et
960 5051 1163 5105 inimici
1240 5048 1377 5103 Juda
1457 5048 1729 5117 peribunt.
1795 5048 2051 5117 Ephraim

473 5164 578 5203 non
625 5146 964 5204 temulabitur
1007 5141 1236 5205 ludam,
1284 5152 1339 5196 et
1389 5134 1559 5195 Iudas
1613 5155 1721 5194 non
1773 5140 2057 5194 tribulabit

472 5240 793 5311 Ephraim.»
839 5236 975 5292 Nam
1025 5233 1222 5290 Christi
1278 5231 1527 5303 discipuli
1582 5231 1647 5287 iis
1683 5233 1775 5302 qui
1824 5247 1889 5287 ex
1940 5233 2052 5287 cir-

471 5333 806 5388 cumcisione
845 5336 1023 5391 erant,
1056 5326 1229 5397 primo
1260 5324 1638 5395 praedicantes,
1671 5340 1733 5379 ex
1773 5325 1906 5395 ipsis
1938 5340 2051 5389 eos,

470 5427 562 5496 qui
598 5424 968 5487 crediderunt,
1004 5428 1404 5487 congregarunt
1433 5418 1485 5472 in
1520 5417 1761 5472 Ecclesia
1798 5416 2001 5471 Christi
2035 5436 2050 5472 :

470 5518 562 5589 qui
610 5529 745 5572 sane
776 5500 904 5569 ulim
939 5512 1234 5581 perierant,
1279 5519 1341 5563 ut
1390 5510 1649 5564 Servatur
1680 5508 1922 5563 declarat
1968 5506 2056 5561 his

473 5610 671 5675 verbis,
703 5626 722 5659 ι
752 5606 833 5662 lte
855 5606 920 5661 ad
946 5617 1098 5669 oves,
1127 5618 1245 5675 quae
1267 5602 1542 5673 perierunt
1565 5599 2051 5657 domusisrael’h

470 5703 599 5759 Hec
657 5714 817 5772 porro
866 5699 1118 5754 fecerunt
1172 5698 1226 5754 in
1286 5705 1521 5767 quatuor
1574 5693 1677 5751 alis
1714 5693 1830 5749 sive
1883 5690 2058 5764 plagis

541 5882 589 5959 τι
628 5880 814 5941 Matth.
848 5896 905 5949 Χ,
933 5881 985 5935 6.
1040 5836 1043 5839 ’

2162 3295 2273 3347 εἴτε
2300 3295 2358 3346 ἐν
2384 3292 2664 3363 Αἰγύπτῳ,
2695 3294 2803 3346 εἴτε
2838 3296 2895 3347 ἐν
2924 3292 3224 3355 Βαόυλῶνι,
3257 3293 3369 3346 εἴτε
3397 3297 3454 3347 ἐν
3469 3294 3752 3368 Αἰθιοπίᾳ,

2158 3384 2266 3437 εἴτε
2291 3386 2348 3437 ὲν
2373 3387 2439 3456 τῇ
2465 3387 2535 3455 γῇ
2552 3385 2659 3437 τῶν
2693 3386 3013 3456 Ἐλαμιτῶν,
3039 3385 3150 3440 εἴτε
3170 3390 3235 3460 τῇ
3257 3388 3416 3459 λοιπῇ
3433 3390 3754 3462 οἰκουμένῃ,

2156 3476 2545 3549 διεσπαρμένοι
2573 3477 2717 3541 τινες
2742 3472 2883 3548 ἦσαν
2914 3478 3006 3531 τοῦ
3074 3478 3345 3533 Ἰουδαίων
3388 3479 3592 3543 ἔθνους·
3626 3482 3758 3533 τού-

2157 3585 2265 3621 των
2279 3567 2457 3621 air:th
2474 3569 2599 3631 τοὺς
2622 3569 2702 3630 είς
2733 3568 2823 3621 τὸν
2848 3569 3083 3639 Χριστὸν
3115 3570 3571 3633 πεπιστευκότας,
3598 3570 3755 3641 λεῖμι-

2163 3676 2240 3730 μα
2269 3660 2390 3712 κατ’
2425 3658 2655 3730 ἐκλογὴν
2697 3658 2921 3730 χάριτος
2969 3659 3317 3729 γενομένους,
3364 3659 3610 3723 δοξάσειν
3656 3662 3756 3713 καὶ

2160 3752 2409 3823 ποιήσειν
2437 3751 2710 3821 ζηλωτοὺς
2739 3750 2972 3823 εἴρηται.
3005 3753 3069 3804 Ὃ
3108 3752 3171 3823 δὴ
3208 3754 3300 3805 καὶ
3332 3752 3514 3824 ἔργοις
3539 3753 3755 3826 ἐδηλοῦ-

2154 3862 2238 3913 το·
2274 3844 2361 3897 διὰ
2386 3846 2494 3915 γὰρ
2521 3844 2629 3897 τῶν
2660 3844 2825 3898 αὑτοῦ
2861 3843 3120 3915 μαθητῶν
3152 3845 3247 3898 καὶ
3270 3847 3604 3911 ἀποστόλων,
3641 3848 3755 3901 τῶν

2158 3953 2218 3990 τε
2246 3935 2449 3990 λοιπῶν
2478 3935 2585 3990 τῶν
2606 3936 2664 4000 ἐξ
2698 3935 2966 3991 Ἰουδαίων
2996 3936 3088 3989 τὸν
3114 3939 3350 4009 Χριστοῦ
3384 3938 3542 4008 λόγον
3566 3957 3753 4012 παρα-

2158 4027 2581 4099 δεδεγμένων,ἠ
2626 4029 2921 4098 Ἐκκλησία
2965 4030 3060 4082 τοῦ
3090 4031 3225 4084 Θεοῦ
3268 4030 3521 4101 συνέστη,
3572 4032 3668 4085 καὶ
3718 4033 3753 4103 ἡ

2174 4121 2469 4191 Ἐκκλησία
2495 4122 2604 4175 τῶν
2630 4120 2798 4175 ἐθνῶν
2817 4123 3073 4176 ἁπάντων
3089 4124 3154 4176 δι’
3186 4124 3361 4177 αὐτῶν
3389 4123 3753 4194 ἀπετελέσθη,

2159 4212 2345 4266 καὶτὸ
2379 4212 2709 4282 Εύαγγέλιον
2757 4214 2889 4267 πᾶσι
2934 4213 3185 4268 διεδίδοτο
3224 4218 3336 4279 τοῖς
3386 4214 3583 4279 ἔθνεσι,
3623 4234 3755 4270 συν-

2160 4302 2662 4375 επιμαρτυροῦντος
2684 4301 2780 4356 τοῦ
2809 4302 2945 4355 Θεοῦ
2972 4304 3238 4375 σημείοις,
3272 4308 3366 4359 καὶ
3399 4304 3612 4377 τέρασι,
3653 4309 3752 4361 καὶ

2160 4394 2741 4465 ποικίλαιςδυνάμεσι,
2778 4395 2871 4448 καὶ
2900 4395 3219 4467 Πνεύματος
3250 4398 3407 4465 ἁγίου
3438 4404 3750 4469 μερισμοῖς·

2159 4488 2251 4552 οὒς
2286 4491 2380 4542 καὶ
2410 4489 2683 4561 ζηλωτοὺς
2712 4493 2740 4543 6
2771 4490 2902 4554 Θεὸς
2929 4492 3122 4554 ἐποίει,
3155 4493 3245 4545 καί
3281 4493 3432 4564 παρὸ.
3462 4496 3626 4547 πᾶσιν
3660 4497 3752 4548 ἐν-

2091 4591 2133 4646 ῐ)
2160 4580 2366 4647 δόξους,
2399 4584 2524 4645 τοὺς
2573 4584 2663 4638 τὸν
2706 4584 3212 4655 καταγγελλόμενον
3252 4584 3346 4637 ὑπ’
3389 4586 3569 4639 αὐτῶν
3591 4586 3752 4657 λόγον

2166 4674 2660 4746 παραδεχομένους.

2243 4791 2261 4819 ι
2287 4770 2401 4820 Καὶ
2434 4770 2556 4839 ἀρεῖ
2601 4773 2826 4839 σημεῖον
2859 4773 2938 4833 εἰς
2961 4770 3030 4824 τὰ
3062 4770 3211 4843 ἔθνη,
3246 4775 3340 4827 καὶ
3378 4772 3595 4839 συνάξει
3627 4774 3754 4838 τοὺς

2164 4856 2532 4928 ἀπολομένους
2579 4858 2814 4930 Ἰσραὴλ,
2850 4862 2945 4913 καὶ
2970 4863 3095 4925 τοὺς
3115 4861 3547 4934 διεσπαρμένους
3584 4862 3753 4915 Ἰούδα

2166 4949 2383 5014 συνάξει
2425 4953 2491 5003 ἐκ
2536 4950 2645 5005 τῶν
2674 4953 2956 5022 τεσσάρων
3002 4954 3289 5025 πτερύγων
3332 4955 3431 5024 τῆς
3461 4954 3587 5024 γῆς.
3642 4956 3754 5009 Καὶ

2162 5042 2590 5117 ἀφαιρεθήσεται
2617 5046 2645 5096 6
2679 5044 2841 5113 ζῆλος
2868 5045 3128 5116 Ἐφραῒμ,
3157 5048 3250 5099 καὶ
3274 5048 3323 5099 οἱ
3353 5046 3535 5119 ἐχθροὶ
3581 5046 3753 5100 Ἰούδα

2160 5133 2507 5187 ἀπολοῦνται.
2551 5132 2791 5205 Ἐφραῒμ
2821 5136 2881 5187 ού
2909 5134 3139 5205 ζηλώσει
3175 5134 3393 5202 Ἰούδαν,
3420 5136 3512 5188 καὶ
3554 5135 3754 5200 Ἰούδας

2159 5227 2220 5279 οὑ
2270 5224 2447 5295 θλίψει
2509 5225 2765 5296 Ἐφραΐμ.
2799 5245 2817 5275 ι
2876 5224 3117 5295 Πρώτοις
3169 5226 3279 5299 γὰρ
3308 5226 3672 5297 κηρύττοντες
3703 5228 3752 5280 οἰ

2162 5318 2400 5391 Χριστοῦ
2436 5318 2673 5389 μαθηταὶ
2695 5320 2805 5381 τοῖς
2832 5320 2896 5371 ἐκ
2929 5320 3250 5391 περιτομῆς,
3279 5320 3509 5390 συνῆγον
3539 5322 3668 5385 τοὺς
3696 5321 3751 5387 ἐξ

2165 5412 2343 5466 αὐτῶν
2371 5412 2803 5475 πεπιστευκότας
2819 5412 2898 5475 εἰς
2911 5411 3010 5482 τὴν
3029 5412 3123 5466 τοῦ
3145 5412 3380 5485 Χριστοῦ
3399 5412 3748 5483 Ἐκκλησίαν,

2164 5506 2333 5560 πάλαι
2360 5506 2519 5569 ὄντας
2560 5505 2949 5575 ἀπολομένους,
2979 5505 3101 5559 καθ’
3136 5506 3166 5558 ὃ
3198 5506 3476 5559 ἐδίδασκεν
3502 5506 3530 5557 ὁ
3562 5505 3752 5576 Σωτὴρ

2163 5600 2357 5669 λέγων⁸
2392 5618 2411 5651 ι
2442 5598 2745 5669 Πορεύεσθε
2785 5598 2921 5672 πρὸς
2953 5599 3020 5653 τὰ
3052 5599 3300 5671 πρόϐατα
3336 5598 3407 5652 τὰ
3436 5597 3751 5655 ἀπολωλότα

2162 5692 2312 5747 οἴκου
2357 5689 2591 5762 Ἰσραήλ.
2633 5710 2651 5744 ›
2681 5690 2867 5747 Ταῦτα
2892 5690 2949 5747 δὲ
2970 5691 3237 5764 ἔπραττον
3253 5691 3312 5747 ἐν
3341 5694 3460 5757 ταῖς
3489 5690 3751 5764 τέσσαρσι
