3968 6500
258 394 381 451 ΓΠ
1243 400 1745 458 ΟΟΗΜΕΝΤΑΒῙΑ
1784 404 1847 460 IN

1958 406 2145 466 AIAM.
2184 442 2253 477 .—-
2289 411 2444 468 CAP.
2483 409 2577 470 XI.
3441 417 3542 472 £78

257 515 509 587 πτέρυξι
541 514 642 587 τῆς
691 519 816 589 γῆς,
843 516 1218 589 διατρέχοντες
1246 522 1511 595 ἀνατολὴν
1555 525 1650 577 xui
1694 524 1845 578 δύσιν

1973 537 2168 583 ωτι-εει
2204 529 2479 586 Orientem
2524 540 2580 586 et
2611 530 2978 598 Occidentem,
3015 534 3450 605 Septentrionem
3489 546 3543 588 et

254 604 478 675 ἄρκτον
526 606 622 659 xui
674 608 1041 681 μεσημϐρίαν.
1084 612 1329 681 Πρώτοις
1363 615 1460 684 μὲν
1513 611 1607 669 οὖν
1643 616 1847 669 ἐκείνου

1972 620 2248 678 Meridiem
2285 635 2683 694 percurrentes.
2728 624 2838 683 Illis
2867 629 3047 697 itaque
3093 628 3269 698 primo
3312 641 3544 695 evange-

257 696 626 765 μετεδίδοσαν
654 699 748 752 τοῦ
774 700 1130 769 εὐαγγελικοῦ
1164 703 1345 773 λόγου,
1386 707 1577 760 ἔπειτα
1621 710 1732 771 τοῖς
1759 709 1847 762 λοι·

1970 710 2133 766 licum
2182 716 2404 769 verbum
2464 714 2839 781 tradiderunt,
2892 696 3109 773 deinde
3136 717 3359 787 reliquis
3407 731 3541 785 gen-

251 790 398 850 ποῖς
428 786 638 842 ἔθνεσιν
663 790 983 862 ἐκήρυττον.
1018 793 1108 847 Διὸ
1142 795 1407 851 λέλεκται*
1447 817 1465 848 ι
1503 800 1612 853 Kui
1652 799 1844 865 συνάξε

1972 805 2115 859 til-us
2160 807 2542 875 praedicarunt.
2596 809 2954 877 Quamobrem
3000 812 3202 865 dictum
3253 786 3372 873 est.
3429 830 3448 859 ι
3479 808 3544 863 Ει

248 879 397 941 τοὺς
457 880 807 947 ἀπολωλότας
847 884 1083 957 Ἰσραὴλ,
1136 887 1230 941 καὶ
1276 891 1401 954 τοὺς
1440 890 1847 963 διεσπαρμένους

1969 900 2320 966 congregabit
2364 902 2599 969 perditos
2650 902 2847 964 Israel,
2896 911 2950 956 ct
3004 903 3272 970 dispersos
3320 899 3533 955 ludant

262 970 477 1024 Ἰούδα.
527 992 547 1025 ι
583 973 679 1037 Τίς
699 974 755 1027 δὲ
798 976 1015 1043 συνάξει
1042 978 1074 1048 ἢ
1122 980 1150 1033 6
1188 980 1542 1047 ἀποστολικὸς
1567 984 1745 1055 χορὸς,
1775 986 1807 1056 ἢ
1838 1006 1847 1037 ι

1968 987 2100 1053 Quis
2132 993 2500 1059 congregabit,
2548 994 2649 1047 nisi
2700 993 3027 1064 apostolicus
3062 994 3282 1056 chorus.
3333 995 3448 1047 sive
3496 993 3540 1047 is

247 1059 325 1113 δι’
360 1061 549 1115 αὐτῶν
577 1065 980 1135 κηρυττόμενος
1008 1070 1072 1121 ὲκ
1103 1068 1259 1139 ῥίζης
1295 1072 1526 1137 Ἰεσσαί;
1562 1074 1847 1145 Συνήγοντσ

1967 1080 2057 1147 qui
2087 1079 2156 1133 ab
2194 1081 2300 1135 illis
2327 1084 2677 1149 praedicatur,
2704 1059 2768 1139 ex
2808 1085 2990 1139 radice
3036 1082 3200 1139 Jessae
3243 1085 3435 1139 ortus?
3482 1083 3540 1137 in

248 1166 317 1202 τε
376 1152 488 1204 ὑπὸ
555 1154 684 1224 μίαν
738 1156 1106 1227 Ἐκκλησίαν,
1154 1160 1336 1214 οὐκέτι
1385 1161 1691 1229 διεστῶτες,
1746 1164 1847 1218 οὐδὲ

1968 1185 2071 1223 una
2110 1187 2274 1241 porro
2304 1174 2546 1231 Ecclesia
2582 1184 2711 1231 tunc
2740 1177 3231 1248 congregabantur,
3265 1194 3368 1231 non
3402 1179 3540 1233 ultra

249 1244 646 1316 ἀφωρισμένοι
682 1248 952 1321 ἀλλήλων,
982 1251 1058 1316 ὡς
1089 1254 1150 1306 τὸ
1191 1254 1474 1325 πρότερον.

1967 1262 2162 1327 dissiti,
2194 1280 2367 1335 neque
2395 1269 2652 1336 separati,
2688 1278 2742 1322 ut
2781 1280 2960 1323 antea.

336 1355 359 1387 ι
410 1340 528 1393 Καὶ
578 1342 1011 1414 πετασθήσονται
1056 1347 1115 1398 ὲν
1159 1346 1367 1410 πλοίοις
1401 1348 1735 1419 ἀλλοφύλων,
1772 1351 1847 1405 90i-

2039 1351 2201 1409 Veas.
2235 1354 2319 1408 14.
2384 1373 2402 1407 ι
2438 1356 2503 1411 Ει
2562 1358 2821 1413 volabunt
2868 1361 2918 1412 in
2970 1359 3193 1413 navibus
3242 1358 3542 1429 allophylu-

250 1427 477 1483 λασσαν
498 1432 618 1502 ἃμα
644 1434 1123 1504 προνομεύσουσιν.
1167 1460 1187 1489 ι
1234 1438 1429 1510 Ἐχρῆν
1444 1441 1622 1493 τοίνυν
1643 1442 1847 1506 αὐτοὺς

1967 1458 2117 1509 rum,
2175 1460 2326 1500 mare
2359 1448 2520 1502 simul
2569 1450 2974 1517 praedabantur.
3007 1469 3025 1503 ι
3084 1427 3544 1521 Οροτιιιίιήίε-ἰιιιι·

250 1520 325 1573 τὰ
364 1520 500 1593 ἔθνη
525 1525 1000 1595 περινοστοῦντας,
1040 1528 1258 1593 πάντως
1286 1548 1387 1583 που
1430 1532 1525 1585 xui
1550 1535 1617 1604 τῇ
1655 1533 1744 1587 διὰ
1766 1533 1847 1588 θα-

1964 1552 2096 1600 eos,
2154 1548 2440 1609 postquam
2504 1551 2694 1612 gentes
2757 1520 3187 1612 circumquaque
3257 1544 3541 1605 adierant.

249 1608 476 1681 λάσσης
515 1616 821 1685 χρήσασθαι
856 1617 1073 1689 πορείᾳ.
1116 1619 1328 1691 Ὠσπερ
1367 1617 1461 1674 οὖν
1493 1623 1797 1695 ἰπτάμενοι,

1964 1630 2128 1686 etiam
2165 1635 2330 1686 maris
2380 1633 2573 1687 itinera
2615 1636 2852 1689 emoliri.
2883 1634 3046 1701 Quasi
3095 1635 3339 1689 volantes
3379 1636 3545 1704 igitur

247 1702 433 1771 τάχος
469 1705 562 1757 xui
614 1705 706 1759 τὸν
754 1706 841 1760 διὰ
882 1708 1152 1782 θαλάττης
1190 1710 1391 1782 δρόμον
1424 1713 1657 1785 διήνυον*
1680 1716 1754 1780 ὼς
1803 1719 1847 1770 ex

1966 1733 2124 1787 quam
2156 1720 2406 1775 Celeriter
2448 1737 2669 1777 cursum
2717 1724 2884 1779 maris
2933 1723 3325 1792 conﬁciebant,
3370 1726 3443 1779 ita
3488 1734 3544 1780 ut

254 1792 467 1863 βραχεῖ
492 1796 670 1867 χρόνῳ
706 1796 976 1863 πλείστοις
1010 1800 1187 1854 ἔθνεσι
1218 1803 1281 1856 τὸ
1319 1804 1650 1874 Εὐαγγέλιον
1685 1807 1847 1879 κηρύ-

1965 1810 2114 1864 brevi
2146 1813 2570 1881 quamplurimis
2604 1817 2858 1885 gentibus
2895 1817 3242 1886 Evangelium
3284 1819 3543 1887 pradica-

246 1885 366 1950 ξαι.
420 1887 533 1939 Καὶ
562 1888 689 1940 ποτὲ
727 1890 825 1959 μὲν
856 1889 1130 1962 διέτρεχον
1165 1895 1357 1965 πεζῆς,
1391 1898 1521 1949 ποτὲ
1551 1897 1608 1950 δὲ
1651 1898 1738 1953 διὰ
1763 1900 1847 1954 θα-

1970 1911 2107 1956 rent.
2138 1903 2204 1957 Et
2246 1919 2377 1958 sane
2423 1907 2581 1962 modo
2614 1884 2875 1976 pedibus,
2908 1884 3069 1962 modo
3105 1910 3239 1963 mari
3278 1910 3379 1963 iter
3420 1924 3542 1979 age-

246 1978 495 2049 λὰσσης·
539 1981 641 2033 οὐκ
683 1981 957 2046 Ἰουδαίοις
1003 1984 1276 2056 χρώμενοι
1310 1988 1695 2061 κυϐερνήταις,
1746 1993 1846 2046 ἀλλ

1964 1994 2131 2060 bant;
2181 2011 2288 2050 non
2343 1994 2545 2053 Judmis
2596 2000 3048 2071 gubernatoribus
3098 2002 3210 2067 nsi,
3256 2002 3351 2056 sed
3387 1978 3542 2066 viris,

246 2072 526 2142 ἀνδράσιν
554 2073 709 2127 οὔπω
742 2076 832 2128 τὸν
873 2078 1107 2150 Χριστὸν
1160 2082 1670 2154 παραδεδεγμένοις.
1706 2088 1847 2141 Κατὲ

1965 2087 2054 2155 qui
2104 2089 2340 2143 nondum
2392 2090 2670 2146 Christum
2705 2106 3077 2163 susceperant.
3127 2094 3240 2149 Hac
3280 2109 3543 2150 veroru-

245 2164 423 2219 τοῦτο
449 2164 510 2218 δὲ
543 2167 639 2220 xui
670 2168 770 2239 τὴν
797 2170 1069 2225 θάλασσαν
1085 2174 1468 2245 ἐπρονόμευον,
1496 2178 1639 2231 οὕτω
1666 2180 1864 2252 σημαί-

246 2275 447 2322 νοντος
488 2260 585 2312 τοῦ
617 2260 777 2329 λόγου
820 2262 918 2328 τὰς
946 2265 1164 2335 νήσους,
1198 2266 1265 2330 ἀς
1311 2270 1369 2321 ὲν
1415 2270 1629 2341 παρόδῳ
1655 2272 1864 2344 διερχό-

249 2364 441 2417 μενοι,
472 2350 602 2414 τοὺς
631 2354 688 2404 ὲν
716 2353 909 2418 αὐταῖς
950 2358 1017 2426 τῇ
1055 2359 1307 2430 σωτηρίῳ
1342 2360 1747 2418 καθυπέταττον
1774 2366 1852 2421 δι·-

246 2438 556 2511 διασκαλίᾳ.

324 2552 345 2584 ι
394 2535 507 2586 Καὶ
558 2537 686 2599 τοὺς
725 2536 817 2607 ἀφ’
858 2539 1011 2607 ήλίου
1074 2542 1369 2611 ἀνατολῶν,
1397 2549 1491 2600 xui
1537 2548 1857 2619 Ἰδουμαίαν,

249 2625 353 2676 xui
414 2627 511 2679 ἐπὶ
577 2629 755 2683 arma
811 2632 1027 2704 πρῶτον
1088 2635 1188 2699 τὰς
1253 2642 1442 2710 χεῖρας
1488 2640 1856 2697 ἐπιϐαλοῦσιν.

1964 2181 2108 2236 tione
2149 2183 2312 2236 etiam
2367 2187 2539 2241 maria
2588 2187 3002 2255 praedabantur;
3041 2191 3124 2245 his
3171 2191 3543 2260 signiﬁcantur

1965 2274 2156 2330 insulae
2189 2292 2419 2346 quarum
2458 2280 2666 2335 incolas
2693 2284 2818 2335 dum
2854 2282 2905 2335 in
2938 2294 3255 2338 transcursu
3289 2299 3543 2356 peragra-

1964 2378 2104 2435 rent,
2135 2368 2364 2424 salutari
2395 2372 2657 2427 doctrinae
2685 2374 3064 2443 sulijiciebant.

2039 2564 2058 2598 ι
2090 2547 2156 2601 Et
2181 2563 2275 2603 eos
2308 2548 2397 2618 qui
2439 2559 2568 2603 sunt
2598 2551 2665 2604 ab
2696 2561 2818 2605 ortu
2853 2550 3003 2617 solis,
3033 2562 3087 2607 et
3122 2551 3412 2608 ldumaeam
3440 2573 3453 2609 :
3491 2565 3544 2608 et

1963 2637 2014 2692 in
2052 2638 2207 2693 Moab
2242 2642 2419 2709 primo
2457 2657 2649 2696 manus
2683 2643 2945 2712 injicient.
2976 2643 3095 2698 Filii
3124 2644 3354 2700 Ammon
3384 2646 3543 2715 primi

249 2719 316 2771 0i
378 2718 488 2771 υἱοὶ
552 2721 777 2792 Ἀμμὼν
838 2726 1045 2799 πρῶτοι
1090 2728 1513 2785 ὑπακούσονται.
1581 2753 1600 2786 ι
1657 2736 1847 2805 Προνο-

1959 2732 2283 2785 οὺειίίεηι.»
2333 2732 2748 2798 Praedahuntur,
2798 2735 2993 2805 inquit,
3035 2736 3237 2792 Christi
3289 2738 3543 2808 discipuli

253 2805 565 2877 μεύσουσιν
598 2807 710 2878 οὖν,
741 2816 926 2884 φησὶν,
967 2820 1014 2870 οἰ
1061 2820 1295 2891 Χριστοῦ
1331 2823 1572 2894 μαθηταὶ
1604 2827 1698 2878 xui
1729 2829 1847 2891 τοὺς

1958 2824 2126 2877 etiam
2157 2839 2253 2879 eos
2283 2826 2374 2894 qui
2404 2825 2474 2879 ab
2504 2837 2627 2881 ortu
2662 2829 2793 2882 solis
2841 2841 3003 2883 sunt:
3039 2839 3297 2884 narratur
3340 2832 3543 2902 quippe

250 2900 356 2967 ἀφ’
385 2900 541 2970 ήλίου
592 2904 889 2961 ἀνατολῶν·
937 2910 1273 2981 ἱστοροῦνται
1306 2913 1437 2982 γοῦν
1488 2933 1633 2981 τινες
1678 2918 1847 2972 αὐτῶν

1958 2927 2146 2967 eorum
2198 2916 2459 2984 quosdam
2514 2932 2684 2987 usque
2729 2919 2795 2971 ad
2845 2919 3128 2974 Persarum
3176 2930 3231 2976 et
3284 2900 3539 2976 ludorum

257 2992 430 3063 μέχρι
460 2992 566 3063 τῆς
611 2995 839 3067 Περσῶν
890 3000 985 3054 xui
1028 3002 1204 3057 Ἰνδῶν
1239 3004 1605 3075 διεληλυθέναι
1650 3009 1847 3081 χώρας.

1961 3005 2236 3072 regionem
2292 3016 2626 3075 penetrasse.
2679 3008 2818 3076 Quia
2869 3025 3003 3065 vero
3053 3012 3329 3082 prophetae
3381 3011 3540 3079 lmjus

268 3084 497 3158 Ἐπειδὴ
525 3087 582 3142 δὲ
604 3090 820 3145 ἐδόκουν
863 3095 1008 3149 κατά
1038 3098 1165 3161 τοὺς
1187 3100 1413 3171 χρόνους
1445 3102 1539 3155 τοῦ
1574 3105 1847 3176 προφήτου

1963 3086 2229 3168 tempore,
2282 3098 2531 3161 Idumaei.
2584 3100 2830 3157 Moabitm
2879 3111 2934 3156 et
2976 3104 3318 3167 Ammonitae.
3353 3115 3540 3173 gentes

264 3174 587 3246 Ἰδουμαῖοι,
623 3181 718 3235 xui
748 3185 1059 3252 Μωαϐῖται,
1108 3190 1199 3242 xui
1250 3191 1600 3262 Ἀμμανῖται,
1624 3174 1701 3248 Ῠτά
1726 3174 1855 3268 περὶ

250 3266 358 3336 τὴν
392 3269 658 3326 Ἰουδαίαν
693 3275 961 3347 Ἀραὸικὰ
980 3278 1130 3351 ἔθνη,
1159 3281 1396 3351 πολέμια
1426 3284 1522 3337 καὶ
1548 3285 1717 3356 ἐχθρὰ
1729 3266 1859 3356 τυγ-

247 3358 447 3427 χάνειν
474 3360 572 3415 τοῦ
623 3367 754 3435 παρ’
808 3367 1092 3434 Ἰουδαίους
1121 3374 1459 3443 τιμωμένου,
1514 3376 1602 3430 διὰ
1632 3379 1730 3450 τὴν
1763 3379 1856 3433 ἐκ-

247 3466 423 3504 τοπον
455 3454 640 3508 αὐτῶν
669 3457 1132 3529 εἰδωλολατρείαν·
1170 3466 1396 3530 εἰκότως
1447 3467 1649 3524 τούτων
1680 3472 1858 3526 αὐτῶν

247 3537 524 3610 ὀνομαστὶ
573 3547 795 3617 μνήμην
828 3551 857 3603 ὁ
882 3549 1039 3618 λόγος
1082 3555 1403 3626 ἐποιήσατο,
1441 3558 1518 3622 ὡς
1552 3561 1645 3613 xui
1679 3562 1857 3616 αὐτῶν

250 3635 718 3706 παραδεξομένων
765 3641 863 3713 τὴν
896 3644 1002 3697 ὑπὸ
1028 3646 1138 3701 τῶν
1167 3649 1479 3705 ἀποστόλων
1518 3654 1857 3726 κηρυχθησορ

251 3730 432 3800 μένην
463 3733 771 3789 εὐσέϐειαν.
1160 3762 1163 3763 ν

330 3840 350 3872 ι
400 3824 514 3877 Καὶ
542 3827 821 3897 ἐρημώσει
860 3832 1063 3903 Κύριος
1105 3832 1205 3905 τὴν
1237 3836 1513 3890 θάλασσαν
1538 3839 1840 3908 Αἰγύπτου,

252 3918 353 3969 xui
380 3916 641 3971 ἐπιϐαλεῖ
693 3919 791 3992 τὴν
840 3926 1002 3995 χεῖρα
1048 3926 1213 3979 αὑτοῦ
1247 3927 1341 3980 ἐπὶ
1380 3928 1473 3982 τὸν
1516 3932 1762 4001 ποταμὸν
1795 3933 1853 3985 ἐν

250 4006 535 4078 πνεύματι
570 4009 747 4082 βιαίῳ.
795 4031 814 4064 ι
849 4015 1128 4083 Αἴγυπτον
1170 4018 1276 4089 μὲν
1312 4019 1410 4090 τὴν
1454 4020 1717 4093 αίσθητὴν
1745 4023 1853 4075 τῶν

250 4100 575 4168 Αίγυπτίων
597 4102 780 4176 χώραν
814 4107 1109 4176 ἀναγκαῖον
1142 4110 1425 4180 ὁμολογεῖν
1445 4129 1459 4143 '
1496 4112 1769 4169 θάλασσαν
1795 4116 1852 4170 δὲ

252 4192 435 4262 αὐτῆς
462 4196 558 4247 xui
589 4198 835 4268 ποταμὸν
873 4199 1253 4272 ἀλληγορικῶς
1307 4204 1648 4275 ἐκδέχεσθαι·
1709 4208 1851 4280 ἅπερ

247 4287 422 4356 φησὶν
469 4288 929 4360 ἑρημωθὴσεσθαι
973 4293 1116 4347 κατά
1152 4294 1280 4358 τοὺς
1340 4298 1851 4369 προφητευομένους

247 4376 504 4448 χρόνους,
537 4379 597 4431 ἐν
642 4374 725 4445 οἷς
770 4383 1104 4455 προσθήσειν
1152 4386 1368 4458 εἴρηται
1420 4391 1449 4441 ὁ
1504 4388 1711 4462 Κύριος
1755 4390 1849 4445 τοῦ

247 4466 426 4532 δεῖξαι
460 4468 561 4539 τὴν
585 4473 742 4541 χεῖρα
768 4473 954 4527 αὑτοῦ.
1003 4476 1068 4528 Ἠ
1109 4477 1219 4546 γὰρ
1252 4478 1538 4551 προσθήκη
1591 4498 1850 4552 προγενο-

1964 3188 2069 3242 illa:
2121 3187 2398 3255 Arabiae,
2453 3190 2598 3244 circa
2654 3189 2893 3247 Judaeum
2951 3195 3172 3263 positae,
3225 3196 3429 3251 inimici
3486 3207 3539 3251 et

1964 3282 2147 3336 hostes
2179 3284 2501 3340 videbantur
2525 3300 2646 3341 esse
2687 3285 2794 3340 Deo
2838 3302 3005 3355 penes
3030 3284 3245 3342 Judwos
3275 3288 3442 3352 culto,
3468 3291 3537 3344 ob

1962 3370 2254 3427 absurdam
2310 3389 2477 3442 quam
2545 3374 2800 3430 fovebant
2854 3375 3253 3444 idololatriam;
3301 3377 3425 3448 jure
3473 3394 3538 3433 ac

1962 3467 2158 3521 merito
2192 3467 2227 3521 ii
2276 3469 2594 3522 nominatim
2646 3479 3170 3533 commemorantur,
3219 3478 3405 3539 utpote
3441 3472 3534 3538 qui

1960 3563 2101 3631 piam
2150 3562 2467 3634 religionem
2512 3563 2580 3619 ab
2610 3563 2869 3635 apostolis
2899 3563 3325 3618 annuntiandam
3352 3578 3539 3620 susce-

1957 3655 2103 3726 pturi
2137 3657 2268 3714 sint.

2029 3827 2198 3885 Vens.
2232 3829 2317 3884 15.
2358 3848 2378 3881 ι
2408 3830 2476 3885 Ει
2512 3839 2787 3886 desertum
2841 3830 3027 3885 reddet
3081 3828 3340 3884 Dominus
3388 3842 3536 3884 mare

1955 3920 2178 3993 {Egypti
2208 3940 2222 3977 :
2258 3931 2312 3975 et
2358 3922 2565 3992 injiciel
2600 3937 2819 3975 mamun
2849 3937 3001 3975 suam
3034 3935 3197 3988 super
3231 3920 3428 3975 ﬂumen
3481 3922 3534 3975 in

1955 4015 2147 4083 Spiritu
2196 4015 2567 4069 vehementi.)
2620 4013 2918 4083 Egyptum
2971 4013 3222 4082 quidem,
3280 4012 3533 4067 sensilem

1956 4106 2103 4159 illam
2130 4104 2512 4177 Egyptiorum
2558 4106 2833 4175 regionem
2862 4118 2982 4158 esse
3022 4103 3332 4158 necessario
3362 4104 3534 4157 conli-

1955 4197 2172 4250 tendum
2227 4206 2347 4262 est;
2399 4195 2494 4250 sed
2540 4210 2689 4249 mare
2735 4204 2787 4248 et
2832 4194 3029 4248 nomen
3076 4194 3194 4263 ejus
3241 4193 3531 4262 allegorice

1952 4287 2306 4355 accipienda:
2348 4302 2466 4355 quae
2508 4287 2558 4341 in
2596 4296 2841 4355 tempore
2886 4302 2914 4340 a
2961 4287 3244 4355 prophetia
3292 4284 3533 4340 iudicato

1954 4379 2213 4432 vastauda
2257 4380 2372 4433 lore
2407 4379 2515 4432 ait:
2563 4381 2781 4448 quando
2810 4380 3068 4434 Dominus
3105 4378 3421 4448 adjecturus
3451 4381 3534 4435 di-

1952 4472 2115 4533 citur,
2145 4480 2203 4525 ut
2252 4474 2507 4526 ostendat
2542 4488 2763 4526 manum
2797 4488 2973 4527 suam.
3021 4472 3230 4528 Etenim
3275 4473 3530 4543 adjectio,

254 4560 444 4629 μένοις
476 4560 798 4633 πράγμασιν
829 4565 989 4636 ἕτερα
1043 4570 1379 4641 ὁμοιότροπα
1424 4572 1845 4644 ἐπιγενήσεσθαι

1958 4563 2056 4627 iam
2093 4565 2329 4633 peractis
2364 4566 2526 4620 rebus
2554 4564 2657 4618 alia
2693 4564 2893 4620 similia
2928 4566 3170 4620 addenda
3208 4580 3331 4621 esse
3362 4566 3532 4637 signi-

249 4652 424 4725 δηλοῖ.
457 4654 632 4707 Πάλαι
660 4656 759 4725 μὲν
799 4654 893 4711 οὖν
928 4661 1017 4713 ἐπὶ
1051 4663 1330 4727 Μωῦσὲως
1373 4665 1407 4735 ἡ
1442 4665 1565 4737 χεὶρ
1598 4666 1693 4720 τοῦ
1728 4670 1842 4721 Κυ-

252 4745 373 4812 ρίου
400 4744 641 4815 ὲξήγαγε
664 4749 789 4813 τοὺς
809 4752 959 4816 υἱοὺς
975 4753 1189 4825 Ἰσραὴλ
1208 4753 1268 4819 ἐξ
1284 4756 1563 4825 Αἰγύπτου
1582 4775 1593 4787 ·
1614 4759 1843 4830 διήγαγε

247 4835 305 4889 δὲ
364 4837 468 4907 τὴν
507 4836 783 4893 θάλασσαν
831 4841 929 4912 τὴν
968 4844 1258 4917 Ἐρυθρὰν,
1294 4848 1387 4900 xui
1440 4848 1732 4920 εἰσήγαγεν
1763 4852 1842 4915 εἰς

246 4928 349 4999 τὴν
381 4929 487 4999 γῆν
511 4928 611 4999 τῆς
634 4932 986 5001 ἐπαγγελίας,
1018 4940 1116 5008 τὴν
1149 4934 1315 4992 οὖσαν
1347 4940 1662 5010 ἀλλοφύλων
1704 4944 1841 5014 πρό-

248 5036 440 5091 τερον
471 5023 589 5075 νυνὶ
620 5023 678 5076 δὲ
726 5026 821 5077 xui
868 5026 953 5079 διὰ
979 5028 1071 5081 τοῦ
1110 5030 1174 5083 ὲκ
1218 5031 1375 5102 ῥίζης
1414 5034 1611 5087 Ἰεσσαὶ
1638 5036 1670 5106 ἡ
1702 5035 1842 5107 αὑτὴ

250 5114 375 5184 χεὶρ
396 5112 493 5166 τοῦ
527 5115 753 5186 Κυρίου,
783 5118 1099 5192 προσθήκην
1121 5122 1343 5190 ἀγαθῶν
1367 5125 1686 5197 ποιουμένη,
1715 5128 1842 5191 τοὺς

252 5205 589 5270 ἀποστόλους
626 5206 720 5261 τοῦ
750 5209 1022 5282 Σωτῆρος,
1050 5217 1147 5268 xui
1175 5218 1301 5279 τοὺς
1328 5220 1574 5290 κήρυκας
1610 5219 1702 5273 τοῦ
1735 5237 1840 5274 σω·-

248 5298 443 5369 τηρίου
475 5300 829 5370 Εὐαγγελίου,
866 5304 1149 5369 Ἰουδαίους
1184 5307 1343 5371 ὄντας
1374 5310 1468 5363 xui
1487 5309 1546 5376 ἐξ
1573 5311 1839 5365 Ἰουδαίων

252 5390 631 5461 ὁρμωμένους,
680 5394 957 5460 ὲπιδόξους
1011 5399 1106 5451 xui
1155 5398 1428 5470 ζηλωτοὺς
1477 5403 1649 5456 ἐποίει
1715 5404 1838 5457 καθ’

250 5481 380 5553 ὅλης
406 5483 509 5553 τῆς
556 5487 901 5558 οἰκουμένης,
944 5490 1005 5542 οὐ
1060 5490 1167 5561 μὴν
1201 5491 1336 5546 ἀλλά
1393 5495 1486 5547 xui
1534 5496 1624 5547 ἐπ’
1666 5495 1838 5566 αὐτῆς

253 5576 554 5644 Αἰγύπτου,
595 5578 724 5632 ἔνθα
751 5580 1030 5653 παρῄεσαν
1055 5583 1370 5651 ἀκωλύτως,
1415 5586 1640 5657 μηδενὸς
1663 5590 1836 5658 εμπο-

248 5666 352 5721 δὼν
381 5669 568 5734 αὐτοῖς
614 5673 899 5744 γινομένου
922 5692 936 5706 ·
991 5677 1086 5729 xui
1133 5676 1353 5748 διῄεσαν
1398 5680 1490 5732 ἐπὶ
1522 5679 1835 5751 καθαιρέσει

249 5761 349 5831 τῆς
381 5764 767 5835 Αἰγυπτιακῆς
811 5766 1271 5840 εἰδωλολατρείας.
1332 5772 1441 5824 Kui
1484 5774 1533 5825 οἱ
1586 5772 1685 5843 μὲν
1739 5774 1832 5825 ἐπὶ

252 5852 528 5920 Μωῦσέως
579 5854 825 5929 ἐξῄεσαν,
876 5857 1164 5929 φεύγοντες
1218 5860 1305 5915 τὸν
1331 5862 1525 5935 Φαραὼ
1576 5865 1668 5919 καὶ
1706 5866 1830 5930 τοὺς

1953 4659 2095 4712 licat.
2124 4656 2263 4713 Olim
2298 4658 2517 4727 quidem
2553 4657 2755 4728 Moysis
2801 4669 3040 4728 tempore
3075 4674 3272 4714 manus
3319 4659 3530 4714 Domini

1953 4752 2091 4807 ﬁlios
2133 4751 2298 4806 Israel
2327 4752 2518 4806 eduxit
2550 4767 2615 4807 ex
2656 4751 2917 4822 Egypto.
2955 4767 3051 4820 per
3096 4768 3247 4807 mare
3287 4752 3529 4808 Rubrum

1952 4845 2187 4899 trassire
2221 4844 2368 4909 fecit,
2402 4856 2457 4899 et
2508 4846 2723 4900 induxit
2773 4847 2823 4898 in
2871 4855 3074 4900 terram
3126 4845 3530 4915 promissionis.

1948 4954 2067 5009 quae
2098 4939 2245 5008 prius
2282 4938 2674 5010 allophylormn
2699 4950 2837 4993 erat.
2866 4938 3019 4994 Nunc
3048 4948 3226 4993 autem
3258 4953 3355 5007 per
3380 4952 3527 5001 eum,

1950 5035 2041 5101 qui
2081 5047 2147 5085 ex
2176 5034 2362 5088 radice
2406 5031 2573 5087 Iussa:
2615 5033 2847 5102 prodiit,
2897 5033 3009 5102 ipsa
3053 5031 3263 5085 Domini
3313 5045 3526 5094 manus,

1952 5125 2213 5179 bonorum
2236 5127 2602 5180 accessionem
2629 5125 2887 5189 aﬂ'erens,
2909 5123 3181 5195 apostolos
3206 5122 3523 5183 Salvatoris,

1947 5226 2003 5270 et
2032 5214 2287 5270 salutaris
2319 5216 2595 5285 Evangelii
2629 5230 2908 5284 praecones
2942 5215 3196 5284 ipsosque
3225 5211 3439 5266 Jodaeos
3472 5221 3528 5263 ct

1946 5324 2010 5363 ex
2040 5306 2241 5363 Judzcis
2268 5306 2562 5378 profectos,
2591 5308 2854 5377 gloriosos
2876 5315 2928 5362 et
2956 5304 3301 5359 aetatulaiione
3329 5304 3525 5369 dignos

1947 5417 2043 5471 per
2087 5412 2255 5455 totum
2295 5403 2482 5456 orbem
2521 5399 2731 5465 effecit;
2776 5399 2884 5451 imo
2911 5396 3073 5451 etiam
3107 5397 3160 5450 in
3198 5395 3313 5465 ipsa
3357 5394 3525 5466 Egy-

1946 5505 2059 5563 pto,
2087 5509 2194 5561 quo
2230 5492 2400 5547 libere
2430 5492 2531 5556 illi,
2562 5492 2778 5546 nemine
2818 5491 3092 5552 obstante,
3122 5488 3481 5558 peragrabant
3500 5526 3516 5549 ,

1948 5595 2001 5639 et
2048 5586 2115 5641 ad
2162 5584 2540 5656 IEgyptiacam
2583 5583 2942 5639 idololatriam
2991 5582 3342 5637 evertendam
3376 5580 3522 5635 ultro

1944 5684 2189 5753 citroque
2240 5685 2609 5753 permeabant.
2639 5681 2714 5734 Ac
2762 5678 2838 5734 illi
2872 5681 3091 5749 quidem
3129 5676 3328 5747 Moysns
3376 5685 3519 5731 tern-

1943 5791 2094 5845 pore,
2131 5774 2397 5841 fugientes
2436 5770 2777 5826 Pharaonem
2806 5778 2862 5825 et
2890 5768 3200 5851 Egyptios,
3229 5769 3514 5853 exierunt;

1944 5864 2194 5939 discipuli
2238 5874 2418 5923 autem
2453 5862 2655 5920 Christi
2696 5862 2925 5934 ingressi
2958 5872 3083 5920 sunt
3120 5863 3174 5919 in
3223 5858 3512 5931 Egyptum
