3968 6504
455 377 559 434 £79

1129 375 1398 434 EUSEBII
1426 378 1920 438 'CzESARIENSIS
1959 380 2108 438 OPP.
2150 383 2332 440 PARS
2371 383 2456 438 111.
2494 414 2568 426 -
2601 380 3014 439 EXEGETICA.

3599 383 3731 438 ’180

452 495 736 563 spontanei
786 494 1045 552 salutaris
1080 496 1232 551 verbi
1277 513 1575 568 praecones.
1627 499 1738 557 Illis
1791 511 2021 574 tempore

2141 501 2500 570 Αἰγυπτίουςο
2541 500 2591 554 οί
2641 500 2701 553 δὲ
2756 496 2996 572 Χριστοῦ
3052 494 3292 569 μαθηταὶ
3340 497 3596 568 εἰσῄεσαν
3645 501 3728 562 είς

452 585 655 658 Moysis
714 602 868 644 mare
929 587 1118 643 sensili
1176 603 1327 645 more
1389 590 1658 658 divisum,
1707 609 1847 664 aqua
1901 611 2031 652 vero

448 676 691 749 ngyptii
737 677 977 733 ﬂuminis
1007 678 1061 734 in
1107 681 1423 752 sanguinem
1456 693 1660 737 mutata
1699 694 1814 751 est;
1847 694 1902 738 at
1937 688 2032 741 bo-

451 788 642 827 norum
673 772 914 828 accessio
941 775 1258 829 memoratis
1300 777 1644 844 temporibus
1691 775 1857 840 facta,
1894 780 2027 834 mari

448 866 664 936 quidem
694 865 951 937 Egyptio
983 868 1368 931 vastationem,
1413 867 1616 923 ﬂumini
1666 886 1796 925 vero
1838 886 2028 926 eorum

447 967 749 1012 extremam
797 959 1102 1014 siceitatem
1153 960 1421 1028 minatur;
1456 971 1513 1015 ut
1560 963 1838 1031 Evangelii
1889 979 2030 1032 prae-

446 1065 609 1106 cones
655 1051 805 1106 nullo
855 1053 1014 1107 obice
1059 1051 1442 1122 Egyptiorum
1490 1057 1741 1127 regiones
1791 1058 2028 1111 circnm-

445 1153 600 1210 eant,
630 1158 695 1199 ac
739 1144 1028 1198 multorum
1063 1147 1279 1214 quidem
1319 1149 1544 1204 deorum
1585 1151 2026 1220 superstitionem

446 1244 724 1300 evertant;
759 1235 851 1289 Dei
884 1244 1067 1289 autem
1097 1237 1187 1305 qtti
1218 1253 1381 1307 supra
1403 1239 1583 1295 omnia
1613 1251 1718 1304 est,
1745 1250 1798 1296 et
1827 1241 2027 1297 Christi

447 1324 566 1393 ejus
590 1341 658 1380 ex
701 1325 884 1383 radice
912 1326 1080 1382 Jessze
1110 1331 1450 1398 prodeuntis,
1495 1333 1742 1386 notitiam
1789 1335 2025 1388 tradant.

445 1419 857 1474 Observandum
901 1427 1082 1473 autem
1131 1430 1214 1476 est
1249 1437 1356 1492 quo
1396 1433 1555 1492 pacto
1605 1439 1710 1477 non
1753 1425 2025 1492 regionem

446 1511 691 1584 Egypti,
730 1513 824 1567 sed
857 1531 1004 1568 mare
1051 1523 1362 1570 vastaturus
1408 1532 1532 1571 esse
1585 1517 1849 1572 Dominus
1876 1521 2027 1574 dica-

450 1616 555 1666 tur,
586 1606 868 1674 Scriptura
899 1607 1172 1676 copiosam
1209 1607 1529 1663 idololatria:
1570 1611 1892 1666 varietatem
1947 1613 2029 1668 his

447 1696 739 1752 indicante.
775 1697 878 1752 Pro
925 1698 1016 1752 illo
1049 1708 1253 1763 autem,
1298 1717 1317 1751 ι
1351 1698 1634 1754 Desertum
1673 1702 1836 1757 laciet
1886 1704 2026 1758 Deus

447 1803 598 1844 mare
624 1789 874 1860 Egypti;
901 1809 921 1842 ι
959 1800 1070 1845 tres
1096 1791 1189 1845 alii
1225 1791 1478 1846 similiter
1503 1791 1843 1856 interpretati
1873 1805 2019 1860 sunt.

449 1905 468 1930 ι
504 1881 567 1935 Et
637 1882 1116 1937 anathematizauit
1188 1883 1456 1940 Dominus
1543 1885 1784 1956 linguam
1861 1889 2028 1944 maris

446 1976 692 2050 Egypti.
721 1996 738 2029 ι
791 1975 848 2032 Si
896 1978 1079 2046 itaque
1135 1978 1356 2032 malitia:
1400 1978 1560 2047 hujus
1604 1983 1730 2035 vitae
1773 1981 2028 2038 colluvies

445 2071 585 2124 mari
617 2079 984 2139 comparatur,
1009 2070 1131 2125 vide
1161 2085 1344 2125 annon
1375 2073 1571 2128 merito
1603 2074 1888 2127 atheornm
1928 2075 2029 2129 im-

441 2165 770 2235 piorumque
808 2163 1084 2217 hominum
1115 2163 1352 2232 linguam
1383 2165 1474 2234 qui
1505 2164 1633 2218 olim
1668 2165 1835 2219 Detttn
1874 2166 2028 2237 igno-

444 2259 663 2324 rabant,
694 2266 752 2310 ut
780 2258 860 2313 sic
894 2257 1107 2312 Pharao
1138 2257 1470 2323 declarabat,
1502 2277 1520 2310 ι
1551 2258 1666 2314 Non
1693 2261 1812 2314 novi
1845 2260 2021 2315 Domi;

443 2367 594 2415 num,
622 2359 674 2403 et
716 2347 879 2404 Israel
932 2364 1038 2403 non
1085 2350 1379 2413 dimittam,
1411 2368 1430 2402 ι
1472 2351 2027 2408 anathematizatnrus

445 2444 704 2496 Dominus
729 2457 851 2497 esse
882 2443 1092 2497 dicatur
1113 2443 1406 2498 secundum
1435 2452 1544 2498 tres
1577 2444 1934 2514 interpretes;
1969 2456 2026 2500 ιιι

442 2533 677 2588 neultra
726 2531 1045 2604 Egyptiaca
1095 2533 1275 2603 lingua
1331 2515 1736 2590 superstitionis
1781 2551 2023 2592 errorem

441 2624 863 2687 confirmarent;
897 2625 992 2679 sed
1040 2624 1252 2692 eloquia
1291 2625 1382 2678 Dei
1437 2626 1705 2694 proferre,
1751 2643 1813 2680 ac
1837 2627 2026 2696 jnrare

444 2717 499 2770 in
533 2717 750 2770 nomine
798 2717 1008 2771 Domini
1056 2715 1293 2772 Sahaoth
1339 2717 1666 2780 ediscerent.
1701 2722 1843 2791 quod
1879 2722 2026 2776 futu-

443 2827 560 2864 rum
590 2827 712 2865 esse
749 2811 802 2865 in
837 2812 1191 2879 sequentibus
1221 2826 1403 2866 sermo
1435 2813 1700 2866 declarat.
1729 2813 1820 2866 Sic
1864 2831 2025 2884 porro

441 2904 901 2957 anathematizato
971 2913 1056 2957 est
1109 2903 1413 2974 Egyptiaci
1472 2911 1638 2960 maris
1702 2907 1919 2975 lingua,
1968 2919 2026 2964 ιιι

442 2993 828 3063 malignorum,
859 3011 995 3064 quos
1037 2996 1114 3050 illi
1148 2998 1422 3061 cole-bant,
1457 2999 1758 3053 daemonum
1803 3002 2022 3055 oracula

443 3089 662 3157 penitus
697 3089 959 3152 silerent,
1005 3089 1495 3158 divinationesque.
1536 3107 1601 3146 ac
1655 3094 1810 3149 mala:
1855 3107 2020 3158 artes,

442 3196 581 3247 quas
637 3183 1099 3252 prmstigiatorum
1155 3199 1320 3251 opera
1375 3186 1744 3248 exercebant.
1802 3203 2025 3256 prorsus

442 3282 724 3326 cessarent
754 3291 768 3326 ι
798 3289 918 3343 quae
949 3275 1128 3328 omnia
1162 3276 1379 3345 impleta
1432 3289 1556 3334 sunt
1590 3290 1709 3348 post
1758 3282 2021 3348 praedica-

442 3363 642 3418 tionem
694 3365 1064 3435 evangelicam
1123 3367 1394 3439 Egyptiis
1441 3371 1661 3428 laetam.
1717 3373 1844 3428 Inde
1894 3388 2023 3428 vero

437 3458 603 3511 etiam
655 3473 822 3526 penes
857 3474 956 3513 nos
1008 3468 1118 3515 tota
1174 3476 1385 3526 eorum,
1432 3464 1524 3532 qui
1558 3465 1699 3534 apud
1735 3465 2022 3536 Egyptios

437 3549 512 3602 dii
567 3551 1042 3620 existimabantur,
1093 3555 1364 3611 exstincta
1431 3558 1606 3613 virtus
1666 3568 1804 3614 est:
1853 3571 2018 3631 atque

437 3642 679 3696 omnium
715 3642 1082 3714 improborum
1122 3657 1177 3702 et
1209 3649 1524 3712 atheornm.
1571 3651 1661 3718 qui
1711 3666 1807 3720 per
1848 3661 2016 3707 totmn

437 3735 626 3789 orbem
687 3734 1006 3808 Egyptiaco
1087 3740 1320 3795 similem
1409 3742 1730 3800 idololatria:
1811 3761 2016 3801 morem

440 3827 820 3894 sectabantur,
889 3831 1019 3884 illud
1090 3834 1220 3888 olim
1291 3836 1575 3891 exundans
1641 3846 1696 3892 et
1765 3839 2020 3893 ﬂuetilms

442 3921 705 3986 agitatum
773 3937 958 3990 mare,
1019 3933 1319 3982 extremam
1380 3941 1601 3999 passum
1656 3935 1740 3982 est
1790 3928 2016 3982 vastita-

439 4020 570 4074 “una

516 4315 534 4348 ι
562 4296 626 4351 Et
663 4298 873 4368 injieict
921 4316 1140 4356 manum
1187 4317 1338 4357 suam
1389 4302 1441 4355 in
1489 4301 1685 4355 numen
1724 4301 1778 4355 in
1820 4301 2015 4369 spiritu

433 4390 776 4453 vehementi,
832 4401 886 4446 et
943 4395 1213 4462 percutiet
1267 4404 1472 4464 septem
1533 4395 1772 4454 canales.
1824 4395 1897 4448 ita
1957 4408 2016 4451 ut

437 4490 716 4536 transeant
743 4497 839 4551 per
870 4482 997 4537 illud
1029 4484 1308 4538 calceatia
1345 4484 1607 4552 Spiritum
1638 4485 2013 4541 vehementem

2138 595 2408 662 Αἴγυπτον
2449 591 2738 663 αὐτόμολοι
2786 592 3029 662 κήρυκες
3081 588 3174 642 τοῦ
3220 592 3490 661 σωτηρίου
3533 593 3718 662 λόγου.

2147 686 2258 738 Καὶ
2280 687 2392 748 τοῖς
2425 683 2524 754 μὲν
2542 683 2634 736 ἐπὶ
2651 681 2928 744 Μωῦσέως
2943 679 3170 752 διῄρητο
3201 683 3234 752 ή
3261 681 3510 738 Θάλασσα
3534 684 3730 753 αἰσθη-

2135 776 2272 842 τῶςο
2303 777 2366 830 τὸ
2384 777 2441 830 δὲ
2472 775 2616 848 ὕδωρ
2630 776 2725 829 τοῦ
2757 776 3056 844 Αἰγυπτίου
3087 776 3334 848 ποταμοῦ
3367 777 3730 848 μετεϐάλλετο

2132 871 2212 934 εἰς
2244 863 2384 941 αἷμα
2401 886 2415 900 ο
2443 870 2476 940 ἠ
2502 869 2558 922 δέ
2582 868 2690 921 τῶν
2715 868 2933 936 ἀγαθῶν
2961 867 3245 940 προσθήκη
3277 869 3370 922 ἐπὶ
3393 869 3502 923 τῶν
3529 869 3726 939 δηλου-

2135 963 2315 1034 μένων
2351 961 2558 1033 χρόνων
2593 963 2658 1032 τῇ
2695 961 2794 1032 μὲν
2830 959 3074 1034 θαλάσσῃ
3115 961 3351 1031 ἐρημίαν
3393 960 3608 1014 ἀπειλεῖ
3653 965 3723 1035 τῇ

2134 1055 2425 1126 Αἰγυπτίᾳ,
2459 1054 2538 1125 τῷ
2584 1054 2641 1108 δὲ
2699 1053 2930 1124 ποταμῷ
2965 1054 3144 1107 αὐτῶν
3187 1053 3425 1124 παντελῆ
3455 1053 3721 1124 ἔκλειψιν,

2137 1148 2276 1220 πρὸς
2308 1147 2369 1200 τὸ
2399 1146 2520 1217 δίχα
2551 1146 2697 1209 τινὸς
2729 1146 3053 1218 κωλύματος
3097 1145 3192 1200 τοῦ
3235 1147 3506 1218 σωτηρίου
3538 1148 3724 1214 Εὐαγ-

2135 1240 2315 1310 γελίου
2366 1239 2613 1310 κήρυκας
2661 1238 2966 1310 περιελθεῖν
3019 1239 3119 1303 τάς
3164 1241 3479 1307 Αἰγυπτίων
3511 1237 3723 1310 χώρας,

2133 1331 2228 1387 καὶ
2255 1328 2567 1400 ἀνατροπὴν
2605 1329 2703 1400 μὲν
2728 1329 2827 1400 τῆς
2860 1329 3124 1384 πολυθέου
3169 1329 3348 1384 αὐτῶν
3385 1330 3721 1401 δεισιδαιμο-

2131 1422 2252 1485 νίας
2296 1419 2658 1492 ἐργάσασθαι,
2700 1419 2796 1474 τοῦ
2823 1419 2881 1472 δὲ
2909 1421 3002 1473 ἐπὶ
3054 1422 3272 1475 πάντων
3317 1421 3452 1475 Θεοῦ
3483 1423 3578 1475 καῖ⁹
3623 1422 3723 1478 τοῦ

2130 1513 2366 1586 Χριστοῦ
2388 1513 2573 1578 αὑτοῦ,
2597 1514 2689 1566 τοῦ
2711 1515 2774 1566 ἐκ
2805 1512 3172 1584 ρίζηςΊεσσαὶ
3201 1514 3574 1586 προελθόντος,
3606 1533 3685 1569 πα

2134 1606 2382 1678 ραδοῦναι
2430 1605 2528 1676 τὴν
2557 1605 2778 1674 γνῶσιν.
2835 1604 3151 1675 Θεωρητέον
3196 1605 3255 1658 δέ
3291 1607 3438 1671 ὅπως
3494 1607 3555 1660 ού
3612 1608 3714 1677 τὴν

2129 1699 2314 1772 χώραν
2347 1697 2645 1767 Αἰγύπτου,
2680 1696 2817 1750 ἀλλὰ
2855 1698 2954 1769 τὴν
2984 1697 3258 1752 θάλασσαν
3290 1700 3460 1770 αὐτῆς
3491 1700 3716 1768 λέγεται

2127 1794 2157 1845 ό
2203 1792 2408 1864 Κύριος
2456 1791 2788 1864 ἐρημώσειν,
2819 1790 2912 1844 τοῦ
2959 1791 3060 1861 τῆς
3107 1791 3551 1864 εἰδωλολατρείας
3585 1793 3721 1866 πλή-

2061 1862 2102 1916 Β
2128 1884 2254 1947 θους
2277 1862 2418 1937 οὕτω
2448 1862 2798 1953 δηλουμένου.
2839 1883 2984 1936 Ἀντὶ
3023 1882 3206 1953 μέντοι
3235 1883 3352 1947 τοῦ,
3461 1862 3720 1957 Ἐρημιὶι-

2130 1991 2211 2028 σει
2247 1974 2450 2047 Κύριος
2479 1975 2576 2047 τήν
2597 1975 2869 2030 θάλασσαν
2887 1973 3188 2043 Αἰγύπτου,
3215 1993 3233 2026 ι
3252 1975 3301 2029 οἱ
3326 1979 3472 2048 τρεῖς
3495 1977 3719 2048 συμφώ-

2126 2083 2232 2132 νως
2257 2065 2429 2130 οὕτως
2459 2068 2814 2138 ήρμήνευσαν
2833 2083 2845 2098 ο
2887 2084 2906 2118 ι
2939 2067 3050 2119 Καὶ
3079 2066 3465 2138 ἁναθεματίσει
3511 2069 3718 2137 Κύριος

2125 2158 2226 2230 τὴν
2276 2157 2528 2229 γλῶσσαν
2575 2157 2850 2229 θαλάσσης
2905 2157 3208 2227 Αἰγύπτου.
3265 2177 3283 2212 ι
3330 2160 3394 2212 Εἰ
3420 2159 3602 2214 τοίνυν
3646 2160 3719 2214 τὰ

2128 2249 2309 2322 πλήθη
2339 2251 2439 2321 τῆς
2482 2252 2681 2315 κακίας
2710 2250 2803 2305 τοῦ
2839 2251 2956 2322 βίου
3007 2251 3250 2324 θαλάσσῃ
3298 2252 3717 2325 παρεικάζεται,

2126 2343 2229 2414 ὅρα
2280 2344 2329 2395 εί
2375 2343 2614 2411 εὐλόγως
2637 2343 2735 2414 τὴν
2787 2343 2894 2397 τῶν
2923 2343 3097 2398 ἀθέων
3127 2345 3220 2398 καὶ
3253 2345 3466 2398 ἀσεϐῶν
3503 2345 3722 2418 ἀνδρῶν

2127 2435 2400 2504 γλῶσσαν,
2427 2435 2536 2488 τῶν
2567 2435 2734 2490 πάλαι
2755 2437 2844 2489 τὸν
2869 2438 3002 2491 Θεὸν
3031 2437 3389 2507 ἀγνοούντων,
3414 2439 3489 2504 ὡς
3522 2439 3714 2511 ἐδήλου

2125 2529 2300 2598 λέγων
2332 2529 2362 2580 ὁ
2411 2527 2631 2600 Φαραὼ,
2684 2548 2703 2579 ι
2745 2529 2858 2582 Ούκ
2908 2527 3026 2585 οἶδα
3079 2533 3170 2584 τὸν
3205 2533 3430 2604 Κύριον,
3486 2530 3716 2584 καὶτὸν

2113 2622 2354 2694 -Ἰσραὴλ
2380 2624 2482 2677 οὐκ
2514 2623 2876 2690 ἐξαποστελῶ,
2922 2645 2940 2677 ι
2957 2627 3376 2698 ἀναθεματίσειν
3400 2627 3492 2681 τὸν
3510 2627 3718 2699 Κύριον

2125 2715 2346 2782 λέγεται
2399 2715 2543 2769 κατά
2589 2716 2717 2780 τοὺς
2763 2721 2914 2789 τρεῖς
2955 2720 3328 2790 ἐρμηνευτάςο
3381 2720 3468 2772 ἵνα
3515 2719 3714 2791 μηκέτι

2123 2805 2346 2880 γλώσσῃ
2369 2809 2435 2877 τῇ
2461 2807 2735 2878 Αἰγυπτίᾳ
2753 2807 2850 2879 τὴν
2875 2809 3241 2880 δεισιδαίμονα
3269 2809 3476 2880 πλάνην
3510 2809 3717 2881 κρατύ-

2125 2913 2278 2960 νωσι,
2297 2896 2508 2966 μάθωσι
2532 2897 2588 2950 δὲ
2613 2897 2795 2952 λαλεῖν
2816 2899 2884 2953 τὰ
2904 2899 3000 2953 τοῦ
3020 2901 3154 2954 Θεοῦ
3184 2901 3360 2970 λόγια,
3378 2903 3470 2955 καὶ
3493 2901 3718 2973 ὀμνύειν

2125 2990 2182 3043 ἐν
2216 2989 2294 3058 τῷ
2319 2989 2540 3060 ὀνόματι
2569 2992 2776 3062 Κυρίου
2817 2991 3044 3046 Σαϐαὼθ
3068 3011 3081 3026 ο
3117 2993 3146 3047 ὃ
3177 2993 3239 3065 δὴ
3267 2993 3471 3067 προῖὼν
3503 2997 3532 3048 ό
3556 2994 3715 3064 λόγος

2125 3079 2344 3134 ἔσεσθαι
2368 3081 2634 3147 θεσπίζει.
2665 3082 2822 3138 Οῦτω
2851 3083 2907 3136 δὲ
2936 3085 3428 3158 ἀνατεθεμάτισται
3464 3087 3568 3158 τῆς
3619 3089 3716 3141 Αἰ-

2127 3173 2361 3240 γυπτίας
2418 3172 2694 3245 θαλάσσης
2733 3177 2764 3246 ή
2800 3175 3041 3244 γλῶσσα,
3073 3176 3148 3240 ὡς
3188 3176 3568 3247 ἀποσιωπῆσαι
3602 3178 3714 3232 τῶν

2128 3266 2259 3335 παρ’
2289 3265 2463 3334 αὐτῆς
2492 3265 2661 3319 πάλαι
2695 3267 3020 3338 τιμωμένων
3052 3269 3304 3340 πονηρῶν
3341 3269 3610 3340 δαιμόνων
3641 3269 3712 3322 τά

2123 3358 2432 3429 χρηστήρια
2477 3359 2570 3412 καὶ
2617 3357 2687 3413 τὰ
2735 3362 2966 3430 μαντεῖα
2988 3376 3002 3390 ⁸
3038 3360 3286 3415 λελύσθαι
3321 3361 3378 3414 δέ
3400 3361 3579 3414 αὐτῶν
3616 3361 3714 3415 καὶ

2123 3449 2222 3512 τὰς
2248 3448 2314 3502 δι’
2341 3450 2550 3523 ἀνδρῶν
2576 3452 2789 3523 γοήτων
2819 3453 3177 3523 κακοτεχνίας
3197 3471 3210 3486 ο
3243 3453 3279 3508 ἀ
3319 3453 3384 3527 δὴ
3415 3455 3592 3508 πάντα
3640 3455 3709 3508 δι’

2122 3543 2301 3613 ἔργων
2349 3544 2650 3616 ἐπληροῦτο
2686 3543 2825 3615 μετά
2852 3545 2914 3598 τὸ
2949 3547 3210 3617 κήρυγμα
3249 3545 3311 3600 τὸ
3353 3546 3709 3615 εύαγγελικὸν

2121 3635 2181 3688 τὸ
2205 3635 2474 3707 κηρυχθέν
2499 3637 2835 3705 Αἰγυπτίοις.
2873 3637 2963 3702 Ἐξ
2988 3639 3212 3692 ἐκείνων
3237 3638 3293 3691 δὲ
3318 3639 3411 3692 καὶ
3440 3641 3519 3703 εἰς
3559 3641 3710 3711 ήμᾶς

2122 3727 2317 3792 αὐτοὺς
2363 3727 2472 3782 τῶν
2504 3729 2631 3800 παρ’
2682 3729 3001 3797 Αἰγυπτίοις
3047 3729 3453 3800 νενομισμένων
3498 3728 3638 3783 θεῶν
3672 3729 3709 3800 ὴ

2122 3823 2272 3874 πᾶσα
2301 3821 2531 3893 δύναμις
2560 3821 2794 3892 ἀπέσϐη,
2827 3822 2922 3874 καὶ
2945 3821 3162 3876 πάντων
3193 3823 3251 3876 δέ
3273 3822 3379 3876 τῶν
3400 3822 3574 3876 ἀθέων
3607 3823 3704 3877 καὶ

2120 3914 2398 3968 δυσσεϐῶν
2442 3915 2652 3987 ἀνδρῶν
2681 3915 2791 3968 τῶν
2815 3914 2937 3968 καθ’
2963 3914 3093 3986 ὅλης
3121 3915 3222 3985 τῆς
3246 3915 3574 3987 οἰκουμένης
3612 3917 3710 3968 Αἰ-

2121 4005 2528 4076 γυπτιαζὸντων
2571 4009 2710 4062 κατά
2761 4009 2852 4063 τὸν
2881 4010 3066 4080 ὅμοιον
3106 4010 3206 4080 τῆς
3267 4009 3708 4082 εἰδωλολατρείας

2119 4098 2318 4169 τρόπον
2355 4100 2388 4170 ἡ
2424 4100 2554 4154 ποτὲ
2585 4101 2989 4173 πλημμυροῦσα
3041 4102 3136 4154 καὶ
3189 4103 3576 4175 κυματουμένη
3605 4103 3704 4157 θά-

2118 4190 2289 4244 λασσα
2320 4191 2418 4262 τὴν
2453 4192 2689 4262 ἐσχάτην
2724 4192 2992 4246 πέπονθεν
3023 4193 3277 4264 ἐρημίαν.

2197 4305 2214 4335 ι
2253 4287 2364 4339 Καὶ
2404 4285 2656 4339 ἐπιϐαλεῖ
2681 4284 2780 4358 τὴν
2812 4289 2972 4358 χεῖρα
3011 4285 3178 4341 αὐτοῦ
3213 4288 3302 4341 ἐπὶ
3341 4288 3434 4341 τὸν
3459 4289 3708 4360 ποταμὸν

2119 4379 2176 4431 ἐν
2207 4377 2476 4449 πνεύματι
2535 4378 2715 4450 βιαίῳ,
2764 4380 2860 4433 καὶ
2913 4379 3142 4447 πατάξει
3194 4381 3334 4434 ἐπτά
3388 4382 3702 4453 φάραγγας,

2118 4469 2260 4524 ῶστε
2291 4471 2713 4543 διαπορεύεσθαι
2761 4472 2926 4526 αὐτὸν
2963 4475 3020 4525 ἐν
3053 4473 3384 4544 ὑποδήμασι.
3423 4493 3443 4527 ι
3480 4475 3704 4544 Πνεῦμα

437 4567 570 4621 dicit
593 4581 739 4634 eum,
768 4571 858 4640 qtti
891 4573 1100 4641 primus
1129 4572 1505 4645 Egyptiorum
1540 4590 1762 4641 regnum
1793 4578 2008 4642 evertit,

2125 4563 2294 4633 βίαιον
2325 4561 2445 4618 εἷπε
2476 4565 2566 4619 τὸν
2597 4567 2813 4636 πρῶτον
2839 4566 3136 4621 καθελόντα
3166 4567 3264 4637 τὴν
3292 4568 3567 4638 βασιλείαν
3593 4569 3708 4623 τῶν

436 4661 806 4716 Romanorum
842 4664 1052 4718 ducem.
1083 4665 1298 4734 Septem
1330 4681 1459 4720 vero
1486 4668 1724 4730 canales.
1753 4669 1796 4722 si
1833 4671 2016 4726 animo

435 4745 809 4821 perpenderis,
840 4758 920 4810 sic
948 4757 1235 4824 intelliges,
1261 4756 1388 4810 olim
1419 4757 1638 4826 quidem
1674 4757 1834 4812 unius
1864 4759 2013 4815 ﬂuvii

435 4845 734 4900 maximum
775 4848 986 4902 alveum
1020 4847 1208 4911 fuisse,
1235 4865 1343 4918 quo
1371 4847 1590 4920 Egypti
1627 4850 1774 4919 regia
1811 4851 2016 4905 indica-

435 4935 636 4990 batur:
665 4950 726 4989 ea
779 4953 908 4992 vero
956 4940 1208 4994 omnibus
1242 4938 1447 4993 circum
1487 4941 1737 5010 gentibus
1780 4943 2017 5012 impera-

433 5023 568 5081 bat:
605 5027 692 5081 illa
725 5039 904 5083 autem
941 5030 1114 5083 soluta
1161 5041 1210 5084 et
1245 5045 1459 5096 eversa,
1491 5035 1754 5101 quosdam
1799 5036 2015 5108 regulos

437 5118 491 5172 in
527 5129 711 5186 partes
744 5121 1090 5174 distributam
1121 5137 1241 5176 eam
1277 5123 1622 5182 obtinuisse:
1659 5143 1887 5198 quorum
1921 5129 2011 5184 alii

433 5215 654 5284 quidem
694 5213 922 5286 Libycas
957 5227 1137 5284 partes
1192 5216 1681 5284 administrabant;
1718 5222 1808 5276 alii
1856 5239 2014 5293 sepa-

433 5304 594 5358 ratim
617 5304 972 5360 Thehmorum
1007 5314 1234 5369 tractus,
1265 5307 1352 5361 alii
1383 5309 1672 5381 zEgyptum
1703 5322 1757 5368 et
1780 5314 2013 5369 Alexan-

430 5395 628 5450 driam.
660 5395 727 5450 Et
770 5411 836 5450 ex
876 5396 959 5450 bis
1008 5396 1092 5450 alii
1127 5398 1342 5466 quidem
1385 5401 1727 5468 przefeeturis
1764 5405 2011 5460 exornati

431 5497 580 5551 sunt,
608 5488 805 5557 quibus
835 5487 1172 5556 publicarum
1200 5500 1256 5544 et
1286 5491 1628 5560 politicarum
1666 5512 1846 5550 rerum
1881 5512 2013 5550 cura

430 5581 742 5636 concredita
778 5579 907 5647 l'uit;
935 5581 1024 5635 alii
1057 5597 1188 5638 vero
1219 5583 1536 5642 hellicormn
1564 5591 1815 5644 ordinum
1847 5589 2012 5644 duces

429 5673 607 5740 ell'ecti
640 5693 653 5729 :
685 5683 738 5728 et
769 5675 822 5728 hi
855 5691 1044 5732 omnes
1073 5693 1102 5732 a
1137 5678 1326 5745 majori
1378 5691 1648 5751 potestate
1689 5683 1756 5737 ad
1806 5698 2012 5738 memo-

429 5777 576 5821 ratas
624 5766 918 5836 dignitates
963 5772 1174 5839 evecti;
1230 5781 1414 5841 postea
1460 5789 1592 5828 vero
1626 5777 1691 5828 ad
1741 5775 2010 5845 privatam

432 5858 796 5919 conditionem
829 5861 1054 5932 redacti,
1091 5865 1372 5921 canalibus
1397 5862 1520 5936 jure
1548 5867 1728 5924 collati
1762 5877 1907 5935 sunt,
1944 5869 2012 5923 ad

2118 4658 2433 4726 Αἰγυπτίων
2475 4659 2761 4729 Ῥωμαίων
2781 4659 3038 4732 ἄρχοντα.
3077 4661 3175 4714 Διά
3201 4661 3258 4715 δὲ
3286 4663 3394 4714 τῶν
3412 4663 3551 4717 ἑπτὰ
3596 4681 3702 4732 φα-

2120 4748 2340 4819 ράγγων
2356 4749 2570 4820 νοήσεις
2619 4750 2920 4821 ἐπιστήσας
2948 4750 3039 4803 τὸν
3079 4752 3224 4812 νοῦν,
3268 4751 3344 4815 ῶς
3381 4753 3547 4807 πάλαι
3602 4753 3704 4825 μέν

2117 4841 2235 4904 ἐνὸς
2271 4842 2516 4912 ποταμοῦ
2545 4843 2726 4914 ῥεῦμα
2757 4843 3036 4913 μέγιστον,
3065 4843 3132 4896 δι’
3160 4837 3223 4897 οὗ
3269 4846 3330 4898 τὸ
3379 4847 3478 4916 τῆς
3539 4845 3703 4915 Αἰγύ-

2116 4951 2251 4987 πτου
2289 4933 2556 5004 βασίλειον
2591 4935 2862 5007 ἐδηλοῦτο,
2887 4934 2994 4988 τῶν
3027 4936 3219 4989 αὐτόθι
3265 4937 3481 4991 πάντων
3531 4937 3704 4992 ἐθνῶν

2115 5029 2373 5098 ἐκράτειο
2407 5029 2776 5099 παταχθέντος
2817 5029 2874 5082 δέ
2920 5031 3131 5084 ἐκείνου
3161 5032 3253 5085 καὶ
3284 5032 3553 5096 λυθέντος,
3605 5051 3702 5103 με-

2116 5121 2258 5197 ρικοί
2286 5139 2428 5186 τινες
2470 5123 2729 5192 ἄρχοντες
2775 5123 2954 5175 αὐτῶν
2999 5123 3140 5176 κατά
3164 5125 3386 5196 χρόνους
3435 5125 3697 5196 ἡγοῦντο·

2113 5218 2160 5269 οἱ
2195 5216 2292 5286 μὲν
2321 5215 2391 5267 τὰ
2421 5215 2631 5267 Λιϐύων
2652 5213 2929 5278 διέποντες
2961 5215 3122 5286 μέρη,
3151 5218 3198 5268 οἰ
3222 5217 3277 5269 δὲ
3303 5219 3701 5290 ἀφωρισμένως

2112 5308 2182 5361 τὰ
2227 5308 2502 5377 Θηϐαίων,
2547 5309 2597 5360 οί
2649 5307 2705 5360 δὲ
2753 5307 2925 5377 αὐτῆς
2981 5309 3256 5377 Αἰγύπτου
3301 5312 3394 5364 καὶ
3452 5311 3700 5375 Ἀ).εξαν‹ι

2111 5403 2310 5473 δρείας.
2349 5404 2458 5455 Καὶ
2501 5402 2707 5454 τούτων
2754 5403 2802 5454 οἱ
2861 5401 2959 5472 μὲν
2993 5403 3309 5473 ἡγεμονίαις
3351 5405 3697 5474 τετίμηνται,

2111 5495 2219 5547 τῶν
2238 5491 2545 5564 δημοτικῶν
2591 5493 2683 5544 καὶ
2736 5491 3035 5545 πολιτικῶν
3061 5494 3403 5565 πραγμάτιον
3446 5496 3696 5565 ἐγκεχει-

2113 5586 2360 5657 ρισμένοι
2392 5584 2490 5656 τὴν
2524 5583 2810 5656 φροντίδα·
2869 5585 2918 5636 οἱ
2965 5584 3022 5638 δὲ
3073 5585 3475 5656 ἀφωρισμένως
3535 5586 3700 5638 πάλιν

2111 5676 2218 5729 τῶν
2249 5675 2654 5747 στρατιωτικῶν
2680 5675 3045 5748 καθηγοῦνται
3071 5677 3364 5746 ταγμάτων
3387 5694 3400 5706 ·
3438 5679 3530 5730 καὶ
3552 5675 3699 5731 οὗτοι

2114 5769 2312 5832 πάντες
2345 5769 2450 5822 ὑπὸ
2486 5769 2584 5839 τῆς
2626 5769 2871 5840 μείζονος
2911 5767 3159 5834 ἐξουσίας
3192 5769 3282 5822 ἐπὶ
3312 5767 3410 5832 τὰς
3440 5769 3698 5839 δηλωθεί-

2116 5879 2210 5927 σας
2241 5862 2413 5934 ἀρχὰς
2461 5863 2848 5935 προαγόμενοι·
2898 5863 3132 5916 κᾶπειτα
3171 5861 3554 5928 ἰδιωτεύοντες,
3594 5862 3698 5932 φά..
