3968 6500
255 381 356 437 131

1217 386 1720 444 COMMENTARIA
1757 385 1824 442 IN
1866 385 2122 445 ISAIAM.
2162 418 2232 430 —-
2269 389 2423 445 CAP.
2459 389 2578 446 XII.

3439 397 3534 452 I82

255 502 461 570 ραγξιν
487 501 714 566 εἰκότως
752 503 1200 576 παρεϐλήθησαν,
1232 506 1309 570 ὼς
1337 492 1396 560 ἐν
1429 506 1730 579 παραθέσει
1759 504 1845 560 τοῦ

1959 509 2422 578 comparationem
2497 507 2736 564 ﬂuminis
2793 510 2935 579 apud
2993 511 3113 569 illos
3167 526 3529 580 exundantis,

254 592 436 646 πάλαι
459 593 914 665 πλημμυροῦντος
941 595 1122 659 αὐτοῖς
1150 597 1419 669 ποταμοῦ,
1461 598 1606 666 λέγω
1646 597 1710 669 δὴ
1757 595 1850 651 τοῦ

252 682 562 753 βασιλείου,
593 686 654 747 ὃς
676 685 741 757 δὴ
771 685 871 757 τὴν
920 687 1100 740 πᾶσαν
1153 687 1368 758 ἀθρόως
1401 689 1572 759 αὐτην
1599 705 1658 742 τε
1697 687 1854 757 Αἴγυ-

251 792 396 828 πτον
431 776 526 830 καὶ
562 775 634 830 τὰ
683 777 828 847 ἀμφὶ
871 776 1078 850 ταύτην
1131 776 1260 850 ἔθνη
1303 780 1385 833 ἐνὶ
1426 778 1658 851 ῥεύματι
1701 795 1854 851 περι-

249 868 492 932 έκλυζε·
544 870 646 942 μιᾷ
695 869 922 942 δυνάμει
969 869 1224 944 βασιλικῇ
1277 872 1700 945 κατακρατούσῃ
1731 873 1840 927 τῶν

247 977 397 1014 οΛων
404 1000 420 1014 .

327 1071 348 1104 ι
382 1054 501 1108 Καὶ
530 1052 686 1107 ἔσται
711 1053 883 1118 δίοδος
914 1053 993 1125 τῷ
1023 1053 1441 1125 καταλειφθέντι
1486 1074 1586 1127 μου
1633 1055 1749 1127 λαῷ
1794 1057 1853 1109 ἐν

246 1146 554 1218 Αἰγύπτῳ·
615 1148 710 1201 καὶ
758 1147 912 1201 ἔσται
944 1146 1022 1217 τῷ
1063 1148 1282 1219 Ἰσραὴλ
1326 1147 1401 1212 ὼς
1441 1151 1475 1220 ἡ
1529 1149 1716 1220 ἡμέρα
1764 1150 1853 1202 ὅτε

249 1237 491 1308 ἐξῆλθεν
547 1240 612 1292 ἐκ
645 1239 747 1310 γῆς
797 1239 1111 1309 Αἰγύπτου·
1152 1260 1170 1293 ι
1213 1241 1289 1306 ὼς
1344 1239 1513 1312 βατὴν
1563 1236 1706 1294 εἶναι
1757 1241 1852 1294 τοῦ

247 1331 445 1384 λοιποῦ
487 1331 588 1402 τὴν
637 1330 915 1401 Αἴγυπτον
942 1336 1053 1397 τοῖς
1090 1333 1185 1387 τοῦ
1232 1333 1471 1411 Χριστοῦ
1519 1335 1854 1403 Εὑαγγέλιον

250 1425 612 1494 κηρύττουσι,
663 1425 893 1497 μηδενὸς
933 1416 1184 1497 ἐμπδδὼν
1234 1427 1418 1491 αὐτοῖς
1473 1427 1851 1498 ἐνισταμένου,

249 1515 377 1586 μηδ’
429 1517 738 1571 ἐπιϐαίνειν
782 1519 1108 1584 κωλύοντος.
1145 1519 1348 1590 Διόπερ
1382 1518 1460 1581 ὡς
1500 1519 1698 1590 μηκέτι
1731 1537 1855 1574 συν-

246 1606 505 1680 εστώσης
519 1609 616 1680 τῆς
628 1610 938 1678 Αἰγυπτίων
961 1610 1269 1680 βασιλείας,
1295 1609 1370 1674 ὡς
1388 1609 1447 1663 δέ
1478 1611 1577 1688 τῆς
1605 1610 1849 1680 δαιμονι-

247 1700 355 1769 κῆς
425 1703 713 1772 ἐνεργείας
765 1702 864 1773 τῆς
915 1705 977 1757 ἐν
1035 1704 1220 1768 αὐτοῖς
1282 1703 1742 1774 ἀποσϐεσθείσης,
1789 1704 1853 1758 τὸ

246 1794 521 1866 κήρυγμα
549 1795 612 1850 τὸ
654 1797 1007 1866 εύαγγελικὺν
1051 1797 1144 1851 ἐπὶ
1177 1795 1375 1866 σχολῆς
1433 1794 1620 1860 αὐτοῖς
1668 1799 1848 1868 ἐπηγ-

247 1885 504 1954 γέλλετο.

771 1976 1173 2030 ΚΕΦΑΛΛΙΟΝ
1232 1980 1334 2037 IB'.

317 2087 341 2120 ι
381 2067 507 2122 Καὶ
538 2069 773 2140 ἐρεῖςοέν
817 2072 882 2140 τῇ
919 2069 1102 2141 ἡμέρᾳ
1151 2071 1367 2144 ἐκείνῃ·
1425 2072 1721 2143 Εὐλογήσω
1765 2087 1845 2136 σε,

245 2160 442 2232 Κύριε.
460 2180 481 2212 ι
509 2160 624 2232 (18)
639 2161 728 2224 Ὠς
769 2161 879 2232 γὰρ
911 2164 941 2215 ό
964 2161 1240 2226 Μωῦσέως
1255 2164 1382 2226 λαὸς
1411 2165 1560 2237 διέϐη
1597 2164 1726 2218 ποτέ
1749 2164 1848 2234 τὴν

257 2250 537 2323 Ἐρυθρὰν
571 2251 848 2306 θάλασσαν
887 2251 964 2317 ὡς
1001 2251 1088 2305 διὰ
1143 2253 1352 2326 ξηρᾶς·
1413 2253 1533 2309 εἶτα
1573 2256 1714 2327 μετὰ
1747 2257 1849 2327 τὴν

244 2341 416 2396 δίοδον
444 2341 548 2414 τὴν
578 2343 720 2415 ᾠδὴν
759 2339 900 2421 ᾖσαν
950 2343 1222 2412 λέγοντες,
1262 2364 1280 2396 ι
1321 2347 1580 2418 ’ᾼσωμεν
1613 2346 1692 2419 τῷ
1739 2349 1850 2402 Κυ-

246 2432 364 2505 ρίῳ,
403 2432 639 2497 ἐνδόξως
675 2433 784 2506 γὰρ
816 2434 1162 2502 δεδόξασται·
1212 2455 1231 2486 ι
1287 2437 1379 2491 τὸν
1428 2438 1593 2494 αὐτὸν
1647 2438 1850 2510 τρόπον

246 2527 338 2580 καὶ
366 2527 420 2578 οί
448 2526 920 2597 προφητευόμενοι
976 2528 1072 2581 τοῦ
1123 2530 1374 2602 Σωτῆρος
1419 2529 1578 2599 ἡμῶν
1617 2531 1848 2600 εὐαγγε-

246 2618 451 2683 λισταὶ,
479 2619 636 2671 αὐτοὶ
661 2619 820 2682 ὄντες
844 2621 894 2673 οί
915 2620 979 2674 ἐκ
1005 2620 1101 2675 τοῦ
1132 2625 1332 2688 παντὸς
1366 2624 1634 2678 Ἰουδαίων
1661 2623 1847 2690 ἔθνους

245 2709 714 2783 περιλειφθέντες,
765 2710 1044 2765 ἀκώλυτον
1101 2713 1416 2784 ποιούμενοι
1468 2715 1561 2767 τὸν
1619 2715 1844 2786 δρόμον,

249 2806 340 2859 καὶ
366 2806 562 2857 πᾶσαν
603 2803 974 2876 διατρέχοντες
1017 2804 1117 2878 τὴν
1164 2806 1480 2875 Αἰγυπτίων
1510 2807 1717 2879 χώραν,
1754 2811 1848 2863 καὶ¹

259 2895 546 2958 Ἰουδαίοις
585 2893 687 2964 μὲν
733 2895 1102 2966 κηρύττοντες
1143 2897 1205 2952 τὸ
1258 2898 1591 2966 Εὐαγγέλιω
1637 2901 1694 2954 ἐν
1728 2903 1848 2964 ταῖς

249 2990 602 3066 συναγωγαῖς
691 2989 893 3052 αὐτῶν,
935 2989 1232 3062 ἐκκλησίας
1286 2990 1344 3043 δὲ
1409 2991 1650 3063 Χριστοῦ
1719 3010 1843 3047 συν-

249 3079 514 3143 ιστῶντες
536 3080 602 3132 ἐκ
617 3080 717 3150 τῆς
746 3080 853 3134 τῶν
878 3081 1055 3135 ἐθνῶν
1087 3083 1442 3155 ἐπιστροφῆς,
1469 3084 1654 3137 καινὸν
1670 3081 1844 3156 ᾆσμα,

248 3173 510 3245 ἐμφερῶς
539 3178 651 3238 τοῖς
687 3177 780 3229 ἐπὶ
807 3178 1108 3247 Μωῦσέως,
1145 3178 1597 3251 ἐδίδασκον⁶ᾷδειν
1613 3182 1740 3245 τοὺς
1778 3181 1845 3235 δι’

246 3267 427 3321 αὐτῶν
449 3267 882 3340 ὠφελουμένους.
909 3270 1078 3324 Τοῦτο
1092 3271 1149 3325 δὲ
1173 3267 1241 3341 ἦν
1271 3271 1333 3324 τὸ
1357 3272 1712 3344 προφωνηθέν
1741 3274 1846 3328 ὑπὸ

247 3358 336 3413 τοῦ
370 3359 608 3430 Κυρίου,
665 3361 969 3432 φάσκοντος
1006 3363 1093 3416 διὰ
1134 3362 1228 3416 τοῦ
1280 3364 1623 3435 προφητικοῦ
1651 3365 1842 3435 λόγου·

252 3469 272 3501 ιι
310 3452 430 3506 Καὶ
450 3452 600 3525 ἐρεῖς
630 3455 688 3506 ἐν
715 3457 781 3524 τῇ
822 3455 1004 3527 ἡμέρᾳ
1042 3455 1226 3527 ἐκείνῃ
1247 3474 1260 3486 ·
1295 3458 1588 3530 Εὑλογήσω
1616 3477 1697 3523 σε,
1737 3460 1845 3514 Κύ-

250 3559 350 3612 ριε,
379 3542 523 3596 διότι
574 3542 850 3614 ὠργίσθης
899 3561 1010 3615 μοι,
1042 3545 1136 3599 καὶ
1177 3546 1526 3621 ἀπέστρεψας
1549 3548 1639 3603 τὸν
1673 3549 1845 3620 Θυμόν

249 3652 366 3699 σου,
397 3637 499 3690 καὶ
532 3636 772 3708 manus;
805 3655 892 3708 με.
930 3656 948 3689 ι

321 3747 341 3781 ι
392 3728 528 3781 Ἰδοὺ
563 3731 592 3782 ὁ
622 3728 754 3793 Θεός
783 3747 907 3800 μου,
942 3731 1136 3803 Σωτήρ
1182 3749 1305 3802 μου.
1349 3732 1625 3797 πεποιθὼς
1651 3734 1843 3804 ἔσομαι

251 3822 329 3873 ἐπ’
359 3819 539 3891 αὐτῷ,
569 3821 662 3873 καὶ
689 3821 750 3872 οὐ
789 3821 1170 3893 φοϐηθήσομαι
1192 3839 1206 3854 ·
1238 3823 1370 3876 διότι
1400 3826 1432 3894 ἡ
1465 3823 1592 3887 δόξα
1624 3843 1725 3895 μου
1751 3827 1844 3879 κα)⁵

249 3914 279 3982 ἡ
307 3911 524 3974 αἵνεσίς
561 3928 662 3981 μου
679 3911 902 3983 Κύριος,
925 3913 1018 3964 καὶ
1037 3912 1254 3980 ἐγένετό
1283 3931 1371 3984 μοι
1397 3916 1479 3978 είς
1511 3917 1838 3986 σωτηρίαν,ι

250 4005 340 4057 καί
374 4002 416 4057 ἃ
439 4003 796 4073 παρακατιὼν
830 4003 1064 4058 ἐνταῦθα
1083 4003 1320 4068 διέξεισι.
1357 4004 1431 4057 Τὸ
1453 4004 1604 4074 γοῦν,
1623 4025 1640 4056 ι
1677 4006 1846 4075 ὠργί-

252 4094 388 4166 σθης
449 4112 565 4165 μοι,
601 4113 620 4145 ι
658 4094 1046 4167 ἐξομολόγησιν
1097 4095 1380 4168 προτέρων
1430 4096 1844 4168 ἁμαρτημάτων

251 4185 618 4257 παρίστησιν·
651 4178 726 4239 ὧν
759 4185 924 4240 ἕνεκα
970 4185 1104 4238 θεοῦ
1137 4187 1308 4257 ὀργῆς
1355 4183 1496 4258 ἦσαν
1547 4187 1687 4252 ἄξιοι
1739 4187 1844 4260 πρὸ

249 4279 344 4348 τῆς
379 4277 652 4349 σωτηρίου
687 4277 934 4349 κλήσεως
969 4278 1018 4330 οἱ
1049 4277 1367 4346 Αἰγύπτιοι·
1402 4278 1464 4332 τὸ
1493 4279 1571 4344 δὲ,
1626 4299 1644 4329 ι
1710 4279 1842 4331 Ἀπ-

253 4369 530 4442 έστρεψας
558 4369 650 4423 τὸν
680 4369 848 4440 θυμόν
882 4387 974 4422 σου
1003 4373 1098 4424 ἀπ’
1123 4372 1280 4443 ἐμοῦ,
1315 4371 1409 4426 καὶ
1433 4373 1672 4444 ἡλέησάς
1708 4389 1795 4442 με,
1818 4391 1838 4424 ι

252 4462 348 4534 τὴν
381 4461 522 4534 μετὰ
556 4460 655 4533 τὴν
691 4461 881 4534 κλῆσιν
919 4463 1254 4536 δωρηθεῖσαν
1274 4465 1457 4527 αὐτοῖς
1487 4465 1683 4534 ἄφεσιν
1735 4463 1844 4516 τῶν

1957 601 2084 670 regii
2118 601 2260 666 dico,
2288 601 2432 669 quod
2478 616 2692 658 omnem
2738 617 2843 656 una
2881 602 3206 675 Egyptttm,
3252 620 3316 661 ac
3372 606 3533 661 simul

1953 703 2144 764 gentes
2199 694 2638 764 circumpositas,
2684 711 2792 752 uno
2835 697 2990 754 alveo
3039 699 3369 766 inundabat,
3421 713 3529 754 una

1957 783 2100 854 regia
2169 795 2440 854 potestate
2499 785 2554 840 in
2621 787 2904 843 universos
2989 790 3323 846 dominatum
3388 792 3531 848 obti-

1954 886 2139 931 ttente.

2027 1057 2188 1115 Vens.
2221 1057 2304 1116 I6.
2337 1077 2357 1110 t
2388 1058 2454 1114 Et
2480 1059 2584 1114 erit
2618 1059 2878 1114 transitus
2908 1059 3166 1116 derelicto
3191 1061 3386 1131 popqu
3409 1077 3532 1118 meo

1954 1149 2008 1203 in
2041 1149 2276 1221 Egypto
2311 1167 2324 1204 :
2355 1159 2410 1206 et
2455 1151 2561 1206 erit
2604 1150 2810 1219 Israeli,
2837 1151 2993 1222 quasi
3040 1152 3174 1219 dies,
3212 1168 3318 1223 qua
3363 1156 3534 1209 exivit

1953 1254 2018 1294 ex
2063 1239 2328 1310 Aigypto;
2355 1260 2374 1293 ι
2411 1242 2485 1296 ita
2534 1253 2591 1297 ut
2636 1243 2890 1314 deinceps
2933 1243 3530 1318 EgyptusEvangelii

1951 1332 2156 1386 Christi
2202 1334 2546 1403 praeconibus
2579 1336 2763 1405 pervia
2805 1337 2911 1403 sit,
2959 1337 3106 1392 nullo
3147 1339 3396 1394 obstante
3443 1341 3526 1395 vel

1955 1423 2260 1492 ingressum
2330 1425 2684 1494 prohibente.
2751 1427 3126 1498 Quapropter,
3181 1438 3368 1500 utpote
3415 1430 3526 1500 jam

1952 1515 2167 1570 sublato
2215 1514 2591 1587 Egyptiorum
2640 1533 2825 1588 regno,
2874 1534 2940 1574 ac
2992 1521 3288 1576 damonica
3339 1537 3530 1592 opera-

1955 1607 2102 1662 tione
2148 1608 2288 1678 apud
2337 1609 2485 1678 ipsos
2512 1609 2812 1678 exstincta,
2853 1611 3166 1684 evangelica
3215 1614 3530 1684 praedicatio

1952 1697 2138 1768 quiete
2168 1698 2614 1754 annuntiabatur.

2511 2017 2517 2024 .
2547 1967 2777 2024 CAPUT
2815 1967 2927 2024 XII.

2024 2056 2256 2112 VensJ.
2300 2056 2396 2113 «Et
2428 2061 2577 2116 dices
2601 2046 2654 2116 ni
2683 2061 2770 2116 die
2812 2062 2922 2127 illa,
2959 2061 3280 2119 Beuedicam
3310 2073 3381 2131 te,
3421 2063 3529 2120 Do-

1950 2149 2118 2206 mine.
2139 2170 2160 2203 ι
2190 2149 2657 2218 Quemadmodum
2694 2156 2838 2211 enim
2871 2155 3069 2228 Moysis
3109 2157 3334 2227 populus
3375 2173 3528 2214 mare

1951 2239 2228 2308 Rubrum,
2259 2245 2416 2312 quasi
2466 2260 2562 2316 per
2593 2246 2824 2311 aridam,
2851 2247 2978 2302 olim
3008 2248 3220 2319 trajecit
3259 2267 3274 2304 :
3311 2265 3375 2304 ac
3409 2258 3530 2321 post

1954 2335 2262 2401 transitum,
2297 2338 2570 2394 canticum
2603 2323 2869 2394 canebant
2900 2341 3167 2407 dicentes,
3203 2343 3532 2398 «Cantemus

1954 2427 2206 2492 Domino,
2256 2429 2494 2500 gloriose
2527 2430 2672 2486 enim
2715 2432 3052 2501 gloriﬁcatus
3103 2434 3290 2490 est":
3350 2433 3430 2488 sic
3475 2444 3532 2490 et

1950 2520 2301 2589 evangelista:
2328 2519 2630 2578 Salvatoris
2673 2524 2843 2578 nostri
2895 2523 2986 2594 qui
3030 2524 3083 2579 in
3132 2526 3416 2598 prophetia
3450 2524 3530 2581 fe-

1952 2623 2182 2679 runtur,
2239 2613 2400 2670 iidem
2455 2615 2555 2686 ipsi
2609 2616 2859 2672 videlicet
2897 2617 2988 2687 qui
3037 2633 3105 2674 ex
3157 2627 3265 2673 tota
3299 2619 3528 2675 Iudaica

1949 2715 2108 2777 gente
2149 2707 2320 2762 relicti
2373 2708 2621 2773 fuerant,
2669 2724 2791 2765 cum
2835 2710 2981 2764 nullo
3026 2714 3278 2768 obstante
3306 2729 3527 2770 cursum

1948 2813 2108 2851 suum
2141 2799 2495 2868 perlicerent,
2526 2815 2592 2856 ac
2639 2810 2806 2856 totam
2831 2801 3212 2873 Egyptiorum
3251 2805 3524 2875 regionem

1949 2889 2346 2959 pervaderent,
2373 2891 2575 2947 Judmis
2599 2893 2816 2964 quidem
2847 2895 3198 2965 Evangelium
3230 2898 3528 2966 praedican-

1951 2987 2030 3033 tes
2061 2979 2114 3033 in
2155 2983 2472 3052 synagogis,
2520 2998 2582 3037 ex
2612 2984 2852 3054 gentium
2886 2999 3018 3040 vero
3049 2986 3402 3040 conversione
3431 2985 3529 3040 Ec-

1948 3069 2143 3124 clesias
2196 3069 2397 3125 Christi
2458 3073 2892 3137 constituentes;
2966 3074 3241 3128 canticum
3300 3088 3526 3138 novum,
3641 3101 3649 3116 κ

1951 3162 2172 3230 perinde
2209 3171 2372 3232 atque
2424 3163 2498 3217 illi
2558 3175 2798 3234 tempore
2839 3165 3066 3236 Moysis,
3116 3180 3315 3221 canere
3366 3168 3526 3220 doce-

1951 3258 2082 3308 bant
2110 3269 2238 3321 eos,
2265 3255 2357 3323 qui
2383 3269 2547 3324 opera
2585 3270 2681 3310 sua
2728 3256 2962 3312 fructum
2997 3267 3387 3327 perceperant;
3425 3258 3527 3312 hoc

1948 3347 2158 3403 scilicet
2211 3347 2481 3402 canticum
2515 3348 2645 3402 olim
2679 3364 2707 3402 a
2739 3349 2967 3404 Domino
3013 3364 3108 3417 per
3150 3350 3528 3420 propheticum

1947 3454 2253 3496 sermonem
2304 3441 2767 3510 praenuntiatum:
2807 3460 2826 3494 ι
2865 3442 2928 3497 Ει
2970 3443 3119 3499 dices
3164 3441 3218 3497 in
3271 3442 3361 3498 die
3415 3442 3527 3505 illa.

1950 3535 2271 3590 Benedicam
2307 3543 2377 3601 te,
2409 3534 2658 3600 Domine,
2696 3535 2952 3604 quoniam
2988 3539 3164 3592 iratus
3193 3551 3255 3592 es
3286 3535 3444 3602 mihi,
3471 3546 3528 3592 et

1946 3627 2188 3682 avertisti
2221 3627 2460 3683 furorem
2509 3639 2685 3695 tamn,
2715 3638 2771 3683 et
2802 3628 3058 3684 misertus
3084 3645 3144 3685 es
3179 3630 3331 3684 tnihi.
3355 3648 3379 3683 ι

2022 3720 2186 3777 Vens.
2215 3722 2272 3778 2.
2305 3741 2323 3772 ι
2351 3723 2488 3778 Ecce
2520 3722 2660 3779 Deus
2690 3740 2876 3788 mens,
2909 3723 3152 3779 salvator
3181 3740 3354 3789 meus,
3383 3723 3529 3778 ﬁdu-

1947 3814 2087 3868 ciam
2139 3814 2352 3869 habebo
2395 3815 2450 3869 in
2505 3815 2626 3882 illo,
2672 3825 2726 3871 et
2760 3831 2866 3870 non
2902 3818 3103 3872 timebo
3141 3835 3154 3870 :
3192 3817 3318 3886 quia
3351 3815 3524 3884 gloria

1949 3919 2066 3957 mea
2112 3913 2169 3958 et
2217 3902 2335 3959 laus
2366 3921 2482 3960 mea
2522 3905 2818 3972 Do:ninus,
2854 3917 2909 3961 et
2952 3905 3129 3961 Iactus
3161 3917 3245 3963 cSt
3281 3907 3414 3961 mihi
3470 3906 3524 3961 in

1945 3995 2198 4064 salutem,
2224 4015 2245 4049 ι
2282 4003 2338 4053 et
2373 4013 2494 4066 quae
2527 3999 2627 4054 sub
2663 3999 2774 4052 haec
2806 4000 3171 4068 prosequitur.
3203 3997 3338 4052 Illud
3365 4013 3522 4068 ergo,

1951 4092 2165 4144 «iratus
2213 4106 2274 4146 es
2326 4091 2478 4153 mihi,
2508 4109 2528 4144 ι
2586 4092 2940 4161 pristinorum
2997 4101 3340 4160 peccatorum
3389 4105 3525 4144 con-

1947 4177 2236 4236 fessionem
2278 4181 2498 4235 exhibet
2543 4195 2844 4250 :‘qnorum
2896 4196 3055 4236 causa
3097 4179 3348 4251 ὥρῃ)ιῆ
3400 4188 3528 4234 ante

1945 4271 2240 4327 salutarem
2280 4274 2619 4329 vocationem
2680 4274 2772 4327 ira-
2811 4273 2901 4327 Dei
2957 4271 3101 4343 digni
3153 4255 3353 4338 erant;
3393 4271 3527 4327 illud

1946 4371 2146 4424 autem,
2179 4381 2198 4414 ι
2227 4362 2484 4418 Avertisti
2518 4364 2750 4417 furorem
2781 4373 2932 4418 tuum
2975 4379 3006 4416 a
3034 4379 3120 4418 me
3140 4403 3155 4427 ,
3187 4372 3241 4418 et
3270 4365 3528 4420 misertus

1946 4471 2007 4511 es
2042 4456 2228 4521 mihi,»
2270 4467 2617 4527 peccatorum
2647 4458 3043 4524 remissionem,
3075 4459 3180 4514 illis
3209 4468 3331 4530 post
3364 4476 3530 4515 voca-

253 4557 671 4629 ἁμαρτημάτων
708 4555 983 4627 σημαίνει.
1015 4557 1079 4610 Ἠ
1107 4557 1216 4628 γὰρ
1243 4559 1404 4629 χάρις
1429 4558 1521 4610 καὶ
1552 4556 1584 4628 ἡ
1617 4556 1842 4627 ἀλήθεια

1956 4548 2149 4601 tionem
2204 4563 2541 4612 concessam,
2592 4547 2883 4618 signiﬁcat.
2931 4548 3062 4604 Nam
3098 4553 3272 4620 gratia
3303 4561 3360 4606 et
3386 4552 3530 4606 veri-

253 4649 340 4702 διὰ
378 4648 553 4719 Ἰησοῦ
577 4647 814 4719 Χριστοῦ
843 4648 1110 4719 γενομένη
1166 4649 1261 4702 καὶ
1290 4649 1474 4712 αὐτοῖς
1503 4648 1841 4717 Αἰγυπτίοις,

255 4743 346 4796 καὶ
386 4743 525 4794 πᾶσι
553 4743 668 4804 τοῖς
717 4740 808 4793 τὸν
843 4741 970 4793 Υίδν
1025 4739 1122 4792 τοῦ
1163 4740 1298 4794 Θεοῦ
1330 4741 1842 4812 παραδεδεγμένοις,

253 4833 472 4904 δεσμῶν
521 4830 676 4884 λύσιν
729 4833 824 4885 καὶ
888 4831 1173 4903 ἁμαρτιῶν
1231 4832 1579 4904 συγχώρησιν
1639 4832 1846 4903 ἐδωρή-

259 4943 406 4980 σατο.

330 5037 352 5070 ι
398 5018 512 5072 Καὶ
541 5016 841 5088 ἀντλήσατε
877 5015 1023 5090 ὓδωρ
1074 5016 1191 5087 μετ’
1236 5015 1575 5087 εὐφροσυνης
1616 5018 1681 5068 ἐκ
1730 5015 1840 5067 τῶν

258 5111 452 5182 πηγῶν
488 5109 584 5163 τοῦ
611 5110 911 5181 Σωτηρίου.
947 5129 966 5162 ι
994 5109 1160 5162 Πάλιν
1187 5107 1560 5178 ἁλληγορικῶς
1607 5107 1840 5160 ἐνταῦθα

259 5201 628 5275 παραδεκτὲον
661 5201 722 5253 τὸ
753 5200 896 5274 ὕδωρ
930 5201 1024 5254 καὶ
1048 5199 1154 5263 τὰς
1187 5198 1371 5269 πηγὰς
1403 5197 1495 5250 τοῦ
1537 5197 1837 5268 Σωτηρίου.

261 5297 489 5366 Νοήσεις
520 5294 576 5347 δὲ
606 5293 778 5347 ταῦτα
804 5293 969 5346 αὐτοῦ
1001 5293 1248 5361 λέγοντος
1274 5290 1368 5344 τοῦ
1405 5291 1682 5361 Σωτῆρος·
1723 5308 1742 5339 ι
1777 5289 1844 5342 El’

260 5404 341 5450 τις
369 5387 520 5457 διψᾷ,
550 5384 796 5455 ἐρχέσθω
821 5384 957 5456 πρὸς
1005 5385 1092 5454 μὲ,
1129 5383 1222 5438 καὶ
1253 5382 1481 5435 πινέτω·
1513 5382 1541 5432 ὁ
1568 5380 1840 5433 πιστεύων

261 5483 337 5542 si;
362 5480 482 5550 ἐμὲ,
510 5496 530 5529 t
555 5476 739 5540 καθὼς
755 5473 906 5530 εἶπεν
923 5478 956 5546 ἡ
987 5477 1200 5548 Γραφὴ,
1229 5496 1246 5527 ι
1275 5473 1510 5545 ποταμοὶ
1526 5475 1589 5526 ἐκ
1611 5473 1710 5543 τῆς
1727 5490 1841 5526 κοι-

261 5575 375 5641 λίας
407 5578 574 5633 circa
600 5579 880 5651 ῥεύσουσιν
902 5577 1092 5639 ὕδατος
1123 5575 1338 5640 ζῶντος.
1394 5594 1410 5624 ι
1444 5573 1623 5641 Πηγαὶ
1661 5571 1840 5623 τοίνυν

328 5694 380 5771 τι
407 5686 578 5749 Exod.
613 5711 704 5758 κν,
740 5697 789 5750 ι,
868 5695 913 5724 ⁷³
947 5691 1103 5750 Joau.
1137 5708 1242 5757 \'|l,
1278 5692 1368 5747 57.

1947 4649 2030 4691 tas
2067 4654 2162 4708 per
2192 4637 2378 4694 Jesunt
2404 4638 2680 4694 Christum
2710 4641 2876 4708 facta,
2906 4659 3030 4697 cum
3064 4643 3192 4712 ipsis
3219 4641 3520 4714 Egyptiis,

1946 4740 2056 4783 tum
2089 4731 2342 4785 omnibus
2389 4731 2475 4794 iis,
2503 4731 2594 4800 qui
2636 4730 2674 4784 F
2682 4732 2831 4786 ilium
2870 4732 2960 4787 Dei
2997 4744 3368 4802 susceperant,
3403 4734 3526 4787 vin-

1942 4823 2184 4878 culorum
2219 4824 2569 4894 solutionem,
2610 4837 2664 4881 et
2698 4838 3042 4886 peccatorum
3078 4828 3287 4880 veniam
3316 4827 3484 4882 dedit.

2021 5005 2180 5062 Vens.
2211 5009 2264 5061 5.
2302 5025 2322 5058 ι
2353 5009 2416 5061 Et
2449 5009 2665 5063 haurite
2691 5023 2886 5078 aquam
2915 5025 3038 5064 cum
3069 5010 3268 5079 gaudio
3298 5024 3366 5063 ex
3405 5008 3528 5062 Ion-

1951 5098 2090 5152 tibns
2116 5097 2404 5154 Salutaris.
2436 5118 2455 5151 ι
2503 5099 2627 5154 Haec
2669 5099 2823 5163 item,
2851 5109 2958 5155 tam
3005 5117 3172 5172 aqua,
3211 5115 3374 5169 quam
3407 5099 3524 5153 fon-

1949 5201 2027 5246 tes
2050 5189 2336 5256 Salutaris,
2371 5193 2660 5262 allegorice
2687 5205 2813 5249 sunt
2837 5193 3170 5263 accipienda.
3207 5192 3332 5246 Haec
3357 5207 3521 5256 porro

1948 5284 2222 5354 intelligas
2274 5286 2390 5355 ipso
2421 5287 2711 5342 Servatore
2760 5291 2998 5350 dicente,
3049 5303 3068 5336 ι
3101 5283 3157 5338 Si
3204 5284 3328 5351 quis
3379 5285 3521 5349 sitit,

1947 5379 2129 5433 veniat
2171 5380 2240 5433 ad
2278 5397 2381 5442 me,
2418 5391 2468 5436 et
2518 5380 2661 5436 bibat
2703 5398 2718 5436 :
2761 5382 2853 5450 qui
2905 5379 3079 5434 credit
3119 5381 3170 5433 in
3210 5395 3348 5444 men
3381 5381 3524 5436 sicut

1950 5473 2082 5528 dicit
2142 5472 2445 5543 Scriptura.
2488 5495 2506 5526 ‹
2547 5475 2764 5528 (lumina
2810 5473 2876 5526 de
2941 5480 3129 5528 ventre
3189 5472 3307 5543 ejus
3353 5472 3520 5527 ﬂuent

1948 5581 2101 5637 aqua:
2145 5569 2279 5624 viva:
2321 5569 2386 5622 ⁷⁸.
2412 5588 2430 5621 ι
2465 5567 2662 5624 Fontes
2713 5566 2879 5636 igitur
2909 5565 3192 5631 Salutaris,
3239 5578 3530 5621 sermones.

336 5839 445 5911 (l8)
498 5838 625 5897 Ilaec
686 5841 810 5896 item
869 5839 1266 5907 Hieronymus,
1326 5835 1413 5892 sed
1474 5835 1689 5891 brevius
1744 5829 2019 5902 exprimit.
