3968 6496
437 398 534 454 183

1082 393 1876 452 EUSEBII-CIESARIENSIS
1917 396 2067 453 OPP.
2110 396 2291 451 PARS
2330 396 2415 450 III.
2455 428 2521 437 —
2562 393 2966 452 EXEGETICA.

3595 393 3694 448 181

431 511 730 583 evangelici
793 522 954 579 sunt,
1019 526 1083 567 ex
1157 512 1359 585 Spiritu
1421 523 1610 569 sancto
1672 529 1769 569 ceu
1824 515 1992 571 imbre

2129 514 2404 585 Σωτηρίου
2437 516 2584 585 λόγοι
2614 516 2751 568 εἰσιν
2778 512 3141 583 εύαγγελικοὶ,
3171 512 3230 578 ἐξ
3269 512 3423 581 ἁγίου
3454 510 3687 585 Πνεύμαρ

430 620 632 661 emissn

504 696 669 752 νιος.
699 697 754 759 4,
786 696 839 750 5.
898 715 916 747 ε
947 695 1014 750 Et
1040 695 1189 750 dices
1228 697 1280 750 in
1314 696 1402 751 die
1447 696 1537 752 illa
1558 737 1572 761 ,
1603 695 1830 767 Hymnis
1869 698 2014 753 cele-

429 784 581 839 brate
615 787 921 851 Dominum,
962 786 1193 841 clamate
1244 803 1443 841 nomen
1474 789 1589 856 ejus
1635 807 1649 843 :
1696 790 2011 843 annuntiate

428 876 680 945 gentibus
723 876 955 946 gloriosa
1007 877 1141 946 ejus.
1181 876 1506 931 Mementote
1560 881 1814 946 quoniam
1861 880 2012 933 exaI.

430 977 599 1020 tutum
656 979 740 1022 est
796 983 993 1023 nomen
1048 968 1187 1038 ejus.
1240 968 1467 1039 Ilymuis
1502 970 1773 1024 celebrate
1813 986 2006 1026 nomen

428 1059 659 1125 Domini,
692 1060 818 1127 quia
852 1060 1070 1114 excelsa
1104 1060 1233 1114 fecit
1263 1079 1276 1114 :
1309 1062 1630 1116 annnntiate
1662 1062 1777 1117 haec
1808 1064 1857 1117 in
1888 1064 2010 1117 uui-

423 1165 579 1206 versa
623 1162 791 1206 terra.
822 1170 841 1204 ι
876 1151 1028 1217 Illud,
1070 1170 1088 1205 t
1124 1152 1293 1215 dices,
1328 1168 1346 1204 ι
1397 1154 1625 1206 chorum
1648 1154 2007 1223 evangelista-

424 1261 547 1298 rum
575 1244 878 1299 Salvatoris
912 1244 1081 1300 nostri
1111 1243 1415 1313 compellat.
1446 1243 1499 1297 In
1527 1244 1637 1308 illa,
1674 1246 1865 1315 inquit,
1896 1246 2003 1310 die,

424 1335 637 1391 scilicet
687 1345 932 1404 tempore
964 1335 1016 1389 in
1053 1335 1335 1404 praphetia
1377 1337 1702 1406 signiﬁcato,
1741 1348 1797 1391 tu
1831 1352 2004 1406 praeco

424 1425 687 1479 salutaris
732 1424 1045 1493 Evangelii,
1103 1424 1375 1496 Egyptiis
1422 1428 1512 1494 qui
1560 1429 2001 1497 praedicationem

422 1516 782 1586 susceperint,
831 1517 1002 1581 dices,
1048 1533 1067 1565 ε
1100 1515 1324 1587 Ilymnis
1369 1518 1640 1573 celebrate
1690 1518 2000 1585 Dominum,

425 1610 663 1663 clamate
716 1608 922 1663 nomini
974 1607 1220 1673 Domini,
1274 1611 1595 1664 annuntiale
1644 1611 1697 1663 in
1750 1614 2001 1679 gentibus

421 1700 656 1763 gloriosa
709 1700 824 1769 ejus
862 1716 875 1753 :
914 1710 1245 1754 mementote
1284 1701 1540 1769 quoniam
1581 1702 1879 1756 exaltatum
1919 1714 2001 1757 est

424 1806 617 1845 tiotneu
650 1789 783 1858 ejus.
817 1808 836 1841 ι
881 1789 1005 1843 Haec
1034 1790 1229 1859 quippe
1275 1798 1355 1853 tu,
1385 1792 1588 1845 chorus
1646 1792 1995 1860 apostolicus,

2120 620 2209 668 τος
2238 607 2352 659 ἀνω
2359 607 2515 676 μδρω
2522 606 2689 676 μένοι.

2196 717 2214 748 ‹
2256 700 2365 751 Καὶ
2390 700 2535 768 ἐρεῖς
2566 699 2623 749 ἐν
2646 698 2711 768 τῆ
2744 697 2925 768 ἡμέρᾳ
2952 695 3161 767 ἐκείνῃο
3191 696 3439 767 ’Υμνεϊτε
3465 696 3691 769 Κύριον,
3722 768 3725 769 ν

2118 784 2277 854 βοᾶτε
2309 786 2369 838 τὸ
2400 786 2567 856 ὄνομα
2598 787 2784 847 αὐτοῦ,
2840 786 3196 855 ἁναγγείλατε
3245 789 3358 850 τοῖς
3405 787 3579 841 ἔθνεσι
3624 788 3693 843 τὰ

2116 875 2301 942 ἔνδοξα
2350 879 2537 941 αὑτοῦ,
2600 880 2991 950 μιμνήσκεσθε,
3047 881 3127 932 ὅτι
3173 878 3361 949 ὑψώθη
3416 878 3479 931 τὸ
3522 880 3693 950 δνομα

2116 968 2303 1024 αὑτοῦ.
2344 971 2651 1041 ’Υμνήσατε
2678 972 2738 1025 τὸ
2757 971 2926 1041 ὄνομα
2950 972 3179 1042 Κυρίου,
3196 973 3276 1024 ὅτι
3298 973 3476 1043 ὑψηλὰ
3506 975 3691 1045 ὲποξηο

2116 1073 2238 1111 σεν·
2276 1060 2634 1129 ἀναγγείλατε
2692 1062 2865 1117 ταῦτα
2904 1065 2962 1116 ὲν
3010 1063 3158 1134 πάσῃ
3198 1066 3263 1134 τῇ
3311 1068 3403 1135 γῇ.
3442 1084 3460 1115 ›
3492 1065 3565 1117 Τὸ
3609 1066 3689 1127 δὲ,

2118 1167 2136 1200 t
2182 1152 2348 1221 ἐρεῖς,
2389 1171 2408 1202 ι
2462 1157 2774 1221 προσφωνεῖ
2818 1153 2896 1224 τῷ
2938 1153 3083 1225 χορῷ
3137 1154 3246 1207 τῶν
3289 1156 3689 1223 εύαγγελιστῶν

2110 1241 2203 1295 τοῦ
2237 1244 2490 1315 Σωτῆρος
2524 1245 2700 1315 ἡμῶν.
2745 1245 2835 1298 Ἐν
2867 1248 3071 1317 ἐκείνῃ,
3099 1248 3250 1317 φησι,
3279 1250 3342 1319 τῇ
3378 1248 3577 1319 ἡμέρᾳ,
3601 1248 3688 1319 δη-

2108 1334 2241 1407 λαδὴ
2280 1339 2336 1389 ἐν
2364 1338 2442 1408 τῷ
2476 1340 2955 1410 προφητευομένῳ,
2993 1342 3137 1411 ὲρεῖς
3176 1342 3260 1403 σὺ,
3294 1344 3322 1394 ὁ
3364 1339 3540 1411 κήρυξ
3591 1340 3686 1394 τοῦ

2109 1427 2378 1497 σωτηρίου
2430 1428 2784 1496 Εὐαγγελίου,
2812 1432 2923 1493 τοῖς
2958 1430 3018 1482 τὸ
3066 1432 3327 1501 κηρυγμα
3380 1430 3686 1502 παραδεξαο

2112 1517 2297 1586 μένοις
2317 1518 2653 1585 Αἰγυπτίοις.
2687 1539 2705 1570 t
2740 1520 2988 1590 ’Υμνείτε
3017 1520 3239 1591 Κύριον,
3277 1521 3433 1590 βοᾶτε
3465 1520 3543 1591 τῷ
3571 1521 3685 1574 όνόο

2108 1620 2239 1672 ματι
2264 1604 2469 1675 Κυρίου
2492 1620 2503 1632 ·
2565 1607 2922 1675 ἀναγγείλατε
2953 1608 3010 1659 ἐν
3054 1612 3165 1671 τοῖς
3192 1608 3367 1661 ἔθνεσι
3394 1610 3461 1662 τὰ
3500 1610 3686 1675 ἔνδοξα

2102 1697 2296 1749 αὐτοῦ’
2334 1698 2731 1768 μιμνήσκεσθε,
2764 1701 2846 1752 ὅτι
2879 1700 3067 1772 ὑψώθη
3115 1700 3176 1753 τὸ
3225 1702 3392 1771 ὄνομα
3433 1702 3617 1757 αὑτοῦ.
3660 1723 3679 1757 ι

2104 1787 2289 1841 Ταῦτα
2317 1789 2426 1858 γὰρ
2452 1789 2541 1854 σὺ,
2559 1790 2587 1841 ό
2620 1790 2780 1859 χορὸς
2805 1791 2833 1842 ὁ
2869 1790 3241 1854 ἀποστολικὸς,
3269 1791 3534 1845 διδάσκων
3557 1794 3685 1857 τοὺς

421 1896 545 1933 cum
602 1879 896 1950 discipulos
940 1879 1160 1934 docebis
1203 1890 1346 1944 tuos,
1383 1882 1647 1948 proferes,
1686 1883 1992 1951 praecipiens

2107 1879 2212 1932 ὑπὸ
2244 1880 2305 1932 σὲ
2342 1881 2835 1951 μαθητευομένους,
2867 1882 3030 1953 ἐρεῖς,
3080 1883 3472 1954 παραγγέλλων
3501 1884 3684 1949 αὐτοῖς

421 1970 548 2032 illis,
586 1979 739 2023 utne
771 1968 1005 2033 sileant;
1053 1969 1146 2022 sed
1200 1968 1451 2024 salutaris
1492 1970 1734 2024 benelicii
1770 1972 2000 2041 gratiam

417 2061 671 2116 munibus
701 2062 1046 2125 annuntient,
1079 2061 1421 2129 clamentque
1446 2070 1502 2115 ut
1544 2063 1850 2118 audiantur.

492 2153 654 2209 Vsus.
692 2153 745 2209 6.
789 2172 807 2205 ι
841 2154 1118 2208 Exsultate
1162 2164 1216 2208 et
1260 2154 1557 2218 laetaniini,
1603 2156 1695 2223 qui
1743 2155 2000 2211 habitatis

419 2244 575 2311 Sion,
621 2245 747 2313 quia
799 2246 1067 2300 exaltatus
1117 2254 1200 2300 est
1240 2255 1459 2300 sanctus
1510 2245 1670 2301 Israel
1722 2247 1776 2301 in
1823 2250 1999 2304 medio

415 2336 552 2405 ejus.
576 2354 594 2386 ι
627 2334 746 2390 Jam
775 2335 1017 2404 pluribus
1043 2337 1299 2390 traditum
1326 2347 1408 2392 est
1436 2336 1657 2391 Sionem
1686 2354 1806 2395 esse
1830 2355 1998 2395 evan-

416 2426 645 2495 gelicum
676 2427 921 2491 verbum,
959 2428 1010 2479 in
1045 2442 1155 2496 quo
1186 2425 1437 2482 Ecclesia
1467 2427 1560 2482 Dei
1590 2430 1855 2483 aediﬁcata
1892 2440 1994 2485 est.

415 2516 681 2583 Quoniam
726 2516 890 2588 igitur
941 2529 1161 2573 sanctus
1200 2518 1364 2573 Israel
1412 2520 1463 2573 in
1512 2522 1687 2577 medio
1737 2522 1995 2579 Ecclesiae

414 2610 688 2665 exaltatus
727 2621 837 2675 est;
885 2612 1029 2681 jure,
1082 2611 1276 2681 inquit.
1324 2615 1597 2669 exsultate
1645 2626 1700 2669 et
1735 2616 1993 2671 hetamini

414 2703 504 2771 qui
540 2704 592 2757 in
620 2704 708 2756 illa
760 2705 915 2767 estis,
946 2715 1131 2774 utpote
1176 2705 1265 2774 qui
1325 2716 1574 2760 sanctum
1603 2706 1761 2761 Israel
1796 2708 1847 2761 in
1882 2724 1995 2763 me-

414 2796 504 2849 dio
537 2806 777 2850 vestrum
823 2797 1095 2860 habeatis;
1144 2797 1440 2851 secundum
1475 2799 1889 2867 promissionem
1925 2800 1995 2855 ab

415 2888 531 2955 ipso
585 2886 784 2942 factam
823 2889 907 2943 his
942 2890 1143 2953 verbis,
1183 2909 1201 2940 ι
1233 2888 1333 2945 Ubi
1382 2890 1507 2955 duo,
1558 2890 1642 2944 vel
1708 2901 1819 2945 tres
1870 2905 1995 2946 con-

413 2980 617 3049 gregati
663 2980 866 3034 l'ueriut
899 2981 951 3035 in
1004 2982 1224 3036 nomine
1273 2998 1413 3049 meo,
1461 2982 1569 3037 illic
1608 2998 1726 3037 sum
1775 2983 1827 3037 in
1878 2999 1992 3037 me-

411 3071 499 3125 dio
526 3086 714 3127 eoruan
738 3072 801 3125 ".
835 3091 856 3124 ι

1002 3165 1234 3221 CAPUT
1265 3166 1401 3225 XIII.

484 3251 650 3309 Vens.
698 3254 753 3319 I,
797 3254 850 3309 2.
922 3254 1156 3321 «Visio,
1209 3273 1370 3327 quam
1428 3256 1565 3312 vidit
1626 3257 1795 3313 Isaias
1847 3258 1989 3315 Illius

410 3346 599 3410 Amos.
648 3357 837 3403 contra
866 3347 1223 3420 Babylonem.
1271 3348 1441 3419 Super
1498 3360 1736 3406 montem
1780 3365 1992 3421 campe-

410 3447 581 3493 strem
628 3438 804 3493 levate
860 3440 1115 3510 signum,
1177 3444 1412 3496 exaltate
1467 3457 1652 3497 vocem
1710 3443 1888 3511 ipsis:
1925 3459 1990 3498 ne

412 3531 673 3595 timeatis,
708 3532 971 3587 advocate
996 3533 1434 3602 manu,.aperite,
1461 3535 1756 3602 principes.
1786 3552 1805 3585 ι
1840 3535 1988 3589 νεω-

409 3618 735 3677 t-inatus'ea
784 3637 903 3692 quae
957 3622 1011 3676 iu
1067 3625 1300 3678 adventu
1348 3624 1551 3678 Christi
1603 3624 1784 3677 futura
1838 3634 1985 3691 sunt,

411 3709 553 3767 aliud
597 3713 698 3768 init
739 3726 1117 3782 argumentum
1151 3726 1337 3770 contra
1370 3715 1700 3787 Babylonem
1739 3734 1753 3770 :
1793 3716 1988 3771 deinde

410 3804 704 3861 secundum
746 3807 897 3860 addit
928 3808 994 3861 de
1028 3807 1353 3873 Philistzeis;
1389 3819 1570 3877 postea
1609 3811 1829 3862 tertium
1855 3823 1988 3862 con-

410 3907 495 3949 tra
529 3896 871 3951 Moabitidem
899 3936 915 3962 ,
966 3899 1092 3953 hinc
1140 3909 1327 3954 contra
1378 3899 1724 3962 Damascum,
1769 3911 1825 3953 et
1866 3912 1986 3968 post

411 3987 525 4042 haec
562 3989 806 4058 sequitur
847 3991 986 4045 visio
1015 3990 1268 4061 Egypti;
1314 4000 1526 4045 sextum
1581 3990 1793 4055 deinde,
1849 3993 1985 4047 visio

411 4077 676 4142 Idumam,
708 4080 808 4133 sub
839 4080 974 4142 hac,
999 4079 1294 4149 assumptio
1320 4080 1571 4146 Arabia;
1601 4095 1762 4148 quam
1786 4083 1986 4151 excipit

413 4168 548 4223 visio
581 4169 739 4225 vallis
762 4170 915 4236 Sion,
955 4170 1172 4225 demunt
1210 4171 1347 4225 visio
1372 4168 1523 4240 Tyri.
1567 4170 1660 4223 Ha!
1697 4186 1859 4240 porro
1887 4174 1982 4226 de—

409 4276 527 4314 cem
582 4263 879 4330 prophetia:
927 4273 1113 4317 mutuo
1170 4262 1469 4323 cohaerent,
1530 4262 1595 4315 de
1660 4261 1984 4333 alienigenis

410 4352 663 4418 gentibus
706 4353 944 4422 prolatae,
998 4355 1325 4423 quibuscum
1364 4352 1554 4405 vallem
1600 4351 1783 4407 Sionis
1834 4370 1983 4407 com-

410 4444 688 4512 plectitur,
724 4458 844 4498 cum
894 4446 1217 4516 alienigenis
1242 4445 1527 4502 Judaicum
1566 4448 1693 4502 item
1728 4446 1983 4515 populum

2108 1969 2183 2040 μὴ
2220 1973 2431 2040 σιωπᾷν
2453 1989 2468 2003 ο
2494 1972 2838 2041 ἐξαγγέλλειν
2854 1974 2910 2026 δὲ
2933 1978 3044 2037 τοῖς
3074 1977 3206 2027 πᾶσι
3236 1976 3327 2028 καὶ
3357 1978 3433 2039 εἰς
3456 1977 3683 2042 ἐξάκου-

2106 2076 2230 2112 στον
2266 2060 2394 2131 βοᾷν
2423 2062 2521 2132 τῆς
2556 2063 2822 2133 σωτηρίου
2854 2064 3172 2135 εὐεργεσίας
3197 2064 3297 2137 τὴν
3321 2066 3499 2137 χάριν.

2182 2169 2201 2203 t
2258 2152 2612 2221 Ἀγαλλιᾶσθε
2659 2156 2751 2208 καὶ
2795 2156 3169 2227 εὐφραίνεσθε,
3204 2159 3253 2210 οἱ
3297 2175 3683 2223 κατοικουντες

2102 2239 2258 2304 Σιὼν,
2278 2243 2359 2295 ὅτι
2386 2242 2571 2314 ὑψώθη
2594 2246 2622 2297 ὁ
2651 2246 2804 2314 ἅγιος
2830 2246 2921 2298 τοῦ
2960 2247 3174 2319 Ἰσραὴλ
3200 2250 3255 2300 έν
3274 2249 3422 2320 μέσῳ
3451 2250 3639 2319 αὐτῆς.
3657 2270 3674 2302 ι

2104 2331 2243 2403 Ἤδη
2287 2333 2345 2386 δὲ
2382 2334 2468 2388 διὰ
2515 2335 2776 2389 πλειόνων
2828 2336 2965 2390 Σιὼν
2999 2338 3232 2409 ἀπεδόοη
3268 2342 3296 2393 ό
3328 2340 3681 2408 εύαγγελικὸς

2100 2422 2276 2491 λόγος,
2331 2424 2415 2493 ἐφ’
2461 2418 2521 2478 οῦ
2575 2429 2607 2497 ἡ
2648 2428 2941 2498 Ἐκκλησία
2981 2429 3075 2482 τοῦ
3124 2430 3258 2483 θεοῦ
3310 2431 3674 2503 ᾠκοδόμηται,

2111 2514 2264 2566 Ἐπεὶ
2317 2516 2497 2567 τοίνυν
2549 2517 2576 2567 ὁ
2621 2518 2773 2585 ἆγιος
2826 2519 2921 2571 τοῦ
2961 2521 3175 2591 Ἰσραὴλ
3220 2521 3404 2592 ὑψώθη
3438 2526 3495 2575 ὲν
3527 2523 3681 2597 μέσῳ

2096 2605 2195 2675 τῆς
2266 2606 2609 2678 Ἐκκλησίας,
2670 2610 2894 2674 εἰκότως
2964 2612 3312 2681 ἀγαλλιᾶσθε,
3369 2615 3522 2685 φησι,
3583 2616 3679 2671 καὶ

2100 2696 2482 2767 εὐφραίνεσθε,
2513 2702 2560 2752 οἱ
2597 2701 2655 2754 ὲν
2682 2703 2819 2772 αὐτῇ
2846 2719 2859 2733 ⁸
2891 2703 2984 2756 ἅτε
3007 2704 3070 2774 δὴ
3103 2706 3266 2774 μέσον
3287 2707 3447 2759 αὑτὸν
3462 2707 3678 2777 ἔχοντες

2097 2789 2188 2841 τὸν
2245 2790 2398 2857 ἅγιον
2451 2790 2545 2844 τοῦ
2604 2793 2837 2864 Ἰσραὴλ,
2888 2796 3026 2847 κατὰ
3082 2796 3180 2866 τὴν
3236 2798 3562 2866 ἐπαγγελίαν
3605 2800 3676 2872 ἦν

2098 2880 2261 2945 αὐτὸς
2296 2882 2587 2953 πεποίηται
2613 2886 2821 2955 φήσας-
2864 2905 2882 2937 ‹
2919 2888 3092 2940 Ὅπου
3135 2887 3243 2939 εἰσὶ
3274 2888 3367 2941 δύο
3400 2890 3493 2942 καὶ⁵
3526 2892 3674 2961 τρεῖς

2098 2975 2429 3045 συνηγμένοι
2472 2978 2531 3030 ἐν
2580 2977 2658 3048 τῷ
2686 2977 2908 3049 ὀνόματί
2949 2996 3073 3051 μου,
3118 2982 3233 3035 ἐκεῖ
3276 2984 3391 3054 εἰμι
3425 2984 3484 3037 ὲν
3523 2984 3675 3055 μέσῳ

2092 3083 2289 3119 αυτων.
2324 3085 2340 3119 1

2612 3160 3005 3213 ΚΕΦΑΛΑΙΟΝ
3044 3161 3141 3216 II".

2173 3267 2192 3301 ι
2239 3251 2468 3322 Ὃρασις
2512 3253 2578 3321 ἢν
2610 3247 2750 3305 εἶδεν
2785 3254 3009 3316 Ἡσαΐας
3035 3254 3148 3317 υίὸς
3185 3256 3365 3327 Ἀμὼς
3388 3258 3533 3311 κατά
3566 3258 3672 3313 Βα-

2094 3342 2353 3407 ϐυλῶνος.
2389 3345 2505 3396 Ἐπ’
2540 3345 2698 3414 ὅρους
2750 3344 2965 3398 πεδινοῦ
3005 3346 3173 3416 ἄρατε
3226 3352 3472 3419 σημεῖον,

2093 3451 2221 3489 σατε
2247 3435 2345 3506 τὴν
2381 3436 2562 3507 φωνὴν
2599 3438 2812 3499 αὐτοῖς·
2850 3438 2925 3510 μὴ
2974 3440 3242 3507 φοϐεῖσθε,
3294 3443 3670 3514 παρακαλεῖτε

2089 3528 2155 3595 τῇ
2224 3528 2389 3596 χειρὶ,
2445 3528 2713 3592 ἀνοίξατε,
2750 3529 2800 3580 οί
2849 3530 3126 3599 ἄρχοντες.
3175 3550 3195 3583 ι
3247 3534 3356 3587 Καὶ
3417 3536 3552 3606 μετὰ
3600 3535 3671 3589 τὰ

2089 3616 2447 3673 θεσπισθέντα
2477 3618 2542 3670 τὰ
2570 3620 2662 3670 ἐπὶ
2694 3619 2793 3689 τῆς
2820 3622 3117 3691 παρουσίας
3144 3622 3237 3676 τοῦ
3283 3626 3516 3695 Χριστοῦ
3574 3645 3662 3695 γε·

2088 3709 2361 3779 νησόμενα
2386 3711 2576 3779 ἐτέρας
2614 3711 2840 3781 ἄρχεται
2875 3713 3178 3778 ὑποθέσεως
3204 3716 3304 3785 τῆς
3330 3718 3471 3772 κατά
3496 3720 3670 3773 Βαϐυ-

2088 3798 2285 3862 λῶνος⁹
2320 3796 2417 3852 εἷθ’
2448 3800 2573 3870 ἑξῆς
2598 3803 2855 3873 δευτέραν
2902 3805 3081 3876 τίθησι
3128 3808 3225 3877 τὴν
3257 3808 3383 3879 περὶ
3418 3810 3523 3863 τῶν
3559 3812 3664 3865 Φυο

2086 3890 2363 3944 λιστιαίων
2397 3908 2410 3921 ·
2448 3893 2565 3961 μεθ’
2599 3895 2664 3964 ἢν
2702 3895 2884 3965 τρίτον
2922 3897 3041 3953 ἐστὶ
3065 3899 3124 3951 τὸ
3155 3900 3297 3953 κατά
3323 3901 3422 3971 τῆς
3453 3903 3670 3956 Μωασί-

2085 3983 2227 4047 τιδος
2253 4001 2265 4013 ·
2295 3980 2411 4036 εἶτα
2444 3986 2538 4037 καὶ
2576 3986 2637 4039 τὸ
2670 3988 2811 4041 κατὰ
2839 3990 3151 4060 Δαμασκοῦ,
3195 3993 3286 4045 καὶ
3316 3994 3454 4063 μετὰ
3492 3994 3665 4049 ταῦτα

2087 4074 2279 4140 ὅρασις
2329 4074 2640 4144 Αἰγύπτου·
2678 4074 2777 4130 εἷθ’
2832 4080 2987 4133 ἕκτον
3035 4081 3097 4133 τὸ
3130 4082 3313 4152 ὅραμα
3361 4083 3459 4154 τῆς
3511 4086 3665 4139 Ἰδουο

2092 4166 2288 4235 μαίαςο
2351 4167 2541 4220 ἔπειτα
2590 4168 2780 4239 λῆμμα
2832 4174 2898 4242 τῇ
2953 4172 3215 4245 Ἀραϐίᾳ*
3270 4167 3313 4242 ᾧ
3365 4176 3553 4229 ἕπεται
3602 4176 3666 4230 τὸ

2086 4258 2274 4328 ὅραμα
2301 4258 2399 4328 τῆς
2434 4259 2716 4331 φάραγγος
2743 4262 2879 4315 Σιών
2900 4281 2912 4292 ·
2950 4266 3041 4317 καὶ
3071 4267 3163 4319 ἐπὶ
3193 4268 3326 4319 πᾶσι
3376 4268 3435 4321 τὸ
3482 4270 3664 4339 ὅραμα

2089 4351 2282 4422 Τύρου.
2322 4352 2461 4405 Δέκα
2497 4352 2554 4406 δὲ
2597 4346 2758 4407 αὗται
2813 4356 2905 4408 καὶ
2960 4359 3300 4428 συνημμέναι
3337 4361 3663 4430 τυγχάνουσι

2092 4446 2417 4512 προφητεῖαι
2441 4445 2568 4515 περὶ
2600 4445 2709 4498 τῶν
2751 4444 3059 4515 ἀλλοφύλων
3094 4448 3283 4513 ὲθνῶν,
3306 4444 3391 4512 αἷς
3422 4452 3515 4503 καὶ
3566 4451 3665 4522 τὴν

407 4549 659 4589 evocans.
697 4534 808 4591 Cur
854 4549 1032 4591 autem
1062 4538 1252 4590 horum
1288 4549 1498 4591 tantum
1520 4539 1675 4608 quasi
1723 4554 1789 4593 ex
1838 4548 1983 4591 sorte

2102 4534 2353 4605 ράραγγα
2416 4534 2552 4586 Σιὼν
2583 4538 3031 4608 συμπεριείληφε,
3056 4542 3169 4603 τοῖς
3212 4540 3528 4609 ἀλλοφύλοις
3569 4544 3664 4597 καὶ⁸

407 4628 642 4693 quadam
677 4629 959 4696 meminit,
991 4631 1218 4684 aliarum
1265 4645 1393 4683 vero
1444 4632 1684 4699 gentium
1732 4631 1988 4684 minimc?

410 4716 824 4785 Respondemus
874 4720 1048 4773 nullas
1101 4720 1235 4773 alias
1285 4727 1411 4772 tunc
1468 4719 1725 4788 temporis
1773 4718 1988 4773 Judaeu-

410 4820 529 4859 rum
586 4806 779 4875 populo
836 4806 1058 4862 infestas
1106 4806 1296 4871 fuisse,
1332 4809 1435 4862 nisi
1470 4824 1631 4876 supra
1665 4811 1981 4874 recensitas,

408 4913 529 4967 quae
582 4898 899 4968 frequenter
945 4908 1135 4954 contra
1186 4900 1309 4954 illos
1368 4901 1770 4972 insurgebant:
1824 4902 1986 4957 modo

407 4990 641 5057 quidem
672 4987 1067 5059 Jcrusolymam
1115 4990 1436 5058 expilantcs,
1478 4995 1636 5046 modo
1679 5010 1866 5047 eorum
1901 5010 1986 5048 re-

407 5080 620 5148 gionem
651 5090 950 5141 vastaaucs.
998 5080 1360 5145 Quamobrem
1392 5099 1511 5147 eos,
1541 5084 1629 5151 qui
1661 5085 1986 5139 obsideban-

408 5183 517 5237 tur.
555 5174 875 5231 necessanio
902 5171 1180 5241 Scriptura
1210 5174 1367 5228 docet
1397 5190 1457 5228 ea
1481 5215 1495 5239 ,
1531 5191 1656 5243 quae
1684 5176 1985 5230 obsidenti-

407 5265 511 5319 bus
553 5276 821 5323 evanture
855 5273 1031 5323 orarit.
1082 5264 1214 5333 Ipsis
1252 5281 1380 5319 vero
1413 5282 1535 5321 cum
1574 5267 1859 5322 scientiam
1892 5284 1988 5337 per

408 5355 1126 5419 Christum.conciliandam,
1153 5368 1264 5411 tum
1293 5357 1561 5413 bonorum
1592 5361 1979 5428 protuissiones

406 5448 740 5503 mutunliat:
778 5448 1135 5517 omnibusque
1178 5450 1473 5507 universitn
1529 5453 1595 5507 de
1637 5452 1845 5521 judicio
1883 5452 1975 5507 Dei

407 5540 567 5595 verba
601 5540 749 5599 facit.
784 5554 971 5593 omnes
1005 5542 1249 5597 homines
1275 5545 1562 5599 cohortaris
1586 5544 1653 5597 ad
1688 5544 1774 5613 pic
1798 5544 1977 5598 viven-

406 5630 555 5697 dum,
592 5628 683 5683 Dei
714 5630 997 5685 tribunalis
1030 5645 1315 5688 memores.
1357 5632 1594 5689 I‘i‘imam
1623 5632 1787 5704 igitur
1816 5631 1973 5687 visio-

476 5806 522 5838 "
552 5806 740 5863 Matth.
772 5823 923 5879 Il‘lll,
956 5808 1046 5867 20.

2087 4626 2175 4678 τὸν
2220 4625 2329 4677 τῶν
2365 4626 2634 4678 Ἰουδαίων
2684 4628 3024 4696 συγκαλέσας
3060 4630 3205 4684 λαόν.
3242 4630 3306 4683 Τί
3356 4632 3553 4701 δήποτε
3604 4632 3663 4686 δὲ

2086 4716 2290 4769 τούτων
2318 4716 2495 4785 μόνων
2521 4715 2708 4787 ὥσπερ
2734 4719 3196 4789 ἁποκληρωτικῶς
3223 4721 3514 4791 μέμνηται,
3541 4722 3663 4792 ούχὶ

2085 4808 2141 4860 δὲ
2179 4808 2273 4861 καὶ
2322 4808 2521 4878 ἐτέρων
2556 4809 2763 4874 ὲθνῶν;
2804 4811 3087 4881 Ἑροῦμεν,
3115 4812 3197 4864 ὃτι
3247 4812 3461 4867 οὐδένες
3511 4813 3661 4867 ἄλλοι

2088 4900 2208 4952 κατ’
2241 4902 2416 4953 ἐκεῖνο
2440 4900 2635 4971 καιροῦ
2667 4902 3040 4973 παρηνόχλουν
3064 4905 3176 4966 τοῖς
3214 4904 3487 4967 Ἰουδαίοις
3537 4904 3568 4975 ἢ
3609 4907 3660 4958 οξ

2088 4991 2537 5061 καταλεχθέντες,
2575 4993 2815 5061 συνεχῶς
2842 4984 3027 5057 αύτοίς
3060 4997 3480 5065 ἐπανιστάμενοι
3502 5012 3515 5025 ο
3565 4997 3660 5049 καὶ

2087 5084 2217 5137 ποτὲ
2248 5085 2343 5153 μὲν
2372 5084 2471 5154 τὴν
2515 5084 2869 5154 Ἰερουσαλὴμ
2906 5085 3254 5156 πορθοῦντες,
3289 5088 3418 5140 ποτὲ
3456 5089 3513 5141 δὲ
3559 5090 3661 5159 τὴν

2088 5175 2270 5247 χώραν
2290 5178 2467 5231 αὐτῶν
2500 5176 2775 5249 δῃοῦντες.
2812 5178 3007 5249 Διόπερ
3035 5178 3062 5230 ό
3105 5178 3262 5247 λόγος
3282 5183 3407 5243 τοὺς
3437 5182 3659 5253 πολιορ-

2089 5268 2387 5337 κουμένους
2419 5270 2738 5336 ἀναγκαίαις
2776 5270 3020 5322 ἐδίδασκε
3050 5270 3118 5322 τὰ
3141 5271 3526 5342 συμϐησόμενα
3548 5275 3659 5334 τοῖς

2089 5358 2272 5420 αὐτοῖς
2309 5358 2674 5429 πολιορκοῦσι.
2712 5361 2915 5413 Γνῶσιν
2944 5362 3000 5414 δὲ
3048 5362 3232 5425 αὐτοῖς
3270 5363 3366 5434 τὴν
3399 5363 3488 5416 διὰ
3520 5366 3659 5426 Χρι-

2088 5449 2215 5502 στοῦ
2239 5450 2332 5503 καί¹
2358 5451 2580 5517 ἀγαθῶν
2620 5454 2951 5521 ἐπαγγελίας
2978 5454 3415 5523 εὐαγγελίζεται·
3454 5474 3660 5528 κηρυτ-

2086 5558 2168 5595 τει
2208 5559 2267 5594 τε
2296 5541 2595 5606 καθολικῶς
2644 5547 2756 5607 τοῖς
2796 5548 2929 5598 πᾶσι
2962 5547 3050 5599 τὸν
3096 5549 3221 5618 περὶ
3255 5548 3354 5617 τῆς
3399 5548 3491 5601 τοῦ
3521 5548 3657 5601 Θεοῦ

2092 5632 2323 5704 κρίσεως
2350 5632 2524 5703 λόγον,
2555 5636 2875 5706 προτρέπων
2913 5637 3155 5701 ἅπαντας
3195 5636 3513 5710 ἀνθρώπους
3544 5637 3655 5692 θεο-

3562 5730 3575 5751 1
