3968 6504
250 396 351 450 185

1209 406 1715 469 COMMENTABIA
1750 417 1819 471 IN
1859 420 2120 477 ISAIAM.
2176 455 2232 464 —-
2272 423 2424 480 CAP.
2468 426 2606 485 XIII.

3415 438 3518 493 I86

245 510 421 573 σεϐῶς
449 511 574 581 ζῇν,
612 511 708 565 τοῦ
730 514 1113 586 δικαιωτηρίου
1147 519 1240 573 τοῦ
1264 521 1401 575 Θεοῦ
1433 528 1833 597 μεμνημένους.

1945 550 2068 588 nent
2115 535 2270 590 effert
2320 550 2514 595 contra
2561 542 2929 614 Babylonem,
2977 560 3259 621 postquam
3301 555 3353 609 in
3403 557 3520 625 ipso

242 600 481 672 [ipth
532 598 625 657 οὖν
669 605 850 675 τίθησι
903 608 1001 679 τὴν
1048 610 1193 664 κατὰ
1242 613 1562 680 Βαϐυλῶνος
1620 619 1832 690 ὅρασιν,

240 690 527 762 προειπὼν
570 694 631 746 ὲν
676 696 815 766 ἀρχῇ
856 698 956 768 τῆς
1001 698 1130 770 ὅλης
1188 701 1372 772 βίϐλου
1419 705 1518 777 τὴν
1564 709 1705 761 κατὰ
1738 710 1835 781 τῆς

251 783 638 857 Ἰερουσαλήμ.
696 789 912 862 Ἐπειδὴ
946 794 1054 865 γὰρ
1105 795 1180 866 μή
1231 796 1348 850 ἐστι
1405 804 1834 876 προσωποληψία

240 877 401 947 παρά
435 878 513 947 τῷ
542 878 682 949 Θεῷ,
717 881 811 933 ἀπ’
850 883 1031 938 αὐτῶν
1080 884 1285 957 ἤρξατο
1312 889 1420 941 τῶν
1462 893 1701 956 οἰκείων,
1741 898 1836 952 καὶ

236 971 322 1031 εἰς
358 969 562 1034 αὐτοὺς
587 973 749 1026 πάλιν
773 974 1104 1047 ἀναστρέφει
1138 978 1227 1032 τὸν
1253 978 1410 1049 λόγον
1431 999 1442 1009 ·
1473 984 1580 1037 τῶν
1598 985 1654 1038 δὲ
1680 986 1836 1040 ἀλλο-

236 1059 432 1128 φύλων
456 1061 625 1115 ἐθνῶν
648 1062 749 1133 τὴν
795 1064 1088 1119 Βαϐυλῶνα
1132 1069 1450 1139 προτάσσει.
1479 1073 1738 1147 Βασιλικὴ
1777 1077 1835 1131 δὲ

234 1150 389 1222 αῦτη
410 1152 519 1205 τῶν
551 1154 854 1226 Ἀσσυρίων
885 1156 1059 1221 πόλις,
1089 1160 1319 1232 μεγίστη
1346 1164 1441 1216 καὶ
1463 1164 1831 1239 δυνατωτάτη.

233 1242 513 1311 Δέγονται
544 1243 602 1297 δὲ
640 1245 916 1317 Ἀσσύριοι
960 1249 1166 1319 πρῶτοι
1194 1251 1297 1322 τῆς
1325 1255 1651 1327 οἰκουμένης
1699 1274 1835 1328 κρα-

230 1332 409 1402 τῆσαι
444 1334 530 1401 ἐφ’
556 1334 697 1398 ὅλοις
724 1336 915 1405 χιλίοις
958 1340 1053 1391 καὶ
1108 1342 1444 1411 τριακοσίοις
1484 1346 1628 1398 ἔτεσι
1674 1348 1835 1417 μέχρι

231 1422 354 1474 τῶν
390 1424 825 1495 πολιορκούντων
876 1429 975 1499 τὴν
1016 1429 1392 1505 Ἰερουσαλὴμ,
1438 1436 1532 1488 καὶ
1562 1436 1669 1490 τῶν
1704 1440 1834 1492 Ἰου-

231 1513 415 1567 δαίων
475 1516 566 1568 τὸν
614 1517 743 1570 λαὸν
798 1520 1144 1590 αἰχμάλωτον
1219 1524 1536 1594 ἀγαγόντων
1602 1531 1683 1593 είς
1734 1531 1834 1603 τὴν

233 1604 433 1657 αὐτῶν
489 1604 696 1677 χώραν.
738 1609 861 1661 Ἐπὶ
907 1610 1080 1681 ταύτῃ
1125 1612 1237 1683 γάρ
1272 1617 1336 1684 τῇ
1381 1616 1492 1669 τῶν
1535 1618 1833 1690 Ἀσσυρίων

231 1695 467 1766 πράξει,
502 1697 703 1751 αὐτίκα
728 1700 823 1753 καὶ
841 1701 939 1754 οὐκ
963 1703 1045 1765 είς
1074 1704 1316 1777 μακρὰν,
1348 1707 1407 1760 τὸ
1433 1709 1834 1779 κράτοςαύτῶν

233 1790 543 1861 κατελύθη.

318 1900 338 1932 ι
394 1881 696 1946 Ἀνοίξατε,
744 1885 793 1937 οἱ
825 1886 1103 1956 ἄρχοντες.
1144 1907 1162 1940 ι
1194 1889 1379 1944 Ταῦτα
1430 1892 1487 1946 δὲ
1536 1894 1594 1948 τὸ
1647 1897 1701 1949 ἐν
1760 1897 1837 1969 τῷ
1871 1900 1912 1953 Β

232 1974 499 2045 προφήτῃ
523 1974 752 2045 Πνεῦμα
782 1974 922 2030 θεῖον
953 1981 1017 2031 ὲκ
1045 1979 1338 2050 προσώπου
1371 1983 1466 2036 τοῦ
1500 1985 1635 2038 Θεοῦ
1662 1988 1836 2057 Λόγου

231 2065 533 2143 προφέρει.
572 2067 738 2131 Αὐτὸς
763 2070 943 2122 τοίνυν
973 2073 1001 2123 ὁ
1028 2075 1532 2146 παρακελευόμενος
1561 2082 1672 2143 τοῖς
1698 2082 1835 2152 ἀμφ’

231 2154 405 2206 αὑτὸν
428 2156 686 2224 ἀγγέλοις
717 2159 928 2226 ἀνοῖξαι
959 2161 1128 2233 θύρας
1163 2165 1575 2235 κεκλεισμένας,
1608 2172 1700 2224 καὶ
1734 2190 1839 2225 πσ-

231 2247 682 2317 ρακελεύσασθαι
716 2255 828 2315 τοῖς
864 2253 1010 2307 ἔνδον
1056 2251 1173 2309 οὖσι
1223 2259 1503 2329 προϊέναι,
1540 2262 1694 2332 ἥκειν
1742 2266 1837 2318 καὶ

231 2339 497 2393 σπεύδειν
525 2341 618 2393 ἐπὶ
638 2343 735 2408 τὴν
757 2344 865 2395 τῶν
886 2345 1099 2399 ἀσεϐῶν
1121 2349 1413 2421 τιμωρίαν.
1457 2347 1623 2423 οἶμαι
1654 2354 1709 2407 δὲ
1748 2356 1835 2410 διὰ

228 2428 444 2485 τούτων
483 2434 776 2504 δηλοῦσθαι
804 2435 902 2507 τὴν
938 2438 1328 2512 ἀφωρισμένην
1366 2445 1486 2507 ταῖς
1528 2445 1836 2517 ἀντικειμέ-

229 2540 353 2587 ναις
379 2524 680 2596 δυνάμεσιν
700 2544 713 2556 ·
743 2529 802 2581 ὲν
924 2529 1111 2602 ὥσπερ
1146 2532 1201 2584 ὲν
1225 2532 1584 2606 δεσμωτηρίῳ
1619 2537 1836 2610 καθειρ-

230 2618 440 2687 γμέναι
473 2620 826 2689 τυγχάνουσι.
854 2622 965 2674 Καὶ
995 2624 1202 2694 μήποτε
1240 2624 1375 2697 αὕτη
1414 2628 1559 2680 ἐστὶν
1586 2630 1617 2699 ἡ
1644 2630 1835 2683 καλου-

231 2709 374 2780 μένη
403 2708 664 2774 ἄϐυσσος,
692 2712 1161 2783 ὲμπεπληρῶσθαι
1181 2714 1237 2767 δὲ
1260 2716 1569 2786 δρακόντων
1595 2720 1833 2777 διδάσκει

228 2801 257 2851 ὁ
286 2802 524 2870 φάσκων
556 2799 734 2870 λόγος,
771 2823 789 2853 ι
826 2804 1130 2874 Δράκοντες
1157 2808 1253 2860 καὶ
1294 2810 1463 2861 πᾶσαι
1507 2810 1768 2878 ἀϐυσσοις
1807 2834 1826 2867 ι

231 2894 403 2946 Ὅθεν
436 2894 534 2947 καὶ
575 2894 668 2948 τόν
713 2896 941 2968 Σωτῆρα
973 2899 1315 2970 παρεκάλουν
1361 2903 1407 2954 οἱ
1440 2902 1721 2974 δαίμονες,
1757 2905 1831 2976 μὴ

231 2985 457 3055 πέμψαι
486 2987 705 3051 αὐτοὺς,
730 2988 966 3057 ὁπηνίκα
995 2989 1149 3058 ἔλεγε
1179 2992 1259 3053 τὸ,
1294 3010 1312 3042 ι
1343 2988 1547 3058 Ἦλθες
1574 2995 1679 3066 πρὸ
1710 3014 1833 3049 και-

231 3077 334 3149 ροῦ
378 3077 671 3147 βασανίσαι
707 3080 873 3148 ἡμᾶς.
914 3100 932 3131 δ
969 3081 1042 3133 Ού
1082 3081 1192 3152 γὰρ
1222 3084 1452 3151 ὴγνόουν
1489 3086 1677 3157 xatpdv
1709 3105 1833 3143 τινα

226 3169 459 3222 ἔσεσθαι
485 3170 670 3233 αὐτοῖς
699 3171 795 3241 τῆς
819 3173 898 3236 εἰς
937 3172 1034 3243 τὴν
1063 3173 1298 3228 ἄϐυσσον
1333 3175 1686 3248 καθείρξεως.

1948 626 2068 679 libri
2101 629 2326 684 exordio
2363 631 2629 687 visionem
2675 650 2866 693 contra
2899 640 3197 698 Jerusalem
3253 650 3522 714 praemise-

1944 729 2051 773 rat.
2085 718 2218 786 Quia
2247 722 2390 775 enim
2424 724 2566 778 nulla
2596 739 2679 781 est
2710 746 3069 798 personarum
3102 739 3345 806 acceptio
3375 743 3519 809 apud

1945 812 2139 874 Deum,
2186 828 2215 866 a
2250 815 2648 874 contribulibus
2688 823 2807 875 suis
2832 839 3011 886 orsus,
3049 826 3100 879 in
3150 829 3368 880 eosdem
3399 845 3520 881 rur-

1942 919 2059 958 sum
2087 921 2394 960 sermonem
2428 915 2699 966 convertit
2726 930 2739 979 ;
2767 914 3085 985 alienigenis
3115 932 3244 971 vero
3269 922 3519 988 gentibus

1946 998 2268 1070 Babylonem
2315 1007 2613 1074 praemittit.
2654 1006 2819 1076 Regia
2851 1016 3029 1060 autem
3061 1008 3147 1063 illa
3176 1010 3516 1082 Assyriorum

1943 1096 2071 1149 urbs
2108 1106 2258 1164 erat,
2306 1101 2539 1152 maxima
2589 1108 2752 1168 atque
2810 1103 3204 1169 potentissima.
3258 1107 3523 1164 Dicuntur

1942 1201 2108 1255 porro
2149 1189 2358 1259 Assyrii
2409 1191 2568 1256 primi
2621 1191 2863 1244 onmium
2898 1192 3017 1246 orbi
3053 1193 3346 1264 imperasse
3378 1208 3519 1254 totos

1945 1278 2090 1331 mille
2123 1288 2177 1332 et
2221 1288 2493 1337 trecentos
2538 1298 2751 1346 annos,
2799 1300 2970 1354 usque
3014 1288 3081 1339 ad
3121 1301 3217 1341 eos
3247 1289 3335 1356 qui
3362 1287 3518 1344 Jero-

1946 1370 2213 1438 solytnam
2239 1372 2592 1437 obsederunt,
2626 1389 2688 1425 ac
2716 1373 3027 1429 Judteorum
3058 1378 3310 1446 p0pulum
3342 1382 3518 1448 capti-

1942 1474 2066 1512 vutn
2116 1460 2464 1515 abduxerunt
2505 1462 2558 1514 in
2611 1463 2888 1530 regionem
2931 1480 3107 1520 suam.
3154 1454 3383 1536 Propter
3418 1470 3519 1525 hoc

1941 1549 2086 1602 enim
2131 1549 2474 1620 Assyriorum
2529 1551 2779 1620 facinus,
2824 1571 2925 1610 nec
2964 1557 3055 1611 diu
3110 1569 3295 1628 postea
3327 1574 3518 1617 eorum

1942 1640 2225 1711 imperium
2267 1642 2502 1698 solutum
2539 1653 2639 1700 est.

2019 1910 2039 1944 ι
2068 1891 2290 1961 Aperite
2313 1895 2606 1963 principes.
2638 1915 2656 1948 ι
2687 1896 2824 1966 [Hcce
2857 1910 3019 1964 porro
3043 1898 3281 1967 Spiritus
3304 1901 3524 1955 divinus

1950 1986 2002 2039 in
2040 1988 2300 2055 propheta
2348 1988 2615 2042 exsistens
2646 2006 2711 2043 ex
2759 2005 2988 2059 persona
3040 1992 3132 2044 Dei
3182 1989 3343 2046 Verbi
3394 2008 3522 2063 pro-

1947 2077 2071 2132 fert.
2096 2077 2236 2133 ldem
2273 2080 2436 2146 igitur
2474 2079 2589 2147 ipse
2613 2090 2697 2135 est
2735 2081 2824 2149 qui
2869 2082 3074 2150 angelis
3116 2083 3522 2136 circumstanti-

1954 2169 2057 2223 bus
2079 2170 2345 2238 prtecipit,
2379 2180 2436 2223 ut
2468 2171 2685 2225 clausas
2713 2183 2898 2240 portas
2920 2173 3188 2240 aperiant.
3213 2173 3522 2240 acjnbeant

1942 2276 2037 2315 eos
2067 2263 2157 2330 qui
2188 2263 2327 2316 intra
2367 2275 2494 2318 sunt
2517 2266 2752 2335 prodire,
2781 2267 3038 2320 accedere
3065 2280 3120 2320 et
3156 2266 3414 2321 festinare
3451 2268 3521 2321 ad

1944 2354 2236 2422 impiorum
2264 2357 2611 2425 supplicimn.
2643 2356 2878 2412 Estimo
2907 2370 3086 2412 autem
3114 2359 3197 2413 bis
3226 2357 3519 2428 signiﬁcari

1942 2447 2210 2501 ultionem
2238 2463 2359 2517 qua:
2392 2450 2719 2504 adversariis
2770 2452 3133 2518 potestatibus
3167 2452 3469 2505 destinatur
3503 2470 3517 2505 :

1942 2540 1995 2592 in
2020 2555 2123 2607 qua
2164 2556 2262 2595 ceu
2294 2543 2345 2595 in
2377 2557 2597 2597 carcere
2628 2543 3041 2598 concluduntur.
3085 2541 3222 2596 Num
3258 2543 3398 2598 forte
3433 2544 3520 2597 illa

1944 2632 2106 2685 fuerit
2137 2632 2391 2701 abyssus,
2434 2644 2492 2688 ut
2525 2645 2775 2697 vocatur,
2822 2650 2986 2703 quam
3033 2637 3362 2690 draconibus
3403 2636 3520 2704 ple-

1943 2740 2068 2778 nam
2105 2726 2181 2778 ait
2214 2725 2496 2791 Scriptura
2537 2728 2623 2781 bis
2647 2728 2854 2789 verbis,
2899 2746 2918 2776 r
2952 2726 3223 2781 Dracones
3252 2736 3310 2783 et
3331 2742 3522 2782 omnes

1941 2814 2119 2885 abyssi
2143 2808 2235 2866 "1’
2265 2834 2283 2866 ι
2340 2813 2493 2870 Unde
2533 2826 2589 2868 et
2620 2815 2958 2870 Salvatorem
3001 2819 3269 2884 rogabant
3317 2818 3521 2870 daturo-

1941 2921 2060 2968 nes,
2096 2922 2163 2961 ne
2192 2921 2251 2961 se
2292 2906 2384 2959 illo
2429 2906 2690 2972 mitteret,
2751 2922 2874 2961 cum
2921 2907 3197 2969 dicebam,
3263 2925 3281 2957 ι
3313 2904 3518 2959 Venisti

1940 3008 2065 3052 ante
2095 3010 2307 3067 tempus
2340 3010 2590 3068 torquere
2612 3016 2708 3053 nos
2730 3001 2795 3051 ⁷⁸.
2831 3018 2849 3050 ι
2880 2999 2992 3053 Νοη
3024 3000 3346 3069 ignorabant
3374 3001 3517 3053 enini

1941 3089 2180 3144 futurum
2223 3102 2430 3161 tempus
2478 3107 2601 3148 esse
2643 3107 2751 3162 quo
2814 3092 2867 3151 in
2917 3095 3116 3162 abysso
3160 3091 3519 3147 concludendi

1940 3193 2115 3237 erant.

306 3280 327 3312 ι
380 3260 525 3329 Ἐγὼ
551 3263 833 3316 συντάσσω
860 3264 953 3316 καὶ
977 3264 1089 3333 ἐγὼ
1113 3265 1233 3334 ἄγω
1261 3268 1482 3332 αὐτούς.
1522 3288 1540 3320 ι
1587 3270 1744 3335 Τίνες
1774 3270 1830 3326 δέ

2016 3273 2179 3330 Vens.
2221 3275 2275 3334 '5.
2322 3296 2340 3327 ι
2368 3276 2477 3346 Ego
2506 3277 2703 3331 ordino
2732 3285 2787 3332 et
2809 3291 2907 3343 ego
2934 3277 3073 3330 duco
3101 3290 3250 3331 eos.»
3288 3274 3521 3342 Quinam

227 3353 377 3405 είσιν
419 3348 569 3405 οὗτοι
620 3354 748 3424 ἑξῆς
793 3355 1090 3427 παρίστησι
1133 3357 1411 3428 διασαφῶν
1477 3362 1573 3413 καὶ
1626 3361 1828 3431 λέγων’

237 3463 257 3494 ι
308 3444 575 3512 Γίγαντες
618 3444 869 3516 ἔρχονται
908 3447 1192 3518 πληρῶσαι
1216 3450 1306 3502 τὸν
1340 3449 1509 3522 θυμόν
1542 3471 1676 3523 μου,
1711 3456 1837 3525 χαί-

230 3550 430 3608 ροντες
480 3536 599 3606 ἅμα
644 3538 739 3589 καὶ
786 3538 1117 3609 ὑϐρίζοντες.
1180 3561 1197 3591 ι
1251 3543 1565 3613 Συμφῶνως
1615 3546 1670 3599 δὲ
1719 3550 1833 3610 τοῖς

237 3624 655 3695 Ἐϐδομήκοντα
684 3628 1032 3699 ὴρμήνευσεν
1058 3630 1085 3681 ό
1114 3628 1405 3685 Θεοδοτίων
1430 3631 1600 3686 εἰπών
1621 3650 1635 3665 ο
1669 3653 1686 3685 ι
1724 3634 1831 3687 Καί

226 3733 292 3784 γε
340 3716 584 3770 ἐκάλεσα
637 3718 762 3781 τοὺς
790 3719 1051 3787 γίγαντάς
1085 3737 1215 3790 μου⁸
1265 3742 1283 3773 ι
1327 3724 1354 3776 ὁ
1382 3723 1439 3777 δὲ
1476 3725 1705 3789 Ἀκύλας
1741 3726 1834 3779 καὶ

227 3812 257 3862 ὁ
300 3808 605 3879 Σύμμαχος
638 3810 758 3863 ἀντὶ
790 3811 906 3875 τοῦ,
951 3832 969 3862 r
1016 3813 1298 3881 γίγαντας,
1352 3835 1473 3867 ι-ι
1499 3817 1757 3881 δυνατοὺς
1805 3837 1825 3870 ι

228 3904 615 3974 ἡρμήνευε-αν.
649 3902 806 3957 Οῦτω
833 3905 889 3958 δὲ
929 3904 1084 3959 καλεῖ
1126 3906 1224 3969 τὰς
1251 3908 1631 3980 τιμωρητικάς
1672 3910 1832 3963 δυνά-

233 4012 382 4066 μεις,
423 3995 490 4048 δι’
532 3989 607 4049 ὧν
660 3996 726 4047 τὰ
753 3996 853 4067 τῆς
900 3998 1042 4051 κατὰ
1083 3999 1193 4052 τῶν
1239 4000 1453 4059 ἀσεϐῶν
1495 4003 1662 4073 ὀργῆς
1695 4002 1832 4076 πλη-

232 4088 456 4159 ροῦται.
498 4089 875 4161 Ἐπιχαίρουσι
902 4093 1063 4146 κακοί
1095 4112 1261 4159 τινες,
1291 4090 1436 4149 οὗτοι
1465 4099 1513 4149 οἱ
1548 4097 1831 4170 λεγόμενοι

231 4183 516 4251 γίγαντες,
550 4183 739 4255 ὥσπερ
764 4186 831 4239 τά
871 4189 991 4240 κατ’
1025 4188 1191 4258 εὐχὰς
1219 4190 1551 4260 πράττοντες
1573 4209 1585 4220 ’
1614 4192 1832 4263 χαίρον-

229 4292 326 4337 τες
351 4274 450 4326 ἐπὶ
471 4275 550 4345 τῷ
578 4275 821 4347 ὑϐρίζειν
846 4278 940 4332 καὶ
966 4280 1214 4344 κολάζειν
1235 4283 1360 4346 τοὺς
1387 4283 1625 4349 ἀσεϐεῖς,
1647 4284 1741 4338 ἆτε
1765 4285 1828 4339 δὴ

234 4364 311 4435 μὴ
348 4363 566 4433 ἔχοντες
594 4365 874 4437 σπλάγχνα
902 4369 1220 4441 οἰκτιρμῶν.

311 4473 331 4504 ι
363 4454 523 4525 Φωνὴ
550 4453 719 4509 ἐθνῶν
753 4457 963 4511 πολλῶν
994 4460 1087 4512 ἐπὶ
1116 4460 1223 4513 τῶν
1253 4459 1447 4531 ὀρέων,
1473 4463 1633 4532 ὁμοία
1659 4462 1829 4517 ὲθνῶν

233 4546 473 4600 πολλῶν.
523 4547 678 4619 Φωνὴ
719 4548 982 4619 βασιλέων
1016 4551 1107 4603 καὶ
1157 4551 1327 4605 ἐθνῶν
1372 4555 1746 4624 συνηγμένων.
1804 4576 1822 4607 ι

232 4641 301 4693 Οἱ
334 4638 621 4709 μέλλοντες
657 4640 778 4693 τότε
820 4645 884 4713 τῇ
919 4642 1163 4715 τιμωρίᾳ.
1212 4644 1603 4713 παραδίδοσθαι
1647 4646 1830 4715 φωνὰς
1864 4628 1905 4680 ί)

230 4732 533 4801 ἀφήσουσι,
564 4731 633 4785 τὰ
656 4733 864 4786 ἑαυτῶν
892 4734 1373 4807 ἐξομολογούμενοι
1405 4737 1553 4790 κακά
1571 4756 1584 4768 ο
1611 4738 1744 4809 ὁμοῦ
1774 4739 1830 4793 δὲ

233 4824 331 4877 καὶ
363 4823 510 4876 κατά
538 4824 731 4877 ταύτὸν
760 4824 828 4877 τά
854 4826 981 4897 ἔθνη
1016 4829 1211 4895 πάντα,
1246 4830 1340 4883 καὶ
1366 4832 1417 4882 οἱ
1443 4830 1646 4884 τούτων
1676 4830 1830 4901 βασι-

231 4916 371 4981 λεῖς,
418 4917 548 4987 μίαν
589 4917 685 4988 τὴν
728 4918 896 4989 αὐτὴν
939 4920 1279 4975 ἀποδώσουσι
1326 4923 1531 4994 φωνὴν,
1571 4923 1831 4994 ὀλοφυρό-

238 5023 396 5077 μενοι
434 5005 533 5069 τὰς
572 5006 779 5060 ἑαυτῶν
820 5010 1124 5082 συμφοράς.
1167 5013 1228 5064 Οἱ
1261 5012 1317 5065 δὲ
1356 5013 1613 5084 ἀνωτέρω
1643 5014 1833 5082 γίγαν-

232 5112 328 5158 τες
417 5095 810 5165 ῢνομασθέντες
887 5097 1187 5169 όπλομάχοι
1244 5102 1480 5157 ἐνταῦθα
1548 5103 1830 5173 λέγονται,

238 5186 463 5259 μακρὰν
488 5187 640 5252 ὄντες
675 5189 862 5255 πάλαι,
888 5190 982 5243 καὶ
1007 5190 1195 5263 ὥσπερ
1230 5195 1288 5247 ἐν
1311 5193 1577 5264 θεμελίοις
1618 5195 1712 5248 τοῦ
1739 5198 1828 5249 οῦ-

237 5280 407 5350 ρανοῦ
434 5281 938 5353 ἀποκεκλεισμένων
967 5283 1083 5349 οῦς,
1116 5286 1205 5338 ὅτε
1239 5286 1429 5360 καιρὸς
1460 5286 1632 5353 καλεῖ,
1663 5305 1829 5359 προσ-

234 5373 423 5424 τάττει
448 5371 703 5443 έρχεσθαι
728 5375 757 5427 ό
781 5375 889 5428 τῶν
920 5376 1056 5429 ὅλων
1086 5378 1278 5449 κριτὴς
1307 5379 1399 5430 ἐπὶ
1424 5378 1501 5449 τῷ
1536 5380 1830 5449 καταφθεί-

242 5480 332 5532 ραι
362 5465 548 5516 πᾶσαν
581 5463 678 5535 τὴν
701 5465 810 5518 τῶν
839 5467 1026 5520 κακῶν
1048 5468 1392 5539 οἰκουμένην,
1423 5470 1559 5539 μετά
1582 5471 1672 5523 τὸν
1701 5472 1827 5541 ἀφο-

240 5554 432 5624 ρισμὺν
467 5552 577 5604 τῶν
608 5552 852 5608 δικαίων.
902 5557 1054 5609 Ἐπεὶ
1097 5558 1190 5609 καὶ
1230 5559 1288 5609 ἐν
1326 5561 1437 5623 τοῖς
1476 5560 1824 5629 Εὑαγγελίοις

237 5651 266 5701 ὁ
306 5649 431 5712 Υἱὸς
462 5647 559 5701 τοῦ
606 5649 898 5721 ἀνθρώπου
947 5651 1255 5724 καθήμενος
1296 5654 1390 5707 ἐπὶ
1438 5653 1625 5725 θρόνου
1670 5655 1823 5727 δόξης

310 5830 354 5861 ’⁸
396 5830 539 5888 Psal.
598 5848 824 5901 cxmnt,
867 5833 918 5887 7.
998 5833 1041 5864 ⁷⁵
1080 5831 1271 5888 Matth.
1305 5848 1422 5900 \‘ltl,
1459 5833 1550 5891 29.

1941 3367 1976 3423 ii
2036 3372 2145 3423 sint
2187 3368 2288 3423 sub
2332 3370 2447 3423 haec
2502 3370 2742 3423 declarat
2789 3368 2874 3422 bis
2930 3368 3131 3431 verbis,
3209 3384 3228 3417 ι
3259 3367 3521 3435 Gigantes

1940 3461 2161 3515 veniunt
2210 3460 2278 3513 ad
2320 3461 2650 3530 implendum
2697 3460 2937 3513 furorem
2977 3475 3181 3522 meum,
3221 3459 3520 3528 gaudentes

1938 3552 2098 3606 simul
2131 3562 2185 3606 et
2213 3552 2574 3606 contumelias
2603 3552 2921 3607 inferentes.
2955 3573 2973 3605 ι
3007 3551 3308 3606 Τιιεοιιοιίο
3335 3561 3515 3605 autem

1938 3643 2164 3713 perinde
2201 3657 2264 3696 ac
2305 3641 2450 3696 LXX
2498 3646 2577 3697 sic
2635 3642 3026 3711 interpretatus
3074 3650 3177 3703 est,
3234 3639 3345 3693 «Et
3389 3654 3520 3693 vero

1958 3734 2143 3787 vocavi
2170 3736 2418 3803 gigantes
2453 3748 2678 3796 meosn
2718 3733 2909 3801 Aquila
2945 3744 3126 3787 autem
3167 3740 3222 3786 et
3263 3730 3517 3802 Symma-

1939 3826 2093 3891 chus,
2120 3841 2219 3895 pro
2245 3826 2356 3890 illo,
2398 3844 2416 3877 ι
2444 3827 2714 3895 gigantes,
2745 3844 2763 3877 ι
2808 3826 3146 3895 interpretati
3179 3835 3325 3888 sunt,
3355 3842 3375 3875 ι
3405 3823 3517 3879 for-

1942 3931 2042 3973 tes.
2075 3938 2095 3970 ι
2128 3918 2221 3973 Sic
2246 3934 2410 3987 porro
2440 3929 2598 3972 vocat
2630 3919 2853 3974 ultrices
2885 3920 3131 3982 virtutes,
3160 3918 3317 3986 queis
3353 3917 3432 3969 ira
3464 3926 3520 3968 et

1940 4009 2075 4062 ultio
2115 4017 2306 4061 contra
2335 4008 2530 4077 impios
2557 4020 2865 4063 exercetur.
2914 4007 3162 4061 Gaudent
3204 4006 3373 4073 igitur
3403 4020 3519 4057 ma-

1942 4099 2069 4169 ligni
2111 4099 2354 4167 quidam,
2393 4100 2636 4168 gigantes
2681 4101 2894 4162 vocati,
2933 4098 3087 4167 quasi
3122 4112 3232 4149 rem
3267 4112 3363 4164 pro
3392 4106 3517 4149 voto

1939 4198 2123 4258 agant,
2155 4189 2208 4241 in
2243 4190 2575 4244 contumelia
2602 4197 2659 4244 et
2704 4191 2967 4257 supplicio
3010 4190 3187 4256 impiis
3235 4186 3517 4244 inferendo

1940 4280 2084 4346 laeti;
2119 4290 2305 4350 utpote
2334 4282 2425 4350 qui
2454 4281 2662 4336 viscera
2703 4282 3090 4336 misericordia:
3117 4296 3223 4336 non
3257 4283 3516 4337 habeant.

2013 4457 2176 4512 Vsus.
2216 4458 2270 4512 4.
2320 4476 2339 4509 ι
2370 4459 2481 4513 Vox
2512 4460 2748 4529 gentium
2784 4458 3070 4512 multarum
3120 4460 3172 4513 in
3223 4460 3519 4526 montibus,

1938 4554 2131 4607 similis
2158 4554 2408 4621 gentibus
2446 4554 2647 4606 multis.
2695 4553 2804 4607 Vox
2838 4564 3091 4621 regtttnel
3118 4556 3359 4623 gentium
3392 4571 3518 4608 con-

1938 4655 2356 4715 gregalartttn.)
2423 4644 2521 4711 Qui
2587 4655 2714 4698 tunc
2777 4646 3042 4714 supplicio
3091 4646 3336 4700 tradendi
3370 4654 3516 4711 sunt,

1935 4752 2098 4791 voces
2161 4737 2451 4811 emittent,
2503 4737 2643 4791 mala
2701 4752 2795 4790 sua
2856 4742 3215 4791 conﬁtentes:
3250 4737 3518 4806 simulque

1936 4827 2125 4881 eodem
2157 4836 2401 4895 tempore
2427 4810 2615 4895 gentes
2633 4843 2820 4882 omnes
2848 4837 2903 4882 et
2935 4844 3120 4881 earum
3150 4844 3326 4898 reges,
3357 4844 3515 4880 ttuant

1936 4930 1991 4971 et
2019 4918 2267 4972 eamdem
2303 4920 2509 4973 dabunt
2542 4934 2726 4973 voccm
2756 4959 2770 4985 ,
2810 4921 3149 4975 calamitates
3178 4934 3304 4973 suas
3328 4921 3516 4986 lugen-
3563 4912 3571 4925 '

1938 5018 2040 5063 tes.
2068 5009 2142 5063 llli
2186 5024 2313 5063 vero
2346 5011 2590 5079 praedicti
2641 5012 2906 5081 gigantes,
2948 5013 3037 5068 bic
3075 5012 3274 5066 armati
3315 5012 3509 5065 dicun-

1938 5110 2044 5164 tur,
2073 5102 2164 5169 qui
2199 5102 2325 5155 olitn
2368 5103 2561 5172 procul
2602 5115 2780 5173 erant,
2812 5116 2865 5160 et
2888 5106 3045 5175 quasi
3074 5106 3127 5159 in
3153 5105 3275 5160 εαξη
3316 5104 3511 5156 funda-

1938 5195 2136 5248 mentis
2178 5195 2394 5261 inclusi,
2423 5213 2559 5266 quns
2590 5200 2679 5253 ubi
2710 5209 2922 5268 tempus
2967 5207 3175 5261 evocat,
3203 5198 3357 5267 jubet
3394 5198 3515 5250 uni-

1934 5302 2213 5342 versorum
2261 5290 2425 5357 judex
2486 5291 2767 5355 accedere,
2817 5302 2876 5345 ut
2927 5302 3095 5345 totum
3136 5289 3511 5359 improborum

1933 5377 2150 5444 orbem,
2202 5389 2326 5447 post
2367 5380 2637 5449 justorum
2700 5382 3158 5452 segregationctn,
3206 5383 3509 5436 destruant.

1933 5469 2382 5540 Quandoquidem
2457 5484 2511 5526 et
2563 5474 2616 5526 in
2690 5473 2996 5542 Evangeliis
3046 5472 3213 5528 Filius
3271 5475 3512 5529 hominis

1933 5566 2132 5618 sedens
2162 5564 2214 5617 in
2247 5565 2441 5619 tbrono
2466 5565 2650 5633 gloria:
2682 5582 2812 5627 suae.
2850 5582 2946 5621 eos
2971 5568 3062 5636 qui
3093 5584 3121 5622 a
3155 5569 3360 5622 dextris
3384 5580 3512 5622 sunt

1940 5657 2160 5729 primos
2182 5659 2249 5715 ad
2273 5667 2520 5729 paratum
2563 5658 2695 5730 ipsis
2733 5674 2957 5728 regnum
3004 5674 3130 5719 aute
3166 5663 3511 5749 constitutio-
