3968 6500
479 414 585 476 ΓΠ

1159 414 1428 470 EUSEBll
1466 411 1942 471 CIESARIENSIS
1978 412 2039 467 Ol

2172 407 2369 462 PARS.
2389 402 2477 461 lll.
2629 400 3041 462 EXEGETICA.

3641 404 3746 461 £88

485 555 603 593 nem
629 540 835 603 mundi,
856 546 1009 592 vocat
1042 555 1054 591 :
1082 538 1282 607 quibus
1312 540 1604 606 assumptis
1627 547 1681 591 et
1701 540 1767 591 ad
1789 537 2039 606 promiss:

2160 530 2323 585 αὐτοῦ
2354 530 2483 591 τοὺς
2522 542 2589 584 εκ
2627 528 2818 592 δεξιῶν
2859 543 3111 596 πρωτους
3148 525 3241 576 επὶ
3277 523 3375 596 τὴν
3409 524 3745 595 ἡτοιμασμέ-

477 631 746 693 deductis,
804 631 856 683 in
897 631 1134 699 reliquas
1185 640 1381 699 gentes
1427 645 1458 684 a
1500 629 1741 685 sinistris
1782 637 2050 699 repertas,

477 726 617 794 ignis
650 723 1007 778 comminatio
1038 723 1293 777 infertur.

544 982 780 1047 Vens.6,
806 984 858 1035 7.
885 1000 902 1033 ι
934 981 1161 1043 Ululate,
1204 996 1373 1050 prope
1414 982 1557 1035 enim
1605 982 1718 1037 dies
1746 982 2054 1046 Domini.et

473 1078 735 1131 contritio
767 1092 794 1127 a
827 1074 1057 1128 Domino
1102 1077 1303 1128 veniet.
1346 1076 1575 1145 Propter
1604 1076 1704 1129 hoc
1730 1077 1907 1130 omnis
1938 1092 2052 1130 mae

474 1186 578 1226 nus
599 1169 951 1230 dissolvetur,
1003 1178 1055 1221 et
1084 1167 1262 1222 omnis
1305 1168 1484 1221 anima
1518 1168 1753 1221 hominis
1784 1170 2049 1223 formida-

475 1265 595 1319 bit:
635 1263 1001 1316 turbabuntur
1034 1260 1192 1329 legati
1219 1300 1234 1323 ,
1282 1270 1338 1315 et
1382 1260 1599 1315 dolores
1637 1262 1782 1329 ipsos
1816 1276 2052 1333 occupa-

471 1357 624 1417 bunt,
650 1353 808 1422 quasi
849 1352 1090 1407 mulieris
1132 1351 1509 1421 parturientis.
1538 1372 1555 1404 ι
1602 1350 1849 1406 Nondum
1890 1368 2049 1422 ergo,

480 1445 575 1511 ait,
618 1447 821 1498 instant
850 1461 911 1497 ea
938 1460 1057 1513 qua:
1086 1445 1139 1497 in
1168 1444 1589 1498 comminatione
1635 1443 1918 1507 feruntur;
1952 1446 2047 1499 sed

466 1538 869 1607 quamprimum
927 1545 1151 1589 ventura
1208 1545 1353 1591 sunt.
1415 1536 1597 1601 Quare
1660 1546 2051 1605 praavertentes

469 1629 580 1692 illa,
624 1626 785 1690 ﬂetu,
849 1626 1103 1679 lamentis
1151 1638 1205 1680 et
1258 1626 1469 1679 ululatu
1522 1626 1688 1680 Deum
1746 1628 2047 1696 placantes.

468 1720 606 1773 mala
646 1720 878 1773 avertite
911 1736 938 1771 a
975 1719 1126 1773 vobis
1154 1733 1168 1772 :
1192 1717 1413 1787 jamjam
1453 1720 1599 1772 enim
1644 1720 1901 1788 praedicta
1929 1720 2047 1774 dies

469 1818 563 1871 ira:
613 1816 705 1869 Dei
753 1813 981 1868 aﬂutnra
1031 1824 1133 1870 est.
1186 1812 1415 1883 Legatos
1460 1822 1637 1867 autem
1686 1814 1772 1867 Itic
1817 1812 2047 1869 fortasse

2156 641 2253 694 νην
2290 622 2470 682 αὐτοῖς
2508 618 2787 687 βασιλείαν
2832 620 2938 691 πρὸ
2973 618 3279 687 καταϐολῆς
3313 618 3519 687 κόσμου
3552 616 3741 669 καλεῖ·

2152 709 2226 768 ὧν
2260 712 2728 784 παραληφθέντων
2763 712 2855 765 xui
2883 710 3241 781 εἰσαχθέντων
3271 710 3362 761 ἐπὶ
3385 710 3485 779 τὴν
3514 710 3745 791 ἐπαγγε-

2153 804 2291 867 λίαν,
2324 804 2417 855 ἐπὶ
2453 820 2525 856 τα
2561 804 2723 856 λοιπὰ
2754 804 2879 873 ἔθνη
2913 802 2979 855 τὰ
3013 804 3069 854 ὲν
3110 803 3221 863 τοῖς
3256 799 3563 871 ἀριστεροῖς
3592 802 3743 871 εὑρε-

2154 894 2431 967 θησόμενα
2463 899 2497 966 ἡ
2526 896 2723 966 ἀπειλὴ
2756 894 2851 947 τοῦ
2880 894 3051 965 πυρὸς
3086 892 3452 963 ἐξενήνεκται.

2230 1008 2248 1039 ι
2311 988 2621 1052 Ὀλολύζετε
2642 1005 2654 1017 ·
2689 988 2855 1056 ἐγγὺς
2878 987 2987 1057 γὰρ
3024 986 3205 1058 ἡμέρα
3229 983 3456 1055 Κυρίου,
3484 983 3578 1037 xui
3614 1000 3746 1036 aw-

2150 1078 2312 1149 τριϐὴ
2347 1078 2497 1148 παρὰ
2530 1076 2622 1129 τοῦ
2665 1075 2869 1145 Κυρίου
2913 1073 3051 1144 ἥξει.
3102 1072 3201 1125 Διά
3235 1070 3393 1125 τοῦτο
3433 1072 3582 1123 πᾶσα
3618 1073 3741 1140 χεὶρ

2153 1168 2543 1238 ὲκλυθήσεται,
2574 1167 2669 1220 xui
2720 1168 2867 1219 πᾶσα
2916 1164 3062 1234 ψυχὴ
3115 1162 3403 1233 ἀνθρώπου
3438 1160 3738 1214 δειλιάσειο

2152 1259 2589 1331 ταραχθήσονται
2618 1261 2668 1311 οί
2705 1256 2978 1329 πρέσϐεις,
3009 1257 3101 1309 xui
3141 1254 3329 1317 ὠδῖνες
3363 1255 3560 1317 αὐτοὺς
3592 1254 3743 1319 ἐξου-

2153 1370 2255 1415 σιν,
2304 1352 2380 1416 ὡς
2426 1352 2684 1420 γυναικὸς
2731 1350 3041 1419 τικτούσης.
3095 1369 3113 1399 ι
3165 1347 3332 1401 Οὗπω
3379 1343 3495 1411 οὖν,
3548 1348 3734 1418 φησὶν,

2150 1445 2352 1516 ἐπέστη
2402 1444 2470 1497 τά
2519 1443 2894 1514 ἡπειλημένα·
2944 1442 3125 1513 μέλλει
3173 1441 3231 1494 δὲ
3273 1442 3397 1493 ὅσον
3427 1439 3599 1492 οὔπω.
3645 1440 3741 1492 Διὸ

2152 1537 2535 1608 προλαϐόντες,
2582 1533 2845 1605 κλαυθμῷ
2871 1534 2966 1586 xui
3000 1532 3206 1604 θρήνῳ,
3247 1533 3341 1585 xui
3379 1532 3604 1601 ὀλολυγῇ
3647 1530 3739 1597 ἐξ·

2153 1628 2445 1684 ιλεώσασθε
2465 1628 2533 1680 τά
2557 1627 2765 1680 ἑαυτῶν
2784 1625 2947 1679 κακά·
2978 1623 3158 1694 μέλλει
3184 1622 3293 1695 γὰρ
3318 1625 3351 1694 ἡ
3376 1623 3739 1694 προλεχθεῖσα

2150 1723 2334 1794 ἡμέρα
2382 1722 2480 1791 τῆς
2512 1720 2682 1791 ὀργῆς
2706 1718 2800 1771 τοῦ
2829 1716 2965 1771 Θεοῖ.
2989 1716 3331 1786 ἐφίστασθαι.
3369 1718 3439 1768 Ἦ
3474 1716 3739 1788 πρέσϐεις

2152 1814 2383 1869 ἐνταῦθα
2409 1813 2563 1866 καλεῖ
2587 1812 2713 1875 τοὺς
2738 1809 3172 1884 προϊσταμένους
3194 1808 3299 1862 τῶν
3318 1809 3418 1878 τῆς
3443 1808 3735 1879 ἀθεότητος

464 1919 623 1961 vocat
652 1922 767 1969 eos,
794 1907 883 1975 qui
907 1906 1070 1959 dictis
1101 1906 1383 1960 atheornm
1405 1907 1815 1974 patrocinantur
1845 1925 1857 1960 :
1887 1918 2039 1976 atque

2151 1906 2353 1975 λόγων,
2387 1905 2481 1959 xui
2524 1906 2650 1967 τοὺς
2689 1902 3091 1975 πρεσϐεύοντας
3126 1900 3265 1973 ὑπὲρ
3312 1901 3413 1971 τῆς
3454 1900 3737 1954 εἰδωλολα-

463 2016 557 2053 eos
595 1999 687 2068 qui
720 1998 1041 2053 idololatria:
1077 2013 1320 2051 errorem
1357 2007 1601 2061 tuentur,
1634 2013 1842 2051 necnon
1866 1998 2051 2053 docto-

467 2108 554 2145 res
573 2094 856 2145 atlteorum
881 2099 936 2143 et
970 2089 1259 2155 impiorum
1298 2092 1610 2160 dogmatum
1638 2128 1654 2155 ,
1689 2105 1826 2160 quos
1858 2106 2046 2146 recen—

461 2183 565 2237 sita
600 2180 781 2235 omnia
826 2177 1102 2232 invadent.

532 2272 698 2325 Vens.
739 2270 930 2324 10-12.
978 2288 995 2319 ι
1027 2268 1162 2322 Nam
1195 2267 1368 2321 stellze
1404 2266 1547 2332 coeli,
1584 2266 1750 2322 Orion
1780 2277 1833 2322 et
1864 2270 2047 2324 omnis

458 2372 686 2417 ornatus
709 2363 853 2427 εαξη,
886 2362 1058 2416 lucem
1093 2377 1199 2415 non
1234 2362 1477 2425 dabunt,
1512 2370 1577 2413 et-
1600 2363 2047 2416 obtenebrabitur

459 2453 575 2507 sole
605 2453 818 2507 oriente
841 2495 856 2517 ,
892 2462 947 2507 et
979 2452 1101 2505 luna
1154 2466 1259 2503 non
1292 2452 1437 2505 dabit
1469 2450 1809 2518 splendorem
1863 2468 2042 2510 suum.

461 2548 526 2599 Et
554 2546 823 2600 mandabo
852 2547 967 2599 orbi
1000 2545 1257 2599 universo
1302 2543 1444 2598 mala
1470 2584 1484 2608 ,
1519 2556 1573 2599 et
1607 2542 1789 2612 impiis
1820 2554 2041 2615 peccata

458 2652 672 2690 eorum.
702 2636 769 2689 Et
794 2638 1011 2705 perdam
1056 2637 1309 2703 injuriam
1350 2636 1659 2703 iniquorum
1678 2646 1733 2689 et
1762 2648 2045 2690 contume-

458 2728 587 2781 liam
627 2730 985 2797 superborum
1023 2727 1347 2795 deprimam.
1381 2745 1400 2778 ι
1446 2727 1654 2781 Etenim
1696 2743 2044 2783 consumma-

462 2820 623 2874 tionis
649 2828 890 2888 tempore
925 2834 1101 2888 neque
1143 2819 1246 2883 sol,
1290 2834 1463 2889 neque
1495 2820 1621 2874 luna
1644 2862 1659 2886 ,
1698 2837 1871 2891 neque
1907 2822 2041 2876 stel-

458 2912 539 2973 lze,
579 2911 666 2974 iis,
705 2912 795 2980 qui
826 2912 1169 2981 eastigationi
1204 2922 1259 2965 et
1292 2914 1556 2980 supplicio
1600 2914 1846 2968 tradendi
1876 2923 2038 2980 sunt,

458 3004 639 3073 impiis
686 3003 861 3058 lucem
911 3019 1065 3057 suam
1118 3004 1345 3059 dabunt.
1402 3004 1719 3058 Luminaria
1768 3016 1949 3061 autem
2009 3023 2039 3061 a

458 3098 763 3151 ministerio
795 3112 893 3151 suo
931 3107 1111 3150 amota
1166 3096 1231 3149 ad
1292 3096 1453 3149 aliam
1492 3098 1881 3169 melioremque
1914 3114 2041 3154 sor-

2150 1996 2334 2068 τρείας
2368 1996 2595 2067 πλάνης,
2633 1995 2758 2058 τούς
2790 2011 2851 2047 τε
2893 1994 3245 2056 διδασκάλους
3271 1994 3380 2046 τῶν
3422 1994 3595 2046 ἀθέων
3638 1994 3737 2047 xui

2149 2088 2360 2142 ἀσεϐῶν
2396 2088 2704 2158 δογμάτων,
2744 2086 2838 2150 οὓς
2872 2084 3253 2156 μετελεύσεται
3290 2085 3359 2139 τὰ
3390 2085 3737 2157 κατηριθμη-

2152 2180 2287 2251 μένα
2323 2180 2522 2233 πάντα.

2225 2290 2244 2321 ι
2284 2273 2348 2324 Ui
2387 2270 2497 2342 γάρ
2528 2270 2757 2341 ἀστέρες
2787 2271 2879 2324 τοῦ
2908 2269 3157 2342 οὐρανοῦ,
3199 2269 3293 2323 xui
3321 2269 3349 2322 6
3394 2267 3605 2339 Ὠρίων,
3639 2268 3737 2321 xui

2146 2363 2255 2424 πᾶς
2285 2362 2313 2413 6
2349 2361 2552 2431 κόσμος
2584 2361 2675 2413 τοῦ
2718 2360 2972 2432 οὐρανοῦ,
3003 2361 3064 2413 τὸ
3097 2361 3212 2429 φῶς
3244 2360 3304 2412 οὐ
3344 2358 3606 2421 δώσουσι,
3640 2359 3737 2411 xui

2149 2446 2561 2525 σκοτισθήσεται
2592 2455 2684 2508 τοῦ
2721 2456 2871 2526 ἡλίου
2907 2456 3305 2519 ἀνατέλλοντος,
3342 2455 3437 2508 xui
3466 2456 3500 2525 ἡ
3536 2455 3734 2527 σελήνη

2144 2549 2205 2600 οὐ
2246 2547 2407 2600 δώσει
2447 2548 2505 2601 τὸ
2542 2548 2746 2617 φέγγος
2788 2549 2980 2619 αὐτῆς.
3026 2550 3137 2603 Kui
3175 2548 3493 2618 ὲντελοῦμαι
3546 2550 3610 2618 τῇ
3656 2549 3735 2600 oi:

2144 2630 2381 2711 κουμένῃ
2414 2638 2509 2712 ὅλῃ
2545 2640 2720 2703 κακά,
2765 2641 2857 2692 xui
2906 2643 3019 2703 τοῖς
3062 2639 3284 2694 ἀσεϐέσι
3326 2639 3423 2701 τὰς
3462 2638 3735 2708 ἁμαρτίας

2142 2728 2351 2781 αὐτῶν·
2392 2729 2484 2781 xui
2525 2730 2709 2782 ἀπολῶ
2741 2728 2899 2798 ὓϐριν
2934 2729 3171 2800 ἀνόμων,
3206 2728 3301 2782 xui
3349 2728 3505 2800 ’ὕϐριν
3563 2729 3737 2798 ὑπερ-

2142 2821 2364 2891 ηφάνων
2391 2820 2729 2876 ταπεινώσω.
2774 2840 2793 2873 ι
2834 2822 2991 2875 Κατά
3032 2823 3142 2892 γὰρ
3175 2821 3265 2874 τὸν
3282 2821 3385 2891 τῆς
3423 2820 3734 2885 συντελείας

2142 2913 2332 2984 καιρὸν
2362 2912 2474 2965 οὗθ’
2508 2917 2536 2966 6
2582 2913 2752 2983 ἥλιος,
2784 2910 2897 2966 οὗθ’
2938 2914 2970 2983 ἡ
3012 2913 3230 2983 σελήνη,
3266 2910 3380 2964 οὗθ’
3421 2912 3468 2964 οἱ
3503 2911 3734 2982 ἀστέρες

2141 3007 2253 3068 τοῖς
2288 3002 2507 3057 κολάσει
2539 3006 2633 3057 xui
2665 3005 2902 3077 τιμωρίᾳ
2938 3003 3469 3074 παραδοθησομένοις
3508 3003 3731 3056 ἀσεϐέσι

2140 3097 2201 3150 τὸ
2231 3096 2438 3149 ἑαυτῶν
2466 3096 2581 3166 φῶς
2616 3098 2675 3151 οὐ
2711 3097 2960 3150 δώσουσι.
2996 3095 3438 3158 Μεταϐάλλοντες
3468 3095 3523 3148 δὲ
3554 3097 3648 3148 xui
3679 3096 3733 3147 οἱ

460 3203 565 3243 tem
619 3190 957 3253 transibunt,
999 3188 1153 3257 quasi
1214 3189 1685 3259 regenerationem
1741 3193 2035 3259 quamdam

2149 3190 2427 3261 φωστῆρες
2477 3189 2588 3242 ἀπὸ
2629 3190 2729 3260 τῆς
2785 3189 2991 3241 ἑαυτῶν
3030 3188 3336 3260 ὑπηρεσίας
3392 3190 3487 3241 ἐπὶ
3534 3186 3729 3258 ἑτέραν

454 3291 811 3337 consecutura
835 3321 849 3343 ,
920 3297 1093 3348 neque
1135 3280 1273 3334 ultra
1304 3298 1598 3352 corporum
1650 3282 1880 3337 vanitati
1917 3299 2036 3338 ser—

458 3370 662 3426 vientia
686 3386 700 3435 ;
734 3371 826 3425 sed
853 3369 1083 3423 liberata
1106 3384 1135 3422 a
1156 3372 1419 3425 servitute
1443 3373 1828 3442 corruptionis,
1850 3390 2041 3429 secun-

454 3466 583 3518 dum
612 3463 967 3532 apostolicum
1005 3464 1254 3517 verbum.
1295 3463 1505 3518 leum
1537 3466 1718 3536 itaque
1753 3480 1909 3522 vocat
1943 3481 2038 3524 aut

458 3558 711 3611 caelestes
771 3566 1087 3625 potestates,
1146 3567 1239 3611 aut
1295 3559 1465 3627 ipsam
1527 3570 1879 3626 creaturam,
1932 3579 2035 3615 una

458 3666 581 3703 cum
637 3650 743 3703 Deo
800 3650 1169 3719 indignantem
1222 3666 1387 3720 super
1438 3652 1669 3716 insania,
1726 3653 2036 3723 arrogantia

457 3751 512 3792 et
542 3740 837 3808 impietate.

528 3914 687 3969 Vens.
731 3917 817 3979 15,
861 3918 949 3971 Η.
996 3935 1014 3970 ι
1047 3918 1110 3972 Et
1157 3924 1316 3973 erunt
1367 3919 1566 3973 residui
1603 3920 1758 3987 quasi
1808 3920 2024 3975 damula

454 4010 701 4081 fugiens,
740 4020 795 4065 et
833 4014 987 4081 quasi
1023 4014 1142 4067 ovis
1179 4029 1385 4079 errans
1440 4023 1490 4068 et
1525 4029 1630 4069 non
1659 4017 1763 4068 erit
1787 4016 1877 4084 qui
1914 4030 2039 4069 con-

454 4113 657 4174 greget,
691 4105 761 4158 ita
792 4114 847 4159 ut
876 4106 1040 4161 homo
1074 4111 1137 4161 ad
1168 4108 1421 4178 pupulum
1452 4123 1608 4162 suum
1634 4118 1988 4163 convertatur
2016 4129 2028 4164 :

450 4207 505 4250 et
565 4200 726 4253 homo
786 4199 853 4253 ad
924 4202 1201 4269 regionem
1270 4218 1421 4255 suam
1494 4202 1739 4271 fugiet.»
1807 4203 2034 4272 Fugient

451 4289 649 4358 quippe
683 4290 742 4354 ii,
787 4300 845 4345 ut
892 4292 1175 4345 dexterum
1208 4293 1491 4361 quidpiam
1529 4304 1911 4362 assequamur,
1949 4295 2035 4348 vel

449 4392 510 4433 ut
540 4382 842 4451 perfugium
879 4385 1020 4454 apud
1056 4387 1366 4454 quempiam
1411 4402 1474 4439 ex
1522 4386 1666 4440 notis
1701 4388 1979 4442 inveniant
2014 4403 2030 4442 :

449 4476 541 4530 sed
577 4493 681 4530 non
724 4478 1001 4531 invenient
1032 4496 1044 4531 :

524 4567 685 4621 Vens.
732 4570 818 4623 15.
864 4590 883 4620 ι
915 4569 1030 4623 Non
1081 4569 1185 4623 erit
1237 4570 1380 4622 enim
1426 4570 1516 4639 qui
1566 4579 1859 4641 congreget
1913 4588 2025 4627 eos.
2066 4566 2109 4621 υ

450 4659 583 4713 Nam
620 4661 711 4729 qui
744 4672 936 4729 captus
983 4662 1166 4724 fuerit,
1198 4663 1557 4732 opprimetur,
1594 4673 1649 4716 et
1674 4664 1765 4729 qui
1800 4678 2030 4734 coagre-

448 4751 554 4819 gati
594 4759 742 4814 sunt,
796 4752 973 4821 gladio
1018 4753 1233 4806 cadent.
1271 4770 1289 4803 ι
1334 4750 1615 4817 Quamvis,
1676 4754 1783 4815 ait,
1838 4769 2025 4806 eorum

447 4839 665 4906 quidam
706 4841 829 4909 luga
862 4841 1092 4894 salutem
1121 4843 1379 4909 consequi
1411 4851 1701 4903 conentur,
1738 4841 1788 4894 lii
1815 4857 2027 4911 quoque

447 4939 605 4997 captu
634 4930 822 4986 faciles
854 4942 1032 4993 erunt,
1068 4948 1172 4984 non
1196 4931 1370 4986 dumis
1390 4931 1647 4999 perfectis
1679 4932 2021 4995 salientibus,

448 5037 569 5087 qum
605 5021 777 5075 levem
830 5023 1174 5091 velocemque
1228 5037 1449 5076 cursum
1490 5023 1726 5089 habent,
1778 5025 2023 5090 similes;

445 5114 538 5167 sed
572 5115 821 5169 damulis.

522 5204 685 5256 Vsus.
730 5204 815 5257 16.
859 5220 881 5253 ι
908 5204 972 5256 Et
1015 5202 1153 5257 filios
1196 5219 1382 5257 eorum
1432 5205 1738 5274 discerpent
1777 5207 1829 5261 in
1890 5223 2025 5261 con-

449 5304 633 5361 spectu
667 5308 877 5357 eorum,
922 5304 976 5347 et
1022 5294 1217 5347 domus
1249 5310 1436 5348 eorum
1476 5298 1784 5361 vastabunt,
1824 5307 1876 5351 et
1906 5314 2025 5351 mu-

446 5385 605 5438 lieres
642 5400 829 5437 eorum
865 5386 1159 5439 habebunt.
1194 5406 1212 5439 ι
1260 5388 1494 5442 Perinde
1537 5403 1701 5457 atque
1732 5391 1877 5446 viros
1904 5409 2025 5462 sup-

447 5474 608 5543 plicio
639 5474 881 5537 all'ectos,
922 5476 1181 5529 mulieres
1210 5493 1425 5546 quoque
1469 5479 1805 5549 irreligiosas
1836 5491 1891 5535 et
1922 5484 2024 5536 im-

447 5568 581 5630 pias.
626 5582 749 5634 qme
803 5567 1005 5635 prolem
1038 5569 1362 5633 ediderant,
1413 5572 1635 5641 paribus
1686 5576 2023 5629 cruciatibus

447 5658 1207 5727 aﬂicient:quemadmodum
1265 5674 1321 5718 et
1370 5664 1508 5719 ﬁlios
1556 5680 1744 5720 eorum
1796 5667 2022 5733 impios,

445 5764 675 5817 quorum
724 5752 938 5817 animat,
993 5764 1254 5821 qitantum
1308 5756 1371 5811 ad
1424 5775 1638 5827 mores,
1706 5761 2019 5831 parentibus

452 5841 655 5896 malitia
693 5842 892 5901 similes
920 5854 1063 5901 sunt.

2141 3281 2330 3351 ἥξουσι
2363 3281 2649 3353 κρείττονα
2680 3280 2853 3350 λῆξιν,
2891 3280 3081 3351 ῶσπερ
3121 3280 3264 3344 τινὸς
3310 3279 3727 3347 παλιγγενεσίας

2138 3373 2485 3444 τευξόμενοι,
2524 3375 2616 3425 xui
2668 3372 2863 3443 μηκέτι
2909 3371 3006 3442 μὲν
3039 3375 3105 3443 τῇ
3149 3372 3259 3424 τῶν
3293 3372 3559 3443 σωμάτων
3602 3372 3727 3426 δου-

2138 3466 2385 3529 λεύοντες
2423 3466 2763 3536 ματαιότητι,
2796 3464 3081 3537 ἐλευθερού
3092 3482 3240 3536 μενοι
3265 3466 3322 3518 δὲ
3346 3466 3454 3519 ἀπὸ
3479 3467 3577 3535 τῆς
3605 3465 3729 3519 δου-

2138 3559 2286 3622 λείας
2338 3560 2439 3629 τῆς
2496 3558 2733 3629 φθορᾶς,
2788 3558 2931 3612 κατὰ
2993 3557 3084 3610 τὸν
3140 3558 3491 3612 άποστολικὸν
3546 3556 3723 3627 λόγον.

2139 3650 2380 3720 Οὐρανὸν
2422 3648 2711 3720 τοιγαροῦν
2742 3648 2892 3716 λέγει
2939 3648 2971 3719 ἢ
3012 3648 3401 3720 τάςεούρανίας
3443 3650 3723 3719 δυνάμεις,

2137 3740 2170 3811 ἢ
2212 3742 2305 3793 xui
2354 3741 2526 3812 αὐτὴν
2563 3741 2662 3812 τὴν
2710 3741 2887 3793 κτίσιν
2932 3740 3443 3809 συναγανακτοῦσαν
3473 3740 3552 3811 τῷ
3603 3740 3728 3812 Θεῷ

2138 3834 2230 3887 ἐπὶ
2263 3834 2511 3904 ἀπονοίᾳ,
2554 3835 2648 3887 xui
2680 3833 2989 3904 ἀλαζονείᾳ,
3030 3834 3123 3885 xui
3151 3833 3418 3902 ἀθεότητι.

2214 3944 2233 3976 ι
2286 3926 2398 3979 Kui
2432 3926 2644 3980 ἔσονται
2685 3926 2733 3977 οἱ
2779 3924 3264 3994 καταλελειμμένοι
3314 3925 3390 3988 ὡς
3444 3924 3726 3995 δορκάδιον

2138 4017 2358 4088 φεῦγον,
2391 4018 2483 4071 xui
2514 4018 2589 4081 ὼς
2618 4017 2888 4090 πρόϐατον
2926 4015 3299 4086 πλανώμενον,
3326 4018 3420 4069 xui
3443 4017 3543 4069 οὐκ
3567 4016 3724 4071 ἔσται

2136 4112 2164 4163 6
2214 4110 2500 4177 συνάγων·
2556 4110 2696 4163 ὥστε
2758 4110 3043 4181 ἄνθρωπον
3094 4110 3174 4172 είς
3228 4109 3317 4161 τὸν
3370 4108 3499 4162 λαὸν
3552 4110 3725 4163 αὑτοῦ

2138 4199 2578 4270 ἀποστραφῆναι,
2629 4200 2722 4251 xui
2754 4199 3041 4270 ἄνθρωπος
3084 4201 3163 4261 εἰς
3205 4197 3302 4268 τὴν
3339 4197 3524 4269 χώραν
3556 4199 3725 4251 αὑτοῦ

2139 4291 2413 4361 φεύξεται.
2460 4310 2479 4341 ι
2516 4290 2805 4355 Φεύξονται
2841 4292 2938 4361 μὲν
2968 4291 3078 4361 γὰρ
3108 4291 3159 4341 οἱ
3200 4289 3512 4358 φεύγοντες,
3545 4290 3725 4356 δεξιοῦ

2134 4402 2279 4448 τινος
2312 4387 2515 4455 τυχεῖν,
2556 4385 2588 4455 ἢ
2630 4384 2947 4455 καταφυγὴν
2991 4383 3254 4455 εὑράσθαι
3291 4383 3440 4454 παρά
3468 4402 3573 4436 τινι
3612 4384 3721 4436 τῶν

2134 4477 2447 4548 γνωρίμων,
2481 4478 2541 4529 οὑ
2578 4477 2683 4547 μὴν
2715 4478 3041 4547 εὑρήσουσι·

2210 4590 2227 4620 ι
2269 4571 2381 4622 Οὐκ
2424 4570 2574 4622 ἔσται
2607 4569 2716 4639 γάρ
2759 4570 2787 4620 6
2836 4570 3081 4634 συνάγων
3130 4568 3344 4631 αὐτούς.
3392 4569 3487 4631 Ὃς
3514 4568 3621 4639 γὰρ
3656 4567 3725 4621 ἂν

2136 4658 2270 4729 ἁλῷ,
2301 4658 2690 4730 ἡττηθήσεται,
2737 4657 2834 4710 xui
2867 4658 3061 4721 οἵτινες
3090 4658 3418 4729 συνηγμένοι
3450 4658 3576 4721 εἰσὶ,
3624 4676 3724 4709 πε-

2138 4750 2355 4802 σοῦνται
2391 4749 2655 4819 μαχαίρᾳ.
2696 4766 2714 4799 »
2753 4747 2871 4800 Κάν
2900 4765 3044 4810 τινες
3074 4744 3186 4811 οὖν,
3226 4748 3411 4818 φησὶν,
3451 4748 3507 4799 ἐν
3536 4747 3722 4811 αὐτοῖς

2136 4840 2444 4911 πειραθεῖεν
2479 4842 2623 4909 φυγῇ
2655 4838 2754 4911 τὴν
2786 4839 3061 4909 σωτηρίαν
3096 4838 3425 4909 πορίσασθαι
3448 4854 3461 4867 ·
3502 4839 3595 4891 xui
3627 4834 3720 4891 οἶδ-

2133 4950 2213 4985 τοι
2250 4932 2505 4985 εὐάλωτοι
2533 4934 2872 5003 γενήσονται,
2906 4934 2966 4985 οὐ
2996 4933 3207 5002 δόρκοις
3236 4932 3462 4995 τελείοις
3496 4934 3719 5002 ἀποπη-

2134 5022 2285 5085 δῶσι,
2322 5022 2521 5092 κοῦφόν
2556 5041 2613 5075 τε
2655 5025 2750 5077 xui
2792 5026 2963 5094 ταχὺν
2996 5024 3338 5094 ποιουμένοις
3385 5022 3477 5075 τὸν
3517 5022 3720 5094 δρόμον

2135 5116 2394 5182 ἐοικότες,
2429 5114 2565 5168 ἀλλά
2595 5115 2917 5187 δορκαδίοις.

2209 5230 2228 5261 ι
2277 5210 2387 5263 Καὶ
2424 5209 2491 5263 τὰ
2530 5210 2695 5262 τέκνα
2728 5209 2907 5262 αὐτῶν
2951 5206 3201 5279 ρήξουσιν
3238 5205 3466 5260 ἐνώπιον
3513 5209 3716 5270 αὐτῶν,

2132 5302 2223 5355 xui
2262 5303 2357 5363 τὰς
2393 5302 2570 5363 οίκίας
2614 5300 2796 5353 αὐτῶν
2841 5298 3292 5370 προνομεύσουσι,
3340 5300 3433 5352 xui
3476 5300 3574 5363 τάς
3616 5319 3718 5370 γυ-

2130 5396 2323 5454 ναῖκας
2352 5392 2530 5446 αὐτῶν
2558 5392 2786 5456 ἕξουσιν.
2826 5412 2842 5443 ι
2885 5392 3113 5462 Ὁμοίως
3138 5391 3247 5463 γὰρ
3277 5390 3520 5462 ἀραιτοῖς
3555 5393 3718 5446 κολα-

2132 5484 2381 5554 ζομένοις
2412 5484 2637 5554 ἀνδράσι
2687 5487 2779 5537 xui
2826 5485 2923 5547 τὰς
2966 5484 3167 5537 τούτων
3208 5486 3473 5553 γυναῖκας
3517 5485 3715 5549 ἀθέους

2135 5577 2227 5629 xui
2258 5575 2474 5639 ἀσεϐεῖς
2509 5578 2600 5628 xui
2636 5576 2734 5640 τὰς
2767 5576 3097 5646 γειναμένας
3128 5580 3248 5640 ταῖς
3296 5578 3440 5641 ίσαις
3470 5576 3709 5633 6m“):-

2131 5668 2278 5721 λουσι
2308 5668 2627 5739 τιμωρίαις,
2658 5668 2847 5741 ῶσπερ
2874 5665 2968 5722 οὖν
2997 5669 3089 5722 xui
3117 5668 3185 5721 τὰ
3215 5669 3379 5722 τέκνα
3417 5669 3594 5722 αὐτῶν
3640 5671 3713 5725 τὰ

2130 5760 2323 5830 ἀσεϐῆ,
2346 5761 2443 5823 τὰς
2462 5760 2687 5824 οἰκείας,
2722 5762 2812 5814 xui
2834 5765 2897 5833 τῇ
2926 5762 3034 5815 τῶν
3061 5762 3277 5832 τρόπων
3302 5761 3481 5815 αὐτῶν
3504 5761 3710 5836 μοχθη-

2135 5854 2224 5927 ρία
2252 5853 2682 5919 ἐξοικειωθείσας
2709 5858 2799 5909 xu".
2832 5855 3300 5928 παρομοιωθείσας
3321 5854 3515 5925 ψυχάς.
