3968 6510
235 414 339 472 169

1197 420 1708 477 COMMENTARIA
1743 422 1812 478 IN
1850 424 2106 479 ISAIAM.
2145 453 2212 465 —-
2252 424 2412 480 CAP.
2451 423 2590 479 XIII.

3404 421 3508 478 190

309 550 331 584 ι
397 533 554 588 ’ἰδοῦ
581 534 834 607 ἐπεγερῶ
871 533 1000 605 ὑμῖν
1045 535 1173 601 τοὺς
1215 537 1453 608 Μήδους,
1495 538 1544 592 οἳ
1587 541 1647 593 οὐ
1679 541 1816 609 λογί-

2003 541 2171 596 Vnus.
2213 541 2301 596 17.
2348 561 2369 593 ι
2399 541 2539 598 Ecce
2591 539 2865 596 suscitabo
2929 541 3086 598 vobis
3141 541 3348 604 Medos,
3412 543 3501 608 qui

230 624 417 688 ζονται
451 627 738 698 ἀργύριον,
772 627 894 680 οὐδὲ
927 627 1150 698 χρυσίου
1183 629 1370 700 χρείαν
1403 631 1604 700 ἔχουσι,
1636 631 1824 697 τοξεύ-

232 733 385 787 ματα
423 717 728 771 νεανίσκων
767 719 1140 790 συντρίψουσι.
1194 740 1214 773 ι
1262 722 1421 790 Μέγα
1463 721 1560 794 μὲν
1584 722 1694 796 γάρ
1723 725 1821 776 αύ-

225 811 347 872 τοίς
379 809 476 862 ἐπὶ
511 811 636 873 ταῖς
663 810 897 875 τοξείαις
924 813 986 864 τὸ
1015 811 1264 884 φύσημα,
1291 814 1386 867 καὶ
1409 814 1469 866 τὸ
1491 815 1740 886 εύτεχνὲς
1767 817 1826 868 ὲν

223 901 447 966 τούτοις
485 903 767 959 ποιοῦνται
807 905 936 976 περὶ
971 905 1167 958 πολλοῦ
1189 923 1203 936 ο
1240 907 1356 961 ἁλλ’
1385 908 1582 978 ἥττους
1613 909 1825 962 ἔσονται

223 992 344 1045 τῶν
382 993 618 1065 ἐχθρῶν.
666 995 904 1066 Σκληροί
937 996 995 1048 δὲ
1034 997 1176 1050 οὓτω
1219 997 1312 1050 καὶ
1351 998 1825 1070 ἀφιλοικτίρμονες

222 1084 277 1136 οἱ
312 1085 683 1155 νενικηκότες,
714 1087 790 1151 ὠς
826 1087 960 1158 μηδὲ
991 1087 1092 1158 τῆς
1125 1088 1362 1158 ἐλεεινῆς
1399 1088 1615 1159 ἡλικίας
1659 1088 1824 1158 φειδὼ

221 1176 510 1230 ποιεῖσθαί
547 1195 689 1231 τινα.
727 1177 819 1248 Τῷ
849 1179 906 1232 δὲ
941 1181 1202 1249 φάσκοντι
1251 1181 1415 1252 λόγῳ,
1449 1200 1468 1233 ι
1532 1181 1662 1236 Ἰδοὺ
1698 1184 1826 1236 ἐπε-

220 1267 382 1339 γερῶ
412 1269 544 1340 ὑμῖν
569 1271 695 1334 τοὺς
728 1272 967 1342 Μήδους,
1008 1290 1028 1323 ›
1078 1277 1348 1345 μαρτυρεί
1389 1274 1547 1346 ήτῆς
1584 1276 1824 1347 ἱστορίας

220 1364 480 1429 ἔκϐασις,
524 1366 877 1438 ἀνάγραπτος
912 1363 1047 1420 οὖσα
1091 1368 1244 1440 παρὰ
1285 1372 1401 1432 τοῖς
1458 1369 1724 1440 Ἑλλήνων
1754 1369 1825 1423 τά

219 1456 517 1510 Χαλδαϊκὰ
559 1459 654 1512 καὶ
690 1459 760 1512 τὰ
800 1460 1137 1532 Ἀσσυριακὰ
1180 1461 1678 1532 συγγραψαμένοις,
1713 1465 1825 1525 τοῖς

218 1564 285 1603 τε
323 1549 394 1602 τὰ
440 1549 663 1620 Μηδικὰ
708 1550 1074 1622 ἱστορηκόσινο
1117 1545 1193 1606 ὧν
1239 1554 1331 1605 καὶ
1379 1555 1540 1624 ἡμεῖς
1565 1554 1824 1617 πλείστας

218 1641 605 1713 ἀνελεξάμεθα
625 1644 930 1716 μαρτυρίας
954 1646 1010 1696 ἐν
1039 1647 1152 1709 τοῖς
1182 1645 1492 1715 πονηθεῖσιν
1519 1647 1651 1717 ἡμῖν
1678 1647 1824 1714 Χρο-

218 1734 428 1800 νικοῒς
451 1737 868 1807 συγγράμμασι.
928 1737 1215 1792 Φαίνονται
1269 1739 1448 1793 τοίνυν
1494 1738 1680 1808 Μῆδος
1722 1737 1822 1810 τὴν

231 1827 550 1899 Ἀσσυρίων
574 1827 896 1892 καθελόντες
923 1831 1121 1902 ἀρχήν·
1151 1830 1374 1895 τούτους
1398 1848 1458 1884 τε
1488 1829 1680 1903 Κῦρος
1697 1831 1824 1884 ὕπο-

1930 644 2214 704 ετεεηῑυιη
2247 649 2353 690 non
2386 644 2602 698 curant,
2630 648 2728 688 nec
2759 649 2893 688 auro
2915 650 3052 703 Opus
3094 635 3316 698 habent,
3343 649 3506 686 arcus

1923 725 2185 796 iuvenum
2233 733 2540 782 conterent.
2574 743 2596 776 ι
2645 724 2870 793 Magnus
2912 726 3130 794 quidem
3169 725 3274 780 illis
3323 735 3506 778 tumor

1928 818 2070 872 inest
2113 823 2184 875 ob
2227 820 2519 886 sagittandi
2557 819 2806 888 peritiam
2835 859 2851 882 ,
2902 833 3065 886 quam
3110 827 3284 871 artem
3335 817 3506 885 pluris

1925 911 2169 978 faciunt,
2220 912 2313 966 sed
2373 913 2608 968 inimicis
2665 911 2953 968 inferiores
3013 920 3197 966 erunt.
3255 909 3506 965 Victores

1927 1019 2089 1074 porro
2121 1013 2267 1057 tanta
2294 1005 2494 1058 duritie
2520 1018 2574 1058 et
2600 1006 2940 1058 immanitate
2981 1013 3176 1066 erunt,
3209 1011 3265 1055 ut
3293 1017 3359 1056 ne
3384 1005 3505 1071 qui-

1926 1096 2046 1150 dem
2076 1105 2273 1151 tenera:
2295 1106 2350 1150 et
2378 1099 2444 1152 ad
2475 1097 2908 1152 miscricordiam
2935 1096 3169 1150 moventi
3205 1095 3349 1148 aetati
3378 1111 3506 1164 par-

1926 1195 2070 1241 cant.
2127 1186 2262 1242 Huic
2311 1199 2502 1242 aute-m-
2543 1189 2724 1253 dicto,
2794 1206 2814 1240 ι
2845 1188 2984 1243 Ecce
3026 1188 3304 1242 suscitabo
3350 1187 3505 1240 vobis

1925 1279 2134 1343 Medos,
2163 1299 2184 1333 ι
2219 1281 2333 1349 ipse
2363 1281 2602 1335 historia:
2625 1289 2851 1336 eventus
2897 1279 3266 1336 testimonium
3303 1278 3454 1332 addit
3484 1289 3502 1331 :

1924 1386 2046 1440 quae
2076 1372 2296 1427 historia
2317 1374 2456 1442 apud
2483 1371 2723 1436 Graecos,
2755 1373 2846 1441 qui
2867 1371 3182 1436 Chaldaica,
3207 1371 3496 1440 Assyriaca

1924 1472 1980 1515 et
2050 1462 2254 1518 Medica
2331 1465 2668 1533 scripserunt
2737 1463 3058 1534 reperitur:
3101 1478 3332 1533 quorum
3405 1477 3505 1516 nos

1924 1554 2093 1609 multa
2133 1555 2438 1609 testimonia
2472 1555 2790 1626 collegimus
2833 1556 2885 1610 in
2933 1555 3209 1610 Chronicis
3242 1569 3367 1626 quae
3390 1554 3508 1609 edi-

1923 1647 2123 1701 dimus.
2179 1646 2316 1700 Medi
2374 1647 2554 1717 itaque
2603 1648 2947 1718 Assyriorum
2986 1649 3272 1716 imperium
3301 1657 3508 1701 everte-

1927 1748 2053 1792 runt
2079 1756 2094 1793 :
2125 1737 2245 1792 illos
2274 1753 2404 1795 vero
2436 1740 2538 1794 sibi
2581 1739 2810 1808 subjecit
2841 1739 3036 1808 Cyrus,
3074 1738 3282 1809 primus
3311 1737 3506 1792 Persa-

1927 1845 2044 1885 rum
2074 1845 2185 1891 rex.
2223 1831 2316 1900 qui
2358 1830 2667 1886 Judaeornm
2709 1833 3083 1902 captivitatem
3123 1830 3329 1884 dimisit
3360 1846 3375 1883 :
3412 1829 3506 1883 de-

217 1919 397 1986 τίιξας
425 1923 452 1974 ό
486 1921 715 1992 Περσῶν
743 1922 996 1993 βασιλεὺς
1031 1923 1265 1994 πρῶτος,
1303 1926 1331 1977 ὁ
1369 1925 1464 1978 καὶ
1496 1924 1594 1991 τὴν
1621 1925 1816 1994 αἰχμα-

1928 1921 2109 1990 ditque
2144 1920 2347 1977 Judaeis
2381 1938 2480 1992 pro
2518 1922 2688 1978 lubito
2730 1924 2782 1978 in
2818 1923 3092 1993 regionem
3138 1935 3293 1975 suam
3340 1920 3507 1975 remi-

218 2011 432 2066 λωσίαν
468 2013 581 2066 τῶν
623 2015 892 2068 Ἰουδαίων
924 2016 1101 2079 ἀνείς·
1148 2017 1242 2070 καὶ
1275 2016 1397 2079 δοὺς
1430 2015 1679 2080 ἐξουσίαν
1706 2019 1818 2080 τοῖς

217 2105 477 2160 θέλουσιν
513 2106 692 2160 αὐτῶν
718 2110 797 2172 εἰς
825 2109 923 2180 τὴν
957 2108 1161 2162 οἰκείαν
1195 2109 1476 2163 ἐπανιέναι
1505 2107 1818 2184 χώραν,καὶ

216 2199 535 2270 ἀνεγείρειν
569 2198 663 2252 τὸν
694 2198 820 2252 ναὸν
849 2199 939 2252 τοῦ
975 2199 1128 2255 θεοῦ.

295 2309 316 2341 c
354 2292 470 2344 Καὶ
501 2290 655 2344 ἔσται
689 2290 966 2355 Βαϐυλὼν,
987 2292 1021 2362 ἡ
1063 2291 1306 2346 καλεῖται
1341 2292 1550 2358 ἔνδοξος
1579 2293 1688 2347 ἀπὺ
1718 2292 1817 2364 βα·
1835 2359 1846 2372 λ

219 2381 426 2447 σιλέως
452 2383 756 2448 Χαλδαίων,
791 2383 850 2437 ὃν
876 2383 1076 2457 τρόπον
1104 2385 1474 2456 κατέστρεψεν
1506 2388 1535 2439 ό
1563 2386 1695 2450 Θεὸς
1722 2387 1819 2440 Σό-

216 2476 364 2546 δομα
428 2474 526 2528 καὶ
587 2475 877 2547 Γόμορρα,
939 2476 1001 2528 ού
1062 2476 1522 2547 κατοικηοήσεται
1585 2479 1664 2540 εἰς
1726 2478 1818 2531 τὸν

216 2565 415 2618 αἰῶνα.
463 2583 484 2617 ι
537 2564 816 2635 Ἀοίκητος
854 2565 909 2618 δὲ
949 2565 1045 2618 καὶ
1090 2565 1368 2629 παντελῶς
1411 2565 1615 2637 ἕρημος
1647 2566 1816 2620 εἰσέτι

216 2657 317 2711 καὶ
347 2656 449 2710 νῦν
482 2658 676 2728 ὁρᾶται
707 2659 740 2728 ἡ
788 2656 1046 2710 Βαϐυλών
1065 2673 1079 2687 ⁶
1128 2657 1404 2730 μάρτυρες
1445 2657 1503 2710 δὲ
1531 2658 1734 2711 τούτων
1764 2660 1816 2712 οἱ

214 2752 280 2803 ἐκ
313 2748 430 2802 τῶν
463 2747 648 2801 τόπων
681 2748 906 2802 ἐκείνων
941 2747 1076 2820 πρὸς
1115 2749 1262 2819 ἡμᾶς
1301 2748 1703 2820 ἀφικνούμενοι.

289 2859 312 2891 ι
375 2839 504 2893 Οὐδ’
551 2838 614 2891 ού
662 2837 736 2908 μὴ
787 2837 1102 2891 εἰσέλθωσιν
1148 2842 1228 2900 εἰς
1260 2839 1428 2910 αὐτὴν
1473 2838 1562 2893 διά
1604 2840 1815 2896 πολλῶν

213 2931 448 2999 γενεῶν,
484 2929 594 2982 οὐδ’
620 2929 682 2982 οὺ
727 2929 802 3000 μὴ
845 2928 1124 2982 διέλθωσιν
1169 2930 1338 3000 αὐτὴν
1380 2929 1649 3000 Ἀραϐες,
1695 2931 1816 2984 οὐδὲ

215 3022 489 3093 ποιμένες
517 3021 581 3074 οὐ
625 3019 699 3091 μὴ
730 3019 1149 3074 άναπαύσωνται
1180 3021 1238 3072 ἐν
1273 3021 1434 3091 αὐτῇ.
1479 3041 1496 3073 ι
1537 3020 1694 3075 Οὓτω
1723 3023 1816 3094 δη-

213 3114 527 3185 λουμένων,
558 3113 631 3176 ὡς
659 3108 833 3184 οἶμαι,
867 3111 977 3166 τῶν
1007 3115 1138 3184 παρ’
1165 3116 1295 3184 ἡμῖν
1333 3112 1679 3184 καλουμένων
1713 3116 1818 3170 Σα-

214 3205 503 3278 ρακηνῶν,
539 3205 612 3267 οἳ,
639 3205 738 3268 τὰς
779 3206 1166 3276 πραγματείας
1212 3207 1560 3279 ποιούμενοι,
1590 3211 1683 3263 καὶ
1727 3211 1814 3264 ἐπ’

1924 2011 2112 2081 grandi
2139 2028 2203 2067 ac
2245 2012 2426 2082 templi
2461 2013 2552 2068 Dei
2580 2013 2925 2068 restaurandi
2951 2011 3288 2067 facultatem.

1997 2279 2159 2335 Vsus.
2200 2278 2290 2335 i9.
2337 2297 2355 2330 ι
2384 2277 2449 2332 Ει
2501 2277 2606 2332 erit
2654 2276 2923 2348 Babylon,
2975 2291 3098 2346 qua:
3138 2282 3366 2330 vocatur
3394 2273 3507 2344 glo-

1921 2374 2064 2429 riosa
2105 2389 2136 2426 a
2187 2388 2314 2442 rege
2358 2371 2760 2436 Chaldaeorum,
2813 2370 3268 2441 quemadmodum
3308 2368 3510 2424 evertit

1923 2468 2064 2522 Deus
2097 2465 2388 2523 Sodomam
2418 2475 2468 2518 et
2499 2463 2862 2520 Gomorrbam
2882 2506 2898 2530 ,
2926 2479 3033 2520 non
3072 2463 3416 2518 habitabitur
3446 2464 3503 2517 iu

1922 2561 2200 2616 saeculum.
2231 2579 2250 2612 ι
2305 2556 2607 2612 lnhabitata
2639 2569 2692 2611 et
2724 2557 2993 2613 hactenus
3031 2557 3243 2611 deserta
3279 2565 3362 2610 est
3402 2551 3508 2608 Ba-

1925 2653 2106 2724 bylon.
2151 2666 2312 2717 quam
2345 2665 2458 2706 rem
2497 2648 2860 2704 testiﬁcantur
2895 2649 2991 2720 qui
3021 2663 3090 2704 ex
3132 2647 3266 2704 locis
3301 2646 3408 2702 illis
3439 2647 3509 2700 ad

1922 2757 2020 2798 nos
2061 2742 2304 2794 νυηίιηιι.

1998 2853 2017 2886 σ
2043 2833 2160 2888 Non
2215 2832 2592 2903 ingredientur
2635 2831 2687 2886 in
2725 2845 2844 2886 eam
2893 2845 2988 2901 per
3031 2830 3228 2884 multas
3276 2843 3508 2899 genera-

1922 2925 2121 2987 tiones,
2177 2937 2355 2992 neque
2404 2921 2714 2976 transibunt
2756 2934 2852 2990 per
2899 2934 3019 2974 eam
3055 2917 3296 2981 Arabes,
3332 2932 3506 2983 neque

1919 3031 2168 3090 pastores
2227 3016 2575 3086 requiescent
2633 3015 2689 3069 in
2754 3029 2839 3069 ea.
2887 3033 2908 3067 ι
2971 3013 3138 3079 Queis
3189 3011 3506 3081 significari-

1924 3119 2031 3174 tur,
2070 3118 2127 3162 ut
2155 3107 2400 3170 aestimo,
2448 3106 2507 3170 ii,
2542 3105 2635 3175 qui
2687 3106 2829 3175 apud
2870 3119 2969 3159 nos
3003 3103 3262 3158 Saraceni
3307 3116 3508 3155 vocan-

1925 3212 2031 3265 tur,
2067 3199 2160 3270 qui
2198 3201 2625 3270 negotiationem
2656 3207 2942 3261 exercent,
2986 3205 3044 3251 et
3086 3197 3139 3250 in
3179 3197 3296 3264 ipsa
3325 3194 3504 3265 Baby-

213 3274 396 3367 αὐτῆς
423 3295 746 3360 Βαϐυλῶνος
767 3274 836 3349 τὸ-
851 3274 1078 3351 παλαιὸν
1099 3274 1565 3368 ὲσκηνοποιοῦντο.
1590 3302 1816 3367 Φευκτὸς

1928 3293 2049 3347 Ione
2098 3290 2229 3346 olim
2292 3291 2524 3345 tentoria
2584 3293 2878 3359 ponebant.
2912 3286 3096 3358 Usque
3142 3286 3278 3342 adeo
3323 3294 3508 3340 autem

212 3391 267 3443 δὲ
298 3388 453 3441 οὕτω
480 3388 576 3442 καὶ
605 3392 717 3452 τοῖς
744 3390 989 3462 ὁμόροις,
1020 3391 1112 3444 καὶ
1148 3395 1262 3454 τοῖς
1285 3391 1344 3456 ἐξ
1377 3391 1566 3458 ἔθνους
1604 3394 1820 3466 μακροῦ

213 3479 640 3553 περινοστοῦσιν
687 3483 889 3554 αὐτὴν,
942 3483 1018 3547 ὼς
1078 3483 1212 3555 μηδὲ
1263 3485 1531 3556 ποιμένας
1585 3489 1712 3550 τοὺς
1763 3486 1822 3552 ἐξ

225 3570 494 3644 Ἀράϐων
528 3572 910 3642 κατανεμῆσαί
950 3590 1003 3626 τι
1053 3573 1160 3626 τῶν
1203 3575 1347 3628 ἰδίων
1388 3575 1720 3646 θρεμμάτων
1763 3579 1821 3629 ὲν

213 3664 386 3734 αὐτῇ,
419 3661 514 3714 διά
560 3679 642 3715 τοι
674 3662 735 3715 τὸ
782 3663 1113 3734 ἠρημῶσθαι
1147 3663 1447 3728 παντελῶς.
1513 3666 1709 3720 ’ἰστέον
1740 3667 1816 3732 δὲ,

212 3755 297 3806 ὅτι
444 3751 780 3823 Σαρακηνῶν
809 3732 964 3824 ἔθνὴ,
995 3755 1091 3806 καὶ
1125 3755 1318 3825 μέχρις
1363 3756 1534 3824 αὐτῆς
1566 3756 1822 3826 διήκοντα

213 3845 317 3915 τῆς
363 3842 670 3913 Ἀσσυρίων
707 3843 802 3896 καὶ
834 3843 934 3913 τὴν
986 3843 1243 3897 ἐσωτάτω
1271 3845 1545 3916 νεμόμενα
1589 3846 1818 3918 ἔρημον,

218 3934 476 4008 Ἄραϐας
505 3932 792 4005 ὀνομάζει·
829 3931 1048 4003 γείτονα
1075 3934 1186 4005 γὰρ
1221 3934 1404 4006 ἔχουσι
1435 3936 1533 4007 τὴν
1574 3937 1821 4008 Ἀράϐων

221 4028 436 4100 χώραν.

159 4187 166 4200 ρ
293 4140 315 4172 ‹
349 4119 465 4174 Καὶ
509 4117 916 4175 ἀναπαύσονται
959 4120 1079 4172 ἐκεῖ
1123 4118 1318 4192 θηρίαο
1371 4121 1462 4175 καί
1495 4123 1819 4194 ἐμπλησθή-

216 4225 410 4261 σονται
441 4207 500 4260 αἰ
533 4207 700 4261 οἰκίαι
729 4209 864 4279 ἡχου
884 4225 898 4238 ·
934 4209 1026 4261 κα)⁵
1055 4210 1461 4265 ἀναπαύσονται
1494 4215 1608 4265 ἐκεῖ
1641 4214 1822 4285 σειρῆα

215 4318 332 4364 νες,
367 4300 467 4353 καὶ
491 4299 744 4372 δαιμόνια
773 4302 893 4353 ἐκεῖ
923 4301 1272 4372 ὀρχήσονται,
1309 4305 1403 4356 καὶ
1443 4305 1818 4376 ὀνοκένταυροι

216 4396 338 4448 ἐκεῖ
378 4395 840 4464 κατοικήσουσινο
884 4394 981 4447 καὶ
1029 4397 1510 4467 νοσσοποιήσουσιν
1559 4399 1724 4468 ἐχῖνοι
1760 4401 1819 4452 ὲν

214 4490 330 4552 mi;
373 4485 550 4549 οἴκοις
589 4485 788 4550 αὐτῶν,
841 4489 978 4557 ταχὺ
1030 4487 1249 4561 ἔρχεται
1283 4491 1377 4542 καὶ
1422 4490 1482 4542 ού
1530 4495 1750 4561 χρονιεῖ.
1793 4510 1812 4544 ι

217 4579 343 4632 Τῶν
383 4578 486 4650 μὲν
515 4575 608 4632 οὖν
637 4579 864 4650 ἡμέρων
893 4581 986 4632 καὶ
1018 4580 1254 4649 λογικῶν
1287 4580 1441 4646 ζώων
1475 4582 1681 4654 ἔρημον
1718 4603 1818 4639 κα-

216 4675 501 4745 ταστήσας
551 4671 649 4744 τὴν
674 4672 1008 4740 -Βαΰυλῶνα,
1053 4675 1206 4728 οὐδὲν
1239 4678 1480 4747 οἰκήσειν
1527 4677 1770 4742 θεσπίζει
1796 4695 1812 4710 ο

218 4767 389 4839 θηρία
423 4766 482 4820 δέ
530 4782 656 4820 τινα
701 4767 876 4836 ἄδηλα
907 4770 1041 4839 ἡμῖν
1090 4769 1184 4822 καὶ
1233 4770 1507 4838 ἄγνωστα,
1555 4769 1814 4841 δαίμονάς

217 4878 370 4924 τινας
395 4860 494 4912 καὶ
524 4859 813 4930 πνεύματά
837 4878 957 4913 τινα
989 4861 1175 4931 ἁπηνῆ
1197 4861 1290 4914 καὶ
1315 4863 1566 4934 ἀνήμερα
1593 4862 1813 4917 ἔσεσθαι

219 4953 274 5002 ὲν
305 4951 448 5019 αὐτῇ
502 4965 654 5019 φησι.
704 4949 793 5001 Διὸ
843 4949 961 5002 ἀντὶ
1002 4950 1120 5014 τοῦ,
1173 4969 1190 5002 ι
1218 4951 1401 5022 θηρία,
1425 4971 1448 5004 ο
1475 4971 1492 5002 ι
1518 4953 1680 5006 σείειν
1705 4973 1722 5004 ι
1766 4955 1815 5006 οἰ

218 5043 400 5096 λοιποὶ
429 5043 765 5112 ἑρμηνευταί
793 5040 1120 5095 ὲκδεδώκασι
1140 5059 1153 5072 ·
1185 5044 1279 5096 καὶ
1305 5045 1425 5097 ἀντὶ
1446 5044 1560 5108 τοῦ,
1590 5065 1609 5096 ι
1640 5047 1817 5116 σειρῆ-

217 5153 328 5198 νες,
370 5153 390 5184 ι
426 5153 444 5184 ι
490 5132 1024 5204 στρουθοκαμήλους,
1063 5154 1081 5184 ι
1107 5136 1396 5205 εἰρήκασι·
1431 5136 1524 5188 καὶ
1551 5137 1672 5190 ἀντὶ⁵
1692 5137 1811 5202 τοῦ,

227 5252 245 5274 ι
281 5224 688 5295 όνοκένταυροι,
732 5241 750 5274 ι
796 5241 813 5272 ι
855 5223 1040 5286 σείειν,
1081 5243 1098 5274 ι
1138 5225 1473 5298 ἀνέγραψαν,
1505 5226 1640 5298 αὐτῇ
1675 5245 1813 5298 χρη-

223 5317 448 5387 σάμενοι
477 5317 544 5386 τῇ
587 5315 829 5386 Ἐϐραΐδι
873 5319 1025 5386 φωνῇ
1056 5316 1144 5368 διὰ
1171 5316 1233 5369 τὸ
1267 5317 1460 5389 ἄδηλον
1494 5318 1594 5387 τῆς
1635 5321 1813 5391 ἑρμη-

221 5409 387 5470 νείας·
420 5407 560 5461 ἀλλὰ
593 5407 687 5460 καὶ
712 5408 852 5470 ἀντὶ,
885 5407 1374 5480 «ἐχίνων,›ὁμοίως
1387 5412 1435 5463 οἰ
1467 5415 1612 5481 τρεῖς
1640 5413 1816 5483 ἑρμη-

222 5501 427 5560 νευταὶ,
465 5519 482 5547 ι
517 5499 806 5569 σειρῆνας,
847 5518 864 5549 ι
893 5501 1244 5572 ἠρμήνευσαν
1267 5518 1281 5530 ⁸
1333 5503 1474 5573 τάχα
1490 5521 1590 5556 που
1619 5503 1707 5557 διὰ
1755 5504 1817 5556 τὸ

151 5582 161 5592 ’
209 5591 501 5662 ’ἀπατηλὸν
523 5592 633 5644 τῶν
660 5591 918 5645 τοιούτων
942 5592 1231 5663 δαιμόνων.
1277 5594 1429 5648 Ἐπεὶ
1455 5596 1586 5666 παρ’
1624 5595 1816 5666 ’Έλλη-

225 5699 305 5734 σιν
351 5683 626 5752 ήδύςρωνοί
670 5700 813 5746 τιν-ς
849 5679 1008 5738 αὗται
1040 5685 1134 5738 καὶ⁵
1169 5685 1436 5756 ἁπατηλοί.
1487 5686 1816 5756 γεγενῆσθαι

230 5763 678 5844 μνήμονεύονται.
729 5795 748 5826 ι
796 5777 948 5845 Ταχὺ
993 5775 1230 5846 ἔρχεται,
1281 5778 1376 5829 καί
1419 5779 1479 5830 ού
1526 5781 1748 5850 χρονιεῖ.
1793 5800 1808 5831 ι

230 5868 404 5933 Ἅπας
422 5885 482 5936 γε
519 5869 625 5941 μὴν
669 5871 757 5922 καὶ
791 5867 1140 5942 νομιζόμενος
1178 5871 1322 5943 παρὰ
1354 5871 1660 5942 ἀνθρώποις
1715 5891 1817 5944 μα-

1921 3399 2112 3456 perosa
2149 3391 2271 3438 erat
2300 3394 2410 3438 tum
2445 3384 2644 3439 vicinis
2667 3423 2684 3447 ,
2739 3393 2852 3436 tum
2889 3382 3204 3450 longinquis
3253 3389 3308 3433 et
3350 3394 3510 3448 pere-

1921 3477 2272 3548 grinantibus
2305 3476 2592 3548 gentibus,
2624 3485 2681 3529 ut
2722 3490 2790 3529 ne
2832 3484 3078 3543 pastores
3113 3473 3332 3542 quidem
3367 3470 3508 3524 Ara-

1920 3566 2048 3622 bum
2109 3581 2305 3636 pecora
2364 3579 2462 3621 sua
2523 3565 2634 3619 illic
2682 3563 2937 3635 pascendi
2997 3576 3163 3618 causa
3221 3561 3505 3624 ducerent,

1921 3663 2048 3734 quia
2117 3662 2336 3732 penitus
2395 3663 2609 3716 deserta
2665 3669 2719 3714 et
2772 3657 2975 3713 inculta
3023 3665 3158 3711 erat.
3209 3653 3504 3708 Sciendum

1921 3761 2102 3808 autem
2153 3761 2240 3807 est.
2291 3751 2696 3806 Saracenorum
2755 3757 2974 3818 gentes,
3028 3759 3168 3824 quae.
3203 3757 3376 3812 usque
3437 3742 3508 3796 ad

1921 3847 2094 3916 ipsam
2124 3845 2473 3916 Assyriorum
2507 3852 2710 3899 terram
2747 3840 3085 3911 pertingant,
3135 3847 3302 3905 atque
3357 3837 3504 3890 inte~

1921 3939 2124 3992 riorem
2158 3937 2507 3992 solitudinem
2538 3933 2802 3995 incolunt,
2831 3933 3058 3986 Arabas'
3084 3930 3172 3984 hic
3196 3929 3505 3998 nominari:

1919 4045 2044 4085 nam
2074 4029 2317 4083 Arabum
2347 4027 2624 4097 regionem
2669 4025 2960 4079 finitimam
2996 4023 3220 4076 habent.

1992 4121 2158 4176 Vsus.
2197 4120 2291 4185 21,
2330 4118 2424 4172 22.
2490 4118 2600 4171 «Et
2656 4115 2999 4171 accubabunt
3054 4115 3125 4168 ibi
3178 4115 3401 4178 bestiae;
3451 4121 3506 4166 et

1919 4213 2280 4284 replebuntur
2307 4212 2504 4265 domus
2528 4211 2731 4264 sonitu.
2766 4209 2832 4262 Et
2870 4206 3214 4276 requiescent
3257 4205 3328 4258 ibi
3365 4210 3505 4258 sire-

1921 4321 2041 4370 nes,
2102 4313 2160 4358 et
2207 4304 2477 4358 daemonia
2513 4302 2584 4355 ibi
2648 4300 2948 4364 saltabunt,
3001 4296 3353 4352 onocentauri
3394 4296 3508 4350 illic

1918 4395 2294 4453 habitabant:
2330 4405 2385 4450 et
2421 4393 2776 4449 nidificabunt
2835 4391 3102 4447 herinacii
3152 4390 3204 4444 in
3255 4390 3509 4445 domibus

1917 4504 2128 4552 eorum,
2175 4487 2285 4542 cito
2333 4486 2533 4551 veniet,
2579 4492 2781 4540 etnon
2837 4482 3093 4536 tardabit.
3127 4499 3144 4532 ι
3208 4480 3504 4548 Postquam

1924 4589 2337 4636 mansuetorum
2380 4587 2435 4633 et
2491 4576 2894 4630 rationabilium
2936 4575 3251 4628 animalium
3277 4589 3506 4628 vacuam

1924 4675 2258 4746 Babylonem
2301 4674 2690 4734 constituerat,
2739 4686 2768 4724 a
2819 4669 2964 4723 nullo
3002 4667 3350 4723 habitandam
3385 4683 3508 4721 esse

1923 4767 2287 4830 vaticinatur;
2337 4765 2434 4819 sed
2481 4765 2744 4833 quasdam
2781 4763 2994 4832 ignotas
3028 4762 3187 4817 nobis
3229 4760 3409 4824 feras,
3453 4769 3509 4811 et

1926 4859 2203 4913 daemones
2231 4856 2500 4925 quosdam
2531 4854 2866 4924 Spiritusque
2887 4853 3138 4908 crudeles
3165 4863 3218 4908 et
3243 4854 3506 4906 immanes

1927 4950 2003 5004 ibi
2043 4949 2263 5003 futuros
2294 4963 2416 5002 esse
2441 4946 2538 5001 ait.
2570 4947 2751 5013 Quare
2774 4963 2873 5018 pro
2899 4946 2989 5000 illo
3024 4965 3042 4997 ι
3073 4946 3279 5007 bestias.
3305 4963 3324 4996 ι
3377 4943 3502 4998 relic

1925 5043 2016 5112 qui
2053 5043 2402 5109 interpretes,
2463 5061 2482 5092 ι
2507 5042 2611 5096 siin
2640 5059 2660 5092 ι
2717 5041 3040 5104 ediderunt;
3071 5047 3128 5094 et
3175 5038 3293 5091 loco
3335 5035 3504 5094 illius,

1926 5154 1945 5186 ‹
1969 5137 2199 5199 sirenes,
2227 5152 2247 5185 ι
2279 5132 2831 5198 ‹ἐιι·ιιιιιοοοιιιειοε,ι
2856 5133 3146 5194 dixerunt;
3181 5143 3242 5183 ac
3269 5142 3365 5197 pro
3392 5127 3504 5190 illo,

1936 5245 1954 5277 ι
1983 5226 2355 5288 onocentauri,
2391 5233 2524 5289 D773:
2563 5225 2708 5289 siim,
2734 5245 2752 5276 ι
2797 5227 2924 5279 item
2975 5221 3312 5289 interpretati
3355 5231 3503 5280 sunt,

1923 5319 2038 5385 ipsa
2071 5317 2153 5371 usi
2192 5315 2460 5372 Hebraica
2497 5331 2650 5379 voce,
2697 5317 2766 5370 ob
2819 5315 3161 5384 significatus
3201 5313 3506 5369 obscurita-

1923 5420 2053 5474 tem,
2087 5413 2199 5464 imo
2231 5410 2398 5464 etiam
2448 5426 2548 5479 pro
2591 5427 2614 5461 ι
2646 5407 2960 5470 hcrinaciis,
3010 5417 3120 5460 tres
3179 5405 3506 5474 interpretes

1921 5503 2163 5570 pariter,
2221 5520 2242 5552 ε
2275 5503 2484 5556 sircncs
2514 5543 2528 5562 ,
2569 5521 2588 5552 ι
2667 5499 3020 5554 reddiderunt
3069 5519 3084 5553 :
3134 5500 3388 5554 fortassis
3433 5503 3506 5555 ob

1923 5595 2111 5648 talium
2139 5595 2446 5649 daemonum
2480 5593 2930 5648 fraudulentiam.
2961 5591 3095 5646 Nam
3121 5595 3261 5663 apud
3285 5594 3507 5651 Cra-cos

1922 5687 2141 5741 Sirenes
2215 5668 2513 5741 dulcisonzn
2571 5694 2625 5740 et
2679 5683 2903 5739 fallaces
2963 5684 3133 5740 fuisse
3185 5697 3502 5740 narrantur.

1931 5795 1950 5828 ι
1979 5775 2102 5830 Cito
2137 5777 2340 5841 veniet,
2385 5786 2439 5828 et
2473 5789 2580 5828 non
2610 5774 2866 5828 tardabit.
2903 5795 2921 5827 ι
2981 5775 3222 5842 Quodvis
3272 5785 3504 5842 tempus,

1928 5870 2143 5929 etiamsi
2175 5869 2550 5939 longissimum
2592 5867 2732 5938 apud
2780 5868 3030 5926 homines
3083 5883 3202 5924 esse
3259 5876 3502 5936 putetur,
