3984 6508
485 421 582 478 llSi!

1152 419 1420 475 EUSEBII
1458 418 1936 477 CESARIENSIS
1974 420 2124 477 OPP.
2160 420 2341 477 PARS
2379 420 2467 477 Ill.
2506 452 2576 463 ——
2615 420 3023 478 EXEGETICA.

3644 420 3777 477 l92'

487 536 862 591 brevissimum
897 544 1074 589 tamen
1119 536 1258 604 apud
1321 536 1487 590 Deum
1524 535 1762 603 judicem
1808 536 2048 591 habetur.

2168 535 2426 605 κρότατος
2447 530 2582 588 εἶναι
2604 535 2792 606 χρόνος
2815 534 3150 604 βραχύτατος
3179 532 3330 605 παρά
3348 530 3428 603 τῷ
3444 531 3744 604 Θεῷκριτῇ

486 626 697 683 Etenim
734 625 877 681 mille
902 627 1028 679 anni
1056 626 1107 681 in
1141 637 1438 695 conspectu
1467 626 1606 696 ejus,
1652 637 1909 696 tanquam
1940 627 2060 682 dies

489 721 743 771 hesterna
785 727 1124 787 reputantur,
1155 726 1211 773 et
1250 729 1505 788 tanquam
1536 720 1779 774 custodia
1800 722 1853 773 in
1879 732 2056 775 nocte.

487 812 737 865 Attamen
792 826 897 864 nou
934 820 1055 880 post
1097 811 1294 865 multas
1324 827 1592 865 annorum
1638 812 1893 879 periodos
1924 815 2062 867 vati-

486 900 686 954 cinium
722 901 999 970 impletum
1048 912 1172 958 est:
1206 903 1471 973 siquidem
1527 902 1763 975 Babylon
1808 908 1911 959 sub
1946 906 2059 961 Me-

487 996 675 1048 dorum
704 994 929 1064 imperio
954 1010 1114 1065 supra
1158 1006 1453 1050 memorata
1481 1010 1733 1066 perpessa
1763 1008 1871 1052 est.

1052 1086 1282 1142 CAPUT
1353 1086 1493 1144 XIV.

557 1177 725 1236 Vens.
770 1180 819 1244 l,
859 1177 916 1232 2.
966 1196 986 1228 ι
1017 1176 1083 1233 Ει
1117 1179 1466 1233 miserebitur
1493 1180 1752 1234 Dominus
1776 1180 1965 1247 Jacob,
2005 1193 2061 1237 et

484 1270 645 1339 eliget
695 1272 947 1325 lsraeletn
988 1282 1086 1331 :et
1138 1274 1487 1342 requiescent
1534 1274 1585 1327 in
1636 1284 1780 1328 terra
1828 1291 1947 1342 sua,
2008 1286 2063 1330 et

485 1365 688 1416 advena
712 1364 1031 1432 adiungetur
1057 1365 1137 1418 eis
1156 1403 1172 1429 ,
1200 1374 1255 1418 et
1279 1366 1604 1435 adjungetur
1635 1366 1815 1420 domui
1849 1366 2041 1424 Jacob.

489 1453 550 1507 Et
580 1454 844 1522 accipient
867 1469 962 1509 eos
992 1466 1198 1525 gentes,
1227 1466 1281 1509 et
1308 1457 1562 1511 inducent
1590 1458 1641 1510 in
1668 1457 1841 1511 locum
1867 1474 2059 1513 suum:

484 1556 537 1600 et
561 1547 910 1617 possidebunt
938 1558 994 1602 et
1029 1548 1540 1618 multiplicabuntur
1573 1565 1737 1619 super
1763 1562 1963 1606 terram
2006 1554 2059 1608 in

484 1653 670 1693 servos
713 1648 769 1692 et
804 1640 1050 1703 ancillas,
1111 1650 1163 1695 et
1218 1649 1375 1693 erunt
1424 1640 1626 1707 captivi
1687 1644 1779 1711 qui
1820 1646 2065 1713 captivos

484 1740 742 1799 ceperant
771 1746 886 1794 eos,
920 1742 975 1785 et
1003 1731 1299 1785 dominatni
1339 1748 1530 1786 eorum
1567 1734 1924 1801 subjicientnr
1972 1741 2060 1806 qui

483 1822 814 1877 dominatum
837 1825 1185 1878 obtinuerant
1216 1826 1267 1879 in
1293 1841 1409 1879 eos.
1440 1844 1458 1878 ι
1515 1825 1926 1898 Couscquenter
1960 1832 2059 1899 igi-

484 1924 568 1967 tur
598 1928 716 1983 post
738 1930 822 1980 ea,
848 1933 966 1985 qua:
998 1928 1185 1972 contra
1238 1919 1562 1990 Babylonem
1598 1923 1741 1977 dicta
1778 1936 1906 1980 sunt
1929 1967 1944 1991 ,
1976 1930 2059 1983 his

481 2000 693 2059 Judaici
727 2007 905 2075 papuli
940 2023 1003 2061 ex
1036 2008 1253 2065 inimica
1279 2020 1424 2063 terra
1463 2013 1513 2066 iu
1544 2002 1841 2069 Jerusalem
1876 2033 2060 2073 rever-

479 2096 705 2161 sionem,
744 2116 866 2165 qnze
893 2102 993 2153 sub
1035 2102 1177 2171 Cyro
1217 2105 1469 2173 contigit,
1518 2106 1837 2175 significat:
1870 2111 2055 2164 decla-

480 2205 607 2243 rans
636 2190 754 2245 lore
789 2203 845 2245 ut
878 2194 950 2246 illi
982 2207 1103 2263 post
1144 2196 1377 2249 reditum
1414 2198 1464 2249 in
1508 2202 1728 2266 regione
1770 2216 1865 2255 sua
1902 2204 2059 2272 quie-

478 2292 655 2345 scant,
688 2293 741 2336 et
768 2285 975 2339 advena
1008 2286 1138 2354 ipsis
1177 2286 1524 2358 adjungatnr.
1575 2292 1678 2345 Pro
1720 2292 1809 2346 illo
1852 2305 2055 2359 autem,

481 2390 502 2424 ι
525 2374 754 2441 advena,
785 2394 803 2427 ι
834 2376 1023 2447 rcliqui
1056 2382 1400 2446 interpretes,
1444 2401 1462 2433 ‹
1490 2384 1799 2455 proselytns
1829 2405 1847 2439 ι
1886 2390 2057 2442 inter-

478 2467 672 2534 pretati
706 2479 848 2524 Sunt.
896 2470 989 2526 Sic
1032 2475 1176 2527 enim
1211 2476 1285 2530 ait
1324 2494 1416 2533 eos
1475 2481 1524 2532 in
1593 2492 1735 2534 terra
1787 2497 1880 2535 sua
1941 2499 2054 2538 rem

476 2572 737 2626 prospere
792 2573 1059 2633 gesturos,
1123 2579 1181 2622 ιιι
1230 2572 1390 2624 etiam
1433 2572 1752 2643 alienigenae
1814 2576 2053 2645 ipsorum

478 2648 792 2715 religionem
828 2654 1241 2725 amplectantur,
1272 2676 1337 2715 ac
1362 2663 1617 2735 proselyti
1658 2665 1811 2734 ﬁant,
1845 2668 2055 2725 domui-

474 2750 582 2811 que
606 2740 776 2797 Jacob
808 2744 1159 2813 adjiciantur.

544 3002 713 3059 Vens.
752 3006 806 3069 3,
849 3005 902 3060 4.
950 3026 968 3058 ι
999 3008 1063 3063 Ει
1094 3011 1200 3065 erit
1248 3011 1299 3064 in
1348 3012 1435 3067 die
1478 3014 1565 3068 illa
1621 3018 1968 3087 requiescere
2002 3033 2054 3080 te

476 3095 644 3151 faciet
680 3099 823 3152 Deus
857 3116 885 3153 a
921 3103 1108 3155 dolore
1139 3114 1231 3155 tuo
1255 3114 1308 3158 et
1341 3108 1408 3159 ab
1438 3108 1516 3160 ira
1552 3118 1638 3162 tua
1660 3150 1675 3173 ,
1708 3121 1763 3164 et
1801 3128 1830 3164 a
1878 3115 2051 3168 servi-

476 3199 586 3245 tute
606 3199 698 3246 tua
728 3193 882 3258 dura,
912 3209 1016 3264 qna
1048 3197 1316 3249 servivisti
1341 3199 1420 3252 eis
1445 3216 1459 3251 :
1482 3212 1535 3254 et
1564 3218 1746 3257 sumes
1774 3202 2046 3269 planctum

2161 624 2483 694 λελόγισται.
2521 626 2681 679 Χίλια
2715 622 2809 679 οὖν
2848 626 2943 697 ἔτη
2979 624 3210 678 ἐνώπιον
3247 624 3413 678 αὐτοῦ
3445 624 3521 688 ὡς
3564 626 3749 696 ἡμέρα

2161 714 2193 781 ή
2222 712 2346 782 χθὲς
2368 713 2696 781 λελόγισται,
2721 714 2815 767 καὶ
2844 714 2918 777 ὼς
2946 713 3159 785 φυλακὴ
3187 716 3244 768 ὲν
3270 714 3443 767 νυκτί.
3476 714 3634 768 Ἀλλά
3649 721 3749 769 καὶ

2160 807 2259 863 οὐκ
2295 807 2374 869 είς
2406 808 2650 878 μακροὺς
2690 807 2800 861 τῶν
2832 808 3040 878 χρόνων
3072 806 3305 871 κύκλους
3338 808 3439 879 τῆς
3467 807 3749 873 ἐκϐάσεως

2160 898 2229 949 τά
2254 898 2613 952 θεσπισθέντα
2640 899 2818 969 ἔτυχε,
2843 899 2911 953 τὰ
2943 899 3323 971 προρρηθέντα
3347 898 3624 971 παθούσης
3643 899 3747 970 τῆς

2163 993 2478 1059 Βαϐυλῶνος
2510 996 2603 1049 ἐπὶ
2636 995 2734 1065 τῆς
2768 996 2968 1066 Μήδων
2996 996 3189 1065 ἀρχῆς.

2694 1086 3091 1139 ΚΕΦΑΛΑΙΟΝ
3118 1088 3233 1155 ιΔο,

2237 1195 2256 1227 ι
2307 1176 2418 1229 Καὶ
2461 1177 2672 1247 ἐλεήσει
2717 1178 2921 1249 Κύριος
2959 1178 3049 1231 τὸν
3094 1177 3305 1238 Ἰακὼϐ,
3338 1178 3433 1231 καὶ
3467 1178 3747 1247 ὲκλέξεται

2163 1268 2241 1320 ἔτι
2275 1268 2364 1320 τὸν
2409 1270 2646 1341 Ἰσραὴλ,
2683 1270 2777 1322 καὶ
2810 1271 3214 1323 ἀναπαύσονται
3262 1271 3351 1324 ἐπὶ
3379 1272 3475 1341 τῆς
3512 1271 3614 1341 γῆς
3647 1272 3746 1324 αὑ-

2161 1360 2290 1425 τῶν,
2323 1360 2417 1414 καὶ
2448 1362 2476 1413 6
2501 1360 2737 1434 γειώρας
2765 1362 3194 1436 προστεθήσεται
3220 1361 3359 1433 πρὸς
3391 1362 3587 1426 αὐτούς
3605 1380 3617 1392 ·
3653 1364 3746 1416 καὶ

2165 1453 2597 1525 προστεθήσεται
2632 1456 2770 1526 πρὸς
2800 1456 2890 1507 τὸν
2916 1452 3063 1508 οἷκον
3103 1455 3313 1509 Ἰακώὸ.
3348 1456 3456 1508 Καὶ
3485 1455 3746 1525 λήψονται

2164 1540 2359 1603 αύτούς
2384 1540 2532 1606 ἔθνη,
2564 1543 2656 1596 καὶ
2681 1542 2985 1609 είσάξουσιν
3016 1546 3093 1607 είς
3114 1544 3205 1597 τὸν
3234 1546 3396 1599 τόπον
3420 1546 3617 1609 αὐτῶν,
3651 1547 3749 1599 καὶ

2166 1631 2814 1703 κατακληρονομήσουσι,
2862 1637 2954 1688 καὶ
3000 1636 3464 1707 πληθυνθήσονται
3508 1639 3598 1690 ἐπὶ
3649 1638 3748 1709 τῆς

2166 1723 2267 1791 γῆς
2296 1723 2373 1784 εἰς
2405 1722 2624 1785 δούλους
2656 1725 2751 1777 κα)⁵
2787 1724 2996 1789 δούλας,
3035 1727 3129 1780 καὶ
3163 1726 3371 1779 ἔσονται
3411 1727 3746 1797 αἰχμάλωτοι

2167 1814 2214 1865 οί
2248 1814 2790 1884 αίχμαλωτεύσαντες
2834 1820 3052 1882 αὐτοὺς,
3085 1820 3179 1872 καὶ
3219 1820 3664 1891 κυριευθήσονται
3696 1823 3747 1875 οί

2168 1905 2554 1976 κυριεύσαντες
2594 1908 2810 1971 αύτούς.
2851 1928 2868 1959 ι
2923 1909 3253 1973 Ἀκολούθως
3290 1911 3468 1964 τοίνυν
3505 1912 3642 1981 μετά
3677 1911 3750 1964 τὰ

2163 1995 2529 2065 προλεχθέντα
2576 1997 2717 2049 κατά
2754 1998 2853 2067 τῆς
2883 1996 3234 2061 Βαϐυλῶνος,
3265 1998 3354 2052 διὰ
3398 1998 3603 2051 τούτων
3645 1997 3747 2069 τὴν

2160 2092 2251 2144 ἐπὶ
2287 2092 2470 2163 Κύρου
2504 2094 2799 2164 γενομένην
2832 2092 3167 2164 ἐπιστροφὴν
3196 2093 3287 2145 τοῦ
3320 2094 3431 2147 τῶν
3472 2092 3746 2147 Ἰουδαίων

2158 2182 2288 2237 λαοῦ
2314 2183 2411 2254 τὴν
2435 2185 2542 2237 ἀπὸ
2565 2186 2662 2255 τῆς
2694 2185 2959 2254 πολεμίας
2984 2187 3077 2239 ἐπὶ
3104 2186 3204 2257 τὴν
3256 2186 3613 2260 Ἰερουσαλὴμ
3648 2204 3748 2259 ση-

2163 2277 2361 2346 μαίνει,
2394 2275 2678 2339 διδάσκων,
2722 2277 2798 2340 ὼς
2841 2278 3243 2332 ἀναπαύσονται
3282 2280 3375 2332 ἐπὶ
3407 2280 3505 2349 τῆς
3534 2281 3749 2335 ἑαυτῶν

2159 2364 2339 2436 χώρας
2367 2365 2749 2430 ἐπανελθόντες
2770 2407 2783 2427 ,
2817 2368 2911 2420 καὶ
2944 2367 3019 2431 ὡς
3063 2368 3090 2419 6
3112 2368 3347 2437 γειώρας
3383 2368 3749 2438 προστεθήσερ

2157 2473 2245 2508 ται
2283 2457 2482 2520 αὐτοῖς.
2532 2459 2677 2511 Ἀντὶ
2718 2458 2773 2511 δὲ
2806 2459 2921 2522 τοῦ,
2975 2480 2991 2509 ι
3033 2461 3062 2513 6
3103 2458 3360 2530 γειώρας,
3418 2480 3434 2510 ι
3476 2461 3525 2511 oi
3562 2459 3747 2513 Rom-oi.

2158 2549 2519 2619 ἑρμηνευταὶ,
2562 2570 2579 2601 ι
2638 2552 2666 2603 6
2718 2552 3054 2622 προσήλυτος
3102 2572 3120 2603 ι
3163 2554 3531 2623 ἡρμήνευσαν.
3583 2551 3747 2615 υῦτω

2156 2641 2266 2712 γὰρ
2308 2638 2365 2695 εὖ
2409 2643 2634 2713 πράξειν
2661 2645 2854 2709 αὐτοὺς
2889 2646 2982 2698 ἐπὶ
3029 2645 3128 2713 τῆς
3164 2646 3369 2698 ἑαυτῶν
3409 2647 3510 2716 γῆς
3551 2662 3740 2716 φησιν,

2156 2732 2232 2794 ὡς
2266 2734 2359 2785 καὶ
2398 2733 2725 2801 ἀλλοφύλους
2765 2734 3182 2805 ἀντιποιηθῆναι
3212 2736 3309 2805 τῆς
3354 2736 3529 2789 αὐτῶν
3565 2736 3745 2789 θεοσε-

2156 2824 2328 2888 ϐείας,
2375 2825 2627 2893 γενέσθαι
2670 2844 2727 2879 τε
2773 2827 3176 2899 προσηλύτους,
3232 2829 3325 2881 καὶ
3374 2828 3740 2899 προστεθῆναι

2154 2916 2232 2986 τῷ
2256 2918 2386 2986 οἴκῳ
2426 2916 2638 2971 Ἰακώϐ.

2234 3028 2251 3059 ι
2297 3008 2576 3061 Καὶέσται
2613 3012 2670 3061 ὲν
2708 3011 2775 3079 τῇ
2813 3010 2996 3080 ἡμέρα
3042 3011 3258 3081 ἐκείνῃ,
3296 3008 3597 3063 ἀναπαύσει
3632 3010 3740 3063 Κύ-

2157 3102 2272 3171 ριὸς
2314 3119 2371 3154 σε
2407 3101 2517 3154 ἀπὸ
2544 3102 2641 3171 τῆς
2670 3102 2863 3173 ὀδύνης
2899 3103 2991 3155 καὶ
3022 3102 3116 3155 τοῦ
3161 3102 3335 3172 θυμοῦ
3380 3103 3603 3164 σου,καὶ
3637 3104 3739 3173 τῆς

2154 3194 2395 3257 δουλείας
2425 3210 2517 3245 σου
2562 3193 2658 3261 τῆς
2713 3192 2954 3263 σκληρᾶς
2974 3234 2987 3255 ,
3016 3189 3084 3265 ἦς
3123 3192 3443 3257 ὲδούλευσας
3471 3234 3484 3257 ,
3516 3195 3699 3259 αὐτοῖς
3720 3212 3734 3225 ο

475 3282 619 3336 hunc
671 3299 833 3353 super
890 3301 1071 3354 regem
1132 3286 1460 3358 Babylonis:
1498 3310 1517 3344 ι
1572 3309 1695 3347 nam
1759 3294 1936 3349 Persre
1998 3307 2048 3350 et

2162 3288 2250 3339 καὶ
2295 3286 2442 3359 λήψῃ
2486 3286 2576 3339 τὸν
2622 3286 2815 3356 θρῆνον
2862 3285 3049 3338 τοῦτον
3100 3287 3192 3338 ἐπὶ
3240 3286 3461 3355 βασιλέα
3498 3287 3741 3341 Βαϐυλῶ-

472 3368 650 3436 Medi,
715 3373 1064 3443 Assyriorum
1128 3377 1353 3446 imperio
1417 3392 1473 3435 et
1546 3384 1679 3451 ipsis
1740 3385 2055 3456 Babyloniis

472 3459 528 3515 in
557 3463 876 3519 scrvitutem
908 3470 1164 3538 redactis,
1196 3489 1289 3528 eos
1320 3491 1429 3530 sua:
1470 3477 1659 3532 ditioni
1698 3481 2048 3550 subegerunt.

546 3640 712 3698 Vens.
756 3645 870 3700 5-8.
918 3668 936 3699 ι
965 3648 1028 3709 Et
1056 3650 1203 3707 dices
1231 3653 1284 3706 in
1330 3654 1417 3708 die
1451 3655 1535 3707 illa
1564 3698 1579 3722 ,
1616 3657 1897 3721 Quomodo
1937 3675 2054 3714 ces-

473 3737 614 3790 savit
673 3751 915 3807 erat-tor,
972 3753 1025 3797 et
1078 3750 1312 3800 cessavit
1364 3749 1731 3804 sollicitator?
1781 3750 2052 3807 Contrivit

477 3825 738 3884 Dominus
778 3830 965 3898 iugum
1021 3850 1413 3904 peccatorum,
1463 3838 1651 3909 iugum
1701 3842 2048 3909 principum,

474 3924 790 3988 percutiens
824 3936 1041 3990 gentem
1096 3930 1201 3992 ira,
1242 3932 1397 3999 plaga
1454 3932 1764 3985 insanabili.
1823 3932 2051 3989 Feriens

468 4019 684 4075 gentem
719 4011 869 4083 plaga
904 4014 1017 4078 irze,
1060 4032 1163 4069 non
1196 4019 1459 4087 pepercit,
1499 4022 1764 4088 requievit
1792 4023 1882 4091 qui
1910 4039 2048 4077 eon-

471 4103 613 4158 ﬂdit.
662 4105 853 4161 Omnis
910 4118 1053 4162 terra
1096 4111 1292 4163 clamat
1333 4128 1457 4166 cum
1518 4115 1726 4168 Iustitia.
1782 4118 1848 4171 Et
1901 4117 2045 4187 ligna

468 4195 660 4251 Libani
691 4199 867 4252 laetata
910 4212 1034 4256 sunt
1061 4218 1225 4272 super
1264 4214 1313 4257 te
1338 4244 1352 4268 ,
1387 4214 1438 4257 et
1470 4209 1665 4261 cedrus
1696 4208 1886 4263 Libani
1926 4229 1939 4263 :
1980 4227 2044 4264 ex

466 4304 577 4360 quo
633 4301 687 4345 tu
744 4293 1074 4357 dormivisti,
1137 4312 1240 4349 non
1298 4300 1544 4353 asvendit
1604 4301 1693 4370 qui
1743 4305 2046 4358 succideret

466 4402 586 4443 nos.
618 4407 635 4440 ι
672 4389 829 4444 Cedri
874 4392 1037 4458 igitur
1063 4402 1114 4446 et
1142 4394 1297 4459 pinus
1325 4397 1617 4448 secundum
1654 4395 2040 4466 Symmachum

466 4495 681 4535 rursum
744 4485 1056 4553 allegorice,
1126 4495 1387 4555 tyrannos
1441 4488 1706 4555 quosdam
1774 4493 2041 4559 superbus

2158 3396 2274 3441 νος’
2333 3398 2352 3429 ι
2410 3378 2617 3449 Πέρσαι
2661 3376 2771 3448 γάρ
2822 3378 2911 3430 καὶ
2961 3378 3155 3447 Μῆδοι,
3198 3379 3379 3439 πᾶσαν
3438 3380 3740 3451 Ἀσσυρίων

2156 3472 2358 3543 ἀρχὴν,
2398 3471 2491 3525 καὶ
2537 3471 2732 3533 αὐτοὺς
2780 3470 2904 3533 τοὺς
2948 3470 3344 3535 Βαϐυλωνίους,
3391 3470 3739 3542 ὑποχειρίους

2154 3562 2429 3624 λαϐόντες,
2459 3564 2524 3632 τῇ
2558 3562 2768 3615 ἑαυτῶν
2796 3561 3065 3626 ὑπέταξαν
3097 3562 3341 3633 δυνάμει.

2231 3672 2249 3703 ι
2290 3652 2396 3703 Καὶ
2431 3652 2573 3721 ἐρεῖς
2599 3653 2656 3704 ἐν
2690 3654 2755 3722 τῇ
2791 3652 2972 3722 ἡμέρα
3002 3652 3217 3725 ἐκείνῃο
3262 3653 3386 3717 Πῶς
3414 3654 3733 3709 αναπέπαυο

2153 3762 2243 3798 ται
2274 3747 2303 3797 6
2337 3744 2611 3807 ἀπαιτῶν,
2652 3745 2745 3797 καὶ
2786 3743 3165 3798 ἀναπέπαυται
3208 3747 3235 3797 6
3270 3746 3737 3820 ὲπισπουδαστήςς

2154 3835 2444 3907 Συνέτριιξνε
2490 3835 2692 3907 Κύριος
2736 3834 2828 3888 τὸν
2863 3834 3024 3903 ζυγὸν
3068 3834 3176 3888 τῶν
3228 3838 3586 3909 ἁμαρτωλῶν,
3644 3841 3739 3893 τὸν

2153 3927 2313 3995 ζυγὸν
2354 3929 2463 3981 τῶν
2504 3928 2802 3998 ἀρχόντων,
2852 3928 3097 3994 πατάξας
3149 3929 3300 3993 ἔθνος
3346 3930 3502 4001 θυμῷ
3552 3933 3735 4004 πληγῇ

2151 4021 2372 4089 ἁνιάτῳ.
2407 4020 2589 4072 Παίων
2617 4018 2765 4082 ἔθνος
2792 4019 3006 4089 πληγὴν
3042 4018 3238 4089 θυμοῦ,
3272 4022 3304 4091 ἢ
3335 4020 3432 4073 οὐκ
3454 4020 3733 4088 ἐφείσατο,

2150 4111 2497 4165 ἀνεπαύσατο
2537 4109 2833 4173 πεποιθώς.
2874 4111 3029 4163 Πᾶσα
3063 4112 3094 4180 ή
3134 4112 3204 4182 γῆ
3254 4111 3353 4183 βοᾷ
3394 4114 3509 4183 μετ’
3545 4114 3738 4185 εὐφρο-

2154 4204 2336 4274 σύνης.
2373 4203 2483 4256 Καὶ
2515 4202 2582 4255 τά
2629 4202 2759 4269 ξύλα
2804 4201 2897 4254 τοῦ
2929 4203 3161 4256 Λιϐάνου
3207 4203 3592 4275 εύφράνθησαν
3640 4206 3736 4258 ἐπὶ

2153 4296 2256 4358 σοὶ,
2294 4297 2387 4348 καὶ
2415 4298 2446 4367 ἡ
2481 4295 2670 4366 κέδρος
2702 4293 2796 4347 τοῦ
2831 4294 3062 4348 Λιϐάνου
3084 4313 3097 4324 ·
3140 4296 3230 4364 ἀφ’
3258 4290 3317 4347 οὗ
3366 4296 3429 4348 σὺ
3473 4296 3737 4367 κεκοίμη-

2148 4405 2258 4449 σαι,
2291 4366 2395 4441 οὐκ
2428 4386 2598 4456 ἁνέόη
2634 4389 2662 4439 6
2691 4387 2905 4439 κόπτων
2937 4389 3103 4457 ἡμᾶς.
3144 4406 3161 4438 ι
3199 4389 3394 4459 Κέδροι
3430 4394 3608 4442 τοίνυν
3638 4391 3735 4443 καὶ

2148 4479 2357 4542 πίτυες,
2401 4479 2542 4532 κατά
2570 4480 2660 4532 τὸν
2704 4478 2997 4549 Σύμμαχον
3038 4480 3198 4533 πάλιν
3243 4481 3616 4553 ἀλληγορικῶς
3645 4500 3735 4535 τυ-

462 4574 791 4642 slgnilicant.
854 4593 881 4630 a
946 4576 1239 4645 Babylonia
1291 4579 1564 4641 obsessos,
1623 4591 1677 4633 et
1739 4600 1766 4634 ιι
1822 4587 2038 4654 pmpria

2162 4573 2374 4635 οάννους
2406 4571 2557 4633 τινὰς
2587 4571 2932 4641 ἐπηρμένους
2968 4574 3344 4642 σημαίνουσιν,
3376 4575 3478 4627 ὑπὸ
3499 4574 3599 4644 τῆς
3625 4575 3732 4629 Βα-

464 4668 685 4732 regione
716 4673 959 4722 succisos
983 4710 998 4732 ,
1048 4686 1184 4738 quos
1216 4674 1281 4724 de
1318 4673 1560 4737 prazdicti
1616 4672 2036 4745 Babyloniorum

464 4760 605 4827 regis
635 4761 787 4815 ruina
819 4764 1057 4831 gaudere
1086 4774 1509 4818 consentaneum
1549 4779 1687 4819 erat.

532 4938 696 4993 Vens.
738 4939 791 4994 9.
832 4957 851 4990 ι
891 4938 1133 4993 lufernus
1158 4940 1345 4993 subter
1377 4941 1732 4996 exacerbatus
1755 4953 1836 4997 est
1852 4959 2042 4998 occur-

460 5043 587 5085 rOns
616 5031 756 5083 tibi:
795 5030 953 5083 simul
983 5030 1202 5083 excitati
1246 5041 1370 5083 sunt
1420 5033 1511 5086 tibi
1558 5047 1747 5085 omnes
1792 5035 2037 5102 gigantes

461 5124 552 5192 qui
586 5132 742 5176 terra:
769 5121 1142 5190 imperarunt,
1184 5123 1273 5191 qui
1337 5126 1649 5177 excitarunt
1704 5140 1769 5178 ex
1822 5128 2032 5179 thronis

462 5216 575 5267 suis
607 5226 795 5265 omnes
830 5227 983 5280 reges
1026 5213 1287 5281 gentium.
1330 5232 1351 5265 ι
1386 5213 1491 5268 Nos
1517 5229 1733 5283 quoque
1773 5216 1896 5283 jure
1941 5218 2036 5269 Sa-

459 5318 598 5358 tanae
627 5305 891 5367 dicemus,
920 5310 1012 5373 qui
1064 5306 1191 5358 olim
1226 5307 1445 5375 quidem
1505 5308 1571 5361 ab
1621 5307 1712 5361 illo
1761 5308 2031 5362 devastati

455 5410 685 5460 sumus;
720 5396 814 5448 sed
842 5396 1052 5449 lirmam
1082 5399 1295 5450 demum
1343 5400 1392 5452 in
1436 5398 1653 5454 Christo
1706 5402 2031 5454 sententiam

458 5488 794 5550 retinnimus,
827 5498 1174 5558 mentemque
1203 5491 1269 5543 ad
1312 5492 1570 5559 pietatem
1606 5492 1779 5547 solide
1820 5494 2031 5546 radica-

458 5590 588 5637 tam.
620 5593 824 5645 corque
847 5580 1285 5635 lloridissimum:
1325 5599 1344 5633 ι
1383 5580 1460 5635 Ex
1485 5598 1593 5651 quo
1618 5594 1673 5636 tu
1703 5583 2029 5647 dormivisti,

456 5687 561 5726 non
596 5674 840 5726 ascendit
867 5675 957 5743 qui
986 5676 1290 5729 succideret
1330 5691 1449 5730 nos.
1485 5695 1503 5727 ι

526 5762 688 5817 Vens.
712 5765 893 5821 lli-12.
928 5783 946 5815 ι
970 5768 1586 5837 Omnesrespoudebunt
1609 5776 1661 5820 et
1685 5766 1863 5821 dicent
1892 5766 1985 5820 tibi
2010 5786 2023 5822 :

454 5850 521 5909 Et
552 5865 604 5908 tu
633 5865 823 5922 captus
857 5872 915 5913 es
940 5858 1081 5912 sicut
1108 5865 1163 5910 et
1193 5870 1291 5913 nos
1330 5873 1345 5912 :
1380 5858 1435 5913 in
1478 5855 1632 5913 nobis
1659 5866 1840 5912 autem
1869 5872 2026 5924 repu-

2149 4664 2416 4725 6υλωνίας
2450 4662 2911 4731 πολιορκηθέντας
2951 4666 3043 4717 καὶ
3069 4665 3166 4734 τῆς
3196 4667 3400 4729 οἰκείας
3432 4666 3732 4719 ἀποκοπένο

2146 4774 2245 4820 τας
2269 4755 2481 4827 χώρας’
2511 4754 2601 4819 οὓς
2644 4756 2790 4819 εἰκὸς
2824 4751 2890 4826 ἦν
2928 4757 3254 4827 ἐπιχαρῆναι
3283 4760 3350 4828 τῇ
3388 4755 3592 4810 πτώσει
3630 4757 3729 4811 τοῦ

2145 4846 2207 4916 δη
2214 4844 2304 4897 λου
2313 4844 2472 4915 μένου
2481 4886 2494 4897 .

2220 4957 2237 4987 ι
2284 4938 2451 5008 ᾍδης
2480 4937 2722 4991 κάτωθεν
2752 4937 3054 5008 ἐπικράνθη
3082 4940 3421 5009 συναντήσας
3445 4957 3527 4992 σοι
3548 4956 3562 4970 ⁸
3605 4958 3729 4993 συν-

2142 5027 2452 5099 ηγέρθησάν
2507 5046 2587 5081 σοι
2644 5029 2842 5089 πάντες
2870 5030 2919 5081 οἱ
2967 5028 3220 5095 γίγαντες
3256 5031 3306 5081 οἱ
3341 5031 3599 5100 ἄρξαντες
3628 5033 3727 5103 τῆς

2142 5118 2265 5187 γῆς»
2293 5120 2339 5169 οἱ
2368 5118 2677 5187 ἐγείρίιντες
2702 5120 2765 5170 ὲκ
2794 5116 2902 5169 τῶν
2934 5117 3137 5186 θρόνων
3174 5118 3350 5172 αὐτῶν
3380 5119 3583 5183 πάντας
3628 5122 3726 5190 βα-

2146 5209 2309 5272 σιλεῖς
2345 5210 2533 5263 ἐθνῶν.
2586 5229 2603 5260 ι
2659 5209 2920 5280 Ἐροῦμεν
2958 5210 3014 5261 δὲ
3055 5212 3145 5265 καὶ
3188 5214 3346 5281 ἡμεῖς
3384 5215 3609 5276 εἰκότως
3646 5216 3725 5285 τῷ

2144 5302 2374 5370 Σατανᾷ,
2418 5302 2467 5353 οἱ
2503 5299 2670 5353 πάλαι
2721 5301 2817 5369 μὲν
2858 5301 2984 5371 παρ’
3018 5301 3228 5355 ἐκείνου
3277 5304 3720 5375 πεπορθημένοι·

2136 5394 2345 5464 ἑδραῖον
2375 5392 2430 5445 δὲ
2460 5392 2646 5444 λοιπὸν
2679 5392 2971 5461 ἐσχηκότες
3013 5394 3069 5445 ὲν
3097 5394 3316 5464 Χριστῷ
3344 5397 3405 5447 τὸ
3442 5398 3722 5468 φρόνημα,

2142 5486 2236 5539 καὶ
2282 5484 2404 5537 νοῦν
2460 5487 2539 5548 είς
2587 5485 2870 5538 εύσέὅειαν
2914 5484 3131 5555 ἀσφαλῆ
3186 5487 3277 5539 καὶ
3332 5478 3719 5559 ὲρριζωμένον,

2141 5579 2235 5630 καὶ
2277 5577 2502 5648 καρδίαν
2536 5576 2934 5649 εύθαλεστάτην
2955 5596 2966 5608 ο
3006 5597 3021 5629 t
3048 5578 3162 5648 Ἀφ’
3187 5574 3247 5632 οὒ
3280 5581 3341 5632 σὺ
3367 5580 3719 5652 κεκοίμησαι,

2140 5672 2238 5723 οὐκ
2267 5669 2432 5739 άνέὄη
2465 5673 2493 5723 ὁ
2533 5671 2746 5723 κόπτων
2784 5673 2953 5741 ἡμᾶς.
2991 5691 3008 5722 ι

2216 5784 2233 5815 ι
2276 5765 2479 5827 Πάντες
2514 5764 2973 5835 ἀποκριθήσονται
3012 5766 3106 5818 καὶ
3137 5764 3321 5836 ὲροῧσί
3363 5782 3461 5817 σοι·
3497 5765 3605 5818 Καὶ
3652 5766 3719 5819 τὺ

2139 5857 2329 5922 ἑάλως,
2362 5855 2547 5923 ὥσπερ
2575 5859 2665 5912 καὶ
2714 5858 2891 5924 ἡμεῖς·
2936 5861 2991 5911 εν
3035 5858 3162 5923 ἡμῖν
3207 5858 3263 5912 δὲ
3307 5856 3712 5923 κατελογέσθὴς.
