3984 6522
257 436 370 489 1913

1227 429 1726 487 COMMENTAMA
1766 429 1831 485 IN
1870 426 2131 487 ISAIAM.
2170 460 2242 473 -—
2277 427 2432 484 CAP.
2475 426 2616 482 XIV.

3438 418 3537 473 194

255 557 484 627 Κατέϐη
517 556 598 613 εις
622 554 800 627 ᾆδουή
832 552 959 619 δόξα
993 570 1107 619 σου,
1135 556 1167 625 ή
1193 556 1363 627 πολλὴ
1388 555 1693 627 εὐφροσύνη
1730 572 1847 608 σου.

1978 564 2101 608 atus
2150 569 2231 607 es.
2263 551 2549 606 Descendit
2591 550 2643 604 in
2677 548 2946 603 lufertmm
2984 544 3152 618 gloria
3205 550 3316 607 tua,
3369 542 3535 596 multa

262 652 567 708 ’Υποκάτω
613 668 705 704 σου
750 648 1054 721 στρώσουσι
1112 649 1295 719 σῆψιν,
1342 652 1436 703 καὶ
1496 650 1556 703 τὸ
1605 651 1850 705 κατακάο

253 745 456 815 λυμμά
496 760 590 796 σου
628 741 867 813 σκώληξ.
923 741 1049 803 Πῶς
1098 740 1356 804 ἐξέπεσεν
1401 743 1465 794 ἐκ
1498 741 1590 794 τοῦ
1622 741 1852 813 οὐρανοῦ

250 839 280 889 6
330 834 649 904 Ἑωσφόρος
677 835 706 886 ό
741 832 885 904 πρωῒ
919 831 1255 887 ἀνατέλλων;
1277 832 1564 903 συνετρίϐη
1585 833 1719 903 πρὸς
1754 834 1853 904 τὴν

249 929 363 999 γῆν
393 930 423 981 6
455 926 805 981 ἀποστέλλων
853 925 989 996 πρὸς
1048 924 1227 978 πάντα
1274 926 1342 978 τά
1383 926 1543 995 ἕθνη;
1585 945 1602 976 ι
1644 927 1707 978 Οἱ
1755 926 1852 996 μὲν

251 1019 350 1072 ἐπὶ
373 1019 480 1088 γῆς
505 1018 677 1081 ὄντες,
718 1016 870 1088 φησι,
895 1015 961 1068 τὰ
986 1016 1241 1086 ἀνωτέρω
1262 1016 1526 1086 εἰρημένα
1564 1016 1848 1086 φήσουσιν·

251 1115 303 1166 οἱ
324 1112 387 1165 δὲ
416 1112 512 1164 τὸν
548 1108 886 1179 ἀνθρώπινον
920 1109 1326 1174 ἀπαλλάξαντες
1369 1108 1501 1178 βίον,
1534 1109 1623 1162 καὶ
1666 1108 1853 1180 ὥσπερ

253 1205 317 1257 ἐν
340 1205 399 1257 δε
412 1208 573 1274 σμοῖς
600 1207 715 1267 τοῖς
740 1204 833 1256 τοῦ
868 1204 993 1275 ᾅδου
1034 1202 1250 1273 χωρίοις
1282 1202 1721 1271 ἀπολειιρθέντες,
1762 1202 1855 1256 καὶ

254 1298 419 1350 αὐτοὶ
462 1298 530 1366 τῇ
573 1294 818 1366 ἀπωλείᾳ
874 1294 1036 1348 αὑτοῦ
1093 1294 1306 1359 λέξουσι
1348 1294 1418 1349 τὰ
1461 1295 1851 1366 ἐπιφερόμενα.

252 1389 483 1451 Φθάσας
515 1389 570 1441 δὲ
595 1389 720 1451 τοὺς
748 1390 866 1440 ἐκεῖ
890 1390 1098 1452 πάντας
1129 1391 1157 1441 6
1194 1388 1347 1460 ᾅδης,
1386 1389 1479 1441 καὶ
1512 1389 1542 1458 ή
1572 1388 1856 1456 ἐφεστῶσαι

254 1483 382 1543 ταῖς
433 1481 544 1534 τῶν
588 1480 928 1550 τεθνηκότων
968 1481 1164 1551 ψυχαῖς
1218 1480 1467 1551 δύναμις,
1524 1479 1715 1550 ὥσπερ
1771 1497 1855 1542 τις

254 1570 642 1641 δεσμωτηρίου
690 1571 1033 1641 τυγχάνουσα
1073 1571 1327 1643 φρουρὸς,
1379 1570 1623 1623 κάτωθεν
1657 1573 1719 1623 ἐκ
1748 1570 1855 1623 τῶν

258 1662 560 1715 σκοτεινῶν
596 1660 783 1732 μυχῶν
807 1661 942 1732 μετὰ
975 1660 1146 1729 θυμοῦ
1167 1662 1259 1714 καὶ
1296 1662 1464 1731 όργῆς
1488 1663 1857 1732 ἐπαναστήσε-

253 1751 347 1803 ταί
378 1767 486 1802 σοι.
515 1748 716 1803 Τούτου
740 1750 797 1803 δέ
819 1750 1007 1822 ὥσπερ
1028 1750 1289 1822 ἄρχοντος
1313 1751 1419 1804 τῶν
1452 1753 1567 1805 ἐκεῖ
1591 1752 1853 1824 κρατοῦν·-

255 1859 348 1905 eo;
376 1840 477 1894 τοῦ
506 1840 706 1894 οἰκείου
753 1841 1125 1914 διεγερθέντος
1168 1841 1381 1913 θρόνου.
1440 1842 1531 1895 καὶ
1583 1844 1631 1895 οἱ
1679 1842 1856 1896 λοιποὶ

1957 644 2140 698 laetitia
2176 654 2286 699 tua.
2318 643 2518 697 Subter
2557 650 2608 695 te
2638 648 2880 695 sternent
2906 637 3130 699 tineam.
3154 644 3208 691 et
3233 634 3539 704 operimen-

1960 745 2070 790 tum
2109 745 2257 788 tuum
2291 734 2517 789 vermis.
2550 730 2830 797 Quomodo
2859 728 3056 784 cecidit
3108 728 3172 781 de
3201 726 3340 780 caelo
3370 722 3538 777 Luci—

1956 828 2058 895 fer,
2093 829 2181 897 qui
2217 842 2374 881 mane
2411 823 2735 879 oriebatur?
2768 822 3038 877 contritus
3086 833 3169 874 est
3218 820 3284 871 ad
3333 826 3537 871 terram

1956 922 2047 991 qui
2082 920 2331 975 mittebat
2355 919 2421 972 ad
2451 931 2641 972 omnes
2671 913 2898 983 gentes?
2942 932 2959 964 ι
2998 912 3096 979 Qui
3131 912 3183 965 in
3213 921 3353 965 terra
3386 917 3531 972 sunt,

1958 1012 2153 1081 inquit,
2192 1028 2278 1075 ea,
2309 1025 2428 1078 qua:
2456 1007 2706 1075 superius
2736 1007 2876 1059 dicta
2905 1012 3031 1058 sunt
3055 1043 3069 1066 ,
3100 1001 3411 1071 proferent;
3440 997 3531 1068 qui

1958 1115 2135 1158 autem
2164 1104 2401 1158 humana
2432 1102 2540 1155 vita
2569 1098 2765 1161 functi,
2802 1107 2857 1150 et
2890 1098 2941 1148 in
2977 1097 3109 1149 locis
3150 1092 3345 1147 inferni
3380 1085 3536 1159 quasi

1960 1195 2010 1248 in
2041 1192 2267 1247 vinculis
2298 1192 2633 1253 detinentur,
2668 1187 2767 1257 ipsi
2822 1200 3036 1255 quoque
3068 1199 3230 1253 super
3257 1182 3370 1250 ejus
3422 1181 3540 1236 cxi-

1961 1286 2034 1339 tio
2067 1299 2130 1337 ea
2161 1299 2280 1353 quin
2306 1280 2655 1350 superaddita
2684 1288 2813 1331 sunt
2853 1275 3299 1346 pronuntiabunt.
3338 1270 3541 1352 anes

1961 1392 2121 1446 porro
2155 1373 2264 1428 illic
2302 1380 2582 1427 versantes
2616 1378 2950 1438 prtevertens
2988 1363 3269 1425 iufcruus,
3323 1344 3535 1416 necnon

1961 1467 2133 1519 virtus
2183 1465 2267 1517 illa
2317 1476 2437 1531 qum
2478 1469 2811 1513 mortuorum
2860 1455 3145 1509 animabus
3175 1462 3401 1523 prmcst;
3439 1466 3538 1505 ceu

1959 1558 2206 1627 quadam
2234 1550 2473 1609 careeris
2507 1559 2693 1604 custos
2724 1564 2787 1600 ex
2833 1545 2955 1599 imis
2994 1543 3402 1611 teuebrosisque
3449 1556 3546 1611 pe-

1962 1647 2261 1702 netralibus
2307 1659 2430 1697 cum
2490 1639 2673 1693 furore
2722 1649 2775 1689 et
2819 1636 2900 1690 ira
2948 1636 3192 1705 insurget
3234 1643 3425 1689 contra
3466 1643 3541 1688 te.

1962 1741 2073 1795 Hoc
2107 1750 2286 1793 autem
2325 1736 2569 1807 principe
2599 1733 2720 1786 istic
2749 1732 3071 1802 imperante,
3106 1746 3171 1783 ex
3216 1728 3415 1783 throno
3444 1743 3544 1782 suo

1959 1833 2247 1893 excitato,
2300 1828 2496 1897 reliqui
2524 1841 2711 1880 omnes
2750 1827 3026 1895 gigantes,
3083 1825 3198 1878 sive
3245 1822 3542 1878 secundum

258 1934 471 1998 πάντες
510 1933 782 2003 γίγαντες,
827 1936 875 1986 οἱ
920 1934 1062 1987 κατά
1103 1936 1228 1998 τοὺς
1276 1934 1612 2006 ἐρμηνευτὰς
1667 1954 1684 1986 ι
1730 1935 1860 1989 "Pa-

1968 1924 2204 1991 reliquos
2240 1922 2568 1988 interpretes
2598 1936 2615 1967 ι
2645 1916 2933 1985 Raphaim,
2968 1934 2986 1965 ι
3021 1929 3125 1967 una
3160 1920 3542 1967 surrexerunt.

258 2027 434 2097 φαῒμ,
480 2046 499 2077 ι
543 2026 967 2096 συνανέστησαν.
1013 2026 1169 2090 Τίνες
1206 2027 1262 2078 δὲ
1305 2019 1471 2089 οὗτοι,
1513 2026 1857 2099 διερμηνεύει

254 2120 444 2188 λέγων
469 2134 482 2149 ο
522 2120 583 2172 Ol
619 2120 876 2190 ἄρχοντες
915 2120 1015 2188 τῆς
1052 2119 1174 2189 γῆς,
1212 2121 1257 2171 οἱ
1305 2117 1616 2188 ἐγείραντες
1649 2122 1712 2171 ὲκ
1752 2119 1859 2171 τῶν

259 2213 477 2285 θρόνων
506 2211 685 2265 αὐτῶν
720 2213 928 2276 πάντας
966 2211 1197 2282 βασιλεῖς
1245 2212 1434 2273 ἐθνῶν,
1487 2211 1581 2264 καὶ
1623 2212 1691 2264 τὰ
1720 2212 1859 2265 αὐτά

258 2307 335 2376 τῷ
398 2307 864 2376 κατηγορουμένῳ
911 2304 1122 2375 βασιλεῖ
1174 2304 1491 2370 Βαϐυλῶνος
1532 2307 1856 2375 πράξαντες.

258 2400 321 2453 0‘!
352 2400 455 2452 καὶ
484 2398 697 2468 γυμνὴν
735 2398 827 2452 καὶ
857 2397 1059 2469 ἔρημον
1088 2398 1181 2451 τοῦ
1212 2398 1461 2469 σώματος
1482 2400 1579 2472 τὴν
1604 2400 1696 2454 τοῦ
1730 2420 1859 2455 ποτε

260 2486 690 2557 βασιλεύσαντος
742 2487 1058 2552 Βαϐυλῶνος
1108 2490 1282 2560 ψυχὴν
1306 2491 1540 2563 ὁρῶντες
1602 2495 1861 2563 φήσουσιν

260 2583 409 2652 αὐτῇ
431 2598 446 2610 ·
483 2580 596 2633 Καὶ
630 2580 723 2633 σοῦ
748 2581 1013 2652 κρείττων
1057 2583 1247 2651 γέγονε
1280 2583 1530 2648 θάνατος,
1563 2585 1638 2649 ώς
1672 2587 1765 2640 καὶ
1802 2588 1861 2640 σὲ

260 2678 455 2746 ὅμοιον
484 2677 616 2746 ἡμῖν
646 2674 976 2743 ἀπελέγξαι;
1028 2676 1197 2729 Οὐδὲν
1246 2678 1355 2747 ἄρα
1392 2673 1457 2749 ἦν
1497 2679 1525 2730 6
1572 2679 1713 2749 ὑπὲρ
1758 2680 1862 2749 γῆν

264 2767 406 2835 βίος,
439 2768 537 2820 καὶ
566 2768 594 2820 6
629 2766 858 2831 πλοῦτος
892 2767 986 2820 καὶ
1029 2770 1060 2839 ἡ
1096 2768 1243 2835 δόξα,
1280 2770 1373 2822 καὶ
1416 2773 1447 2841 ἠ
1491 2771 1729 2841 τοσαύτη
1775 2772 1864 2824 δυ-

261 2860 532 2913 ναστεία·
579 2858 715 2913 ἀλλὰ
757 2858 864 2911 τῶν
906 2860 1125 2913 πάντων
1168 2860 1392 2915 ἐκείνων
1438 2861 1611 2931 πέρας
1647 2862 1719 2931 γῆ
1769 2862 1863 2915 καὶ

264 2952 468 3014 σποδὸς
521 2952 841 3018 διαδέξεται,
888 2949 1105 3023 σκώληξ
1149 2968 1207 3003 τε
1264 2952 1360 3004 καὶ
1411 2952 1629 3023 σαρκῶν
1677 2953 1858 3024 σῆψις.

275 3043 477 3116 ’ἱῐμεῖς
507 3045 565 3098 δέ
606 3062 664 3097 σε
699 3046 760 3098 οὐ
789 3044 979 3116 θνητὸν
1018 3043 1338 3115 ἐνομίζομεν
1358 3061 1371 3074 ·
1426 3044 1777 3116 ἀπατώμενοι
1806 3047 1862 3100 δὲ

261 3144 331 3209 τῇ
368 3140 502 3211 περὶ
533 3139 593 3192 σὲ
618 3139 766 3211 δόξῃ,
797 3137 873 3209 τῷ
902 3140 1022 3192 κατ’
1052 3139 1280 3210 οὐρανὸν
1326 3138 1694 3211 λαμπροτάτῳ
1746 3158 1861 3210 φω-

268 3235 456 3303 στῆρι,
485 3231 683 3309 τῷ-τὸν
713 3232 861 3302 ἥλιον
882 3231 1346 3305 προσκαλουμένῳ
1381 3232 1675 3305 Ἑωσφόρῳ
1702 3234 1861 3285 ἀπειη

267 3321 532 3393 κάζομεν.
597 3322 668 3376 Σὺ
721 3323 775 3375 δὲ
833 3322 925 3374 ἐπὶ
983 3322 1165 3386 σαυτῷ
1229 3322 1323 3375 καὶ
1380 3321 1601 3391 μείζονα
1655 3323 1861 3378 τούτων

266 3416 526 3488 ἐφρόνεις
568 3415 833 3487 γαυριῶν,
880 3417 974 3471 καὶ
1020 3416 1185 3487 μανία
1216 3416 1426 3488 φρενῶν
1465 3416 1863 3487 ἀλαζονευόμε-

266 3528 381 3571 νος,
418 3509 497 3572 ώς
543 3508 737 3562 σαυτὸν
792 3506 869 3579 τῷ
912 3508 1119 3579 ὑψίστῳ
1165 3508 1283 3579 Θεῷ
1331 3508 1718 3579 παραϐάλλειν,
1769 3510 1864 3562 καὶ

267 3603 415 3674 ὑπὲρ
444 3602 545 3665 τάς
576 3602 834 3673 οὐρανίας
870 3602 1064 3672 ἁψίδας
1096 3603 1185 3655 τὸν
1219 3602 1415 3655 σαυτοῦ
1456 3601 1643 3673 θρόνον
1679 3602 1867 3673 θήσειν

270 3692 668 3763 φαντάζεσθαι.
702 3694 886 3748 Ταῦτα
915 3695 1010 3765 μὲν
1037 3689 1130 3747 οὖν
1162 3696 1289 3765 περὶ
1316 3692 1407 3747 σοῦ
1442 3696 1625 3764 ἡμεῖς,
1652 3693 1865 3765 θνητοῖς

222 3843 226 3846 ,
268 3787 559 3857 λογισμοῖς
585 3785 955 3857 ἀπατώμενοι,
985 3786 1372 3855 διενοούμεθα·
1410 3786 1633 3839 τοιαῦτα
1675 3786 1733 3839 δὲ
1774 3788 1868 3840 καὶ

272 3877 341 3929 σὺ
365 3875 463 3928 ἐπὶ
499 3876 680 3946 σαυτῷ
710 3876 919 3947 φρενῶν
946 3876 1201 3931 ἐκστάσει
1235 3877 1503 3950 ἐφρόνεις.
1551 3873 1657 3930 τΗν
1686 3878 1730 3931 δ’
1760 3879 1869 3950 ἄρα

273 3969 368 4020 καὶ
400 3966 498 4021 τοῦ
544 3970 673 4038 περὶ
707 3969 767 4021 σὲ
809 3968 994 4031 τέλους
1040 3969 1258 4039 ἔλεγχος
1290 3970 1318 4022 ὁ
1350 3970 1538 4041 χρόνος
1568 3970 1690 4024 καθ’
1718 3970 1746 4023 ὅ
1774 3971 1867 4025 ἐά-

271 4060 413 4125 λως·
458 4062 582 4113 οὐδὲ
628 4063 740 4123 τοῖς
781 4063 987 4124 λοιποῖς
1027 4060 1336 4130 ἀνθρώποις
1380 4062 1571 4133 ὁμοίαν
1618 4064 1869 4134 ἐσχηκὼς

273 4154 555 4225 τελευτήν.
587 4154 649 4207 Οἱ
684 4153 784 4224 μὲν
809 4154 918 4226 γὰρ
946 4155 1029 4223 ἐφ’
1064 4155 1313 4225 ἡσυχίας,
1344 4156 1526 4227 ἠρέμα
1548 4158 1643 4209 καὶ
1677 4156 1869 4227 πράως

275 4248 373 4301 ἐπὶ
399 4249 502 4318 τῆς
535 4246 744 4301 ἑαυτῶν
784 4247 985 4311 ἑστίας,
1025 4247 1086 4300 τὸ
1132 4248 1291 4319 χρέος
1335 4248 1633 4302 ἀπέδοσαν·
1672 4248 1736 4301 σὺ
1787 4247 1867 4311 δὲ,

275 4342 344 4410 τῇ
386 4339 495 4391 τῶν
573 4338 847 4408 πολεμίων
892 4340 1133 4413 μαχαίρᾳ
1184 4341 1282 4411 τὴν
1337 4341 1479 4409 ζωὴν
1523 4340 1866 4411 ἀφαιρεθεὶς,

276 4433 478 4502 νεκρὸς
528 4430 734 4498 ἄταφος
795 4432 1019 4504 ριφήσῃ,
1084 4431 1247 4503 θηρσὶ
1318 4431 1451 4503 βορά
1504 4434 1598 4487 καὶ
1660 4434 1870 4498 οίωνοῖς

279 4522 623 4591 ἐγκείμενος.
674 4521 821 4583 Ἕως
858 4522 956 4591 μὲν
989 4517 1080 4574 οὖν
1117 4524 1458 4592 συνειστήκει
1505 4524 1538 4594 ἡ
1591 4523 1867 4585 Βαϐυλὼν,

1964 2017 2195 2083 Quinam
2235 2029 2365 2068 vero
2392 2012 2453 2066 hi
2506 2019 2688 2066 essent
2735 2009 2966 2079 explicat
3012 2009 3199 2062 dicens
3224 2045 3240 2068 ,
3271 2005 3546 2076 principes

1963 2116 2145 2170 ιρι-ηε,
2179 2105 2269 2175 qui
2302 2120 2364 2157 ex
2402 2102 2614 2157 thronis
2656 2104 2769 2156 suis
2813 2099 3123 2155 excitarunt
3158 2111 3350 2151 omnes
3389 2110 3546 2164 reges

1961 2200 2200 2271 gentium
2241 2218 2251 2252 :
2287 2198 2377 2264 qui
2416 2195 2567 2261 paria
2598 2207 2661 2247 ac
2700 2192 2788 2246 ille
2819 2207 2941 2245 reus
2982 2190 3271 2261 Babylonis
3298 2203 3391 2241 rex
3420 2202 3545 2256 per-

1961 2299 2266 2360 pctrarunl.
2303 2290 2365 2343 Hi
2395 2306 2525 2345 vero
2554 2290 2752 2344 nudam
2781 2297 2837 2341 et
2872 2298 3111 2353 corpore
3161 2280 3353 2335 orbam
3398 2279 3545 2331 illius

1962 2389 2088 2444 olim
2128 2386 2438 2456 Babylonici
2477 2385 2619 2456 regis
2650 2383 2889 2437 animam
2941 2388 3257 2439 cernentes,
3310 2375 3389 2428 sic
3425 2387 3542 2427 eam

1962 2478 2363 2549 compellabunt
2396 2494 2408 2529 :
2445 2477 2692 2531 Etiamne
2719 2482 2771 2528 te
2807 2473 3005 2528 fortior
3040 2484 3187 2523 mors
3216 2467 3335 2531 fuit,
3386 2466 3456 2519 ita
3489 2475 3546 2516 ut

1966 2582 2015 2626 te
2048 2571 2278 2625 similem
2332 2570 2490 2624 nobis
2538 2584 2659 2623 esse
2710 2562 3203 2622 eviureretYNihil
3253 2576 3381 2625 ergo
3427 2569 3545 2613 erat

1966 2672 2180 2717 terrena
2227 2661 2315 2715 illa
2349 2661 2481 2723 vita.
2512 2659 2714 2714 divitia:
2739 2700 2755 2725 ,
2796 2656 2965 2728 gloria
2993 2665 3049 2709 et
3087 2663 3234 2707 tanta
3267 2652 3503 2720 potentia
3530 2666 3543 2701 :

1965 2756 2055 2810 sed
2083 2755 2337 2808 omnibus
2364 2754 2447 2807 his
2483 2753 2605 2807 linis
2634 2754 2737 2806 erit
2778 2762 2920 2806 terra
2952 2759 3005 2802 et
3036 2747 3232 2818 pulvis,
3264 2742 3466 2797 vermis
3494 2751 3547 2795 et

1963 2846 2147 2900 carnis
2176 2845 2424 2915 putredo.
2464 2843 2573 2897 Nos
2600 2858 2729 2897 vero
2755 2850 2809 2895 te
2843 2839 3122 2893 mortalem
3155 2838 3378 2891 minime
3422 2848 3545 2889 esse

1964 2935 2288 3008 ptttabamus
2323 2953 2336 2989 :
2376 2951 2437 2989 ac
2476 2934 2648 3004 gloria
2703 2944 2755 2985 te
2786 2930 3158 2985 circumdante
3210 2927 3465 2997 decepti,
3493 2933 3549 2979 te

1968 3029 2414 3101 splendidissimo
2446 3026 2653 3081 caelesti
2709 3023 2999 3086 luminari,
3055 3021 3331 3089 solemque
3376 3017 3549 3072 adim-

1964 3122 2106 3176 cauti
2137 3120 2387 3175 Lucifero
2410 3119 2878 3186 comparabamus.
2916 3114 2994 3168 Tu
3030 3127 3160 3166 vero
3192 3123 3242 3167 te
3274 3111 3432 3165 etiam
3466 3109 3549 3163 his

1967 3213 2225 3281 majorem
2280 3211 2657 3276 arbitrabaris,
2682 3208 2970 3263 lasciviens
2998 3223 3063 3261 ac
3103 3204 3300 3260 mentis
3337 3204 3545 3258 insania

1970 3309 2043 3361 ita
2073 3306 2419 3375 superbiens,
2449 3313 2504 3357 ut
2542 3313 2592 3358 te
2623 3302 2890 3355 altissimo
2931 3298 3042 3353 Deo
3077 3298 3373 3356 conferres.
3411 3304 3549 3349 acte

1972 3400 2224 3455 thronum
2259 3407 2412 3452 tuum
2447 3410 2609 3465 supra
2667 3393 2914 3449 cmlestes
2963 3391 3199 3445 fornices
3242 3388 3546 3448 positurum

1967 3507 2087 3547 esse
2120 3491 2424 3561 jzictitares.
2457 3488 2581 3543 lla'c
2611 3488 2775 3558 igitur
2809 3500 2905 3539 nos
2951 3482 3273 3537 mortalibus
3325 3478 3550 3533 ratioci-

1971 3585 2078 3639 niis
2104 3582 2335 3652 decepti,
2386 3582 2451 3636 de
2482 3592 2533 3635 te
2560 3579 2923 3649 cegitavimus
2957 3592 2970 3629 :
3008 3574 3132 3627 talia
3172 3583 3227 3626 et
3257 3581 3310 3625 tu
3369 3582 3553 3624 mente

1970 3686 2164 3746 captus
2198 3676 2265 3729 de
2295 3686 2347 3729 te
2377 3674 2495 3741 ipso
2523 3674 2819 3728 sentiebas.
2860 3670 2930 3724 At
2976 3667 3060 3722 vel
3108 3665 3282 3719 solum
3339 3672 3553 3729 tempus

1970 3783 2077 3838 quo
2100 3778 2291 3836 captus
2318 3775 2371 3820 et
2399 3766 2573 3820 victus
2600 3780 2658 3819 es
2682 3807 2697 3831 ,
2748 3760 3093 3816 manifestum
3137 3766 3255 3812 erat
3304 3755 3426 3810 linis
3475 3754 3552 3808 tui

1971 3873 2351 3934 argumentum
2391 3878 2404 3915 :
2443 3876 2618 3931 neque
2647 3859 2879 3914 similem
2915 3857 3036 3911 aliis
3064 3853 3375 3909 hominibus
3410 3866 3556 3905 mor-

1974 3967 2079 4011 tem
2114 3970 2174 4010 es
2220 3960 2561 4009 consecutus.
2614 3951 2689 4005 llli
2731 3951 2929 4020 quippe
2968 3948 3171 4003 sensim
3196 3986 3211 4012 ,
3280 3945 3465 4012 quiete
3499 3950 3555 3997 et

1972 4047 2113 4102 domi
2144 4048 2387 4101 debitum
2421 4046 2748 4109 solverunt;
2785 4054 2839 4096 tu
2869 4058 2996 4095 vero
3046 4041 3392 4094 inimicorum
3440 4035 3555 4106 gla-

1971 4144 2062 4200 dio
2094 4146 2201 4197 vita
2234 4117 2498 4215 pr'i'vatus,
2538 4140 2840 4207 insepultus
2867 4134 3208 4208 projiciel'is,
3238 4143 3295 4188 et
3342 4132 3453 4186 eris
3496 4130 3551 4184 iu

1972 4253 2156 4293 escam
2193 4236 2389 4292 bestiis
2417 4242 2473 4288 et
2507 4232 2841 4288 volucribus.
2873 4228 3123 4295 Quaudiu
3174 4226 3339 4297 igitur
3377 4224 3555 4295 Baby-

1972 4330 2061 4385 lon
2090 4337 2368 4398 superstes
2405 4327 2525 4388 fuit,
2575 4341 2641 4380 ac
2689 4323 2962 4393 principes
3013 4337 3136 4389 ejus
3187 4334 3407 4390 regnum
3443 4332 3558 4371 ma-

1971 4440 2243 4499 gnamque
2267 4421 2531 4478 ditionem
2565 4429 2620 4474 et
2647 4419 2946 4488 potentiam
2972 4414 3325 4478 obtinebant;
3360 4412 3555 4476 virtus,

1972 4532 2095 4587 quae
2121 4516 2251 4587 ipsis
2273 4511 2531 4584 praefecta
2555 4518 2697 4573 erat,
2729 4524 2923 4577 magna
2954 4507 3183 4562 fortasse
3208 4503 3554 4575 perﬁciebat:

282 4611 558 4683 βασίλειόν
588 4628 647 4664 τε
682 4608 751 4682 ἦν
791 4590 885 4665 καλ.
911 4612 1200 4666 δυναστεία
1250 4590 1458 4684 μεγάλη
1493 4590 1601 4667 τῶν
1644 4615 1863 4669 αὐτόθεν

1975 4610 2064 4664 ubi
2096 4618 2277 4663 autem
2305 4608 2484 4678 gentis
2517 4605 2660 4659 illius
2688 4619 2911 4675 regnum
2965 4602 3202 4656 deletum
3249 4610 3353 4663 est,
3406 4590 3557 4667 priu-

280 4707 663 4779 κρατούντων·
701 4705 843 4774 τάχα
882 4722 985 4758 που
1030 4707 1123 4758 καὶ
1157 4706 1189 4776 ἡ
1239 4706 1603 4761 ἐπιστατοῦσα
1645 4707 1871 4777 δύναμις

279 4802 471 4862 αὐτοῖς
501 4799 570 4851 τὰ
603 4797 816 4869 μεγάλα
850 4798 1216 4871 συνέπραττεν
1238 4816 1251 4831 ’
1301 4800 1422 4859 ἐπεὶ
1453 4800 1509 4854 δὲ
1543 4800 1808 4870 ἠφάνιστο
1836 4803 1868 4874 ή

284 4892 536 4963 βασιλεία
567 4890 663 4943 τοῦ
697 4890 903 4955 ἔθνους,
948 4892 1043 4945 καὶ
1068 4894 1095 4945 6
1135 4890 1377 4961 ἐφεστὼς
1435 4892 1618 4956 αὐτοῖς
1667 4892 1871 4965 ἄρχων,

281 4982 529 5054 ὡσπερεὶ
562 4982 857 5055 πληρώσας
882 4982 1009 5045 τοὺς
1031 4984 1225 5037 ἑαυτοῦ
1259 4983 1503 5056 χρόνους,
1530 4985 1611 5050 εὶς
1643 4984 1736 5038 τὸν
1764 4983 1873 5037 τῶν

288 5078 498 5148 ὁμοίων
557 5075 709 5146 αυτῷ
746 5076 919 5148 χῶρον
942 5076 1425 5151 παρελαμϐάπτο,
1457 5080 1514 5131 ἐν
1536 5070 1581 5145 ᾧ
1609 5079 1874 5149 συνήντη-

285 5186 387 5224 σαν
408 5168 560 5239 αὺτῷ
580 5168 781 5232 πάντες
800 5169 849 5221 oi
884 5168 1125 5241 Ῥαιραῒμ
1155 5170 1496 5242 καλούμενοι,
1534 5170 1566 5240 ἢ
1601 5171 1651 5223 οἱ
1684 5171 1875 5239 γίγαν-

285 5278 410 5325 τες·
447 5254 595 5315 οὗτοι
620 5260 676 5313 δὲ
712 5260 806 5314 καὶ
839 5260 991 5313 αὐτοὶ
1027 5260 1285 5332 δυνάμεις
1332 5262 1435 5315 εἰσί
1476 5279 1639 5327 τινες,
1683 5262 1761 5325 α’ί,
1800 5262 1876 5325 ὡς

286 5356 455 5418 εἰκὸς,
484 5350 628 5426 ἦσαν
660 5354 861 5424 ἑτέρων
899 5352 1069 5407 ἐθνῶν
1104 5354 1244 5408 κατά
1288 5355 1512 5426 χρόνους
1559 5355 1659 5409 οὐκ
1702 5354 1877 5426 ὀρθῶς

289 5447 657 5518 ἡγησάμεναι.
682 5448 828 5517 Μήτ.
851 5443 945 5500 οὖν
976 5448 1139 5511 αὐτὸς
1187 5440 1342 5511 οὗτος
1372 5449 1399 5501 6
1423 5447 1524 5517 τῆς
1560 5446 1877 5510 Βαϐυλῶνος

289 5535 473 5607 ἄρχων
504 5535 635 5588 ποτὲ
661 5536 921 5603 γεγονὼς,
947 5536 1045 5607 τὴν
1070 5536 1263 5590 ἑαυτοῦ
1295 5540 1397 5608 γῆν
1417 5536 1708 5610 διέφθειρε,
1745 5536 1878 5600 Θεὸς

293 5628 418 5700 παρ’
448 5628 634 5689 αὐτοῖς
647 5626 1021 5698 νομιζόμενος,
1066 5628 1207 5682 οὕτω
1226 5628 1282 5682 δὲ
1303 5629 1397 5682 καὶ
1423 5630 1511 5682 τὸν
1527 5628 1721 5683 ἑαυτοῦ
1750 5628 1878 5683 λαὸν

291 5720 604 5781 ἀπέκτεινε,
638 5720 733 5775 καὶ
763 5720 888 5783 τοὺς
919 5719 1112 5774 ἐαυτοῦ
1158 5722 1309 5785 υἱοὺς
1351 5725 1532 5793 σφαγῇ
1568 5721 1879 5794 παραδέδω-

292 5826 407 5872 κεν,
444 5811 526 5873 είς
546 5808 827 5862 ἀπώλειαν
860 5812 970 5875 τοῖς
1007 5808 1094 5866 Jn‘
1124 5811 1290 5865 αὑτοῦ
1319 5812 1666 5887 ἀρχομένοις,
1696 5812 1786 5866 διὰ
1817 5814 1878 5867 τὸ

293 5900 614 5974 νομισθῆναι
660 5901 790 5975 παρ’
834 5903 1019 5970 αὐτοῖς
1061 5903 1194 5967 Θεὸς
1235 5898 1373 5959 εἶναι
1403 5903 1672 5973 γεγονώς;
1722 5905 1784 5958 El
1832 5905 1877 5959 δ’

1975 4717 2103 4773 ceps
2128 4716 2344 4772 quoque
2370 4701 2501 4769 ipsis
2528 4699 2819 4770 praefectus
2840 4737 2856 4759 .
2883 4706 3070 4765 utpote
3096 4693 3208 4762 jam
3241 4708 3338 4749 suo
3373 4690 3557 4759 elapso

1978 4806 2218 4865 tempore
2245 4834 2261 4859 ,
2294 4795 2346 4848 iu
2375 4795 2474 4850 sibi
2512 4792 2770 4848 similium
2809 4792 2985 4845 locum
3031 4798 3281 4857 receptus
3316 4796 3430 4850 est,
3466 4783 3558 4836 ubi

1976 4896 2333 4941 occurrerunt
2382 4887 2480 4956 ipsi
2529 4901 2719 4941 omnes
2788 4883 2881 4955 qui
2938 4891 3204 4936 vocantur
3261 4874 3554 4946 Raphaim,

1977 4979 2093 5033 sive
2161 4980 2453 5049 gigantes:
2492 4979 2545 5033 bi
2597 4979 2762 5033 etiam
2813 4976 3048 5029 virtutes
3115 4972 3363 5040 quaedam
3430 4974 3556 5021 sunt

1977 5087 2133 5142 qum.
2164 5080 2222 5126 ut
2246 5072 2470 5127 credere
2502 5080 2624 5137 est,
2657 5071 2778 5125 aliis
2802 5069 3085 5141 gentibus,
3116 5076 3266 5121 certo
3297 5060 3558 5128 temporis

1978 5162 2159 5229 spatio
2190 5176 2298 5216 non
2330 5171 2475 5216 recte
2518 5160 2871 5231 praefuerant.
2905 5158 3043 5211 Num
3088 5156 3251 5226 igitur
3286 5151 3375 5213 hic
3418 5150 3556 5219 ipse,

1979 5256 2107 5308 olim
2163 5253 2458 5324 Babylonis
2520 5255 2771 5325 princeps
2828 5262 3031 5307 terram
3070 5252 3242 5316 lsuam
3293 5241 3558 5309 corrupit.

1982 5347 2123 5402 Deus
2157 5362 2326 5416 penes
2352 5347 2477 5402 illos
2505 5348 2731 5416 populos
2760 5345 3132 5404 existimatus,
3161 5346 3325 5403 atque
3353 5336 3428 5389 ita
3463 5348 3561 5401 po-

1979 5440 2162 5509 pulum
2184 5455 2341 5493 suutu
2357 5440 2579 5504 occidit,
2602 5454 2667 5493 ac
2690 5438 2829 5492 filios
2843 5450 2971 5491 suos
2990 5433 3105 5486 neci
3127 5427 3380 5493 tradidit;
3400 5438 3562 5495 atque

1983 5537 2034 5589 in
2066 5535 2363 5604 perniciem
2397 5534 2614 5588 subdito
2650 5533 2749 5587 sibi
2781 5529 2978 5601 populo
3008 5528 3126 5593 fuit,
3159 5524 3284 5595 quia
3324 5522 3393 5577 ab
3427 5520 3561 5590 ipsis

1982 5634 2039 5678 ut
2063 5623 2203 5678 Deus
2227 5624 2443 5678 habitus
2477 5623 2695 5676 fuerat?
2723 5622 2874 5688 Quod
2896 5620 2938 5673 si
2979 5618 3092 5673 btec
3116 5618 3186 5673 ita
3214 5632 3272 5673 se
3296 5614 3560 5675 habeant,

1983 5725 2154 5771 restat
2179 5726 2235 5770 ut
2274 5725 2444 5769 totam
2482 5714 2782 5785 prophetiae
2807 5714 3149 5775 sententiam,
3182 5725 3304 5781 qua:
3342 5708 3408 5762 de
3452 5706 3556 5760 Ba-

1982 5808 2196 5880 bylonis
2244 5822 2369 5878 rege
2398 5806 2608 5876 prolata
2639 5814 2724 5860 est
2748 5846 2763 5870 ,
2802 5806 2855 5860 in
2887 5805 3032 5859 illam
3068 5803 3325 5857 virtutem
3353 5799 3526 5853 refera
3556 5828 3559 5829 ν

1983 5918 2105 5959 mus
2142 5918 2154 5955 :
2188 5916 2308 5973 quae
2365 5900 2493 5973 quia
2550 5900 2641 5958 Dei
2696 5899 2923 5974 gloriam
2967 5898 3110 5971 apud
3144 5897 3247 5955 sibi
3289 5893 3559 5953 subditum
