3984 6510
457 368 565 422 195

1130 359 1397 417 EUSEBII
1438 357 1548 414 (ΒΑΕ
1558 357 1637 413 SA
1650 354 1916 412 RIENSIS
1954 353 2028 410 ΟΥ

2148 351 2328 408 PARS
2367 349 2455 406 Ill.
2496 380 2567 394 —-
2605 349 3020 407 EXEGETICA.

3632 348 3737 404 I96

458 479 715 550 populum
752 486 935 539 nacta,
967 474 1134 529 altum
1171 474 1457 545 sapiebat,
1504 472 1626 541 jure
1672 470 1918 541 arguitur
1958 470 2028 523 Ιιίε

2145 467 2257 538 ἔχει
2284 467 2456 519 ταῦτα
2494 463 2689 529 οὕτως,
2733 465 2849 538 ὥρα
2886 466 2981 519 xui
3018 464 3198 518 πάντα
3238 463 3328 517 τὸν
3370 465 3470 535 τῆς
3516 480 3737 536 προφη-

458 572 673 641 Scriptu
686 586 756 624 ra:
784 568 963 624 verbis
990 585 1005 621 :

2138 559 2287 622 τείας
2316 558 2491 628 λόγον,
2522 557 2770 629 τὸνπερὶ
2800 557 2895 610 τοῦ
2920 555 3181 627 βασιλέως
3214 555 3530 619 Βαϐυλῶνος
3568 572 3739 627 προσο

455 666 830 738 ενηνεγμένον,
889 666 967 726 είς
1006 661 1218 733 ἐκείνην
1256 660 1547 730 ἀναφέρειν
1596 659 1693 731 τὴν
1741 656 1967 727 δύναμιν
1999 656 2179 726 ’ἥτις,
2217 654 2421 724 ἐπειδὴ,
2455 652 2589 705 Θεοῦ
2623 652 2781 716 δόξαν
2856 652 3006 724 παρά
3062 654 3172 715 τοῖς
3234 649 3554 722 ἀρχομένοις
3596 666 3735 723 κτη-

458 758 665 828 σαμένη
717 757 858 827 μέγα
903 756 1219 826 ἐφρόνησεν,
1263 752 1489 815 εἰκότως
1536 748 1896 818 ἀπελέγχεται
1928 746 2033 800 ὑπὸ
2048 745 2141 798 τοῦ
2181 744 2484 812 φάσκοντος
2512 741 2671 810 λόγου
2695 758 2710 774 ο

528 853 686 906 Vens.
709 850 890 911 £25,“.
919 850 1028 903 ιΤιι
1050 858 1227 901 autem
1250 848 1430 900 dixisti
1456 850 1506 898 in
1527 854 1705 897 meme
1724 855 1831 908 tua,
1852 844 1902 899 it:
1922 858 2035 898 caa-

454 944 562 997 lum
594 943 901 1005 ascendam,
923 952 972 995 et
1008 957 1169 1009 supra
1196 939 1377 993 stellas
1400 938 1520 991 ςωιί
1552 952 1748 1005 ponam
1781 935 2034 989 thronum

457 1051 631 1088 meum
666 1050 681 1087 :
726 1044 780 1086 et
807 1032 997 1086 similis
1032 1046 1126 1083 ero
1157 1031 1475 1094 Altissimo;
1524 1049 1541 1080 ι
1584 1042 1636 1084 et
1665 1042 1859 1083 caetera
1894 1044 2034 1097 quo-

454 1142 557 1195 que
583 1126 709 1179 huic
746 1123 1133 1193 interpretandi
1167 1121 1360 1175 rationi
1393 1118 1704 1189 aptaveris;
1746 1130 2033 1190 postquam

454 1219 507 1273 in
533 1216 693 1271 obvio
722 1231 911 1278 sensu,
946 1231 1065 1283 qua),
1096 1215 1147 1266 in
1190 1212 1474 1283 prophetia
1521 1212 1831 1266 indicantur
1861 1212 2035 1266 sensi-

454 1308 547 1363 bili
580 1308 691 1378 regi
724 1306 1105 1376 applicaveris.

554 1489 715 1543 Vnus.
761 1489 971 1550 τινες.
1028 1508 1044 1539 ι
1105 1487 1232 1542 Hinc
1266 1486 1397 1540 dicit
1450 1485 1710 1540 Dominus
1765 1484 2029 1547 Sabaoth,

456 1582 923 1646 Quemadmodum
972 1580 1117 1645 dixi,
1171 1582 1242 1633 ita
1283 1580 1435 1633 erit:
1471 1588 1524 1633 et
1574 1577 2032 1646 quemadmodum

454 1672 792 1736 deliberavi,
849 1673 922 1725 ita
973 1672 1209 1724 manebit
1245 1688 1256 1723 :
1291 1682 1349 1723 ut
1401 1670 1616 1739 perdam
1662 1668 1921 1739 Assyrios
1981 1667 2033 1720 in

456 1777 598 1819 terra
628 1780 745 1819 mea
775 1775 831 1818 et
859 1766 908 1817 in
940 1764 1214 1819 montibus
1249 1764 1405 1819 meis.
1444 1763 1509 1816 Et
1540 1772 1703 1816 erunt
1734 1763 1784 1815 in
1816 1760 2035 1815 concul-

457 1861 763 1923 catiouem,
794 1868 846 1913 et
886 1857 1165 1911 auferetur
1205 1858 1272 1910 ab
1317 1858 1396 1911 eis
1427 1856 1615 1926 jugum
1663 1854 1926 1924 ipsorum,
1980 1866 2035 1909 et

453 1950 621 2026 gloria
651 1962 838 2002 eorum
867 1949 935 2000 ab
964 1947 1206 2001 humeris
1234 1948 1470 2015 ipsorum
1502 1936 1795 2000 auferetur.
1837 1967 1855 1997 ι
1896 1947 2030 2002 Cum

456 2039 609 2105 dicit,
648 2056 667 2089 ι
702 2037 773 2092 Ut
808 2036 1026 2107 perdam
1052 2039 1376 2107 Assyriosin
1405 2048 1545 2091 terra
1568 2053 1683 2091 mea
1714 2040 1841 2104 etin
1873 2056 2021 2094 mon-

454 2128 594 2181 tibus
650 2128 815 2191 meis,
857 2147 876 2179 ι
922 2128 1077 2181 docet
1116 2126 1539 2198 Babyloniorum
1609 2130 1925 2199 regionem,
1977 2141 2029 2186 et

448 2215 565 2283 ejus
592 2226 801 2271 montes
835 2232 938 2270 non
967 2217 1173 2271 alienos
1206 2218 1306 2271 sibi
1343 2232 1463 2272 esse
1497 2235 1510 2270 :
1555 2235 1679 2273 nam
1704 2260 1720 2283 ,
1757 2239 1775 2271 ι
1809 2221 2022 2277 Domini

447 2318 531 2363 est
560 2319 726 2371 terra,
753 2318 804 2363 et
842 2308 1114 2376 plenitudo
1145 2309 1313 2379 ejus.»
1336 2307 1405 2341 ⁷⁸⁸
1426 2310 1595 2365 Erunt
1621 2327 1771 2383 ergo,
1800 2315 1896 2377 ait,
1924 2315 2027 2369 As-

449 2402 579 2471 syrii
611 2402 661 2454 in
688 2402 1178 2466 conculcationem,
1204 2404 1407 2456 subditi
1433 2403 1520 2465 iis,
1556 2405 1647 2473 qui
1681 2421 1775 2460 eos
1804 2422 2029 2475 supera-

453 2493 555 2545 turi
581 2504 731 2547 sunt.
784 2493 1081 2548 Auferelur
1136 2505 1316 2548 autem
1365 2494 1593 2563 jugum,
1648 2500 1788 2566 quod
1846 2508 2028 2553 stante

450 2582 679 2651 imperio
741 2601 862 2649 suo,
916 2586 1147 2640 subditis
1194 2586 1579 2654 imponebaut;
1620 2589 1809 2658 jttgttm
1881 2600 2029 2646 certe

446 2688 613 2742 grave
646 2691 709 2729 ac
736 2676 927 2727 durum
963 2672 1067 2728 illis
1132 2693 1146 2728 :
1196 2684 1250 2728 et
1297 2674 1466 2744 gloria
1522 2678 1637 2731 sive
1687 2680 1851 2731 decus
1898 2678 2027 2732 olim

450 2767 690 2820 humeris
722 2766 960 2834 ipsorum
998 2766 1313 2834 impositum
1342 2806 1357 2829 ,
1402 2764 1699 2823 auferetur.
1749 2768 2025 2835 Quemad-

448 2858 665 2911 modum
718 2858 861 2910 enim
914 2858 978 2910 de
1023 2856 1317 2911 Servatore
1376 2859 1579 2913 dictum
1633 2868 1761 2924 est,
1796 2878 1815 2911 ι
1860 2860 2028 2929 Cujus

447 2949 781 3019 principatus
800 2964 961 3019 super
986 2948 1267 3003 humerum
1286 2950 1399 3018 ejus
1423 2947 1547 3017 7°“;
1576 2970 1594 3003 ι
1627 2950 1707 3005 sic
1721 2962 1775 3006 et
1799 2952 2030 3007 hocloco

447 3039 617 3108 gloria
646 3039 998 3110 Assyriorum
1030 3053 1197 3107 super
1223 3039 1486 3093 humeros
1521 3040 1785 3107 ipsorum,
1830 3041 2035 3097 dicitur

445 3145 565 3184 esse
605 3148 619 3183 Ξ

447 3229 554 3272 tur.

2217 859 2234 891 ι
2266 841 2336 892 Σύ
2366 838 2422 893 δὲ
2456 833 2615 901 εἴπας
2648 838 2705 889 ἐν
2736 838 2802 907 τῇ
2840 837 3049 908 διανοιᾳ
3088 850 3180 889 σου
3201 852 3215 866 ⁸
3254 836 3349 899 Εἰς
3380 835 3471 888 τὸν
3503 834 3737 907 οὐρανὸν

2139 932 2503 1003 ἀναϐήσομαι,
2559 931 2653 984 xui
2698 930 2884 983 ἐπάνω
2936 929 3044 982 τῶν
3098 930 3314 1001 ἄστρων
3360 928 3456 982 τοῦ
3498 928 3735 999 οὐρανοῦ

2139 1026 2288 1097 θήσω
2328 1022 2419 1077 τὸν
2468 1024 2655 1095 θρόνον
2688 1040 2810 1094 μου,
2852 1022 2946 1076 xui
2979 1022 3171 1093 ἔσομαι
3204 1024 3390 1093 ὅμοιος
3436 1020 3515 1092 τῷ
3572 1020 3735 1089 Ὑψί-

2141 1131 2279 1184 στῳ’
2326 1134 2343 1165 ι
2393 1113 2489 1167 xui
2521 1114 2589 1167 τὰ
2609 1112 2772 1167 λοιπὰ
2806 1114 2860 1167 δὲ
2897 1114 3044 1183 αὐτῴ
3072 1114 3403 1184 ἐφαρμόσεις
3424 1113 3500 1184 τῷ
3535 1113 3737 1166 ἀποδο-

2139 1208 2282 1261 θέντι
2322 1207 2484 1279 λόγῳ,
2520 1208 2657 1279 μετά
2706 1206 2799 1261 τοῦ
2840 1208 2935 1262 xui
2976 1206 3053 1277 τῷ
3101 1206 3407 1278 προχείρως
3458 1204 3738 1275 νοουμένῳ

2138 1300 2380 1371 αἰσθητῷ
2416 1300 2625 1371 βασιλεῖ
2661 1299 2729 1353 τὰ
2765 1300 2853 1353 διὰ
2912 1299 3010 1369 τῆς
3046 1294 3382 1370 προφητείας
3431 1295 3739 1367 δηλούμενα

2135 1393 2593 1465 προσαρμόττειν.

2214 1503 2231 1535 ι
2275 1482 2414 1538 Τάδε
2444 1485 2592 1553 λέγει
2626 1483 2832 1555 Κύριος
2866 1480 3118 1535 Σαϐαὼθο
3153 1483 3251 1536 Ὃν
3278 1480 3477 1553 τρόπον
3512 1482 3738 1553 εἴρηκα,

2136 1576 2309 1641 οὕτως
2351 1578 2537 1631 ἔσται’
2592 1577 2687 1630 xui
2748 1577 2805 1629 ὃν
2865 1576 3066 1647 τρόπον
3117 1571 3511 1646 βεϐούλευμαι,
3559 1572 3741 1638 οὕτως

2141 1673 2323 1742 μενεῖ·
2364 1668 2459 1721 τοῦ
2512 1666 2774 1723 ἀπολέσαι
2821 1668 2949 1731 τοὺς
2991 1665 3309 1736 Ἀσσυρίους
3352 1664 3446 1717 ἐπὶ
3494 1664 3594 1735 τῆς
3629 1664 3740 1735 γῆς

2134 1762 2233 1831 τῆς
2268 1762 2427 1831 ἐμῆς,
2468 1760 2563 1813 xui
2586 1760 2677 1811 ἐπὶ
2714 1757 2822 1811 τῶν
2861 1757 3032 1829 ὀρέων
3077 1774 3196 1828 μου.
3240 1756 3351 1810 Καὶ
3390 1755 3603 1808 ἔσονται
3652 1758 3740 1818 εἰς

2135 1853 2532 1923 καταπάτημα,
2564 1849 2658 1904 xui
2683 1849 3114 1921 ἀφαιρεθήσεται
3154 1849 3249 1901 ἀπ’
3286 1847 3465 1901 αὐτῶν
3507 1848 3535 1900 6
3568 1844 3740 1915 ζυγὸς

2136 1944 2468 2009 αὐτῶν,.καὶ
2514 1943 2573 1997 τὸ
2615 1942 2775 2006 κῦδος
2816 1940 2995 1995 αὐτῶν
3040 1940 3148 1994 ἀπὸ
3185 1939 3295 1993 τῶν
3338 1938 3505 2009 ῶμων
3549 1939 3739 1993 αὐτῶν

2135 2034 2585 2107 ἀφαιρεθήσεται.
2622 2054 2639 2086 ι
2671 2034 2853 2089 Εἰπὼν
2886 2050 2949 2103 γε
2978 2034 3106 2104 μὴν,
3136 2052 3153 2085 ι
3204 2027 3496 2085 Ἀπολέσαι
3532 2031 3736 2084 ’Δσσυο

2061 2114 2104 2167 Β
2136 2128 2284 2198 ρίους
2311 2128 2403 2181 ἐπὶ
2435 2130 2533 2198 τῆς
2560 2128 2663 2198 γῆς
2691 2129 2788 2197 τῆς
2831 2127 2992 2197 ἐμῆς,
3028 2126 3122 2177 xui
3156 2125 3249 2177 ἐπὶ
3273 2123 3381 2176 τῶν
3412 2122 3587 2195 ὀρέων
3616 2124 3737 2177 τῶν

2134 2220 2303 2291 ἐμῶν,
2347 2240 2365 2270 ›
2392 2218 2652 2281 διδάσκει,
2682 2217 2758 2281 ὡς
2782 2218 2873 2271 xui
2900 2220 2931 2289 ἡ
2968 2216 3327 2271 Βαϐυλωνίων
3364 2213 3537 2287 χώρα,
3568 2216 3637 2269 τά
3672 2233 3738 2269 τε

2135 2314 2220 2365 ἐπ’
2252 2312 2419 2385 αὐτῆς
2452 2314 2551 2385 ὅρη
2600 2312 2703 2365 οὐκ
2742 2305 2810 2382 ἦν
2855 2309 3111 2381 ἀλλότρια
3155 2307 3351 2362 αὐτοῦ·
3410 2328 3428 2359 ι
3465 2307 3572 2361 Τοῦ
3623 2308 3741 2380 γὰρ

2132 2406 2337 2477 Κυρίου
2392 2408 2425 2475 ἠ
2467 2408 2536 2475 γῆ
2598 2404 2694 2457 xui
2736 2402 2798 2456 τὸ
2844 2402 3115 2474 πλήρωμα
3189 2401 3377 2469 αὐτῆς.
3418 2419 3435 2451 ι
3476 2402 3741 2454 Ἔσονται

2136 2498 2315 2551 τοίνυν
2334 2498 2383 2550 οί
2428 2496 2734 2569 Ἀσσύριοι,
2768 2495 2955 2566 φησιν,
2995 2497 3075 2557 εἰς
3104 2494 3497 2563 καταπάτημα,
3518 2492 3726 2563 ὑποχεί-

2138 2605 2242 2661 ριοι
2277 2586 2557 2659 γενόμενοι
2592 2590 2704 2652 τοῖς
2747 2587 2884 2659 μετά
2928 2587 3104 2640 ταῦτα
3153 2586 3330 2639 αὐτῶν
3365 2586 3737 2656 κρατήσασιν.

2149 2678 2601 2749 Ἀφαιρεθήσεται
2623 2676 2679 2731 δὲ
2707 2680 2799 2731 xui
2832 2677 2859 2729 6
2902 2678 3085 2746 ζυγὸς,
3121 2676 3180 2729 ὃν
3214 2677 3301 2729 ὅτε
3323 2676 3582 2745 ἐκράτουν
3618 2678 3739 2737 τοῖς

2136 2771 2227 2823 ὐπ’
2271 2769 2451 2823 αὐτῶν
2500 2770 2825 2841 ἀρχομένοις
2875 2772 3156 2840 ἐπήρτων,
3204 2766 3370 2835 ζυγὸν
3420 2764 3589 2837 βαρὺν
3635 2768 3739 2818 καὶ

2134 2861 2539 2915 δυσϐἁπακτον
2565 2860 2973 2934 ἀπαιωροῦντες
3004 2861 3187 2922 αὐτοῖς
3207 2872 3221 2889 ⁶
3264 2859 3360 2913 xui
3388 2863 3451 2915 τδ
3489 2857 3648 2920 κυδος
3676 2856 3739 2911 δέ

2138 2953 2337 3018 αὐτῶν,
2378 2953 2515 3025 ὅπερ
2546 2952 2692 3005 ἐστὶν
2720 2953 2754 3023 ἡ
2793 2951 2940 3018 δόξα,
2985 2948 3436 3021 ἀφαιρεθήσεται,
3488 2947 3520 3016 ἡ
3565 2944 3738 3001 πάλαι

2135 3050 2247 3110 τοῖς
2276 3045 2447 3117 ῶμοις
2475 3044 2655 3099 αὐτῶν
2683 3047 3031 3115 ἐπικειμενη.
3088 3044 3177 3107 Ὠς
3208 3041 3317 3113 γὰρ
3352 3042 3443 3093 ἐπὶ
3474 3038 3569 3094 τοῦ
3610 3040 3737 3092 Σω-

675 3147 836 3199 quam
906 3128 1256 3184 auferendam
1313 3145 1435 3187 esse
1493 3146 1675 3185 sermo
1716 3133 2028 3188 intermina-

2141 3138 2302 3207 τῆρος
2327 3135 2597 3200 λέλεκται,
2639 3156 2656 3187 ι
2690 3129 2764 3188 Οὗ
2796 3137 2829 3205 ἡ
2857 3136 2999 3206 ἀρχὴ
3033 3135 3124 3186 ἐπὶ
3154 3132 3248 3186 τοῦ
3292 3131 3443 3201 ὥμου
3476 3129 3664 3194 αὐτοῦ,
3714 3149 3733 3183 ι

2140 3226 2313 3290 οῦτως
2362 3227 2600 3280 ἐνταῦθα
2645 3224 2708 3279 τὸ
2752 3225 2911 3289 κῦδος
2963 3226 3070 3278 τῶν
3128 3222 3424 3294 Ἀσσυρίων
3482 3223 3575 3276 ἐπὶ
3619 3221 3737 3275 τῶν

448 3304 614 3378 ὤμων
650 3310 828 3363 αὐτῶν
860 3310 1095 3381 είρηται’
1135 3311 1271 3383 ὅπερ
1287 3308 1753 3381 ἀφαιρεθήσεσθαι
1788 3310 1971 3367 αὐτῶν
2010 3317 2038 3369 6
2071 3315 2229 3386 λόγος
2256 3318 2489 3372 ἀπειλεῖ.

517 3398 679 3455 Vens.
701 3400 793 3461 26,
823 3401 915 3457 27.
956 3419 973 3450 ι
1011 3400 1121 3454 Hoc
1151 3412 1233 3454 est
1250 3400 1537 3453 consilium
1575 3402 1716 3468 quod
1753 3404 1897 3470 cepit
1924 3404 2031 3457 Do-
2062 3411 2105 3467 C

446 3491 630 3545 minus
672 3508 837 3561 super
866 3508 1082 3545 onmem
1116 3503 1314 3546 terram
1344 3509 1358 3546 ι
1387 3503 1442 3546 et
1472 3493 1588 3546 huic
1615 3503 1697 3547 est
1724 3509 1915 3547 manus
1932 3510 2030 3548 ex-

445 3580 587 3634 celsa
629 3597 789 3648 super
814 3596 1002 3635 omnes
1029 3593 1235 3651 gentes.
1278 3583 1407 3647 Qua:
1438 3583 1583 3635 enim
1632 3584 1773 3639 Deus
1814 3593 2028 3641 sanctus

2141 3590 2204 3643 τά
2236 3590 2383 3661 ἔθνη.
2428 3594 2495 3643 "A
2545 3592 2654 3663 γὰρ
2699 3592 2729 3643 6
2770 3590 2903 3655 Θεὸς
2948 3592 2976 3643 6
3020 3590 3175 3657 ἅγιος
3221 3586 3594 3659 βεϐούλευται,
3644 3587 3735 3671 τίς

444 3674 721 3735 decrevit,
754 3675 874 3742 quis
908 3674 1233 3744 dissipabit?
1274 3675 1336 3728 Et
1367 3692 1582 3729 manum
1610 3674 1725 3745 ejus
1758 3677 2028 3732 excelsam

2141 3679 2509 3743 διασκεδάσεις
2556 3679 2650 3733 xui
2682 3683 2782 3753 τὴν
2822 3682 2980 3751 χεῖρα
3028 3679 3195 3733 αὐτοῦ
3247 3680 3344 3751 τὴν
3389 3676 3600 3748 ὑψηλὴν
3642 3677 3734 3740 τίς

444 3768 569 3834 quis
601 3768 851 3820 avertet?
884 3787 901 3817 ›
940 3767 992 3820 ld
1020 3777 1128 3830 est,
1169 3767 1326 3837 quale
1349 3764 1614 3834 judicium
1642 3769 1707 3821 de
1732 3767 2025 3838 Babylone,

2141 3770 2499 3840 ἀποστρέψεις
2547 3789 2565 3821 ι
2608 3772 2678 3823 Ἢ
2724 3771 2818 3824 xui
2844 3771 2923 3822 ὅτι
2954 3770 3113 3822 ὁποία
3145 3770 3491 3839 ἐξενήνεκται
3544 3767 3732 3837 κρίσις

444 3862 595 3912 etde
626 3859 740 3928 ejus
771 3859 1166 3912 habitatoribus
1192 3858 1357 3911 latum
1416 3869 1540 3920 est,
1593 3856 1697 3912 tale
1755 3860 1916 3912 etiam
1965 3860 2028 3912 de

2141 3862 2259 3930 περὶ
2305 3863 2405 3931 τῆς
2453 3858 2792 3924 Βαϐυλῶνος,
2848 3860 2942 3912 xui
2984 3860 3094 3913 τῶν
3138 3859 3345 3928 ταύτης
3398 3860 3731 3929 οἰκητόρων,

444 3953 575 4006 vi'ris
610 3953 859 4006 omnibus
887 3951 1059 4006 atheis
1089 3962 1143 4005 et
1181 3951 1393 4020 impiis,
1426 3952 1517 4020 qui
1553 3950 1737 4003 orbem
1777 3952 2028 4006 obtinue-

2141 3950 2347 4023 τοιαύτη
2370 3969 2454 4014 τις
2484 3951 2639 4005 ἔσται
2679 3951 2775 4004 xui
2803 3953 2836 4022 ἠ
2876 3951 3003 4023 περὶ
3028 3950 3245 4004 πάντων
3276 3949 3385 4002 τῶν
3414 3951 3513 4018 τῆς
3548 3950 3732 4001 οἰκου-

444 4050 607 4107 runt,
639 4041 867 4096 feretur.
916 4040 1048 4095 Nam
1097 4042 1395 4095 secundum
1442 4041 1719 4111 :rquitatis
1762 4041 2025 4095 rationem

2141 4044 2299 4114 μένης
2330 4043 2720 4115 κρατησάντων
2744 4042 2919 4096 ἀθέων
2939 4043 3033 4095 xui
3054 4042 3271 4095 ἀσεϐῶν
3311 4040 3522 4111 ἀνδρῶν
3542 4056 3555 4069 ο
3583 4041 3731 4093 κατά

443 4134 591 4202 paria
626 4135 917 4203 patientur,
949 4133 1036 4201 qui
1070 4134 1120 4186 in
1155 4132 1359 4186 similes
1391 4134 1695 4201 impietates
1744 4130 1877 4200 lapsi
1911 4131 2027 4207 fue-

2141 4134 2236 4205 γὰρ
2263 4134 2352 4186 τὸν
2380 4133 2474 4185 τοῦ
2494 4133 2700 4185 δικαίου
2746 4132 2901 4200 λόγον
2936 4131 3215 4203 παρόμοια
3248 4132 3536 4184 πείσονται
3574 4132 3624 4183 οἱ
3654 4130 3732 4185 τὰ

445 4229 572 4278 rint.
619 4224 718 4278 Ubi
753 4223 1217 4289 subiutelligamus
1251 4232 1499 4292 oportet,
1531 4232 1721 4292 gentes
1749 4224 1928 4276 atheis
1960 4232 2017 4277 et

2141 4227 2289 4294 ὗμοια
2334 4223 2800 4294 δυσσεϐήσαντεςο
2840 4221 3343 4293 προσεπινοούντων
3381 4222 3537 4293 ἡμῶν
3568 4220 3724 4292 ἔθνη,

442 4317 621 4384 impiis
648 4317 956 4371 hominibus
998 4316 1223 4370 refertas
1254 4334 1269 4369 :
1302 4330 1405 4368 non
1435 4316 1579 4368 enim
1612 4317 1727 4368 haec
1755 4316 1875 4368 sine
1909 4315 2019 4368 ullo

2141 4316 2192 4368 ιὰ
2223 4302 2331 4367 τῶν
2353 4314 2529 4368 ἀθέων
2555 4314 2650 4367 xui
2679 4312 2893 4366 ἀσεϐῶν
2934 4312 3179 4386 ἀνδρῶν’
3230 4314 3290 4366 οὐ
3330 4313 3436 4383 γὰρ
3482 4313 3729 4384 ἀκρίτως

441 4403 775 4469 discrimine,
809 4404 873 4455 de
905 4404 1006 4471 piis
1039 4415 1091 4455 et
1127 4404 1235 4457 Deo
1264 4405 1494 4457 addictis
1522 4404 1676 4467 viris,
1705 4404 2023 4472 accipienda

2141 4406 2294 4459 ταῦτα
2335 4404 2478 4459 κατά
2506 4404 2613 4458 τῶν
2643 4403 2882 4457 εὐσεϐῶν
2923 4404 3017 4456 xui
3069 4403 3176 4457 τῶν
3218 4403 3296 4474 τῷ
3340 4402 3459 4473 Θεῷ
3498 4405 3725 4456 ἀνακει-

441 4502 585 4545 sunt.
616 4493 733 4559 Quo
768 4494 931 4563 igitur
972 4494 1129 4547 modo
1158 4508 1317 4545 orsus
1339 4504 1455 4556 est,
1494 4495 1683 4547 eodem
1739 4503 1793 4547 et
1839 4494 2021 4560 desiit,

2141 4496 2302 4548 ιένων
2348 4494 2665 4565 ἐκδέχεσθαι
2713 4496 3011 4565 προσήκει.
3086 4494 3300 4566 ’Ὠσπερ
3360 4490 3454 4548 οὖν
3494 4494 3721 4566 ἤρξατο.

444 4584 747 4638 universale
766 4585 858 4637 Dei
896 4584 961 4638 de
984 4584 1235 4637 onmibus
1262 4583 1542 4638 ferendum
1562 4587 1825 4655 judicium
1866 4602 2020 4642 com-

2141 4588 2308 4641 τοῦτον
2339 4589 2433 4641 xui
2466 4587 2777 4640 συνετέλεσε
2808 4584 2900 4639 τὸν
2940 4587 3141 4657 τρόπον
3177 4587 3278 4655 τῆς
3318 4588 3459 4641 κατά
3500 4586 3724 4640 πάντων

444 4690 755 4728 memorans
780 4717 795 4741 ,
827 4684 885 4728 ut
931 4691 1120 4730 omnes
1160 4679 1249 4747 qui
1283 4675 1622 4747 Scripturam
1656 4679 1917 4749 legerint,
1952 4682 2017 4735 ad

2141 4678 2417 4749 ιαθολικῆς
2464 4677 2558 4730 τοῦ
2596 4675 2732 4729 Θεοῦ
2784 4676 3021 4746 κρίσεως
3063 4676 3379 4744 ἀναγκαίως
3415 4676 3722 4747 μνημονεύ-

440 4766 846 4818 conversionem
885 4768 1100 4822 invitet.

2141 4788 2251 4834 τας⁸
2278 4770 2418 4823 ὥστε
2454 4768 2777 4840 ἐπιστρέψαι
2809 4766 3019 4831 πάντας
3041 4769 3167 4831 τοὺς
3192 4768 3617 4839 ἐντυγχάνοντας
3648 4770 3717 4840 τῇ

2126 4864 2340 4934 Γραφῇ.

2216 3424 2235 3456 ι
2264 3405 2411 3478 Αῦτη
2444 3409 2476 3476 ἡ
2504 3405 2664 3477 βουλὴ
2705 3407 2771 3478 ἣν
2805 3404 3150 3477 βεϐούλευται
3202 3404 3407 3476 Κύριος
3450 3403 3545 3456 ἐπὶ
3599 3402 3737 3476 ὃλην

2136 3498 2234 3569 τὴν
2260 3500 2605 3571 οἰκουμένην,
2641 3500 2736 3552 xui
2757 3497 2895 3570 αῦτη
2928 3501 2960 3570 ἡ
2987 3498 3107 3569 χεὶρ
3140 3499 3173 3567 ἡ
3209 3497 3387 3568 ὑψηλὴ
3422 3494 3517 3548 ἐπϊ
3551 3496 3736 3550 πάντα

512 4946 674 5003 Vens.
704 4946 797 5010 28,
830 4948 899 5002 29
982 4964 997 4999 t
1042 4948 1096 5001 In
1146 4963 1290 5002 anno
1334 4964 1442 5017 quo
1492 4960 1737 5005 mortuus
1785 4961 1866 5005 est
1925 4966 2021 5005 rex

437 5039 618 5091 Achaz
642 5078 657 5104 ,
682 5038 884 5093 factum
910 5048 992 5093 est
1020 5040 1237 5093 verbum
1272 5040 1447 5094 istud:
1482 5040 1557 5094 Ne
1587 5042 1860 5108 lietemini,
1886 5043 2019 5096 abie-

439 5130 649 5195 nigeuae
677 5145 887 5193 omnes,
917 5132 1210 5184 contritum
1260 5141 1344 5185 est
1395 5133 1539 5185 enim
1586 5132 1777 5203 jugmu
1822 5150 2019 5200 percu-

442 5221 621 5273 lieutis
645 5236 738 5275 vos
771 5236 786 5273 :
824 5235 945 5274 nam
980 5236 1043 5274 ex
1075 5222 1281 5275 semine
1332 5233 1648 5291 serpentum
1707 5226 2020 5294 egredietur

440 5310 617 5377 proles
642 5313 861 5379 aspidis,
891 5324 944 5366 et
976 5313 1068 5366 ﬁlii
1099 5329 1287 5367 eorum
1331 5314 1683 5382 egredientur
1734 5327 2017 5379 serpentes

441 5400 703 5453 volantes.
749 5420 766 5452 ι
814 5401 1012 5455 Lmtari
1046 5403 1198 5455 vobis
1234 5405 1469 5457 uoudunt
1500 5406 1871 5473 permittitur,
1912 5405 2014 5459 etsi

441 5501 652 5544 mortuo
685 5507 806 5560 rege
834 5494 1036 5560 impio,
1087 5496 1152 5549 de
1199 5512 1309 5567 quo
1357 5496 1486 5549 olim
1538 5496 1878 5566 gaudebatis,
1926 5498 2016 5565 pio

441 5593 620 5636 autem
675 5583 793 5635 viro
840 5585 1122 5652 imperium
1171 5589 1523 5657 suscipiente,
1561 5590 1700 5644 utin
1734 5589 2017 5657 Paralipo-

441 5689 631 5726 menon
658 5672 696 5725 ll
726 5674 858 5727 libro
895 5676 959 5730 de
987 5676 1215 5736 Ezeclzia
1240 5680 1553 5733 declaratur
1575 5717 1591 5741 ,
1638 5691 1694 5734 et
1722 5680 1774 5731 in
1815 5692 2015 5746 quarto

439 5759 764 5824 Regnorum.
794 5750 1256 5828 Quemadmodum
1291 5768 1432 5821 enim
1464 5768 1565 5822 sub
1594 5768 1759 5838 impio
1802 5768 1999 5825 Achaz.

509 5877 571 5908 ’³⁸
611 5874 754 5932 Psal.
778 5894 929 5947 xxiii,
964 5881 1014 5936 1.
1088 5883 1179 5915 7‘“
1211 5883 1331 5938 lsai.
1366 5880 1550 5953 13,64
1608 5924 1617 5933 .

2198 4974 2218 5005 ι
2263 4953 2369 5006 Τοῦ
2406 4952 2559 5015 ἔτους
2596 4944 2657 5005 οῦ
2703 4952 2971 5005 ἀπέθανεν
3000 4954 3029 5005 6
3059 4951 3315 5023 βασιλεὺς
3362 4950 3548 5021 Ἀχάζ,
3593 4952 3719 5020 ἐγε-

2125 5048 2261 5119 νήθη
2288 5046 2349 5099 τὸ
2377 5048 2530 5117 ῥῆμα
2555 5046 2743 5099 τοῦτο’
2771 5045 2863 5117 Μὴ
2885 5046 3303 5117 εὐφρανθείητε,
3345 5046 3397 5099 οἰ
3425 5046 3716 5115 ἀλλόφυλοι

2124 5142 2353 5203 πάντες·
2388 5138 2677 5210 συνετρίϐη
2708 5139 2817 5209 γὰρ
2850 5142 2879 5192 ὁ
2912 5139 3076 5207 ζυγὸς
3121 5139 3213 5192 τοῦ
3258 5136 3511 5204 πταίοντος
3547 5141 3710 5209 ὑμᾶς.

2125 5234 2189 5285 ἐκ
2219 5231 2327 5302 γὰρ
2366 5230 2679 5302 σπέρματος
2712 5232 2887 5299 ὄφεων
2924 5230 3267 5294 ἐξελεύσεται
3305 5232 3503 5301 ἔγγονα
3551 5232 3715 5301 ἀσπί-

2122 5323 2249 5384 δων,
2276 5322 2371 5375 xui
2391 5323 2459 5374 τὰ
2486 5322 2683 5390 ἔγγονα
2724 5322 2903 5376 αὐτῶν
2941 5322 3313 5389 ἐξελεύσονται
3365 5324 3517 5391 ὄφεις
3552 5325 3712 5376 πετό-

2125 5430 2295 5484 μενοι.
2334 5432 2350 5464 ι
2382 5413 2579 5466 Οὐκέτι
2618 5413 2838 5483 ἀφίεται
2871 5414 3000 5484 ὑμῖν
3043 5414 3449 5486 εὐφραίνεσθαι,
3478 5415 3710 5468 οάποθαο

2119 5505 2301 5569 νόντος
2354 5506 2451 5576 μὲν
2481 5504 2576 5557 τοῦ
2624 5504 2855 5568 ἀσεϐοῦς
2906 5504 3169 5577 βασιλέως
3214 5508 3299 5575 ἐφ’
3350 5501 3394 5575 ᾧ
3437 5507 3497 5560 τὸ
3542 5508 3709 5561 πάλαι

2121 5599 2375 5669 ἐχάρητε,
2409 5596 2692 5661 θεοσεϐοῦς
2718 5598 2775 5651 δὲ
2814 5597 3007 5669 ἀνδρὸς
3048 5599 3145 5670 τὴν
3184 5600 3360 5671 ἀρχὴν
3393 5599 3709 5670 διαδεξαμέ-

2120 5704 2240 5741 νου·
2284 5688 2359 5751 ὼς
2410 5689 2469 5740 ἐν
2510 5690 2574 5759 τῇ
2622 5689 2853 5761 δευτέρᾳ
2907 5690 3017 5743 τῶν
3086 5691 3579 5762 Παραλειπομένων
3627 5691 3706 5762 τῷ

2131 5778 2345 5851 Ἐζεκίᾳ
2376 5778 2818 5853 μεμαρτύρηται,
2850 5782 2944 5835 xui
2972 5782 3029 5836 ἐν
3064 5784 3130 5854 τῇ
3156 5783 3393 5863 τετάρτῃ
3411 5784 3518 5841 τῶν
3541 5784 3706 5839 Βασιρ
