3984 6508
241 346 355 407 ωτ

1211 356 1715 413 COMMENTARIA
1755 360 1821 415 IN
1863 360 2120 419 ISAIAM.
2166 389 2232 403 --
2265 361 2420 419 CAP.
2463 364 2604 424 XIV.

3434 379 3537 434 198

237 473 428 528 λειῶν.
460 476 678 548 Ὥσπερ
700 475 809 548 γὰρ
835 478 928 531 ἐπι
957 477 1053 532 τοῦ
1088 479 1320 543 ἀσεϐοῦς
1357 482 1542 552 Ἀχάζ,
1587 483 1736 546 εἰκὸς
1774 479 1841 554 ἦν

1957 484 2242 553 allophylis
2289 484 2553 553 gaudendi
2603 494 2656 540 et
2711 487 2922 544 lmtandl
2971 505 3135 546 causa
3185 491 3408 555 aderat,
3461 497 3534 550 ita

236 570 461 638 χαίρειν
495 569 590 622 καὶ
639 568 1032 640 εὐφραίνεσθαι
1085 571 1213 635 τοὺς
1264 573 1617 643 ἀλλοφύλους,
1671 575 1846 640 οὑτως

239 662 343 713 ἐπὶ
390 660 486 713 τοῦ
539 661 751 714 δικαίου
801 662 993 734 ἀνδρὸς
1042 664 1138 718 τοῦ
1197 665 1462 730 Ἐζεκίου,
1504 669 1843 742 εὐκαίρωςή

238 753 562 822 προφητεία
614 754 1008 826 ἀποτεινομὲνη
1073 757 1209 828 πρὸς
1285 759 1484 824 αὑτούς
1549 779 1703 830 φησι·
1754 762 1845 834 Μὴ

236 844 669 916 εύφρανθείητε,
706 846 1026 916 ἀλλόφυλοι·
1060 849 1228 904 πάλαι
1263 851 1358 921 μὲν
1394 852 1504 924 γὰρ
1534 857 1613 906 ἑτι
1642 854 1846 920 ζῶντος

235 935 339 987 τοῦ
383 934 575 1006 Ἃχάζ,
603 937 696 989 καὶ
719 938 787 991 τὰ
817 939 988 1011 ἐχθρά
1019 941 1096 1011 τῷ
1136 942 1255 1013 Θεῷ
1301 945 1656 1014 πράττοντος,
1697 948 1847 1012 εἰκὸς

234 1022 308 1096 ἦν
337 1028 488 1097 ὑμᾶς
507 1027 914 1098 εὐφραίνεσθαι,
938 1031 1123 1102 ἐπειδὴ
1151 1036 1530 1106 συνετέτριπτο
1549 1037 1640 1090 τοῦ
1681 1039 1848 1108 Ἀχάζ

235 1121 266 1170 ὁ
299 1118 499 1185 ζυγὸς,
544 1119 622 1179 ὼς
664 1119 738 1190 μὴ
787 1120 1047 1176 δύνασθαι
1089 1126 1252 1177 αὑτὸν
1303 1127 1624 1181 ὑποτάττειν
1677 1130 1842 1200 ὑμᾶς,

241 1211 387 1280 μηδὲ
428 1212 522 1263 τὸν
565 1213 664 1282 τῆς
693 1215 868 1285 ἀρχῆς
911 1216 1076 1270 αὐτοῦ
1132 1218 1294 1285 ζυγὸν
1346 1221 1644 1275 ἐπιτιθέναι
1679 1225 1843 1294 ὑμῖνο

235 1305 434 1375 διόπερ
459 1305 793 1376 ἐπληθύνετο
811 1309 880 1361 τὰ
907 1310 1054 1364 κακὰ
1077 1312 1168 1364 καὶ
1193 1311 1382 1386 ὥσπερ
1405 1316 1632 1386 μηδενὸς
1661 1319 1849 1370 παίον-

236 1412 354 1459 τος,
387 1398 420 1466 ή
441 1398 747 1468 έρπυστική
775 1416 832 1452 τε
861 1402 955 1454 καὶ
989 1401 1191 1466 ἰοϐόλος
1238 1404 1347 1456 τῶν
1390 1405 1643 1477 πονηρῶν
1686 1425 1846 1460 πνευ-

241 1487 438 1557 μάτων
492 1487 722 1558 δύναμις
773 1490 1138 1560 ὲπληθύνετο’
1182 1495 1302 1546 νυνί
1337 1495 1394 1547 δὲ
1436 1480 1533 1567 την
1567 1497 1844 1567 βασιλείαν

235 1581 637 1651 διαδεξαμένου
665 1583 857 1654 ἀνδρδς
882 1583 1189 1651 θεοσεὸοῦς,
1223 1589 1405 1642 οὐκέτι
1435 1591 1656 1662 χαίρετε
1684 1592 1759 1656 ὡς
1785 1593 1845 1646 τὸ

237 1671 410 1742 πρίν·
451 1673 726 1744 ἐφέστηκε
767 1674 875 1745 γὰρ
903 1675 1032 1746 ὑμῖν
1066 1678 1095 1730 ὁ
1119 1678 1293 1733 παίων
1333 1682 1426 1733 καὶ
1467 1681 1707 1743 τύπτων,
1751 1685 1847 1738 καὶ

238 1766 604 1835 σωφρονίζων
653 1767 816 1837 ὑμᾶς.
871 1767 1208 1840 Ἐπληροῦτο
1248 1772 1304 1825 δὲ
1343 1775 1438 1827 καὶ
1480 1773 1656 1828 ταῦτα
1704 1777 1842 1848 πρὸς

1947 576 2046 628 sub
2072 575 2218 642 justo
2252 575 2369 628 viro
2399 575 2628 630 Ezechia
2656 617 2670 641 ,
2715 589 3016 648 opportune
3062 581 3344 653 Scriptura
3387 585 3534 656 ipsos

1951 666 2231 735 alloquens
2291 666 2397 731 ait,
2473 667 2550 722 Ne
2626 669 2912 735 la2temini,
2975 673 3292 742 alienigena:
3341 692 3355 729 :
3401 677 3530 729 olim

1947 759 2147 826 quippe
2177 759 2396 812 Acbazo
2432 761 2745 826 superstite,
2782 777 2845 816 ac
2892 777 3082 831 perosa
3129 765 3241 820 Deo
3293 766 3530 821 facinora

1947 851 2162 914 edente,
2192 866 2358 904 causa
2389 852 2542 906 vobis
2569 856 2829 920 gaudendi
2869 867 3022 920 erat,
3062 859 3183 924 quia
3234 861 3528 913 contritum

1946 950 2066 994 erat
2099 941 2544 1011 Acbazijugnm;
2580 945 2651 996 ita
2698 955 2755 998 ut
2808 962 2912 998 non
2969 960 3149 1014 posset
3206 965 3303 1003 vos
3363 951 3532 1015 subji-

1949 1046 2108 1096 cere,
2156 1046 2330 1099 neque
2384 1033 2593 1101 imperii
2645 1035 2728 1086 sui
2770 1033 2959 1102 jugum
3017 1037 3168 1090 vobis
3197 1037 3473 1106 imponere
3513 1057 3528 1094 :

1947 1133 2282 1192 quaprOpter
2307 1123 2808 1193 multiplicabantur
2843 1126 2982 1180 mala
3006 1167 3020 1190 ,
3053 1143 3114 1181 ac
3137 1169 3152 1190 ,
3203 1140 3389 1197 utpote
3442 1147 3533 1185 ne-

1949 1214 2094 1268 mine
2129 1217 2497 1284 percutiente,
2530 1216 2802 1284 reptilium
2839 1227 2893 1270 et
2941 1228 3329 1273 venenatorum
3367 1222 3532 1289 Spiri-

1952 1313 2101 1356 tuum
2140 1305 2497 1375 malignorum
2550 1309 2632 1361 vis
2679 1309 2996 1376 augebatur.
3045 1308 3164 1362 .lam
3221 1327 3349 1365 vero
3381 1323 3530 1380 post-

1949 1408 2111 1460 quam
2159 1395 2243 1447 vir
2295 1394 2583 1465 religiosus
2632 1413 2854 1466 regnum
2900 1409 3154 1468 excepit,
3188 1416 3254 1454 ne
3303 1403 3533 1472 amplius

1947 1485 2202 1539 laetemini
2238 1497 2294 1540 ut
2327 1497 2486 1542 antea
2524 1506 2538 1540 :
2574 1489 2902 1543 instatenim
2935 1491 3089 1547 vobis
3136 1494 3227 1560 qui
3265 1495 3534 1562 percutiat

1947 1589 2001 1631 et
2037 1581 2325 1640 verberet,
2375 1593 2582 1648 vosque
2631 1581 2698 1633 ad
2746 1595 2934 1636 sanam
2999 1592 3234 1638 mentem
3285 1586 3530 1641 reducat.

1949 1666 2072 1723 Haec
2097 1684 2258 1738 porro
2291 1670 2356 1722 ad
2386 1670 2621 1725 litteram
2661 1674 2926 1742 completa
2970 1685 3098 1728 sunt
3141 1678 3244 1730 sub
3275 1675 3530 1742 Ezecltia,

1948 1762 2014 1814 de
2047 1777 2154 1830 quo
2175 1763 2376 1817 dictum
2400 1775 2483 1818 est
2512 1765 2564 1817 in
2601 1765 2738 1818 libro
2765 1778 2960 1834 quarto
2985 1767 3322 1836 Regnorum,
3355 1787 3373 1820 ι
3406 1767 3528 1838 lpse

237 1855 390 1920 λέξιν
435 1858 532 1908 ἐπὶ
578 1857 672 1910 τοῦ
718 1856 981 1923 Ἐζεκίου,
1018 1862 1144 1931 περὶ
1180 1855 1241 1915 οῦ
1288 1862 1502 1934 εἴρηται
1536 1867 1595 1919 ὲν
1641 1869 1706 1938 τῇ
1752 1885 1841 1920 τε-

1949 1853 2211 1920 percussit
2255 1852 2553 1922 al10phylos
2577 1869 2764 1923 .usque
2797 1857 2863 1910 ad
2914 1855 3140 1921 Gazam,
3175 1867 3231 1912 et
3265 1836 3526 1926 usque—ad

237 1949 421 2020 τάρτῃ
449 1947 562 2000 τῶν
592 1948 920 2002 Βασιλειῶνο
967 1969 984 2000 ι
1024 1952 1196 2015 Αὑτὸς
1238 1955 1478 2018 ἐπάταξε
1517 1958 1643 2020 τοὺς
1685 1958 1844 2011 ἀλλο-

237 2038 448 2101 Φύλους
474 2039 581 2102 ἕως
614 2037 816 2110 Γάζης,
846 2041 943 2094 καὶ
975 2041 1080 2105 ἕως
1109 2043 1274 2113 ὁρίων
1296 2045 1467 2116 αὐτῆς
1491 2047 1598 2100 ἀπὸ
1632 2048 1842 2120 πύργου

238 2127 640 2197 φυλασσόντων
663 2131 768 2194 ἓως
800 2132 1008 2196 πόλεως
1035 2135 1260 2205 ὀχυρᾶς.
1293 2156 1311 2187 ι
1344 2137 1452 2190 Καὶ
1484 2138 1686 2209 ταύτην
1714 2141 1756 2193 δ’
1778 2140 1844 2194 ἂν

241 2220 402 2291 σχοίη
435 2219 536 2292 τὴν
565 2220 805 2275 διάνοιαν
832 2223 892 2276 τὸ
925 2225 1232 2294 εἰρημένον,
1261 2245 1280 2276 ι
1309 2227 1400 2298 Μὴ
1429 2229 1840 2302 εύφρανθείητε,

237 2312 563 2380 ἀλλόφυλοι,
603 2333 622 2365 ι
661 2314 803 2384 μέγα
833 2315 1158 2386 φρονοῦντες
1187 2318 1279 2370 ἐπὶ
1311 2323 1426 2383 τοῖς
1467 2323 1843 2394 νομιζομένοις

240 2403 376 2475 ὑμῖν
408 2406 574 2468 θεοῖς,
617 2405 696 2476 τῷ
743 2407 956 2477 μηδένα
993 2403 1135 2462 εἶναι
1191 2409 1283 2463 τὸν
1311 2412 1664 2482 συντρίϐοντα
1698 2415 1844 2486 ὑμᾶς

237 2497 328 2550 διὰ
355 2494 458 2568 την
486 2497 582 2551 τοῦ
611 2498 879 2569 παρόντος
923 2500 1113 2571 καιροῦ
1153 2503 1472 2575 μοχθηρίαν.
1510 2507 1572 2559 Εἰ
1599 2507 1716 2579 γὰρ,
1747 2510 1843 2562 καὶ

238 2587 308 2639 τὰ
347 2587 592 2657 μάλιστα
637 2589 923 2662 συνετρίϐη
966 2593 993 2644 ὁ
1025 2592 1188 2660 ζυγὸς
1233 2593 1328 2647 τοῦ
1377 2597 1629 2662 παίοντος
1675 2601 1841 2671 ὑμᾶς,

237 2680 359 2734 ἀλλ’
383 2682 448 2734 οὗ
486 2683 628 2754 πρὸς
657 2684 812 2754 ὑμῶν
852 2685 1070 2752 ἐγένετο
1109 2686 1303 2749 ταῦτα,
1349 2690 1442 2743 ἐπὶ
1484 2691 1640 2762 κακῷ
1677 2692 1733 2746 δὲ
1766 2694 1844 2765 τῷ

239 2771 518 2843 ὑμετέρῳ.
560 2773 806 2843 Μηδενὸς
837 2775 946 2846 γὰρ
974 2777 1117 2846 ὑμᾶς
1158 2777 1429 2843 παίοντος,
1479 2782 1612 2853 μηδὲ
1648 2801 1842 2836 ταπει-

240 2863 488 2926 νοῦντος,
528 2865 662 2936 μηδὲ
695 2866 1136 2936 ἐπιστρέφοντος,
1180 2869 1347 2940 πολλή
1381 2888 1465 2933 τις
1497 2874 1554 2924 έν
1593 2874 1720 2944 ὑμῖν
1748 2875 1843 2942 γέ-

238 2975 402 3026 γονεν
428 2958 687 3030 ἐπιτριεή
721 2959 928 3016 κακῶν.
975 2962 1036 3013 Οἱ
1081 2963 1188 3031 γὰρ
1239 2962 1404 3016 πάλαι
1463 2964 1639 3033 ὄφεων
1683 2966 1842 3038 δίκην

239 3051 364 3112 ταῖς
409 3049 711 3121 ὑμετέραις
755 3050 957 3122 ψυχαῖς
1014 3052 1448 3122 ἐμφωλεύοντες,
1505 3055 1561 3109 ἔν
1620 3074 1679 3109 τε
1726 3062 1843 3122 τοῖς

239 3144 538 3214 ὑμετέροις
572 3147 741 3216 ἱεροῖς
764 3161 824 3197 τε
851 3146 946 3199 καὶ
977 3150 1144 3211 ναοῖς,
1176 3148 1251 3211 ὡς
1283 3148 1346 3221 δὴ
1370 3149 1501 3213 θεοὶ,
1531 3151 1844 3222 ἐφεδρεῦον·
1871 3181 1912 3238 C

237 3251 336 3297 τες
358 3235 589 3305 πονηροὶ
617 3235 890 3306 δαίμονες,
926 3236 1104 3308 δεινὴν
1147 3240 1310 3310 γονὴν
1350 3242 1444 3294 καὶ
1490 3241 1712 3312 σπέρμα
1747 3261 1844 3296 πο-

239 3328 410 3398 νηρὸν
432 3329 774 3399 ἁπεκύησανο
807 3329 883 3393 ὡς
901 3331 1130 3396 ἀσπίδας
1151 3330 1211 3397 ἐξ
1235 3333 1413 3386 αὑτῶν
1447 3335 1758 3402 γεννᾶσθαι,
1782 3336 1844 3390 τὸ

240 3421 465 3474 πάντων
501 3421 610 3474 τῶν
635 3422 858 3476 ἰοϐόλων
885 3423 1159 3493 χείριστον
1181 3443 1194 3455 ’
1235 3428 1300 3479 ὲκ
1328 3425 1534 3480 τούτων
1567 3446 1625 3481 τε
1661 3429 1844 3482 αὑτῶν

239 3515 440 3577 ἄλλους
472 3517 772 3587 ὑποστῆναι
794 3517 946 3586 ὄφεις
961 3517 1048 3571 τὸν
1077 3519 1216 3591 ἀέρα
1234 3520 1416 3573 διιπτα
1426 3522 1638 3592 μένους.
1657 3522 1842 3578 Ταῦτα

243 3609 347 3677 μὲν
385 3603 482 3661 οὖν
507 3607 650 3662 κατά
671 3609 764 3662 τὸν
792 3611 1034 3680 παρόντα
1061 3613 1254 3682 καιρὸν
1292 3613 1354 3665 οὑ
1394 3617 1525 3686 παρ’
1564 3616 1692 3686 ὑμῖν
1744 3617 1844 3686 μό-

240 3716 355 3761 νοις
376 3703 491 3761 τοῖς
511 3699 849 3768 ἀλλοφύλοις,
893 3702 990 3773 ἤδη
1029 3703 1085 3755 δὲ
1121 3705 1213 3756 και
1246 3706 1372 3776 παρ’
1405 3706 1552 3777 αὐτῷ
1594 3708 1672 3778 τῷ
1709 3727 1845 3780 χρη·

244 3790 532 3858 ματίζοντι
562 3791 676 3860 λαῷ
705 3791 840 3844 Θεοῦ
872 3793 1102 3864 πληθύει
1129 3811 1142 3824 ’
1179 3795 1254 3859 ὼς
1287 3798 1464 3850 πάντα
1503 3800 1702 3870 τρόπον
1742 3818 1841 3853 πε-

243 3881 572 3951 πληρῶσθαι
610 3883 700 3936 τὸν
733 3885 892 3954 ἀέρα,
932 3886 1301 3957 διιπταμένων
1338 3889 1534 3958 ὄφεων,
1561 3893 1653 3944 καὶ
1682 3893 1843 3961 ἐκγό-

239 3989 348 4036 νων
373 3973 640 4037 ἀσπίδων,
689 3975 942 4047 πονηρῶν
972 3995 1132 4030 τινων
1167 3979 1261 4033 καὶ
1294 3979 1637 4051 λυμαντικῶν
1681 4002 1844 4038 πνευ-

245 4064 456 4133 μάτων.
498 4065 933 4136 Ἀναδειχθέντος
977 4069 1034 4122 δὲ
1080 4073 1221 4125 κατά
1269 4074 1459 4144 καιρὸν
1498 4075 1593 4127 τοῦ
1623 4077 1840 4129 πάντων

240 4153 452 4206 τούτων
481 4154 759 4225 ὀλετῆρος,
813 4157 1122 4226 οἰχήσονται
1168 4161 1261 4213 καὶ
1312 4163 1359 4213 οἱ
1410 4161 1585 4231 ὄφεις,
1643 4163 1738 4215 καὶ
1781 4163 1839 4215 αἱ

243 4247 475 4310 ἀσπίδες
516 4250 590 4301 τά
639 4266 698 4300 τε
746 4250 952 4303 τούτων
998 4253 1211 4325 πονηρὰ
1251 4254 1475 4324 ἔκγοναο
1519 4257 1595 4320 ὼς
1639 4257 1836 4328 μηκέτι

244 4342 494 4411 ἐνεργεῖν
527 4340 702 4394 ταῦτα
731 4342 788 4394 ἐν
819 4342 1150 4414 ἀνθρώποις.

322 4451 341 4482 ι
378 4431 842 4502 Βοσκηθήσονται,
892 4453 912 4485 ι
949 4436 1057 4507 γάρ
1088 4453 1253 4507 φησι,
1275 4455 1292 4486 ι
1323 4439 1528 4507 πτωχοὶ
1557 4439 1623 4491 δι’
1646 4438 1832 4492 αὐτοῦ’

1949 1946 2211 2000 terminos
2235 1945 2374 2013 ejus,
2406 1962 2434 1998 a
2473 1950 2603 2001 turri
2631 1949 2927 2012 Custodum
2960 1965 3130 2018 usque
3159 1951 3224 2004 ad
3257 1953 3530 2009 civitatem

1945 2037 2207 2088 munitam
2243 2038 2309 2090 ⁷⁸.
2357 2055 2375 2089 ι
2408 2035 2472 2091 Ει
2516 2038 2629 2091 haec
2669 2053 2887 2106 quoque
2933 2039 3066 2092 dicti
3116 2041 3383 2095 sententia
3414 2040 3531 2094 fue-

1947 2129 2038 2190 rit,
2087 2146 2106 2179 ι
2145 2127 2223 2183 Ne
2253 2129 2534 2194 laetemini,
2569 2130 2906 2198 alienigenae,
2947 2150 2965 2182 ι
3006 2147 3258 2201 magnum
3291 2135 3530 2188 sentien-

1948 2227 2026 2273 tes
2060 2234 2222 2288 Super
2254 2221 2352 2285 iis,
2385 2238 2520 2289 quos
2553 2224 2682 2276 deos
2727 2237 2848 2276 esse
2897 2225 3095 2291 putatis
3117 2266 3132 2290 ,
3164 2226 3317 2292 quasi
3353 2225 3534 2280 nullus

1945 2313 2016 2366 sit
2042 2312 2111 2366 ob
2141 2314 2427 2377 praesentis
2461 2313 2721 2381 temporis
2746 2315 3066 2382 nequitiam,
3096 2317 3187 2383 qui
3221 2331 3316 2369 vos
3341 2327 3530 2370 conte-

1948 2417 2030 2459 rat
2061 2415 2118 2460 el
2153 2407 2444 2474 opprimat.
2489 2403 2891 2460 Etiamsienim
2930 2408 3183 2460 attritum
3213 2409 3284 2460 sit
3338 2407 3529 2478 jugum

1943 2499 2080 2568 ejus,
2111 2499 2202 2560 qui
2236 2513 2327 2552 vos
2356 2499 2737 2566 percutiebat;
2788 2501 2840 2554 id
2882 2513 3029 2556 certe
3063 2516 3166 2554 non
3208 2515 3238 2554 e
3269 2516 3325 2556 re
3355 2513 3530 2556 vestra

1946 2590 2142 2656 fuerit;
2193 2591 2301 2646 imo
2355 2592 2534 2659 potius
2581 2591 2633 2644 in
2713 2593 2972 2646 damnum
3022 2592 3261 2646 vestdnn
3307 2604 3407 2649 est.
3460 2593 3534 2648 At

1944 2684 2089 2737 enim
2129 2682 2348 2736 nemine
2379 2697 2472 2734 vos
2502 2685 2864 2751 percutiente,
2915 2685 3132 2737 nemine
3164 2686 3529 2754 deprimente,

1946 2774 2031 2829 vel
2066 2775 2417 2841 curripiente,
2460 2790 2650 2840 magna
2696 2776 2746 2828 in
2799 2775 2952 2829 vobis
2998 2775 3262 2828 malorum
3309 2776 3390 2830 vis
3444 2777 3534 2830 iu-

1946 2867 2137 2921 valuit.
2172 2865 2308 2919 Nam
2360 2867 2451 2934 qui
2493 2866 2620 2920 olim
2668 2868 3008 2935 serpentium
3039 2869 3210 2920 instar
3239 2869 3290 2920 in
3319 2867 3532 2922 anima-

1947 2976 2067 3014 rum
2108 2970 2411 3012 vestrarum
2445 2960 2686 3012 latibulis
2716 2959 2948 3025 agebant
2975 2998 2990 3023 ,
3024 2969 3190 3028 atque
3243 2959 3297 3012 in
3333 2961 3532 3014 vestris

1947 3053 2190 3108 delubris
2237 3067 2302 3106 ac
2363 3051 2596 3120 templis,
2642 3053 2800 3104 veluti
2846 3052 2956 3116 dii,
3019 3052 3175 3106 sedes
3236 3051 3526 3113 habebant,

1948 3147 2169 3213 maligni
2207 3145 2486 3198 daemones
2515 3184 2529 3202 .
2564 3144 2737 3197 diram
2771 3143 2976 3210 prolem
3011 3157 3075 3196 ac
3103 3157 3287 3196 semen
3321 3141 3529 3209 impro-

1950 3240 2074 3293 bum
2102 3237 2437 3300 emiserunt;
2473 3237 2544 3288 ita
2579 3244 2638 3288 ut
2676 3249 2739 3287 ex
2783 3234 2885 3288 illis
2918 3234 3134 3302 aspides
3159 3234 3528 3303 gignerentur,

1947 3331 2088 3399 quod
2141 3339 2225 3384 est
2282 3330 2524 3383 omnium
2576 3337 2971 3382 venenatorum
3035 3326 3410 3390 teterrimum;
3462 3339 3530 3378 ex

1947 3422 2122 3490 iisque
2149 3420 2238 3474 alii
2274 3421 2404 3476 editi
2451 3421 2558 3474 sint
2608 3427 2892 3487 serpentes
2942 3432 3039 3485 per
3086 3430 3215 3470 aera
3262 3414 3526 3469 volantes.

1947 3511 2073 3567 Haec
2118 3527 2279 3580 porro
2332 3512 2385 3564 in
2439 3507 2720 3578 praesenti,
2789 3522 2894 3561 non
2958 3507 3102 3576 apud
3172 3520 3268 3560 vos
3320 3514 3527 3559 tantum

1946 3603 2276 3672 alienigenas
2301 3643 2316 3667 ,
2351 3603 2444 3656 sed
2471 3603 2632 3654 etiam
2668 3600 2808 3668 apud
2843 3613 2966 3651 eum
2991 3639 3006 3663 ,
3045 3597 3138 3666 qui
3178 3596 3408 3665 populus
3432 3595 3526 3648 Dei

1947 3707 2188 3760 vocatur,
2219 3710 2410 3764 magno
2447 3709 2676 3747 nmnero
2718 3693 3024 3755 habentur;
3077 3691 3149 3743 ita
3201 3698 3261 3743 ut
3306 3702 3531 3758 prorsus

1944 3806 2037 3843 aer
2087 3790 2362 3856 repleatur
2413 3787 2765 3855 serpentibus
2827 3783 3218 3846 volitantibus,
3291 3795 3355 3834 ac
3407 3779 3531 3834 filiis

1944 3885 2188 3952 aspidum
2216 3924 2230 3945 ,
2269 3883 2521 3951 malignis
2550 3881 2763 3935 scilicet
2788 3877 3119 3947 quibusdam
3172 3891 3236 3929 ac
3282 3875 3530 3929 exitiosis

1943 3977 2244 4045 Spiritibus.
2279 3974 2416 4028 Cum
2449 3982 2628 4027 autem
2667 3972 2710 4025 is
2735 4009 2750 4038 ,
2784 3970 2873 4039 qui
2922 3970 3035 4022 lucc
3069 3967 3248 4021 omnia
3282 3967 3530 4020 sublatu-

1946 4085 2035 4122 rus
2068 4079 2172 4129 est,
2204 4083 2304 4121 suo
2339 4075 2583 4134 tempore
2613 4061 2921 4127 advenerit,
2947 4069 3001 4113 et
3035 4057 3370 4129 apparuerit,
3400 4066 3530 4110 tunc

1943 4168 2249 4225 serpentes,
2282 4156 2520 4224 aspides,
2545 4167 2844 4220 earumque
2869 4151 3113 4220 improba
3137 4145 3317 4215 proles
3342 4147 3531 4200 absce-

1943 4251 2112 4314 dcnt;
2157 4247 2225 4300 ita
2261 4254 2318 4300 ut
2347 4249 2462 4300 haec
2487 4246 2540 4299 in
2577 4245 2826 4298 homines
2859 4243 2967 4295 vim
3017 4239 3157 4293 ultra
3214 4250 3320 4291 nou
3373 4251 3529 4289 exer-

1942 4351 2121 4398 ceant.

2012 4433 2176 4487 Vens.
2215 4432 2303 4486 50.
2332 4429 2464 4483 Nam
2501 4447 2520 4480 ι
2556 4438 2868 4496 pascentur,
2900 4425 3097 4494 inquit,
3123 4439 3220 4492 per
3247 4439 3368 4477 cum
3395 4437 3529 4490 pau-

244 4523 481 4594 πένητες
537 4523 594 4576 δὲ
651 4523 928 4604 ἄνθρωποι
974 4527 1061 4578 ἐπ’
1117 4528 1338 4598 εἰρήνης
1390 4528 1833 4582 ἀναπαύσονται·

1947 4539 2102 4592 percs
2139 4541 2152 4576 :
2194 4526 2382 4593 inopes
2410 4529 2592 4573 autem
2622 4519 2869 4572 homines
2908 4517 2958 4569 iu
3016 4530 3148 4584 pace
3199 4515 3482 4584 quiescent
3512 4530 3525 4566 ;

243 4619 425 4672 ἀνελεῖ
466 4619 524 4672 δὲ
562 4618 706 4690 λιμῷ
735 4619 798 4672 τὸ
839 4620 1061 4691 σπέρμα
1108 4638 1224 4682 σου,
1262 4621 1354 4674 καὶ
1391 4622 1452 4676 τὸ
1485 4623 1836 4692 κατάλειμμά

245 4728 337 4764 σου
365 4711 571 4764 ἀνελεῖ.
597 4731 614 4762 ι
647 4711 819 4765 Τοῦτο
847 4716 943 4784 μὲν
975 4709 1068 4767 οὖν
1107 4715 1168 4767 τὸ
1211 4714 1540 4787 έρπυστικὸν
1569 4715 1663 4769 καὶ
1691 4715 1834 4768 ἰοϐό-

244 4804 334 4857 λον
383 4803 544 4872 γένος
582 4803 725 4876 λιμῷ
777 4805 959 4858 ἀνελεῖ
1003 4806 1031 4857 ὁ
1079 4805 1575 4876 προφητευὸμενος,
1635 4805 1835 4876 μηκέτι

244 4896 565 4968 ἐπιτρέπων
592 4898 802 4969 τροφὴν
831 4898 932 4969 τὴν
972 4897 1201 4968 συνήθη,
1238 4896 1439 4969 δηλαδὴ
1476 4898 1576 4968 τὴν
1614 4897 1702 4952 διὰ
1737 4897 1838 4951 θυ-

247 4991 378 5045 σιῶν
417 4994 488 5063 τῇ
532 4991 818 5064 δαιμονικῇ
877 4992 1052 5063 πλάνῃ
1103 4991 1554 5064 προσφέρεσθαι·
1601 4993 1727 5054 τοὺς
1781 4992 1840 5045 δὲ

245 5082 440 5135 ἑαυτοῦ
463 5084 713 5152 πτωχοὺς
762 5081 1040 5154 ὲκθρέψει,
1068 5082 1163 5134 καὶ
1200 5083 1257 5136 ὲν
1287 5084 1478 5154 εἰρήνῃ
1511 5081 1837 5146 ἀναπαύσει,

250 5178 449 5250 μηκέτι
499 5177 1033 5250 παρενοχλουμένους
1093 5179 1200 5233 ὑπὸ
1255 5177 1366 5232 τῶν
1424 5176 1835 5247 παραδοθέντων

249 5269 516 5341 ἑρπετῶν.
544 5269 778 5322 Δύναται
814 5269 998 5340 μέντοι
1025 5269 1199 5323 ταῦτα
1242 5268 1338 5323 καὶ
1375 5268 1576 5339 ἑτέρως
1623 5268 1703 5329 εἰς
1741 5267 1835 5319 τὸν

261 5362 510 5428 Ἐζεκίαν
560 5360 932 5434 πληροῦσθαν
980 5363 1103 5426 τοὺς
1145 5360 1256 5432 γὰρ
1291 5359 1458 5414 πάλαι
1505 5359 1648 5412 κατά
1703 5357 1834 5410 Θεὸν

249 5458 671 5528 πτωχεύσαντας
700 5456 758 5509 ὲν
787 5454 946 5508 παντὶ
985 5453 1063 5526 τῷ
1118 5452 1384 5507 Ἰουδαίων
1426 5450 1569 5504 έθνει
1609 5448 1839 5518 ἀνεκτή-

251 5569 380 5604 σατο
433 5551 661 5622 τροφαῖς
704 5548 949 5613 λογικαῖς
995 5547 1090 5600 καὶ
1135 5544 1505 5607 διδασκαλίαις
1530 5560 1543 5572 ·
1597 5542 1691 5604 οὓς
1742 5541 1838 5593 καὶ

252 5644 582 5714 κατέστησεν
614 5641 707 5694 ἐπὶ
730 5640 830 5712 τὴν
861 5638 1031 5711 καλὴν
1054 5637 1221 5710 νομὴν
1254 5637 1348 5691 τοῦ
1384 5637 1483 5708 τῆς
1521 5633 1837 5696 θεοσεϐείας

325 5851 368 5882 ἐ
395 5848 460 5907 ιγ
500 5847 632 5918 Reg.
660 5859 816 5911 xvm,
838 5841 893 5898 8.

1948 4618 2093 4668 l'ame
2120 4629 2249 4669 vero
2281 4612 2574 4666 interliciet
2610 4624 2796 4665 semen
2821 4619 2994 4672 tuum,
3023 4618 3078 4661 et
3108 4607 3363 4675 reliquias
3411 4614 3529 4658 tuas

1946 4706 2244 4759 interimet.
2289 4723 2307 4754 ι
2347 4703 2460 4756 lloc
2493 4703 2659 4770 igitur
2696 4701 2890 4768 reptile
2915 4708 2968 4752 et
2992 4708 3318 4751 venenatum
3359 4711 3528 4764 genus

1945 4795 2085 4849 fame
2121 4795 2338 4849 necabit
2367 4795 2433 4861 is,
2474 4793 2648 4861 quiin
2691 4790 2970 4860 prophetia
3020 4791 3190 4841 fertur
3215 4827 3229 4851 ,
3265 4801 3364 4841 nec
3389 4785 3524 4836 ultra

1945 4889 2223 4960 permittet
2249 4898 2306 4940 ut
2335 4893 2628 4940 consuetus
2662 4885 2835 4946 cibus,
2868 4881 3118 4936 videlicet
3163 4895 3259 4949 per
3317 4877 3528 4930 Sacrifi-

1947 4984 2054 5046 cia,
2083 4981 2450 5042 .dtemoniaca:
2502 4975 2882 5045 superstitioni
2939 4973 3218 5028 olieratur.
3255 4969 3525 5034 Pauperes

1947 5085 2129 5128 autem
2163 5087 2292 5126 suos
2325 5068 2583 5132 enutrict,
2614 5077 2669 5120 et
2716 5067 2768 5119 in
2827 5078 2958 5133 pace
3009 5061 3292 5132 quiescere
3341 5056 3523 5118 faciet,

1947 5181 2052 5220 non
2077 5165 2215 5219 ultra
2248 5171 2473 5216 vexatos
2499 5175 2528 5212 a
2579 5158 2895 5210 memoratis
2946 5152 3248 5222 replilibus.
3291 5146 3526 5200 Possimt

1944 5259 2108 5314 etiam
2145 5256 2330 5310 iSlllIBC
2367 5253 2474 5306 alio
2507 5253 2665 5304 modo
2704 5251 2756 5302 in
2789 5247 3024 5303 Ezecbia
3058 5243 3275 5314 impleta
3307 5239 3472 5293 fuisse
3508 5255 3522 5292 :

1946 5351 2060 5420 ipse
2089 5348 2235 5403 enim
2267 5361 2383 5413 eos,
2416 5344 2506 5414 qui
2544 5349 2594 5396 iu
2644 5341 2900 5394 universo
2942 5337 3165 5392 Jutlaico
3211 5332 3404 5403 populo
3439 5348 3526 5384 se-

1945 5443 2182 5500 cundum
2210 5441 2375 5496 Deum
2400 5450 2664 5510 pauperes
2687 5433 2816 5487 olim
2849 5431 3091 5496 fuerant,
3120 5429 3259 5484 cibis
3288 5426 3534 5506 rationaj

1943 5535 2083 5590 libus
2112 5543 2168 5589 et
2198 5531 2446 5588 doctrina
2485 5525 2790 5590 recreavit;
2836 5537 2973 5592 quos
3018 5523 3144 5574 item
3199 5520 3250 5573 in
3303 5516 3526 5585 nptimis

1944 5627 2082 5700 ejus,
2112 5641 2232 5696 quae
2259 5626 2402 5696 piam
2428 5620 2746 5690 religionem
2772 5616 2952 5680 docet,
2983 5612 3115 5682 legis
3146 5611 3364 5682 pascuis
3403 5622 3530 5663 coa-
