3984 6506
266 346 373 399 εθι

1222 346 1720 401 ωΜΜκΜΑκιΑ
1764 348 1828 399 ΙΝ
1872 348 2122 405 ISAIAM.
2158 378 2227 389 -—
2254 348 2406 404 CAP.
2448 347 2586 404 XVI.

3400 362 3508 418 202

266 480 373 535 νην
402 482 420 515 ι
461 463 659 536 ,Ὁρᾷς
690 462 749 518 τὸ
779 463 962 536 θαῦμα
1006 463 1098 518 τοῦ
1146 465 1303 534 λόγου
1349 468 1407 520 ὲν
1449 465 1527 537 τῷ
1564 465 1838 538 συμπερά-

1943 468 2232 535 justitiam.
2264 488 2285 522 ι
2320 468 2501 527 Viden’
2532 469 2795 526 sermonis
2821 470 3119 531 mirabilem
3150 475 3204 531 in
3254 474 3359 535 line
3387 496 3510 550 pro—

266 573 443 627 σματι
476 557 574 627 τῆς
618 559 951 629 προφητείας
987 559 1391 630 περιεχόμενον.
1424 560 1582 613 Κατά
1608 561 1667 613 τὸ
1711 560 1843 613 αὐτὸ

260 654 381 723 γὰρ
432 653 697 717 θεσπίσας
746 656 1070 725 ἀφανισμὸν,
1119 655 1528 725 εὐαγγελίζεται
1588 657 1839 722 ὲλπίδας’

260 742 480 814 σκηνὴν
530 742 693 797 Δαυτδ
718 746 914 814 φήσας,
944 744 1039 797 καὶ
1086 744 1271 815 θρόνον
1318 745 1452 800 Θεοῦ
1494 748 1621 817 παρ’
1663 747 1845 812 αὐτοῖς

257 835 644 906 συστήσασθαι
665 852 679 867 ’
712 838 803 891 καὶ
827 836 997 891 ταῦτα
1026 836 1239 890 ἔσεσθαι
1265 838 1445 891 οὐκέτι
1482 839 1541 905 ἐξ
1572 838 1846 911 ἀνθρωπί-

256 944 365 997 νης
398 928 547 992 τινὸς
578 928 834 997 σπουδῆς,
860 929 974 983 ἀλλ’
1027 928 1086 993 ἐξ
1136 929 1314 994 ἐλέους
1360 930 1492 983 Θεοῦ
1539 931 1633 983 καὶ
1660 932 1845 1001 φιλαν-

257 1018 542 1087 θρωπίας.
598 1020 690 1073 Διὸ
734 1020 981 1073 λέλεκται
1023 1020 1164 1075 κατὰ
1214 1020 1306 1075 τὸν
1365 1021 1613 1087 Ἀκύλαν,
1661 1040 1679 1073 ι
1735 1024 1845 1077 Καὶ

255 1112 728 1183 ἑτοιμασθήσεται
785 1114 843 1165 ἐν
892 1112 1027 1184 ἐλέῳ
1091 1112 1313 1184 θρόνος’
1370 1132 1389 1166 ι
1442 1112 1585 1168 κατά
1646 1114 1704 1167 δὲ
1752 1115 1844 1168 τὸν

252 1203 621 1271 Θεοδοτίωνα,
654 1223 673 1256 ι
714 1205 823 1258 Καὶ
864 1205 1312 1277 ὲτοιμασθήσεται
1362 1206 1476 1277 μετ’
1504 1206 1682 1269 ἐλέους
1723 1206 1846 1279 θρό-

253 1310 372 1357 νος.
422 1313 440 1344 ι
477 1294 598 1347 Τίνι
652 1294 707 1348 δὲ
756 1293 1296 1366 ὲτοιμασθήσεται,ἣ
1351 1296 1564 1359 πάντως
1609 1313 1711 1349 που
1766 1296 1845 1367 τῷ

254 1385 509 1456 Χριστῷ,
535 1385 612 1456 τῷ
640 1387 703 1439 ἐκ
731 1386 1041 1457 σπέρματος
1070 1385 1230 1440 Δαυῒδ
1250 1386 1657 1457 γεγεννημένῳ;
1691 1388 1846 1440 Ἐσε-

255 1478 388 1530 σθαι
423 1478 606 1531 τοίνυν
655 1478 805 1551 παρά
852 1482 964 1544 τοῖς
1007 1478 1325 1542 Μωαϐίταις
1368 1479 1555 1552 θρόνον
1607 1480 1843 1551 Χριστοῦ

254 1587 453 1641 φησιν,
486 1571 547 1624 ἐν
566 1564 609 1637 ᾧ
636 1570 901 1625 καθιεῖται
934 1570 1072 1641 μετά
1105 1570 1362 1640 ἀληθείας
1393 1572 1451 1624 ὲν
1490 1574 1663 1642 σκηνῇ
1682 1570 1844 1625 Δαυῖδ

251 1662 753 1735 γεννηθησόμενος.
787 1662 943 1717 Οῦτω
982 1664 1039 1716 δὲ
1065 1662 1249 1717 καλεῖν
1295 1662 1451 1717 εἴωθε
1484 1662 1545 1716 τὸ
1574 1681 1843 1735 προφητι-

249 1754 354 1809 κὺν
395 1756 618 1827 πνεῦμα
644 1755 740 1827 τὴν
780 1756 1103 1827 Ἐκκλησίαν
1137 1756 1229 1809 τοῦ
1261 1755 1395 1810 Θεοῦ
1420 1773 1435 1786 ο
1470 1757 1592 1809 ἐπεὶ
1624 1757 1716 1809 καὶ
1751 1755 1842 1809 τὸν

1946 560 2143 631 phetize
2164 561 2523 617 teconomiam
2550 564 2573 617 ?
2601 562 2733 619 Nam
2759 576 3043 638 postquam
3076 570 3346 627 excidium
3373 576 3513 629 vati-

1945 656 2157 711 cinatus
2180 663 2284 723 est,
2308 656 2495 711 codem
2530 664 2772 724 tempore
2796 673 2941 729 spem
2973 660 3169 715 bonam
3199 663 3508 725 annuntiat.

1945 744 2157 809 dicens.
2193 745 2601 802 tabernaculum
2650 747 2817 803 David
2845 759 2899 804 et
2950 752 3196 807 thronum
3244 754 3335 811 Dei
3367 759 3508 826 apud

1946 834 2066 890 illos
2107 837 2548 891 constituendum
2597 852 2764 901 esse;
2817 839 3038 908 hachue
3105 858 3211 897 non
3273 845 3506 900 humana

1945 926 2175 995 quadam
2214 941 2378 997 opera
2406 936 2460 982 et
2486 928 2849 985 sollicitudine
2872 970 2887 993 ,
2925 934 3017 986 sed
3045 950 3108 987 ex
3138 936 3507 994 misericordia

1946 1028 2001 1073 et
2027 1018 2312 1074 clementia
2344 1018 2461 1074 Dei.
2487 1019 2665 1086 Quare
2684 1022 2981 1076 secundum
3009 1022 3257 1093 Aquilam
3288 1028 3506 1096 dicitur,

1951 1129 1970 1163 ι
2014 1111 2499 1182 Ειρηερετεὺίιιη
2531 1114 2582 1165 in
2630 1114 3003 1168 misericordia
3049 1117 3311 1185 thronus;
3350 1139 3368 1173 ι
3418 1138 3507 1177 se-

1946 1205 2180 1261 cundum
2230 1205 2653 1261 Theodotiouetn
2704 1222 2870 1273 vero,
2924 1225 2942 1258 ι
2998 1207 3060 1261 Et
3121 1214 3509 1280 prmparabitur

1944 1311 2067 1351 cum
2098 1297 2473 1351 misericordia
2502 1300 2746 1354 thronus.
2786 1317 2806 1351 ›
2847 1299 2943 1353 Cui
2974 1310 3151 1356 autem
3183 1305 3511 1372 prmparabi—

1948 1396 2056 1452 tur,
2090 1389 2190 1443 nisi
2220 1387 2379 1457 plane
2400 1389 2620 1444 Christo
2644 1430 2658 1455 ,
2688 1390 2779 1460 qui
2811 1405 2876 1444 ex
2906 1393 3115 1447 semine
3150 1392 3314 1448 David
3354 1406 3511 1452 natus

1946 1488 2028 1535 est
2051 1480 2075 1533 ?
2097 1480 2186 1534 Ait
2212 1481 2375 1551 igitur
2395 1482 2535 1552 apud
2566 1480 2831 1537 Moabitas
2854 1484 3052 1540 Christi
3084 1486 3333 1542 thronum
3365 1487 3511 1544 futu-

1946 1587 2063 1626 rum
2090 1587 2230 1640 esse,
2276 1573 2328 1628 in
2355 1588 2461 1643 quo
2493 1590 2615 1628 cum
2642 1575 2873 1630 veritate
2915 1578 3125 1633 sedebit
3153 1579 3198 1633 is
3228 1580 3319 1650 qui
3348 1581 3399 1634 in
3432 1591 3511 1635 ta-

1945 1662 2239 1719 bernaculo
2271 1663 2436 1717 David
2467 1666 2773 1721 nasciturus
2811 1678 2917 1722 est.
2971 1666 3061 1723 Sic
3109 1685 3271 1738 porro
3302 1686 3513 1727 nuneu-

1945 1770 2076 1825 pare
2131 1757 2267 1824 solet
2321 1757 2555 1825 Spiritus
2607 1759 2953 1827 pmpheticus
3010 1761 3306 1817 Ecclesiam
3366 1764 3508 1819 Dei:

250 1847 500 1920 Χριστὸν
532 1848 693 1902 αὐτὸν
725 1847 886 1902 Δαυῒδ
910 1847 1198 1920 ὀνομάζειν
1220 1847 1358 1914 ἔθος,
1384 1846 1471 1900 διὰ
1501 1847 1561 1900 τὸ
1589 1848 1653 1900 ἐκ
1678 1845 1838 1917 σπέρ-

1947 1862 2069 1901 nam
2101 1849 2274 1917 ipsum
2318 1861 2532 1916 quoque
2562 1846 2835 1903 Christum
2870 1850 3123 1905 Davidem
3154 1868 3352 1908 vocare
3382 1869 3511 1909 con-

253 1959 434 2012 ματος
489 1939 653 1993 Δαυῖδ
699 1940 837 1994 κατά
886 1942 1064 2012 σάρκα
1109 1938 1465 2011 γεγεννῆσθαι
1520 1939 1702 1993 αὐτόν.
1754 1939 1846 1992 Διὸ

252 2032 471 2103 σκηνὴν
507 2030 604 2101 μὲν
636 2031 798 2083 Δαυῒδ
839 2032 937 2100 τὴν
966 2030 1289 2101 Ἐκκλησίαν
1340 2030 1623 2094 ἀποκαλεῖ,
1656 2029 1844 2101 θρόνον

250 2124 427 2178 δὲτὴν
469 2124 563 2176 ἐπὶ
587 2122 785 2194 ταύτης
814 2123 904 2175 τὸν
951 2124 1049 2193 τῆς
1090 2121 1409 2193 Ἐκκλησίας
1445 2122 1737 2195 πρόεδρον,
1783 2121 1842 2187 ὃς

250 2219 345 2271 τὸν
394 2218 710 2289 σωματικὸν
756 2217 943 2287 ἐπέχει
986 2216 1194 2288 θρόνον,
1236 2217 1398 2270 τόπον
1443 2216 1625 2288 τηρῶν
1654 2214 1843 2287 ὥσπερ

249 2311 346 2364 τοῦ
392 2308 656 2382 Χριστοῦ.
691 2310 873 2380 "Amp
899 2309 974 2373 ὡς
1024 2312 1082 2362 ὲν
1132 2309 1446 2380 μυστηρίοις
1487 2308 1631 2361 κατά
1679 2308 1841 2379 μέσον

249 2404 353 2472 τῆς
379 2399 716 2471 προφητείας
742 2398 1205 2471 παρεμϐέϐληται,
1232 2399 1325 2453 τοῦ
1349 2399 1502 2467 ἁγίου
1528 2398 1841 2469 Πνεύματος

252 2494 446 2564 μόνοις
472 2494 585 2555 τοῖς
604 2491 853 2563 μέλλουσι
890 2492 1145 2556 συνιέναι,
1181 2494 1276 2546 καὶ
1303 2492 1399 2563 τῆς
1437 2491 1639 2546 τούτων
1662 2491 1842 2559 ἀξιοῦ-

252 2588 385 2641 σθαι
416 2584 672 2656 θεωρίας,
699 2584 796 2655 τὴν
820 2584 1022 2639 τούτων
1047 2586 1247 2654 γνῶσιν
1278 2584 1735 2657 ταμιευσαμένου.

330 2788 352 2819 ι
409 2767 758 2838 Ἠκούσαμεν
792 2765 890 2839 τὴν
925 2765 1080 2840 ὓϐριν
1106 2765 1308 2821 Μωάϐο
1343 2765 1601 2837 ὑϐριστὴς
1634 2763 1839 2834 σφόδρα

249 2862 356 2934 τὴν
403 2860 798 2932 ὑπερηφανίαν,
828 2862 922 2915 καὶ
965 2862 998 2932 ἡ
1052 2858 1207 2931 ῦϐρις
1238 2858 1402 2911 αὑτοῦ
1450 2858 1545 2913 καὶ
1592 2858 1625 2929 ἡ
1678 2857 1837 2928 μῆνις

251 2954 426 3011 αὑτοῦ
450 2972 465 2985 ·
494 2956 593 3025 οὐχ
617 2954 791 3019 οὕτως
820 2955 853 3025 ή
901 2952 1130 3025 μαντεία
1180 2968 1295 3015 σου,
1339 2950 1438 3021 οὐχ
1466 2949 1655 3013 οὕτως.
1695 2949 1840 3004 Ὀλο-

249 3046 405 3112 λύξει
441 3047 650 3101 Μωάϐ·
701 3048 759 3099 ὲν
812 3046 917 3118 γὰρ
952 3048 1019 3116 τῇ
1059 3043 1361 3099 Μωαϐίτιδι
1411 3043 1608 3107 πάντες
1658 3041 1839 3095 ὀλολύ-

251 3139 438 3205 ξουσι·
493 3143 607 3203 τοῖς
660 3137 971 3192 κατοικοῦσι
1014 3136 1070 3189 δὲ
1100 3134 1207 3207 Σὴθ
1243 3135 1574 3206 μελετήσεις,
1613 3135 1704 3188 καὶ
1736 3134 1836 3187 οὐκ

1946 1939 2162 2005 suevit,
2216 1941 2340 2009 quia
2389 1956 2455 1995 ex
2500 1942 2705 1996 semine
2749 1942 2915 1996 David
2964 1945 3257 1999 secundum
3286 1960 3511 2002 carnem

1945 2039 2106 2084 natus
2139 2040 2241 2086 est.
2273 2030 2633 2097 Quamobrem
2664 2032 2959 2088 Ecclesiam
2990 2035 3208 2105 quidem
3254 2037 3510 2092 taberna-

1944 2120 2122 2176 culum
2179 2122 2345 2177 David
2382 2124 2660 2194 appellat,
2717 2127 2967 2181 thronum
3023 2138 3203 2183 autem
3270 2128 3510 2199 ejusdem

1944 2212 2198 2269 Ecclesia:
2212 2215 2516 2283 praesidem,
2532 2217 2621 2285 qui
2640 2233 2953 2286 corporeum
2979 2223 3230 2274 thronum
3260 2230 3508 2289 occupat,

1942 2314 2105 2375 atque
2132 2320 2227 2360 ceu
2256 2305 2454 2361 Christi
2499 2308 2670 2362 locum
2710 2317 2871 2364 tenet.
2919 2310 3069 2376 Quae,
3091 2324 3189 2365 ceu
3220 2311 3274 2364 in
3304 2322 3510 2381 myste~

1942 2397 2059 2462 riis,
2093 2397 2147 2453 in
2195 2398 2374 2453 medio
2422 2400 2711 2469 prophetia:
2740 2400 2940 2455 inserta
2975 2410 3118 2464 sunt,
3146 2400 3347 2470 Spiritu
3385 2418 3513 2456 san-

1947 2498 2035 2544 cto
2068 2490 2257 2544 horum
2282 2492 2533 2545 notitiam
2574 2492 2640 2547 iis
2688 2502 2900 2547 tantum
2934 2493 3022 2563 qui
3050 2493 3404 2558 intellecturi,
3454 2502 3512 2549 et

1940 2580 2200 2637 harumce
2252 2598 2430 2637 rerum
2480 2585 2793 2654 spectaculo
2838 2586 2983 2657 digni
3025 2586 3253 2643 habendi
3310 2593 3508 2657 erant,

1941 2684 2278 2731 reservante.

2016 2766 2176 2823 Vsus.
2223 2766 2297 2833 6,
2334 2767 2383 2820 7.
2441 2785 2461 2820 ι
2508 2768 2824 2825 Audivimus
2873 2772 3253 2828 contumeliam
3304 2774 3506 2840 Moab,

1940 2860 2362 2916 contumeliosus
2387 2860 2542 2915 valde
2567 2864 2909 2931 superhia,et
2931 2867 3255 2921 contumelia
3282 2868 3419 2937 ejus,
3452 2878 3509 2923 ct

1940 2955 2019 3009 ira
2050 2954 2166 3024 ejus
2198 2972 2212 3009 :
2247 2970 2349 3009 non
2400 2956 2476 3010 sic
2512 2956 2775 3011 divinatio
2814 2968 2900 3011 tua
2929 2998 2945 3024 ,
2979 2974 3082 3013 non
3132 2959 3232 3015 sic.
3272 2960 3508 3016 Ulnlabit

1941 3044 2097 3101 Moab
2133 3066 2145 3101 :
2184 3062 2307 3101 nam
2338 3047 2390 3100 in
2422 3046 2713 3104 Moabitide
2756 3065 2948 3105 omnes
2994 3050 3313 3108 ululabunt:
3349 3054 3506 3109 habi-

1942 3137 2177 3192 tantibus
2207 3136 2337 3193 Seth
2363 3139 2708 3195 meditaberis
2730 3150 2785 3195 et
2810 3156 2913 3195 nun
2948 3143 3313 3201 coul'underis.
3345 3165 3363 3197 ι
3399 3147 3505 3201 Ge-

249 3234 599 3305 ὲντραπήσῃ.
638 3251 656 3283 ›
693 3232 805 3302 Οὐχ
830 3231 1012 3302 ὅμοιαι
1073 3231 1124 3282 αἱ
1155 3228 1382 3301 πράξεις
1406 3232 1517 3292 τοῖς
1545 3228 1641 3299 τῆς
1666 3228 1836 3299 ὑπερ-

1943 3238 2019 3283 sta
2068 3230 2313 3300 superbis
2343 3231 2500 3286 dictis
2531 3232 2722 3287 similia
2754 3249 2857 3288 non
2896 3244 3054 3302 sunt;
3086 3238 3199 3292 sive
3241 3238 3366 3307 quia
3398 3238 3508 3293 Deo

248 3325 488 3397 ηφανίας
516 3324 693 3392 λόγοις
716 3339 729 3352 ·
758 3324 790 3394 ἦ
826 3322 920 3376 καὶ
943 3321 1127 3392 ἐπειδὴ
1160 3321 1301 3392 μέγα
1325 3320 1581 3392 ἐφρόνουν
1626 3319 1717 3372 ἐπὶ
1758 3317 1837 3389 τῷ

250 3416 469 3471 ἑαυτῶν
506 3416 633 3486 θεῷ,
679 3416 771 3468 καὶ
818 3417 936 3478 ταῖς
968 3412 1156 3467 τούτου
1190 3412 1464 3485 μαντείαις
1486 3431 1497 3442 ·
1542 3413 1640 3482 οὐχ
1672 3410 1834 3474 οὓτω,

250 3512 449 3583 φησιν,
476 3509 650 3573 ἔσται,
687 3509 848 3562 ὁποῖα
899 3506 1222 3579 μαντεύεται
1265 3508 1293 3561 ὁ
1336 3508 1467 3577 παρ’
1501 3506 1682 3569 αὐτοῖς
1724 3504 1840 3560 δαί-

253 3623 399 3676 μων,
433 3601 544 3656 οὐδ’
603 3604 763 3655 ὁποῖα
792 3600 878 3653 διὰ
924 3600 1187 3673 χρησμῶν
1232 3604 1343 3663 τοῖς
1376 3598 1835 3669 ὲξαπατωμένοις,

248 3699 353 3751 καὶ
376 3696 513 3748 Θεὸν
542 3694 702 3749 αὑτὸν
731 3690 870 3746 εἶναι
896 3693 1206 3764 νομίζουσιν
1237 3690 1631 3764 ἐπηγγέλλετο⁹
1665 3691 1694 3742 ό
1730 3690 1838 3763 γὰρ

250 3787 432 3843 ἐπιὼν
453 3786 644 3859 χρόνος
665 3784 867 3838 τούτων
889 3784 1066 3838 αὐτῶν
1090 3785 1149 3837 τὸ
1178 3784 1373 3854 ψεῦδος
1398 3782 1679 3850 διελέγξει.

334 3901 354 3931 ‹
396 3879 481 3931 Τά
526 3878 684 3931 πεδία
726 3875 959 3930 Ἐσεϐὼν
1003 3877 1280 3949 πενθήσει,
1320 3875 1561 3948 ἄμπελος
1586 3874 1836 3946 Σαϐαμά,

252 3973 655 4033 καταπίνοντες
681 3970 749 4023 τὰ
772 3970 919 4041 ἔθνη,
966 3970 1388 4041 καταπατήσατε
1423 3968 1519 4032 τὰς
1563 3967 1839 4038 ἀμπέλους

253 4065 455 4135 αὐτῆς,
484 4064 590 4125 ἕως
623 4059 804 4133 Ἱαξὴρ
850 4063 910 4115 οὐ
947 4062 1020 4133 μὴ
1057 4060 1349 4131 συνάψητε,
1390 4060 1695 4132 πλανήθητε
1740 4059 1839 4131 τὴν

251 4158 467 4230 ἔρημον
486 4172 497 4183 ·
528 4156 578 4208 οἱ
611 4154 1011 4224 ἀπεσταλμένοι
1040 4153 1552 4223 ὲγνατελείφθησαν,
1586 4151 1839 4221 διέϐησαν

249 4249 365 4322 γὰρ
396 4249 533 4319 πρὸς
554 4247 651 4318 τὴν
677 4247 970 4303 θάλασσαν.
1006 4245 1105 4299 Διά
1131 4245 1287 4299 τοῦτο
1317 4244 1619 4313 κλαύσομαι
1647 4245 1720 4307 ὡς
1749 4243 1839 4295 τὸν

251 4340 537 4412 κλαυθμὸν
576 4340 775 4411 Ἰαζὴρ,
805 4338 1046 4410 ἄμπελον
1082 4337 1331 4408 Σαϐαμά.
1377 4336 1457 4389 Τά
1507 4336 1695 4407 δένδρα
1746 4352 1837 4387 σου

250 4433 560 4490 κατέϐαλεν
596 4430 828 4484 Ἑσεϐὼν
854 4430 950 4484 καὶ
983 4430 1227 4500 Ἐλεαλὴ,
1254 4429 1335 4481 ὅτι
1366 4428 1459 4481 ἐπὶ
1489 4426 1567 4497 τῷ
1597 4424 1839 4497 θερισμῷ

250 4532 353 4586 καὶ
394 4530 491 4582 ὲπί
536 4528 613 4598 τῷ
663 4525 919 4599 τρυγητῷ
966 4542 1058 4578 σου
1110 4524 1499 4594 καταπατήσω,
1532 4520 1624 4573 xui.
1658 4520 1835 4573 πάντα

251 4621 581 4677 πεσοῦνται.
608 4619 719 4673 Καὶ
746 4618 1044 4691 ἀρθήσεται
1077 4614 1379 4686 εὐφροσύνη
1410 4614 1503 4667 καὶ
1523 4612 1834 4683 ἀγαλλίαμα

253 4720 319 4770 ἐκ
346 4716 457 4769 τῶν
488 4711 844 4785 ἀμπελώνων,
876 4712 970 4764 καὶ
995 4711 1053 4762 ὲν
1074 4712 1187 4773 τοῖς
1210 4706 1493 4778 ἀμπελῶσι
1524 4724 1615 4760 σου
1661 4706 1721 4757 οὐ
1757 4705 1831 4775 μὴ

255 4803 743 4877 εύψρανθήσονται,
771 4800 866 4853 καὶ
890 4801 949 4852 ού
990 4800 1063 4870 μὴ
1108 4798 1436 4868 πατήσουσιν
1460 4791 1596 4849 οἶνον
1636 4797 1714 4859 εἰς
1762 4794 1833 4847 τὰ

254 4899 525 4968 ὐπολήνια
549 4913 563 4926 ο
589 4895 864 4947 πέπαυται
887 4892 1012 4964 γάρ.
1042 4912 1060 4943 ι
1092 4889 1352 4961 Σημαίνει
1371 4889 1427 4941 δὲ
1454 4887 1543 4940 διὰ
1568 4887 1666 4959 τῆς
1688 4888 1831 4942 ὀπώ-

260 5008 357 5061 ρας
389 4985 599 5041 καὶτοῦ
626 4983 907 5057 θερισμοῦ,
942 4983 1036 5035 καὶ
1078 4980 1166 5034 διὰ
1204 4982 1304 5052 τῆς
1335 4978 1594 5041 πολλάκις
1637 4981 1833 5049 ὀνομα-

256 5082 482 5149 σθείσης
509 5077 755 5149 ἀμπέλου
804 5076 867 5129 τὸ
920 5074 1143 5138 εὐθαλὲς
1192 5073 1286 5127 καὶ
1334 5074 1589 5144 ἄκμαιον,
1634 5072 1728 5124 καὶ
1774 5070 1835 5124 τὸ

255 5173 528 5247 τρυφερὸν
569 5172 659 5225 καὶ
689 5170 889 5241 ὡραῖον
926 5168 1024 5238 τῆς
1052 5167 1160 5220 τῶν
1192 5165 1534 5237 δηλουμένων
1574 5162 1739 5235 ζωῆς,
1774 5167 1833 5217 ἐν

255 5263 526 5340 ᾖῶσπερ
589 5261 874 5333 μεθύοντες
943 5259 1127 5329 διῆγον
1184 5257 1674 5329 ὲνευφραινόμενοι,
1738 5258 1831 5310 καὶ

254 5357 628 5431 ἐντρυφῶντες
653 5354 745 5406 ἐπὶ
768 5356 888 5415 ταῖς
915 5351 1096 5415 ἀθέοις
1120 5350 1297 5404 αὐτῶν
1330 5348 1686 5412 δυσσεϐείαις.

331 5470 349 5501 ε
379 5447 480 5501 Διά
506 5447 667 5499 τοῦτο
701 5448 735 5515 ἡ
768 5444 946 5497 κοιλία
994 5460 1092 5513 μου
1146 5441 1239 5495 ἐπὶ
1284 5439 1454 5495 Μωάϐ
1501 5439 1577 5502 ὡς
1631 5439 1832 5511 κιθάρα

257 5542 470 5613 ὴχὴσει,
499 5538 594 5591 καὶ
639 5535 705 5589 τὰ
746 5535 897 5597 ἐντός
923 5551 1023 5604 μου
1051 5533 1182 5586 ὡσεὶ
1205 5534 1381 5601 τεῖχος
1412 5530 1440 5583 ὂ
1471 5529 1829 5593 ὲνεκαίνισας,

260 5636 353 5688 καὶ
388 5634 541 5687 ἔσται
589 5631 668 5692 είς
716 5628 777 5681 τὸ
826 5625 1160 5699 ἐντραπῆναί
1211 5642 1292 5679 σε.
1334 5644 1352 5675 ι
1391 5625 1545 5677 Κατὰ
1589 5623 1645 5676 δὲ
1677 5623 1833 5692 λόγον

261 5726 573 5798 βαθύτερον,
600 5722 738 5794 πρὸς
777 5720 935 5773 αὑτὸν
968 5719 1061 5771 καὶ
1081 5716 1176 5770 νῦν
1207 5720 1235 5770 ό
1264 5716 1443 5785 λόγος,
1476 5714 1613 5787 πρὸς
1648 5715 1704 5770 ὃν
1738 5715 1833 5768 καὶ

258 5817 337 5884 τὺ,
380 5836 399 5870 ι
432 5816 565 5870 ὡσεὶ
590 5816 764 5882 τεῖχος
785 5811 815 5864 ὃ
851 5808 1207 5871 ὲνεκαίνισας,
1252 5827 1269 5859 ι
1295 5805 1492 5879 δηλαδὴ
1536 5806 1629 5862 τὸν
1674 5805 1827 5861 Θεόν.

497 5912 771 5971 Ριτιιοι..
825 5906 942 5969 Gtt.
1004 5904 1237 5966 XXIV.

1938 3335 2035 3375 suo
2058 3360 2072 3386 ,
2102 3321 2324 3390 ejusque
2361 3321 2629 3377 vaticiniis
2659 3323 2889 3377 multum
2936 3326 3169 3381 ﬁdebant
3201 3344 3216 3382 :
3250 3343 3356 3383 non
3386 3328 3460 3382 ita
3487 3368 3503 3389 ,

1939 3412 2153 3482 inquit,
2184 3416 2292 3467 erit
2339 3421 2397 3468 ut
2422 3414 2755 3469 vaticinatur
2782 3416 2990 3471 daemon
3039 3417 3250 3473 illorum
3275 3459 3292 3485 ,
3333 3434 3507 3489 neque

1939 3514 1997 3559 ut
2027 3505 2113 3569 iis,
2144 3504 2236 3574 qui
2270 3504 2477 3575 decepti
2510 3505 2658 3560 illum
2708 3522 2804 3574 pro
2828 3507 2927 3562 deo
2959 3507 3252 3574 habebant,
3281 3509 3507 3566 oraculo

1938 3596 2292 3665 pollicebatur
2323 3613 2337 3649 :
2375 3595 2612 3651 futurum
2646 3596 2841 3667 quippe
2873 3606 3081 3667 tempus
3122 3600 3242 3655 illos
3286 3602 3508 3657 menda-

1938 3687 2008 3741 cii
2033 3697 2242 3758 arguet.

2009 3868 2175 3927 Veus.
2230 3870 2394 3927 8—10.
2451 3891 2470 3923 ι
2507 3871 2770 3928 Planities
2811 3871 3021 3929 Esebon
3062 3873 3303 3945 lugebit,
3350 3875 3508 3930 vinea

1941 3963 2171 4020 Sabama
2198 4006 2213 4033 ,
2250 3966 2341 4035 qui
2397 3964 2671 4036 dcglulilis
2698 3976 2884 4035 gentes
2913 4007 2928 4033 ,
2956 3967 3272 4022 conculcate
3313 3967 3504 4023 vineas

1938 4056 2077 4125 ejus,
2104 4072 2278 4127 usque
2321 4054 2479 4111 Jazer
2520 4072 2587 4111 ne
2635 4056 2939 4127 attingatis,
2976 4065 3157 4111 errate
3200 4072 3295 4126 per
3325 4056 3509 4110 deser-

1939 4159 2100 4204 tum.:
2139 4149 2289 4203 missi
2325 4148 2568 4203 derelicti
2606 4160 2766 4213 sunt,
2803 4150 3235 4217 pertransierunt
3265 4149 3407 4202 enim
3440 4148 3509 4201 ad

1938 4256 2105 4295 mare.
2132 4240 2255 4296 Ideo
2280 4240 2504 4310 plorabo
2535 4251 2809 4310 tamquam
2841 4242 3051 4311 ploratu
3084 4240 3264 4308 Jazer,
3293 4242 3506 4295 vineam

1940 4334 2196 4393 Sabama.
2242 4335 2480 4391 Arbores
2514 4346 2634 4391 tuas
2681 4334 2881 4403 deiecit
2929 4336 3137 4389 Esebon
3190 4344 3243 4388 et
3290 4333 3507 4395 Eleale.

1938 4427 2065 4497 quia
2115 4441 2347 4482 messem
2399 4438 2453 4482 et
2482 4428 2807 4482 vindemiam
2848 4438 2995 4483 tuam
3032 4426 3406 4491 conculcabo,
3456 4435 3510 4482 et

1940 4520 2120 4574 omnia
2169 4522 2384 4575 cadent.
2420 4520 2485 4574 Et
2534 4520 2752 4576 tolletur
2793 4522 2979 4577 laetitia
3016 4535 3070 4577 et
3102 4521 3399 4582 exsultatio
3441 4520 3509 4575 de

1942 4612 2117 4668 vineis
2147 4630 2161 4667 :
2190 4622 2245 4667 et
2277 4612 2332 4666 in
2362 4613 2535 4668 vineis
2568 4615 2674 4671 tuis
2705 4614 3047 4681 laetabuntur,
3084 4632 3183 4673 nec
3223 4618 3510 4675 calcabunt

1939 4703 2123 4756 vinum
2160 4702 2213 4757 in
2263 4703 2626 4761 torcularibus
2681 4725 2693 4760 :
2751 4707 2982 4762 cessavit
3016 4710 3182 4761 enim.
3222 4727 3240 4761 ›
3275 4706 3379 4763 Per
3408 4726 3506 4763 au-

1941 4803 2183 4848 tumnum
2232 4803 2287 4850 et
2320 4812 2550 4852 messem
2577 4838 2593 4862 ,
2647 4814 2710 4853 ac
2763 4814 2861 4869 per
2906 4800 3116 4853 vineam
3155 4801 3349 4869 saepius
3397 4816 3508 4855 me-

1940 4896 2204 4940 moratam
2234 4927 2248 4951 ,
2298 4886 2578 4945 ﬂorentem
2609 4931 2624 4956 ,
2678 4892 3038 4963 voluptariam
3100 4902 3154 4946 et
3210 4892 3505 4958 jucundam

1940 4990 2124 5031 eorum
2153 4978 2318 5033 vitam
2356 4979 2557 5036 indicat
2582 5021 2599 5045 ,
2630 4996 2733 5050 qua
2782 4998 2880 5037 ceu
2930 4982 3067 5037 ebrii
3106 4982 3368 5051 degebant
3411 4981 3503 5035 lae—

1943 5078 2117 5126 tantes
2166 5080 2223 5126 et
2281 5073 2621 5130 lascivientes
2672 5076 2725 5129 in
2780 5075 3001 5130 nefariis
3046 5075 3158 5128 suis
3208 5074 3506 5141 impietati-

1940 5162 2059 5216 bus.

2012 5436 2175 5495 Vens.
2227 5440 2314 5497 il.
2344 5459 2363 5491 ι
2400 5439 2526 5496 Ideo
2556 5453 2745 5497 venter
2776 5456 2928 5497 meus
2961 5455 3124 5510 super
3152 5439 3308 5495 Moab
3349 5441 3504 5509 quasi

1942 5529 2151 5585 cithara
2196 5530 2453 5598 sonabit,
2496 5541 2551 5586 et
2598 5533 2858 5587 interiora
2911 5547 3026 5586 mea
3071 5532 3225 5602 quasi
3275 5548 3500 5595 murus,

1941 5636 2098 5689 quem
2133 5622 2419 5687 iunovasti,
2453 5633 2507 5679 et
2537 5625 2639 5678 erit
2673 5634 2726 5678 ut
2758 5635 2808 5678 te
2836 5635 3209 5679 revcreantur.
3247 5644 3265 5678 ι
3299 5626 3508 5680 Secun-

1941 5716 2063 5770 dum
2095 5716 2497 5785 profundiorem
2529 5716 2861 5787 intelligendi
2896 5720 3160 5774 rationem
3192 5761 3207 5785 ,
3237 5734 3357 5773 eum
3392 5718 3505 5788 jam

1937 5805 2233 5876 alloquitur
2285 5806 2370 5862 cui
2401 5805 2526 5861 dicit
2558 5846 2574 5872 ,
2623 5825 2642 5857 ι
2677 5810 2831 5877 quasi
2868 5825 3058 5867 murus
3091 5824 3248 5879 quem
3279 5809 3506 5864 innova-

3144 5908 3180 5965 7
