3984 6508
492 369 596 425 205

1160 364 1422 423 EUSEBII
1460 360 1936 420 CAESARIENSIS
1973 360 2121 419 OPP.
2166 363 2343 421 PARS
2380 359 2469 420 ΙΙΙ.
2508 394 2576 403 -
2612 362 3016 421 EXEGETICA.

3612 370 3719 426 2οι

492 485 601 548 sti,
657 500 677 533 ι
730 480 978 537 videlicet
1008 479 1195 534 Deum.
1246 480 1381 547 Quid
1416 494 1547 550 ergo
1576 480 1676 534 sibi
1720 479 1833 533 vult
1888 478 2015 534 illud

2161 478 2225 531 Τί
2269 473 2361 531 οῦν
2396 477 2641 549 βούλεται
2668 477 2729 530 τὸ
2775 478 3059 549 τολμηρῶς
3099 477 3291 533 δοκοῦν
3336 479 3603 553 εἰρῆσθαι,
3632 484 3717 549 τὸ,

491 572 635 641 quod
668 586 798 627 sane
850 581 1049 624 temere
1096 570 1295 624 dictum
1328 570 1593 635 videatur,
1645 588 1663 619 ι
1705 569 1860 632 Erit,
1908 578 1966 622 ut
2001 578 2054 623 te

492 659 880 716 revereantur?
903 678 921 710 ι
952 658 1089 725 Ideo,
1126 659 1317 727 inquit,
1351 658 1533 714 ﬁrmas
1572 658 1700 712 mihi
1733 659 1874 712 intus
1908 659 2055 728 cogi-

495 755 727 808 lationes
756 752 1014 822 elargitus
1038 766 1096 807 es
1120 792 1135 817 ,
1183 752 1253 805 ila
1290 762 1350 805 ut
1384 752 1473 820 qui
1506 766 1625 807 sese
1655 753 1721 806 ad
1752 760 1803 805 te
1828 751 2052 805 minime

492 853 829 909 convertunt,
862 844 936 897 tui
966 843 1323 898 reverentiam
1353 843 1607 905 habeant,
1630 843 1699 896 ob
1734 850 2048 913 argumenta

491 950 556 989 ex
581 936 763 990 inditis
790 935 920 989 mihi
948 934 1253 1004 praevalidis
1296 935 1718 1003 cogitationibus
1750 935 1880 1004 ipsis
1901 934 2051 990 obla-

491 1036 566 1079 ta.
598 1026 760 1080 Deest
805 1026 982 1094 itaque
1026 1025 1153 1079 illud
1177 1064 1192 1088 ,
1230 1043 1248 1076 ι
1287 1026 1427 1094 ipsi,
1470 1046 1488 1079 ι
1521 1036 1579 1081 ιιι
1608 1042 1737 1082 sana
1766 1029 2047 1082 verborum

487 1118 753 1173 sententia
783 1117 1058 1183 reddatur,
1093 1136 1112 1167 ‹
1149 1116 1212 1170 Ει
1236 1118 1340 1172 erit
1374 1127 1431 1171 ut
1456 1119 1553 1188 ipsi
1591 1120 1945 1175 reverentiam
1973 1120 2047 1175 tui

450 1255 462 1267 .
488 1211 743 1265 habeant.
807 1228 824 1261 ι
870 1208 1327 1275 Quemadmodum
1377 1211 1518 1265 enim
1554 1212 1646 1279 qui
1682 1212 1733 1266 in
1770 1213 1920 1268 bellis
1955 1214 2047 1267 ad-

487 1316 644 1357 versa
675 1301 812 1356 facie
840 1302 1164 1365 consistunt,
1198 1303 1434 1369 quandiu
1468 1318 1622 1372 equo
1651 1314 1823 1360 marte
1852 1321 2049 1376 pugna-

488 1402 597 1456 tur,
628 1409 734 1448 non
771 1401 918 1464 terga
963 1394 1133 1458 dant,
1161 1407 1333 1461 neque
1375 1395 1560 1464 pedem
1604 1395 1887 1462 referunt;
1924 1412 2045 1453 cum

486 1495 665 1540 autem
711 1484 877 1540 altera
930 1500 1053 1555 pars
1089 1484 1383 1555 praevalet,
1421 1494 1545 1540 tunc
1576 1486 1755 1556 fugam
1800 1487 2042 1555 faciunt;

485 1578 560 1631 ita
592 1585 645 1633 et
674 1578 852 1632 anima
888 1577 1230 1647 impudenter
1254 1579 1306 1632 in
1346 1577 1460 1651 acie
1491 1578 1669 1633 stabat
1704 1593 1804 1634 nec
1832 1594 2047 1635 revere-

483 1671 683 1736 batnr;
722 1669 888 1724 verbo
919 1677 1098 1723 autem
1144 1669 1345 1725 eliicaci
1378 1672 1621 1726 convicta
1650 1710 1664 1735 ,
1696 1670 1748 1724 in
1783 1670 2044 1739 pudorem

483 1771 536 1814 et
569 1761 928 1814 reverentiam
958 1761 1205 1813 vertitur.
1236 1760 1301 1815 Et
1339 1764 1462 1829 quia
1489 1761 1540 1815 in
1574 1762 1789 1815 occulta
1814 1761 2044 1815 hominis

479 1861 632 1921 parte
660 1852 775 1906 haec
794 1852 1076 1906 conversio
1101 1850 1349 1916 eﬂicitur,
1375 1852 1631 1923 ὲντροπή,
1663 1852 1777 1907 sive
1804 1853 2039 1921 confusio

482 1953 841 2013 nuncupatur.
875 1942 996 1997 Ideo
1023 1957 1155 2012 ergo
1186 1953 1377 2015 venter
1406 1943 1619 1997 sonabit
1648 1982 1665 2008 ,
1704 1952 1763 1997 et
1787 1943 2039 1997 interiora

482 2036 638 2105 quasi
676 2051 860 2092 murus
883 2077 898 2101 ,
944 2051 1104 2107 quem
1134 2037 1409 2090 innovavit
1458 2036 1597 2089 Deus
1632 2034 1900 2104 propheta!
1931 2052 1945 2088 :
1984 2043 2041 2088 ut

479 2137 773 2193 mutentur,
800 2137 854 2182 et
878 2128 1296 2191 confundantur,
1332 2128 1608 2196 Deumque
1650 2136 2035 2181 revereantur:

479 2219 711 2273 antehac
738 2219 886 2273 utilis
908 2220 1133 2288 pudoris
1162 2218 1353 2284 ignari.
1390 2216 1493 2271 Per
1517 2216 1643 2271 illud
1673 2232 1825 2281 sane,

548 2310 708 2365 Vnus.
744 2310 828 2364 12.
871 2329 890 2361 ‹
943 2309 1076 2376 Quia
1103 2309 1423 2379 defatigatus
1464 2318 1547 2363 est
1572 2308 1724 2363 Moab
1760 2309 1811 2362 in
1843 2308 2036 2362 altari-

476 2398 615 2467 bus,
644 2411 698 2456 et
726 2402 1059 2473 ingredietur
1088 2404 1138 2456 in
1187 2403 1489 2458 manufacta
1532 2403 1595 2456 ad
1639 2403 1902 2456 orandum
1926 2443 1943 2469 ,
1984 2411 2039 2456 et

477 2509 582 2547 non
621 2502 872 2562 poterunt
912 2508 1101 2548 eruere
1139 2493 1283 2547 illum
1310 2534 1324 2557 ,
1364 2513 1383 2546 ι
1418 2493 1648 2548 fortasse
1696 2494 1873 2548 omnis
1919 2494 2035 2548 ido-

480 2584 704 2639 lolatriae
740 2585 1154 2639 destructionem
1196 2626 1210 2643 .
1255 2586 1305 2638 in
1355 2585 1458 2639 line
1494 2600 1557 2639 ex
1608 2585 1837 2639 adventu
1877 2585 2035 2641 Verbi

475 2676 708 2731 futuram
738 2716 754 2740 ,
798 2677 1126 2731 vaticinatur
1175 2674 1340 2730 Isaias
1387 2694 1399 2729 :
1447 2676 1568 2745 quia
1601 2691 1791 2731 omnes
1824 2676 1875 2730 in
1906 2691 2038 2731 con-

477 2768 749 2825 struendis
781 2767 991 2837 templis
1028 2767 1279 2837 insumpti
1320 2766 1528 2821 labores
1570 2768 1689 2820 vani
1741 2774 1910 2831 sunt,
1952 2768 2035 2820 in-

476 2859 856 2928 fructuosaque
901 2874 1023 2928 spes
1074 2860 1125 2913 in
1185 2858 1508 2912 manufactis
1564 2858 1756 2926 posita.
1812 2876 1830 2909 ι
1878 2857 2033 2923 Nam,

474 2952 671 3020 inquit,
714 2953 985 3019 orabunt,
1027 2963 1077 3007 et
1119 2966 1222 3006 non
1266 2960 1515 3021 porerunt
1556 2965 1746 3005 eruere
1788 2950 1955 3004 illum.
2011 2970 2030 3001 υ

471 3042 735 3097 Caeterum
794 3044 891 3097 hoc
922 3041 1035 3111 jam
1080 3043 1132 3095 in
1187 3042 1416 3095 adventu
1463 3040 1662 3096 Christi
1711 3041 2031 3110 completum

2161 590 2179 623 ι
2222 573 2413 624 Ἔσται
2433 573 2511 635 είς
2532 573 2591 624 τὸ
2623 570 2954 643 ὲντραπῆναί
2984 588 3064 623 σε.
3102 589 3121 622 ι
3148 572 3245 625 Διά
3266 571 3423 625 τοῦτό
3451 591 3561 643 μοι,
3616 592 3724 647 φη-

2154 661 2256 723 σὶν,
2305 661 2552 731 ἰσχυροὺς
2596 660 2833 731 ἐχαρίσω
2873 658 3084 712 ἔνδοθεν
3127 659 3254 723 τοὺς
3296 660 3671 731 διαλογισμούς
3696 679 3715 694 θ

2151 748 2290 801 ὥστε
2313 751 2436 813 τοὺς
2462 750 2555 803 νῦν
2590 752 2663 821 μὴ
2690 748 3110 822 ἐπιστρέφοντας
3153 751 3245 802 ἐπὶ
3283 751 3340 803 σὲ
3385 752 3724 823 ὲντραπῆναί

2153 858 2231 904 σε,
2256 841 2343 894 διά
2363 839 2468 895 τῶν
2491 840 2724 912 ἐλέγχων
2753 841 2859 896 τῶν
2886 842 3303 913 προσαγομένων
3335 843 3513 906 αὐτοῖς
3536 844 3597 896 ἐκ
3618 845 3723 915 τῆς

2151 933 2257 986 τῶν
2283 934 2574 1005 δεδομένων
2607 952 2694 1004 μοι
2710 934 2979 1004 λογισμῶν
3010 916 3269 997 εύτονίας.
3298 934 3485 987 Λείπει
3512 930 3604 988 οῦν
3632 936 3715 999 τὸ,

2157 1046 2175 1078 ι
2205 1027 2422 1089 αὐτοὺς,
2468 1046 2486 1077 ι
2519 1027 2606 1079 ἵνα
2629 1026 2796 1095 ὑγιῶς
2825 1028 2853 1079 ό
2883 1026 3006 1091 νοῦς
3030 1025 3137 1078 τῶν
3164 1025 3420 1096 ῥημάτων
3458 1026 3720 1097 ἀποδοθῇ,

2155 1136 2173 1168 ι
2208 1118 2320 1169 Καὶ
2360 1115 2510 1169 ἔσται
2537 1118 2616 1178 εἰς
2646 1115 2706 1167 τὸ
2739 1118 3068 1187 ὲντραπῆναι
3102 1115 3297 1178 αὐτούς
3325 1132 3406 1172 σε.
3448 1134 3466 1166 ι
3505 1116 3721 1185 Ὥσπερ

2149 1204 2257 1275 γὰρ
2293 1206 2341 1257 οἱ
2368 1205 2425 1257 ἐν
2453 1208 2565 1268 τοῖς
2594 1204 2847 1276 πολέμοις
2871 1207 3270 1278 ἀντιπρόσωποι
3307 1206 3557 1271 ἑστῶτες,
3610 1207 3720 1271 ἕως

2152 1298 2249 1367 μὲν
2277 1296 2546 1360 ἰσοπαλεῖς
2572 1297 2819 1350 δοκοῦσιν
2847 1295 3002 1361 εἶναι,
3044 1299 3103 1351 οὐ
3154 1298 3442 1369 τρέπονται
3480 1299 3599 1352 οὐδὲ
3625 1302 3720 1353 ὲκ-

2147 1388 2439 1450 κλίνουσιν,
2461 1387 2675 1441 ὲπειδάν
2695 1388 2748 1440 δὲ
2775 1388 3016 1461 ὑπερέχῃ
3048 1388 3224 1442 αὐτῶν
3247 1389 3306 1441 τὸ
3324 1389 3508 1461 ἕτερον
3528 1389 3715 1461 μέρος,

2145 1480 2445 1553 τραπέντες
2476 1480 2793 1549 φεύγουσιν·
2827 1480 2968 1533 οῦτω
3000 1480 3093 1533 καὶ
3120 1481 3263 1552 ψυχὴ
3289 1481 3392 1533 ὑπὸ
3439 1482 3721 1545 ἀναιδείας

2146 1572 2601 1643 παρατεταγμένη
2624 1571 2852 1643 ἕστηκεν
2872 1572 2970 1625 οὐκ
2991 1572 3376 1644 ὲντρεπομένη,
3402 1572 3720 1642 ἐλεγχθεῖσα

2144 1663 2200 1716 δὲ
2225 1663 2347 1716 -ύπὸ
2397 1663 2553 1731 λόγου
2581 1662 2992 1733 καθαπτομένου
3036 1662 3224 1731 αὐτῆς,
3272 1662 3530 1733 τρέπεται
3575 1664 3718 1734 πρὸς

2146 1755 2426 1825 αἰσχύνην.
2455 1756 2564 1808 Kal
2599 1754 2785 1825 ἐπειδὴ
2825 1757 2880 1806 ὲν
2928 1752 3005 1824 τῷ
3032 1752 3257 1825 κρυπτῷ
3282 1752 3377 1806 τοῦ
3420 1752 3719 1825 ἀνθρώπου

2074 1818 2117 1873 Β
2144 1818 2371 1917 γίνεται.
2390 1851 2423 1919 ἡ
2449 1846 2644 1919 τροπὴ,
2671 1818 2906 1918 ἐντροπὴ
2937 1818 3394 1918 προσηγόρευται.
3429 1818 3535 1899 Διά
3551 1846 3714 1899 τοῦτο

2151 1939 2242 1997 οῦν
2272 1945 2304 2013 ἡ
2344 1942 2519 1996 κοιλία
2542 1943 2759 2013 ἠχήσει,
2787 1941 2879 1994 καὶ
2907 1939 2972 1993 τά
3006 1940 3174 2006 ἐντὸς,
3205 1942 3333 1994 ὡσεὶ
3376 1943 3549 2010 τεῖχος
3574 1941 3604 1994 ὂ
3629 1943 3716 1994 έν-

2140 2036 2410 2088 εκαίνισεν
2436 2037 2463 2088 ό
2484 2034 2613 2097 Θεὸς
2644 2031 2738 2085 τοῦ
2772 2033 3049 2103 προφήτου
3073 2049 3087 2061 °
3118 2032 3204 2085 ἴνα
3252 2031 3594 2101 μεταϐάλωσι
3618 2033 3715 2086 καὶ

2139 2126 2464 2198 ὲντραπῶσι,
2496 2124 2588 2178 τοῦ
2633 2123 2893 2179 αἰδεῖσθαι
2948 2123 3099 2183 Θεὸν,
3158 2124 3421 2195 πρότερον
3461 2124 3561 2176 οὐκ
3610 2124 3715 2176 ἑπ-

2143 2220 2413 2290 ιστάμενοι
2440 2223 2537 2289 τὴν
2562 2217 2830 2286 ὠφέλιμον
2857 2214 3134 2286 αἰσχύνην.
3155 2205 3249 2269 Ᾱιά
3285 2218 3462 2285 μέντοι
3484 2214 3603 2280 τοῦ,

2215 2331 2233 2363 ι
2271 2314 2391 2365 Ὅτι
2422 2310 2675 2364 ἐκοπίασε
2702 2308 2873 2362 Μωάὅ
2911 2308 3002 2361 ἐπὶ
3059 2311 3170 2371 τοῖς
3203 2308 3428 2378 βωμοῖς,
3472 2308 3567 2361 καὶ
3600 2310 3715 2361 εἰσ-

2138 2403 2411 2457 ελεύσεται
2447 2404 2525 2465 είς
2562 2402 2629 2454 τὰ
2681 2398 3050 2471 χειροποίητα,
3101 2400 3241 2453 ὥστε
3286 2398 3713 2471 προσεύξασθαι,

2136 2496 2230 2549 καὶ
2258 2495 2316 2548 οὐ
2349 2494 2422 2565 μὴ
2444 2494 2697 2547 δύνωνται
2745 2490 3015 2556 ἐξελέσθαι
3057 2492 3216 2545 αὐτόν
3234 2508 3248 2521 ·
3281 2510 3299 2543 ι
3326 2491 3464 2561 τάχα
3490 2490 3583 2543 τὸν
3621 2492 3714 2544 ἐπὶ

2134 2588 2277 2641 τέλει
2312 2586 2618 2657 ἀφανισμὸν
2651 2586 2830 2655 πάσης
2874 2584 3317 2655 είδωλολατρείας
3362 2586 3426 2638 ὲκ
3465 2583 3562 2653 τῆς
3612 2582 3715 2637 τοῦ

2136 2680 2294 2748 λόγου
2334 2677 2670 2747 ἐπιφανείας,
2708 2676 3034 2748 προφητεύει
3079 2677 3106 2727 ὁ
3153 2676 3409 2738 Ἡσαΐας
3468 2676 3549 2728 ὅτι
3606 2675 3712 2745 μάο

2134 2789 2271 2825 ταιοι
2308 2770 2503 2833 πάντες
2542 2770 2590 2821 οἱ
2636 2770 2726 2821 ἐπὶ
2758 2770 2876 2830 ταῖς
2921 2760 3282 2829 κατασκευαῖς
3312 2765 3418 2820 τῶν
3442 2765 3584 2820 ναῶν
3613 2765 3711 2836 μό·-

2134 2864 2270 2934 χθοι,
2304 2862 2398 2916 καὶ
2429 2862 2721 2931 ἀνωφελεῖς
2766 2862 2827 2915 αἱ
2865 2862 2944 2924 είς
2984 2860 3051 2913 τά
3089 2858 3435 2931 χειροποίητα
3467 2857 3708 2921 ἐλπίδες.

2141 2975 2159 3006 ι
2197 2954 2589 3026 Προσεύξονται
2626 2953 2756 3024 γὰρ,
2789 2952 2941 3022 φησὶ,
2977 2954 3070 3005 καὶ
3099 2953 3159 3004 οὐ
3196 2951 3268 3022 μὴ
3317 2950 3577 3003 δύνωνται
3614 2949 3701 3013 ἑξ-

2133 3048 2346 3100 ελέσθαι
2370 3046 2549 3099 αὐτόν.
2582 3065 2600 3097 ι
2622 3045 2792 3098 Τοῦτο
2810 3046 2867 3097 δὲ
2895 3043 2994 3096 νῦν
3022 3044 3113 3095 ἐπὶ
3140 3043 3236 3111 τῆς
3267 3039 3497 3113 Χριστοῦ
3520 3039 3709 3108 ἐπιδη-

471 3144 556 3189 est
599 3152 614 3189 :
661 3135 747 3188 illa
795 3135 991 3206 quippe
1035 3135 1163 3189 olim
1214 3134 1417 3187 famosa
1452 3133 1644 3201 templa
1695 3147 1792 3202 pro
1842 3146 2034 3200 scopu-

2139 3140 2264 3209 μίας
2293 3138 2681 3208 πεπλήρωται’
2718 3135 2837 3189 ἀντὶ
2884 3134 3161 3187 σκοπέλων
3192 3133 3287 3203 μὲν
3319 3132 3424 3203 γὰρ
3471 3132 3710 3201 ἑστήκα-

471 3226 540 3282 lis
593 3226 862 3281 habentur
906 3248 917 3281 :
977 3242 1075 3281 nec
1122 3226 1259 3281 ultra
1308 3225 1410 3280 illa:
1466 3225 1766 3278 dzemonum
1814 3223 2039 3280 fallacia:

471 3318 805 3382 consistunt,
858 3318 1162 3373 adversaria
1232 3318 1317 3372 illa
1378 3327 1639 3387 potestate
1690 3331 1787 3385 per
1842 3322 2036 3385 myste-

472 3411 613 3464 rium
671 3412 849 3467 crucis
902 3412 953 3464 in
1009 3419 1118 3467 toto
1167 3411 1303 3466 orbe
1361 3409 1705 3480 praedicatum
1754 3406 1808 3460 in
1857 3406 2035 3477 fugam

473 3516 651 3556 versa.

543 3592 706 3648 \‘Ens.
740 3594 841 3658 15,
883 3592 968 3647 14.
1020 3612 1037 3644 ι
1091 3593 1200 3647 Hoc
1246 3592 1465 3648 verbum
1514 3588 1656 3660 quod
1702 3588 1907 3643 locutus
1954 3596 2037 3642 est

475 3693 731 3747 Dominus
771 3706 931 3761 super
963 3690 1115 3745 Moab
1142 3730 1157 3754 ,
1186 3690 1403 3759 quando
1434 3687 1645 3741 locutus
1666 3694 1769 3740 est.
1800 3685 1866 3739 Et
1892 3698 2035 3738 nunc

473 3785 594 3838 dico
624 3783 677 3836 in
725 3782 897 3836 tribus
928 3782 1082 3836 annis
1125 3795 1384 3834 annorum
1418 3777 1776 3844 mercenarii,
1804 3776 2033 3832 inhono-

473 3889 680 3944 rabitur
712 3887 881 3958 gloria
910 3883 1084 3948 Moab,
1119 3884 1170 3937 in
1200 3883 1451 3938 omnibus
1473 3881 1676 3936 divitiis
1706 3881 1888 3935 multis
1922 3898 1938 3934 :
1975 3889 2031 3936 et

471 3983 803 4051 relinquetur
839 3980 1129 4043 minimus,
1170 3986 1224 4030 et
1262 3992 1365 4031 non
1400 3977 1715 4029 honoratus.
1757 3993 1777 4025 ι
1808 3973 1911 4028 Pro
1939 3974 2029 4028 illo

470 4077 608 4143 apud
640 4071 780 4127 LXX
808 4071 1129 4139 lnterpretes
1155 4067 1317 4132 dicto,
1352 4085 1371 4118 ι
1410 4066 1464 4118 In
1500 4066 1670 4120 tribus
1697 4066 1854 4120 annis
1893 4082 2031 4120 mer-

468 4164 670 4221 cenarii
719 4162 1131 4218 inhonorabitur
1180 4158 1349 4230 gloria
1399 4156 1596 4221 Moab,
1648 4176 1667 4207 ι
1710 4156 2029 4227 interposita

469 4258 609 4327 apud
636 4256 866 4325 reliquos
910 4256 1228 4322 interpretes
1259 4249 1553 4312 distinctio,
1587 4248 1870 4305 clariorem
1901 4264 2027 4304 sen-

468 4351 692 4405 tentiam
740 4349 905 4403 eﬂicit
952 4364 966 4399 :
1019 4361 1141 4399 nam
1193 4343 1485 4397 secundum
1517 4341 1766 4411 Aquilam
1808 4343 2026 4405 dicitur,

470 4459 491 4494 ι
530 4442 585 4496 In
609 4440 779 4495 tribus
809 4437 963 4493 annis
992 4432 1344 4498 mercenarii;
1385 4449 1403 4482 ι
1440 4437 1730 4486 secundum
1774 4431 2027 4502 Symma-

2140 3250 2222 3286 σιν
2256 3234 2304 3284 οἱ
2334 3231 2452 3284 ναοὶ
2483 3228 2815 3299 περιϐόητοι,
2840 3226 3020 3279 οὐκέτι
3051 3226 3107 3278 δὲ
3140 3227 3195 3277 αἱ
3232 3224 3339 3277 ἀπὸ
3374 3223 3480 3276 τῶν
3508 3223 3705 3294 δαιμό-

2137 3341 2241 3378 νων
2264 3322 2489 3383 ἀπάται,
2522 3318 2946 3389 φυγαδευθείσης
2986 3316 3085 3386 τῆς
3123 3315 3501 3386 ἀντικειμένης
3540 3314 3709 3368 δυνά-

2138 3433 2282 3486 μεως
2304 3414 2393 3467 διὰ
2422 3413 2482 3466 τὸ
2512 3414 2804 3483 μυστήριον
2829 3409 2923 3463 τοῦ
2960 3407 3191 3479 σταυροῦ
3224 3406 3317 3460 τοῦ
3355 3406 3495 3460 κατὰ
3521 3408 3706 3462 πᾶσαν

2133 3508 2229 3579 τὴν
2258 3506 2575 3576 οἰκουμένην
2601 3523 2733 3574 κεκη
2744 3503 3030 3574 ρυγμένου.

2210 3618 2227 3650 ι
2265 3597 2434 3651 Τοῦτο
2473 3598 2533 3649 τὸ
2576 3597 2722 3667 ῥῆμα
2750 3596 2778 3649 ὃ
2819 3595 3047 3666 ὲλάλησε
3104 3592 3306 3662 Κύριος
3360 3591 3452 3643 ὲπὶ
3502 3588 3704 3652 Μωάὄ,

2131 3692 2290 3747 ὁπότε
2324 3689 2569 3759 ὲλάλησε.
2598 3688 2707 3740 Kal
2733 3687 2827 3740 νῦν
2859 3686 3020 3754 λέγω,
3054 3687 3110 3737 ἐν
3143 3684 3317 3753 τρισὶν
3347 3682 3519 3734 ἐτεσιν
3562 3679 3704 3733 ὲτῶν

2135 3779 2402 3854 μισθωτοῦ
2441 3778 2871 3850 ἀτιμασθήσεται
2902 3780 2934 3847 ή
2967 3775 3091 3841 δόξα
3115 3773 3286 3828 Μωάὅ
3310 3775 3366 3826 ἐν
3400 3770 3564 3826 παντὶ
3624 3770 3703 3834 τῷ

2133 3873 2344 3941 πλούτῳ
2365 3871 2443 3942 τῷ
2472 3870 2669 3939 πολλῷ,
2721 3870 2814 3924 καί¹
2841 3866 3333 3938 καταλειφθήσεται
3386 3864 3688 3933 ὀλιγοστὸς,

2131 3967 2225 4020 καὶ
2250 3966 2348 4017 οὐκ
2373 3964 2607 4034 ἔντιμος.
2645 3981 2663 4013 ι
2710 3962 2853 4016 Ἀντὶ
2890 3963 3068 4032 μέντοι
3098 3958 3190 4012 τοῦ
3226 3958 3375 4026 παρὰ
3420 3959 3533 4019 τοῖς
3564 3956 3696 4008 Ἐϐ-

2128 4054 2430 4125 δομήκοντα
2502 4053 2798 4121 φάσκοντος
2869 4050 3048 4117 λόγου,
3102 4067 3119 4099 ι
3187 4048 3277 4099 Ἔν
3299 4046 3472 4117 τρισὶν
3519 4044 3699 4097 ἐτεσιν

2132 4144 2400 4220 μισθωτοῦ
2445 4144 2871 4214 ἀτιμασθήσεται
2919 4144 2952 4212 ή
3007 4140 3132 4206 δόξα
3193 4136 3383 4201 Μωὰϐ,
3428 4155 3446 4186 ι
3487 4137 3520 4204 ή
3552 4134 3701 4189 κατά

2126 4241 2250 4303 τοὺς
2288 4238 2503 4299 λοιποὺς
2532 4234 2867 4307 έρμηνευτάς
2888 4232 3161 4303 διαστολὴ,
3191 4228 3391 4301 μεταξὺ
3415 4226 3696 4298 βληθεῖσα,
3777 4248 3779 4250 ·

2128 4330 2464 4400 σαφεστέραν
2487 4328 2785 4398 κατέστησε
2818 4325 2915 4396 τὴν
2956 4324 3212 4377 διάνοιαν·
3251 4318 3391 4372 κατά
3443 4317 3539 4388 μὲν
3588 4317 3698 4387 γὰρ

2124 4420 2213 4471 τὸν
2255 4418 2480 4472 Ἀκύλαν
2512 4416 2725 4487 εἴρηται
2745 4453 2759 4476 ,
2789 4434 2806 4464 ‹
2832 4415 2917 4467 Ἐν
2946 4412 3118 4482 τρισὶν
3151 4409 3292 4461 ἔτεσι
3326 4404 3597 4476 μισθωτοῦ
3624 4422 3636 4434 ·
3672 4424 3690 4455 ι

466 4532 626 4586 chum
654 4546 781 4586 vero
805 4574 819 4595 ,
867 4546 885 4579 ι
923 4526 998 4581 Ex
1042 4540 1105 4580 eo
1143 4534 1383 4591 tempore
1426 4530 1480 4575 et
1527 4538 1670 4575 nunc
1704 4521 1911 4576 locutus
1942 4528 2026 4576 est

2139 4512 2269 4564 κατά
2316 4511 2371 4563 δὲ
2423 4510 2511 4563 τὸν
2554 4509 2864 4579 Σύμμαχον,
2892 4525 2909 4555 ι
2943 4505 3165 4557 Ἐκτοτε
3209 4499 3302 4552 καὶ
3329 4497 3423 4551 νῦν
3469 4496 3695 4567 ὲλάλησε

466 4624 723 4679 Dominus
751 4624 935 4677 dicens
960 4658 975 4683 ,
1004 4617 1058 4670 In
1098 4613 1268 4668 tribus
1313 4614 1467 4667 annis
1495 4613 1649 4682 quasi
1681 4628 1842 4682 super
1875 4625 2020 4666 mer-

463 4716 775 4781 cenarium;
820 4732 839 4765 ι
869 4708 1161 4767 secundum
1193 4705 1612 4760 Theodotionem
1645 4714 1847 4769 autem,
1883 4721 1901 4753 ι
1940 4703 2024 4758 Ab

465 4823 531 4862 eo
571 4817 805 4875 tempore
854 4813 908 4856 et
951 4813 1089 4853 nunc
1135 4797 1340 4851 locutus
1373 4806 1456 4851 est
1503 4794 1758 4850 Dominus
1801 4794 2021 4861 dicens,

464 4900 523 4954 In
552 4900 722 4954 tribus
779 4893 933 4948 annis
954 4932 968 4954 ,
1003 4890 1153 4958 quasi
1187 4888 1339 4943 annis
1370 4886 1709 4941 mercenarii.
1753 4906 1772 4938 ι
1800 4887 2021 4952 Deinde,

463 4990 570 5045 alio
617 4993 887 5053 resumpto
918 4979 1185 5049 principio
1213 5018 1228 5042 ,
1260 4978 1458 5031 dicitur
1489 4977 1629 5045 apud
1664 4976 1897 5046 reliquos
1943 4977 2026 5029 in.

463 5087 747 5148 terpretes,
785 5091 803 5124 ‹
833 5070 899 5124 Ει
927 5067 1338 5123 inbouorabitnr
1368 5066 1535 5137 gloria
1566 5063 1722 5120 Moab
1758 5079 1878 5119 cum
1909 5079 2027 5118 om-

462 5170 620 5225 nibus
650 5163 850 5223 divitiis
882 5159 1086 5215 multis.
1140 5176 1158 5209 ι
1203 5156 1334 5210 Nam
1368 5157 1672 5225 conjunclio
1700 5199 1714 5221 ,
1764 5167 1812 5212 et
1838 5199 1853 5223 ,
1904 5173 2024 5227 quae

463 5262 643 5317 media
676 5254 1054 5324 interponitur,
1081 5251 1241 5305 aliam
1274 5250 1433 5305 eﬂ'ert
1458 5250 1777 5305 sententiam
1801 5289 1815 5314 ,
1849 5250 1916 5303 ab
1941 5249 2025 5302 bis

462 5354 662 5417 verbis,
692 5367 709 5398 ι
747 5346 814 5401 Et
836 5344 1248 5400 inbonorabitur
1276 5343 1439 5413 gloria
1470 5342 1623 5398 Moab
1652 5362 1666 5409 ;
1706 5361 1723 5393 ι
1756 5356 1875 5411 quae
1895 5354 2023 5394 vero

464 5443 711 5514 superius
758 5445 1031 5507 ponuntur
1081 5434 1385 5504 signiﬁcant
1436 5432 1717 5488 Dominum
1768 5430 2022 5502 praadicta

461 5532 641 5589 omnia
675 5528 740 5582 de
769 5526 923 5579 Moab
971 5527 1023 5579 in
1064 5526 1238 5578 tribus
1285 5526 1440 5579 annis
1485 5524 1717 5577 locutum
1767 5536 1889 5577 esse
1928 5534 2024 5590 per

465 5619 777 5691 prephetam
798 5657 812 5682 ,
842 5630 904 5668 ac
934 5615 979 5669 si
1013 5614 1259 5669 mercede
1290 5616 1635 5671 conduxisset
1666 5628 1787 5669 eum
1816 5652 1831 5677 ,
1860 5620 2023 5678 atque

464 5709 707 5777 utobujus
744 5708 1035 5777 prophetiae
1079 5707 1377 5761 ministerio
1406 5714 1624 5761 vacaret
1680 5702 2019 5772 praecepisse.

462 5802 577 5859 Non
609 5801 750 5855 enim
786 5800 1232 5871 quemadmodum
1268 5814 1367 5856 nos
1396 5807 1565 5854 totam
1597 5796 1882 5853 lectionem
1915 5808 2021 5847 una

2130 4604 2332 4676 Κύριος
2360 4604 2553 4671 λέγων,
2602 4602 2688 4653 Ἐν
2740 4599 2914 4669 τρισὶν
2946 4596 3117 4648 ἐτεσιν
3137 4592 3211 4655 ὡς
3242 4590 3333 4642 ἐπὶ
3369 4586 3690 4659 μισθωτοῦοι

2130 4694 2272 4747 κατά
2302 4693 2358 4744 δὲ
2388 4692 2478 4744 τὸν
2510 4690 2857 4751 Θεοδοτίωνα,
2891 4705 2908 4737 ι
2956 4683 3085 4737 Ἀπὸ
3136 4682 3253 4734 τότε
3302 4679 3395 4733 καὶ
3426 4676 3518 4731 νῦν
3568 4676 3694 4728 ἐλά-

2129 4786 2259 4857 λησε
2315 4784 2513 4856 Κύριος
2560 4784 2753 4851 λέγων,
2796 4779 3059 4850 Ἐντρισὶν
3105 4775 3276 4828 ἔτεσιν
3318 4772 3393 4835 ὡς
3434 4770 3693 4830 ἐνιαυτοῖς

2134 4875 2421 4948 μισθωτοῦ.
2466 4896 2484 4927 ι
2521 4872 2656 4929 Εἶτα
2687 4874 2794 4927 ἀπὸ
2828 4871 3018 4941 ἑτέρας
3067 4866 3241 4938 ἀρχῆς
3278 4865 3488 4935 εἴρηται
3544 4859 3692 4930 παρὰ

2129 4973 2241 5033 τοῖς
2300 4970 2502 5032 λοιποῖς
2558 4967 2931 5038 ὲρμηνευταῐς,
2986 4981 3002 5011 ι
3059 4960 3167 5011 Kal
3199 4952 3692 5025 ἀτιμασθήσεταιή

2130 5062 2257 5127 δόξα
2286 5060 2459 5115 Μωάὂ
2495 5061 2589 5112 σὺν
2622 5058 2780 5110 παντὶ
2804 5055 2879 5125 τῷ
2908 5051 3098 5122 πλήθει
3119 5049 3195 5120 τῷ
3224 5046 3420 5114 πολλῷ.
3445 5065 3463 5097 ι
3486 5047 3543 5099 'U
3563 5046 3691 5114 γάρ,

2132 5153 2251 5217 καὶ,
2288 5152 2578 5221 σύνδεσμος
2612 5149 2771 5219 μέσος
2791 5144 3207 5217 παρεμϐληθεὶς,
3236 5142 3426 5213 ἑτέραν
3458 5138 3690 5193 διάνοιαν

2134 5243 2441 5313 παρέστησε
2469 5242 2564 5311 τὴν
2584 5240 2689 5293 ἀπὸ
2720 5238 2833 5301 τοῦ,
2861 5257 2879 5288 ι
2918 5238 3026 5289 Kal
3058 5233 3480 5305 ἀτιμασθήσεται
3508 5232 3541 5301 ή
3568 5227 3690 5292 δόξα

2130 5333 2337 5390 Mucio"
2380 5351 2399 5384 ι
2437 5332 2498 5385 τὸ
2528 5332 2584 5384 δὲ
2619 5329 2920 5402 ἔμπροσθεν
2948 5327 3133 5397 ἐδήλου
3166 5326 3240 5388 ὼς
3267 5325 3323 5377 ἐν
3350 5323 3526 5395 τρισὶν
3549 5320 3690 5372 ἔτεσι

2129 5428 2196 5481 τά
2230 5422 2594 5498 προλεχθέντα
2624 5422 2797 5475 πάντα
2827 5419 2953 5491 περὶ
2983 5418 3081 5488 τῆς
3124 5415 3296 5471 Μωὰῦ
3336 5413 3537 5486 Κύριος
3563 5410 3690 5464 ὲλά-

2128 5519 2258 5588 λησε
2286 5515 2374 5568 διὰ
2408 5513 2501 5566 τοῦ
2536 5513 2832 5583 προφήτου,
2859 5511 3045 5581 ὥσπερ
3070 5505 3479 5579 μισθωσάμενος
3510 5499 3688 5561 αὑτὸν,

2129 5611 2223 5664 καὶ
2254 5605 2637 5676 ἀπασχολήσας
2671 5605 2800 5674 περὶ
2835 5604 2932 5673 τὴν
2960 5599 3259 5672 ὑπηρεσίαν
3294 5596 3392 5665 τῆς
3417 5594 3542 5665 περὶ
3568 5589 3687 5642 τού-

2129 5720 2236 5755 των
2276 5696 2625 5771 προφητείας.
2649 5696 2722 5748 Οὺ
2748 5697 2853 5765 γὰρ
2885 5694 3070 5763 ὥσπερ
3102 5692 3258 5761 ἡμεῖς
3296 5686 3505 5759 ἀθρόως
3562 5698 3685 5735 συν-

2130 5793 2385 5853 άπτοντες
2412 5791 2471 5843 τὸ
2505 5791 2610 5843 πᾶν
2656 5786 2984 5856 ἀνάγνωσμα
3001 5780 3338 5852 διερχόμεθα,
3367 5777 3510 5833 οὕτω
3540 5773 3633 5827 καὶ
3660 5772 3685 5823 ὁ
