3984 6514
248 389 367 446 εοσ

1212 392 1719 456 COMMENTARIA
1757 400 1827 457 ΙΝ
1864 400 2125 459 ιεΑιΑιι.
2170 435 2239 446 —
2276 403 2429 461 CAP.
2469 402 2633 462 XVII.

3403 402 3510 458 106

250 510 541 583 προφήτης
574 510 714 565 κατά
748 511 1043 581 συνάφειαν
1088 512 1266 568 πάντα
1298 514 1454 585 λόγον
1484 519 1584 589 τῆς
1627 536 1825 592 προφη-

1945 520 2288 590 conjunctam
2320 522 2713 593 percurrimus,
2750 520 2821 577 ita
2851 530 2903 578 et
2935 522 3196 593 propheta
3226 535 3351 577 cum
3381 534 3513 577 cun-

246 604 401 666 τείας
432 604 703 675 τροχάδην
726 605 1054 676 ἐξηνέγκατο
1078 622 1092 637 ⁸
1126 606 1469 679 διῃρημένως
1495 611 1552 664 δέ
1577 612 1672 666 καὶ¹
1696 612 1837 667 κατὰ

245 694 447 764 χρόνον
473 697 532 748 ἐν
561 695 838 766 διαφόροις
857 698 1061 768 χρόνων
1088 697 1411 770 διαστήμασι
1433 718 1446 731 ·
1479 702 1554 766 ῶς
1574 703 1642 756 τά
1662 706 1840 758 πάντα

245 784 616 858 πληρωθῆναι
642 790 769 861 τρία
796 790 912 861 ἐτη,
939 792 996 843 ἐν
1029 786 1109 855 οἷς
1142 791 1391 846 λέλεκται
1418 793 1566 865 αὐτῷ
1594 794 1661 848 τά
1697 799 1840 868 εἰρη-

241 876 411 946 μένα.
461 880 723 951 Ἐλάλησε
752 882 929 936 τοίνυν
966 883 1034 938 τὰ
1078 886 1134 937 ἐν
1165 886 1341 955 τρισὶν
1366 887 1394 938 ὁ
1446 886 1649 958 Κύριος
1694 888 1837 943 ἔτεσι

240 968 336 1023 διὰ
368 971 465 1024 τοῦ
507 976 806 1046 προφήτου.
832 976 996 1040 Τέλος
1022 976 1077 1029 δὲ
1108 977 1218 1031 τῶν
1249 978 1421 1046 λόγων
1450 978 1545 1032 τοῦ
1592 979 1725 1034 Θεοῦ
1770 977 1837 1053 ἦν

240 1057 327 1124 τὸ,
358 1079 379 1111 ι
420 1063 533 1115 Καὶ
561 1065 992 1136 ἀτιμασθήσεται
1027 1068 1060 1137 ἡ
1093 1066 1219 1132 δόξα
1247 1068 1419 1123 Μωάϐ
1445 1071 1541 1124 σὺν
1574 1076 1735 1127 παντὶ
1760 1074 1837 1146 τῷ

240 1152 445 1223 πλήθει
494 1154 573 1225 τῷ
617 1157 813 1229 πολλῷ.
861 1160 971 1212 Καὶ
1024 1159 1833 1233 καταλειφθήσεταιὀλιγοστὸς,

238 1247 345 1300 καὶ
378 1249 483 1301 οῦκ
506 1248 742 1320 ἔντιμος.
783 1270 802 1304 ι
847 1254 912 1304 Ὃ
960 1252 1024 1323 δὴ
1059 1255 1153 1307 καὶ
1206 1254 1338 1307 αὐτὸ
1372 1256 1508 1326 πρὸς
1550 1257 1693 1324 λέξιν
1735 1277 1836 1312 πε-

239 1339 560 1411 πλήρωται,
588 1342 662 1406 ῶς
686 1342 833 1406 ἔστιν
864 1343 984 1413 ὄψει
1014 1346 1147 1398 πᾶσι
1178 1345 1359 1399 λαϐεῖν
1393 1348 1572 1419 ῥᾴδιον
1606 1353 1718 1413 τοῖς
1758 1353 1837 1416 εἰς

240 1431 374 1495 τοὺς
403 1433 606 1497 τόπους
624 1436 1058 1506 ἀφικνουμένοις.

776 1617 1173 1675 ΚΕΦΑΛΑΙΟΝ
1204 1626 1302 1677 lZ'.

317 1719 342 1753 ι
378 1701 456 1756 Τὸ
474 1703 625 1775 ῥῆμα
648 1707 709 1760 τὸ
738 1709 880 1763 κατά
906 1712 1218 1783 Δαμασκοῦ.
1257 1716 1386 1771 Ἰδοὺ
1424 1720 1713 1790 Δαμασκὸς
1738 1723 1835 1794 ἀρ-

1936 613 2214 682 junctione
2242 622 2412 669 totum
2442 614 2743 684 prophetiae
2769 628 3072 670 sermonem
3104 628 3212 669 uno
3238 626 3402 669 cursu
3422 629 3513 669 ex-

1942 704 2095 770 tulit;
2138 706 2231 761 sed
2264 705 2475 760 divisim
2505 715 2559 760 et
2591 705 2889 760 secundum
2935 714 3145 774 tempus
3170 744 3185 769 ,
3228 705 3389 774 inque
3423 704 3510 758 di-

1938 797 2114 852 versis
2164 807 2464 868 temporum
2514 796 2842 863 intervallis;
2884 796 2955 851 ita
2988 806 3046 851 ut
3090 797 3187 853 toti
3238 806 3351 851 tres
3380 796 3508 851 anni

1938 888 2191 958 completi
2243 889 2353 943 sint
2379 928 2394 953 ,
2442 888 2494 943 in
2534 886 2731 957 quibus
2781 886 2968 941 isthmc
2997 887 3141 942 dicta
3184 886 3299 958 ipsi,
3330 886 3507 942 fuere.

1939 980 2064 1037 Haec
2091 981 2255 1052 igitur
2290 979 2345 1035 in
2373 979 2543 1034 tribus
2572 978 2732 1033 annis
2762 978 3020 1032 Dominus
3066 993 3161 1048 per
3187 980 3504 1049 prophetam

1938 1071 2151 1127 locutus
2182 1080 2286 1126 est.
2339 1070 2491 1126 Finis
2541 1080 2720 1125 autem
2763 1070 3051 1123 verborum
3108 1068 3317 1125 Domini
3372 1070 3507 1124 illud

1936 1172 2073 1231 erat,
2109 1182 2129 1217 ι
2174 1164 2239 1217 Ει
2268 1164 2685 1219 inhonorabitttr
2710 1164 2880 1237 gloria
2914 1163 3072 1219 Moab
3103 1178 3221 1218 cum
3252 1164 3507 1219 omnibus

1938 1254 2161 1320 divitiis,
2203 1256 2375 1325 iisque
2408 1256 2610 1311 multis.
2646 1256 2711 1312 Et
2744 1257 3081 1327 relinquetur
3121 1256 3379 1311 minimus
3403 1297 3419 1322 ,
3448 1264 3507 1311 et
3537 1273 3548 1282 ’

1937 1360 2042 1399 non
2074 1348 2393 1402 honoratus.
2418 1365 2438 1398 ι
2475 1345 2627 1412 Quod
2662 1346 2833 1416 ipsum
2858 1348 2925 1401 ad
2957 1347 3196 1402 litteram
3226 1346 3505 1418 impletum

1937 1448 2038 1501 est,
2067 1448 2124 1491 ut
2163 1438 2321 1495 facile
2369 1439 2497 1508 ipsis
2545 1439 2718 1494 oculis
2746 1439 3058 1510 perspicere
3084 1439 3300 1494 valeant
3345 1447 3508 1509 quot-

1937 1538 2067 1598 quot
2095 1529 2146 1583 in
2182 1531 2295 1600 ipsa
2321 1528 2437 1585 loca
2475 1533 2794 1585 concedunt.

2510 1621 2736 1678 CAPUT
2770 1623 2929 1678 XVII.

2011 1713 2171 1768 Vens.
2202 1713 2252 1769 ‘l.
2287 1731 2307 1767 ι
2342 1713 2577 1771 Verbum
2621 1725 2808 1771 contra
2841 1715 3182 1771 Damascum.
3217 1714 3357 1772 Ecce
3402 1716 3504 1772 Da-

239 1793 476 1866 θήσεται
525 1797 634 1851 ἀπὸ
684 1800 907 1858 πόλεων.
956 1823 975 1855 ι
1027 1805 1135 1877 Τὴν
1171 1807 1488 1881 καθαίρεσιν
1540 1793 1825 1869 αἰνίττεται

1936 1822 2152 1861 mascus
2201 1807 2419 1862 tolletur
2459 1824 2488 1862 a
2535 1809 2867 1865 civitatibus.
2909 1826 2929 1861 ι
2963 1808 3312 1866 Eversionem
3341 1811 3505 1881 regia

238 1886 343 1958 τῆς
377 1888 665 1961 βασιλικῆς
679 1892 981 1965 δυνάμεως,
1002 1891 1069 1967 ἦς
1094 1873 1307 1970 μετεῖχε
1338 1873 1650 1976 πρότερονή
1676 1906 1825 1971 πόλις

1935 1900 2216 1970 potestatis
2244 1902 2571 1968 subindicat,
2606 1898 2759 1969 cujus
2786 1909 2943 1955 antea
2973 1917 3199 1957 consors
3231 1913 3351 1958 erat
3372 1904 3504 1959 urbs

240 1976 585 2048 ἐκλάμψασα
612 1980 762 2051 (19⁸).
784 1985 932 2055 Μόνη
951 1986 1059 2058 γὰρ
1089 1983 1157 2059 ἦν
1188 1989 1309 2043 τότε
1341 1993 1438 2064 τῆς
1468 1994 1664 2065 Συρίας
1689 1997 1831 2051 ἁπά-

240 2086 347 2163 σης
370 2072 681 2163 κρατοῦσα,
720 2077 885 2147 μήπω
908 2079 1016 2131 τῶν
1053 2080 1173 2134 καθ’
1199 2084 1345 2153 ἡμᾶς
1375 2086 1655 2155 ἐπιφανῶν
1679 2090 1738 2142 ἐν
1758 2094 1825 2163 τῇ

239 2160 420 2233 Συρίᾳ
459 2164 667 2219 πόλεων
718 2168 1123 2242 ἐγηγερμένων,
1164 2174 1491 2246 Ἀντιοχείας
1532 2181 1673 2251 φημί⁵
1734 2160 1831 2235 καί

236 2253 354 2307 τῶν
384 2254 581 2309 ἄλλων.

317 2362 339 2394 ι
371 2345 485 2397 Καὶ
508 2345 660 2399 ἔσται
691 2348 770 2410 εἰς
796 2347 1000 2403 πτῶσιν
1033 2352 1126 2405 καὶ
1148 2354 1615 2432 καταλελειμμένη
1640 2361 1717 2425 εἰς
1738 2362 1828 2416 τὸν

240 2434 425 2488 αἰῶνα
468 2437 549 2500 εἰς
582 2438 770 2510 κοίτην
810 2442 1071 2512 ποιμνίων
1101 2446 1193 2498 καὶ
1225 2446 1528 2503 ἀνάπαυσιν
1548 2468 1562 2482 ·
1598 2452 1691 2505 καὶ
1724 2453 1825 2507 ούκ

237 2526 402 2581 ἔσται
425 2530 455 2579 ό
475 2527 706 2585 διώκων.
736 2532 845 2586 Καὶ
872 2535 1053 2589 οὐκέτι
1077 2537 1228 2592 ἔσται
1251 2539 1422 2610 ὀχυρά
1446 2542 1539 2594 τοῦ
1566 2545 1831 2614 καταφεύ-

236 2636 366 2688 γειν
397 2621 657 2693 Ἐφραῖμ.
681 2642 701 2675 ›
734 2625 944 2698 ’Ὠσπερ
969 2630 1035 2699 τῇ
1063 2630 1375 2702 Βαϐυλωνίᾳ
1395 2634 1462 2687 τὰ
1494 2635 1831 2705 ἁρμόττοντα

237 2711 490 2780 ἐλέγετο,
526 2714 619 2766 καὶ
662 2719 773 2780 τοῖς
824 2718 1139 2789 ἀλλοφύλοις
1185 2726 1296 2787 τοῖς
1328 2724 1425 2795 τὴν
1465 2725 1828 2797 Παλαιστίνην

235 2803 457 2859 οἰκοῦσι
506 2806 575 2859 τά
604 2808 930 2879 κατάλληλα,
957 2814 1023 2883 τῇ
1069 2830 1128 2866 τε
1156 2814 1329 2867 Μωὰϐ
1374 2816 1635 2880 ὡσαύτως
1665 2817 1828 2889 ἐτερά

239 2916 369 2951 τινα
412 2899 683 2964 ἰδιάζοντα
708 2918 721 2931 ·
755 2901 844 2954 τὸν
878 2903 1041 2957 αὐτὸν
1074 2905 1272 2976 τρόπον
1299 2906 1391 2959 καὶ
1422 2907 1482 2960 τὸ
1532 2908 1672 2962 κατὰ
1719 2911 1825 2962 Δα-

243 2991 465 3060 μασκοῦ
502 2994 836 3065 προφητικὸν
852 2995 1005 3066 ῥῆμα
1040 2996 1168 3051 ἴδιόν
1188 3015 1241 3051 τι
1267 2997 1418 3063 τέλος
1436 2998 1824 3055 ἐπελεύσεσθαι

238 3068 416 3156 αὐτήν
463 3083 705 3137 ἀπειλεῖ·
783 3086 1114 3157 ἀρθήσεσθαί
1168 3106 1302 3161 φησι
1352 3090 1461 3162 γὰρ
1504 3091 1672 3163 αὐτὴν
1718 3092 1825 3146 ἀπὸ

238 3173 477 3229 πόλεων.
546 3176 702 3229 Κατὰ
747 3177 804 3230 δὲ
851 3178 941 3231 τὸν
991 3177 1336 3245 Θεοδοτίωνα,
1394 3182 1824 3253 μεταστήσεσθαί

238 3284 409 3339 φησιν
445 3269 511 3321 ἐκ
540 3268 766 3323 πόλεων.
799 3270 1040 3325 Πέπονθε
1084 3272 1141 3325 δέ
1171 3272 1328 3327 τοῦτο
1362 3274 1500 3328 κατά
1530 3277 1655 3340 τοὺς
1700 3277 1825 3331 Ἀσ-

239 3360 494 3430 συρίους,
524 3359 599 3423 ὡς
644 3361 739 3415 καὶ
770 3361 957 3431 ἐδήλου
989 3362 1075 3416 διὰ
1113 3364 1221 3418 τῶν
1244 3364 1551 3436 ἔμπροσθεν
1603 3369 1636 3439 ή
1690 3369 1826 3439 μετά

237 3454 434 3524 χεῖρας
453 3451 774 3523 Γραφὴ,τὸν
802 3452 911 3506 τῶν
941 3454 1235 3525 Ἀσσυρίων
1253 3455 1477 3525 βασιλέα
1506 3459 1827 3529 παριστῶσα

236 3544 506 3613 λέγονταο
546 3563 568 3596 ι
615 3544 727 3596 Καὶ
761 3544 949 3598 ἔλαϐον
975 3546 1234 3618 Ἀραϐίαν
1270 3548 1362 3601 καὶ
1402 3550 1692 3621 Δαμασκὸν
1731 3550 1826 3604 καὶ

236 3636 583 3707 Σαμάρειαν,
614 3634 672 3687 ὃν
694 3634 892 3705 τρόπον
926 3635 1112 3689 ἔλαϐον
1140 3636 1342 3701 ταύτας
1399 3639 1493 3691 καὶ
1519 3639 1696 3703 πάσας
1728 3641 1826 3704 τὰς

237 3728 420 3798 ἁρχάς
452 3727 716 3798 λήψομαι.
753 3746 772 3779 ›
811 3726 998 3797 Τούτῳ
1032 3728 1089 3780 δὲ
1131 3727 1209 3799 τῷ
1240 3728 1381 3798 λόγῳ
1423 3729 1578 3801 καὶὴ
1618 3732 1825 3803 ἱστορία

242 3823 550 3892 μαρτυρεῖ·
581 3820 889 3890 γέγραπται
914 3819 1044 3888 γοῦν
1068 3820 1126 3873 ἐν
1163 3824 1229 3892 τῇ
1258 3822 1495 3894 τετάρτῃ
1519 3822 1628 3876 τῶν
1666 3823 1827 3877 Βασι-

237 3910 434 3963 λειῶν·
478 3928 497 3961 ι
533 3911 641 3962 Καὶ
677 3909 844 3979 ἀνέϐη
889 3909 1136 3979 βασιλεὺς
1181 3911 1474 3983 Ἀσσυρίων
1516 3915 1595 3975 εἰς
1641 3915 1824 3984 Δαμα-

240 4002 395 4063 σκδν,
450 4002 548 4054 καὶ
578 4001 837 4055 συνέλαϐε
871 4001 1063 4072 αὐτὴν,
1101 4001 1195 4054 καὶ
1234 4001 1511 4073 ἀπῴκισεν
1561 4005 1747 4075 αὑτήν.
1796 4024 1815 4058 ι

244 4096 319 4146 Ἀ
344 4094 409 4164 δὴ
442 4094 539 4147 καὶ
571 4094 756 4156 τέλους
785 4093 1050 4164 τετύχηκε
1096 4094 1187 4147 ἐπὶ
1234 4095 1332 4165 τῆς
1369 4095 1679 4166 Ῥωμαῖκῆς
1720 4098 1821 4168 ἀρ-

240 4186 366 4256 κῆς,
408 4184 532 4239 καθ’
561 4185 628 4257 ῆν
657 4188 995 4257 συνειστήκει
1060 4186 1156 4256 μὲν
1200 4188 1234 4256 ἡ
1290 4188 1599 4257 Δαμασκὺς,
1635 4188 1732 4259 τὴν
1764 4188 1821 4241 δὲ

238 4276 486 4331 παλαιὰν
535 4277 631 4330 καὶ
665 4277 963 4349 βασιλικὴν,
1011 4278 1164 4348 φησι,
1215 4278 1491 4341 παντελῶς
1527 4278 1815 4349 ἠφανίσθη.

238 4368 402 4426 οὕτω
428 4370 487 4425 δὲ
520 4370 747 4440 συνέστη
778 4372 811 4440 ἡ
844 4371 938 4423 καὶ
980 4371 1074 4425 νῦν
1106 4372 1382 4443 ὁρωμένη,
1444 4370 1519 4433 ὡς
1549 4372 1581 4440 ή
1616 4388 1821 4443 προφη-

237 4462 362 4517 τεία
387 4462 662 4525 ἐθέσπισε,
700 4463 881 4516 οὐκέτι
913 4464 1009 4533 μὲν
1041 4464 1313 4535 βασιλικὸν
1354 4464 1566 4536 ἀξίωμα
1619 4467 1819 4535 ἐπαγο-

1932 1992 2139 2049 isthaec.
2168 1993 2295 2049 Sola
2340 1994 2538 2063 quippe
2583 2001 2709 2048 tunc
2756 1993 3024 2049 universae
3056 1994 3229 2065 Syria:
3261 1995 3499 2065 impera-

1930 2081 2063 2146 bat,
2112 2098 2233 2137 cum
2289 2084 2451 2138 urbes
2493 2083 2545 2137 in
2591 2082 2785 2155 Syria,
2836 2093 3018 2138 nostra
3068 2094 3229 2139 aetate
3281 2086 3499 2155 conspic

1930 2188 2065 2239 sum,
2096 2174 2331 2230 nondum
2364 2183 2583 2231 structae
2620 2176 2885 2242 fuissent;
2921 2177 3264 2231 Antiochiam
3290 2177 3411 2233 dico
3440 2186 3499 2233 et

2005 2356 2166 2411 Vsus.
2194 2355 2249 2420 2,
2285 2356 2340 2410 5.
2393 2375 2412 2408 ι
2472 2355 2537 2410 Ει
2580 2356 2684 2412 erit
2711 2356 2762 2410 in
2794 2355 3003 2411 ruinam
3049 2367 3103 2411 et
3130 2357 3385 2412 derelicta
3435 2358 3491 2412 in.

1936 2448 2192 2503 sarculum
2224 2449 2277 2503 in
2320 2447 2500 2504 cubile
2532 2446 2752 2503 ovilium
2782 2464 2797 2502 :
2831 2457 2883 2502 et
2916 2463 3019 2503 non
3062 2449 3167 2502 erit
3192 2450 3281 2519 qui
3314 2462 3499 2518 perse-

1928 2550 2144 2610 quatur.
2170 2542 2236 2595 Et
2266 2555 2371 2595 non
2403 2541 2508 2595 erit
2538 2540 2677 2595 ultra
2719 2541 2947 2604 munita,
2976 2548 3030 2593 ut
3067 2538 3191 2595 illuc
3219 2539 3500 2609 confugiat

1931 2630 2210 2700 Ephraim.
2245 2651 2263 2682 ι
2296 2630 2759 2698 Quemadmodum
2790 2629 3099 2699 Babylonia:
3128 2645 3248 2699 qua:
3269 2644 3500 2685 consen-

1932 2732 2092 2776 tanea
2127 2730 2303 2785 erant,
2331 2719 2619 2791 allophylis
2650 2718 2943 2773 Palaestina:
2979 2719 3168 2774 incolis
3208 2734 3328 2789 quae
3366 2721 3500 2789 ipsis

1929 2814 2347 2884 competebant,
2384 2829 2448 2867 ac
2478 2813 2682 2883 regioni
2713 2811 2869 2866 Moab
2913 2812 3166 2865 similiter
3205 2812 3311 2865 alia
3345 2826 3497 2881 quar-

1928 2905 2052 2959 dam
2094 2904 2195 2974 ipsi
2248 2903 2466 2973 propria
2522 2902 2862 2969 minabatur;
2921 2902 3001 2957 sic
3047 2912 3100 2956 et
3151 2902 3497 2971 pr0pheticus

1927 2991 2107 3055 sermo
2138 3009 2324 3054 contra
2374 2999 2694 3052 Damascum
2728 3010 2895 3065 agens
2923 3035 2939 3061 ,
2972 2994 3117 3049 illam
3146 2994 3367 3063 proprio
3392 2992 3495 3047 sibi

1929 3090 2036 3145 line
2066 3089 2436 3160 excipiendam
2480 3101 2598 3143 esse
2643 3086 3066 3141 interminatur:
3105 3100 3229 3139 nam
3259 3085 3429 3154 ipsam
3462 3100 3493 3137 a

1929 3180 2241 3237 civitatibus
2283 3180 2571 3235 tollendam
2604 3192 2723 3233 esse
2764 3178 2859 3232 ait.
2907 3176 3213 3232 Secundum
3245 3175 3498 3231 Theodo-

1931 3274 2131 3328 tionem
2163 3288 2292 3329 vero
2319 3313 2333 3337 ,
2379 3269 2809 3325 transferendam
2844 3283 2910 3323 ex
2943 3268 3280 3324 civitatibus.
3316 3267 3369 3323 ld
3402 3283 3499 3321 au-

1929 3374 2033 3420 tem
2067 3378 2318 3435 perpessa
2349 3374 2431 3419 est
2472 3362 2817 3433 Assyriorum
2849 3369 3092 3429 tempore
3116 3399 3133 3424 ,
3160 3369 3217 3415 ut
3245 3360 3395 3430 prius
3424 3360 3498 3414 si-

1926 3456 2218 3527 gniﬁcabat
2247 3469 2486 3525 praesens
2520 3452 2800 3523 Scriptura
2829 3490 2845 3515 ,
2870 3466 2993 3507 cum
3025 3450 3371 3522 Assyriorum
3404 3464 3495 3504 re-

1926 3563 2045 3618 gem
2070 3546 2354 3601 induceret
2395 3547 2688 3610 dicentem,
2724 3562 2745 3597 ι
2783 3544 2850 3598 Ει
2878 3543 2995 3612 cepi
3021 3541 3278 3596 Arabiam
3306 3551 3360 3596 et
3392 3540 3497 3594 Da-

1933 3653 2172 3693 mascum
2200 3650 2253 3693 et
2284 3638 2584 3693 Samariam
2622 3657 2636 3693 :
2672 3635 3121 3706 quemadmodum
3167 3633 3264 3689 has
3292 3633 3409 3702 cepi
3442 3643 3497 3687 et

1925 3746 2113 3786 omnes
2145 3732 2479 3801 principatus
2503 3731 2711 3800 capiam
2736 3730 2805 3783 "".
2842 3748 2860 3781 ι
2899 3728 3033 3783 iluic
3061 3742 3221 3797 porro
3250 3725 3491 3781 sermoni

1926 3822 2294 3876 testimonium
2363 3822 2520 3876 aﬂ‘crt
2573 3824 2856 3887 historia;
2912 3820 3179 3890 siquidem
3240 3819 3294 3872 in
3354 3818 3496 3873 libro

1924 3922 2119 3980 quarto
2151 3912 2460 3982 Regnorum
2491 3914 2754 3983 scriptum
2798 3920 2924 3967 est:
2960 3931 2977 3964 ι
3020 3912 3083 3967 Et
3106 3913 3356 3967 ascendit
3398 3928 3494 3967 rex

1921 4004 2266 4074 Assyriorum
2302 4004 2642 4069 Damascum,
2686 4015 2741 4059 ct
2786 4006 2926 4073 cepit
2951 4021 3095 4068 eam,
3128 4014 3184 4060 et
3219 4006 3495 4060 transtulit

1922 4108 2065 4151 eam.
2102 4114 2121 4146 ι
2154 4098 2282 4163 Qua:
2314 4096 2441 4149 item
2476 4106 2718 4151 extremo
2767 4095 3032 4164 completa
3081 4104 3209 4150 sunt
3251 4095 3354 4150 sub
3385 4096 3494 4150 Ro-

1923 4200 2205 4240 manorum
2244 4186 2492 4256 imperio,
2524 4186 2674 4254 cujus
2704 4196 2943 4255 tempore
2970 4187 3265 4241 Damascus
3301 4202 3493 4255 super-

1922 4288 2032 4333 stes
2059 4280 2296 4347 quidem,
2324 4295 2513 4333 verum
2561 4281 2705 4349 quod
2758 4280 2823 4334 ad
2869 4281 3148 4347 antiquam
3197 4289 3250 4333 et
3284 4280 3488 4348 regiam

1922 4372 2237 4441 dignitatem
2269 4410 2285 4437 ,
2319 4371 2565 4427 funditus
2594 4372 2769 4427 deleta
2812 4382 2952 4427 erat.
2986 4374 3102 4439 Quo
3132 4381 3289 4440 pacto
3324 4372 3490 4425 etiam

1919 4465 2168 4520 consistit
2192 4480 2256 4520 ea
2277 4510 2291 4532 ,
2336 4480 2495 4535 quam
2532 4465 2691 4520 hodie
2719 4465 2998 4529 videmus,
3030 4464 3484 4534 quemadmodum

242 4552 405 4624 μένη,
433 4554 554 4606 οὐδὲ
578 4554 817 4623 ἄρχουσα
844 4554 936 4607 τοῦ
978 4554 1163 4627 Σύρων
1202 4554 1385 4618 ἔθνους
1410 4569 1424 4583 '
1487 4557 1815 4610 ἀποπεπτω-

1927 4557 2200 4627 prophetia
2232 4558 2600 4612 vaticinatur:
2637 4573 2755 4625 qua:
2801 4565 3009 4610 tantum
3057 4558 3215 4610 abest
3243 4567 3301 4609 ut
3344 4555 3485 4610 ultra

239 4647 368 4698 κυῖα
401 4645 457 4697 δέ
488 4640 555 4716 ἧς
587 4643 699 4714 εἶχε
749 4644 1027 4717 δυνάμεως
1080 4645 1364 4717 πρότερον,
1405 4649 1497 4700 καὶ
1535 4649 1813 4718 μονονουχὶ

239 4738 318 4800 εἰς
352 4735 540 4805 κοίτην
574 4735 839 4806 ποιμνίων
872 4736 962 4789 καὶ
988 4737 1293 4791 ἀνάπαυσιν
1323 4737 1616 4807 βουκολίων
1647 4758 1815 4795 κατα-

237 4827 605 4899 λελειμμένηο
661 4828 802 4881 οῦτω
839 4828 991 4882 δὲτά
1036 4830 1263 4898 ἀγελαῖα
1310 4830 1489 4901 πλήθη
1545 4833 1639 4884 καὶ
1688 4834 1814 4896 τοὺς

238 4920 481 4982 εὐτελεῖς
510 4920 712 4990 δήμους
746 4920 926 4973 καλεῖν
974 4920 1162 4974 εἴωθεν
1191 4924 1218 4975 ὁ
1247 4922 1420 4990 λόγος.
1462 4924 1614 4977 Κατὰ
1645 4926 1811 4995 μόνην

237 5010 336 5083 τὴν
372 5010 484 5063 τῶν
520 5009 918 5080 Ἐϐδομήκοντα
962 5011 1255 5081 ἑρμηνείαν
1303 5012 1534 5084 εἴρηται,
1565 5013 1705 5081 λέγω
1745 5015 1810 5086 δὴ

234 5101 320 5165 τὸ,
363 5120 383 5152 ι
420 5103 504 5163 εἰς
534 5100 626 5153 τὸν
676 5099 877 5154 αἰῶναο
925 5120 942 5151 ι
989 5100 1113 5153 οὔτε
1166 5102 1275 5172 γὰρ
1330 5104 1384 5155 ἐν
1439 5103 1809 5175 τῴἙϐραῖκῷ

234 5192 361 5247 οὔτε
402 5192 555 5264 παρά
604 5195 717 5255 τοῖς
760 5192 964 5255 λοιποῖς
1013 5195 1369 5265 ἐρμηνευταῖς
1425 5195 1668 5266 φέρεται.
1717 5196 1810 5250 Διὸ

237 5286 336 5338 οὐκ
367 5286 583 5355 ἀνάγκη
610 5285 709 5355 τὴν
740 5284 944 5337 πτῶσιν
976 5284 1266 5357 Δαμασκοῦ
1299 5288 1522 5340 αἰωνίαν
1556 5286 1809 5355 λέγεσθαι

238 5377 508 5446 νομίζειν
543 5376 726 5446 ἐπειδὴ
758 5378 981 5448 χρονική
1016 5394 1099 5440 τις
1118 5377 1294 5429 αὐτῶν
1324 5378 1513 5447 γέγονε
1542 5379 1575 5448 ἡ
1607 5380 1811 5443 πτῶσις

238 5466 379 5521 κατά
407 5467 507 5537 τὴν
533 5466 633 5534 τῆς
676 5466 962 5537 Ἀσσυρίας
1012 5466 1345 5537 πολιορκίαν,
1387 5467 1506 5521 καθ’
1541 5468 1607 5538 ἢν
1654 5467 1807 5538 καὶὴ

250 5558 604 5631 Ἰερουσαλὴμ
638 5560 770 5630 ἥλω.
822 5560 957 5612 Ἀλλ’
1003 5560 1189 5633 ῶσπερ
1236 5558 1389 5626 αὖθις
1426 5563 1811 5627 ἐπανελθόντες

251 5650 489 5707 Ἰουδαῖοι
522 5652 751 5723 ήγειραν
784 5652 879 5722 τὴν
908 5652 1280 5724 Ἰερουσαλὴμ,
1318 5654 1417 5723 [καὶ
1470 5654 1570 5725 ’τὴν
1620 5655 1808 5727 χώραν

308 5771 351 5803 ’⁷
380 5774 485 5826 lsa.
514 5789 568 5836 χ,
608 5771 661 5827 9.

308 5865 445 5938 (19⁸)
499 5866 623 5924 Haec
672 5882 810 5939 pene
836 5868 903 5925 ad
949 5870 1169 5928 verbum
1216 5869 1572 5939 Hieronymus
1619 5874 1892 5939 exprimit.

1919 4651 2124 4719 regiam
2153 4650 2471 4720 dignitatem
2499 4650 2745 4705 obtineat
2773 4688 2789 4714 ,
2820 4664 2883 4702 ac
2915 4650 3177 4718 Syrorum
3204 4650 3351 4720 genti
3385 4650 3488 4703 im-

1919 4750 2102 4811 peret,
2134 4751 2191 4795 ιιι
2214 4743 2441 4811 pristina
2486 4750 2754 4813 potestate
2799 4741 3009 4810 penitus
3062 4741 3323 4795 exciderit
3357 4780 3374 4805 ,
3420 4754 3487 4794 ac

1920 4841 2127 4887 tantum
2158 4848 2264 4888 non
2305 4834 2357 4887 in
2384 4834 2558 4889 cubile
2590 4834 2834 4899 oviliutn,
2861 4841 2914 4885 et
2943 4832 2994 4885 in
3025 4832 3237 4886 caulam
3267 4845 3489 4885 armen-

1922 4932 2094 4979 torum
2126 4925 2311 4980 relicta
2340 4926 2412 4979 sit
2462 4944 2476 4979 :
2519 4927 2597 4981 sic
2623 4940 2787 4994 porro
2812 4924 2952 4993 vulgi
2979 4924 3377 4977 multitudinem
3429 4930 3485 4974 et

1919 5014 2157 5069 inﬁmam
2182 5014 2392 5084 plebem
2422 5030 2617 5070 vocare
2648 5016 2786 5070 solet
2814 5015 2990 5069 divina
3020 5014 3320 5082 Scriptura.
3352 5010 3483 5065 Illud

1916 5111 2093 5159 autem
2121 5144 2137 5168 ,
2176 5124 2195 5156 ι
2228 5105 2279 5157 in
2314 5106 2569 5159 saeculum
2597 5144 2613 5171 ,
2652 5124 2671 5155 ι
2720 5104 3010 5159 secundum
3054 5103 3220 5158 solam
3257 5103 3487 5170 Septua-

1915 5198 2061 5265 ginta
2102 5196 2463 5267 lnterpretum
2513 5198 2815 5251 versionem
2864 5195 3108 5251 dicitur:
3142 5208 3264 5247 nam
3307 5208 3483 5261 neque

1920 5287 1973 5340 in
2000 5286 2265 5343 Hebraico
2294 5327 2310 5352 ,
2349 5301 2521 5357 neque
2560 5287 2699 5357 apud
2750 5285 2986 5354 reliquos
3014 5285 3337 5351 interpretes
3373 5282 3483 5336 fcr-

1920 5387 2026 5434 tur.
2058 5377 2419 5445 Quamobrem
2452 5378 2816 5433 necessarium
2862 5375 3087 5430 minime
3114 5382 3197 5428 est.
3236 5383 3295 5427 ut
3324 5384 3481 5443 pute-

1916 5487 2035 5527 mus
2065 5474 2276 5527 ruinam
2322 5471 2569 5526 Damasci
2624 5478 2884 5525 mternam
2912 5466 3129 5538 przedici
3181 5484 3195 5520 :
3238 5467 3482 5536 quando-

1916 5564 2129 5633 quidem
2178 5564 2243 5618 ad
2281 5573 2489 5633 tempus
2522 5563 2693 5619 solum
2724 5560 2839 5629 ejus
2868 5560 3137 5617 excidith
3168 5560 3269 5615 fuit
3296 5602 3311 5626 ,
3357 5577 3479 5615 cunt

1915 5657 1983 5711 ab
2014 5656 2252 5728 Assyriis
2278 5658 2498 5715 obsessa
2534 5664 2657 5724 est,
2690 5658 2903 5725 quando
2932 5656 3093 5713 etiam
3142 5654 3479 5727 Jerosolytna
