3984 6506
467 386 569 446 ’⁵20⁸7

1108 358 1395 432 Εῠεευιι
1443 365 1919 428 ΟΕΞΑΒΙΕΝΞΙΞ
1956 363 2059 421 om

2169 362 2336 420 PARS
2370 364 2461 421 ΙΙΙ.
2502 393 2570 405 --
2608 361 3016 420 EXEGETICA.

3618 356 3732 416 208

452 508 627 571 capta
660 507 762 555 est.
796 500 992 556 Verum
1015 496 1464 569 quemadmodum
1493 490 1884 549 reversiJudaei
1920 489 2049 545 Hie-

2169 476 2477 561 επλήρωσαν
2510 487 2831 559 οἰκητόρων,
2863 486 2956 539 τὸν
3005 481 3163 537 αὑτὸν
3200 480 3397 553 τρόπον
3441 478 3535 533 καὶ
3564 480 3598 551 ἡ
3630 479 3733 532 Δα.

475 591 806 663 rosolymam
840 592 1015 646 denuo
1038 590 1372 655 excitarunt,
1396 598 1557 656 alque
1585 585 1864 656 regionem
1892 584 2044 639 inco-

476 682 543 737 lis
575 682 941 751 repleverunt.
990 681 1057 735 ad
1082 679 1331 735 eumdem
1377 678 1591 732 modum
1623 685 1678 731 et
1708 676 2003 731 Damascus
2030 714 2046 738 ,

477 775 567 830 illa
599 789 851 845 perpessa
880 813 895 838 ,
929 788 1046 843 quae
1101 772 1156 827 in
1212 772 1496 841 prophetia
1536 770 1806 833 feruntur,
1853 781 2047 821 rursus

478 867 534 920 in
563 865 809 937 sequenti
841 874 1083 934 tempore
1110 870 1317 917 structa
1339 860 1441 916 fuit
1462 902 1477 927 ,
1517 860 1590 915 ita
1642 867 1701 914 ut
1729 857 1873 928 regia
1896 859 2051 912 sedes

479 958 535 1013 in
562 969 625 1010 ea
656 956 853 1012 iterum
882 964 1204 1025 poneretur.

552 1070 571 1103 ι
608 1050 673 1105 Ει
704 1065 808 1104 non
839 1050 976 1103 ultra
1018 1062 1240 1118 regnum
1270 1047 1323 1101 in
1356 1048 1617 1101 Damasco
1645 1060 1660 1099 :
1698 1054 1751 1099 et
1774 1042 2048 1097 residuum

479 1143 768 1215 Syrorum.
799 1159 817 1191 ι
847 1139 972 1194 llaec
998 1139 1248 1193 dicuntur
1276 1138 1428 1207 quasi
1463 1137 1758 1191 Damascus
1779 1140 2051 1203 superstes

479 1236 694 1305 quidem
724 1231 900 1286 futura
926 1230 1015 1296 sit,
1041 1230 1137 1285 sed
1167 1243 1272 1282 non
1303 1228 1507 1282 munita
1541 1234 1597 1281 et
1626 1225 1771 1296 regni
1803 1232 1963 1292 caput
1994 1233 2051 1277 ut

480 1326 629 1382 olim.
657 1323 890 1379 Possunt
919 1322 1044 1376 item
1088 1319 1191 1374 alio
1227 1318 1387 1373 modo
1436 1318 1548 1372 hrcc
1598 1318 1717 1371 loca
1764 1315 2049 1386 explicari,

480 1417 635 1487 quasi
668 1415 876 1472 scilicet
904 1413 1183 1481 prophetia
1211 1409 1465 1464 Damasci
1511 1408 1702 1463 incolis
1744 1407 2051 1477 depressio-

481 1525 606 1565 nem
633 1516 686 1563 et
716 1507 979 1577 privatam
1010 1504 1175 1558 vitam
1214 1500 1562 1571 prtenuntict.
1592 1499 1668 1553 lta
1701 1499 1844 1555 enim
1873 1499 2054 1555 dicere

372 1670 373 1673 η
482 1601 720 1656 solemus
754 1597 1020 1654 excidisse
1062 1594 1317 1657 divitem,
1347 1607 1470 1647 cum
1510 1593 1561 1645 in
1592 1599 1896 1646 extremam
1924 1606 2054 1660 pau-

479 1705 747 1766 pertatem
774 1690 1081 1756 devenerit;
1110 1687 1470 1755 similiterque
1497 1685 1673 1738 virum
1706 1684 2051 1747 honoratum,

480 1802 603 1843 cum
638 1785 894 1856 dignitate
936 1796 1032 1837 sua
1074 1778 1336 1850 spoliatus
1382 1777 1563 1833 fuerit.
1598 1774 1715 1831 Non
1746 1776 1887 1832 enim
1916 1791 2055 1845 prae-

2156 580 2384 650 μασκδς,
2421 577 2666 631 παθοῦσα
2694 578 2812 629 τότε
2842 575 2909 629 τὰ
2932 575 3035 629 ὑπὸ
3054 574 3151 645 τῆς
3182 569 3518 643 προφητείας
3545 568 3734 623 θεσπι-

2155 672 2367 734 σθέντα,
2407 668 2561 735 αὖθις
2591 673 2649 723 ἐν
2681 672 2793 734 τοῖς
2840 670 2977 741 μετὰ
3026 666 3199 721 ταῦτα
3224 666 3435 740 χρόνοις
3463 663 3734 733 ἀνῳκοδό-

2156 782 2312 837 μητο,
2343 765 2418 827 ὡς
2448 765 2538 817 καὶ
2563 763 2829 833 βασίλειον
2861 764 2917 815 ἐν
2952 762 3088 832 αὐτῇ
3118 759 3376 830 συστῆναι
3404 756 3583 811 πάλιν.

2231 1063 2247 1092 1
2291 1041 2399 1097 Καὶ
2426 1041 2604 1094 οὐκέτι
2633 1038 2877 1109 βασιλεία
2916 1040 2971 1090 ἐν
2998 1032 3292 1106 Δαμασκῷ
3335 1033 3428 1086 καὶ
3456 1031 3518 1084 τὸ
3561 1028 3736 1085 κατά-

2153 1135 2336 1188 λοιπον
2365 1131 2473 1185 τῶν
2496 1131 2703 1203 Σύρων.
2749 1150 2766 1181 ι
2806 1129 2893 1191 Ὠς
2924 1126 3033 1196 γὰρ
3076 1125 3376 1196 μελλούσης
3424 1122 3521 1193 μὲν
3563 1118 3737 1190 αὐτῆς

2154 1225 2391 1287 ἔσεσθαι,
2414 1225 2474 1277 ού
2503 1224 2607 1295 μὴν
2638 1223 2732 1276 καὶ
2765 1222 2965 1293 ὀχυρᾶς
2995 1218 3135 1273 κατὰ
3166 1218 3225 1271 τὸ
3259 1216 3485 1271 παλαιὸν
3514 1231 3739 1285 γενησο·

2157 1318 2343 1390 μένης,
2394 1316 2513 1369 οὐδὲ
2553 1314 2941 1386 βασιλευούσης
2979 1312 3150 1367 ταῦτα
3186 1312 3417 1383 εἴρηται.
3475 1310 3629 1362 Ἐστι
3678 1308 3737 1362 δὲ

2155 1409 2251 1463 καὶ
2284 1408 2455 1470 άλλως
2486 1406 2761 1460 ἐπιϐαλεῖν
2786 1408 2897 1469 τοῖς
2919 1405 3124 1469 τόποις,
3166 1405 3240 1468 ὡς
3272 1404 3371 1473 τῆς
3402 1400 3740 1472 προφητείας

2154 1500 2481 1555 ταπείνωσιν
2508 1502 2619 1562 τοῖς
2650 1501 2926 1570 οἰκήτορσι
2960 1495 3269 1567 Δαμασκοῦ,
3299 1496 3390 1548 καὶ
3410 1494 3521 1565 βίον
3548 1493 3740 1547 ἰδιωτι-

2156 1593 2252 1646 κὸν
2278 1589 2795 1663 προαναφωνούσης.
2825 1587 2978 1641 Οὕτω
3008 1584 3139 1656 γοῦν
3154 1586 3421 1656 εἰώθαμεν
3445 1584 3623 1652 λέγειν
3654 1584 3739 1636 ἐκ-

2156 1683 2499 1737 πεπτωκέναι
2539 1682 2629 1735 τὸν
2664 1680 2933 1746 πλούσιον,
2950 1679 3169 1733 ἐπειδὰν
3201 1680 3276 1742 εἰς
3307 1677 3541 1747 ἐσχάτην
3569 1675 3738 1747 ἐλάσῃ

2160 1774 2370 1829 πενίανο
2416 1773 2626 1829 καὶτὸν
2659 1772 2894 1845 ἔντιμον,
2938 1771 3154 1825 ἐπειδάν
3187 1764 3248 1825 οὗ
3293 1772 3537 1841 μετεῖχεν
3575 1768 3741 1835 ἀξιώ-

480 1842 724 1935 stantio;
747 1887 799 1931 tu
830 1890 891 1931 es
924 1874 1052 1929 [iliis
1083 1873 1249 1928 Israel
1314 1880 1368 1925 et
1397 1870 1567 1939 gloria
1597 1885 1807 1925 eorum.
1843 1842 1976 1923 Nam
2010 1869 2054 1924 si

2169 1883 2329 1937 ματος
2363 1863 2733 1936 στερηθῇ.·οὺ
2769 1842 2876 1934 γὰρ
2908 1861 2971 1913 σὺ
3002 1859 3225 1931 βελτίων
3247 1854 3298 1912 εἶ
3334 1858 3438 1911 τῶν
3465 1857 3599 1911 υίῶν
3640 1858 3742 1910 Ἰσ-

482 1967 573 2024 ille
594 1966 719 2023 olim
746 1963 973 2035 populus
998 1963 1092 2018 Dei
1112 1970 1478 2031 nuncupatus,
1496 1970 1797 2016 memorato
1820 1969 2058 2030 tempore

484 2058 742 2130 dignitate
762 2071 858 2112 sua
884 2055 1132 2125 lapsurus
1159 2062 1262 2118 est,
1277 2051 1507 2123 pristina
1535 2049 1790 2105 libertate
1816 2058 1870 2105 et
1892 2064 2058 2121 regno

481 2150 818 2221 spoliandus,
864 2162 970 2202 non
994 2154 1077 2202 est
1110 2143 1254 2215 quod
1283 2153 1339 2199 tu
1374 2143 1671 2199 Damascus
1698 2144 1763 2199 de
1787 2141 1903 2213 pari
1925 2156 2055 2199 casu

483 2242 806 2315 indigneris.

554 2429 720 2484 Vnus.
742 2428 798 2481 4.
823 2446 840 2479 ι
873 2425 998 2500 Haec
1016 2424 1148 2481 dicit
1166 2424 1427 2480 Dominus
1448 2422 1682 2481 Sabaoth
1711 2442 1724 2479 :
1750 2423 1866 2479 Erit
1890 2423 1942 2478 in
1969 2422 2057 2479 die

484 2522 576 2577 illa
615 2529 676 2576 ut
711 2519 925 2576 deﬁciat
957 2517 1123 2588 gloria
1165 2516 1330 2572 Jacob
1352 2555 1368 2580 ,
1393 2524 1448 2574 et
1480 2516 1695 2587 pinguia
1718 2515 1902 2588 gloriae
1940 2514 2059 2583 ejus

487 2618 951 2667 commoveantur.
985 2626 1004 2659 ι
1040 2606 1106 2661 Ει
1135 2604 1535 2659 animadvertas
1559 2603 1744 2667 velim,
1783 2617 1905 2658 eum
1948 2616 2057 2656 non

487 2700 728 2755 funditus
754 2695 1130 2754 destruendam
1150 2703 1385 2765 gentem,
1401 2697 1494 2750 sed
1518 2704 1722 2750 tantum
1745 2696 1929 2766 gloriae
1950 2695 2059 2765 pri-

488 2793 648 2849 stinae
670 2791 939 2862 jacturam
972 2788 1088 2843 fore
1118 2786 1445 2857 signiﬁcare.
1470 2785 1695 2853 Pinguia
1720 2802 1850 2844 vero
1873 2786 2059 2856 glorize

487 2884 651 2956 prisci
701 2882 844 2937 illius
878 2881 1082 2952 populi,
1117 2888 1273 2934 erant
1312 2878 1676 2934 sacerdotium
1707 2888 1762 2934 et
1806 2894 2056 2949 regnum,

486 2991 702 3031 sacrum
730 2975 858 3028 item
906 2970 1175 3026 canticum
1218 2978 1273 3023 et
1320 2968 1498 3024 cultus
1538 2969 1833 3024 secundum
1882 2967 2056 3036 legem

486 3066 783 3137 praestitus,
816 3060 1170 3132 prophetandi
1216 3058 1389 3128 gratia
1424 3069 1480 3113 et
1506 3059 1679 3129 gentis
1718 3057 1962 3121 libertas,
1993 3070 2058 3111 ac

489 3164 534 3217 si
584 3178 689 3232 qua
728 3160 832 3214 alia
880 3172 1045 3228 penes
1082 3155 1360 3209 Judaicam
1410 3161 1622 3224 gentem
1672 3152 2055 3206 habebantur:

490 3269 612 3324 quae
639 3250 923 3306 confertim
951 3246 1309 3304 concutienda
1327 3253 1381 3300 et
1409 3245 1707 3299 amovenda
1738 3243 1854 3298 fore
1882 3254 2059 3296 sermo

488 3343 752 3415 prmdicit.

566 3436 728 3493 Vens.
757 3436 811 3499 5,
843 3436 896 3489 (ἱ.
933 3450 951 3484 ι
993 3433 1059 3487 Et
1088 3433 1196 3488 erit
1223 3428 1674 3502 quemadmodum
1720 3427 1765 3481 si
1804 3425 1925 3497 quis
1954 3424 2063 3480 col-

492 3527 686 3597 legerit
720 3539 945 3581 messem
989 3531 1250 3589 stantem,
1281 3531 1335 3575 et
1370 3534 1551 3575 semen
1600 3519 1873 3588 spicarum
1918 3530 2061 3570 mes-

493 3621 682 3677 suerit.
713 3620 777 3672 Et
803 3618 908 3673 erit
941 3616 1389 3688 quemadmodum
1419 3615 1463 3669 si
1490 3615 1611 3684 quis
1649 3611 1928 3681 collegerit
1956 3610 2064 3679 spi-

494 3729 589 3769 cas
623 3714 673 3766 in
699 3712 839 3766 valle
862 3724 1073 3780 aspera,
1099 3720 1153 3763 et
1188 3709 1404 3762 relictus
1421 3707 1583 3760 fuerit
1609 3707 1659 3759 in
1693 3720 1753 3759 ea
1779 3703 2007 3758 culmus.
2042 3721 2058 3751 ι

495 3806 648 3862 Sicut
678 3805 821 3860 enim
860 3804 913 3858 in
949 3816 1123 3858 messe
1152 3802 1483 3871 colliguntur
1509 3800 1725 3869 quidem
1760 3796 1945 3866 spicae,
1979 3810 2065 3849 re—

494 3900 757 3969 linquitur
778 3907 956 3952 tameu
995 3896 1047 3949 in
1074 3908 1203 3965 agro
1225 3892 1434 3947 culmus
1465 3891 1682 3954 tenuis;
1732 3889 1802 3942 ita
1828 3886 2064 3940 futurum

494 3995 571 4048 ait
598 3992 880 4047 Iudaicum
902 3988 1181 4059 populum,
1205 4000 1370 4057 penes
1390 4000 1551 4055 quem
1580 3981 1742 4053 spicae
1765 3979 1894 4035 olim
1922 3989 2067 4033 stan-

496 4096 578 4139 tes
607 4083 969 4146 succidentur,
992 4080 1249 4149 solusque
1278 4076 1615 4146 relinquetur
1647 4074 1874 4128 culmus.
1912 4070 2065 4137 Quod

495 4180 542 4233 si
577 4179 699 4248 quis
726 4176 865 4246 apud
895 4189 989 4230 eos
1017 4173 1317 4244 reperiatur
1341 4169 1740 4224 existimatione
1769 4165 1988 4236 dignus,
2019 4165 2065 4219 is

494 4270 897 4340 comparabitur
936 4267 1118 4338 spicae,
1164 4281 1269 4320 non
1319 4264 1370 4317 in
1408 4261 1664 4329 planitie,
1702 4261 1795 4315 sed
1832 4259 1886 4314 in
1920 4257 2068 4333 valle

498 4362 642 4416 sicca
682 4368 737 4413 ct
782 4372 972 4427 aspera
1013 4353 1279 4411 nascenti.
1325 4350 1588 4406 Caeterum
1629 4350 1778 4420 spica
1838 4346 2066 4403 indicari

495 4464 628 4524 puto
650 4454 874 4506 chorum
904 4448 1289 4519 discipulorum
1320 4444 1841 4514 etevangelistarum
1877 4442 2067 4497 Salva-

2163 1959 2298 2031 ραὴλ
2333 1957 2546 2029 καὶτῆς
2575 1957 2731 2029 δόξης
2766 1956 2963 2009 αὐτῶν.
3002 1955 3064 2007 Ei
3089 1954 3199 2025 γὰρ
3229 1956 3258 2007 ὁ
3285 1953 3451 2007 πάλαι
3483 1952 3578 2006 τοῦ
3602 1951 3740 2006 Θεοῦ

2158 2046 2508 2120 χρηματίζων
2536 2047 2663 2111 λαὸς
2691 2049 2746 2099 ἐν
2774 2049 2884 2109 τοῖς
2910 2044 3221 2115 λεγομένοις
3251 2044 3463 2115 χρόνοις
3492 2044 3743 2097 ἐκπεσεῖ-

2158 2158 2247 2194 ται
2276 2140 2371 2193 τοῦ
2397 2140 2595 2194 οἰκείου
2622 2138 2951 2210 ἀξιώματος,
2972 2139 3066 2189 καὶ
3085 2136 3183 2206 τῆς
3222 2136 3389 2190 πάλαι
3416 2138 3544 2208 παρ’
3558 2135 3745 2198 αὐτοῖς

2160 2233 2582 2305 πολιτευομένης
2622 2230 2948 2301 αὐτονομίας
2991 2230 3085 2283 καὶ
3129 2228 3426 2297 βασιλείαςο
3448 2227 3507 2281 ού
3541 2228 3648 2298 χρή
3684 2243 3744 2279 σε

2158 2326 2256 2398 τὴν
2289 2325 2576 2397 Δαμασκὸν
2608 2322 2676 2377 τὰ
2696 2323 2855 2394 ὅμοια
2889 2321 3198 2390 πάσχουσαν
3216 2318 3561 2388 ἀγανακτεῖν.

2230 2439 2248 2473 ε
2284 2419 2424 2474 Τάδε
2454 2419 2603 2487 λέγει
2631 2416 2836 2487 Κύριος
2873 2412 3119 2467 Σαϐαώθ·
3153 2413 3343 2466 Ἔσται
3376 2413 3434 2464 ἐν
3464 2413 3530 2481 τῇ
3558 2409 3747 2481 ἡμέρᾳ

2159 2512 2341 2584 ἐκείνῃ
2368 2508 2607 2579 ἔκλειψις
2635 2508 2733 2578 τῆς
2771 2504 2927 2575 δόξης
2979 2500 3191 2555 Ἰακώϐ·
3236 2503 3331 2556 καὶ
3359 2501 3425 2555 τά
3456 2499 3616 2553 πίονα
3645 2500 3747 2569 τῆς

2158 2606 2316 2677 δόξης
2347 2601 2511 2657 αὑτοῦ
2547 2598 2909 2669 σεισθήσεται.
2949 2613 2967 2645 ι
3003 2593 3115 2648 Καὶ
3152 2593 3250 2647 θέα
3280 2594 3426 2656 ὅπως
3457 2592 3557 2645 ούκ
3588 2590 3746 2644 ἀναί-

2163 2715 2311 2771 ρεσιν
2352 2694 2586 2765 παντελῆ
2617 2692 2712 2746 τοῦ
2759 2689 2942 2750 ἔθνους
2984 2685 3259 2757 σημαίνει,
3293 2683 3429 2737 ἀλλὰ
3460 2682 3556 2752 τῆς
3581 2679 3744 2750 δόξης

2159 2791 2358 2857 αὐτῶν,
2391 2785 2457 2861 ἦς
2489 2788 2733 2859 μετεῖχον
2781 2784 3063 2857 πρότερον,
3093 2779 3431 2848 καθαίρεσιν.
3469 2775 3639 2827 Πίονσ.
3684 2773 3745 2826 δὲ

2157 2880 2226 2957 ἦν
2256 2884 2352 2955 τῆς
2398 2882 2488 2937 τοῦ
2513 2880 2778 2954 προτέρου
2822 2875 2953 2930 λαοῦ
2982 2874 3193 2944 δόξηςή
3227 2867 3512 2942 ἱερωσύνη,
3565 2866 3661 2957 καὶ,
3711 2866 3743 2935 ἠ

2163 2954 2430 3047 βασιλεία,
2461 2971 2521 3025 τό
2551 2988 2610 3024 τε
2653 2971 2806 3037 ἆγιον
2837 2964 2989 3039 ᾇσμα
3033 2964 3127 3017 καὶ
3162 2964 3196 3031 ἡ
3241 2960 3383 3014 κατὰ
3421 2958 3618 3027 νόμους
3645 2954 3743 3006 λα-

2159 3068 2334 3141 τρεία,
2358 3066 2393 3136 ἢ
2422 3082 2481 3118 τε
2509 3063 2818 3136 προφητικὴ
2842 3060 3019 3131 χάρις,
3050 3056 3143 3110 καὶ
3177 3056 3210 3125 ἡ
3236 3052 3328 3105 τοῦ
3359 3050 3544 3113 ἔθνους
3575 3048 3731 3100 ἐλευ-

2161 3160 2337 3233 θερία,
2371 3159 2465 3212 καὶ
2493 3159 2593 3211 ὅσα
2633 3155 2765 3211 ἄλλα
2809 3154 2959 3226 παρὰ
2992 3151 3070 3222 τῷ
3110 3146 3378 3203 Ἰουδαίων
3406 3143 3567 3198 ἔθνει·
3600 3144 3749 3215 άπερ

2166 3252 2373 3325 ἀθρόως
2404 3245 2802 3318 σεισθήσεσθαι,
2836 3246 2929 3298 καὶ
2958 3240 3235 3302 παντελῶς
3275 3235 3543 3304 ἐκλείψειν
3597 3251 3738 3307 προ-

2166 3340 2420 3414 αγορεύει
2463 3340 2492 3392 ὁ
2532 3337 2709 3405 λόγος.

2246 3454 2265 3488 ι
2304 3434 2413 3489 Καὶ
2451 3432 2603 3485 ἔσται
2645 3430 2704 3483 ὃν
2747 3429 2944 3501 τρόπον
2972 3426 3066 3480 ἐάν
3097 3441 3181 3487 τις
3221 3422 3500 3493 συναγάγῃ
3539 3418 3748 3490 ἁμητδν

2167 3523 2455 3594 ἑστηκότα,
2508 3522 2601 3575 καὶ
2653 3518 2871 3589 σπέρμα
2911 3514 3157 3586 σταχύων
3190 3513 3396 3584 άμήσῃ.
3440 3510 3552 3564 Καὶ
3595 3508 3747 3561 ἔσται

2167 3618 2225 3671 ὃν
2258 3615 2456 3687 τρόπον
2480 3614 2575 3667 ἐάν
2601 3629 2685 3675 τις
2720 3610 3001 3683 συναγάγῃ
3032 3606 3231 3677 στάχυν
3272 3607 3327 3657 ἐν
3355 3604 3596 3674 φάραγγι
3628 3618 3749 3654 στες

2171 3713 2287 3784 ρεᾷ,
2322 3710 2415 3764 καὶ
2435 3705 2767 3775 καταλειφθῇ
2803 3706 2860 3756 ἐν
2900 3703 3036 3771 αὐτῇ
3072 3698 3312 3769 καλάμη.
3355 3716 3373 3747 ι
3406 3696 3493 3757 Ὠς
3530 3694 3638 3765 γὰρ
3688 3694 3747 3744 ἐν

2167 3783 2364 3875 άμητῷ
2410 3799 2729 3867 συνάγονται
2758 3795 2855 3865 μὲν
2881 3794 2929 3846 οἱ
2980 3791 3229 3860 στάχυες,
3266 3784 3649 3841 καταλείπεται
3690 3783 3749 3835 δὲ

2170 3898 2226 3950 ἐν
2254 3898 2321 3966 τῇ
2349 3893 2503 3964 χώρᾳ
2555 3889 2774 3959 καλάμη
2820 3886 2969 3956 ψιλήσ
3008 3883 3149 3937 οὕτω
3186 3881 3347 3953 φησὶν
3393 3875 3611 3931 ἔσεσθαι
3656 3875 3750 3927 τὸν

2182 3987 2447 4043 Ἰουδαίων
2504 3984 2652 4045 λαὸν,
2686 3978 3070 4049 άποτμηθέντα
3110 3974 3207 4046 μὲν
3251 3970 3359 4026 τῶν
3402 3969 3567 4023 πάλαι
3615 3967 3747 4038 παρ’

2169 4081 2351 4142 αὐτοῖς
2376 4075 2641 4145 σταχύων,
2673 4072 2837 4143 μόνης
2871 4069 2926 4120 δέ
2953 4067 3051 4137 τῆς
3074 4064 3324 4134 καλάμης
3350 4064 3406 4113 ἐν
3434 4060 3616 4122 αὐτοῖς
3648 4074 3749 4111 και

2170 4164 2564 4237 ταλειφθείσης.
2619 4163 2682 4215 Εἰ
2728 4159 2783 4211 δὲ
2830 4157 2921 4211 καί
2961 4156 3061 4207 πού
3102 4170 3185 4215 τις
3226 4149 3420 4221 εὑρεθῇ
3469 4150 3525 4201 ἐν
3566 4146 3748 4209 αὐτοῖς

2170 4261 2315 4326 ἄξιος
2347 4259 2527 4327 λόγου,
2580 4250 3058 4323 παραϐληθήσεται
3086 4238 3239 4306 οὗτος
3266 4242 3474 4311 στάχυϊ,
3516 4237 3640 4309 οὐχὶ
3688 4239 3748 4290 ἐν

2168 4353 2246 4425 τῷ
2269 4351 2432 4422 πεδίῳ
2471 4349 2649 4419 φύντι,
2692 4344 2804 4399 ἀλλ’
2846 4344 2902 4395 ἐν
2945 4339 3145 4394 κοιλάδι
3185 4337 3276 4391 καὶ
3314 4336 3555 4406 φάραγγι
3577 4347 3749 4386 κατα-

2174 4423 2319 4519 ξηρῳ
2366 4445 2462 4498 καὶ
2509 4440 2722 4512 στερεᾷ.
2766 4433 3063 4506 Δηλοῦσθαι
3101 4432 3159 4485 δὲ
3192 4426 3343 4500 οἶμαι
3372 4426 3457 4479 διὰ
3488 4423 3584 4477 τοῦ
3616 4424 3747 4476 στά-⁸

500 4547 635 4601 toris
696 4545 903 4607 nostri,
958 4514 1196 4612 de_quo
1252 4538 1562 4610 superius”
1624 4538 1978 4602 dicebatur,c
2010 4534 2059 4589 Et

2334 4537 2425 4589 τὸν
2448 4533 2605 4606 χορὸν
2638 4530 2746 4583 τῶν
2774 4527 2868 4580 τοῦ
2898 4525 3147 4594 Σωτῆρος
3175 4520 3331 4592 ἡμῶν
3367 4516 3621 4590 μαθητῶν
3655 4514 3749 4568 καὶ

500 4641 607 4696 nisi
632 4640 885 4695 Dominus
907 4636 1144 4693 Sabaoth
1168 4634 1478 4704 reliquisset
1504 4632 1657 4688 nobis
1677 4646 1886 4694 semen,
1909 4629 2065 4699 quasi

502 4732 735 4791 Sodoma
765 4730 1076 4795 fuissemus,
1107 4739 1161 4783 et
1186 4725 1339 4797 quasi
1373 4724 1680 4781 Gomorrha
1706 4723 1909 4779 similes
1937 4721 2063 4779 facti

500 4839 761 4881 essemus.
802 4842 820 4875 ι

574 5028 594 5063 ι
631 5010 739 5065 Aut
768 5018 1020 5075 tanquam
1054 5016 1221 5073 grana
1256 4998 1411 5054 oliva:
1436 4999 1541 5053 duo
1573 4996 1655 5053 vel
1689 4998 1790 5051 tria
1828 4996 1890 5050 ad
1931 5011 2071 5050 sum-

498 5103 742 5159 mitatem
786 5098 1092 5159 sublimem,
1129 5092 1212 5147 vel
1253 5102 1484 5161 quatuor
1510 5089 1592 5144 vel
1623 5090 1863 5160 quinque
1899 5089 1949 5141 in
1978 5102 2067 5141 ra-

499 5194 604 5249 mis
644 5206 830 5247 eorum
878 5187 1066 5242 relicta
1107 5184 1327 5239 fuerint.
1363 5202 1381 5234 ι
1423 5180 1654 5237 Tantam
1699 5182 1898 5252 quippe
1952 5179 2070 5234 fore

500 5288 577 5341 ait
601 5280 916 5351 eornm,qui
941 5294 1007 5334 ex
1036 5276 1230 5332 Israele
1254 5277 1569 5345 superstites
1594 5284 1771 5337 erunt,
1792 5274 2066 5329 raritatem

501 5385 556 5435 in
592 5390 834 5449 tempore
858 5416 873 5441 ,
904 5374 1044 5444 quod
1085 5374 1137 5426 in
1183 5370 1458 5441 prophetia
1505 5379 1742 5434 notatur,
1794 5379 1849 5422 ut
1879 5380 2068 5421 omnes

501 5473 666 5542 spicax
697 5469 787 5524 uni
825 5464 1125 5534 comparari
1161 5460 1370 5532 possint
1400 5479 1414 5527 ς
1460 5475 1554 5516 eos
1589 5469 1767 5515 autem
1800 5460 1887 5528 qui
1929 5472 2066 5528 prac-

506 5564 801 5619 stantiores
829 5558 968 5626 apud
1001 5555 1120 5609 illos
1142 5565 1338 5620 erunt,
1374 5552 1486 5608 fore
1521 5552 1681 5623 quasi
1708 5554 1812 5607 duo
1849 5550 1931 5605 vel
1966 5548 2068 5603 tria

504 5670 672 5728 grana
706 5652 858 5707 olivae
904 5650 958 5704 in
991 5650 1302 5705 summitate
1346 5648 1582 5705 sublimi.
1619 5644 1784 5714 Queis
1819 5640 2069 5699 subindi—

560 5833 608 5865 "
633 5830 761 5899 Cap.
787 5845 824 5897 ι,
861 5844 999 5887 vers.
1037 5829 1091 5884 9.

2172 4608 2586 4699 εύαγγελιστῶν,
2612 4622 2739 4694 περὶ
2771 4613 2831 4673 οὗ
2861 4617 2954 4671 καὶ
2970 4618 3025 4669 ἐν
3044 4617 3153 4676 τοῖς
3176 4610 3481 4683 ἔμπροσθεν
3510 4608 3744 4675 ἐλέγετο-

2180 4742 2199 4774 (
2231 4697 2339 4774 κω
2364 4721 2411 4772 εί
2430 4718 2505 4789 μὴ
2538 4714 2739 4786 Κύριος
2770 4706 2993 4762 Σαϐαὼθ
3028 4703 3382 4773 ἐγκατέλιπεν
3417 4701 3545 4770 ἡμῖν
3579 4697 3746 4767 σπέρ-

2181 4833 2274 4886 μα,
2303 4814 2379 4876 ώς
2405 4810 2615 4881 Σόδομα
2644 4806 2709 4859 ἂν
2751 4800 3112 4872 ἐγενήθημεν,
3155 4795 3248 4848 καὶ
3282 4794 3358 4856 ώς
3389 4791 3641 4862 Γόμορρα
3682 4789 3750 4842 ἂν

2175 4899 2559 4972 ὡμοιώθημεν.
2600 4917 2617 4947 ι

2253 5014 2269 5043 ι
2313 4993 2383 5045 Ἦ
2413 4991 2487 5053 ώς
2510 4990 2682 5061 ρῶγες
2713 4982 2897 5046 ἐλαίας
2940 4980 3032 5034 δύο
3063 4978 3095 5049 ἢ
3131 4980 3278 5046 τρεῖς
3308 4977 3392 5030 ἐπ’
3423 4974 3594 5044 ἄκρου
3651 4987 3745 5041 με·

2174 5084 2401 5155 τεώρου,
2436 5081 2469 5152 ἢ
2499 5079 2780 5147 τέσσαρες,
2818 5072 2849 5142 ἢ
2891 5070 3050 5123 πέντε
3080 5069 3172 5120 ἐπὶ
3198 5066 3304 5120 τῶν
3339 5066 3545 5120 κλάδων
3570 5062 3750 5116 αὐτῶν

2175 5152 2590 5242 καταλειφθῶσι.
2635 5187 2654 5220 ι
2680 5163 2957 5233 Τοσαύτην
2981 5162 3088 5232 γάρ
3117 5175 3278 5229 φησιν
3309 5155 3524 5209 ἔσεσθαι
3552 5152 3749 5206 σπάνιν

2174 5269 2280 5323 τῶν
2306 5269 2371 5319 ἐκ
2400 5262 2492 5316 τοῦ
2532 5258 2747 5329 Ἰσραὴλ
2782 5252 3174 5326 σωθησομένων
3206 5248 3345 5303 κατὰ
3371 5249 3495 5309 τοὺς
3523 5245 3749 5317 χρόνους

2174 5360 2267 5423 οὒς
2297 5360 2330 5429 ἡ
2356 5353 2658 5428 προφητεία
2694 5348 2967 5421 σημαίνει,
2993 5346 3067 5408 ὡς
3084 5345 3162 5397 ἐνὶ
3186 5344 3377 5412 στάχυϊ
3408 5337 3749 5409 παραϐάλλε-

2178 5452 2300 5506 σθαι
2323 5428 2450 5511 τοὺς
2484 5446 2707 5506 πάντας·
2731 5441 2857 5503 τοὺς
2882 5438 3014 5491 δὲέν
3038 5438 3217 5499 αὐτοῖς
3230 5431 3539 5503 ἐξαιρέτους
3562 5428 3744 5481 τοσού-

2174 5561 2297 5605 τους
2354 5537 2569 5593 ἕσεσθαί
2611 5551 2782 5597 τινας,
2821 5531 3008 5602 ὥσπερ
3052 5530 3099 5581 εί
3143 5527 3324 5599 ῥῶγας
3366 5522 3550 5584 ἐλαίας
3576 5520 3669 5572 δύο
3714 5520 3750 5590 ἢ

2174 5637 2323 5707 τρεῖς
2372 5632 2496 5695 τοὺς
2551 5629 2635 5682 ἐπ’
2674 5626 2844 5698 ἄκρου
2895 5620 3190 5695 μετεώρου,
3244 5611 3610 5685 αἰνιττομένου
3655 5608 3748 5662 τοῦ

3752 5888 3807 5919 -α
