3984 6514
270 411 385 470 209

1227 416 1734 475 COMMENTARIA
1775 422 1838 478 IN
1879 423 2135 480 ISAIAM.
2171 454 2241 466 —-
2276 425 2426 480 CAP.
2468 426 2632 485 XVII.

3418 434 3544 482 ἓν)

270 528 443 595 λόγου
480 524 606 589 τοὺς
630 525 966 597 ἀκροτάτους
989 528 1094 582 τῶν
1125 527 1457 598 ἀποστόλων,
1488 533 1582 598 οὓς
1608 537 1734 589 ποτὲ
1758 537 1849 607 μὲν

1957 551 2151 595 cantur
2177 538 2543 609 apostolorum
2573 539 2852 609 praecipui,
2873 551 3012 608 quos
3041 538 3333 609 aliquando
3365 540 3522 597 binos

271 615 425 669 κατά
452 613 709 683 συζυγίαν
734 618 762 668 ό
784 617 972 689 Σωτὴρ
1007 621 1415 691 προσεκαλεῖτο,
1442 626 1571 678 ποτὲ
1605 627 1661 680 δὲ
1684 632 1848 699 τρεῖς·

268 706 373 771 οὓς
404 710 439 780 ή
468 708 658 780 Γραφὴ
680 708 774 762 τοῦ
802 710 1132 779 Εὑαγγελίου
1150 713 1419 769 ἐκλεκτῶν
1442 716 1855 792 ἐκλεκτοτέρους

264 803 561 873 εἰσήγαγεο
596 803 741 872 λέγω
769 804 833 876 δὴ
876 805 1079 875 Πέτρον
1113 808 1204 862 καὶ
1253 810 1506 863 Ἰάκωϐον
1550 813 1642 864 καὶ
1684 813 1856 866 Ἰωάν-

266 913 396 968 νην,
430 896 523 959 οὓς
560 898 651 951 ἐπὶ
680 897 741 950 τὸ
781 898 906 970 ὅρος
936 900 1179 971 ἀνήγαγε
1221 903 1433 973 μόνους,
1476 905 1853 975 ίστορήσοντας

264 992 376 1059 τὴν
405 989 827 1060 μεταμόρφωσιν
844 992 1029 1056 αὐτοῦ,
1051 994 1145 1048 καὶ
1174 995 1265 1047 ἐπὶ
1298 995 1394 1065 τῆς
1413 995 1853 1067 ἀναϐιωσκούσης

266 1081 551 1153 θυγατρὸς
595 1081 689 1135 τοῦ
726 1083 1176 1155 ἀρχισυναγώγου
1214 1086 1487 1156 παρέλαϐε
1526 1087 1656 1159 (20).
1698 1089 1761 1141 Οἱ
1797 1088 1853 1141 δὲ

263 1176 456 1231 λοιποὶ
482 1177 632 1248 παρά
662 1178 789 1242 τοὺς
821 1182 969 1249 τρεῖς
996 1179 1215 1244 τούτους
1248 1183 1296 1233 ol
1328 1180 1587 1251 τέσσαρές
1615 1182 1720 1233 εἰσι
1762 1181 1854 1235 καὶ

264 1268 463 1331 πέντε,
496 1268 587 1321 καὶ
619 1269 745 1332 τοὺς
770 1271 1044 1343 τέσσαρας
1081 1274 1176 1327 καὶ
1222 1276 1345 1337 τοὺς
1384 1274 1565 1341 πέντε,
1593 1274 1724 1329 δέκα
1762 1276 1854 1329 καὶ

262 1356 550 1427 τέσσαρας
576 1358 790 1428 ποιήσει
813 1360 939 1424 τοὺς
979 1360 1209 1428 πάντας,
1239 1357 1315 1417 ὧν
1346 1362 1556 1418 δώδεκα
1603 1364 1701 1435 μὲν
1729 1365 1855 1429 τοὺς

263 1446 529 1520 πρώτους
572 1450 900 1516 ἀποστόλους
932 1453 1106 1519 εἴποις
1148 1455 1215 1509 ἂν
1241 1451 1401 1520 εἶναι,
1443 1460 1543 1510 οὐκ
1564 1457 1767 1511 ἐλάττω
1796 1457 1853 1511 δὲ

262 1540 457 1594 αὐτῶν
492 1541 590 1614 τὴν
631 1544 831 1617 ἀρετὴν
871 1547 1101 1614 Παῦλον,
1154 1550 1247 1603 καὶ
1278 1550 1438 1603 αὐτὸν
1485 1551 1613 1604 ὄντα
1656 1552 1853 1624 κλητὸν

262 1630 593 1700 ἀπόστολον,
643 1635 737 1687 καὶ
768 1635 859 1689 τὸν
906 1636 1159 1694 Ἰάκωϐον
1192 1641 1472 1709 γεγονέναι
1509 1642 1599 1696 τὸν
1629 1643 1854 1712 ἀδελφὸν

260 1722 361 1776 τοῦ
406 1724 631 1795 Κυρίου,
662 1726 721 1789 ὃς
750 1727 965 1798 πρῶτος
991 1731 1290 1796 ἐπίσκοπος
1310 1734 1408 1805 τῆς
1470 1734 1854 1806 Ἰεροσολύμων

274 1814 611 1885 Ἑκκλησίας
635 1817 727 1869 ὑπ’
757 1819 918 1873 αὑτοῦ
965 1823 1295 1893 καταστῆναι
1320 1824 1413 1877 τοῦ
1438 1825 1688 1897 Σωτῆρος
1722 1844 1856 1898 μνη-

1957 632 2215 686 Servator
2254 631 2574 693 advocabat,
2609 629 2899 698 aliquando
2931 638 3134 696 ternos,
3173 644 3308 699 quos
3341 629 3521 683 Evan-

1955 722 2076 791 gelii
2105 721 2394 791 ,scriptura
2438 719 2629 775 electis
2677 720 2962 775 electiores
3010 721 3249 786 inducit,
3299 720 3519 776 Petrum

1955 814 2161 868 scilicet
2193 822 2245 867 et
2284 810 2543 867 Iacobum
2574 820 2629 865 et
2669 809 2927 864 Joannem
2949 849 2964 874 ,
3010 809 3155 866 solos
3184 811 3238 864 in
3282 820 3521 866 montem

1955 908 2255 969 adductos,
2286 913 2345 958 ut
2388 901 2878 972 transﬁgurationis
2916 908 3251 968 spectatores
3295 911 3519 957 essent:

1954 1014 2087 1067 quos
2119 997 2247 1051 item
2291 1010 2413 1051 cum
2451 991 2865 1061 archisynagogi
2896 991 3059 1045 ﬁliam
3088 990 3392 1057 suscitavit,
3434 1006 3522 1046 se-

1954 1106 2074 1147 cum
2102 1086 2413 1156 assumpsit.
2447 1084 2512 1139 Et
2553 1083 2641 1152 qui
2676 1091 2798 1152 post
2827 1090 2938 1136 tres
2969 1081 3090 1135 illos
3138 1082 3336 1136 residui
3369 1091 3519 1149 sunt,

1955 1190 2184 1251 quatuor
2210 1187 2335 1233 sunt
2360 1184 2415 1231 et
2446 1175 2705 1245 quinque,
2727 1189 2789 1229 ac
2814 1173 2913 1229 bos
2943 1163 3175 1242 quatuor
3207 1182 3257 1225 et
3285 1173 3521 1243 quinque

1956 1272 2021 1325 ad
2068 1284 2351 1324 numerum
2387 1264 2796 1336 quatuor-decim
2840 1264 3070 1319 deducet
3110 1282 3123 1319 :
3174 1278 3240 1317 ex
3292 1280 3521 1333 quarunt

1958 1377 2180 1416 munem
2231 1358 2516 1414 duodecim
2563 1358 2781 1426 quidem
2834 1356 3038 1427 primos
3095 1355 3368 1425 apostolos
3403 1371 3522 1411 esse

1957 1454 2122 1516 dicas,
2155 1460 2209 1506 et
2245 1449 2352 1504 illis
2396 1463 2501 1503 non
2529 1448 2731 1503 virtute
2763 1448 3025 1503 minorem
3058 1448 3317 1510 Paulum,
3351 1448 3441 1517 qui
3469 1456 3521 1503 et

1958 1547 2070 1617 ipse
2085 1541 2597 1613 vocatuslapostolus
2613 1551 2714 1605 est,
2732 1549 2788 1597 et
2807 1539 3063 1597 Iacobum
3095 1542 3314 1596 fratrem
3346 1541 3523 1595 Domi-

1958 1636 2142 1707 ni,qui
2168 1635 2372 1705 primus
2418 1631 2928 1703 Hierosolymitanae
2964 1633 3222 1690 Ecclesiae
3243 1634 3524 1704 episcopus

1959 1730 2025 1784 ab
2056 1729 2168 1799 ipso
2190 1725 2472 1782 Salvatore
2500 1724 2830 1779 constitutus
2861 1735 3213 1781 memoratur.
3244 1725 3307 1780 Hi
3338 1740 3525 1780 omnes

1960 1822 2013 1875 in
2037 1820 2344 1875 summitate
2362 1817 2514 1882 oleae,
2538 1816 2788 1873 videlicet
2809 1814 3118 1872 Iudaeorum
3143 1817 3525 1882 successionis,

262 1902 578 1973 μονεύεται.
615 1899 771 1961 Οὗτοι
797 1908 853 1962 δὲ
887 1910 1087 1976 πάντες
1118 1914 1203 1967 ἐπ’
1232 1914 1401 1988 ἄκρου
1426 1917 1523 1988 τῆς
1538 1916 1742 1982 ὲλαίας,
1772 1918 1849 1971 λέ-

1960 1912 2155 1983 reperti
2205 1910 2259 1964 in
2304 1908 2556 1977 prazsenti
2596 1917 2991 1963 memorantur.
3042 1908 3267 1963 Divinus
3310 1921 3526 1978 quoque

260 2012 346 2058 γω
372 1995 439 2067 δὴ
460 1997 561 2066 τῆς
603 1998 872 2055 Ἰουδαίων
895 2002 1146 2076 διαδοχῆς
1170 2006 1301 2078 εὑρη
1312 2007 1564 2077 μένοιδιά
1583 2008 1691 2063 τῶν
1712 2009 1850 2081 μετά

258 2088 457 2157 χεῖρας
491 2088 937 2159 μνημονεύονται.
960 2093 1069 2146 Καὶ
1089 2096 1116 2147 ὁ
1132 2093 1273 2159 θεῖος
1291 2096 1347 2149 δὲ
1376 2096 1696 2162 Ἀπόστολος
1709 2094 1850 2153 οἶδεν

256 2177 424 2248 ἐλαίᾳ
470 2179 839 2249 παραϐάλλειν
876 2183 975 2255 τὴν
1023 2186 1173 2256 παρὰ
1225 2187 1393 2241 Ἰούδα
1445 2188 1711 2261 διαδοχὴν,
1757 2192 1849 2244 καὶ

260 2270 426 2339 ῥίζαν
474 2270 636 2338 ἁγίαν
679 2273 772 2326 καὶ
819 2274 1091 2348 ἀπαρχὴν,
1146 2279 1240 2332 καὶ¹
1282 2279 1626 2336 καλλιελαίαν
1681 2283 1850 2355 αὐτὴν

260 2362 443 2416 καλεῖ.
1480 2383 1487 2389 “

337 2474 357 2504 ι
392 2453 535 2507 Τάδε
578 2454 727 2525 λέγει
758 2458 962 2530 Κύριος
1012 2463 1041 2515 ό
1082 2462 1213 2527 Θεὸς
1283 2466 1518 2538 Ἰσραήλ’
1564 2469 1639 2540 Τῇ
1668 2470 1850 2541 ἡμέρᾳ

255 2546 445 2618 ἐκείνῃ
469 2548 749 2613 πεποιθὼς
777 2550 928 2605 ἔσται
965 2556 993 2607 ὁ
1022 2554 1306 2627 ἄνθρωπος
1340 2558 1432 2610 ἐπὶ
1458 2558 1537 2629 τῷ
1564 2561 1849 2631 ποιήσαντι

256 2638 447 2691 αὐτόν·
475 2640 525 2692 οἱ
556 2640 613 2694 δὲ
633 2642 899 2714 ὀφθαλμοί
926 2645 1091 2700 αὑτοῦ
1126 2649 1204 2711 είς
1231 2649 1321 2701 τὸν
1349 2649 1501 2718 ἅγιον
1516 2650 1609 2704 τοῦ
1639 2652 1851 2723 Ἰσραὴλ

257 2730 649 2802 ὲμϐλέψοψται·
709 2737 804 2789 καὶ
853 2737 914 2790 ού
972 2738 1045 2810 μὴ
1084 2740 1400 2805 πεποιθότες
1438 2735 1570 2795 ὦσιν
1609 2744 1699 2797 ἐπὶ
1738 2747 1851 2807 τοῖς

259 2824 492 2894 βωμοῖς,
537 2825 661 2878 οὐδὲ⁹
709 2827 803 2880 ἐπὶ
834 2830 945 2892 τοῖς
977 2828 1158 2901 ἔργοις
1190 2829 1302 2885 τῶν
1335 2832 1536 2905 χειρῶν
1565 2832 1766 2899 αὐτῶν,
1815 2833 1851 2888 ἀ

256 2913 529 2985 ἐποίησαν
557 2916 607 2969 οἱ
633 2916 885 2972 δάκτυλοι
917 2919 1118 2974 αὐτῶν·
1147 2920 1263 2973 ἀλλ”
1297 2921 1507 2976 ἔσονται
1532 2923 1851 2989 πεποιθότες

256 3006 355 3059 ἐπὶ
380 3008 473 3061 τὸν
501 3007 657 3077 ἇγιον
676 3010 771 3064 τοῦ
805 3012 1042 3084 Ἰσραήλ.
1074 3013 1180 3066 Καὶ
1206 3014 1305 3067 οὐκ
1320 3013 1539 3083 ὄψονται
1564 3014 1631 3070 τά
1658 3016 1850 3089 δένδρα

258 3100 445 3154 αὐτῶν
465 3102 590 3156 οὐδὲ
628 3104 700 3157 τά
745 3104 1087 3177 βδελύγματα
1116 3108 1315 3160 αὐτῶν.
1345 3109 1423 3180 Τῇ
1450 3109 1632 3182 ἡμέρᾳ
1669 3111 1851 3181 ἐκείνῃ

257 3193 475 3249 ἔσονται
518 3197 575 3247 αί
619 3197 800 3261 πόλεις
835 3215 926 3251 σου
953 3199 1526 3272 ὲγκαταλελειμμέναι,
1562 3202 1620 3255 ὃν
1651 3204 1851 3274 τρόπον

1955 2003 2243 2075 Apostolus
2269 2000 2422 2057 Iudae
2447 2001 2848 2057 successionem
2879 2000 3011 2057 oleae
3050 2001 3407 2071 comparavit,
3448 2001 3527 2072 ip-

1956 2110 2180 2167 samque
2210 2094 2444 2151 radicem
2480 2101 2745 2159 sanctam,
2784 2092 3056 2149 primitias
3085 2102 3139 2148 et
3180 2094 3376 2147 bonam
3421 2092 3525 2147 oli-

1954 2203 2077 2244 vam
2105 2196 2282 2246 vocat.

2027 2462 2188 2518 Vsus.
2238 2462 2387 2517 7-10.
2434 2480 2452 2513 ι
2493 2461 2618 2518 Πίεο
2655 2461 2787 2518 dicit
2826 2462 3091 2517 Dominus
3132 2461 3270 2517 Deus
3323 2459 3526 2516 Israel:

1956 2555 2012 2609 ln
2044 2556 2131 2611 die
2160 2554 2247 2609 illa
2271 2554 2552 2610 conﬁdens
2577 2554 2683 2609 erit
2705 2553 2870 2609 homo
2895 2554 2947 2608 in
2977 2568 3064 2620 eo,
3090 2553 3183 2624 qui
3212 2554 3339 2608 fecit
3363 2568 3524 2609 eum:

1956 2647 2097 2702 oculi
2130 2656 2306 2701 autem
2342 2647 2455 2715 ejus
2511 2647 2563 2700 in
2606 2654 2850 2701 sanctum
2890 2646 3061 2701 Israel
3105 2645 3428 2716 respicient:
3472 2654 3533 2701 et

1957 2753 2062 2793 non
2092 2736 2427 2793 conﬁdentes
2451 2746 2612 2791 erunt
2640 2738 2695 2791 in
2730 2738 2995 2793 altaribus
3014 2776 3031 2805 ,
3068 2751 3241 2807 neque
3268 2737 3321 2791 in
3351 2735 3528 2805 operi-

1957 2828 2055 2882 bus
2084 2842 2336 2881 manuum
2364 2842 2584 2881 suarum
2612 2867 2627 2891 ,
2655 2843 2775 2898 qua:
2818 2827 3068 2883 fecerunt
3101 2828 3251 2897 digiti
3298 2843 3483 2881 eorum
3510 2844 3524 2881 :

1957 2919 2049 2973 sed
2079 2928 2239 2973 erunt
2272 2918 2609 2973 conﬁdentes
2634 2919 2685 2972 in
2722 2929 2911 2973 sancto
2940 2917 3123 2973 Israel.
3151 2918 3215 2973 Et
3243 2932 3347 2972 non
3380 2917 3527 2972 vide-

1957 3009 2087 3064 bunt
2130 3008 2351 3062 arbores
2386 3023 2572 3062 eorum
2607 3022 2706 3063 nec
2748 3008 3182 3064 abominationes
3225 3024 3431 3065 eorum.
3467 3007 3527 3063 In

1957 3101 2044 3155 die
2073 3099 2158 3153 illa
2196 3106 2355 3153 erunt
2386 3097 2660 3154 derelicta:
2704 3099 2867 3152 urbes
2910 3106 3037 3163 tuae,
3069 3097 3525 3166 quemadmodum

1959 3192 2361 3260 dereliquerunt
2400 3188 2700 3244 Amorrltaei
2750 3199 2806 3244 et
2855 3187 2993 3242 Evazi
3042 3203 3072 3242 a
3125 3188 3261 3242 facie
3291 3187 3525 3242 ﬁliormn

256 3286 558 3341 κατέλιπον
579 3288 630 3341 οί
677 3290 987 3363 Ἀμορραῖοι
1010 3292 1104 3346 καὶ
1127 3294 1176 3347 οἱ
1205 3294 1389 3348 Εύαῖοι
1424 3296 1532 3349 ἀπὸ
1566 3295 1849 3367 προσώπου

1962 3284 2142 3341 Israel.
2178 3283 2245 3339 Et
2273 3290 2433 3338 erunt
2461 3283 2721 3350 desertae,
2752 3283 3010 3352 quoniam
3044 3281 3331 3337 deseruisti
3360 3282 3525 3337 Deum

255 3376 372 3430 τῶν
403 3376 539 3429 υἱῶν
586 3378 819 3450 Ἰσραήλ.
879 3382 990 3435 Kal
1021 3383 1235 3437 ἔσονται
1280 3384 1507 3458 ἔρημοι,
1544 3386 1678 3440 διότι
1720 3405 1853 3441 κατ-

257 3465 448 3531 ἐλιπες
467 3472 561 3520 τὸν
580 3467 711 3521 Θεὸν
725 3469 815 3523 τὸν
854 3471 1083 3545 Σωτῆρά
1112 3492 1228 3540 σου,
1248 3477 1342 3529 καὶ
1371 3477 1574 3548 Κυρίου
1607 3478 1700 3532 τοῦ
1724 3478 1851 3551 βοη-

258 3557 357 3611 θοῦ
382 3576 477 3611 σου
508 3561 609 3613 οὐκ
635 3563 932 3634 ἐμνήσθης.
962 3566 1060 3619 Διά
1099 3567 1256 3620 τοῦτο
1290 3568 1574 3638 φυτεύσεις
1602 3569 1851 3643 φύτευμα

256 3651 513 3714 ἄπιστον,
549 3654 644 3705 καὶ
698 3655 920 3727 σπέρμα
964 3657 1213 3712 ἄπιστον.
1246 3659 1323 3731 Τῇ
1359 3661 1415 3713 δὲ
1461 3662 1662 3733 ἡμέρᾳ,
1784 3663 1850 3717 ἂν

257 3744 561 3816 φυτεύσῃς,
607 3748 945 3822 πλανηθήση.
973 3752 1045 3805 Τὸ
1072 3752 1127 3805 δὲ
1171 3752 1317 3824 πρωῒ
1350 3752 1444 3805 ἐὰν
1484 3753 1732 3826 σπείρης,
1759 3755 1851 3807 ἀν-

258 3837 421 3909 θήσει
449 3842 533 3903 εἰς
549 3840 780 3914 ἀμητὸν,
859 3844 923 3898 ἂν
940 3846 1120 3917 ἡμέρᾳ
1144 3846 1422 3919 κληρὼσῃ·
1453 3848 1546 3901 καὶ
1571 3848 1646 3911 ὡς
1669 3849 1850 3921 πατὴρ

257 3927 556 4001 ἀνθρώπου
608 3930 864 4004 κληρὼσῃ
896 3937 1009 3997 τοῖς
1059 3936 1194 3998 υἱοῖς
1250 3951 1362 3990 σου.
1403 3955 1421 3987 ι
1459 3937 1669 4008 Ὥσπερ
1718 3937 1846 4008 γάρ,

258 4024 451 4093 φησὶν,
488 4024 713 4080 ἐκείνων
738 4025 1111 4091 ἀπολωλότων,
1129 4026 1305 4098 ἕτεροι
1344 4028 1697 4101 παρελθόντες
1722 4046 1850 4083 κατ-

259 4122 426 4191 έσχον
468 4117 649 4173 αὐτῶν
677 4118 776 4183 τὰς
805 4120 986 4184 πόλεις
1014 4121 1108 4174 καὶ
1160 4121 1259 4186 τὰς
1290 4122 1496 4193 χώρας,
1559 4121 1732 4186 οὕτως
1758 4123 1849 4175 καὶ

258 4213 320 4265 αἱ
354 4212 447 4265 σαὶ
493 4211 676 4275 πόλεις
702 4212 923 4284 ἑτέρους
948 4213 1158 4277 ἕξουσιν
1183 4215 1493 4285 οἰκήτορας,
1534 4214 1688 4285 ὑμῶν
1708 4214 1844 4267 ἀπο-

260 4300 575 4372 ϐληθέντων
626 4302 722 4355 καὶ
770 4292 1127 4365 ὲξωσθὲντων.
1185 4320 1203 4352 t
1244 4302 1354 4355 Kal
1388 4301 1599 4356 ἔσονται
1631 4302 1845 4374 ἔρημοι,

259 4396 401 4449 διότι
420 4394 714 4459 κατέλιπες
736 4395 828 4449 τὸν
854 4395 985 4449 Θεὸν
1005 4396 1095 4449 τὸν
1128 4396 1351 4467 σωτῆρά
1378 4414 1492 4462 σου,
1522 4396 1617 4450 καὶ
1639 4396 1845 4469 Κυρίου

259 4488 358 4542 τοῦ
392 4487 529 4542 Θεοῦ
586 4505 679 4541 σου
726 4489 826 4541 οὐκ
860 4490 1156 4561 ἐμνήσθης.
1206 4509 1224 4541 ι
1284 4488 1451 4542 Ἔνθα
1475 4488 1539 4560 δὴ
1570 4488 1663 4542 καὶ
1682 4489 1845 4543 αὑτοῦ

260 4579 446 4653 Ἰησοῦ
475 4577 572 4633 τοῦ
594 4580 846 4652 Σωτῆρος
873 4580 1029 4653 ήμῶν
1066 4581 1337 4654 μέμνηται
1363 4584 1396 4653 ἡ
1443 4581 1701 4651 Ἐϐραῖκὴ
1736 4598 1846 4649 φω-

1960 3378 2293 3434 Salvatorem
2335 3386 2510 3442 tuum,
2539 3385 2593 3429 et
2631 3375 2844 3431 Domini
2894 3376 3156 3444 adjutoris
3188 3376 3263 3430 tui
3303 3390 3408 3429 non
3439 3389 3526 3429 re-

1956 3473 2212 3528 cordatus
2257 3486 2337 3526 es.
2380 3470 2612 3540 PrOpter
2657 3471 2759 3525 hoc
2810 3468 3081 3540 plantabis
3137 3468 3526 3538 plantationem

1958 3563 2341 3630 inﬁdelem,et
2387 3577 2570 3616 semen
2618 3560 2853 3617 inﬁdele.
2900 3561 2998 3615 Die
3040 3570 3220 3616 autem
3264 3560 3393 3621 illa.
3422 3573 3526 3628 qua

1956 3657 2254 3726 plantabis,
2285 3655 2515 3710 errabis.
2546 3654 2701 3710 Mane
2728 3667 2860 3710 vero
2895 3654 2939 3708 si
2971 3653 3342 3718 seminaveris,
3369 3650 3529 3706 ﬂore-

1958 3751 2109 3803 bitin
2143 3764 2395 3812 messem,
2420 3762 2524 3817 qua
2555 3748 2641 3803 die
2676 3748 3043 3802 litereditatem
3076 3744 3277 3799 adibis:
3312 3753 3366 3799 et
3409 3754 3527 3796 tan-

1957 3857 2119 3911 quam
2178 3852 2331 3910 pater
2379 3840 2617 3894 hominis
2679 3839 3049 3894 bzereditatem
3095 3836 3342 3891 sortieris
3400 3835 3531 3890 ﬁliis

1961 3935 2085 3988 tuis.
2129 3952 2147 3985 ι
2178 3932 2639 4000 Quemadmodum
2688 3931 2857 3995 enim,
2893 3930 3084 3998 inquit,
3120 3928 3224 3983 illis
3254 3928 3526 3997 pereunti-

1957 4026 2078 4091 bus,
2110 4025 2428 4080 accedentes
2466 4024 2555 4077 alii
2600 4038 2789 4077 eorum
2830 4021 2990 4076 urbes
3024 4028 3081 4075 et
3112 4024 3358 4090 regiones
3385 4021 3525 4073 obti-

1957 4122 2222 4177 nuerunt,
2252 4112 2331 4167 sic
2360 4121 2415 4165 et
2438 4110 2602 4165 urbes
2635 4119 2760 4171 tuae,
2787 4109 2944 4165 vobis
2964 4110 3154 4179 ejectis
3177 4124 3240 4163 ac
3267 4107 3524 4177 depulsis,

1957 4209 2145 4264 incolis
2185 4208 2307 4263 aliis
2353 4205 2727 4275 replebuntur.
2764 4223 2781 4255 ‹
2820 4205 2885 4258 Ει
2914 4214 3074 4259 erunt
3106 4205 3359 4269 desertae,
3398 4203 3528 4272 quia

1956 4298 2288 4368 dereliquisti
2319 4298 2485 4353 Deum
2517 4303 2853 4349 servatorem
2887 4306 3036 4348 tuum
3061 4337 3077 4360 ,
3103 4308 3159 4350 et
3193 4294 3399 4349 Domini
3432 4294 3527 4349 Dei

1957 4393 2035 4447 tui
2063 4393 2378 4447 recordatus
2407 4405 2512 4445 non
2540 4405 2620 4446 es.
2661 4404 2680 4438 ι
2712 4385 2810 4441 llic
2830 4403 2959 4443 vero
2988 4388 3160 4455 ipsum
3192 4386 3373 4442 Iesum
3406 4386 3529 4441 Sal-

1956 4493 2194 4539 vatorem
2228 4491 2469 4538 nostrum
2496 4481 2761 4539 Hebraica
2795 4496 2894 4536 vox
2940 4490 3367 4535 commemorat:
3403 4493 3527 4533 nam

1952 4576 2081 4632 Iesu
2121 4591 2315 4632 nomen
2347 4577 2399 4630 in
2432 4574 2676 4631 Graecam
2710 4574 2947 4643 linguam
2989 4572 3306 4627 translatum
3334 4569 3528 4626 Salva-

264 4674 357 4745 νήο
377 4671 625 4742 σωτῆρα
649 4674 759 4745 γὰρ
776 4674 927 4744 δηλοῖ
952 4674 1013 4727 τὸ
1036 4674 1209 4745 Ἰησοῦ
1248 4672 1420 4744 ὄνομα
1453 4674 1532 4737 εἰς
1557 4674 1655 4745 τὴν
1672 4674 1849 4727 Ἐλλά-

1957 4678 2118 4722 torem
2147 4667 2435 4738 signiﬁcat.
2469 4668 2592 4721 llazc
2616 4682 2746 4721 vero
2778 4666 2832 4720 in
2863 4679 3026 4719 causa
3062 4664 3177 4719 fore
3203 4659 3528 4730 ait,utipsis

260 4767 330 4821 δα
375 4765 625 4835 γλῶτταν
667 4766 1123 4837 ἑρμηνευόμενον.
1167 4767 1277 4819 Kal
1317 4764 1475 4818 τοῦτο
1533 4766 1725 4829 αἴτιον,
1773 4766 1852 4819 διὸ

266 4859 642 4931 συμϐήσεσθαι
671 4859 854 4923 αὐτοῖς
893 4859 964 4913 τὰ
1009 4859 1372 4931 προλεχθέντα
1393 4858 1589 4923 πάντα,
1617 4859 1850 4931 εἴρηται,

261 4952 397 5006 διότι
423 4951 717 5005 κατέλιπον
745 4952 837 5005 τὸν
867 4952 998 5006 Θεὸν
1016 4953 1108 5006 τὸν
1130 4952 1359 5024 Σωτῆρα
1384 4951 1583 5016 αὐτῶν,
1620 4953 1714 5006 καὶ
1740 4954 1852 5006 Κυ-

266 5044 385 5116 ρίου
436 5042 535 5096 τοῦ
581 5043 809 5096 πάντοτε
857 5042 1051 5114 βοηθοῦ
1106 5043 1282 5097 αὐτῶν
1336 5044 1435 5097 οὐκ
1484 5043 1849 5117 ἐμνήσθησαν.

276 5135 447 5189 Ἐπάν
475 5130 591 5200 οὖν,
624 5136 778 5208 φησὶ,
824 5135 884 5189 τὸ
932 5134 1154 5207 σπέρμα
1189 5135 1347 5189 τοῦτο
1377 5136 1437 5188 τὸ
1483 5135 1707 5189 ἄπιστον
1748 5139 1842 5191 καὶ

260 5224 359 5297 τὴν
394 5225 617 5295 φυτείαν
640 5225 736 5297 τὴν
755 5227 982 5281 ἄπιστον
1007 5228 1235 5299 σπείρης
1266 5228 1322 5280 ὲν
1344 5229 1409 5297 τῇ
1433 5226 1657 5279 σεαυτοῦ
1672 5226 1839 5299 ψυχῇ,

261 5318 386 5373 τότε
425 5318 770 5392 πλανηθήσῃ·
801 5321 849 5372 εἰ
888 5318 964 5383 δὲ,
1001 5317 1426 5389 μεταϐαλὼνὲπὶ
1450 5318 1547 5389 τὴν
1573 5318 1844 5371 ἀνατείλα-

262 5427 363 5463 σαν
407 5408 489 5481 τῷ
516 5410 707 5482 κόσμῳ
739 5410 949 5483 πρωῒαν
976 5410 1070 5464 τοῦ
1118 5410 1293 5480 φωτὸς
1319 5410 1413 5464 τοῦ
1465 5409 1839 5479 εύαγγελικοῦ,

261 5502 452 5574 ἓτερον
475 5502 699 5574 σπέρμα
738 5502 996 5558 κατάθοιο
1027 5506 1094 5576 τῇ
1129 5503 1324 5557 σαυτοῦ
1359 5503 1585 5574 διανοίᾳ,
1618 5504 1743 5575 περὶ
1781 5498 1841 5557 οὗ

263 5586 512 5648 λέλεκται
559 5596 617 5648 ἐν
652 5594 1020 5664 Εύαγγελίοις’
1066 5613 1084 5645 ς
1127 5593 1377 5665 Ἐξῆλθεν
1406 5596 1433 5647 ό
1462 5594 1700 5665 σπείρων
1751 5592 1842 5646 τοῦ

348 5712 393 5745 ⁷⁸
422 5710 619 5768 Matth:
651 5728 769 5778 xm,
799 5714 852 5771 3.
926 5714 971 5745 ⁸⁰
1004 5714 1131 5770 ibid.
1164 5714 1254 5769 24.

1952 4762 2209 4831 praedicta
2226 4761 2405 4815 omnia
2432 4755 2912 4828 contingant,quia
2937 4752 3527 4823 dereliqueruntDeum

1952 4854 2292 4909 Salvatorem
2338 4868 2494 4908 suum
2523 4892 2536 4914 ,
2569 4860 2622 4907 et
2649 4851 2859 4906 Domini
2902 4848 3165 4919 adjutoris
3206 4859 3419 4913 semper
3444 4841 3529 4897 sui

1954 4961 2057 5002 non
2093 4946 2478 4999 meminerunt.
2527 4942 2662 4997 Cum
2693 4944 2876 5014 itaque
2898 4981 2914 5007 ,
2942 4941 3055 5004 ait,
3089 4940 3190 4993 hoc
3218 4951 3401 4992 semen
3446 4935 3529 4987 in-

1954 5038 2254 5102 credulum,
2281 5048 2335 5093 et
2360 5039 2503 5093 hanc
2530 5035 2802 5091 inﬁdelem
2833 5035 3223 5108 plantationem
3260 5032 3314 5084 in
3343 5027 3522 5083 anima

1956 5144 2046 5187 tua
2079 5132 2433 5187 seminaveris
2454 5172 2468 5195 ,
2496 5141 2606 5186 tum
2638 5131 2886 5196 errabis;
2922 5131 3005 5185 sin
3042 5138 3222 5182 autem
3249 5122 3529 5178 exoriente

1953 5226 2004 5280 in
2042 5225 2241 5280 mundo
2274 5225 2571 5295 evangelici
2604 5224 2823 5279 luminis
2855 5219 3114 5283 diluculo,
3163 5227 3365 5271 mutata
3398 5232 3524 5271 sen-

1957 5318 2123 5373 tentia
2160 5317 2305 5371 aliud
2336 5333 2519 5373 semen
2553 5318 2608 5372 iu
2638 5325 2818 5370 mente
2850 5325 2939 5368 tua
2964 5309 3184 5395 jeceris,
3215 5310 3281 5363 de
3308 5324 3416 5378 quo
3442 5310 3525 5363 di-
3559 5388 3561 5395 ἵ

1954 5420 2096 5467 ctum
2126 5419 2211 5465 est
2240 5410 2294 5465 in
2323 5408 2660 5480 Evangeliis,
2694 5426 2715 5461 ‹
2749 5405 2895 5459 Exiit
2939 5404 3029 5473 qui
3082 5404 3317 5456 seruiunt
3362 5405 3523 5456 semi—

1954 5518 2084 5558 nare
2111 5504 2189 5569 ";
2228 5522 2246 5554 ι
2277 5511 2355 5565 et,
2384 5520 2402 5552 ι
2439 5500 2629 5556 Simile
2662 5499 2860 5553 factum
2890 5504 2974 5549 est
3010 5509 3237 5564 regnum
3264 5491 3525 5548 caelorum

1954 5596 2158 5651 bomini
2191 5596 2480 5651 seminanti
2520 5593 2719 5649 bonum
2763 5605 2944 5644 semen
2982 5589 3033 5642 in
3079 5602 3208 5659 agro
3248 5602 3346 5642 suo
3373 5584 3455 5649 ⁸⁰;
3500 5602 3520 5635 ι

338 5806 609 5884 (29)_ll:ec
664 5810 777 5882 ipsa
823 5810 1184 5884 Hieronymus
1215 5812 1280 5868 ad
1326 5812 1467 5871 hunc
1513 5811 1689 5870 locum
1750 5814 1841 5884 qui
1884 5823 2049 5869 totam
2117 5811 2329 5867 Eusebii
2399 5808 2722 5865 sententiam
2755 5815 2813 5864 ut
2854 5820 3007 5859 suam
3049 5800 3259 5857 extulit.
3292 5797 3428 5851 Vitis:
3464 5790 3525 5848 in

268 5876 608 5935 Prarfatione.

3498 5910 3509 5939 ἒ
