3984 6512
509 422 609 481 ΞΗ
1242 419 1509 477 EUSEBII
1547 420 2017 478 CESARIENSIS
2051 419 2202 476 OPP.
2243 421 2418 479 PARS
2457 423 2541 478 III.
2583 453 2656 466 —-
2690 423 3099 484 EXEGETICA.
3625 428 3734 483 3l2

510 552 710 597 etcum
745 553 797 591 In
830 536 1044 607 propria
1074 532 1198 591 luce
1220 536 1444 616 Qrienlis
1479 536 1725 590 matutini
1764 536 1891 590 solis
1916 536 2062 603 iusti-

2173 535 2412 603 σπεῖραι·
2452 554 2471 586 ι
2516 536 2630 599 καὶ,
2672 554 2692 588 ι
2731 536 2996 609 Ὡμοιώθη
3034 539 3067 608 ή
3098 535 3339 607 βασιλεία
3362 538 3469 592 τῶν
3493 538 3739 613 οὐρανῶν

510 631 599 685 tiae
650 627 838 690 fueris,
877 625 927 678 itt
988 633 1041 679 te
1095 624 1159 681 ad
1211 639 1443 680 messem
1496 624 1744 690 ﬂorebit,
1786 628 1856 680 ita
1906 638 1966 680 ut
2006 629 2062 682 iis

2173 625 2442 694 ἀνθρώπῳ
2470 625 2740 697 σπείροντι
2766 627 2925 679 καλὸν
2957 627 3178 698 σπέρμα
3199 628 3254 679 ἐν
3276 628 3352 699 τῷ
3385 629 3497 700 ἰδίῳ
3523 630 3734 703 ἀγρῷί

506 719 793 782 omnibus,
859 717 949 786 qui
1035 715 1128 770 tibi
1213 730 1309 784 per
1394 716 1685 769 salutarem
1768 716 2069 770 doctrinam

506 811 800 865 secundum
842 810 1006 864 Deum
1049 807 1159 861 nati
1218 807 1451 870 fuerint,
1497 817 1700 862 sortem
1739 808 1937 863 bonam
1974 808 2071 863 tri-

508 903 659 956 buas.

580 1175 743 1230 Vsus.
763 1175 880 1229 ΩΑ
897 1176 983 1229 Vze
1008 1174 1332 1229 multitudini
1357 1175 1594 1244 gentium
1615 1174 1926 1228 multarum.
1949 1173 2067 1229 Sic-

506 1276 567 1320 ut
618 1280 765 1319 mare
800 1262 1083 1329 ﬂuctuans,
1118 1264 1196 1319 sic
1231 1263 1600 1318 turbabimini.
1638 1281 1656 1314 ι
1692 1261 1981 1331 Postquam
2004 1262 2071 1319 de

506 1356 863 1412 conversione
914 1356 1149 1426 gentium
1197 1358 1262 1409 ad
1312 1355 1513 1418 Deum,
1562 1362 1615 1407 et
1658 1354 1724 1409 de
1764 1352 2068 1410 Iudaeorum

505 1448 882 1504 incredulitate
929 1464 1055 1519 erga
1117 1447 1391 1503 Christum
1450 1445 1774 1500 vaticinatus
1842 1456 1955 1511 est,
2002 1448 2070 1501 ad

503 1540 898 1595 multitudinem
927 1541 1161 1609 gentium
1194 1537 1523 1608 pertransit,
1562 1551 1683 1606 quae
1723 1553 1844 1593 cum
1877 1539 1931 1593 in
1957 1540 2069 1607 ipsa

504 1632 787 1699 Damasco,
806 1641 915 1685 tum
936 1633 987 1686 in
1007 1631 1126 1685 aliis
1142 1630 1445 1700 regionibus
1469 1630 1520 1684 in
1540 1629 1914 1685 incredulitate
1927 1645 2070 1683 man-

502 1733 678 1787 surae,
708 1730 763 1775 et
794 1720 1088 1775 Ecclesiam
1133 1721 1223 1774 Dei
1277 1728 1549 1774 vexatura:
1577 1728 1632 1773 et
1681 1720 2068 1792 impugnatum

502 1830 630 1879 sunt

573 1914 735 1968 Vnus.
773 1911 859 1965 15.
897 1926 916 1961 ι
956 1909 1020 1962 Et
1046 1906 1265 1961 dorsum
1298 1906 1541 1976 gentium
1587 1906 1876 1960 multarum
1926 1906 2066 1961 sicut
2095 1889 2139 1945 Β

501 2021 637 2075 aqua
664 2003 897 2060 sonabit.
930 2000 1086 2055 Sicut
1114 2014 1255 2069 aqua
1282 1997 1469 2057 multa.
1496 2007 1682 2067 gentes
1711 1997 1928 2053 multae:
1955 1998 2065 2053 sic-

501 2108 562 2154 ut
591 2111 725 2166 aqua
761 2096 812 2150 vi
845 2093 1106 2163 impulsa.
1148 2110 1166 2144 ι
1201 2090 1662 2157 Quemadmodum
1700 2090 1842 2145 enim
1902 2094 2065 2148 maris

498 2186 658 2242 dorsa
688 2185 1040 2239 tumescentia
1072 2192 1127 2237 et
1158 2182 1209 2235 in
1238 2180 1465 2235 sublime
1497 2180 1658 2246 elata,
1683 2181 1806 2235 dum
1834 2197 1861 2234 a
1893 2184 2066 2239 ventis

498 2280 814 2347 agitantur,
862 2286 1030 2343 atque
1091 2274 1411 2339 turbantur,
1462 2274 1695 2330 sonitum
1770 2277 2063 2331 maximum

499 2374 704 2437 edunt,
734 2379 791 2426 et
835 2379 1038 2425 metum
1079 2368 1462 2436 navigantibus
1510 2368 1777 2423 incutiunt
1816 2385 1831 2433 ;
1878 2371 2063 2424 eodem

500 2468 663 2521 modo
689 2464 859 2519 turbat
887 2463 1207 2533 populorum
1229 2464 1343 2518 sive
1370 2463 1617 2518 Damasci
1637 2464 1750 2519 sive
1774 2465 1825 2518 in
1844 2465 2066 2535 reliquis

498 2556 906 2628 reginnibus,'in
928 2554 1245 2609 infidelitate
1264 2564 1319 2609 et
1340 2554 1641 2609 idololatria
1675 2568 1974 2619 manentes,
1999 2558 2065 2611 ab

497 2646 857 2704 invisibilibus
878 2644 1127 2716 gentibus
1150 2645 1385 2712 agitata),
1420 2644 1593 2699 instar
1618 2646 1872 2701 fluctuum
1898 2649 2064 2704 maris

499 2739 733 2792 sonitum
765 2742 961 2801 edent,
996 2717 1183 2791 contra
1223 2738 1522 2793 Ecclesiam
1559 2740 1648 2794 Dei
1697 2741 2060 2809 insurgentes.

498 2830 697 2885 Verum
745 2831 862 2887 illas
907 2848 926 2882 ι
979 2828 1276 2884 eliminahit
1319 2838 1374 2884 et
1411 2832 1591 2901 procul
1636 2832 1952 2902 insequetur
1991 2853 2003 2887 :
2039 2852 2057 2884 ι

496 2925 597 2979 etsi
626 2924 732 2979 illa:
763 2924 931 2979 maris
962 2926 1131 2980 ferme
1156 2925 1333 2979 instar
1362 2935 1548 2980 contra
1569 2925 1908 2981 adversarios
1938 2943 2064 2983 suos

494 3015 693 3071 ﬂuctus
745 3016 1012 3071 attollant.
1049 3016 1221 3071 Dousa
1268 3027 1448 3071 autem
1496 3016 1785 3071 multarum
1822 3019 2061 3088 gentium

496 3109 587 3163 hic
616 3109 736 3163 illas
764 3117 1067 3178 nuncupat,
1098 3109 1221 3178 quia
1258 3119 1447 3179 gentes
1479 3110 1672 3163 multas
1718 3110 2062 3179 insequentes

2171 715 2264 766 καὶ¹
2296 714 2433 768 ἐπάν
2466 717 2524 769 ἐν
2548 717 2627 787 τῷ
2661 718 2773 786 ίδίῳ
2820 719 2955 787 φωτὶ
2984 719 3157 786 γένοιο
3201 719 3303 789 τῆς
3331 722 3573 791 πρωῖνῆς
3606 724 3741 777 ἀνα-

2169 805 2328 876 τολῆς
2355 807 2448 859 τοῦ
2485 806 2633 877 ἡλίου
2674 808 2773 878 τῆς
2810 808 3168 880 δικαιοσύνης,
3202 810 3421 880 ἀνθήσει
3451 811 3508 864 ἐν
3535 811 3617 865 σοὶ
3655 815 3739 878 εἰς

2171 897 2402 966 ἀμητόνυ
2430 897 2506 961 ὼς
2551 900 2869 969 μεταδοῦναι
2900 900 3099 971 κλῆρον
3126 901 3325 971 ἀγαθὸν
3358 903 3453 955 καὶ
3481 904 3595 968 τοῖς
3612 906 3743 957 ἐαυ-

2170 989 2264 1042 τοῦ
2294 992 2429 1045 πᾶσι
2456 994 2572 1056 τοῖς
2607 992 2747 1046 κατά
2787 992 2918 1046 Θεὸν
2953 994 3363 1065 γεννησομένοις
3389 994 3476 1049 διὰ
3504 997 3601 1067 τῆς
3629 1014 3743 1052 σω-

2170 1082 2361 1152 τηρίου
2382 1083 2747 1148 διδασκαλίας.

2247 1195 2265 1225 ι
2307 1176 2447 1228 Οὐαὶ
2469 1175 2670 1247 πλῆθος
2694 1176 2862 1231 ἐθνῶν
2889 1176 3117 1231 πολλῶν.
3159 1178 3246 1241 Ὠς
3278 1178 3519 1234 Θάλασσα
3547 1182 3744 1252 κυμαί-

2169 1286 2354 1333 νουσα,
2402 1270 2575 1334 οὕτως
2624 1270 3048 1343 ταραχθήσεσθε.
3104 1271 3238 1341 Περὶ
3273 1272 3372 1342 τῆς
3412 1273 3521 1326 τῶν
3565 1274 3736 1328 ἐθνῶν

2172 1361 2263 1414 ἐπὶ⁹
2293 1361 2383 1414 τὸν
2416 1362 2550 1415 Θεὸν
2584 1362 2939 1435 ἐπιστροφῆς,
2985 1361 3079 1414 καὶ
3109 1363 3210 1433 τῆς
3256 1365 3335 1426 είς
3360 1364 3450 1417 τὸν
3499 1366 3738 1437 Χριστὸν

2171 1451 2426 1515 ἀπιστίας
2450 1451 2544 1504 τοῦ
2584 1451 2847 1505 Ἰουδαίων
2873 1450 3058 1515 ἔθνους
3091 1450 3351 1515 θεσπίσας
3382 1453 3410 1504 ό
3435 1452 3610 1522 λόγος,
3640 1470 3741 1524 με·

2168 1542 2411 1597 ταϐαίνει
2433 1544 2523 1596 ἐπὶ
2551 1542 2621 1596 τὰ
2648 1544 2825 1615 πλήθη
2855 1542 2962 1597 τῶν
2984 1543 3170 1609 ἐθνῶν,
3196 1545 3253 1597 ἐν
3282 1545 3418 1616 αὐτῇ
3450 1563 3507 1598 τε
3541 1549 3606 1617 τῇ
3630 1548 3741 1599 Δα-

2173 1632 2367 1703 μασκῷ
2394 1634 2488 1687 καὶ
2519 1637 2637 1697 ταῖς
2675 1633 2886 1697 λοιπαῖς
2931 1634 3132 1706 χώραις
3156 1638 3212 1689 ἐν
3251 1636 3475 1708 ἀπιστίᾳ
3511 1639 3741 1708 ἀπομει-

2167 1722 2393 1788 νάντων,
2436 1725 2531 1778 καὶ
2570 1725 2669 1795 τὴν
2715 1725 3037 1794 Ἐκκλησίαν
3072 1726 3163 1781 τοῦ
3212 1727 3342 1781 Θεοῦ
3376 1728 3615 1783 ἐλαύνειν
3644 1728 3740 1782 καὶ

2168 1815 2469 1888 πολιορκεῖν
2497 1816 2811 1887 μελλόντων.

2243 1927 2262 1960 t
2292 1909 2400 1962 Kal.
2439 1909 2605 1973 νῶτος
2650 1909 2819 1963 ἐθνῶν
2869 1909 3077 1964 πολλῶν
3113 1910 3189 1974 ὡς
3222 1910 3363 1983 ὕδωρ
3404 1911 3615 1982 ὴχήσει*
3664 1910 3742 1975 ὡς

2167 2001 2311 2073 ὕδωρ
2333 2002 2491 2066 πολὺ,
2527 2002 2651 2072 ἔθνη
2687 2001 2875 2062 πολλὰ.
2909 2002 2983 2066 ὡς
3009 2001 3198 2064 ὓδατος
3226 2001 3418 2054 πολλοῦ
3456 2002 3546 2073 βία
3578 2019 3740 2073 φερο-

2170 2091 2352 2162 μένου.
2388 2111 2405 2143 ι
2454 2092 2543 2155 Ὠς
2562 2092 2670 2163 γὰρ
2703 2091 2977 2161 θαλάσσης
2998 2090 3065 2144 τὰ
3102 2091 3244 2143 νῶτα
3264 2090 3624 2161 κυρτούμενα,
3646 2089 3738 2143 καὶ

2171 2185 2254 2248 είς
2288 2183 2421 2253 ὕψος
2447 2183 2729 2254 αίρόμενα,
2755 2184 2811 2235 ἐν
2841 2181 2919 2252 τῷ
2959 2181 3311 2253 χειμάζεσθαι
3345 2181 3438 2234 καὶ
3468 2180 3735 2252 ταράσσει

2167 2280 2292 2334 σθαι
2322 2280 2427 2333 ὑπὸ
2462 2280 2698 2349 ἀνέμων,
2729 2273 2862 2349 ἦχον
2899 2277 3153 2347 μέγιστον
3184 2275 3400 2344 ἐμποιεῖ
3444 2273 3537 2325 καὶ
3575 2270 3739 2340 φόϐον

2166 2376 2279 2437 τοῖς
2294 2372 2563 2426 πλέουσιν·
2590 2369 2732 2423 οῦτω
2758 2367 2851 2422 καὶ
2877 2366 2947 2420 τά
2971 2365 3148 2438 πλήθη
3175 2364 3283 2418 τῶν
3315 2366 3372 2417 ἐν
3424 2365 3558 2434 αὐτῇ
3586 2380 3645 2415 τε
3672 2366 3737 2434 τῇ

2165 2462 2440 2535 Δαμασκῷ
2466 2463 2559 2515 καὶ
2580 2463 2698 2523 ταῖς
2726 2459 2938 2522 λοιπαῖς
2959 2457 3162 2530 χώραις
3182 2458 3267 2511 ἐπ’
3302 2456 3526 2528 ἀπιστίᾳ
3550 2455 3643 2509 καὶ
3659 2456 3733 2509 εί-

2164 2554 2523 2626 δωλολατρείᾳ
2582 2553 2845 2623 μενόντων
2917 2552 3104 2617 ἐθνῶν,
3161 2551 3266 2605 ὑπὸ
3321 2550 3429 2604 τῶν
3496 2551 3739 2622 ἀοράτων

2166 2646 2333 2699 ἐθνῶν
2380 2644 2762 2717 ἐνεργούμενα,
2814 2644 2969 2715 δίκην
3006 2643 3265 2713 κυμάτων
3288 2642 3561 2712 θαλάσσης
3597 2642 3741 2711 ἠχή-

2168 2755 2336 2801 σουσι,
2360 2738 2499 2791 κατά
2527 2738 2626 2807 τῆς
2668 2737 2991 2807 Ἐκκλησίας
3011 2735 3104 2789 τοῦ
3136 2735 3269 2789 Θεοῦ
3312 2734 3738 2803 ἐπανιστάμενα.

2171 2849 2190 2880 ι
2221 2832 2329 2884 Καὶ
2360 2832 2754 2902 ἀποσκορακιεῖ
2798 2830 3014 2892 αὐτοὺς,
3059 2830 3153 2882 καὶ
3187 2829 3373 2901 πόρῤω
3396 2828 3589 2892 αὐτοὺς
3617 2826 3744 2881 διώ-

2165 2923 2329 2991 ξεται’
2358 2942 2376 2975 ι
2414 2922 2692 2994 μονονουῂ
2722 2920 2994 2991 Θαλάσσης
3018 2922 3172 2993 δίκην
3196 2921 3303 2974 τῶν
3334 2920 3743 2991 ἀνθεστηκότων

2163 3016 2681 3085 κατακυμαίνοντες.
2715 3013 2901 3067 Νῶτον
2933 3013 2988 3066 δὲ
3030 3014 3229 3076 αὐτοὺς
3257 3011 3467 3066 πολλῶν
3491 3011 3659 3065 ἐθνῶν
3685 3013 3743 3063 ἐν

2160 3108 2369 3169 τούτοις
2390 3106 2674 3168 ἀποκαλεῖ,
2701 3106 2789 3159 διὰ
2819 3104 3065 3159 τὸπολλά
3091 3104 3376 3158 διώκεσθαι
3404 3105 3530 3176 παρ’
3559 3105 3742 3159 αὐτῶν

496 3200 722 3252 instant.
750 3197 852 3264 Qui
894 3213 1021 3253 vero
1069 3199 1467 3269 insequuntur,
1500 3216 1528 3254 a
1566 3209 1713 3269 tergo
1750 3210 1803 3255 et
1840 3216 1869 3254 a
1904 3204 2062 3257 dorso

2169 3198 2310 3268 ἔθνη.
2336 3200 2379 3251 Τ
2388 3197 2601 3269 ρὲχουσι
2632 3197 2688 3250 δὲ
2728 3196 2869 3250 κατὰ
2888 3198 3055 3250 νώτου
3087 3196 3260 3267 πάντη
3295 3212 3354 3249 τε
3385 3196 3478 3248 καὶ
3523 3195 3743 3262 πάντως

496 3287 816 3356 fugientium
860 3287 1079 3343 omnino
1119 3298 1365 3345 currunt.
1406 3308 1425 3342 ι
1462 3291 1528 3346 Ει
1566 3291 1868 3348 eliminabit
1895 3293 2060 3359 illum,

497 3389 551 3435 et
575 3379 731 3451 longe
765 3381 936 3451 ipsum
964 3390 1335 3453 persequetur.
1383 3402 1401 3434 ι
1447 3382 1503 3437 Id
1538 3392 1656 3451 est,
1703 3393 1848 3439 retro
1887 3387 2065 3441 mittet

494 3478 553 3524 et
595 3469 770 3540 ipsum
812 3484 1184 3541 persequetur.
1218 3470 1528 3529 Secundum
1570 3476 1816 3546 Aquilam
1860 3488 2061 3544 autem,

500 3578 521 3609 ε
552 3559 986 3617 Comminabitur
1014 3562 1091 3618 illi
1119 3604 1133 3627 ,
1167 3573 1223 3618 et
1259 3564 1427 3634 fugiet
1463 3565 1621 3639 longe
1654 3584 1667 3631 ;
1705 3586 1723 3619 ι
1765 3570 2059 3625 secundum

496 3653 881 3724 Symmachum
930 3669 1099 3723 vero,
1149 3676 1168 3709 ι
1208 3658 1273 3713 Et
1325 3658 1578 3714 infremet
1632 3661 1771 3729 ipsi,
1801 3670 1855 3716 et
1896 3662 2064 3733 fugiet

494 3744 706 3814 procul.
738 3763 755 3796 ι
803 3744 899 3801 Cui
928 3760 1106 3804 autem
1139 3765 1325 3805 eorum
1359 3752 1612 3808 infremet
1640 3764 1728 3807 aut
1763 3758 2061 3811 commina-

496 3836 664 3901 bitor,
702 3836 801 3891 nisi
834 3839 1102 3907 pratdicta:
1132 3840 1431 3895 infidelium
1461 3844 1779 3911 populorum
1814 3848 1981 3915 genti,
2008 3858 2062 3902 et

495 3926 667 3992 ipsam
698 3928 922 3999 agitanti
950 3932 1211 3987 diabolo?
1244 3934 1375 4000 Quis
1398 3944 1577 3990 autem
1605 3936 1736 4006 ipsis
1767 3942 2062 3995 commina-

496 4017 663 4082 bitur,
696 4021 796 4075 nisi
828 4022 874 4075 is
907 4023 972 4077 de
1001 4039 1106 4093 quo
1137 4025 1335 4079 dictum
1365 4035 1448 4080 est
1484 4046 1496 4080 :

574 4110 736 4166 Vens.
767 4112 851 4167 14.
891 4131 909 4163 ι
946 4112 1373 4169 Commiuabitur
1422 4115 1679 4172 Dominus
1728 4120 1781 4173 in
1834 4129 1922 4186 te,
1970 4125 2058 4190 qui

509 4201 675 4271 elegit
717 4201 1037 4259 Jerusalem.
1067 4205 1147 4259 Ad
1191 4221 1471 4276 vesperam
1521 4210 1623 4263 erit
1667 4210 1877 4276 luctus,
1911 4225 2060 4269 ante—

506 4309 671 4364 quam
700 4295 768 4350 sit
794 4295 1105 4365 diluculum,
1127 4308 1182 4352 et
1206 4314 1307 4353 non
1345 4301 1467 4355 erit.
1501 4300 1624 4356 Haec
1671 4303 1845 4371 portio
1872 4318 2056 4359 eorum

500 4387 593 4457 qui
630 4388 862 4458 populati
892 4398 1018 4443 sunt
1046 4405 1142 4445 vos
1169 4406 1182 4445 :
1214 4392 1500 4447 hmreditas
1525 4408 1713 4447 eorum
1750 4397 1840 4464 qui
1876 4411 1972 4451 vos
2006 4398 2056 4451 in

492 4474 860 4532 hereditatem
904 4480 1277 4549 possederunt.
1313 4500 1333 4534 ›
1385 4481 1456 4537 Iis
1499 4484 1696 4554 quippe
1744 4487 1834 4554 qui
1886 4487 2060 4542 instar

2161 3290 2271 3343 τῶν
2305 3290 2609 3360 φευγόντων
2660 3291 2709 3342 οἱ
2763 3288 3066 3352 διώκοντες.
3110 3308 3127 3341 t
3188 3290 3301 3342 Καὶ
3348 3288 3743 3358 ἀποσκορακιεῖ

2163 3384 2344 3447 αὑτὸν,
2377 3384 2468 3436 καὶ
2497 3382 2683 3454 πόρρω
2712 3381 2872 3435 αὑτὸν
2899 3380 3163 3445 διώξεται.
3197 3398 3214 3431 ι
3242 3380 3545 3443 Τουτέστιν,
3564 3380 3743 3436 ὀπίσω

2162 3472 2389 3544 πέμψει,
2432 3472 2525 3525 καὶ
2560 3472 2722 3524 αὐτὸν
2765 3470 3031 3534 διώξεται.
3070 3470 3225 3524 Κατὰ
3269 3470 3324 3523 δὲ
3350 3471 3439 3523 τὸν
3484 3471 3737 3537 Ἀκύλαν,

2169 3582 2188 3615 ι
2232 3564 2572 3634 Ἐπιτιμήσει
2606 3565 2662 3616 ἐν
2678 3561 2846 3632 αὐτῷ,
2877 3562 2969 3615 καὶ
3005 3561 3259 3631 φεύξεται
3293 3562 3527 3633 μακράν·
3556 3582 3573 3614 ι
3596 3564 3741 3619 κατά

2160 3654 2320 3707 δὲτὸν
2355 3653 2718 3725 Σύμμαχον,ξ«
2746 3655 2854 3708 Καὶ
2884 3654 3283 3726 ἐμϐριμήσεται
3316 3655 3462 3725 αὐτῷ
3482 3656 3576 3709 καὶ
3607 3655 3740 3725 φεύ-

2161 3745 2308 3812 ξεται
2331 3746 2535 3817 πόρρω.
2578 3765 2596 3797 ι
2624 3746 2741 3799 Τίνι
2772 3746 2827 3799 δὲ
2865 3745 3043 3800 αὐτῶν
3072 3745 3525 3818 ἐμϐριμήσεταιῆ
3559 3749 3737 3801 ἐπιτι-

2164 3838 2415 3908 μήσεται,
2440 3838 2471 3908 ἢ
2499 3837 2575 3909 τῷ
2606 3838 2952 3909 προλεχθὲντι
2990 3838 3129 3891 ἔθνει
3150 3836 3258 3891 τῶν
3284 3838 3526 3891 ἀπίστων
3566 3839 3733 3905 λαῶν,

2160 3930 2253 3983 καὶ
2284 3929 2361 4000 τῷ
2412 3929 2635 3995 τούτους
2666 3930 2975 4001 ἐνεργοῦντι
3025 3929 3290 4001 διαδόλῳς
3326 3929 3421 3994 Τίς
3452 3931 3509 3983 δὲ
3549 3933 3737 3997 αὐτοῖς

2158 4022 2469 4091 ἐπιτιμήσει
2493 4022 2604 4075 ἀλλ’
2634 4023 2667 4093 ἢ
2696 4024 2901 4085 ἐκεῖνος
2936 4024 3063 4092 περὶ
3090 4016 3151 4075 οὗ
3186 4022 3421 4092 εἴρηται,

2233 4134 2251 4166 ι
2302 4117 2646 4187 Ἐπιτιμήσει
2683 4116 2885 4185 Κύριος
2916 4118 2972 4167 ἐν
3004 4114 3087 4167 σοὶ
3119 4114 3475 4186 ἐκλεξάμενος
3506 4117 3605 4186 τὴν
3632 4117 3732 4170 Ἰε-

2160 4206 2460 4277 ρουσαλήμ.
2495 4206 2637 4277 Πρὸς
2678 4206 2919 4279 ἐσπέραν
2954 4205 3106 4259 ἔσται
3134 4206 3326 4269 πένθος
3363 4208 3528 4279 πρινὴ
3563 4209 3729 4279 πρωΐ.

2157 4294 2251 4345 καὶ
2294 4293 2396 4346 οὐκ
2425 4292 2595 4346 ἔσται.
2624 4293 2834 4365 Αῦτηή
2886 4295 3041 4367 μερὶς
3091 4295 3200 4349 τῶν
3248 4296 3732 4367 προνομευσάντων

2157 4384 2322 4455 ὑμᾶς,
2354 4383 2691 4456 κληρονομία
2728 4386 2842 4448 τοῖς
2890 4385 3339 4457 κληρονομήσασι.
3400 4406 3419 4439 ›
3464 4388 3586 4452 Τοῖς
3618 4390 3732 4462 γὰρ

2154 4477 2311 4549 δίκην
2340 4476 2612 4548 θαλάσσης
2641 4476 3005 4548 κυμαινούσης
3038 4478 3421 4548 κατεπαρθεῖσι
3457 4481 3553 4551 τῆς
3604 4482 3729 4534 Ἐκ-

492 4569 660 4623 maris
686 4568 1001 4625 ﬂuctuantis
1028 4582 1212 4627 contra
1246 4574 1539 4630 Ecelesiam
1568 4593 1687 4632 sese
1724 4578 2055 4647 extulerunt,

2169 4570 2387 4642 κλησίας
2414 4570 2549 4641 πρὸς
2574 4574 2640 4641 τῇ
2661 4570 2807 4622 δύσει
2828 4569 2922 4623 τοῦ
2941 4570 3052 4640 βίου
3072 4570 3164 4623 καὶ
3187 4570 3322 4642 πρὸς
3337 4571 3483 4642 αὐτῷ
3497 4572 3573 4643 τῷ
3586 4574 3728 4627 τέλει

490 4658 545 4713 in
573 4673 771 4715 occasu
804 4660 959 4729 vitae,
991 4671 1045 4717 et
1075 4664 1127 4718 in
1177 4665 1291 4735 ipso
1322 4666 1430 4721 fine
1469 4667 1643 4722 luctus
1673 4670 1844 4723 aderit
1871 4714 1885 4736 ,
1931 4674 2055 4742 quia

492 4763 599 4803 non
632 4750 771 4805 ultra
814 4762 997 4808 erunt.
1030 4752 1163 4807 Nam
1216 4756 1267 4809 in
1320 4756 1501 4813 futuro
1547 4760 1743 4815 saeculo
1789 4777 1922 4815 nova
1966 4765 2054 4817 lux

486 4841 713 4897 orientis
732 4853 783 4899 et
812 4846 1061 4900 matutini
1091 4854 1219 4901 tunc
1242 4847 1308 4902 ad
1337 4847 1594 4904 ultionem
1630 4850 1905 4907 ferendam
1935 4852 2055 4907 illu-

488 4934 650 4990 cebit.

1040 5029 1267 5086 CAPUT
1304 5028 1486 5084 XVIII.

559 5116 719 5173 Vsus.
748 5119 872 5185 με.
910 5139 929 5171 σ
963 5120 1055 5175 Vre
1080 5133 1238 5177 terra:
1265 5124 1506 5187 navium,
1532 5124 1632 5179 alae
1663 5124 1800 5179 ultra
1830 5124 2049 5182 ﬂumina

481 5208 774 5278 Ethiopia:
798 5226 813 5277 ;
851 5212 941 5280 qui
979 5212 1140 5266 mittit
1168 5212 1220 5266 in
1257 5227 1406 5267 mare
1432 5213 1682 5282 obsides,
1708 5225 1765 5270 et
1794 5219 2050 5287 epistolas

483 5300 715 5356 biblinas
754 5318 927 5389 supra.
965 5319 1180 5373 aquam.
1234 5323 1253 5356 ι
1309 5305 1457 5359 Unde
1504 5306 1707 5362 factum
1755 5316 1813 5363 ut
1862 5325 2051 5365 omnes

488 5390 682 5460 ubique
711 5390 879 5447 Judaei
932 5396 1132 5464 pariter
1176 5404 1227 5449 et
1258 5412 1364 5451 uno
1421 5414 1683 5455 consensu
1727 5400 2049 5458 Christiana:

488 5483 743 5540 .loctrinze
767 5486 1245 5542 contradicerent?
1284 5489 1337 5543 In
1368 5499 1609 5545 veterum
1651 5496 1867 5564 scriptis
1895 5512 2049 5567 repec

554 5660 667 5755 Si!)
703 5662 1549 5755 *9‘2E‘ii‘39iumessrbsParvi}
1578 5670 2049 5755 ".ieronymus'his

488 5732 687 5813 verbis,
720 5749 739 5783 ι
773 5732 1035 5813 Eusebius
1061 5732 1749 5813 Caesariensisbistoricam
1779 5732 2046 5813 interpre-

485 5802 743 5881 tationem
770 5802 923 5881 titulo
948 5808 1355 5881 repromittens,
1383 5811 1611 5866 diversis
1646 5813 1892 5867 sensibus
1920 5802 2051 5868 eva-

484 5878 640 5939 gatur
663 5887 678 5926 :
698 5875 854 5942 cujus
873 5888 992 5931 cum
1016 5875 1183 5936 libros
1206 5878 1462 5951 legerem,
1482 5882 1622 5939 aliud
1656 5882 1820 5939 multo
1850 5886 2043 5955 reperi,

2160 4661 2351 4725 πένθος
2384 4662 2588 4725 ἔσεται,
2609 4663 2688 4715 ὅτι
2716 4662 2896 4715 οὐκέτι
2946 4662 3266 4733 ὑπάρχουσι·
3306 4664 3446 4718 κατά
3476 4665 3564 4718 τὸν
3602 4666 3729 4737 μέλ-

2155 4754 2315 4807 λοντα
2362 4755 2554 4816 αἰῶνα,
2610 4754 2731 4806 νέου
2763 4753 2941 4821 φωτὸς
2978 4755 3237 4825 ἀνατολῆς
3280 4758 3372 4810 καὶ
3404 4758 3614 4828 πρωῖας
3666 4759 3727 4812 τὸ

2157 4844 2458 4917 τηνικαῦτα
2480 4848 2599 4909 ταῖς
2613 4845 2787 4908 δίκαις
2818 4845 3239 4917 ἐπιλάμψαντος.

2660 5034 3051 5087 ΚΕΦΑΛΑῙΟΝ
3111 5036 3214 5088 IH‘.

2230 5145 2250 5177 ι
2287 5126 2424 5179 Οὐαὶ
2473 5125 2576 5195 γῆς
2623 5124 2839 5189 πλοίων,
2884 5127 3149 5197 πτέρυγες
3177 5127 3432 5182 ἐπέκεινα
3464 5132 3724 5201 ποταμῶν

2152 5218 2456 5281 Αἰθιοπίας·
2488 5219 2516 5269 ὁ
2544 5217 2883 5272 ἀποστέλλων
2916 5220 2972 5270 ἐν
3000 5217 3242 5293 θαλάσσῃ
3261 5221 3463 5291 ὅμηρα,
3490 5222 3585 5275 καὶ
3606 5225 3728 5278 ἑπι-

2158 5311 2351 5375 στολάς
2384 5311 2623 5382 βιϐλίνας
2675 5312 2858 5365 ἐπάνω
2908 5312 3001 5365 τοῦ
3058 5312 3266 5377 ὓδατος.
3314 5334 3332 5367 ›
3382 5314 3553 5369 Πόθεν
3595 5317 3725 5381 τοὺς

2156 5405 2432 5474 πανταχοῦ
2478 5404 2760 5467 Ἰουδαίους
2791 5406 2915 5467 τοὺς
2946 5404 3153 5469 πάντας
3182 5406 3483 5476 συμφώνως
3516 5407 3576 5473 ἐξ
3605 5409 3724 5474 ἐνὸς

2158 5497 2499 5567 συνθήματος
2534 5495 2830 5565 ἀντιλέγειν
2856 5496 2934 5568 τῷ
2972 5498 3097 5570 περὶ
3128 5498 3364 5570 Χριστοῦ
3400 5499 3540 5571 λόγῳ
3573 5499 3721 5586 (21);

2152 5692 2313 5746 quam
2343 5675 2519 5746 indice
2557 5674 2921 5745 promittebat.
2960 5676 3278 5746 Ubicunque
3304 5676 3451 5733 enim
3483 5691 3607 5731 eum
3640 5676 3721 5732 lti-

2148 5744 2314 5801 storia
2364 5744 2622 5801 defecerit
2645 5785 2659 5805 ,
2687 5747 2877 5800 transit
2918 5749 2984 5801 ad
3019 5744 3351 5816 allegoriam,
3379 5758 3433 5801 et
3464 5747 3533 5800 ita
3562 5760 3720 5815 sepa-

2149 5827 2270 5871 rata
2303 5816 2598 5880 consociat,
2626 5826 2682 5868 ut
2719 5817 2885 5872 mirer
2900 5831 3023 5871 eum
3056 5832 3190 5872 nova
3215 5819 3477 5873 sermonis
3508 5816 3718 5875 fabrici

2155 5887 2206 5943 in
2240 5902 2401 5943 unum
2436 5903 2630 5959 corpus
2653 5886 2883 5960 lapidem
2909 5887 3217 5959 ferrumque
3238 5888 3580 5955 conjungere.
3604 5886 3716 5944 Hoc
