3984 6510
306 419 420 473 213

1258 418 1757 476 COMMENTARIA
1798 419 1861 475 IN
1905 420 2155 477 ISAIAM.
2196 451 2265 461 -—
2302 423 2451 479 CAP.
2494 423 2675 483 XVIII.

3434 427 3540 479 ΞΜ

307 534 558 606 Εὖρομεν
578 532 638 587 ὲν
663 534 773 597 τοῖς
801 533 908 588 τῶν
936 533 1175 589 παλαιῶν
1214 536 1656 607 συγγράμμασιν,
1696 537 1771 602 ὼς
1825 541 1870 593 οἱ

1979 541 2167 605 rimus,
2191 539 2702 613 Hierosolymitanos
2746 541 2984 598 Iudaicae
3028 544 3202 612 gentis
3233 544 3541 598 sacerdotes

304 626 410 696 τὴν
459 625 813 698 Ἰερουσαλὴμ
839 626 1112 690 οἰκοῦντες
1135 626 1227 680 τοῦ
1252 627 1358 680 τῶν
1404 628 1667 682 Ἰουδαίων
1696 630 1879 694 ἔθνους

308 718 479 787 ἱερεῖς
507 718 597 769 καὶ
625 718 980 789 πρεσϐύτεροι
1010 718 1312 789 γράμματα
1344 720 1768 789 διαχαράξαντες
1801 723 1881 785 εἰς

302 810 489 863 πάντα
513 808 879 879 διεπέμψαντο
900 808 969 862 τὰ
989 809 1112 880 ἔθνη
1132 812 1243 873 τοῖς
1260 810 1570 879 ἁπανταχοῦ
1610 812 1880 877 Ἰουδαίοις

299 902 686 965 διαϐάλλοντες
737 902 833 973 τὴν
867 902 1103 973 Χριστοῦ
1137 902 1502 967 διδασκαλίαν,
1550 904 1625 968 ὡς
1671 905 1879 976 αἵρεσιν

303 995 508 1065 καινὴν
540 994 633 1048 καὶ
659 993 941 1065 ἀλλοτρίαν
975 993 1069 1047 τοῦ
1103 994 1259 1059 Θεοῦ,
1291 996 1663 1068 παρήγγελλόν
1708 1014 1768 1049 τε
1811 996 1879 1049 δι’

301 1088 610 1143 ἐπιστολῶν
661 1088 733 1159 μὴ
784 1086 1187 1158 παραδέξασθαι
1242 1087 1429 1158 αὐτήν.
1466 1086 1633 1140 Τοῦτο
1688 1088 1745 1140 δὲ
1786 1084 1878 1141 οῦν

297 1179 443 1233 αὐτὸ
474 1177 761 1248 σημαίνειν
802 1176 975 1228 ἔοικεν
1008 1176 1040 1246 ἡ
1076 1175 1212 1245 μετά
1239 1179 1424 1247 χεῖρας
1452 1178 1774 1248 προφητεία,
1822 1178 1878 1229 έν

296 1267 349 1339 ᾧ
375 1268 547 1337 λέγει·
581 1287 600 1319 ι
638 1268 773 1321 Οὐαὶ
800 1268 903 1337 γῆς
934 1266 1151 1330 πλοίων,
1181 1268 1447 1337 πτέρυγες
1480 1268 1730 1321 ἐπέκεινα
1782 1285 1878 1320 πο-

295 1359 496 1432 ταμῶν
533 1358 833 1423 Αἰθιοπίας·
860 1360 888 1411 6
910 1358 1251 1412 ἀποστέλλων
1277 1360 1332 1412 ἐν
1361 1358 1600 1433 Θαλάσσῃ
1626 1360 1829 1431 ὅμηρα·
1855 1379 1871 1409 ι

296 1454 421 1508 ἀνθ’
443 1445 506 1506 οὗ
539 1456 568 1507 6
592 1451 882 1522 Σύμμαχος
904 1451 1285 1517 ἀποστόλους
1298 1448 1417 1504 εἰπε
1443 1454 1639 1525 φήσας,
1673 1472 1690 1503 ε
1713 1455 1879 1505 Ἀπο-

297 1545 541 1599 στέλλων
593 1543 922 1606 ἀποστόλους
973 1544 1030 1595 ἐν
1068 1542 1328 1614 Θαλάσσῃ·
1376 1562 1394 1594 ι
1451 1546 1479 1597 6
1537 1544 1594 1597 δὲ
1652 1543 1879 1605 Ἀκύλας

295 1636 647 1705 πρεσϐύτας
662 1633 922 1698 ἐξέδωκεν
958 1632 1147 1697 εἰπὼν,
1180 1652 1198 1684 ι
1243 1634 1300 1686 'U
1333 1633 1672 1687 ἀποστέλλων
1701 1636 1758 1687 ὲν
1786 1633 1879 1686 θα-

295 1727 479 1798 λάσσῃ
508 1725 838 1796 πρεσϐύτας.
880 1744 899 1776 ι
940 1725 1100 1795 Ὁρᾷς
1151 1725 1297 1787 ὅπως
1328 1726 1356 1777 6
1387 1724 1541 1792 λόγος
1583 1725 1708 1787 τοὺς
1746 1740 1877 1794 προ-

291 1818 595 1888 λεχθέντας
640 1816 908 1869 Ἰουδαίων
931 1816 1196 1887 ἄρχοντας
1214 1815 1505 1880 ταλανίζει,
1540 1816 1631 1869 καὶ
1656 1817 1754 1885 τὴν
1772 1816 1876 1887 γῆν

1981 638 2036 686 ct
2053 632 2313 695 seniores,
2333 631 2543 686 litteras
2563 633 2614 685 in
2645 648 2833 687 omnes
2850 643 3034 703 gentes
3054 634 3261 688 misisse
3277 634 3542 688 adomues

1979 723 2179 791 ubique
2198 720 2415 776 Judaaos
2435 762 2448 786 ,
2478 737 2582 790 quo
2611 722 2811 777 Christi
2843 724 3145 778 doctrinam
3176 724 3539 787 traducerent,

1981 822 2038 867 ut
2086 828 2278 868 novam
2315 827 2375 868 ac
2410 814 2519 868 Deo
2563 814 2840 867 inimicam
2887 824 3088 869 sectam
3138 834 3150 869 :
3188 830 3251 868 ac
3301 814 3541 883 epistolis

1980 903 2274 971 monuisse,
2317 914 2375 959 ut
2420 919 2487 960 ne
2518 904 2663 959 illam
2700 905 3018 973 reciperent.
3050 904 3162 958 Hoc
3208 905 3380 972 ipsum
3413 919 3542 973 ergo

1978 994 2285 1065 signiﬁcare
2312 995 2525 1049 videtur
2556 1008 2791 1064 praesens
2841 995 3125 1064 prophetia
3171 994 3255 1047 ubi
3298 994 3537 1048 dicitur:

1985 1106 2004 1139 ι
2045 1087 2135 1141 Vae
2168 1096 2325 1141 terras
2367 1088 2618 1151 navium,
2652 1086 2747 1140 alae
2775 1084 2912 1138 ultra
2956 1083 3177 1138 ﬂumina
3210 1082 3563 1154 Ethiopize,

1979 1180 2071 1249 qui
2111 1179 2275 1233 mittit
2302 1180 2353 1233 in
2388 1194 2537 1234 mare
2572 1179 2826 1243 obsides;
2869 1196 2886 1229 ι
2918 1191 3015 1245 pro
3043 1192 3150 1245 quo
3184 1176 3541 1246 Symmachus

1978 1270 2236 1340 apostolos
2265 1269 2401 1324 dixit
2432 1271 2514 1323 his
2551 1272 2729 1323 verbis
2751 1310 2766 1334 ,
2801 1290 2820 1322 ι
2853 1270 2955 1337 Qui
2983 1269 3149 1322 mittit
3175 1277 3230 1322 et
3267 1267 3540 1336 apostolos

1978 1364 2031 1418 in
2062 1377 2250 1427 mare;
2284 1380 2303 1413 ι
2329 1360 2520 1429 Aquila
2546 1376 2674 1414 vero
2710 1361 2903 1431 legatos
2932 1360 3119 1426 edidit,
3151 1360 3355 1423 dicens,
3388 1376 3406 1409 ι
3438 1357 3540 1423 Qui

1980 1454 2144 1508 mittit
2195 1453 2247 1507 in
2296 1467 2444 1507 mare
2478 1451 2712 1522 legatos.
2756 1471 2774 1503 ι
2815 1451 2997 1507 Viden‘
3048 1451 3320 1519 quomodo
3360 1463 3540 1503 sermo

1979 1543 2261 1612 prazdictos
2303 1541 2605 1599 Judaaorum
2660 1542 2926 1612 principes
2974 1542 3203 1596 miseros
3263 1539 3539 1609 praedicet,

1980 1651 2183 1692 necnon
2202 1647 2399 1690 terram
2423 1651 2629 1699 eorum,
2648 1634 2800 1702 cujus
2821 1632 3021 1687 malitia
3047 1648 3216 1702 usque
3241 1633 3307 1686 ad
3324 1630 3538 1685 .Ethie-

1984 1742 2077 1799 pes
2099 1736 2424 1797 pervaserat.
2441 1727 2799 1793 Quamobrem
2820 1726 3110 1780 secundum
3128 1724 3535 1795 Symmachum,

1984 1840 2001 1872 ι
2040 1820 2133 1875 Va:
2161 1829 2316 1875 terra:
2355 1821 2562 1875 sonitus
2591 1819 2688 1873 ala:
2709 1860 2724 1885 ,
2763 1833 2882 1885 quae
2915 1818 3051 1871 ultra
3082 1818 3294 1870 ﬂumina
3327 1816 3540 1871 IEtbio-
3644 1822 3651 1833 '

292 1910 505 1976 αὐτῶν,
545 1906 614 1981 ἦς
645 1912 677 1980 ἠ
715 1908 877 1963 κακία
908 1909 1098 1980 μέχρις
1118 1908 1388 1962 Αἰθιόπων
1412 1908 1632 1977 ἔφθασε.
1662 1907 1752 1961 Διὸ
1774 1926 1870 1962 κα-

1978 1912 2078 1981 pia!
2105 1930 2124 1963 )
2152 1929 2164 1965 :
2199 1912 2354 1981 queis
2378 1910 2666 1981 significat,
2690 1911 2850 1964 etiam
2875 1907 3012 1961 ultra
3030 1907 3342 1978 IEthiopum
3362 1909 3540 1979 regio-

291 2003 370 2057 τὰ
402 2002 496 2055 16v
530 2001 825 2072 Σύμμαχον
855 2002 1088 2072 εἴρηται,
1118 2020 1136 2053 ι
1168 2001 1302 2055 0ὑαί¹
1334 1999 1442 2071 γῆς’
1460 2004 1488 2054 6
1514 1997 1644 2072 ἦχος
1677 2000 1874 2072 πτέρυ-

290 2112 416 2164 γος,
443 2097 477 2164 ὴ
501 2093 737 2165 πέραθεν
765 2093 1021 2164 ποταμῶν
1038 2094 1333 2158 Αἰθιοπίας·
1368 2114 1385 2145 ι
1412 2088 1566 2148 δι’ὧν
1598 2095 1869 2165 σημαίνει,

290 2187 377 2251 ὡς
406 2188 502 2240 καὶ
536 2186 711 2256 πέραν
740 2185 840 2255 τῆς
882 2185 1153 2239 Αἰθιόπων
1182 2185 1381 2259 χώρας,
1418 2186 1576 2257 ῆτῶν
1606 2186 1871 2257 ἐσχατιῶν

288 2281 398 2350 τῆς
429 2280 553 2350 γῆς,
585 2280 614 2331 6
643 2279 739 2349 τῆς
761 2278 1022 2349 πονηρίας
1044 2274 1175 2349 ἦχος
1205 2279 1310 2331 τῶν
1335 2278 1431 2349 τὴν
1478 2278 1732 2333 Ἰουδαίαν
1764 2279 1867 2349 γῆν

286 2370 593 2425 οἰκούντων
622 2369 712 2423 διά
744 2386 904 2422 τινων
941 2368 1128 2440 ὥσπερ
1168 2368 1474 2440 ἰπταμένων
1504 2370 1699 2425 πλοίων
1734 2388 1868 2442 προ-

287 2461 484 2531 ἦλθεν,
537 2460 590 2512 οἵ
617 2476 677 2511 τε
720 2458 1003 2511 ἀπόστολοι
1055 2458 1254 2521 αὐτῶν,
1304 2460 1592 2524 ἐπιστολὰς
1636 2460 1873 2531 βιὸλίνας

289 2552 674 2623 κομιζόμενοι,
716 2550 970 2621 ὑπεράνω
999 2567 1057 2602 τε
1093 2551 1199 2603 τῶν
1243 2551 1447 2605 ὑδάτων
1475 2552 1874 2623 ναυτιλλόμενοι

288 2646 393 2697 καὶ
419 2644 518 2713 τὴν
549 2641 820 2695 θάλασσαν
837 2640 1184 2710 ἐμπλέοντες,
1216 2643 1525 2713 ἁπανταχοῦ
1547 2645 1648 2714 γῆς
1672 2644 1875 2712 διέτρε-

288 2752 391 2807 χον
445 2735 539 2789 16v
574 2736 702 2807 περὶ
729 2734 821 2788 τοῦ
863 2735 1114 2805 Σωτῆρος
1145 2734 1299 2804 ἡμῶν
1333 2735 1767 2800 ὲνδιαὸάλλοντες
1786 2737 1875 2789 λὸ·

1978 2020 2123 2068 nem,
2166 2004 2279 2059 sive
2313 2002 2451 2058 ultra
2493 2011 2733 2055 extrema
2765 2010 2952 2066 terras,
2992 2000 3209 2054 malitia:
3240 2000 3538 2055 incolarum

1976 2096 2172 2153 Iudaeae
2211 2098 2468 2162 sonitum,
2497 2112 2594 2151 ceu
2627 2094 2945 2166 quibusdam
2970 2093 3273 2150 volantibus
3304 2094 3533 2148 navibus

1975 2190 2234 2256 delatum,
2267 2190 2596 2261 pervenisse,
2650 2187 3026 2256 apostolosque
3062 2202 3246 2243 eorum
3275 2186 3531 2267 epistolas

1975 2281 2203 2336 bibliuas
2246 2280 2578 2346 delerentes,
2613 2297 2674 2337 ac
2705 2297 2867 2349 supra
2906 2282 3125 2337 dorsum
3167 2296 3428 2347 aquarum
3476 2280 3533 2334 in

1976 2372 2218 2442 marique
2264 2373 2603 2443 navigantes,
2639 2374 2838 2443 ubique
2870 2383 3134 2428 terrarum
3187 2372 3530 2446 discurrisse,

1974 2476 2274 2518 sermonem
2301 2464 2365 2518 de
2398 2462 2683 2520 Servatore
2715 2474 2898 2519 nostro
2944 2461 3228 2520 c‘alumniis
3269 2463 3535 2519 vellican-

1977 2562 2074 2609 tes.
2124 2554 2406 2624 Apostolus
2447 2572 2577 2612 vero
2629 2559 2791 2613 etiam
2836 2574 2979 2613 nunc
3021 2547 3538 2627 Judminuncupare

1973 2647 2150 2701 solent
2178 2662 2292 2715 eos,
2314 2650 2403 2718 qui
2429 2649 2721 2706 circulares
2747 2652 3047 2721 principum
3081 2664 3299 2705 suorum
3329 2649 3537 2704 litteras

1976 2736 2397 2808 circumquaque
2423 2740 2726 2812 deportant.

288 2844 413 2897 γον.
454 2826 807 2891 Ἀποστόλους
858 2826 914 2879 δὲ
956 2826 1123 2879 εἰσέτι
1168 2827 1263 2880 καὶ
1291 2826 1383 2880 νῦν
1414 2827 1533 2891 ἔθος
1566 2828 1714 2882 ἐστὶν
1755 2828 2026 2892 Ἰουδαίοις
2063 2829 2349 2901 ὀνομάζειν
2385 2834 2513 2897 τοὺς
2559 2833 2819 2901 ἐγκύκλια
2852 2834 3151 2904 γράμματα
3217 2833 3368 2902 παρά
3429 2830 3536 2886 τῶν

287 2919 575 2990 ἀρχόντων
597 2917 775 2971 αὐτῶν
804 2916 1304 2987 ἐπικομιζομένους.

374 3031 393 3064 ι
416 3010 781 3083 Πορεύσονται
809 3010 915 3082 γὰρ
948 3008 1165 3079 ἄγγελοι
1198 3009 1385 3078 κοῦφοι
1418 3010 1553 3082 πρὸς
1574 3010 1723 3074 έθνος
1754 3029 1870 3082 μετ-

2054 3032 2071 3063 ‹
2108 3010 2265 3066 Ibunt
2289 3013 2431 3067 enim
2472 3013 2875 3084 nuntii‘celeres
2901 3014 2967 3069 ad
2990 3023 3203 3085 gentem
3237 3013 3533 3068 excelsamv

291 3104 470 3175 έωρον
529 3103 623 3157 καὶ
658 3102 806 3170 ξένον
836 3102 962 3156 λαὸν
1010 3103 1103 3155 καὶ
1135 3102 1386 3173 χαλεπόν.
1422 3103 1517 3166 Τίς
1575 3104 1738 3157 αὐτοῦ
1774 3106 1870 3157 ὲπ-

1975 3112 2029 3158 et
2051 3104 2391 3173 peregrinum
2409 3104 2685 3174 populum,
2703 3115 2757 3159 et
2780 3120 3019 3176 gravem.
3040 3105 3170 3172 Quis
3188 3107 3326 3160 ultra
3359 3105 3535 3159 illum?

292 3198 482 3249 έκεινα
502 3213 517 3261 ;
536 3195 690 3258 ἔθνος
714 3194 824 3264 (22)
847 3193 1162 3247 ἀνέλπιστον
1186 3195 1278 3247 xui
1294 3196 1834 3267 καταπεπατημένον.
1848 3216 1865 3248 ι

1973 3209 2102 3266 gens
2133 3196 2411 3263 desperata
2441 3203 2495 3248 et
2517 3198 2855 3251 conculcata.
2910 3215 2928 3248 ι
2972 3196 3047 3249 lta
3078 3205 3136 3250 ut
3189 3198 3261 3251 sit
3292 3196 3427 3251 illud
3454 3198 3529 3251 rei

304 3287 397 3351 Ὣς
428 3282 569 3339 εἶναι
596 3284 770 3356 ἀρχὴν
804 3284 1125 3355 πράγματος
1144 3300 1157 3313 ·
1196 3282 1288 3336 καί
1326 3300 1415 3353 μοι
1446 3283 1601 3341 δοκεῖ,
1620 3282 1776 3336 τοῦτο
1812 3284 1870 3336 16

1974 3285 2184 3340 initium
2216 3304 2228 3339 :
2266 3286 2589 3356 videturque
2629 3286 2760 3340 mihi
2786 3287 2888 3342 hoc
2921 3297 3249 3357 praaceptum
3287 3288 3534 3343 Salvato-

291 3376 630 3448 πρόσταγμα
660 3374 795 3445 πρὸς
840 3376 965 3436 τοὺς
1024 3373 1267 3444 μαθητὰς
1301 3371 1394 3425 τοῦ
1426 3374 1673 3445 Σωτῆρος
1715 3375 1871 3445 ἡμῶν

289 3467 586 3539 εἰρῆσθαι·
623 3464 714 3529 οὒς
744 3464 834 3517 διὰ
856 3464 915 3517 τὸ
939 3467 1102 3518 πᾶσιν
1128 3463 1431 3536 ἀνθρώποις
1461 3466 1680 3534 ἀγαθῶν
1712 3466 1873 3535 εὐαγ-

290 3558 555 3629 γελιστάς
587 3554 747 3621 εἶναι,
778 3558 1042 3627 ἀγγέλους
1077 3558 1172 3610 καὶ
1198 3558 1433 3627 κούφους
1464 3558 1712 3629 ὠνόμασε
1737 3558 1874 3630 πρὸς

256 3702 259 3705 λ
289 3650 704 3722 ἀντιδιαστολὴν
730 3650 838 3703 τῶν
882 3649 1179 3704 Ἰουδαϊκῶν
1223 3650 1553 3705 ἀποστόλων.
1588 3653 1756 3720 Φησὶν
1781 3647 1872 3705 οὖν

291 3744 437 3815 πρὸς
468 3741 666 3805 αὐτοὺς
697 3742 820 3804 τοὺς
852 3740 959 3794 τῶν
979 3739 1196 3800 ἀγαθῶν
1234 3741 1495 3810 ἀγγέλους
1518 3758 1530 3771 ·
1584 3742 1791 3812 Ὑμεῖς,
1823 3743 1872 3795 οἰ

292 3833 537 3905 Χριστοῦ
562 3832 822 3905 μαθηταὶ,
842 3832 1158 3903 πορεύεσθε,
1182 3832 1368 3901 ὥσπερ
1393 3828 1485 3886 οὖν
1516 3833 1672 3896 αὐτὸς
1703 3835 1730 3885 6
1758 3835 1873 3886 Σω-

290 3924 402 3996 τὴρ
430 3924 713 3991 διετάξατο
745 3923 881 3995 πρὸς
928 3923 1070 3992 ὑμᾶς
1111 3921 1315 3990 λέγων·
1358 3942 1374 3972 ι
1402 3922 1700 3994 Πορεύεσθε
1738 3924 1872 3994 μᾶλ-

293 4018 389 4071 λον
427 4018 565 4089 πρὸς
592 4016 665 4071 τὰ
706 4015 952 4089 πρόϐατα
977 4014 1044 4067 τὰ
1061 4014 1369 4070 ἀπολωλότα
1400 4017 1545 4069 οἴκου
1591 4016 1823 4087 Ἰσραὴλ,
1848 4036 1865 4067 ι

294 4110 839 4182 καὶ,ιῐΙορευθέντες,
862 4107 1234 4180 μαθητεύσατε
1262 4108 1437 4163 πάντα
1464 4109 1531 4161 τὰ
1559 4108 1684 4179 ἔθνη
1712 4112 1769 4162 ὲν
1795 4109 1872 4179 τῷ

292 4203 523 4274 ὀνόματί
559 4220 680 4274 μου.
710 4221 728 4253 ι
765 4202 1125 4274 Πορευόμενοι
1156 4202 1232 4267 δὲ,
1259 4203 1410 4272 φησὶ,
1440 4202 1630 4271 κοῦφοι
1657 4202 1870 4271 γίνεσθε

296 4296 395 4348 καὶ
428 4295 729 4357 εὐσταλεῖς,
764 4293 839 4356 ὼς
880 4292 945 4346 ἂν
988 4292 1175 4363 ῥᾳδίαν
1220 4292 1318 4363 τὴν
1350 4293 1571 4364 πορείαν
1606 4292 1832 4363 ποιῆσθε
1853 4310 1865 4324 ·

294 4386 325 4440 6
355 4386 421 4458 δὴ
449 4386 543 4439 καὶ
576 4386 759 4448 αὐτοῖς
791 4385 950 4438 πάλιν
975 4385 1205 4457 παρῄνει
1224 4384 1394 4453 λέγων
1414 4402 1426 4414 ·
1457 4406 1475 4435 ι
1500 4385 1682 4453 Μηδὲν
1702 4386 1869 4456 ἀρητε

295 4477 441 4532 κατά
469 4476 567 4547 τὴν
596 4475 712 4529 ὁδόν
736 4492 750 4507 ο
786 4476 862 4546 μὴ
894 4474 1167 4546 κτήσησθε
1202 4474 1397 4546 χρυσὸν
1431 4473 1563 4544 μηδὲ
1604 4473 1866 4546 ἄργυρον,

295 4568 435 4641 μηδὲ
482 4566 682 4638 χαλκὸν
719 4569 797 4631 εἰς
832 4566 929 4631 τὰς
977 4566 1152 4633 ζώνας
1214 4566 1385 4636 ὑμῶν,
1414 4586 1432 4617 ι
1480 4566 1571 4619 καὶ
1619 4565 1685 4619 τὰ
1721 4566 1863 4637 ἑξῆς.

1976 3376 2049 3431 ris
2071 3376 2240 3431 nostri
2271 3376 2548 3447 discipulis
2571 3376 2685 3431 dari
2712 3396 2725 3442 ;
2760 3378 2850 3448 qui
2892 3378 3033 3447 quod
3082 3379 3339 3432 omnibus
3362 3379 3534 3433 homi-

1974 3468 2131 3523 nibus
2160 3468 2424 3523 bonorum
2470 3469 2643 3523 nuntii
2671 3469 2795 3533 sint,
2832 3471 3003 3524 nuntii
3037 3480 3089 3525 et
3115 3470 3323 3524 celeres
3355 3472 3422 3525 ab
3464 3485 3530 3525 eo

1973 3568 2256 3624 vocantur,
2291 3560 2356 3614 ad
2382 3560 2734 3616 dilferentiam
2764 3561 3110 3616 Judaicorum
3138 3564 3525 3632 apostolorum.

1974 3650 2094 3705 Illos
2137 3651 2299 3720 igitur
2326 3652 2588 3707 bonorum
2632 3654 2848 3709 nuntios
2902 3654 2982 3709 sic
3027 3653 3364 3725 alloquitur:
3402 3655 3531 3721 Vos,

1972 3744 2171 3798 Christi
2196 3743 2465 3814 discipuli,
2490 3745 2580 3807 ite,
2612 3747 3063 3814 quemadmodum
3090 3747 3203 3815 ipse
3229 3746 3378 3801 vobis
3404 3745 3531 3801 Ser—

1972 3844 2128 3888 vator
2154 3835 2430 3905 praecepit,
2466 3853 2484 3886 ι
2524 3833 2599 3890 Ite
2620 3835 2796 3905 potius
2818 3836 2883 3889 ad
2913 3839 3211 3905 oves,qu:e
3233 3837 3529 3905 perierunt,

1973 3926 2168 3979 domus
2200 3925 2363 3981 Israel
2389 3927 2469 3991 ⁸¹;
2520 3944 2539 3978 ›
2571 3936 2645 3989 et,
2676 3946 2692 3977 ι
2715 3927 2925 3995 Ειιιιιοε
2948 3928 3137 3982 docete
3171 3942 3358 3983 omnes
3391 3943 3525 3997 gen-

1975 4023 2053 4069 tes
2098 4016 2150 4070 in
2182 4019 2398 4071 nomine
2442 4033 2562 4073 meo
2590 4019 2656 4074 ⁸³.
2690 4037 2707 4070 ι
2760 4017 2964 4072 Euntes
2994 4028 3197 4082 autem,
3243 4022 3339 4085 ait,
3386 4020 3530 4073 leves

1970 4115 2143 4162 estote
2189 4117 2243 4162 et
2282 4109 2541 4177 expediti,
2590 4108 2912 4187 utwfaci’lius
2967 4110 3107 4162 viam
3152 4110 3525 4164 emetiamini:

1970 4196 2111 4264 quod
2144 4197 2306 4250 etiam
2337 4197 2445 4252 illis
2479 4197 2770 4271 mandabat
2803 4199 2886 4252 his
2920 4199 3123 4263 verbis,
3153 4218 3170 4250 ι
3203 4199 3346 4253 Nihil
3388 4200 3523 4255 tule-

1972 4286 2090 4341 ritis
2116 4288 2166 4341 in
2192 4288 2313 4354 via;
2346 4303 2413 4343 ne
2439 4289 2758 4358 possideatis
2794 4304 3007 4357 aurum,
3052 4305 3152 4345 nec
3201 4302 3485 4361 argentum
3511 4334 3527 4358 ,

1972 4393 2069 4433 nec
2101 4393 2174 4433 tes
2198 4380 2248 4433 in
2272 4380 2423 4434 zonis
2449 4380 2644 4435 vestris
2663 4380 2875 4444 ⁸³,ιοιο.
2905 4378 3065 4435 Jubet
3100 4390 3276 4436 autem
3310 4383 3529 4451 prolici-

1969 4470 2045 4524 sci
2072 4485 2167 4525 eos
2196 4471 2263 4526 ad
2300 4480 2517 4541 gentem
2575 4472 2859 4527 sublimem
2897 4483 2952 4527 et
2984 4474 3344 4544 peregrinam,
3380 4484 3436 4530 et
3463 4478 3530 4529 ad

1971 4561 2224 4630 populum
2256 4577 2496 4631 gravem.
2532 4561 2647 4617 Non
2679 4565 2822 4618 enim
2858 4566 2922 4616 ad
2958 4575 3116 4620 notos
3143 4564 3228 4619 vel
3274 4563 3532 4631 domesti-

292 4658 523 4714 Κελεύει
568 4659 625 4711 δὲ
663 4657 985 4730 πορεύεσθαι
1020 4658 1155 4730 πρὸς
1183 4657 1332 4720 ἔθνος
1365 4658 1632 4729 μετέωρον
1658 4658 1746 4711 καὶ
1781 4658 1866 4723 ξέ-

1973 4669 2062 4708 cos
2097 4655 2210 4707 sive
2247 4652 2445 4708 fratres
2471 4654 2842 4719 mittebantur,
2870 4650 2971 4710 ‘sed
2997 4657 3062 4709 ad
3090 4656 3351 4727 quosdam
3385 4671 3531 4726 pere~

292 4764 407 4811 νον,
429 4747 526 4799 καὶ
554 4744 688 4817 πρὸς
720 4744 845 4797 λαὸν
872 4744 1122 4815 χαλεπόν,
1156 4744 1230 4796 Οὐ
1265 4742 1371 4813 γάρ
1396 4744 1531 4813 πρὸς
1559 4743 1866 4813 γνωρίμους

1972 4745 2153 4814 grinos
2195 4747 2405 4816 ignotos
2441 4747 2586 4802 viros
2646 4758 2700 4801 et
2746 4749 3094 4820 alienigenas,
3150 4748 3292 4820 apud
3339 4765 3531 4809 omnes

365 4840 412 4872 ⁸⁸
439 4838 634 4893 Matth.
663 4854 717 4901 χ,
740 4837 794 4891 6.
869 4838 913 4869 ⁸³
942 4837 1131 4891 Matth.
1156 4852 1345 4900 xxvm,
1380 4836 1463 4891 l9.
1538 4836 1584 4867 ⁸³
1608 4834 1795 4889 Matth.
1818 4851 1872 4902 x,
1909 4834 1962 4890 9.

293 4934 536 4990 breviter
565 4931 841 4995 admonui,
876 4946 941 4985 ne
982 4931 1101 4999 quis
1147 4946 1244 4985 nos
1269 4939 1415 4998 putet
1438 4945 1503 4983 ex
1534 4930 1674 4984 illius
1702 4929 1857 4984 fonti-

294 5004 397 5059 bus
432 5012 708 5056 mutuasse
735 5017 854 5069 quae
883 5000 1146 5055 dicimus:
1174 5016 1293 5053 nam
1325 5009 1379 5053 et
1409 5002 1461 5053 in
1495 5002 1741 5068 prmsenti
1769 5016 1858 5054 ca-

292 5074 466 5144 pitulo
495 5072 783 5144 adversum
808 5069 1020 5144 Judaeos
1048 5069 1859 5144 etHierosolymam_dicitApro-

296 5139 541 5213 phetiam
572 5141 729 5208 dirigi
767 5156 781 5194 :
822 5142 985 5213 quod
1008 5141 1059 5194 in
1096 5139 1356 5213 principio
1385 5139 1506 5193 lidei
1534 5139 1857 5213 Christiana:

297 5209 366 5267 ad
394 5221 538 5267 totas
565 5223 755 5280 gentes
801 5210 1052 5280 epistolas
1093 5209 1367 5273 miserint,
1417 5224 1492 5280 ne,
1522 5209 1858 5280 susciperent

294 5278 605 5351 passionem
638 5278 855 5346 Christi,
883 5291 935 5333 et
962 5280 1204 5335 miserint
1235 5294 1402 5349 usque
1433 5279 1498 5333 ad
1527 5278 1854 5351 Ajlthiopiain

294 5348 353 5406 et
404 5351 796 5406 occidentalem
866 5350 1110 5420 plagam,
1173 5348 1452 5417 totumque
1507 5348 1858 5420 orbem'ejus

294 5419 1112 5490 blasphemiae.disseminatione
1145 5419 1547 5490 compleverint.
1583 5437 1603 5470 ι
1639 5419 1702 5490 Et
1733 5433 1860 5490 sane

297 5487 442 5559 quod
481 5492 557 5545 ait
588 5488 960 5561 Hieronymus
1002 5487 1289 5544 Eusebium
1340 5487 1710 5561 ἀλληγορικῶς
1744 5489 1858 5561 ple-

296 5560 833 5630 rumquegdictorum
880 5575 1096 5614 sensum
1143 5559 1508 5628 interpretari,
1546 5559 1754 5630 cuique
1783 5559 1861 5613 Ie-

297 5628 454 5753 genti
475 5628 649 5709 palam
684 5631 788 5683 erit
813 5645 825 5689 ;
855 5631 993 5697 quod
1023 5644 1150 5684 vero
1180 5630 1332 5694 dicit,
1364 5644 1423 5684 se
1464 5644 1567 5683 non
1596 5644 1669 5709 ex.
1689 5629 1857 5709 Euse-

339 5717 373 5753 ιι
405 5699 646 5753 fontibus
673 5707 961 5753 mutuasse.
1000 5698 1067 5753 de
1100 5708 1208 5752 toto
1239 5704 1627 5753 commentario
1656 5699 1856 5753 intelli-

339 5701 373 5753 ii
405 5698 646 5755 fontibus
673 5707 961 5763 mutuasse,
1000 5698 1067 5753 de
1100 5708 1208 5752 toto
1239 5704 1627 5754 commentario
1656 5699 1856 5754 intelli-

334 5784 432 5824 as:
465 5768 667 5839 etenim
698 5769 952 5839 pleraque
982 5769 1069 5822 ille
1110 5768 1284 5832 θίγοι-ι,
1310 5783 1428 5836 quae
1450 5770 1712 5824 Eusebius
1739 5768 1859 5821 nul-

319 5849 510 5896 atenus
552 5838 729 5902 attigit
770 5854 783 5897 :
831 5841 925 5896 scd
975 5848 1151 5895 tamen
1196 5838 1358 5893 multa
1407 5852 1471 5896 cx
1522 5838 1669 5897 hisce
1710 5854 1860 5896 com-

1961 4927 2277 4986 mentariis.
2313 4927 2479 4980 etiam
2525 4925 2808 4997 allegorice
2852 4928 2992 4982 dicta
3048 4928 3263 4991 hausit.
3299 4943 3525 4995 quorum

1960 5014 2220 5067 perquam
2260 4997 2533 5050 minimam
2578 5008 2783 5065 partem
2814 5038 2830 5063 ,
2872 5014 2968 5052 nos
3008 4999 3136 5052 hinc
3176 5007 3231 5051 et
3268 4999 3393 5051 inde
3430 5014 3527 5051 no-

1959 5079 2210 5122 ῑίινιιιιυε.

2050 5138 2139 5205 22)
2175 5135 2301 5191 Haec
2331 5136 2383 5189 in
2412 5135 2556 5190 hunc
2585 5136 2761 5193 locum
2812 5137 2870 5193 S.
2910 5136 3269 5205 Hieronymus
3316 5135 3480 5189 habet
3509 5177 3523 5200 ,

1965 5226 1982 5259 ι
2020 5205 2185 5270 LXX,
2222 5221 2317 5276 pro
2346 5221 2410 5261 eo
2431 5206 2570 5274 quod
2601 5224 2700 5262 nos
2728 5208 2961 5263 diximus
3004 5214 3403 5274 exspectantem,
3432 5222 3525 5259 ea:-

1962 5288 2298 5346 spectantem,
2325 5286 2379 5330 et
2406 5276 2459 5329 in
2494 5276 2758 5333 IIebraico
2790 5279 3047 5347 scriptum
3071 5286 3174 5339 est,
3206 5286 3522 5347 sperantem,

1967 5343 2298 5410 sperantem,
2347 5362 2377 5400 e
2423 5349 2696 5402 contrario
2755 5343 3087 5415 interpretati
3147 5353 3271 5399 sunt
3300 5343 3521 5399 ἀνέλπι-

1970 5435 2110 5478 στον,
2144 5418 2196 5470 id
2226 5427 2327 5480 est,
2359 5433 2462 5469 non
2485 5428 2798 5481 sperantem.
2833 5418 2897 5470 Et
2926 5418 2993 5470 ob
3022 5417 3160 5469 hanc
3185 5428 3402 5468 causam
3430 5418 3522 5470 de-

1967 5490 2162 5542 derunt
2186 5487 2527 5542 occasionem
2557 5488 2804 5551 Eusebio,
2828 5495 2887 5539 ut
2912 5486 3011 5538 hoc
3040 5486 3106 5539 de
3127 5484 3375 5554 gentibus
3409 5502 3523 5540 ma-

1966 5558 2069 5627 gis.
2099 5571 2218 5625 qua:
2246 5572 2341 5611 nec
2365 5572 2512 5625 spem
2541 5557 2792 5627 habeant.
2841 5570 2940 5609 nec
2969 5555 3375 5610 Testamentum
3404 5556 3522 5619 Dei,

1966 5626 2067 5696 nec
2098 5627 2408 5694 prophetas,
2456 5626 3199 5696 intelligendquputaverit;
3246 5640 3406 5696 quam
3459 5629 3525 5679 de

1965 5695 2163 5751 Judazis
2190 5714 2203 5749 :
2234 5698 2374 5764 quod
2398 5695 2464 5749 ab
2502 5696 2633 5764 ipsis
2664 5702 2842 5765 postea
2872 5695 3140 5757 Ecclesiae,
3171 5696 3374 5765 quaeuin
3405 5712 3522 5765 spe-

1966 5767 2085 5820 cula
2110 5762 2397 5821 constituta
2422 5762 2535 5830 est,
2553 5762 2695 5821 dona
2726 5764 2982 5824 mittenda
3008 5768 3136 5833 sint,
3161 5762 3214 5820 et
3241 5762 3527 5821 olIercuda:

1970 5836 2200 5893 victima:
2227 5835 2553 5904 spiritualcs.
2596 5864 2611 5905 λ
