3984 6512
463 412 571 469 ςιε

1133 406 1399 465 EUSEBII
1437 404 1904 465 CESARIENSIS
1938 411 2090 470 OPP.
2131 410 2311 468 PARS
2346 409 2435 466 Ill.
2474 439 2543 450 -—
2575 405 2982 464 EXEGETICA.

3596 408 3701 463 216

468 539 658 600 gentes
688 529 961 596 dispersos
994 538 1009 577 :
1042 522 1096 577 in
1142 523 1338 593 quibus
1370 537 1499 580 vere
1527 524 1786 581 sublimes
1818 525 2035 595 quidam

2145 529 2236 582 καὶ
2267 527 2402 601 πρὸς
2433 528 2667 591 οἰκείους
2694 527 2851 590 τινὰς
2883 525 2977 580 καλ⁵
3007 522 3266 595 ἀδελφοὺς·
3293 525 3702 591 ἀπεστέλλοντο,

467 632 644 690 erant,
670 623 721 677 in
754 620 897 675 nulla
942 617 1096 673 ﬁrma
1150 633 1208 673 re
1245 617 1632 680 consistentes,
1658 632 1721 672 ac
1749 629 2032 684 errantes,

466 714 559 777 qui
609 712 755 767 omni
805 710 1205 777 superstitionis
1261 719 1424 764 vento
1488 709 2031 765 circumferebantur.

468 806 629 857 Iidem
659 816 822 869 porro
852 817 983 872 gens
1014 803 1195 871 gravis
1224 812 1403 865 erant,
1438 802 1537 871 piae
1565 801 1845 871 religionis
1871 805 2036 856 verbo

468 893 650 945 ἰιιίιοειί
686 902 738 947 et
766 894 995 947 inimici.
1032 893 1140 948 llos
1193 902 1366 947 tamen
1400 901 1455 946 ut
1490 892 1687 946 adeam
1719 893 1893 946 nuntii
1942 906 2031 946 ve-

469 986 613 1039 lucEs
641 986 906 1055 praeripit,
940 1001 1003 1041 ac
1035 986 1139 1041 illis
1166 987 1486 1055 praedicent,
1527 996 1580 1041 et
1627 999 1803 1056 usque
1834 986 1901 1041 ad
1940 1001 2035 1041 ex-

469 1086 640 1130 trema
688 1084 846 1132 terra:
924 1079 1243 1146 pervadant.
1293 1079 1652 1146 Quamobrem
1713 1078 2033 1147 subiungit,

474 1186 493 1219 ι
532 1165 668 1233 Quis
694 1167 835 1223 ultra
862 1168 1054 1223 illum?
1091 1188 1110 1221 ι
1140 1170 1253 1223 sive
1296 1169 1590 1223 secundum
1623 1167 2029 1239 Symmachum,

474 1280 493 1313 ι
527 1260 658 1316 Post
690 1277 852 1331 quem
885 1278 992 1317 non
1021 1271 1106 1317 est
1133 1263 1295 1317 ultra.
1324 1282 1343 1315 ι
1367 1261 1490 1317 Ηειιο
1523 1271 1705 1316 autem
1755 1276 1885 1333 gens
1940 1276 2035 1331 pe-

467 1357 685 1427 regrina
710 1365 765 1411 et
798 1342 1066 1420 sublimis,
1116 1356 1235 1411 sine
1270 1370 1365 1425 spe
1398 1355 1664 1426 degebat;
1702 1354 1773 1409 ita
1805 1362 1866 1408 ut
1893 1353 2038 1408 dicat

466 1450 779 1521 Apostolus,
819 1469 838 1503 ι
864 1450 1091 1505 Eramus
1122 1450 1415 1520 aliquando
1442 1463 1594 1504 snem
1632 1463 1736 1505 non
1778 1448 2038 1505 habentes

466 1552 524 1597 et
554 1543 701 1598 athei
742 1543 796 1597 in
830 1542 1026 1597 mundo
1049 1544 1114 1598 εδ.
1145 1562 1164 1595 ι

2140 618 2273 671 ἀλλὰ
2320 618 2455 688 πρός
2494 634 2645 681 τινας
2682 615 3122 685 ἀπεξενωμένους
3157 615 3464 684 ἀγνώστους
3506 616 3705 687 ἄνδρας

2142 710 2235 762 καὶ
2262 709 2589 777 ἀλλογενεῖς,
2623 709 2746 771 τοὺς
2769 709 2825 761 ἐν
2849 708 2981 761 πᾶσι
3008 710 3119 770 τοῖς
3141 706 3314 761 ἔθνεσι
3333 725 3347 738 ’
3378 709 3435 761 ἐν
3459 702 3540 771 οἷς
3563 704 3706 779 ἦσαν

2147 804 2413 874 μετέωροι
2446 800 2681 871 ἀληθῶς,
2716 801 2807 853 ἐπὶ
2840 801 3004 872 μηδὲν
3032 800 3241 870 ἐδραίου
3284 802 3534 865 ἑστῶτες,
3562 802 3705 855 πλα-

2148 894 2373 965 νώμενοι
2414 894 2508 947 καὶ
2539 894 2954 965 περιφερόμενοι
2996 894 3157 947 παντὶ
3190 893 3373 964 ἀνέμῳ
3409 893 3511 963 τῆς
3540 892 3708 946 πολυ-

2146 986 2269 1039 θέου
2308 986 2534 1058 πλάνης.
2579 988 2639 1039 Οἱ
2669 986 2714 1038 δ’
2749 985 2899 1038 αὐτοὶ
2938 986 3032 1039 καὶ
3079 983 3310 1055 χαλεπὸν
3356 984 3505 1048 ἔθνος
3542 980 3707 1056 ἦσαν,

2142 1078 2351 1150 ἐχθρῶς
2378 1079 2471 1133 καὶ
2503 1078 2773 1157 πολεμίως
2793 1078 3116 1149 διακείμενοι
3137 1078 3273 1146 πρὸς
3293 1077 3383 1130 τὸν
3402 1077 3501 1147 τῆς
3523 1078 3678 1132 θεοσσ
3700 1106 3710 1117 ι

2142 1171 2291 1235 ϐείας
2319 1171 2494 1239 λόγον.
2524 1170 2711 1239 Ὅμως
2740 1169 2783 1221 δ’
2810 1164 2901 1222 οὖν
2937 1169 3071 1240 πρὸς
3093 1168 3313 1232 τούτους
3340 1170 3711 1240 παρακελεύε-

2142 1279 2231 1317 ται
2272 1262 2488 1315 ἀπιέναι
2530 1262 2654 1324 τοὺς
2686 1259 2946 1328 ἀγγέλους
2986 1259 3220 1328 κούφους
3246 1260 3338 1313 καὶ
3363 1259 3573 1324 τούτοις
3604 1279 3712 1332 κη-

2147 1355 2375 1427 ρύττειν,
2414 1353 2705 1407 διαϐαίνειν
2733 1352 2789 1405 δὲ
2838 1354 2929 1405 καὶ
2967 1352 3058 1404 ἐπὶ
3101 1351 3170 1405 τά
3202 1350 3411 1423 πέρατα
3453 1352 3551 1423 τῆς
3579 1353 3710 1423 γῆς,

2144 1447 2235 1500 Διὸ
2257 1446 2518 1515 ἐπιλέγει,
2542 1465 2559 1495 ι
2584 1445 2678 1509 Τίς
2701 1444 2861 1499 αὐτοῦ
2884 1444 3169 1505 ἐπέκεινα;
3194 1463 3213 1497 ι
3240 1445 3271 1515 ἢ
3295 1444 3436 1497 κατά
3456 1444 3546 1498 τὸν
3567 1445 3715 1517 Σύμ-

2149 1556 2339 1611 μαχον,
2380 1558 2398 1590 ι
2420 1538 2555 1593 Μεθ’
2584 1537 2642 1590 ὃν
2679 1538 2778 1590 οὐκ
2820 1536 2964 1589 ἔστιν
2998 1536 3270 1590 ἐπέκεινα.
3301 1556 3321 1589 ι
3356 1536 3525 1591 Τοῦτο
3561 1537 3618 1591 δέ
3650 1537 3715 1592 τὸ

467 1636 877 1709 ἁπεξενωμένον
920 1640 1014 1693 καὶ
1059 1640 1330 1712 μετέωρον
1378 1639 1551 1706 ἔθνος,
1624 1641 1718 1693 κοιλ⁵
1759 1638 2073 1693 ἀνέλπιστον
2109 1633 2201 1708 ἦν·
2267 1636 2342 1700 ὡς
2373 1636 2550 1705 λέγειν
2580 1635 2671 1687 τὸν
2711 1634 3063 1689 Ἀπόστολονο
3110 1652 3128 1684 ι
3162 1629 3342 1705 τΗμέν
3384 1653 3484 1689 που
3519 1634 3715 1689 ἐλπίδα

462 1730 547 1803 μὴ
579 1729 810 1800 ἔχοντες,
842 1732 936 1785 καὶ
969 1732 1115 1786 ἄθεοι
1147 1736 1205 1786 ἐν
1232 1733 1309 1804 τῷ
1337 1733 1546 1805 κόσμῳ.
1568 1754 1587 1785 ι

543 1826 707 1881 VERS.
743 1827 795 1880 3.
832 1845 849 1877 ι
898 1826 1047 1883 Nune
1080 1828 1300 1883 ﬂumina
1329 1840 1491 1884 terra:
1539 1830 1721 1884 omnia
1764 1840 2039 1900 tamquam

2218 1843 2235 1873 σ
2265 1823 2380 1877 Νῦν
2410 1824 2460 1876 οἱ
2492 1821 2721 1893 ποταμοὶ
2753 1821 2849 1892 τῆς
2880 1821 2983 1892 γῆς
3012 1820 3211 1883 πάντες
3241 1819 3316 1883 ώς
3344 1819 3494 1891 χώρα
3524 1836 3714 1873 κατοι-

467 1920 615 1987 regio
648 1920 890 1973 habitata
920 1938 933 1974 :
971 1921 1309 1976 habitabitur
1332 1921 1481 1991 regio
1509 1936 1717 1976 eorum.
1761 1942 1780 1975 ι
1816 1924 2040 1978 Videtur

466 2010 599 2064 mihi
623 2010 991 2077 subindicare,
1038 2011 1348 2068 ﬂuminibus
1371 2013 1611 2083 quidem,
1643 2015 2037 2070 multitudinem

466 2102 709 2170 gentium
734 2118 852 2171 qua:
876 2103 1041 2157 Deum
1067 2105 1361 2173 cognitum:
1382 2113 1508 2159 sunt
1534 2121 1548 2169 ;
1581 2107 1889 2176 regionibus
1914 2123 2040 2163 vero

466 2206 679 2257 earum,
724 2194 984 2249 ecclesias
1039 2214 1053 2249 :
1108 2196 1557 2263 quemadmodum
1609 2198 1752 2251 enim
1796 2201 2041 2265 superius

467 2282 721 2340 ﬂuetibus
782 2287 986 2349 maris,
1038 2286 1405 2356 ﬂuctibusque
1449 2289 1700 2353 turbatis,
1745 2290 2038 2345 inﬂdelium

468 2375 708 2445 gentium
735 2358 919 2430 turbas
941 2376 1308 2445 comparavit;
1343 2377 1421 2431 sic
1452 2386 1505 2430 et
1542 2392 1683 2433 nunc
1714 2377 1889 2433 ﬂuviis
1918 2380 2039 2433 dul-

468 2464 626 2521 cibus
663 2466 981 2537 placideque
1013 2467 1382 2531 manantibus,
1410 2468 1611 2523 Christi
1644 2470 1865 2539 pepulos
1889 2472 2041 2525 simi-

467 2556 549 2613 les
607 2558 711 2623 ait;
773 2574 869 2627 per
899 2560 1171 2629 regionem
1211 2570 1392 2615 autem
1453 2576 1663 2627 eorum,
1701 2562 1903 2618 indicat
1941 2563 2043 2618 Ee-

469 2650 714 2707 clesiam.
742 2651 883 2708 Olim
909 2667 1037 2723 ergo
1067 2653 1254 2708 istbrec
1280 2653 1499 2708 ﬂumina
1535 2653 1837 2711 inhabitata
1862 2667 2039 2722 erant,

470 2753 526 2799 et
548 2758 577 2799 a
604 2744 712 2800 Deo
746 2747 923 2801 aliena
948 2763 963 2809 ;
993 2762 1055 2800 ac
1088 2749 1238 2817 regio
1259 2764 1444 2803 eorum
1470 2752 1555 2820 pia
1581 2752 1841 2822 religione
1872 2767 2039 2807 vacua

472 2844 526 2891 et
552 2838 763 2891 deserta
794 2854 808 2901 ;
832 2836 941 2905 jam
969 2852 1098 2892 vero
1132 2854 1230 2909 per
1260 2850 1527 2907 nostram,
1560 2844 1752 2913 inquit,
1784 2844 2043 2914 pradica-

470 2926 699 2992 tionem,
732 2938 1024 2981 memorata
1063 2926 1281 2983 ﬂumina
1310 2932 1538 3001 etregio
1559 2948 1768 3000 eorum,
1810 2934 1863 2988 in
1891 2934 2042 2989 habi-

470 3027 640 3073 tatam
674 3027 872 3075 terram
904 3034 1055 3074 versa
1086 3030 1233 3076 sunt.
1276 3022 1329 3076 Id
1361 3037 1525 3091 porro
1574 3026 1887 3094 procurabit
1939 3027 2043 3083 illis

469 3108 673 3165 Christi
707 3110 964 3181 signum:
995 3130 1013 3162 ι
1069 3109 1247 3168 Veluti
1298 3114 1509 3185 signum
1558 3133 1587 3171 a
1638 3127 1821 3173 monte
1864 3118 2042 3175 eleva-

470 3202 636 3256 bilur.
674 3220 694 3254 ι

552 3290 710 3346 Vitas.
736 3292 790 3346 4.
825 3310 843 3344 ι
873 3293 1151 3363 Tanquam
1206 3295 1453 3353 buccinat
1475 3314 1576 3354 vox
1600 3300 1885 3357 audietur:
1920 3304 2044 3373 quia

472 3381 550 3438 sic
582 3383 721 3439 dixit
763 3384 1025 3442 Dominus
1073 3388 1205 3441 mihi
1233 3404 1248 3442 :
1280 3388 1555 3446 Securitas
1600 3394 1705 3448 erit
1737 3394 1789 3448 in
1821 3410 1936 3449 mea
1969 3397 2047 3451 ci-

469 3475 660 3530 vitate.
694 3495 715 3529 ι
752 3476 1015 3533 Praedicta
1074 3482 1226 3551 regio
1272 3497 1389 3536 mea
1438 3481 1651 3539 Domini
1711 3485 1900 3542 civitas
1925 3498 2044 3543 est:

472 3577 643 3634 quare
678 3567 949 3621 securitas
982 3569 1034 3621 in
1069 3583 1133 3623 ea
1163 3570 1289 3633 erit,
1345 3579 1533 3641 utpote
1563 3572 1903 3628 custodiEnte
1938 3592 2042 3639 me,

473 3664 529 3711 et
558 3657 797 3726 undique
822 3657 967 3713 illam
997 3668 1239 3727 tutante;
1268 3661 1342 3715 ita
1378 3660 1575 3731 utjure
1598 3663 1664 3717 de
1692 3663 1779 3718 illa
1812 3665 2044 3733 dicatur,

478 3765 499 3801 ι
519 3746 769 3804 Gloriosa
791 3750 931 3804 dicta
955 3760 1081 3805 sunt
1112 3753 1179 3806 de
1203 3762 1274 3816 te,
1299 3752 1489 3809 civitas
1520 3754 1609 3808 Dei
1634 3755 1678 3786 ⁸⁸
1706 3774 1720 3822 ;
1749 3742 1767 3807 ὁ
1792 3766 1844 3810 et
1873 3776 1891 3807 ι
1917 3756 2046 3810 Ριυ.

475 3840 641 3895 minis
682 3840 915 3911 impetus
967 3841 1246 3899 ltetilicant
1291 3846 1569 3901 civitatem
1603 3848 1715 3902 Dei.
1752 3846 1928 3903 Veluti
1955 3850 2047 3903 lux

473 3942 639 3987 aestus
676 3934 985 3999 meridiani,
1016 3944 1072 3989 et
1107 3945 1168 3991 ut
1201 3938 1374 3993 nubes
1408 3940 1547 3994 roris
1578 3939 1681 3994 diei
1716 3941 1906 3995 messis
1939 3940 2039 3993 ⁸⁸.»

476 4022 556 4075 Ah
584 4021 889 4090 huiusmodi
914 4024 1056 4089 luce,
1083 4041 1204 4095 qua:
1230 4028 1386 4096 quasi
1428 4039 1591 4085 :estus
1632 4032 1963 4085 meridianus
1988 4030 2040 4084 in

472 4112 695 4169 civitate
722 4130 838 4171 mea
876 4116 1187 4187 eﬂ'unditur,
1232 4120 1383 4187 nihil,
1428 4122 1619 4191 inquit,
1674 4122 1878 4177 civitati
1916 4137 2047 4176 mea:

474 4206 659 4260 damni
690 4207 947 4273 infertur,
980 4224 1157 4281 neque
1182 4211 1334 4267 dolor
1366 4213 1433 4268 iis
1467 4214 1560 4284 qui
1595 4213 1901 4283 huiusmodi
1929 4213 2047 4269 luce

473 4296 894 4365 perfunduntur.
913 4300 1026 4356 Lux
1052 4305 1215 4373 igitur
1236 4305 1342 4368 illa,
1367 4316 1449 4361 est
1472 4306 1642 4375 ipsum
1668 4308 1758 4362 Dei
1787 4307 2042 4376 Verbum,

473 4393 615 4459 quod
640 4392 936 4449 Ecclesiatu
965 4396 1082 4468 ejus
1109 4415 1323 4467 semper
1347 4400 1646 4469 illuminat;
1678 4403 1845 4457 nubes
1866 4414 2043 4457 autem

475 4488 639 4550 roris,
669 4487 905 4558 Spiritus
926 4502 1169 4559 sanctus,
1188 4494 1278 4561 qui
1302 4509 1608 4563 supremam
1634 4496 1893 4565 unigeniti
1919 4494 2042 4548 Filii

473 4575 568 4633 Dei
617 4579 961 4652 theologiam,
999 4584 1088 4650 iis,
1144 4588 1235 4655 qui
1268 4601 1388 4641 eam
1439 4601 1636 4656 capere
1690 4601 1795 4639 non
1824 4585 2043 4653 valent,

475 4672 799 4727 adumbrate
840 4675 1029 4743 tradit,
1067 4686 1124 4731 ut
1164 4689 1580 4748 attemperatum
1618 4677 1893 4747 quidpiam
1927 4676 2043 4732 eﬂi-

472 4763 668 4826 ciatur,
684 4762 847 4818 altam
868 4775 921 4819 et
944 4780 1209 4822 summam
1232 4769 1298 4824 de
1312 4769 1529 4823 Christo
1550 4767 1874 4837 theologiam
1902 4782 2045 4822 com-

474 4851 752 4921 plectens;
783 4855 943 4924 idque
968 4872 1033 4911 ex
1061 4873 1283 4913 accessu
1332 4858 1609 4925 cujusdam
1661 4858 1817 4911 nubis
1868 4859 2039 4914 sancti

474 4944 729 5013 Spiritus.
761 4946 887 5003 llaec
924 4964 1088 5018 porro
1118 4959 1242 5004 ante
1273 4964 1501 5004 messem
1543 4949 1721 5003 futura
1757 4950 2040 5017 praedicit:

475 5037 577 5094 ltac
622 5039 833 5094 ratione
873 5040 1078 5096 fructus
1110 5043 1161 5095 in
1196 5041 1434 5097 Ecclesia
1465 5042 1554 5095 Dei
1589 5041 1911 5111 pullulantes
1966 5043 2043 5098 si-

473 5132 764 5200 gniﬁcans,
799 5135 887 5203 qui
928 5136 1103 5189 instar
1131 5136 1403 5204 spicarum
1428 5134 1775 5189 elllorescunt
1802 5154 1814 5188 :
1851 5151 1955 5203 qua
1980 5136 2043 5188 de

470 5241 528 5277 re
558 5227 808 5295 superius
844 5228 889 5258 ⁸⁷
924 5229 1037 5282 haec
1066 5228 1401 5291 declarabat,
1443 5248 1461 5280 ι
1500 5228 1567 5283 Et
1595 5229 1923 5283 lmtahuntur
1953 5244 2044 5283 co-

470 5332 586 5379 ram
626 5328 697 5384 te,
724 5318 865 5373 sicut
905 5318 997 5387 qui
1034 5319 1285 5372 limantur
1321 5319 1373 5372 in
1405 5334 1599 5374 inesse.
1641 5338 1659 5371 ι
1694 5319 1760 5373 Ει
1794 5317 2044 5372 Salvator

467 5407 720 5462 similiter
759 5424 883 5464 cum
943 5408 1169 5471 diceret,
1206 5426 1224 5458 ι
1254 5407 1456 5463 Levate
1502 5410 1689 5464 oculos
1730 5420 1956 5475 vestros,
1987 5418 2042 5463 et

467 5500 645 5555 videte
672 5515 854 5571 agros,
884 5502 1141 5570 quoniam
1204 5499 1309 5555 albi
1360 5511 1487 5555 sunt
1538 5504 1605 5556 ad
1657 5518 1885 5557 messem
1912 5502 1975 5554 ⁸⁸.
2014 5521 2033 5553 ι

465 5590 585 5647 Erit
614 5592 797 5661 itaque
846 5592 937 5647 lux
968 5592 1268 5648 divinitatis
1319 5590 1507 5658 Verbi,
1544 5593 1597 5648 in
1643 5595 1761 5665 ejus
1795 5594 2036 5659 civitate,

464 5696 573 5738 non
604 5692 904 5753 temperata
930 5683 1081 5753 quasi
1107 5683 1294 5754 vigens
1315 5692 1372 5737 et
1397 5684 1730 5754 meridiana;
1761 5687 1885 5759 quia
1911 5701 2038 5741 vero

2143 1915 2409 1986 κουμένη’
2446 1911 2919 1984 κατοικισθήσεται
2952 1914 2995 1982 δή
3032 1910 3185 1982 χώρα
3226 1910 3423 1964 αὐτῶν.
3458 1930 3477 1961 ι
3533 1910 3717 1963 Αίνίτ-

2139 2007 2326 2061 τεσθαι
2378 2007 2435 2060 δὲ
2468 1986 2555 2059 διά
2599 2004 2804 2059 τούτων
2859 2022 2946 2075 μοι
2978 2004 3121 2057 δοκεῖ
3171 2004 3447 2073 ποταμοὺς
3501 2002 3599 2072 μὲν
3644 2002 3717 2056 τὰ

2141 2098 2320 2170 πλήθη
2345 2098 2450 2153 τῶν
2474 2098 2564 2150 τὸν
2594 2096 2725 2149 Θεὸν
2758 2095 3203 2165 ἐπιγνωσομένων
3230 2094 3373 2147 λαῶν
3393 2110 3405 2123 ·
3438 2091 3621 2164 χώρας
3654 2091 3718 2146 δὲ

2147 2188 2327 2242 αὐτῶν
2383 2189 2482 2252 τὰς
2532 2186 2849 2257 ἐκκλησίας·
2899 2186 2973 2249 ὼς
3055 2185 3161 2256 γὰρ
3204 2186 3457 2257 ἀνωτέρω
3506 2183 3718 2255 κύμασι

2142 2282 2439 2351 θαλάσσης,
2470 2280 2563 2333 καὶ¹
2591 2280 2797 2351 κύμασι
2829 2278 3258 2349 τεταραγμένοις
3291 2278 3360 2331 τὰ
3389 2277 3565 2349 πλήθη
3604 2277 3719 2330 τῶν

2141 2375 2384 2428 ἀπίστων
2430 2372 2598 2427 ἐθνῶν
2639 2371 2961 2444 παρέϐαλεν,
2996 2371 3137 2424 οὓτω
3167 2371 3259 2423 νῦν
3294 2373 3556 2442 ποταμοῖς
3585 2369 3719 2438 γλυ-

2141 2468 2263 2520 κέσι
2305 2468 2397 2520 καὶ
2440 2464 2713 2529 εὐσταθῶς
2755 2463 3090 2535 κινουμένοις
3132 2466 3255 2527 τοὺς
3288 2461 3522 2535 Χριστοῦ
3549 2462 3719 2526 λαούς

2141 2564 2413 2633 ἀφομοιοῖ,
2464 2560 2646 2633 χώραν
2694 2560 2870 2614 αὐτῶν
2925 2558 3168 2631 δηλώσας
3207 2560 3307 2631 τὴν
3362 2556 3716 2629 Ἐκκλησίαν.

2142 2656 2316 2710 Πάλαι
2364 2656 2460 2726 μὲν
2503 2650 2593 2708 οῦν
2631 2650 2771 2725 ἦσαν
2803 2655 2851 2706 οἱ
2885 2652 3117 2723 ποταμοὶ
3146 2646 3289 2705 οὗτοι
3322 2649 3583 2719 ἀοίκητοι,
3620 2650 3721 2703 καὶ

2143 2748 2409 2821 ἀλλότριοι
2437 2746 2593 2811 Θεοῦ,
2616 2746 2651 2817 ἥ
2678 2763 2735 2799 τε
2763 2744 2916 2816 χώρα
2938 2743 3115 2797 αὐτῶν
3143 2742 3346 2815 ἕρημος
3372 2740 3715 2805 θεοσεϐείας*

2144 2841 2259 2893 νυνὶ
2301 2840 2357 2893 δὲ
2410 2840 2499 2893 διὰ
2556 2838 2649 2892 τοῦ
2694 2837 2983 2909 ἡμετέρου,
3035 2837 3194 2906 φησὶ,
3244 2833 3616 2906 κηρύγματος,
3665 2833 3719 2885 οἱ

2142 2934 2469 3007 δηλωθέντες
2503 2932 2734 3003 ποταμοὶ
2766 2931 2859 2983 καὶ
2888 2931 2919 2999 ή
2955 2926 3107 3000 χώρα
3140 2928 3316 2981 αὐτῶν
3356 2929 3434 2990 εἰς
3465 2924 3719 2995 οἰκουμέι-

2145 3046 2242 3100 νην
2270 3025 2403 3079 ἐστί.
2431 3023 2758 3098 Προξενήσει
2786 3022 2842 3075 δὲ
2874 3021 3030 3075 τοῦτο
3059 3020 3240 3083 αὐτοῖς
3261 3020 3321 3073 τὸ
3354 3018 3446 3073 τοῦ
3477 3016 3721 3091 Χριστοῦ

2148 3120 2398 3190 σημεῖονο
2436 3135 2454 3169 ι
2489 3116 2634 3169 Ὠσεὶ
2663 3116 2884 3185 σημεῖον
2913 3112 3021 3167 ἀπὸ
3058 3112 3217 3184 ὄρους
3253 3110 3412 3182 ἀρθῇ.
3444 3130 3463 3163 ι

2221 3316 2240 3348 ι
2279 3297 2365 3359 Ὠς
2400 3294 2695 3363 σάλπιγγος
2748 3292 2898 3365 φωνὴ
2949 3292 3206 3347 ἀκουστὸν
3239 3291 3423 3345 ἔσται’
3460 3291 3592 3345 διότι
3624 3291 3723 3345 οῦ-

2145 3406 2253 3453 τως
2290 3385 2409 3442 εἷπε
2455 3386 2658 3457 Κύριός
2701 3402 2819 3455 μοι·
2864 3385 3156 3455 ’Λσφάλεια
3200 3384 3350 3437 ἔσται
3390 3385 3447 3436 ἐν
3486 3385 3552 3455 τῇ
3606 3384 3717 3455 ἐμῇ

2146 3482 2316 3534 πόλει.
2342 3500 2360 3531 ι
2419 3481 2483 3532 'II
2525 3479 2581 3532 δέ
2626 3477 2978 3550 προλεχθεῖσα
3021 3478 3172 3550 χώρα
3224 3477 3328 3549 ἐμὴ
3376 3476 3468 3529 τοῦ
3512 3477 3718 3547 Κυρίου

2147 3573 2262 3626 ἐστὶ
2288 3572 2469 3634 πόλις·
2508 3571 2587 3623 διὸ
2617 3570 2883 3639 ἀσφάλεια
2918 3570 3069 3624 ἔσται
3100 3572 3156 3622 ὲν
3190 3571 3345 3641 αὐτῇ,
3375 3569 3451 3633 ὡς
3487 3567 3552 3622 ἀν
3580 3568 3716 3639 ἐμοῦ

2146 3664 2500 3733 φυλάττοντος
2538 3665 2628 3716 καὶ
2676 3662 3005 3733 πανταχόθεν
3040 3662 3208 3733 αὐτὴν
3250 3661 3715 3733 ἀσφαλιζομένου⁶

2146 3756 2285 3809 ὥστε
2317 3757 2538 3821 εἰκότως
2596 3755 2722 3827 περὶ
2767 3755 2937 3825 αὐτῆς
2979 3753 3261 3822 λέγεσθαι·
3301 3753 3719 3825 «Δεδοξασμένα

2146 3847 2377 3919 ἐλαλήθη
2414 3848 2540 3919 περὶ
2574 3846 2689 3912 σοῦ,
2724 3849 2757 3919 ἡ
2814 3846 2965 3910 πόλις
3012 3846 3106 3899 τοῦ
3152 3844 3308 3910 Θεοῦ,
3343 3865 3360 3896 ι
3397 3847 3519 3899 καῖ’
3564 3865 3580 3897 ι
3607 3844 3717 3898 Τοῦ

2147 3940 2391 4009 ποταμοῦ
2438 3940 2507 3993 τὰ
2551 3940 2849 4010 ὁρμήματα
2891 3939 3239 4009 εὐφραίνουσι
3276 3939 3376 4011 τὴν
3415 3938 3569 3991 πόλιν
3620 3938 3718 3992 τοῦ

2146 4029 2301 4084 Θεοῦ.
2336 4029 2423 4092 Ὠς
2452 4029 2566 4098 φῶς
2598 4029 2873 4100 καύματος
2903 4030 3265 4101 μεσημϐρίας,
3288 4030 3379 4082 καὶ
3412 4030 3487 4093 ὡς
3517 4028 3717 4101 νεφέλη

2145 4121 2334 4193 δρόσου
2394 4122 2605 4195 ἡμέρας
2656 4122 2885 4192 ἀμητοῦ.
2914 4142 2931 4174 ι
2984 4122 3237 4176 Τοιούτου
3290 4122 3346 4176 δὲ
3397 4121 3573 4192 φωτὸς
3619 4120 3718 4176 καὶ

2146 4212 2333 4287 ὥσπερ
2366 4216 2643 4284 καύματος
2693 4213 3062 4285 μεσημϐρινοῦ
3093 4214 3383 4284 γενομένου
3419 4214 3474 4266 ἐν
3508 4216 3572 4284 τῇ
3606 4214 3718 4285 ἐμῇ

2147 4307 2319 4373 πόλει,
2366 4308 2465 4360 οὐκ
2512 4307 2645 4371 ἔστι,
2692 4307 2845 4379 φησὶ,
2898 4306 3088 4379 βλάϐη,
3124 4306 3241 4359 οὐδέ
3279 4305 3422 4377 λύπη
3468 4308 3576 4370 τοῖς
3612 4305 3718 4359 ὑπὸ

2143 4399 2370 4470 τοιούτῳ
2403 4400 2539 4469 φωτὶ
2574 4398 3085 4470 καταυγαζομένοις.
3134 4397 3253 4461 Φῶς
3290 4398 3386 4468 μὲν
3427 4393 3517 4450 οὖν
3558 4396 3717 4460 αὐτός

2149 4493 2295 4545 ἐστιν
2323 4495 2351 4545 ὁ
2377 4490 2468 4545 τοῦ
2498 4490 2630 4544 Θεοῦ
2662 4491 2851 4560 Λόγος,
2880 4493 2908 4544 ό
2935 4490 3031 4562 τὴν
3058 4490 3381 4561 Ἐκκλησίαν
3406 4488 3568 4542 αὐτοῦ
3597 4488 3717 4541 δια-ρ

2151 4582 2351 4646 παντὸς
2396 4583 2676 4651 φωτίζων·
2728 4582 2922 4651 νεφέλη
2960 4581 3015 4634 δὲ
3064 4581 3253 4653 δρόσου
3298 4581 3358 4634 τὸ
3401 4580 3622 4651 Πνεῦμα
3655 4580 3717 4633 τὸ

2152 4674 2326 4744 ἅγιον,
2362 4674 2423 4727 τὸ
2455 4673 2552 4745 τὴν
2595 4673 2767 4745 ἄκραν
2785 4673 3059 4742 θεολογίαν
3103 4673 3196 4725 τοῦ
3236 4672 3555 4743 μονογενοῦς
3585 4672 3716 4725 Υίοῦ

2142 4768 2235 4820 τοῦ
2265 4766 2400 4819 Θεοῦ
2427 4770 2535 4831 τοῖς
2560 4765 2632 4837 μὴ
2668 4766 2801 4830 οἵοις
2831 4785 2887 4819 τε
2926 4768 3096 4839 αὐτὴν
3141 4769 3335 4836 χωρεῖν
3379 4763 3717 4833 ἐπισκιάζον,

2142 4859 2217 4921 ώς
2251 4859 2588 4931 κεκραμένον
2620 4859 2995 4914 ἀποτελεῖσθαί
3036 4876 3088 4911 τι
3123 4858 3253 4911 πολὺ
3288 4858 3380 4912 καὶ
3420 4858 3719 4930 ἀκρότατον

2139 4955 2236 5021 τῆς
2266 4952 2391 5024 περὶ
2417 4951 2650 5025 Χριστοῦ
2686 4952 2977 5020 θεολογίας,
2995 4951 3079 5005 διὰ
3109 4952 3205 5021 τὴν
3237 4949 3329 5003 τοῦ
3361 4952 3515 5018 ἀγίου
3550 4950 3717 5003 Πνεῦ-

2150 5060 2316 5112 ματος
2374 5043 2611 5116 ὡσπερεί
2644 5060 2787 5106 τινος
2810 5042 3034 5112 νεφέλης
3059 5042 3387 5113 ὑποδρομὴν.
3416 5042 3524 5094 Καὶ
3545 5041 3719 5095 ταῦτα

2144 5134 2363 5190 ἔσεσθαί
2406 5152 2537 5206 φησι
2572 5136 2678 5207 πρὸ
2710 5134 2802 5187 τοῦ
2849 5133 3143 5203 θερισμοῦο
3181 5132 3365 5186 τοῦτον
3408 5131 3581 5203 δηλῶν
3624 5132 3719 5185 τὸν

2145 5230 2345 5299 τρόπον
2384 5229 2483 5290 τὰς
2516 5230 2573 5281 ἐν
2608 5231 2725 5290 ταῖς
2783 5226 3097 5296 ἐκκλησίαις
3136 5225 3226 5279 τοῦ
3263 5225 3396 5280 Θεοῦ
3439 5240 3719 5296 καρποφο-

2146 5319 2287 5389 ρίας,
2318 5319 2470 5389 δίκην
2506 5318 2748 5389 σταχύων
2781 5317 3071 5381 ἀνθούσας·
3108 5319 3233 5389 περὶ
3262 5312 3323 5373 οὗ
3349 5318 3436 5370 καὶ
3462 5317 3720 5387 ἀνωτέρω

2143 5411 2330 5481 ἐδήλου
2360 5410 2531 5478 λέγων
2552 5427 2563 5440 ’
2590 5430 2607 5461 ι
2643 5408 2745 5462 Καὶ
2777 5409 3231 5480 εὐφρανθήσονται
3252 5408 3477 5463 ἐνώπιόν
3508 5425 3623 5471 σου,
3641 5408 3718 5471 ὡς

2141 5503 2189 5555 οι
2218 5502 2628 5573 εὐφραινόμενοι
2679 5504 2737 5553 ἐν
2785 5499 2999 5572 ἀμητῷ.
3034 5520 3053 5553 ι
3104 5502 3213 5555 Καὶ
3245 5504 3272 5555 ὁ
3302 5502 3491 5572 Σωτὴρ
3516 5500 3718 5571 ὁμοίως

2140 5593 2205 5646 δι’
2230 5586 2304 5646 ὧν
2332 5591 2515 5661 ἔλεγεν
2540 5609 2551 5621 ·
2588 5611 2606 5643 ι
2645 5592 2913 5664 Ἑπάρατε
2936 5593 3060 5657 τοὺς
3088 5592 3398 5664 ὀφθαλμοὺς
3427 5592 3600 5663 ὐμῶν,
3622 5592 3719 5645 καὶ

2144 5684 2280 5737 ἴδετε
2328 5682 2425 5747 τὰς
2459 5680 2661 5753 χώρας,
2706 5683 2787 5736 ὅτι
2828 5682 3011 5736 λευκαί
3066 5685 3170 5736 εἰσι
3219 5681 3355 5753 πρὸς
3387 5682 3666 5757 θερισμόν,
3694 5688 3787 5749 »διά

536 5862 798 5933 "Ephes.
828 5878 888 5931 tt,
920 5862 1037 5939 l2,
1079 5863 1121 5897 "
1154 5862 1293 5922 Psal.
1326 5880 1547 5935 Lxxxv't,
1570 5867 1621 5925 3.
1700 5869 1744 5904 ⁸⁸
1774 5868 1912 5927 Psal.
1952 5884 2074 5938 ην,
2098 5868 2151 5925 5.
2218 5868 2269 5948 -δτ
2300 5867 2429 5936 Cap.
2457 5881 2533 5936 ix,
2558 5881 2696 5924 vers.
2722 5866 2775 5923 3.
2845 5867 2889 5900 ⁸⁸
2929 5864 3081 5921 Joan.
3114 5883 3181 5930 tv,
3237 5867 3323 5922 35.
