3984 6514
235 420 359 477 217

1193 430 1695 490 COMMENTARIA
1731 431 1798 486 IN
1839 421 2093 489 ISAIAM‘.
2130 466 2192 477 -.
2230 434 2385 490 CAP.
2425 434 2615 493 xvm.

3367 442 3472 500 218

242 540 445 592 Ἔσται
496 539 676 593 τοίνυν
707 541 765 594 τὸ
800 543 896 611 μὲν
927 561 1038 612 φως
1086 546 1185 616 τῆς
1227 548 1477 617 θεότητος
1521 546 1614 600 τοῦ
1646 549 1795 615 Λόγοι

1920 548 1987 602 ab
2012 550 2319 603 hominibus
2352 551 2467 619 capi
2499 550 2706 619 nequit,
2748 550 3090 607 intercedens
3116 552 3288 608 media
3324 569 3472 624 quae-

233 632 483 701 ᾰκρατον
515 632 702 705 ὥσπερ
747 636 977 705 ἀκμαῖον
1012 640 1104 692 καὶ
1139 626 1501 713 μεσημϐρινὸν
1532 643 1589 693 ἐν
1623 644 1689 712 τῇ
1720 642 1813 693 αὐ-

230 722 341 773 τοῦ
368 722 519 775 πόλει
538 740 551 753 ’
585 723 671 777 διά
697 725 753 777 δὲ
783 726 844 778 τὸ
876 728 949 798 μὴ
982 731 1290 802 χωρηθῆναι
1318 733 1447 787 αὐτὸ
1475 733 1578 785 ὑπὸ
1605 732 1812 804 ἀνθρὼ-

230 829 382 878 πων,
418 814 558 886 μέση
588 814 867 871 διελθοῦσα
895 819 928 889 ἡ
956 820 1147 892 νεφέλη
1174 823 1266 875 τοῦ
1300 824 1453 891 ἁγίου
1476 822 1811 892 Πνεύματος,

228 904 437 975 δρόσου
486 905 754 976 ἔμπλεως,
800 911 1104 966 ἐπισκιάσει
1154 913 1250 985 τὴν
1289 913 1457 985 αὐτὴν
1505 913 1810 977 πόλιν,ϊνα,

228 996 317 1058 ὡς
345 999 407 1051 ὲν
436 998 671 1070 ἡμέραις
698 1002 1062 1071 ἁμητοῦ,ταῖς
1094 1005 1199 1076 πρὸ
1220 1005 1313 1058 τοῦ
1349 1005 1627 1077 θερισμοῦ,
1650 992 1813 1057 καὶτὸ

230 1086 361 1154 φῶς
398 1089 654 1162 ἐκλάμπῃ
690 1094 781 1144 καὶ
807 1096 839 1164 ή
874 1096 1066 1164 νεφέλη
1097 1098 1383 1169 ἐπισκιάζει]
1412 1099 1598 1175 αὐτήν.

317 1196 337 1229 ι
372 1180 568 1233 Ἔσται
604 1183 709 1253 πρὸ
738 1184 830 1236 τοῦ
873 1185 1153 1257 θερισμοῦ,
1184 1189 1309 1241 ὅταν
1355 1188 1676 1259 συντελεσθῇ
1719 1189 1811 1242 ἄν·

231 1267 356 1329 θος,
400 1271 494 1323 καὶ
536 1271 716 1341 ὅμφαξ
763 1274 1030 1349 ἐξανθήσῃ
1076 1278 1233 1343 ἄνθος
1275 1280 1679 1351 όμφακίζουσα·
1716 1281 1811 1334 καὶ

229 1362 436 1428 ἀφελεῖ
462 1362 531 1416 τὰ
561 1363 812 1435 βοτρύδια
834 1368 903 1420 τὰ
941 1370 1110 1441 μικρά
1132 1374 1243 1435 τοῖς
1264 1372 1567 1443 δρεπάνοις,
1600 1372 1811 1436 καὶτὰς

234 1453 584 1524 κληματίδας
613 1458 816 1526 ἀφελεῖ,
851 1461 943 1513 καὶ⁵
982 1463 1521 1535 ἀποκόψει.ι”Ωσπερ
1545 1463 1672 1534 γάρ,
1704 1480 1808 1533 φη-

233 1547 347 1607 σὶν,
380 1550 441 1600 ἐν
468 1551 588 1611 ταῖς
618 1550 897 1620 ἀμπέλοις,
930 1554 1146 1607 ἐπειδάν
1192 1554 1439 1624 ὄμφακες
1474 1549 1604 1608 ὦσιν
1644 1555 1811 1624 οἱιβό-

225 1653 423 1707 τρυες,
478 1639 702 1703 ἐπιστὰς
739 1643 767 1694 6
797 1644 1037 1715 γεωργὸς
1078 1644 1148 1698 τὰ
1177 1646 1404 1717 περιττά
1427 1647 1519 1699 καὶ
1562 1647 1807 1717 ἄχρηστα

222 1727 341 1780 τῶν
384 1728 680 1798 κλημάτων
711 1732 987 1796 ἐκκόπτει,
1015 1735 1073 1787 ού
1106 1734 1283 1804 μόνον,
1310 1735 1443 1788 ἀλλά
1470 1735 1651 1789 καὶτὰ
1681 1736 1805 1788 ἁτε-

223 1813 474 1885 λεσφόρα
501 1819 591 1869 καὶ
620 1817 859 1887 ὡσπερεὶ
888 1818 1202 1892 νεκριμαῖάο
1235 1823 1328 1876 καὶ
1365 1822 1533 1875 ταῦτα
1564 1823 1692 1894 γὰρ,
1732 1823 1806 1886 ὼς

1912 641 2033 694 dam
2078 641 2246 695 nubes
2273 641 2507 708 Spiritus
2538 639 2735 704 sancti,
2754 641 2909 710 plena
2945 644 3104 708 roris,
3126 646 3369 700 eamdem
3397 649 3475 701 ci-

1913 735 2130 786 vitatem
2178 733 2527 797 innmbrahit,
2584 745 2661 796 ut,
2708 735 3153 802 quemadmodum
3200 736 3252 789 in
3283 737 3474 794 diebus

1914 824 2128 884 messis,
2153 838 2271 891 qua:
2307 825 2474 892 ipsam
2515 837 2740 877 messem
2803 834 3174 891 praevertunt,
3205 836 3261 881 et
3293 827 3471 884 lumen

1913 915 2211 984 splendeat,
2234 926 2289 969 et
2321 916 2489 969 nubes
2520 914 2785 969 inumbret
2819 914 2981 971 illam.

1887 1178 1891 1183 ’
1982 1182 2147 1237 Vens.
2177 1183 2233 1249 5,
2264 1183 2316 1237 6.
2350 1200 2369 1235 ι
2402 1181 2519 1237 Erit
2545 1192 2669 1237 ante
2697 1197 2952 1249 messem,
2979 1197 3100 1236 cum
3132 1178 3291 1235 fuerit
3334 1193 3467 1233 con-

1912 1283 2213 1329 summatus
2242 1272 2361 1339 llos,
2389 1282 2443 1328 et
2472 1290 2574 1327 uva
2607 1290 2710 1327 non
2746 1283 2954 1328 matura
3002 1272 3252 1326 eduxerit
3282 1269 3465 1325 ﬂorent

1911 1367 2263 1436 germinans:
2297 1376 2353 1421 et
2387 1365 2596 1420 auferet
2636 1366 2937 1420 racemulos
2982 1378 3177 1434 parvos
3207 1362 3428 1417 falcibus
3450 1400 3467 1425 ,

1909 1468 1966 1513 et
1994 1468 2266 1514 sarmenta
2302 1458 2453 1512 tollet
2513 1468 2568 1512 et
2611 1458 2907 1512 abscindet.
2943 1476 2961 1508 ι
3008 1454 3468 1522 Quemadmodum

1909 1551 2075 1616 enim,
2117 1550 2313 1620 inquit,
2339 1551 2391 1603 in
2418 1549 2610 1612 vineis,
2644 1550 2767 1603 dum
2804 1564 2919 1604 uvae
2947 1548 3246 1603 immaturae
3297 1554 3422 1600 sunt
3449 1583 3467 1609 ,

1910 1642 2204 1696 adventans
2237 1640 2470 1711 agricola
2502 1639 2712 1694 inutiles
2741 1641 2987 1709 palmites
3012 1638 3213 1693 excidit
3238 1676 3253 1701 ,
3294 1650 3468 1704 neque

1909 1733 1962 1788 id
1986 1741 2213 1798 tantum,
2232 1731 2324 1786 sed
2343 1731 2506 1785 etiam
2533 1730 2865 1784 infructuosa
2892 1744 3115 1799 qumque
3142 1738 3196 1781 et
3224 1742 3469 1780 arescen-

1911 1827 1984 1879 tia
2012 1833 2220 1880 resecat
2247 1842 2261 1877 :
2312 1823 2509 1877 etenim
2546 1823 2632 1876 illa
2664 1834 2877 1892 quoque
2908 1864 2924 1889 ,
2966 1829 3151 1886 utpote
3185 1833 3303 1887 quae
3332 1815 3465 1872 nihil

220 1911 329 1960 οὐκ
360 1909 430 1962 ἂν
459 1910 675 1975 ἀλκαῖα,
700 1912 818 1965 οὐδὲ
846 1913 1054 1986 ἀγαθὴν
1085 1914 1273 1983 ἔχοντα
1294 1915 1482 1969 ἐλπίδα
1507 1913 1641 1986 πρὸς
1670 1932 1795 1986 καρ-

1908 1915 2106 1984 vigoris
2138 1915 2405 1979 habeant,
2446 1929 2619 1983 neque
2644 1914 2807 1967 ullam
2836 1913 2901 1966 ad
2937 1911 3146 1965 fructus
3170 1908 3462 1980 perfectio-

221 1998 330 2051 ποῦ
384 2000 683 2066 τελείωσιν,
738 2007 1009 2075 περιαιρεῖ
1058 2007 1331 2077 ἐπιστήμῃ
1367 2009 1665 2077 γεωργικῇ,
1714 2007 1801 2060 ἵνα

224 2090 301 2160 μὴ
345 2092 676 2164 λυμαίνηται
706 2098 815 2159 τοῖς
847 2097 1177 2167 ἐρρωμένοις
1205 2097 1423 2170 βότρυσι
1466 2098 1534 2151 τὰ
1573 2098 1801 2169 περιττὰ

219 2183 317 2234 καὶ
346 2184 631 2254 ἄχρηστα’
672 2187 803 2241 διότι
840 2187 1012 2241 ταῦτα
1047 2188 1145 2259 μὲν
1170 2190 1391 2259 ἀφαιρεῖ
1434 2190 1526 2241 καὶ
1571 2189 1799 2260 παραδί-

214 2274 390 2329 δωσιν
437 2278 519 2339 είς
560 2277 760 2348 βρῶσιν
805 2282 955 2342 «τοῖς
998 2282 1257 2342 πετεινοῖς
1308 2278 1400 2331 τοῦ
1443 2280 1671 2351 ούρανοῦ
1707 2280 1799 2333 καὶ

215 2369 335 2426 τοῖς
367 2365 580 2437 θηρίοις
605 2368 704 2437 τῆς
734 2368 856 2437 γῆς,
889 2388 906 2419 ι
942 2371 1009 2422 τὰ
1041 2370 1096 2422 δὲ
1125 2370 1215 2424 τὸν
1243 2371 1431 2441 ἐντελῆ
1465 2370 1798 2434 διασώζονται

216 2457 441 2528 καρπὸν
471 2456 558 2510 διὰ
586 2458 765 2528 πάσης
795 2459 1106 2530 ἐπιμελείας
1152 2460 1437 2530 φυλάττει·
1486 2461 1625 2514 οὕτω
1659 2463 1797 2516 κατά

212 2548 311 2600 τὸν
365 2549 559 2618 καιρὸν
597 2548 687 2602 τοῦ
730 2550 987 2622 θερισμοῦ
1013 2552 1333 2621 γενήσεσθαί
1368 2569 1519 2623 φησι,
1561 2553 1668 2607 τῶν
1698 2553 1797 2624 τῆς

213 2638 476 2709 ἀμπέλου
500 2641 765 2712 περιττῶν
786 2641 1098 2712 κλημάτων,
1116 2642 1328 2695 καὶτῶν
1350 2644 1634 2714 ἀχρήστων
1655 2644 1793 2715 αὐτῇ

213 2730 469 2803 βοτρύων
511 2735 1000 2805 περιαιρουμένων,
1053 2736 1145 2789 καὶ
1196 2737 1669 2806 ἀποκοπτομένων,
1717 2740 1796 2801 εἰς

214 2824 393 2897 βοράν
436 2843 494 2878 τε
540 2826 892 2897 ἐκδιδομένων
930 2830 1049 2892 ταῖς
1096 2831 1440 2891 κολαστικαῖς
1472 2828 1791 2898 δυνάμεσιν,

208 2920 261 2971 oi
317 2918 519 2985 ἀγαθοὶ
565 2918 804 2991 βότρυες,
835 2921 890 2975 αἱ
930 2921 1262 2993 καρποφόροι
1294 2920 1482 2991 ψυχαὶ,
1515 2920 1615 2991 τῆς
1645 2920 1794 2991 παρὰ

209 3009 359 3063 Θεοῦ
386 3009 662 3076 τεύξονται
701 3012 913 3080 ἀγαθῆς
945 3011 1175 3075 ἐλπίδος.
1222 3013 1307 3066 Ἐν
1338 3012 1546 3076 τούτοις
1574 3013 1733 3077 αὐτὸς
1764 3015 1792 3067 6

210 3101 414 3171 Σωτὴρ
445 3102 633 3155 ἐαυτὸν
661 3098 917 3174 εἶναιτὴν
942 3104 1183 3175 ἄμπελον
1211 3104 1408 3175 ἔφησεν
1425 3122 1437 3135 ·
1457 3106 1584 3168 τοὺς
1609 3105 1665 3157 δὲ
1692 3122 1793 3176 μα-

207 3193 392 3265 θητὰς
430 3194 499 3247 τά
540 3195 819 3266 κλήματα·
854 3197 1075 3268 βότρυες
1106 3196 1161 3249 δὲ
1202 3196 1310 3250 τῶν
1339 3196 1631 3269 κλημάτων
1660 3198 1792 3251 ἀκό-

210 3285 411 3339 λουθόν
440 3287 556 3340 ἐστι
576 3289 873 3351 νοεῖν,τοὺς
902 3288 1005 3340 ὑπὸ
1026 3287 1134 3340 τῶν
1155 3287 1464 3341 ἀποστόλων
1490 3288 1791 3360 μαθητευο-

210 3386 419 3451 μένους
438 3394 452 3406 ·
477 3371 551 3431 ὧν
575 3378 645 3431 τά
665 3377 850 3449 ὥσπερ
872 3381 1161 3449 νεκριμαῖα
1188 3378 1437 3449 βοτρύδια
1459 3379 1526 3432 τά
1549 3379 1794 3451 ἄχρηστα

208 3469 313 3524 καὶ
348 3469 586 3540 ζωτικῆς
617 3470 895 3541 δυνάμεως
929 3472 1284 3543 ἐστερημένα,
1304 3470 1444 3524 κατὰ
1482 3471 1574 3524 τὸν
1604 3473 1794 3545 καιρὸν

211 3560 316 3630 τῆς
352 3561 586 3633 κρίσεως
623 3562 1092 3633 ἀποδληθήσεσθαι
1134 3563 1407 3617 διδάσκει’
1444 3564 1538 3617 καὶ
1566 3564 1633 3617 τά
1660 3564 1793 3636 κλή-

208 3670 367 3724 ματα
395 3653 451 3705 δὲ
479 3654 758 3717 ὡσαύτως,
790 3654 858 3707 τὰ
898 3653 1099 3725 μηδένα
1147 3655 1339 3725 βότρυν
1384 3654 1637 3726 φέροντα,
1681 3650 1790 3720 οἶος

206 3742 274 3816 ἦν
300 3745 335 3796 ὁ
360 3744 625 3816 προδότης
662 3745 881 3808 Ἰούδας,
908 3743 1107 3816 ὁμοίως
1135 3748 1247 3809 τοῖς
1278 3747 1571 3817 ἀχρήστοις
1602 3746 1791 3821 βότρυ-

1904 2022 2025 2063 nem
2060 2022 2210 2077 spem
2236 2006 2564 2075 relinquant,
2589 2021 2652 2059 ex
2680 2003 3233 2075 agriculturae‘peritia
3263 2003 3328 2057 de
3356 2018 3462 2057 me-

1903 2101 1990 2154 dio
2021 2099 2180 2163 tollit,
2242 2113 2312 2152 ne
2353 2098 2623 2167 superﬂua
2663 2106 2717 2150 ct
2766 2096 2970 2150 inutilia
3003 2095 3305 2164 vigentibus
3342 2092 3462 2148 uvis

1900 2200 2172 2245 noceant:
2236 2190 2592 2259 quamobrem
2660 2188 2747 2242 illa
2785 2187 3007 2257 quidem
3056 2185 3255 2250 aufert,
3304 2193 3359 2237 et
3403 2183 3458 2237 in

1901 2299 2077 2338 escam
2121 2301 2140 2335 ι
2162 2282 2475 2338 volatilibus
2498 2282 2617 2337 caeli
2655 2291 2708 2335 et
2758 2264 2948 2335 bestiis
2982 2290 3136 2333 terra:
3168 2296 3187 2328 ι
3225 2275 3457 2346 abiicit;

1899 2388 2020 2443 qua:
2048 2388 2176 2427 vero
2203 2372 2503 2441 perfectum
2545 2371 2775 2425 fructum
2818 2378 3039 2424 servant
3076 2368 3412 2435 retinentque
3439 2402 3457 2429 ,

1899 2478 2106 2519 summa
2149 2463 2506 2518 sollicitudine
2536 2462 2662 2516 colit
2688 2471 2741 2515 et
2775 2471 2987 2525 tuetur;
3022 2459 3101 2513 sic
3132 2459 3185 2512 in
3215 2465 3458 2525 tempore

1899 2555 2094 2611 messis
2126 2552 2364 2609 futurum
2399 2568 2517 2608 esse
2545 2553 2640 2618 ait,
2667 2552 2860 2606 ablatis
2910 2551 3106 2620 quippe
3136 2562 3460 2614 supervaca-

1900 2648 2019 2704 neis
2046 2648 2217 2703 vinea:
2242 2646 2575 2715 palmitibus,
2623 2645 2955 2713 succisisqne
2987 2642 3262 2698 inutilibus
3290 2642 3409 2696 uvis
3438 2679 3456 2704 .

1898 2746 2061 2807 atque
2090 2738 2143 2792 in
2172 2752 2349 2792 escam
2379 2736 2647 2791 ultricium
2679 2743 2997 2805 potestatum
3030 2734 3275 2797 traditis;
3305 2732 3459 2788 bona:

1898 2842 2031 2893 uvae,
2061 2828 2173 2882 sive
2189 2829 2383 2882 animae
2404 2827 2714 2888 fructiferae,
2743 2826 2936 2881 bonam
2966 2839 3112 2893 spem
3136 2839 3165 2877 a
3197 2825 3303 2878 Deo
3322 2839 3458 2877 conc

1895 2928 2207 2987 sequentur.
2234 2918 2290 2972 In
2323 2918 2404 2973 his
2421 2931 2582 2987 porro
2610 2918 2723 2987 ipse
2751 2917 3002 2971 Servator
3021 2930 3078 2970 se
3095 2916 3304 2968 vineam
3333 2928 3456 2968 esse

1896 3010 2065 3076 dixit;
2092 3010 2381 3079 discipulos
2412 3024 2541 3065 vero
2589 3023 2737 3072 suos,
2776 3008 3056 3075 palmites;
3112 3021 3243 3061 uvas
3274 3015 3455 3059 autem

1894 3102 2172 3173 palmitum
2205 3118 2541 3173 consequens
2573 3111 2733 3158 estut
2765 3100 3120 3170 intelligamus
3173 3111 3291 3151 esse
3320 3111 3412 3151 eos
3439 3133 3456 3160 ,

1895 3196 1987 3266 qui
2023 3196 2090 3250 ab
2118 3196 2374 3266 apostolis
2400 3195 2626 3250 instituti
2660 3194 2913 3248 fuerunt:
2949 3205 3175 3260 quorum
3205 3188 3325 3244 illos
3357 3203 3455 3242 ceu

1900 3287 2196 3343 racemulos
2222 3287 2435 3342 inutiles
2464 3302 2529 3342 ac
2571 3285 2934 3341 vitalivirtute
2952 3285 3207 3353 privatos,
3237 3280 3290 3333 in
3322 3288 3458 3333 tem-

1898 3394 2028 3449 pore
2070 3379 2258 3447 judicii
2306 3378 2638 3447 abjiciendos
2694 3392 2813 3431 esse
2863 3378 3050 3438 docet;
3102 3372 3457 3440 similiterque

1896 3472 2144 3543 palmites
2166 3472 2365 3527 nullam
2394 3487 2549 3525 uvam
2583 3469 2836 3533 ferentes,
2865 3466 3040 3537 qualis
3069 3472 3188 3518 erat
3214 3462 3458 3533 proditor

1893 3562 2078 3631 Judas,
2107 3565 2325 3632 perinde
2351 3572 2511 3633 atque
2534 3561 2748 3616 inutiles
2769 3574 2922 3623 uvas,
2948 3572 2977 3610 a
3001 3555 3307 3612 volatilibus
3331 3551 3456 3607 coeli

1893 3666 1946 3711 ct
1977 3657 2163 3712 bestiis
2191 3666 2368 3719 terrae,
2424 3654 2674 3709 videlicet
2718 3649 3046 3707 adversariis
3083 3657 3139 3703 et
3177 3644 3457 3701 ultricibus

1891 3749 2201 3812 virtutibus,
2233 3750 2471 3802 excisum
2510 3748 2595 3810 iri,

207 3855 329 3902 σιν,
368 3835 814 3907 ἀποκοπήσεσθαι
842 3839 954 3900 τοῖς
995 3840 1258 3900 πετεινοῖς
1305 3837 1400 3890 τοῦ
1424 3838 1649 3910 ούρανοῦ
1699 3840 1792 3894 καὶ
1827 3841 1939 3903 τοῖς
1972 3839 2179 3912 θηρίοις
2238 3841 2336 3913 τῆς
2377 3839 2498 3911 γῆς,
2534 3839 2901 3909 ἁντικείμεναι
2932 3834 3245 3890 κολαστικαὶ
3300 3832 3455 3904 δηλο-

205 3932 334 3985 νότι
363 3930 643 4001 δυνάμεις.

286 4044 311 4077 ι
356 4026 444 4077 Ἐν
465 4024 545 4095 τῷ
576 4024 749 4097 καιρῷ
774 4023 963 4094 ἐκείνῳ
987 4025 1401 4097 ἀνενεχθήσεται
1425 4027 1572 4100 δῶρα
1600 4030 1788 4101 Κυρίῳ

205 4116 447 4173 Σαϐαὼθ
495 4118 561 4170 ἐκ
600 4116 728 4169 λαοῦ
781 4116 1134 4187 τεθλιμμένου
1179 4117 1274 4171 καὶ
1315 4117 1649 4189 τετιλμένου,
1695 4120 1790 4172 καὶ

206 4210 328 4264 ἀπὸ
356 4207 487 4262 λαοῦ
521 4208 780 4279 μεγάλου,
832 4208 939 4261 ἀπὸ
983 4208 1077 4261 τοῦ
1120 4208 1214 4262 νῦν
1240 4209 1334 4263 καὶ
1362 4212 1441 4274 είς
1488 4211 1577 4263 τὸν
1620 4212 1789 4264 αίῶνα

208 4299 464 4373 χρόνον.»
490 4300 590 4370 Εῖη
616 4298 659 4352 δ’
694 4299 759 4353 ἂν
783 4294 935 4362 οὗτος
964 4302 992 4353 6
1022 4300 1122 4369 τὴν
1158 4302 1347 4371 στενὴν
1380 4301 1473 4353 καὶ
1499 4300 1790 4371 τεθλιμμέ-

205 4410 320 4463 την
346 4391 545 4445 ὁδεύων
576 4392 677 4462 τὴν
715 4392 1033 4461 ἀπάγουσαν
1069 4393 1148 4455 είς
1196 4392 1295 4463 τὴν
1334 4391 1479 4463 ζωήν
1502 4409 1515 4422 ·
1565 4395 1593 4446 6
1629 4392 1789 4456 αὐτὸς
1838 4422 1859 4443 ο

1968 4025 2127 4081 Vens.
2149 4025 2201 4077 7.
2229 4041 2248 4076 ι
2293 4021 2348 4076 In
2372 4031 2612 4091 tempore
2639 4018 2728 4073 illo
2745 4017 3043 4073 afferentur
3067 4016 3202 4070 dona
3230 4015 3457 4071 Domino

1894 4117 2166 4180 Sabaoth,»
2192 4128 2221 4169 a
2248 4110 2443 4183 populo
2473 4110 2712 4165 contrito
2744 4116 2799 4163 et
2831 4107 3057 4169 divulso,
3099 4114 3151 4159 et
3202 4121 3233 4158 a
3260 4105 3455 4175 populo

1895 4222 2111 4279 magno,
2131 4205 2197 4259 ab
2230 4206 2331 4259 hoc
2358 4212 2599 4271 tempore
2624 4214 2793 4269 usque
2822 4200 2872 4252 in
2898 4205 3234 4266 perpetuum.
3266 4213 3285 4246 ι
3316 4193 3453 4249 Fue-

1893 4303 1962 4355 rit
1983 4308 2161 4354 autem
2191 4298 2279 4351 hic
2302 4294 2521 4365 populus
2552 4293 2598 4348 is
2624 4292 2789 4361 quiin
2814 4299 3041 4360 angusta
3074 4296 3128 4342 et
3157 4296 3306 4341 arcta
3341 4288 3449 4351 via,

1891 4406 2013 4459 quae
2035 4387 2183 4443 ducit
2212 4387 2277 4441 ad
2303 4386 2489 4447 vitam,
2510 4382 2753 4454 graditur
2778 4396 2792 4434 :
2823 4380 3043 4449 ipseque
3075 4377 3317 4431 divulsus
3347 4384 3450 4443 est,

210 4484 318 4539 καὶ
366 4482 741 4553 ἐκτετιλμένος
786 4484 1037 4556 ὑπάρχει,
1102 4485 1176 4548 ὡς
1228 4484 1293 4538 ἂν
1340 4485 1441 4552 τῆς
1471 4484 1654 4555 κοινῆς
1683 4484 1790 4538 τῶν

1898 4490 2075 4550 utpote
2102 4480 2248 4549 quia
2283 4474 2559 4532 communi
2598 4472 2875 4527 hominum
2933 4470 3041 4524 vita
3100 4469 3305 4523 alienus
3341 4468 3450 4535 sit,

209 4576 522 4648 ἀνθρώπων
568 4574 715 4645 ζωῆς
744 4576 1192 4648 ὴλλοτριωμένος,
1228 4578 1320 4631 καὶ
1357 4577 1530 4648 μέγας
1568 4576 1624 4629 δέ
1673 4577 1786 4630 ἐστι

209 4668 371 4739 παρά
409 4666 486 4738 τῷ
528 4666 647 4738 Θεῷ
695 4669 787 4721 καὶ
828 4668 1025 4732 πολύς’
1056 4668 1137 4721 διὸ
1174 4669 1436 4732 λέλεκται,
1478 4688 1495 4720 ι
1522 4668 1628 4723 ἀπὸ
1655 4668 1785 4722 λαοῦ

213 4759 483 4832 μεγάλου.
508 4778 525 4810 ι
565 4760 673 4812 Καὶ
701 4758 809 4830 γὰρ
843 4761 900 4813 ἐν
948 4759 1027 4831 τῷ
1061 4760 1285 4832 παρόντι
1320 4760 1439 4831 βίῳ,
1486 4761 1580 4815 καὶ
1614 4763 1671 4815 ἐν
1708 4761 1787 4833 τῷ

212 4852 465 4925 μέλλοντι
491 4851 546 4904 δὲ
575 4851 727 4905 αἰῶνι
756 4851 826 4904 τὰ
851 4852 1041 4922 λογικά
1095 4852 1241 4924 δῶρα
1279 4853 1373 4906 καὶ
1412 4852 1511 4916 τὰς
1552 4852 1786 4923 ἀναιμά-

208 4960 383 5007 κτους
435 4942 515 5013 τῷ
552 4943 673 5015 Θεῷ
711 4944 900 5009 θυσίας
944 4944 1281 5016 ἀναπέμπων
1303 4945 1362 4998 οὐ
1387 4945 1729 5016 διαλιμπάνει
1757 4945 1785 4996 6

208 5036 475 5108 δηλωθεὶς
500 5035 645 5099 λαός.

291 5147 311 5180 ι
346 5127 539 5192 Ἔθνος
586 5127 801 5192 ἐλπίζον
850 5129 944 5182 καὶ
991 5130 1536 5201 καταπεπατημένον,
1582 5131 1610 5184 ὅ
1638 5131 1784 5186 ἐστιν

210 5223 273 5276 ἐν
303 5221 460 5293 μέρει
490 5220 733 5291 ποταμοῦ
781 5222 884 5291 τῆς
920 5220 1101 5291 χώρας
1138 5222 1304 5275 αὑτοῦ
1352 5224 1432 5286 είς
1470 5222 1560 5276 τὸν
1600 5225 1783 5289 τόπον,

207 5305 273 5365 οὗ
302 5314 365 5365 τὸ
404 5313 577 5383 όνομα
621 5313 823 5383 Κυρίου
871 5312 1112 5377 Σαϐαὼθ,
1168 5316 1247 5377 εἰς
1289 5314 1412 5384 ὄρος
1452 5313 1624 5383 ἅγιον.
1654 5333 1671 5365 ι
1713 5314 1786 5366 Τὸ

207 5403 321 5475 γάρ
346 5404 501 5467 ἔθνος
539 5403 698 5457 τοῦτο
737 5405 795 5456 ἐν
844 5404 995 5475 μέρει
1047 5403 1290 5474 ποταμοῦ
1330 5405 1425 5475 τῆς
1467 5405 1647 5475 χώρας
1685 5403 1779 5457 τοῦ

207 5492 346 5545 Θεοῦ
377 5493 694 5563 ἐτύγχανεν,
728 5494 817 5546 ὅτε
861 5494 916 5545 ὲν
950 5497 1016 5564 τῇ
1060 5494 1352 5564 Ἐκκληρία
1380 5495 1471 5548 τοῦ
1499 5494 1632 5548 Θεοῦ
1657 5497 1782 5547 ἐπο-

212 5584 484 5638 λιτεύετοο
513 5585 589 5647 ὡς
621 5584 798 5652 λέγειν
820 5603 833 5617 ·
880 5604 898 5637 ι
933 5586 1022 5640 Ἐν
1056 5585 1209 5659 μέρει
1240 5587 1574 5657 γινώσκομεν
1600 5588 1693 5640 καὶ
1722 5587 1780 5639 ἐν

218 5676 372 5748 μέρει
402 5677 835 5750 προφητεύομεν.
866 5697 883 5732 ι
918 5676 1052 5731 Οὔτε
1080 5678 1187 5748 γὰο
1216 5678 1303 5732 τὸν
1338 5679 1508 5733 πάντα
1539 5680 1780 5751 ποταμὸν

284 5856 329 5890 ⁸⁸
358 5856 376 5911 l
404 5856 526 5912 Cor.
558 5872 676 5915 sm.
709 5856 759 5911 θ.

1894 4587 2121 4642 magnus
2153 4571 2280 4625 item
2331 4579 2384 4623 et
2414 4567 2613 4622 multus
2639 4573 2721 4620 est
2760 4562 2899 4632 apud
2939 4562 3102 4617 Deum
3133 4581 3143 4615 :
3174 4576 3341 4630 quare
3369 4560 3452 4614 di-

1891 4677 2035 4719 ctum
2063 4671 2165 4727 est,
2204 4679 2223 4714 ι
2270 4676 2300 4713 ιι
2329 4659 2522 4729 p0pulo
2557 4670 2771 4726 magno.
2798 4673 2817 4706 ι
2853 4655 2923 4709 Αι
2950 4653 3091 4709 enim
3121 4653 3172 4707 in
3198 4652 3451 4722 praesenti

1890 4757 1995 4810 vita
2028 4764 2083 4811 et
2112 4757 2167 4810 in
2219 4753 2398 4808 l‘uturo
2434 4750 2632 4806 saeculo
2652 4789 2668 4814 ,
2721 4747 3060 4803 rationabilia
3091 4747 3253 4813 dona,
3285 4755 3340 4801 et
3368 4746 3449 4800 in-

1890 4858 2144 4905 cruentas
2166 4847 2370 4903 hostias
2396 4844 2503 4900 Deo
2526 4845 2772 4899 erinittere
2802 4856 3071 4910 nunquam
3129 4848 3309 4895 cessat
3331 4852 3449 4893 me-

1892 4948 2132 4996 moratus
2163 4938 2406 5010 papulus.

1966 5143 1984 5176 ι
2015 5123 2163 5179 Gens
2191 5135 2414 5192 sperans
2447 5128 2501 5175 et
2533 5118 2873 5183 conculcata,
2914 5131 3033 5186 qua:
3063 5122 3145 5170 est
3193 5112 3245 5166 in
3292 5119 3449 5181 parte

1886 5218 2029 5272 ﬂuvii
2072 5217 2306 5286 regionis
2337 5213 2474 5282 ejus,
2509 5213 2560 5267 in
2599 5211 2716 5266 loco
2740 5210 2829 5265 ubi
2862 5224 3053 5263 nomen
3094 5204 3305 5260 Domini
3346 5199 3445 5256 Sa-

1886 5312 2068 5377 baoth,
2106 5311 2158 5364 in
2192 5318 2371 5364 monte
2424 5315 2633 5362 sancto.
2665 5323 2684 5358 ι
2716 5305 2840 5359 Haec
2868 5304 3009 5357 enim
3049 5313 3178 5368 gens
3211 5297 3260 5350 in
3292 5303 3449 5366 parte

1887 5403 2032 5458 ﬂuvii
2063 5402 2300 5474 regionis
2330 5400 2420 5455 Dei
2446 5409 2583 5466 erat,
2604 5397 2819 5468 quando
2857 5396 2907 5449 in
2937 5391 3173 5447 Ecclesia
3211 5388 3303 5443 Dei
3331 5402 3446 5444 νει-ε

1889 5496 2143 5561 sabatur;
2179 5494 2251 5548 ita
2286 5504 2344 5547 ut
2375 5494 2540 5556 dicat,
2584 5510 2603 5543 ι
2640 5489 2696 5543 ln
2724 5496 2878 5557 parte
2915 5481 3292 5553 cognoscimus
3311 5479 3443 5534 etin

1887 5597 2037 5656 parte
2061 5587 2442 5657 prophetamus
2479 5584 2545 5637 ³⁸.
2578 5603 2597 5636 ι
2630 5580 2810 5649 Neque
2830 5577 2971 5633 enim
3004 5585 3173 5630 t0tum
3197 5572 3438 5637 ﬂuvium,

1888 5680 2098 5737 scilicet
2122 5677 2351 5735 Verbum
2381 5675 2497 5743 Dei,
2543 5673 2787 5744 capiebat
2843 5669 2931 5726 illa
2961 5667 3147 5740 regio:
3181 5678 3349 5739 quare
3381 5662 3442 5719 in
