3984 6508
569 421 675 478 219

1241 419 1508 476 EUSEBII
1545 418 2012 475 C.£SARIENSIS
2047 417 2199 474 OPP.
2238 416 2414 472 PARS
2451 416 2543 472 Ill.
2580 448 2649 459 —-
2685 415 3094 473 EXEGETICA.

3686 418 3796 473 220

570 548 724 610 parte
751 536 896 592 ﬂuvii
942 535 1179 608 regionis
1215 536 1308 592 Dei
1358 535 1523 591 fuisse
1561 536 1758 591 dicitur
1804 547 2117 593 memOralus

2234 534 2447 604 ἐχώρει,
2483 534 2623 603 λέγω
2671 534 2726 587 δὲ
2760 535 2849 589 τὸν
2893 534 2985 587 τοῦ
3014 530 3148 585 Θεοῦ
3190 530 3379 601 Λόγον,
3422 534 3455 604 ἡ
3498 532 3796 605 δηλωθετσα

568 631 818 703 populus.

1149 809 1375 865 CAPUT
1409 810 1550 865 XIX.

639 901 803 956 Vsus.
832 901 885 954 l.
914 918 932 951 ι
958 899 1105 955 Visio
1138 898 1377 971 IEgypti.
1412 899 1553 954 Ecce
1577 902 1833 957 Dominus
1868 902 2019 957 sedet
2044 917 2130 956 su-

565 1007 664 1062 per
690 992 883 1046 nubem
922 991 1116 1054 levem,
1138 1001 1191 1045 et
1216 992 1391 1046 veniet
1422 992 1472 1044 in
1505 990 1817 1062 IEgyptum.
1852 1013 1869 1045 ι
1909 995 2129 1047 Attente

568 1084 1026 1139 considerandum
1061 1094 1164 1147 est,
1201 1101 1307 1155 quo
1338 1095 1494 1150 pacto
1517 1087 1764 1150 dicatur,
1798 1107 1815 1137 ι
1848 1085 1999 1140 Visio
2033 1086 2129 1140 ,Ε-

566 1172 735 1244 gypti.
770 1191 790 1225 ι
837 1171 951 1225 Νοη
981 1174 1125 1227 enim
1156 1176 1601 1243 quemadmodum
1638 1177 1704 1230 de
1732 1177 2003 1249 Babylone
2045 1180 2126 1233 di-

566 1266 812 1329 cebatur,
850 1284 868 1316 ι
910 1263 1060 1319 Visio
1099 1276 1284 1320 contra
1323 1266 1687 1335 Babylonem;
1728 1289 1747 1322 ι
1785 1286 1957 1338 neque
1988 1272 2126 1325 sicut

565 1356 631 1412 de
665 1354 848 1411 Jhdaaa
895 1366 947 1411 et
990 1356 1305 1425 Jerusalem,
1360 1376 1375 1410 ι
1421 1360 1566 1415 Visio
1599 1377 1757 1429 quam
1802 1362 1933 1417 vidit
1962 1362 2123 1418 Isaias

565 1448 708 1502 ﬁlius
727 1449 923 1512 Amos;
977 1464 1137 1518 quam
1170 1451 1302 1504 vidit
1332 1462 1519 1505 contra
1555 1451 1793 1507 Judaaam
1826 1463 1880 1510 et
1902 1452 2122 1509 Jerusa-

564 1538 702 1602 lem;
731 1560 749 1591 ο
790 1555 963 1610 neque
1013 1552 1070 1595 ut
1120 1543 1185 1596 de
1211 1544 1470 1599 Damasco
1503 1554 1557 1599 et
1585 1546 1650 1600 de
1686 1545 2003 1615 Moabitide;
2028 1563 2122 1602 eo-

564 1629 686 1683 dem
712 1632 870 1684 modo
914 1634 978 1685 de
1013 1631 1281 1704 Egypto:
1320 1650 1426 1689 non
1477 1636 1621 1690 enim
1655 1636 1872 1701 dicitur,
1912 1658 1930 1690 ι
1974 1640 2124 1695 Visio

566 1733 758 1779 contra
790 1722 1118 1795 Egyptum;
1164 1743 1183 1778 ι
1214 1728 1305 1781 sed
1338 1729 1490 1797 quasi
1528 1729 1792 1800 Egyptus
1826 1732 2039 1797 visura,
2069 1744 2123 1789 et

560 1814 734 1869 oculis
768 1817 1106 1871 discernendi
1144 1818 1192 1871 vi
1247 1821 1489 1888 praeditis
1538 1824 1963 1891 contemplatura
2007 1835 2121 1880 erat

2234 624 2384 695 χώρα
2404 644 2417 655 ο
2447 624 2528 678 διὸ
2551 628 2607 677 ὲν
2632 625 2784 694 μέρει
2810 626 2902 678 τοῦ
2928 624 3171 695 ποταμοῦ
3197 626 3295 696 τῆς
3326 624 3507 697 χώρας
3537 626 3633 680 τοῦ
3656 628 3794 681 Θεοῦ

2236 716 2452 783 λέγεται
2478 716 2752 783 γεγονέναι
2780 717 2837 769 τὸ
2859 717 3093 785 δηλωθὲν
3120 716 3286 779 έθνοςι

2741 809 3130 860 ΚΕΦΑΛΑΙΟΝ
3170 808 3267 862 1Θ’.

2305 920 2321 950 ι
2351 900 2579 970 Ὄρασις
2629 899 2923 967 Αἰγύπτου.
2986 900 3113 953 Ἰδοὺ
3173 900 3373 969 Κύριος
3420 900 3654 971 κάθηται
3700 904 3795 955 ἐπὶ

2226 991 2453 1063 νεφέλης
2490 991 2715 1061 κούφης,
2756 992 2850 1045 καὶ
2878 992 2996 1061 ἥξει
3028 994 3106 1054 εἰς
3146 991 3434 1060 Αἴγυπτον.
3462 1012 3481 1044 ι
3519 994 3795 1064 Προοήκει

2226 1084 2281 1136 δὲ
2310 1084 2398 1137 τὸν
2431 1084 2552 1137 νοῦν
2590 1084 2878 1153 ἐπιστῆσαι
2923 1084 3070 1147 ὅπως
3106 1086 3316 1154 εἴρηται
3342 1102 3354 1114 ο
3401 1105 3419 1135 ι
3446 1086 3671 1154 Ὅρασις
3698 1087 3795 1138 Αἰ·-

2226 1176 2451 1243 γύπτου.
2477 1194 2495 1227 ι
2532 1176 2605 1228 Οὐ
2652 1174 2759 1245 γὰρ
2800 1176 2873 1238 ὡς
2919 1176 3011 1227 ἐπὶ
3050 1175 3148 1245 τῆς
3188 1174 3501 1237 Βαϐυλῶνος
3528 1175 3749 1243 ἐλέγετο
3774 1191 3790 1205 °

2233 1289 2250 1320 ι
2284 1270 2508 1338 Ὄρασις
2541 1267 2681 1320 κατὰ
2725 1266 3070 1329 Βαϐυλῶνος·
3106 1266 3211 1318 οὐδ’
3252 1265 3326 1328 ῶς
3374 1266 3465 1317 ἐπὶ
3513 1266 3607 1336 τῆς
3667 1266 3793 1318 Ἰου-

2225 1359 2377 1423 δαίας
2399 1360 2609 1429 καὶτῆς
2632 1358 2999 1430 Ἰερουσαλὴμ,
3021 1378 3039 1409 ι
3068 1359 3297 1430 Ὂρασις
3316 1360 3381 1430 ἢν
3401 1355 3534 1412 εἶδεν
3560 1359 3793 1422 Ἡσαΐας

2225 1448 2341 1511 υίὸς
2382 1448 2577 1519 Ἀμὼς,
2604 1450 2668 1519 ἠν
2700 1443 2806 1500 εἶδε
2837 1448 2976 1501 κατὰ
3017 1448 3114 1518 τῆς
3154 1449 3409 1512 Ἰουδαίας
3446 1450 3539 1500 καὶ
3588 1448 3789 1519 Ἰερου-

2226 1539 2405 1611 σαλήμ
2423 1558 2435 1570 ·
2460 1560 2477 1590 ι
2514 1540 2620 1591 οὐδ’
2652 1539 2725 1602 ώς
2752 1538 2841 1592 ἐπὶ
2865 1539 2963 1609 τῆς
3002 1538 3289 1608 Δαμασκοῦ
3323 1539 3415 1592 καὶ
3439 1540 3537 1609 τῆς
3566 1537 3793 1591 Μωαϐί-

2221 1632 2383 1696 τιδος,
2430 1631 2600 1694 οὓτως
2644 1632 2735 1684 ὲπί
2787 1631 2885 1700 τῆς
2924 1631 3230 1700 Αἰγύπτου·
3278 1632 3339 1684 ού
3385 1630 3491 1702 γὰρ
3542 1633 3789 1703 εἴρηται,

2228 1741 2245 1773 ι
2274 1724 2501 1793 Ὅρασις
2544 1720 2681 1774 κατὰ
2701 1721 2798 1791 τῆς
2817 1720 3118 1788 Αἰγύπτου·
3145 1739 3163 1772 ι
3190 1722 3305 1792 ήτοι
3326 1720 3400 1784 ώς
3426 1722 3589 1790 αύτῆ,
3631 1720 3795 1789 Αἰγύ-

2226 1832 2357 1867 πτου
2377 1814 2671 1885 μελλούσης
2696 1814 2848 1885 όρᾷν,
2876 1814 2967 1867 καὶ
2991 1813 3210 1883 θεωρεῖν
3245 1813 3536 1884 ὀφθαλμοῖς
3557 1814 3795 1884 διορατι-

560 1920 625 1961 ea
649 1922 764 1974 quae
793 1908 844 1961 in
876 1908 1126 1963 vaticiuio
1156 1909 1401 1965 feruntur
1426 1931 1439 1966 :
1470 1913 1551 1967 vel
1581 1915 1704 1983 quia
1748 1918 2009 1986 propheta
2041 1918 2117 1971 vi-

2228 1908 2343 1968 κοῖς
2368 1906 2435 1959 τὰ
2462 1904 2849 1975 θεσπιζόμενα·
2884 1904 2916 1975 ἢ
2946 1904 3020 1968 ὼς
3046 1903 3139 1958 τοῦ
3169 1906 3448 1975 προφήτου
3474 1907 3572 1975 τὴν
3598 1906 3794 1975 ὅρασιν

563 2000 771 2053 sionem
829 2001 1095 2056 habuerat
1123 2003 1394 2075 Egyptiis
1443 2008 1815 2076 pulcherrima
1871 2027 2124 2079 praenun-

559 2090 779 2145 tiantes.
812 2092 946 2158 Quid
976 2094 1118 2147 enim
1149 2095 1444 2163 pulchrius,
1473 2099 1600 2166 quid
1628 2100 1837 2157 beatius
1857 2101 2125 2174 Egyptiis

560 2191 881 2236 eventurum
910 2192 1049 2248 erat,
1074 2200 1236 2253 quam
1256 2188 1396 2254 quod
1431 2188 1684 2243 Dominus
1710 2195 1994 2259 praesentia
2026 2210 2121 2249 sua

561 2271 714 2341 ipsos
767 2272 1104 2342 dignaturus,
1142 2283 1195 2329 et
1248 2277 1488 2330 notitiam
1526 2280 1607 2333 sui
1666 2280 1796 2350 ipsis
1830 2282 2123 2339 collaturus

557 2363 1101 2435 esset,'faclurusque
1143 2368 1247 2422 alia
1276 2372 1456 2426 omnia
1478 2386 1597 2441 quae
1632 2372 1684 2426 in
1737 2371 2121 2446 Egyptiorum

556 2452 756 2509 bonum
793 2458 1114 2511 verterent?

634 2565 655 2599 ι
689 2547 755 2601 Ει
791 2549 1145 2605 movebuntur
1182 2552 1485 2609 manufacta
1526 2553 1740 2624 Egypti
1768 2570 1796 2610 a
1828 2556 1961 2611 facie
1984 2559 2118 2625 ejus,

554 2646 612 2691 et
638 2652 731 2691 cor
764 2653 949 2693 eorum
983 2642 1324 2711 superabitur
1358 2644 1408 2697 in
1438 2645 1586 2714 ipsis.
1614 2664 1632 2698 ι
1668 2646 1819 2713 Quod
1846 2662 1976 2703 sane
2001 2652 2122 2719 quis

555 2731 851 2785 secundum
885 2732 1125 2788 historia;
1156 2734 1439 2790 veritatem
1478 2746 1603 2792 tunc
1624 2739 1945 2809 completum
1974 2744 2123 2797 dixe-

557 2823 651 2886 rit,
683 2815 803 2877 cum
836 2822 953 2892 ipse
982 2825 1261 2890 Dominus,
1284 2827 1373 2896 qui
1405 2826 1455 2881 in
1493 2829 1758 2897 principio
1784 2832 1922 2899 apud
1954 2834 2117 2887 Deum

557 2920 702 2975 erat,
738 2912 880 2967 Deus
914 2911 1172 2978 Verbum,
1212 2932 1317 2970 non
1354 2916 1679 2986 incorporeo
1718 2933 1892 2988 neque
1932 2920 2125 2976 invisi-

554 3001 648 3057 bili
682 3005 839 3059 modo
875 3005 925 3059 in
965 3004 1339 3076 Egyptiorum
1387 3009 1608 3078 regione
1651 3011 2116 3079 peregrinabatur,

555 3091 651 3145 sed
682 3093 734 3146 in
761 3095 900 3148 nube
926 3094 1010 3147 illa
1034 3095 1156 3161 levi,
1189 3105 1247 3150 ut
1270 3098 1633 3161 existimatur,
1664 3100 1858 3155 sedens
1878 3101 2117 3167 advenit,

554 3181 763 3235 scilicet
787 3183 838 3235 in
864 3198 1112 3252 corpore,
1158 3184 1297 3253 quod
1327 3184 1578 3241 Christus
1631 3200 2018 3259 assumpserat,
2052 3206 2118 3245 ex

555 3273 765 3342 Spiritu
805 3283 992 3330 sancto
1044 3285 1098 3328 et
1153 3290 1219 3329 ex
1252 3286 1436 3330 sancta
1495 3277 1713 3349 Virgine
1742 3282 2114 3338 constitutum.

555 3361 692 3416 Nam
726 3362 773 3417 si
810 3378 916 3417 non
944 3365 1204 3434 scriptum
1230 3376 1376 3419 esset
1411 3366 1581 3435 ipsum
1622 3368 1748 3421 nubi
1795 3370 2115 3425 insidentem

550 3461 843 3507 venturum
863 3468 1001 3516 esse,
1038 3464 1217 3524 posset
1237 3454 1505 3525 quispiam
1556 3456 1759 3523 dicere,
1795 3458 1957 3513 Deum
1988 3457 2118 3513 Ver-

550 3545 678 3599 bum
709 3546 1119 3615 incorporaliter
1146 3558 1201 3601 et
1229 3546 1406 3601 divina
1435 3548 1633 3604 virtute
1655 3550 1853 3619 ubique
1883 3566 2115 3620 praesen-

551 3643 683 3701 tem,
734 3646 917 3707 utpote
951 3640 1039 3707 qui
1067 3639 1243 3692 omnia
1289 3637 1522 3707 impleat,
1567 3654 1689 3693 nam
1738 3658 1757 3690 ι
1805 3639 1861 3694 lu
1920 3638 2117 3695 mundo

550 3738 690 3795 erat,
722 3737 777 3783 et
815 3731 1042 3784 mundus
1076 3745 1170 3800 per
1202 3731 1372 3800 ipsum
1409 3730 1581 3785 factus
1606 3742 1683 3786 est
1717 3732 1784 3795 ὀ,
1818 3750 1836 3783 ›
1872 3731 2115 3786 eamdem

552 3821 608 3875 in
664 3820 891 3891 Egypto
944 3823 1284 3890 prmentiam
1348 3824 1635 3890 exhibere,
1683 3823 2113 3893 quandoquidem

551 3910 937 3979 inspectiouem
977 3922 1031 3966 et
1076 3914 1465 3983 providentiam
1521 3914 1587 3967 ad
1639 3915 1758 3968 illos
1810 3928 1977 3984 usque
2021 3929 2117 3969 ex-

551 4002 742 4056 tendit.
763 4001 959 4058 Verum
983 4004 1071 4058 illo
1096 4004 1252 4060 modo
1277 4020 1381 4059 non
1407 4006 1575 4076 magis
1596 4007 1646 4060 in
1670 4004 1925 4077 IEgypto.
1953 4020 2113 4075 quam

550 4093 606 4148 in
645 4093 751 4149 alia
787 4095 1022 4164 qualibet
1055 4096 1238 4150 mundi
1280 4106 1432 4166 parte
1455 4112 1575 4153 esse
1605 4099 1839 4153 dicatur.
1876 4096 1945 4150 At
1974 4111 2116 4152 nunc

549 4186 866 4254 specialiter
888 4198 944 4242 et
972 4187 1227 4244 distincte
1260 4188 1481 4255 dicitur,
1520 4192 1693 4261 ipsum
1725 4192 1851 4246 nubi
1888 4190 1991 4246 levi
2024 4191 2112 4245 iu-

549 4277 821 4333 sidentem
856 4289 1141 4335 venturum
1171 4283 1223 4336 in
1245 4282 1537 4355 Egyptum
1560 4298 1700 4348 esse,
1733 4299 1839 4352 quo
1860 4283 2114 4354 proprius

548 4369 769 4438 quidam
791 4381 846 4427 et
868 4388 1161 4444 corporeus
1189 4376 1305 4445 ejus
1324 4376 1587 4429 adventus
1628 4375 1986 4443 signiﬁcatur.
2015 4374 2113 4429 Cui

549 4458 748 4515 dixerit
774 4462 1043 4531 quispiam
1078 4464 1131 4517 in
1164 4466 1350 4521 eadem
1390 4465 1773 4535 explanatione
1832 4465 2110 4530 insistens,

2224 1997 2548 2067 τεθεαμένου
2573 1997 2669 2067 τὴν
2691 1995 2759 2049 τὰ
2791 1995 3050 2049 κάλλιστα
3076 1999 3188 2059 τοῖς
3214 1996 3525 2064 Αἰγυπτίοις
3547 2014 3794 2066 προανα-

2225 2090 2568 2160 φωνήσασαν.
2587 2088 2650 2141 Τί
2671 2088 2776 2158 γὰρ
2799 2087 3094 2150 κὰλλιον,τί
3110 2086 3164 2140 δὲ
3189 2087 3597 2159 μακαριώτερον
3616 2089 3794 2159 ὑπάρ-

2224 2199 2335 2253 χειν
2363 2181 2591 2251 ῆμελλεν
2638 2181 2953 2250 Αἰγυπτίοις
2992 2178 3086 2232 τοῦ
3127 2179 3217 2231 τὸν
3256 2178 3459 2248 Κύριον
3489 2180 3587 2248 τῆς
3622 2179 3793 2232 αὐτοῦ

2224 2271 2524 2343 παρουσίας
2566 2270 2850 2335 καταξιοῦν
2884 2271 3097 2333 αύτούς,
3143 2272 3236 2322 καὶ
3269 2268 3363 2338 τὴν
3395 2268 3557 2321 αύτοῦ
3587 2269 3793 2337 γνῶσιν

2222 2366 2405 2428 αὐτοῖς
2439 2364 2716 2435 παρέξειν,
2758 2365 2849 2417 καὶ
2900 2365 3141 2434 ποιήσειν
3169 2363 3269 2416 ὃσα
3316 2361 3449 2415 ἄλλα
3492 2363 3793 2433 ἐμφέρεται

2222 2460 2331 2520 τοῖς
2357 2456 2671 2524 Αἰγυπτίοις
2692 2474 2705 2519 ;

2298 2567 2315 2600 ι
2346 2549 2454 2600 Καὶ
2505 2546 2843 2617 σεισθήσεται
2874 2545 2942 2599 τὰ
2991 2544 3338 2617 χειροποίητα
3370 2542 3643 2611 Αἰγύπτου
3682 2542 3793 2603 ἀπὸ

2222 2640 2511 2711 προσώπου
2543 2638 2729 2701 αὐτοῦ,
2772 2638 2865 2691 καὶ
2899 2638 2931 2708 ἡ
2978 2637 3169 2709 καρδία
3210 2636 3386 2690 αὐτῶν
3424 2635 3792 2707 ήττηθήσεται

2222 2736 2279 2787 ὲν
2311 2734 2512 2794 αὐτοῖς.
2542 2751 2559 2782 ι
2599 2732 2663 2783 Ὃ
2690 2729 2753 2801 δὴ
2800 2728 3185 2800 πεπληρῶσθαι
3220 2729 3420 2781 εἴποιεν
3450 2727 3515 2781 ἄν
3539 2744 3622 2791 τις
3653 2727 3792 2797 πρὸς

2225 2822 2479 2895 ἱστορίαν,
2522 2822 2609 2874 ὅτε
2650 2820 2809 2883 αὐτὸς
2846 2822 2872 2872 ὁ
2913 2818 3134 2890 Κύριος,
3167 2820 3196 2870 6
3228 2819 3283 2870 ὲν
3335 2818 3473 2889 ἀρχῇ
3529 2818 3666 2886 πρὸς
3700 2816 3793 2869 τὸν

2219 2916 2370 2981 Θεὸν,
2401 2916 2532 2978 Θεὸς
2558 2914 2727 2981 Λόγος
2751 2913 2849 2965 ούκ
2874 2913 3175 2983 ἁσωμὰτως
3203 2911 3322 2965 οὐδὲ
3340 2910 3557 2979 ἀφανῶς
3592 2910 3791 2981 ἐπεδή-

2223 3026 2310 3079 μει
2338 3011 2402 3079 τῇ
2432 3006 2540 3059 τῶν
2567 3005 2875 3073 Αἰγυπτίων
2903 3002 3074 3075 χώρα,
3111 3002 3246 3056 ἀλλὰ
3278 3002 3413 3073 μετὰ
3440 3002 3537 3071 τῆς
3568 3000 3791 3070 νομιζο-

2223 3098 2389 3171 μένης
2423 3098 2629 3169 κούφης
2661 3097 2887 3167 νεφέλης
2935 3096 3239 3167 καθήμενον
3278 3094 3435 3147 αὐτὸν
3470 3092 3789 3163 ἀφικέσθαι,

2219 3188 2312 3241 τοῦ
2368 3187 2617 3258 σώματος
2664 3186 2882 3258 δηλαδὴ,
2918 3178 2977 3239 οὗ
3025 3185 3298 3256 ἀνειλήφει
3340 3187 3368 3238 6
3423 3184 3679 3256 Χριστὸς,
3733 3183 3791 3250 ἐξ

2222 3280 2374 3347 ἁγίου
2427 3278 2743 3348 Πνεύματος
2806 3276 2897 3329 καὶ
2959 3276 3057 3347 τῆς
3142 3275 3303 3343 ἁγίας
3356 3273 3627 3346 Παρθένου
3697 3276 3792 3326 ἐπ-

2218 3370 2634 3441 εσκευασμένου,
2668 3371 2729 3423 Εἰ
2760 3370 2858 3438 μὲν
2878 3369 2984 3439 γὰρ
3016 3368 3089 3441 μὴ
3130 3368 3446 3438 προσέκειτο
3474 3367 3534 3419 τὸ
3579 3368 3674 3419 ἐπὶ
3701 3384 3791 3420 νε-

2218 3465 2383 3534 φέλην
2428 3462 2727 3533 καθήμενον
2756 3461 2914 3515 αὑτὸν
2941 3460 3254 3530 ἀφικέσθαι,
3284 3459 3401 3530 ἦτοι
3445 3458 3680 3529 ὴδύνατό
3708 3476 3792 3523 τις

2217 3553 2416 3620 λέγειν,
2463 3552 2543 3603 ὅτι
2591 3551 2892 3621 ἁσωμὰτως
2936 3550 3030 3603 καὶ
3063 3550 3215 3619 θεῖκῇ
3246 3550 3471 3620 δυνάμει
3506 3547 3790 3619 πανταχοῦ

2218 3645 2406 3716 παρὼν
2456 3647 2484 3697 6
2526 3644 2656 3707 Θεὸς
2684 3644 2874 3712 Λόγος,
2910 3643 3005 3696 ἁτε
3038 3643 3100 3714 δὴ
3133 3644 3311 3697 πάντα
3355 3642 3603 3713 πληρῶψ
3640 3661 3659 3692 ι
3702 3643 3791 3696 Ἐν

2214 3736 2291 3807 τῷ
2322 3737 2509 3807 κόσμῳ
2532 3755 2549 3787 ι
2585 3735 2691 3806 γὰρ
2734 3754 2750 3785 ι
2774 3731 2861 3805 ἦν,
2896 3735 2988 3788 καὶ
3013 3736 3041 3787 6
3070 3735 3269 3805 κόσμος
3303 3736 3368 3787 δι’
3406 3733 3571 3787 αὐτοῦ
3598 3734 3788 3802 ἐγένε-

2213 3846 2294 3895 το,
2323 3849 2341 3881 ι
2374 3832 2467 3883 καὶ
2502 3832 2568 3901 τῇ
2602 3828 2858 3899 Αἰγύπτῳ
2885 3829 2982 3899 τὴν
3014 3828 3181 3900 αὐτὴν
3210 3828 3507 3900 παρουσίαν
3530 3828 3785 3898 παρέχει,

2215 3921 2301 3974 διὰ
2332 3921 2425 3974 τοῦ
2467 3922 2564 3992 τὴν
2605 3920 2908 3991 ἐπισκοπὴν
2943 3920 3106 3974 αὐτοῦ
3147 3921 3239 3974 καὶ
3267 3920 3364 3991 τὴν
3401 3920 3656 3991 πρόνοιαν
3692 3920 3789 3990 μέο

2215 4030 2337 4084 χρις
2385 4012 2563 4066 αὐτῶν
2631 4012 2910 4065 ἐκτείνειν.
2985 4010 3121 4064 Ἀλλ’
3166 4012 3225 4063 ού
3271 4009 3469 4081 μᾶλλον
3518 4011 3661 4062 εἴποι
3704 4027 3787 4073 τις

2215 4100 2375 4155 αὑτὸν
2422 4104 2479 4155 ὲν
2521 4101 2799 4173 Αἰγύπτῳ,
2829 4102 2862 4172 ἤ
2902 4106 2960 4155 ὲν
2991 4102 3162 4174 ἑτέρῳ
3194 4101 3348 4172 μέρει
3384 4102 3601 4164 πάντως
3641 4102 3789 4156 κατὰ

2214 4192 2398 4246 τοῦτον
2439 4194 2701 4265 ὑπάρχειν
2738 4194 2828 4248 τὸν
2866 4196 3087 4267 τρόπον.
3131 4194 3245 4247 Νῦν
3289 4194 3345 4247 δὲ
3386 4194 3788 4265 ἀφωρισμένως

2214 4284 2294 4346 εἰς
2328 4282 2600 4351 Αἴγυπτον
2625 4284 2786 4337 αὑτὸν
2814 4284 2963 4354 ἥξειν
2991 4286 3018 4337 6
3044 4284 3200 4352 λόγος
3237 4284 3327 4335 ὲπί
3366 4283 3593 4354 νεφέλης
3620 4284 3787 4338 αὐτὸν

2213 4376 2500 4447 ὀχούμενον
2533 4376 2739 4449 κούφης
2767 4372 2943 4444 εἶπεν,
2974 4376 3277 4442 ἰδιάζουσὰν
3317 4394 3435 4429 τινα
3468 4378 3554 4430 καὶ
3593 4394 3784 4448 σωμα-

2213 4469 2369 4538 τικὴν
2393 4467 2490 4538 τὴν
2516 4469 2811 4539 παρουσίαν
2840 4468 3002 4523 αὐτοῦ
3029 4461 3303 4539 δηλῶνΪῼ
3329 4468 3391 4539 δὴ
3432 4468 3575 4521 εἴποι
3604 4468 3669 4521 ἄν
3704 4486 3787 4531 τις

548 4556 681 4604 tunc
697 4553 1067 4620 propheticum
1097 4554 1298 4608 dictum
1327 4556 1483 4609 ﬁnem
1513 4555 1787 4620 habuisse,
1809 4569 1931 4608 cum
1956 4554 2004 4608 is
2021 4554 2110 4623 qui

2221 4564 2242 4615 ὸ
2268 4560 2438 4631 ταύτῃ
2464 4562 2848 4632 συνιστάμενος
2884 4565 2948 4632 τῇ
2977 4562 3167 4633 ὲκδοχῇ
3199 4562 3382 4625 τέλους
3429 4561 3694 4632 ἠξιῶσθαι
3724 4564 3789 4615 τὸ

548 4654 616 4695 ex
634 4639 851 4713 Virgine
877 4653 1035 4699 natus
1063 4656 1147 4700 est
1171 4646 1332 4712 Deus,
1354 4662 1514 4716 quem
1544 4644 1949 4700 Emmanuelem
1980 4660 2107 4714 pro-

2208 4652 2366 4723 ρητὸν
2392 4652 2481 4704 ἐπὶ
2508 4653 2573 4721 τῇ
2600 4653 2677 4715 εἰς
2703 4651 3022 4723 ἀνθρώπους
3046 4652 3257 4722 προόδῳ
3282 4652 3374 4704 τοῦ
3404 4654 3466 4704 ὲκ
3493 4652 3590 4723 τῆς
3619 4654 3785 4720 ἁγίας

548 4733 730 4803 phetia
764 4745 941 4801 vocat,
970 4738 1037 4791 ad
1063 4738 1309 4794 homines
1356 4738 1594 4795 advenit.
1645 4736 2107 4805 Quemadmodum

2221 4742 2480 4814 Παρθένου
2534 4742 2879 4814 γεννηθέντος
2923 4742 3079 4807 Θεοῦ,
3132 4743 3189 4796 ὃν
3228 4744 3576 4815 Ἐμμανουήλ
3625 4745 3783 4798 καλεῖ

547 4825 695 4880 enim
721 4828 890 4882 nubes
908 4842 1010 4881 non
1036 4828 1253 4883 aliunde
1274 4830 1713 4884 constitutionem
1741 4828 1923 4893 habet,
1948 4842 2108 4898 quam

2221 4836 2239 4903 ἰι
2267 4834 2588 4905 προφητεία.
2635 4834 2721 4897 Ὠς
2751 4835 2858 4905 γὰρ
2885 4836 2917 4904 ή
2954 4834 3147 4904 νεφέλη
3173 4834 3271 4887 οὐκ
3301 4834 3519 4888 ἄλλοθεν
3549 4836 3662 4906 ἔχει
3684 4838 3782 4907 τὴν

547 4930 612 4971 ex
650 4931 777 4972 aere
806 4926 860 4971 et
890 4931 957 4972 ex
998 4933 1199 4988 vapore
1252 4930 1445 4984 terra},
1485 4920 1563 4974 sic
1617 4928 1672 4973 et
1730 4933 1926 4988 corpus
1968 4920 2112 4987 quod

546 5010 860 5079 assumpsit,
892 5025 957 5065 ex
992 5010 1199 5081 Spiritu
1227 5020 1417 5067 sancto
1442 5021 1497 5066 et
1524 5026 1589 5065 ex
1621 5021 1834 5066 terrena
1860 5013 2113 5067 substan-

546 5100 619 5155 tia
652 5103 1031 5171 constitutum,
1064 5105 1187 5174 jure
1218 5105 1343 5159 nubi
1376 5104 1480 5158 levi
1522 5114 1887 5173 comparatur,
1920 5106 2003 5158 cui
2027 5104 2110 5157 in-

546 5192 728 5248 sidens
756 5194 1023 5259 Christus,
1069 5196 1121 5248 in
1176 5194 1432 5265 Egypto,
1465 5198 1594 5251 dum
1636 5196 1811 5249 adhuc
1858 5206 2001 5250 esset
2030 5195 2111 5249 in-

545 5286 689 5350 fans,
723 5287 1182 5356 peregrinabatur.
1217 5288 1271 5341 ld
1302 5289 1495 5357 quippe
1520 5298 1634 5342 erat
1657 5287 1923 5358 Egyptiis
1954 5289 2107 5355 satis,

546 5377 637 5446 qui
659 5377 856 5432 virtute
886 5377 1143 5433 ineffabili
1163 5394 1229 5431 ex
1254 5381 1482 5434 adventu
1505 5378 1805 5433 Salvatoris
1857 5394 2109 5449 magnam

547 5476 674 5523 sunt
709 5470 993 5525 utilitatem
1028 5470 1190 5524 nacti.
1250 5470 1319 5524 At
1370 5473 1658 5525 secundum
1712 5470 2107 5538 profundiorem

548 5566 811 5622 mentem,
838 5557 1049 5614 Domini
1084 5560 1364 5629 praesentia
1409 5558 1639 5629 Asgyptii
1676 5560 1942 5629 praecipue
1984 5575 2109 5631 egeo

553 5648 705 5713 bant,
738 5658 919 5719 utpote
938 5652 1179 5707 omnium
1232 5652 1508 5707 hominum
1545 5653 2061 5720 superstitiosissimi
2089 5671 2102 5721 ;

625 5831 669 5866 "
720 5831 876 5886 Joau.
920 5848 957 5897 ι,
986 5832 1066 5887 10.

2211 4925 2499 4989 σύστασιν,
2545 4925 2577 4995 ἢ
2625 4925 2682 4990 ἐξ
2724 4926 2882 4996 ἀέρος
2926 4926 3019 4979 καὶ
3069 4925 3479 4996 ἀναθυμιάσεως
3517 4927 3616 4997 τῆς
3656 4930 3779 4999 γῆς,

2210 5013 2381 5078 οὕτως
2414 5015 2473 5067 τὸ
2525 5015 2681 5085 σῶμα
2736 5016 2764 5067 ὃ
2812 5015 3119 5086 ἀνείληφεν,
3166 5015 3223 5080 ἐξ
3268 5017 3419 5084 ἁγίου
3465 5017 3781 5088 Πνεύματος

2212 5108 2305 5161 καὶ
2355 5108 2455 5177 τῆς
2514 5106 2743 5177 γεώδους
2787 5109 2973 5172 ούσίας
3026 5107 3261 5161 ὑποστὰν
3303 5109 3526 5172 εἰκότως
3583 5111 3778 5183 νεφέλῃ

2212 5198 2386 5270 κούφῃ
2426 5198 2760 5269 παρεϐλήθη,
2808 5193 3237 5272 ᾖὲγκαθήμενος
3277 5198 3305 5249 6
3330 5197 3561 5269 Χριστὸς
3596 5200 3769 5269 ἐπεδή-

2216 5305 2305 5358 μει
2332 5292 2397 5359 τῇ
2426 5287 2684 5359 Αἰγύπτῳ
2710 5289 2848 5343 κατὰ
2878 5288 2976 5360 τὴν
3010 5290 3208 5359 νηπίαν
3230 5288 3463 5359 ἠλικίαν.
3516 5290 3777 5360 Ἀπήρκει

2212 5380 2319 5451 γὰρ
2356 5382 2446 5433 καὶ
2490 5380 2644 5432 τοῦτο
2687 5381 3019 5450 Αἰγυπτίοις,
3052 5383 3273 5453 ἀρρήτῳ
3299 5381 3523 5452 δυνάμει
3549 5383 3777 5451 μέγιστα

2214 5472 2609 5542 ὠφελουμένοις
2634 5474 2697 5525 ἐκ
2720 5474 2817 5543 τῆς
2852 5472 2944 5527 τοῦ
2985 5473 3233 5543 Σωτῆρος
3272 5473 3597 5536 ὲπιϐἁσεως.
3626 5475 3778 5527 Κατὰ

2212 5564 2269 5616 δὲ
2310 5563 2601 5633 βαθύτερον
2635 5562 2777 5619 νοῦν.
2825 5564 2923 5634 τῆς
2947 5562 3041 5616 τοῦ
3072 5562 3275 5635 Κυρίου
3303 5566 3603 5636 παρουσίας
3641 5564 3778 5629 ἐξαι-

2217 5654 2386 5726 ρέτως
2421 5654 2587 5708 ἐδεῖτο
2618 5657 2651 5725 ἡ
2695 5654 2984 5724 Αἴγυπτος,
3024 5654 3204 5726 ἐπειδὴ
3233 5654 3449 5710 πάντων
3476 5654 3783 5729 ἀνθρώπων
