3984 6514
533 432 645 490 295

1204 425 1479 485 EUSEBII
1513 424 1991 482 CASSARIENSIS
2023 422 2172 483 OPP.
2214 421 2392 477 PARS
2426 420 2515 475 Ill.
2549 449 2619 461 --
2655 414 3062 473 EXEGETICA.

3673 406 3783 464 2Ξῶ

536 553 693 622 geliis
736 551 936 616 docuit,
982 552 1194 616 dicens,
1258 569 1275 603 ι
1312 549 1492 606 Nolite
1539 560 1731 619 putare
1775 549 1917 619 quod
1946 562 2100 602 vene-

2212 546 2269 597 ὲν
2294 542 2646 612 Εύαγγελίοις
2691 539 2934 593 ἐδίδασκε
2973 536 3150 604 λέγων
3170 550 3183 564 ·
3238 552 3255 583 ι
3295 530 3385 601 Μὴ
3406 543 3669 622 νομισητι
3698 528 3781 580 ὃτι

539 645 641 698 ritu
678 658 862 713 pacem
895 642 1111 697 mittere
1150 657 1312 711 super
1338 651 1578 695 terram:
1628 655 1731 694 non
1768 641 1885 695 veni
1921 654 2105 709 pacem

546 736 778 797 mittere,
811 736 905 789 sed
937 733 1171 805 gladium
1203 733 1270 796 ⁸³³,
1307 752 1325 784 ι
1356 741 1410 786 et
1448 740 1664 785 caztera.
1702 730 1797 785 llis
1826 746 1990 800 porro
2016 744 2109 799 ge-

536 826 658 892 stis,
690 825 1121 880 conturbandum
1155 838 1274 877 esse
1309 823 1383 875 ait
1407 823 1657 892 spiritum
1694 821 2103 892 Aigyptiorum;

537 916 832 970 secundum
875 914 1260 985 Symmachum
1313 927 1462 977 vero,
1513 930 1530 963 ι
1578 912 1644 965 Et
1691 921 1968 980 rumpetur
2002 912 2109 979 spi-

536 1005 677 1061 ritus
716 1005 933 1077 AEgypti
973 1005 1025 1059 in
1062 1006 1210 1074 ipsa;
1260 1023 1279 1055 ι
1320 1003 1616 1057 secundum
1659 1002 2104 1068 Theodotionem,

540 1112 565 1148 ι
601 1095 665 1149 Et
706 1096 984 1151 scindetur
1025 1094 1249 1164 spiritus
1291 1090 1511 1161 Egypti
1557 1090 1611 1144 in
1654 1090 1806 1158 ipsa;
1852 1109 1870 1141 ι
1913 1090 2104 1159 Aquila

536 1195 721 1241 autem
756 1187 834 1241 sic
884 1187 979 1251 ait,
1039 1204 1058 1237 ι
1107 1184 1174 1238 Et
1216 1184 1459 1237 tradetur
1505 1183 1732 1251 Spiritus
1779 1182 1998 1252 Egypti
2053 1182 2105 1237 in

535 1280 837 1335 visceribus
867 1278 1001 1347 ejus.
1052 1298 1069 1330 ι
1103 1279 1214 1335 Hoc
1253 1289 1431 1333 autem
1480 1278 1694 1346 dirupto
1738 1292 1797 1331 ac
1826 1292 1889 1331 ex
1924 1275 2108 1330 Eccle-

536 1374 617 1429 sia
666 1374 940 1443 proiecto,
988 1373 1053 1427 ad
1107 1372 1405 1441 profectum
1456 1368 1838 1440 Egyptiorum
1880 1369 2106 1424 consilia

533 1481 696 1537 prava
729 1465 1046 1528 ineuntium,
1078 1463 1190 1533 Ego
1227 1464 1359 1533 ipse,
1406 1463 1482 1517 ait
1514 1462 1791 1527 Dominus,
1820 1462 2106 1519 consilium

534 1572 722 1613 eorum
759 1556 1048 1626 dissipabo.
1101 1573 1120 1607 ι
1174 1556 1240 1609 Ει
1279 1554 1691 1623 interrogabunt
1724 1554 1865 1621 deos
1895 1568 2023 1609 suos
2055 1560 2109 1607 et

532 1650 822 1706 simulacra
855 1666 983 1715 sua,
1028 1659 1084 1703 et
1119 1663 1212 1702 eos
1250 1647 1339 1714 qui
1381 1647 1448 1702 de
1494 1657 1636 1701 terra
1690 1646 2015 1717 loquuntur,
2054 1654 2109 1699 et

532 1742 918 1810 ventriloquos.
956 1759 975 1792 ι
1016 1738 1223 1793 Horum
1268 1736 1486 1791 nemine
1528 1751 1624 1805 pro
1666 1744 1925 1791 consueto
1959 1748 2107 1787 more

534 1844 846 1902 apparente,
894 1833 944 1885 in
985 1841 1256 1887 extremas
1288 1832 1565 1897 angustias
1596 1830 1933 1884 delabantur.
1982 1845 1999 1878 ι
2041 1827 2104 1881 Et

536 1926 742 1977 tradam
768 1924 1057 1995 Egyptum
1090 1926 1143 1979 iu
1176 1941 1366 1979 manus
1402 1925 1702 1986 hominum,
1763 1922 2103 1975 dominorum

533 2016 817 2083 durorum,
875 2024 929 2070 et
978 2030 1133 2086 reges
1175 2017 1294 2071 duri
1352 2015 1772 2071 dominabuntur
1817 2027 2026 2067 eorum.
2081 2029 2100 2064 ι

533 2098 630 2155 His
669 2101 893 2156 indicari
941 2112 1068 2171 puto
1111 2113 1320 2173 tempus
1378 2120 1484 2173 quo
1560 2112 1813 2157 eventura
1866 2111 1991 2155 sunt
2043 2115 2105 2154 ea

527 2204 649 2260 quae
677 2192 728 2245 in
760 2192 1015 2247 vaticinio
1043 2192 1327 2249 teruntur:
1371 2211 1492 2249 nam
1537 2192 1920 2264 Egyptiorum
1952 2192 2103 2261 regni

520 2282 884 2351 mutationem
936 2282 1050 2338 fore
1088 2284 1396 2355 signiﬁcat,
1433 2301 1538 2354 quo
1571 2293 1812 2353 tempore
1850 2284 2106 2339 Dominus

530 2370 587 2426 in
619 2369 918 2442 Egyptqu
952 2374 1348 2442 proﬁciscetur.
1398 2374 1529 2442 Quis
1561 2390 1687 2429 vero
1718 2391 1822 2430 non
1869 2385 2103 2445 stupeat,

532 2463 580 2518 si
662 2474 876 2533 tempus
920 2468 1164 2521 conferat
1214 2468 1466 2523 salutaris
1518 2468 1914 2537 prazdicationis
1983 2484 2103 2523 cum

530 2556 683 2626 regni
725 2556 1034 2629 AEIgyptiaci
1086 2561 1401 2627 eversione,
1460 2561 1727 2631 quomodo
1771 2560 1978 2616 scilicet
2009 2576 2105 2615 ex-

530 2647 654 2701 inde
687 2649 753 2701 ad
790 2650 1109 2705 hodiernum
1149 2668 1320 2722 usque
1370 2654 1536 2719 diem,
1588 2668 1692 2707 non
1747 2653 1889 2707 ultra
1938 2654 2103 2723 prisci

529 2741 605 2795 illi
640 2742 929 2812 principes,
956 2744 1227 2801 Ptolemaai
1258 2763 1470 2817 nempe,
1507 2747 1640 2817 ipsis
1670 2748 1976 2817 itupereng,
2009 2747 2102 2801 sed

530 2831 759 2888 Romani
798 2850 985 2889 eorum
1013 2835 1257 2891 domini?

593 3100 700 3156 Pro
736 3102 827 3158 illo
858 3113 1064 3169 autem,
1100 3124 1119 3157 ι
1161 3120 1315 3175 reges
1363 3107 1506 3171 duri,
1543 3126 1562 3159 ›
1595 3108 1808 3177 Aquila,
1846 3127 1863 3160 ι
1902 3109 1971 3162 Ει
2006 3123 2102 3163 rex

526 3192 812 3247 roboratus
840 3194 1086 3263 regnabit
1125 3196 1294 3264 ipsis:
1333 3215 1350 3249 ι
1380 3196 1737 3269 Symmachus
1776 3214 1941 3263 vero,
1977 3218 1995 3251 ι
2038 3200 2104 3254 Ει

525 3295 624 3334 rex
664 3280 834 3337 durus
859 3292 1181 3351 potestatem
1212 3286 1435 3341 babehit
1486 3288 1540 3342 in
1586 3288 1744 3355 illos;
1780 3308 1798 3340 ι
1850 3288 2100 3343 Theodo-

527 3373 625 3439 tio,
660 3391 678 3425 ι
712 3373 779 3428 Ει
816 3392 908 3431 rex
947 3374 1101 3431 fortis
1127 3378 1496 3434 dominabitur
1530 3380 1652 3435 illis.
1690 3400 1708 3433 ι
1748 3381 1901 3435 llunc
1939 3395 2104 3449 porro

524 3464 728 3531 dixeris
753 3480 874 3521 esse
913 3467 1318 3537 imperatorem,
1368 3470 1459 3539 qui
1499 3479 1739 3539 tempore
1781 3480 1933 3525 ortus
1980 3471 2102 3526 Sal-

524 3554 730 3608 vatoris
760 3557 935 3610 nostri
984 3557 1357 3613 Romanorum
1387 3561 1759 3616 monarcbiam
1799 3563 2097 3618 obtinebat.

525 3640 679 3698 Tunc
716 3646 860 3701 enim
906 3649 1180 3719 Augustus
1222 3665 1350 3705 vere
1410 3652 1719 3717 roboratus,
1770 3669 1834 3708 ac
1884 3654 2104 3710 fortiter

524 3734 839 3806 imperans,
888 3740 1094 3809 primus
1156 3741 1445 3811 Egyptum
1516 3742 1779 3799 Romanis
1832 3745 2099 3813 subjecit,

522 3838 809 3898 postquam
851 3830 1165 3885 diuturnam
1211 3833 1356 3887 illam
1404 3834 1475 3888 ibi
1530 3836 1874 3906 regnantiqu
1906 3837 2103 3908 _Ptole-

524 3934 779 3974 mutorum
817 3923 1223 3979 successionem
1264 3925 1582 3982 sustulerat.

594 4208 757 4265 Vens.
796 4211 850 4266 5.
888 4231 905 4265 ι
945 4212 1071 4270 Ιιιιιο
1102 4217 1235 4270 dicit
1263 4217 1529 4275 Dominus
1573 4215 1847 4276 Sabaoth.
1906 4221 1974 4277 Et
2014 4221 2098 4277 bi-

520 4299 653 4356 bent
681 4302 917 4374 Egyptii
946 4323 1140 4376 aquam
1169 4324 1288 4379 qua:
1314 4320 1396 4365 est
1420 4312 1574 4379 juxta
1612 4328 1782 4368 mare.
1816 4332 1834 4366 ι
1856 4313 1961 4369 Pro
1988 4330 2096 4385 quo

521 4393 746 4464 Aquila,
788 4415 807 4448 ι
838 4397 904 4452 Et
938 4400 1279 4468 haurientur,
1312 4402 1506 4471 inquit,
1538 4420 1557 4455 ι
1596 4420 1749 4474 aqua:
1772 4420 1837 4459 ex
1866 4406 2035 4471 mari;
2072 4425 2092 4457 ι

522 4484 881 4556 Symmachus
940 4504 1105 4557 vero,
1142 4511 1160 4544 ι
1208 4492 1272 4547 Et
1317 4496 1827 4552 exterminabuntur
1873 4513 1903 4551 a
1958 4501 2095 4553 mari

2205 633 2366 708 ἦλθον
2396 635 2572 707 βαλεῖν
2597 634 2820 704 εἰρήνην
2850 631 2941 683 ἐπὶ
2971 630 3072 700 τὴν
3102 628 3228 698 γῆν·
3271 625 3370 678 ούκ
3402 619 3562 693 ἦλθον
3599 620 3783 690 βαλεῖν

2206 730 2450 800 εἰρήνην,
2480 726 2616 780 ἀλλὰ
2663 726 2954 796 μάχαιραν,
2997 739 3014 771 ι
3045 720 3137 772 καὶ
3168 717 3236 770 τὰ
3296 716 3442 785 ἑξῆς.
3472 712 3690 766 Τούτων
3724 711 3783 765 δὲ

2205 818 2525 890 γινομένων,
2558 812 2997 885 ταραχθήσεσθαί
3022 825 3183 881 φησιν
3221 808 3251 859 6
3283 806 3438 874 λόγος
3473 804 3534 857 τὸ
3563 801 3784 873 πνεῦμα

2205 909 2314 963 τῶν
2343 908 2655 977 Αἰγυπτίων
2675 924 2689 937 °
2730 907 2871 959 κατὰ
2897 904 2953 956 δὲ
2981 903 3070 955 τὸν
3090 901 3401 972 Σύμμαχον,
3427 917 3445 948 ι
3467 897 3575 951 Καὶ
3603 895 3782 966 ῥαγή-

2209 1018 2356 1054 σεται
2390 999 2607 1071 πνεῦμα
2636 998 2909 1066 Αἰγύπτου
2936 997 2993 1047 ὲν
3025 996 3184 1064 αὐτῇ.
3222 1013 3240 1044 ι
3277 991 3433 1044 Κατὰ
3452 989 3507 1041 δὲ
3536 988 3628 1041 τὸν
3648 987 3783 1039 Θεο-

2204 1093 2450 1158 δοτίωνα,
2497 1112 2514 1144 ι
2563 1092 2673 1145 Kal
2706 1089 3054 1161 σχισθήσεται
3079 1085 3141 1138 τὸ
3174 1082 3387 1154 πνεῦμα
3415 1080 3690 1149 Αἰγύπτου
3720 1078 3781 1129 ὲν

2206 1188 2364 1257 αὐτῇ·
2406 1206 2423 1237 ι
2459 1187 2485 1239 6
2513 1185 2570 1237 δὲ
2629 1182 2887 1245 Ἀκύλας,
2919 1199 2937 1231 ‹
2974 1179 3083 1232 Kal
3105 1174 3535 1247 παραδοθήσεται
3561 1169 3781 1240 πνεῦμα

2206 1276 2479 1348 Αἰγύπτου
2511 1280 2567 1331 ἐν
2596 1276 2811 1345 ἐγκὰτῳ
2836 1272 3026 1342 αὐτῆς.
3057 1289 3075 1321 ι
3122 1268 3324 1322 Τούτου
3349 1265 3404 1319 δὲ
3438 1261 3777 1336 ῥηγνυμένου

2207 1375 2299 1427 καί
2332 1368 2872 1443 καταρῤιπτουμένου
2900 1369 2966 1419 ὲκ
3006 1364 3107 1434 τῆς
3145 1360 3487 1431 Ἐκκλησίας,
3526 1356 3778 1428 προκοπῇ

2204 1467 2312 1522 τῶν
2341 1464 2650 1534 Αἰγυπτίων
2693 1460 2885 1532 βουλὰς
2926 1455 3167 1528 πονηρὰς
3204 1451 3575 1512 ἐπινοούντων,
3613 1445 3776 1515 Ἐγὼ,

2207 1560 2394 1630 φησὶν,
2411 1557 2571 1621 αὐτὸς
2588 1558 2622 1629 6
2644 1553 2867 1625 Κύριος,
2881 1551 2981 1621 τὴν
3009 1547 3198 1621 βουλὴν
3221 1543 3398 1599 αὐτῶν
3418 1540 3776 1595 διασκεδάσω.

2212 1673 2231 1704 ι
2268 1651 2376 1705 Kal
2402 1650 2807 1722 ὲπερωτήσουσι
2830 1647 2956 1706 τοὺς
2978 1643 3133 1705 θεοὺς
3163 1639 3359 1703 αὐτῶν,
3389 1636 3484 1691 καὶ
3518 1635 3586 1689 τὰ
3610 1634 3782 1704 ἀγάλ-

2211 1761 2354 1815 ματα
2396 1742 2592 1807 αὐτῶν,
2638 1740 2732 1794 καὶ
2771 1739 2896 1801 τοὺς
2936 1738 3000 1789 ὲκ
3042 1735 3141 1805 τῆς
3182 1732 3285 1802 γῆς
3327 1729 3652 1801 φωνοῦντας,
3684 1727 3785 1781 καὶ

2206 1837 2333 1899 τοὺς
2364 1831 2852 1904 ἐγγαστριμύθους.
2894 1848 2912 1879 ι
2947 1825 3144 1883 Οὐκέτι
3190 1822 3413 1894 μηδενὸς
3446 1819 3648 1873 τούτων
3682 1818 3781 1870 αὑ·-

2136 1906 2180 1961 B
2207 1929 2319 1988 τοῖς
2349 1923 2590 1993 συνήθως
2637 1918 2984 1991 φαινομένου,
3023 1918 3102 1980 εἰς
3145 1914 3378 1984 ἐσχάτην
3415 1908 3779 1981 ἐμπεσοῦνται

2208 2017 2458 2088 ἀπορίαν,
2504 2035 2522 2066 ι
2558 2015 2669 2069 Kal
2698 2009 3001 2084 παραδώσω
3039 2007 3139 2079 τὴν
3176 2005 3446 2075 Αἴγυπτον
3474 2003 3552 2065 είς
3590 2003 3781 2072 χεῖρας

2206 2108 2529 2181 ἀνθρώπων,
2579 2106 2783 2179 κυρίων
2830 2099 3097 2173 σκληρῶν,
3142 2100 3235 2153 καὶ
3278 2098 3515 2169 βασιλεῖς
3550 2093 3782 2165 σκληροὶ

2208 2199 2586 2271 κυριεύσουσιν
2654 2196 2852 2250 αὐτῶν,
2914 2213 2932 2246 ι
3016 2188 3279 2245 Ἐνταῦθα
3346 2184 3631 2257 δηλοῦσθαι
3685 2182 3782 2236 τδν

2206 2290 2394 2361 χρόνον
2436 2284 2587 2359 οἶμαι
2626 2286 2726 2356 τῆς
2763 2284 2871 2337 τῶν
2903 2278 3305 2351 θεσπιζομένων
3348 2274 3640 2336 ἐκϐάσεως
3678 2288 3780 2342 με·-

2204 2380 2432 2451 ταὸολὴν
2469 2379 2574 2450 γὰρ
2617 2374 2835 2430 ἔσεσθαι
2865 2374 2965 2444 τῆς
3008 2370 3288 2443 βασιλείας
3328 2367 3435 2420 τῶν
3466 2364 3782 2433 Αἰγυπτίων

2207 2473 2483 2543 σημαίνει,
2510 2470 2651 2523 κατὰ
2680 2469 2805 2531 τοὺς
2836 2466 3062 2537 χρόνους
3096 2464 3195 2533 τῆς
3224 2460 3316 2513 τοῦ
3344 2458 3549 2529 Κυρίου
3575 2458 3653 2520 εἰς
3684 2454 3783 2543 at.

2205 2542 2408 2631 γυπτον
2445 2560 2700 2629 ἀφίξεως.
2734 2556 2843 2610 Καὶ
2884 2555 2970 2618 τίς
2993 2554 3093 2606 οὐκ
3129 2552 3194 2605 ἂν
3225 2545 3542 2615 ἐκπλαγείη,
3571 2542 3781 2613 συμϐα-

2204 2653 2311 2708 λὼν
2339 2654 2463 2718 τοὺς
2492 2652 2584 2706 τοῦ
2622 2649 2888 2722 σωτηρίου
2914 2646 3266 2718 κηρύγματος
3297 2640 3390 2694 καὶ
3416 2638 3515 2707 τῆς
3539 2639 3597 2689 ὲν
3626 2633 3780 2705 αὐτῷ

2204 2743 2552 2806 καταλύσεως
2596 2741 2689 2795 τοῦ
2737 2739 2857 2794 κατ’
2912 2738 3186 2806 Αἴγυπτον
3250 2730 3540 2804 βασιλείου,
3589 2728 3664 2791 ὡς
3717 2726 3779 2793 ἐξ

2203 2838 2409 2893 ἐκείνου
2455 2835 2550 2889 καὶ
2579 2837 2657 2897 εἰς
2697 2832 2855 2905 δεῦρο
2898 2830 3091 2903 μηκέτι
3131 2826 3309 2881 αὐτῶν
3350 2825 3476 2886 τοὺς
3513 2822 3777 2893 πρότερον

2203 2933 2486 3002 ἄρχοντας,
2517 2928 2659 2996 λέγω
2690 2924 2754 2996 δὴ
2781 2924 2907 2987 τοὺς
2934 2918 3322 2992 Πτολεμαίους,
3356 2916 3594 2988 κρατεῖν,
3640 2911 3777 2963 Ῥω-

2209 3024 2399 3095 μαίους
2426 3022 2481 3074 δὲ
2514 3018 2696 3073 αὐτῶν
2728 3016 2950 3088 κυρίους
2979 3011 3388 3083 ἀποφανθῆναις

2287 3115 2430 3167 Ἀντί
2471 3113 2527 3165 δὲ
2559 3110 2675 3175 τοῦ,
2714 3128 2732 3161 t
2778 3107 3012 3179 βασιλεῖς
3053 3104 3299 3175 σκληροὶ,
3356 3120 3375 3152 ι
3412 3102 3440 3153 6
3476 3099 3573 3169 μὲν
3617 3094 3777 3148 Ἀκύ-

2204 3207 2323 3272 λας,
2364 3225 2383 3257 ι
2421 3205 2532 3257 Kal
2563 3201 2813 3273 βασιλεὺς
2843 3195 3319 3270 κεκραταιωμένος
3343 3190 3646 3263 βασιλεύσει
3676 3189 3778 3241 αύ-

2204 3299 2335 3364 τῶν,
2388 3319 2405 3349 ι
2464 3295 2717 3368 εἴρηκεν’
2761 3294 2789 3345 6
2827 3292 2883 3344 δὲ
2923 3290 3239 3361 Σύμμαχος,
3289 3305 3307 3336 ι
3360 3284 3467 3337 Kal
3520 3280 3777 3351 βασιλεὺς

2206 3391 2438 3462 σκληρὸς
2471 3387 2771 3454 ὲξουσιάσει
2806 3382 3019 3439 αὐτῶν⁹
3058 3401 3076 3433 ›
3121 3381 3149 3432 ὁ
3179 3380 3237 3432 δὲ
3268 3375 3576 3438 Θεοδοτίων,
3616 3391 3634 3424 ι
3665 3372 3781 3426 Καὶ

2206 3485 2455 3557 βασιλεὺς
2501 3479 2719 3550 ίσχυρὸς
2758 3475 3034 3544 κυριεύσει
3087 3468 3286 3525 αὐτῶν.
3330 3488 3348 3519 ι
3407 3467 3595 3529 Εἴποις
3627 3464 3670 3517 δ’
3710 3464 3779 3517 ἂν

2202 3576 2390 3630 τοῦτον
2429 3570 2567 3626 εἶναι
2598 3570 2689 3622 τὸν
2726 3568 2869 3621 κατὰ
2900 3568 3025 3629 τοὺς
3069 3563 3293 3635 χρόνους
3338 3559 3438 3629 τῆς
3475 3558 3779 3628 γεννήσεως

2202 3668 2296 3721 τοῦ
2354 3669 2604 3741 Σωτῆρος
2664 3667 2820 3739 ἡμῶν
2877 3664 2983 3718 τῶν
3027 3658 3309 3732 Ῥωμαίων
3362 3655 3779 3728 μοναρχήσαντα

2205 3759 2446 3831 βασιλέα.
2483 3761 2615 3814 Τότε
2632 3759 2762 3829 γοῦν
2791 3756 3096 3825 Αὔγουστος
3130 3746 3607 3823 κεκραταιωμένος
3635 3743 3774 3816 ἀλη-

2204 3851 2311 3915 θῶς
2344 3852 2438 3906 καὶ
2479 3850 2714 3923 ἰσχυρῶς
2757 3848 3079 3921 βασιλεύων,
3121 3843 3335 3917 πρῶτος
3374 3840 3470 3910 τὴν
3503 3837 3778 3905 Αἴγυπτον

2204 3944 2436 4011 ὑπέταξε
2482 3944 2792 4015 Ῥωμαίοις,
2823 3938 3067 3995 καθελὼν
3096 3938 3195 4009 τὴν
3230 3938 3292 3988 ἐκ
3325 3931 3534 4005 μακροῦ
3565 3930 3777 4000 κρατή-

2204 4054 2375 4090 σασαν
2400 4037 2650 4109 διαδοχὴν
2677 4036 2797 4089 τῶν
2812 4035 2942 4105 παρ’
2968 4032 3151 4094 αὐτοῖς
3184 4024 3615 4099 βασιλευσάντων
3640 4022 3776 4073 Πτο-

2499 4219 2647 4289 λέγει
2680 4216 2887 4292 Κύριος
2936 4211 3161 4267 Σαϐαὼθ
3183 4228 3194 4243 ·
3240 4212 3350 4264 Kal
3390 4209 3603 4261 πίονται
3632 4206 3776 4279 ὕδωρ

2200 4317 2261 4370 τὸ
2310 4314 2461 4386 παρὰ
2509 4312 2782 4366 θάλασσαν
2821 4310 2869 4362 οί
2903 4306 3207 4377 Αἰγύπτιοι.
3260 4324 3278 4355 ι
3348 4300 3486 4355 Ἀνθ’
3523 4294 3583 4354 οῦ
3615 4301 3644 4352 6
3676 4300 3775 4370 μὲν

2213 4407 2461 4470 Ἀκύλας,
2493 4426 2510 4457 ι
2538 4406 2649 4458 Καὶ
2678 4401 3103 4471 ἁναποθήσεται,
3142 4397 3327 4467 φησιν,
3355 4394 3523 4449 ὕδατα
3551 4392 3658 4447 ἀπὸ
3688 4390 3776 4446 θα-

2199 4498 2404 4570 λάσσης
2424 4516 2437 4528 ·
2478 4518 2496 4549 ι
2533 4500 2560 4549 6
2588 4496 2643 4549 δὲ
2671 4495 2982 4565 Σύμμαχος,
3024 4511 3042 4543 ι
3081 4491 3189 4544 Kal
3217 4486 3639 4559 ἀφανισθήσεται
3668 4486 3777 4538 ἀπὸ

521 4592 697 4647 aqua}.
732 4598 753 4632 ι
799 4580 895 4635 ilic
931 4599 1093 4648 porro
1138 4600 1235 4653 per
1279 4586 1448 4641 maria
1502 4587 1867 4643 turbulentam
1921 4588 2094 4662 [Egy-

2204 4590 2474 4660 θαλάσσης
2506 4589 2689 4641 ῦδατα.
2725 4607 2743 4637 ι
2779 4584 3070 4657 Τροπικῶς
3097 4582 3153 4635 δὲ
3175 4584 3203 4635 6
3231 4581 3385 4649 λόγος
3415 4579 3689 4641 θαλάσσας
3717 4580 3776 4631 ἐν

521 4673 758 4740 ptiorum
812 4676 1209 4734 multitudinem
1258 4679 1642 4736 subindicavit.

593 4856 759 4917 Vens.
798 4862 852 4919 6.
900 4882 918 4914 ι
961 4864 1179 4922 Fluvius
1209 4876 1389 4921 autem
1436 4864 1652 4923 deﬁciet
1692 4879 1748 4924 et
1789 4879 2091 4928 exarescet.

521 4946 589 5002 Et
624 4949 873 5005 deﬁcient
912 4953 1157 5021 ﬂumina,
1196 4966 1251 5011 et
1313 4959 1531 5013 canales
1589 4957 1780 5025 ﬂuvii,
1825 4970 1880 5015 et
1916 4959 2096 5015 easie-

520 5039 734 5094 cabitur
769 5046 947 5100 ornuis
1009 5050 1357 5118 congregatio
1416 5066 1704 5121 aquarum.
1758 5070 1777 5103 ι
1838 5050 1908 5106 Ut
1954 5068 2094 5108 novo

520 5132 641 5188 illos
668 5145 792 5203 potu
824 5139 1062 5208 excipias
1089 5160 1102 5195 :
1142 5157 1265 5196 cum
1298 5144 1443 5199 enim
1478 5159 1651 5213 neque
1682 5144 1879 5199 ﬂumen
1916 5160 2094 5216 neque

522 5226 626 5281 alia
666 5226 717 5282 in
764 5229 997 5301 ngypto
1040 5249 1179 5303 aqua
1210 5237 1467 5306 supersit,
1504 5253 1604 5292 nec
1640 5238 1850 5294 marina
1901 5240 1966 5293 ad
2002 5254 2095 5308 po-

522 5325 633 5370 tum
667 5318 863 5375 idonea
905 5322 997 5387 sit,
1036 5339 1231 5379 novam
1278 5333 1335 5380 et
1374 5327 1718 5397 peregrinam
1749 5328 1867 5383 illos
1895 5344 2090 5398 aquam

522 5405 789 5464 bibitnros
828 5411 923 5467 ait.
969 5411 1101 5467 Erat
1140 5429 1304 5483 porro
1342 5416 1431 5471 illa
1462 5433 1581 5486 quae
1624 5434 1690 5473 ex
1733 5421 1974 5475 fontibus
2002 5436 2091 5475 sa-

520 5499 714 5556 lutaris
741 5518 769 5557 a
801 5503 1030 5561 Domino
1068 5506 1200 5577 ipsis
1240 5508 1708 5579 suppeditabatur.
1743 5511 1882 5579 Quin
1927 5513 2092 5569 etiam

520 5587 760 5649 Judaicis
795 5595 1172 5655 deﬁcientibus
1204 5602 1384 5671 aquis,
1414 5612 1664 5673 captores
1694 5604 1952 5672 piscium,
1995 5607 2093 5661 hu-

520 5701 804 5739 manarum
837 5704 1031 5758 nempe
1074 5692 1398 5761 animarum,
1443 5695 1708 5766 planctnri
1741 5711 1860 5752 esse
1903 5698 2091 5753 dicun-

594 5887 638 5920 ”
666 5886 856 5945 Matth.
899 5906 927 5946 x
948 5929 963 5953 .
996 5890 1083 5947 54.

2202 4683 2409 4746 τούτοις
2454 4682 2515 4735 τὸ
2563 4679 2875 4755 ταραχῶδες
2922 4676 3125 4749 πλῆθος
3164 4674 3270 4729 τῶν
3314 4673 3622 4742 Αἰγυπτίων
3660 4672 3775 4743 ᾐνί-

2204 4776 2351 4843 ξατο.

2279 4888 2297 4920 ι
2348 4868 2404 4921 Ὀ
2454 4867 2510 4921 δὲ
2542 4867 2783 4937 ποταμὸς
2813 4863 3049 4934 ἐκλείψει
3085 4861 3177 4915 καὶ
3211 4860 3626 4931 ξηρανθήσεται.
3664 4858 3775 4909 Kal

2203 4960 2537 5030 ἐκλείψουσιν
2568 4962 2616 5012 οἱ
2651 4958 2903 5029 ποταμοὶ,
2935 4958 3029 5010 καὶ
3078 4956 3132 5008 αἱ
3171 4953 3436 5025 διώρυγες
3477 4950 3571 5004 τοῦ
3604 4968 3774 5003 ποτα-

2206 5053 2328 5124 μοῦ,
2378 5054 2470 5107 καὶ
2520 5051 2911 5124 ξηρανθήσεται
2956 5050 3104 5101 πᾶσα
3147 5044 3434 5115 συναγωγὴ
3476 5043 3705 5097 ὑδάτων.
3752 5061 3773 5092 ›

2214 5148 2301 5209 Ὡς
2340 5146 2522 5201 καινὸν
2565 5145 2745 5206 αὐτοῖς
2777 5140 2990 5213 ξενίζῃς
3036 5141 3215 5193 πότον’
3256 5138 3452 5209 μηκέτι
3503 5135 3612 5207 γὰρ
3641 5136 3774 5203 ὑφε-

2204 5238 2403 5301 στῶτος
2433 5237 2524 5289 τοῦ
2556 5233 2821 5305 ποταμοῦ,
2858 5233 2991 5304 μηδὲ
3021 5232 3206 5302 ἐτέρου
3243 5226 3612 5297 Αίγυπτιακοῦ
3648 5225 3774 5280 66a-

2199 5348 2310 5394 τος,
2334 5328 2467 5383 ἀλλὰ
2501 5328 2633 5399 μηδὲ
2667 5326 2759 5380 τοῦ
2794 5325 3078 5379 θαλαττίου
3115 5322 3417 5393 ἐπιτηδείου
3452 5322 3603 5384 ὄντος
3635 5322 3774 5390 πρὶς

2202 5423 2379 5487 πόσιν,
2420 5422 2536 5475 νέον
2584 5422 2676 5473 καὶ
2716 5418 2863 5484 ξένον
2910 5418 3051 5489 ὕδωρ
3108 5416 3327 5470 πίεσθαι
3371 5414 3567 5478 αύτούς
3612 5431 3771 5485 φησί’

2200 5513 2358 5567 τοῦτο
2387 5513 2443 5566 δὲ
2463 5508 2529 5583 ἦν
2564 5512 2624 5564 τὸ
2651 5514 2712 5564 ὲκ
2739 5511 2846 5564 τῶν
2872 5510 3063 5581 πηγῶν
3092 5508 3184 5562 τοῦ
3204 5508 3473 5579 σωτηρίου
3504 5505 3653 5577 παρὰ
3677 5505 3774 5558 τοῦ

2202 5606 2407 5678 Κυρίου
2444 5606 2625 5669 αὐτοῖς
2659 5604 3079 5676 χορηγούμενον.
3141 5601 3299 5655 Ἀλλὰ
3338 5600 3446 5672 γὰρ
3495 5600 3588 5653 καὶ
3626 5599 3772 5652 έκλι-

2201 5700 2407 5753 πύντων
2464 5699 2569 5753 τῶν
2630 5697 2932 5751 Ἰουδαϊκῶν
2986 5695 3215 5762 ύδάτων,
3268 5696 3318 5748 οἱ
3370 5694 3604 5767 θηραταί
3660 5690 3772 5747 τῶν
