3984 6512
228 382 336 437 225

1191 378 1695 437 COMMENTARIA
1737 370 1815 436 IN‘
1845 382 2096 439 ISAIAM.
2138 412 2208 423 —
2243 385 2398 443 CAP.
2439 387 2582 444 XIX.

3379 392 3485 451 226

230 497 452 573 ἰχθύων,
480 500 685 573 δηλαδὴ
721 500 830 554 τῶν
864 498 1219 577 άνθρωπίνων
1250 499 1476 571 ζψυχῶν,
1522 501 1800 573 πενθήσειν

1914 508 2021 556 tur.
2070 500 2194 557 Illos
2231 511 2413 558 autem
2454 519 2483 559 a
2535 503 2798 575 propheta
2828 514 3159 561 memoratos
3187 504 3486 575 piscatores

225 592 488 661 λέγονται.
516 593 750 664 Νοήσεις
776 592 833 646 δὲ
862 594 989 655 τοὺς
1019 593 1076 645 ἐν
1097 590 1175 662 τῷ
1206 593 1459 664 προφήτῃ
1485 592 1809 658 λεγομένους

227 685 396 748 ἁλιεῖς
434 687 533 739 καὶ
564 684 887 756 άμφιὸολεῖς
930 684 988 751 ἐξ
1026 678 1228 757 ἐτὲρων
1260 684 1454 739 ἁλιέων
1503 685 1598 739 καὶ
1641 703 1809 757 σαγη-

219 778 452 839 νευτῶν,
486 777 631 845 λέγω
660 778 723 848 δὴ
754 779 862 831 τῶν
893 778 1226 841 ἀποστόλων,
1271 780 1365 832 καί
1414 779 1671 850 μαθητῶν
1710 779 1806 834 τοῦ

225 870 480 942 Σωτῆρος
530 870 710 942 ἡμῶν,
754 865 835 934 οἷς
882 870 1121 939 ἐλέγετο,
1172 890 1191 922 ι
1227 871 1411 938 Δεῦτε,
1455 873 1550 927 καὶ
1598 873 1807 941 ποιήσω

225 964 367 1033 ὑμᾶς
390 963 566 1026 ἁλιεῖς
585 962 905 1034 ἀνθρώπων.
947 983 965 1015 ι
994 964 1056 1016 Εἰ
1090 963 1199 1036 γὰρ
1227 958 1369 1018 οῦτοι
1392 963 1479 1017 διὰ
1502 964 1601 1035 τῆς
1628 963 1807 1019 αὐτῶν

223 1052 571 1118 διδασκαλίας
605 1055 861 1127 ἐθήρευον
887 1055 988 1119 τὰς
1015 1054 1123 1107 τῶν
1148 1056 1448 1128 ἀνθρώπων
1490 1056 1686 1127 ψυχὰς,
1720 1057 1808 1111 ἐλ-

224 1164 413 1211 κοντες
438 1148 533 1201 ἐπὶ
578 1148 873 1219 σωτηρίαν,
908 1149 996 1203 διὰ
1035 1149 1087 1202 τί
1120 1151 1220 1203 οὑκ
1248 1148 1313 1201 ἂν
1353 1149 1526 1211 εῖποις
1557 1149 1807 1213 καὶτοὺς

222 1240 543 1307 Αἰγυπτίων
594 1239 918 1310 λεγομένους
964 1240 1132 1304 ἁλιεῖς
1172 1241 1266 1294 καὶ
1310 1239 1631 1311 ἀμφιϐολεῖς
1678 1242 1807 1305 τοὺς

222 1329 390 1382 πάλαι
412 1329 769 1394 διδασκάλους
796 1330 893 1401 τῆς
918 1332 1046 1402 παρ’
1077 1332 1261 1393 αὑτοῖς
1295 1328 1612 1400 φιλοσοφίας
1639 1325 1801 1396 εἶναι,

220 1420 267 1471 οῖ
308 1419 403 1475 διὰ
448 1422 551 1491 τῆς
589 1422 968 1492 Αἰγυπτιακῆς
1018 1422 1293 1493 γοητείας,
1346 1424 1665 1493 ἐπαγίδευον
1710 1424 1804 1478 καὶ

220 1512 411 1583 ὥσπερ
444 1512 725 1578 ἐδελέαξον
756 1515 880 1577 τοὺς
912 1514 1004 1567 ὑπ’
1044 1514 1221 1567 αὐτῶν
1256 1514 1675 1585 άλισκομένους’

292 1620 310 1651 ‹
352 1601 467 1654 Kal
492 1601 552 1654 ὲν
579 1603 739 1656 παντὶ
770 1603 879 1655 ἕλει
905 1602 1150 1674 καλάμου
1181 1604 1275 1657 καὶ
1315 1604 1465 1658 παπύ
1476 1622 1590 1677 ρου,
1618 1606 1713 1658 καὶ
1739 1606 1801 1659 τὸ

220 1691 310 1761 (Ξιχλ⁵
339 1691 405 1743 τὸ
440 1691 671 1764 χλωρὸν,
704 1693 812 1745 πᾶν
844 1693 906 1746 τὸ
938 1692 1123 1764 κύκλῳ
1147 1693 1241 1747 τοῦ
1266 1696 1532 1765 ποταμοῦ,
1560 1695 1656 1748 καὶ
1689 1697 1796 1750 πᾶν

216 1782 274 1835 τὸ
302 1783 668 1855 σπειρόμενον
707 1784 793 1837 διὰ
831 1783 925 1837 τοῦ
974 1784 1219 1856 ποταμοῦ
1252 1784 1647 1857 ξηρανθήσεται
1676 1786 1800 1839 ἅνε-

1909 603 1965 649 et
2016 595 2151 649 retia
2194 594 2462 662 jacientes
2509 595 2781 667 intelligas
2830 612 2893 653 ex
2956 599 3076 654 aliis
3121 598 3486 669 piscatoribus

1908 694 1961 740 et
2008 688 2223 755 sagenis
2268 688 2579 753 utentibus;
2630 704 2696 744 ex
2750 691 3009 759 apostolis
3060 693 3181 747 dico
3226 700 3280 748 et
3328 693 3489 748 disci-

1908 779 2050 849 pulis
2091 779 2389 834 Salvatoris
2429 781 2635 847 nostri,
2690 782 2884 851 quibus
2938 784 3250 850 dicebatur,
3300 803 3320 838 ‹
3380 786 3485 841 Ve-

1907 871 2043 937 nite,
2089 879 2144 926 et
2193 870 2384 926 faciam
2417 887 2512 926 vos
2577 872 2876 942 piscatores
2932 875 3209 930 hominum
3239 876 3305 930 “.
3356 895 3376 930 ι
3424 876 3484 933 Si

1907 963 2050 1018 enim
2099 962 2186 1018 isti
2219 964 2464 1018 doctrina
2498 979 2596 1019 sua
2633 964 2912 1019 hominum
2943 967 3155 1021 animas
3197 967 3485 1036 piscaban-

1907 1065 2018 1121 tur,
2058 1057 2125 1113 ad
2182 1058 2406 1113 salutem
2456 1058 2577 1113 illas
2613 1059 2929 1126 trahentes,
2987 1074 3087 1113 cur
3133 1075 3237 1115 non
3276 1060 3482 1115 dixeris

1908 1160 2236 1206 memoratos
2280 1148 2402 1204 illos
2448 1148 2831 1220 Egyptiorum
2889 1150 3191 1220 piscatores
3246 1159 3300 1205 et
3344 1150 3481 1205 retia

1899 1239 2167 1309 iacientes
2193 1286 2207 1306 ,
2246 1242 2413 1297 fuisse
2459 1242 2580 1298 illos
2623 1242 2752 1297 olim
2799 1242 3154 1312 philosophia:
3192 1244 3480 1307 doctores,

1903 1332 1994 1402 qui
2033 1348 2130 1403 per
2152 1332 2501 1406 Egyptiacas
2530 1335 2835 1405 praestigias
2901 1334 3272 1404 illaqueabant
3310 1342 3362 1389 et
3397 1335 3482 1389 in-

1905 1425 2165 1480 escabant
2188 1440 2282 1480 eos
2312 1439 2449 1496 quos
2486 1439 2681 1495 capere
2712 1436 2965 1496 poterant
2991 1426 3014 1480 ?

1978 1598 2136 1655 Vens.
2158 1601 2210 1670 7,
2243 1598 2297 1655 8.
2332 1618 2351 1652 ι
2386 1600 2454 1655 Ει
2478 1600 2531 1656 in
2561 1603 2707 1657 omni
2743 1600 2933 1671 palude
2963 1598 3153 1655 calami
3182 1608 3235 1654 et
3267 1598 3481 1670 papyri,

1900 1702 1956 1748 et
2008 1690 2133 1747 achi
2162 1693 2345 1748 virens
2370 1706 2531 1748 omne
2570 1693 2775 1748 circum
2803 1691 3025 1753 ﬂumen.
3056 1702 3109 1746 et
3146 1706 3306 1747 omne
3334 1689 3482 1761 quod

1900 1784 2199 1839 seminatur
2238 1784 2305 1837 ad
2335 1781 2557 1849 ﬂumen,
2594 1792 2806 1838 arescet
2851 1792 2905 1837 et
2938 1792 3103 1837 vento
3144 1782 3365 1853 peribit.
3408 1781 3477 1837 Et

219 1875 516 1947 μόςρθορον.
546 1877 654 1929 Kal
692 1877 1036 1942 στενάξουσιν
1063 1880 1110 1931 οἱ
1139 1878 1331 1942 ἁλιεῖς,
1361 1879 1452 1931 καὶ
1484 1878 1798 1944 στενάξουσι

1901 1885 2117 1948 gement
2153 1875 2474 1947 piscatores,
2528 1886 2582 1929 et
2628 1882 2846 1945 gement
2878 1890 3067 1929 omnes
3114 1875 3206 1943 qui
3260 1874 3483 1929 mittunt

216 1970 420 2031 πάντες
450 1970 503 2022 οἱ
534 1969 817 2040 βάλλοντες
854 1969 1149 2042 ἄγκιστρον
1178 1972 1258 2033 εἰς
1290 1971 1382 2023 τὸν
1417 1971 1682 2042 ποταμὸν,
1707 1970 1799 2025 καί⁸

212 2063 258 2115 οἱ
289 2062 581 2133 βάλλοντες
608 2064 850 2135 σαγήνας
879 2064 973 2117 καὶ
1006 2062 1326 2133 ἀμφιϐολεῖς
1351 2063 1727 2135 πενθήσουσιν.
1774 2082 1793 2116 ι

214 2155 462 2226 Παντελῆ
494 2156 551 2208 δὲ
590 2151 743 2225 οἶμαι
787 2156 1052 2228 ξηρασίαν
1097 2155 1303 2209 ὑδάτων
1347 2155 1437 2209 διὰ
1479 2156 1682 2212 τούτων
1711 2174 1801 2229 ση-

218 2245 452 2315 μαίνειν,
492 2244 568 2308 ὡς
607 2245 741 2315 μηδὲ
787 2244 933 2315 ἴχνος
965 2244 1183 2298 νοτίδων
1226 2245 1433 2299 ὑδάτων
1468 2247 1602 2318 μήτε
1630 2248 1686 2299 ἐν
1720 2244 1799 2316 τῷ

214 2338 445 2409 ποταμῷ
482 2337 788 2407 φαίνεσθαι,
825 2338 962 2408 μήτε
997 2339 1054 2390 ἐν
1091 2336 1169 2407 τῷ
1192 2336 1300 2390 ἓλει
1347 2338 1473 2409 μήτ’
1502 2339 1645 2410 ἀμφὶ
1692 2337 1799 2391 τῶν

212 2430 479 2501 ποταμῶν
507 2429 680 2493 ἐκτός,
711 2428 835 2499 μήτ’
856 2430 914 2481 ἐν
933 2426 1081 2499 αὑτῷ
1103 2428 1270 2500 μέσῳ,
1297 2430 1420 2501 μήτ’
1442 2431 1499 2481 ἐν
1523 2429 1796 2501 διώρυξιν,

216 2523 339 2594 μήτ’
366 2523 427 2574 ἐν
452 2521 738 2592 στασίμοις
776 2519 993 2574 ὕδασινο
1031 2519 1203 2589 λεῖψιν
1246 2520 1303 2573 δὲ
1336 2520 1549 2592 ἁθρόως
1594 2520 1798 2574 τούτων

211 2615 431 2669 ἔσεσθαι
476 2614 751 2677 ἁπάντων,
786 2613 862 2677 ὼς
895 2613 1145 2685 μηδαμοῦ
1188 2614 1289 2684 τῆς
1330 2614 1646 2683 Αἰγυπτίων
1696 2619 1798 2685 γῆς

212 2707 379 2762 ῦδατα
427 2707 748 2777 ὑφεστάναι.
794 2705 934 2758 Ἀλλ’
973 2700 1125 2769 οὗτος
1165 2707 1193 2758 6
1235 2704 1391 2774 λόγος
1431 2707 1526 2759 καὶ
1564 2706 1655 2759 τὸν
1697 2708 1797 2760 οὑκ

212 2800 466 2856 ἐθέλοντα
491 2800 738 2871 βιάζεται
760 2798 851 2852 ἐπὶ
873 2798 1139 2871 τροπικὴν
1169 2798 1514 2868 μεταϐαίνειν
1541 2798 1794 2870 θεωρίανο

144 2892 149 2896 ’
209 2894 351 2947 ὥστε
380 2892 440 2959 ἐξ
473 2892 719 2961 ἀνάγκης
750 2891 1028 2961 ποταμοὺς
1049 2892 1141 2945 καὶ
1171 2890 1336 2944 ῦδατα
1358 2893 1498 2944 νοεῖν
1524 2890 1796 2959 Αἰγύπτια

210 2989 329 3058 ἦτοι
353 2986 423 3039 τὰ
446 2984 625 3056 πλήθη
650 2985 752 3055 τῆς
778 2984 1159 3053 Αἰγυπτιακῆς
1182 2983 1482 3053 δυνάμεως,
1511 2983 1544 3053 ἢ
1568 2983 1667 3055 τὴν
1700 2982 1797 3053 βα·-

213 3080 418 3133 σιλείαν
464 3077 642 3130 αὑτῶν
690 3078 789 3147 τὴν
840 3076 1005 3130 πάλαι
1050 3074 1298 3146 ποταμοῦ
1342 3076 1497 3145 δίκην
1537 3075 1795 3146 πλημμυ-

214 3172 412 3243 ροῦσαν
439 3170 473 3241 ἢ
504 3170 625 3223 καθ’
656 3169 850 3241 ἑτέραν
895 3168 1140 3239 ἐκδοχὴν,
1178 3169 1278 3239 τὴν
1308 3170 1460 3262 amp:
1476 3169 1793 3237 Αἰγυπτίοις
1822 3200 1865 3262 c

209 3266 269 3317 τὸ
290 3264 525 3318 παλαιὸν
548 3261 899 3333 ἀκμάζουσαν
917 3259 1252 3329 φιλοσοφίαν,
1276 3276 1342 3311 πε
1353 3261 1404 3331 pl
1429 3254 1497 3331 ἦς
1521 3259 1787 3314 λέλεκται·

216 3374 236 3408 ς
275 3357 387 3410 Kal
424 3353 718 3424 ἐπαιδεύθη
747 3352 988 3421 Μωῦσῆς
1024 3351 1172 3423 πάσῃ
1200 3350 1361 3422 σοφίᾳ
1387 3352 1717 3420 Αἰγυπτίων.
1769 3370 1788 3403 ι

211 3448 388 3520 Πολλὴ
413 3448 524 3519 γάρ
552 3464 634 3510 τις
655 3441 722 3516 ἦν
746 3444 902 3517 αὑτὴ,
931 3444 1023 3497 καὶ
1051 3444 1221 3513 μέγας
1243 3445 1270 3496 6
1299 3446 1424 3514 παρ’
1449 3444 1633 3506 αὑτοῖς
1657 3443 1793 3514 ῥέων

212 3540 478 3611 ποταμὸς,
508 3541 537 3591 6
574 3538 674 3609 τῆς
714 3538 846 3609 παρ’
894 3536 1076 3599 αὑτοῖς
1124 3534 1545 3607 θαυμαζομένης
1602 3536 1794 3605 σοφίας

209 3632 386 3701 λόγος.
415 3630 622 3683 Τούτου
659 3628 716 3681 δὲ
752 3628 965 3699 ὑπῆρχε
1014 3628 1151 3697 μέρη
1184 3625 1354 3679 πολλὰ
1387 3643 1795 3697 κατακερματι-

209 3708 442 3795 ζομένου
472 3724 551 3784 εἰς
574 3720 844 3792 διώρυγας
866 3720 1088 3783 πολλὰς,
1119 3719 1215 3772 καὶ
1244 3720 1322 3782 εἰς
1351 3718 1575 3783 πολλοὺς
1620 3720 1797 3792 μαθη-

208 3810 305 3875 τὰς
345 3810 456 3863 τῶν
507 3809 628 3863 καθ’
670 3810 898 3862 ἕκαστον
952 3808 1062 3860 τῶν
1104 3808 1231 3877 παρ’
1268 3808 1450 3870 αὑτοῖς
1501 3808 1792 3879 μαθήσεων

206 3902 403 3971 λόγων,
436 3900 495 3966 ἐξ
524 3895 598 3955 ὧν
622 3900 781 3970 ἔφυον
805 3901 904 3953 οὑκ
940 3899 1173 3971 ἄμπελοι
1206 3898 1326 3952 ούδέ
1364 3899 1562 3962 ἐλαῖαι,
1593 3900 1711 3953 οὐδέ
1738 3918 1791 3952 τι

207 3994 315 4047 τῶν
371 3992 669 4065 καρπίμων
707 3992 816 4045 τῶν
860 3992 1171 4059 ἀναγκαίων
1216 3993 1468 4065 δένδρων,
1510 3992 1647 4046 ἀλλᾶ
1695 3994 1794 4047 πά-

208 4102 399 4157 πυρος,
442 4085 687 4155 κάλαμος
712 4086 806 4139 καὶ
836 4085 896 4139 τὸ
930 4085 1137 4155 χλωρὸν
1168 4086 1280 4157 ἁχί.
1329 4086 1581 4157 Σαγήνας
1607 4086 1663 4139 δὲ
1687 4087 1785 4139 αὑ-

207 4177 315 4230 τῶν
342 4178 560 4247 νοήσεις
596 4175 703 4229 ἀπὸ
728 4176 828 4245 τῆς
868 4176 960 4229 τοῦ
992 4177 1242 4247 Σωτῆρος
1278 4177 1434 4247 ἡμῶν
1475 4177 1791 4249 παραϐολῆς

201 4268 271 4321 δι’
307 4264 377 4341 ἧς
416 4267 667 4339 εἴρηται·
708 4286 725 4318 ι
772 4268 961 4339 Ὁμοία
989 4268 1135 4321 ἐστὶν
1162 4270 1195 4338 ἡ
1223 4267 1463 4338 βασιλεία
1495 4269 1601 4321 τῶν
1625 4270 1791 4340 οὑρα-

202 4361 313 4414 νῶν
342 4362 554 4431 σαγήνῃ
598 4359 856 4432 βληθείσῃ
882 4362 961 4423 είς
994 4360 1092 4431 τὴν
1130 4358 1425 4425 θάλασσαν,
1464 4362 1558 4414 καὶ
1598 4362 1790 4416 συλλα-

200 4451 377 4526 ϐούσῃ
405 4453 515 4505 ἀπὸ
549 4452 748 4516 παντὸς
779 4452 966 4521 γένους
996 4450 1209 4522 ἰχθύων.
1245 4469 1264 4502 ι
1310 4451 1515 4524 Ὥσπερ
1545 4453 1601 4506 δὲ
1636 4456 1693 4507 ἐν
1721 4458 1785 4525 τῇ

1901 1968 2121 2022 hamum
2159 1969 2211 2021 in
2253 1966 2472 2030 ﬂumen,
2509 1975 2561 2021 et
2604 1969 2697 2037 qui
2744 1968 2968 2021 mittunt
3005 1981 3257 2036 sagenas,
3294 1975 3351 2021 et
3384 1966 3477 2035 qui

1902 2060 2123 2113 mittunt
2164 2059 2325 2125 retia,
2387 2059 2669 2127 lugehunt.
2720 2077 2739 2111 ι
2785 2057 2880 2112 His
2921 2059 3287 2113 omnimodam
3329 2057 3479 2112 arbi-

1903 2158 2017 2203 tror
2065 2163 2326 2235 aquarum
2381 2148 2691 2202 siccitatem
2745 2147 3014 2214 indicari,
3072 2148 3145 2202 ita
3199 2158 3259 2204 ut
3304 2163 3479 2219 neque

1901 2241 2186 2313 vestigium
2227 2240 2471 2295 humoris
2510 2254 2699 2310 aqum,
2741 2239 2823 2294 vel
2860 2240 2910 2293 in
2948 2239 3137 2303 fluvio,
3173 2240 3255 2295 vel
3298 2241 3348 2294 in
3391 2256 3478 2310 pa-

1899 2333 2047 2398 lude,
2102 2333 2189 2387 vel
2226 2343 2380 2389 extra
2420 2331 2641 2386 ﬂumina
2670 2332 2722 2386 in
2761 2332 3016 2397 circuitu,
3063 2333 3146 2388 vel
3184 2335 3236 2387 in
3277 2334 3476 2397 medio,

1900 2426 1981 2481 vel
2017 2427 2069 2481 in
2097 2426 2395 2489 canalibus,
2429 2424 2514 2479 vel
2545 2425 2597 2479 in
2635 2426 2791 2494 aquis
2820 2441 2924 2481 non
2959 2424 3272 2493 fluentibus,
3304 2441 3470 2497 appa-

1901 2525 2055 2583 reat,
2112 2516 2205 2571 sed
2247 2518 2491 2571 omnium
2531 2514 2820 2570 confertim
2862 2517 3113 2570 vacuitas
3159 2525 3214 2570 et
3256 2516 3475 2585 penuria

1902 2608 2081 2662 futura
2118 2608 2221 2672 sit,
2273 2607 2346 2662 ita
2381 2617 2437 2661 ut
2482 2608 2534 2661 in
2566 2607 2797 2677 Egypto
2827 2623 3093 2676 nusquam
3135 2623 3289 2677 aqua:
3324 2624 3475 2663 com-

1898 2710 2143 2768 pareant.
2177 2700 2373 2755 Verum
2410 2700 2496 2754 hic
2522 2715 2702 2755 sermo
2729 2700 2815 2754 vel
2849 2701 3076 2753 invitum
3102 2716 3373 2770 quemque
3407 2701 3474 2754 ad

1901 2792 2178 2861 figuratam
2235 2793 2655 2862 speculationem
2712 2792 2762 2845 vi
2817 2794 3120 2861 pertrahit,
3162 2793 3236 2847 ita
3272 2801 3331 2845 ut
3378 2807 3473 2848 ne-

1899 2883 2136 2938 cessario
2181 2896 2277 2952 per
2306 2883 2628 2955 Egyptiaca
2659 2883 2883 2938 ﬂumina
2945 2896 3000 2939 et
3049 2900 3218 2954 aquas
3278 2885 3472 2940 intelli-

1898 2986 1991 3042 gas
2020 2970 2353 3043 z’Egyptiacze
2384 2974 2637 3042 potentia:
2665 2974 2770 3027 vim
2812 2984 2866 3027 et
2902 2974 3323 3041 multitudinem,
3376 2991 3471 3031 nec

1900 3079 2002 3116 non
2045 3078 2264 3133 regnum
2302 3078 2515 3125 eorum,
2557 3063 2702 3131 quod
2740 3064 2866 3118 olim
2910 3064 3144 3121 ﬂuminis
3180 3067 3351 3120 instar
3378 3083 3469 3121 ex-

1898 3156 2173 3222 undabat;
2215 3156 2329 3210 sive
2377 3158 2674 3211 secundum
2720 3157 2882 3212 aliam
2930 3159 3323 3227 interpretandi
3378 3175 3467 3212 ra-

1900 3250 2121 3312 tionem,
2176 3249 2570 3319 philosophiam
2610 3250 2739 3305 olim
2770 3252 2909 3320 apud
2955 3250 3241 3322 Egyptios
3272 3253 3468 3308 ﬂoren-

1898 3348 2035 3394 tem:
2075 3340 2141 3394 de
2183 3355 2293 3409 qua
2330 3342 2531 3396 dietum
2575 3356 2689 3406 εει,
2736 3361 2753 3394 ι
2804 3344 3089 3397 lnstitutus
3130 3356 3213 3400 est
3256 3344 3468 3416 Moyses

1896 3428 1948 3482 in
1990 3431 2134 3484 omni
2171 3432 2437 3498 sapientia
2478 3431 2862 3503 Egyptiorum
2889 3436 2958 3491 ⁸⁵.
3001 3454 3018 3487 ι
3053 3436 3242 3506 Magna
3274 3439 3471 3506 quippe

1894 3520 2197 3591 antiquitus
2244 3522 2329 3576 illa
2376 3533 2530 3585 erat,
2576 3541 2828 3594 magnum
2874 3526 2944 3580 ibi
2983 3526 3218 3595 llumen,
3276 3543 3470 3599 magna

1894 3628 2106 3684 quoque
2135 3630 2301 3685 penes
2344 3617 2462 3673 illus
2499 3628 2619 3672 erat
2661 3620 2964 3687 sapientia},
2997 3637 3158 3689 quam
3198 3620 3468 3675 miraban-

1896 3715 2002 3773 tur,
2049 3708 2209 3762 ratio.
2242 3709 2423 3763 lllultre
2466 3726 2629 3779 porro
2675 3722 2853 3779 partes
2892 3725 3048 3766 erant
3086 3714 3242 3783 hujus
3292 3712 3469 3768 ﬂorui-

1895 3801 1997 3865 nis,
2035 3802 2192 3857 divisi
2224 3818 2418 3872 nempe
2458 3806 2511 3858 in
2547 3805 2742 3861 multos
2764 3806 3018 3873 canales,
3060 3806 3111 3861 in
3148 3806 3344 3863 multos
3385 3809 3469 3863 ni-

1896 3896 2089 3950 mirum
2131 3896 2423 3968 discipulos
2454 3900 2746 3953 secundum
2788 3900 2966 3953 varias
3000 3900 3335 3971 singulorum
3384 3901 3467 3957 di-

1892 3987 2189 4057 sciplinas‘:
2236 4003 2302 4043 ex
2325 3990 2525 4057 quibus
2549 3989 2887 4059 pullulabant
2924 4007 3029 4046 non
3060 3992 3254 4057 vineae,
3288 4008 3467 4063 neque

1892 4077 2067 4144 olivae,
2116 4094 2290 4150 neque
2338 4081 2445 4134 alia
2486 4082 2751 4151 quaepiam
2781 4097 2847 4136 ex
2886 4082 3154 4139 fructibus
3180 4101 3245 4140 ac
3274 4100 3465 4141 neces-

1892 4170 2053 4223 sariis
2107 4169 2437 4237 arboribus,
2488 4171 2581 4224 sed
2629 4186 2891 4240 papyrus,
2942 4172 3182 4228 calamus
3232 4184 3286 4227 et
3342 4176 3463 4230 achi

1892 4262 2092 4314 virens.
2122 4259 2365 4330 Sagenas
2392 4276 2553 4329 porro
2585 4276 2775 4316 eorum
2810 4262 3084 4333 intelligas
3109 4278 3174 4317 ex
3202 4266 3462 4334 parabola

1892 4350 2220 4415 Salvatoris,
2296 4366 2400 4420 qua
2480 4351 2710 4416 dicitur,
2777 4371 2795 4403 ι
2842 4352 3030 4408 Simile
3086 4362 3169 4408 est
3237 4370 3461 4424 regnum

1890 4441 2148 4497 calorum
2176 4456 2393 4511 sagenae
2421 4443 2596 4497 missa:
2620 4444 2672 4497 in
2712 4459 2881 4511 mare,
2916 4456 2969 4499 et
2991 4460 3056 4501 ex
3082 4449 3228 4501 omni
3263 4463 3461 4519 genere

201 4543 494 4615 παραϐολῇ
517 4546 564 4596 οἰ
593 4543 870 4615 ἄνθρωποι
902 4542 1084 4613 ἰχθύες
1112 4541 1378 4613 εἴρηνται,
1408 4544 1499 4596 καὶ
1524 4548 1733 4617 σαγήνη
1759 4546 1789 4598 ὁ

1900 4536 2117 4603 piscium
2152 4538 2498 4606 congreganti
2530 4538 2600 4589 ⁸⁸.
2643 4556 2661 4588 ι
2720 4537 3188 4604 Quemadmodum
3224 4555 3356 4596 vero
3402 4542 3458 4598 in

200 4634 334 4704 περί
363 4632 466 4703 τῆς
496 4632 772 4702 βασιλείας
798 4634 905 4686 τῶν
936 4632 1180 4705 οὐρανῶν
1222 4633 1573 4702 εὑαγγελικὸς
1594 4635 1748 4704 λόγος
1767 4654 1782 4668 σ

1900 4629 2145 4697 parabola
2180 4628 2429 4685 homines
2464 4646 2559 4699 pro
2587 4631 2844 4701 piscibus,
2863 4642 2916 4687 et
2950 4648 3047 4701 pro
3078 4648 3273 4705 sagena
3291 4650 3460 4691 evan-

198 4726 377 4789 οὕτως
406 4726 501 4779 καὶ
530 4724 766 4778 ἐνταῦθα
792 4726 826 4795 ἡ
863 4724 1202 4789 πολύπλοκος
1224 4726 1463 4797 δεινότης
1492 4728 1585 4781 τοῦ
1627 4730 1787 4797 Αἰγυ-

1900 4721 2089 4792 ;elicus
2135 4722 2201 4776 de
2252 4738 2420 4792 regno
2469 4723 2729 4778 cmlorum
2769 4739 2949 4779 sermo
3002 4725 3236 4791 dicitur,
3296 4726 3367 4781 ita
3405 4736 3459 4784 et

196 4816 360 4870 σιτίου
412 4816 595 4885 λόγου,
639 4816 725 4886 εἴη
774 4815 840 4869 ἂν
896 4817 1103 4888 σαγήνη
1142 4818 1233 4870 καὶ
1278 4815 1346 4869 τὰ
1399 4817 1786 4891 ἀμφίϐληστρα

1900 4816 1993 4869 hoc
2027 4815 2146 4869 loco
2186 4815 2458 4885 implicata
2492 4815 2579 4871 illa
2621 4816 2928 4888 Egyptiaci
2969 4821 3237 4875 sermonis
3279 4822 3455 4892 gravi—

193 4910 433 4979 ὁμοίως⁵
462 4912 511 4962 οἱ
541 4908 597 4962 δὲ
628 4910 1051 4981 σαγηνευόμενοι
1076 4910 1213 4981 πρὸς
1252 4909 1430 4963 αὑτῶν
1458 4910 1637 4981 ἰχθύες
1674 4908 1785 4965 εἷεν

1900 4916 1992 4970 tas,
2026 4924 2124 4977 pro
2154 4922 2352 4976 sagena
2384 4917 2440 4963 et
2476 4910 2678 4965 retibus
2705 4910 2957 4966 similiter
2993 4913 3329 4981 accipiatur;
3376 4911 3455 4980 pi-

193 5002 246 5051 οἰ
290 5003 405 5062 ταῖς
448 4999 755 5071 ἁπατηλαῖς
797 4999 1129 5069 σοφιστείαις
1171 5001 1250 5063 είς
1297 5002 1403 5053 πᾶν
1443 4996 1582 5064 εἶδος
1620 5002 1782 5055 ἀθέου

1900 5015 2009 5056 sces
2042 5015 2171 5055 vero
2210 5001 2275 5055 iis
2345 5001 2490 5071 capti
2548 5000 2771 5069 fuerint,
2806 5004 2897 5072 qui
2947 5002 3228 5062 fallacibus
3276 5003 3453 5073 sopbi-

192 5091 623 5163 δεισιδαιμονίας
682 5090 1100 5162 ὑποσυρόμενοι.
1156 5091 1441 5157 Στενάξειν
1510 5090 1640 5158 γοῦν
1690 5095 1784 5146 καὶ

1900 5092 2157 5147 smatibus
2204 5092 2257 5147 in
2314 5108 2530 5148 omnem
2577 5093 2753 5164 impim
2774 5096 3177 5164 superstitionis
3220 5096 3455 5162 speciem

192 5182 493 5254 πενθήσειν
516 5181 766 5249 λέγονται
790 5182 838 5233 οἱ
870 5180 1190 5251 άμφιὸολεῖς
1220 5180 1319 5250 τῆς
1342 5180 1639 5251 Αίγύπτου,
1675 5200 1781 5255 μη-

1900 5181 2260 5236 letrahuntur.
2303 5182 2525 5238 Luctum
2567 5197 2700 5253 ergo
2753 5194 2803 5239 et
2841 5186 3115 5254 planctum
3149 5185 3320 5239 acturi
3365 5186 3450 5238 di-

192 5276 316 5330 κέτι
340 5276 557 5347 ἔχοντες
596 5274 857 5346 ἐργασίαν
884 5274 972 5328 διὰ
1005 5275 1097 5327 τὸν
1134 5273 1551 5345 ἐπιδημήσαντα
1597 5276 1781 5340 αὑτοῖς

1900 5282 2077 5327 :uutur
2108 5273 2345 5345 Egyptii
2403 5276 2743 5346 piscatores,
2799 5277 2924 5346 quia
2976 5277 3297 5331 adveniente
3343 5278 3450 5333 sibi

191 5366 432 5437 Χριστὸν
467 5366 565 5419 καὶ
603 5366 704 5435 τὴν
741 5367 922 5418 πᾶσαν
966 5362 1144 5419 αὑτῶν
1183 5363 1373 5433 σοφίαν
1416 5364 1776 5430 ἀπολέσαντα,

1900 5365 2115 5431 lliristo,
2176 5377 2231 5421 et
2268 5383 2483 5423 omnem
2532 5368 2847 5436 sapientiam
2892 5384 3045 5423 suam
3095 5371 3450 5435 destruente,

191 5458 339 5511 κατὰ
359 5459 442 5522 τὸ,
470 5477 489 5508 ι
514 5456 726 5509 Ἀπολῶ
742 5456 841 5527 τὴν
868 5456 1057 5524 σοφίαν
1080 5454 1187 5509 τῶν
1206 5455 1403 5525 σοφῶν,
1427 5456 1521 5509 καὶ
1542 5457 1636 5529 τὴν
1665 5456 1779 5511 σύνο

1900 5457 2093 5512 aullum
2127 5469 2376 5529 superest
2406 5460 2539 5531 ipsis
2571 5475 2705 5531 opus
2733 5460 3017 5530 agendum,
3062 5460 3352 5515 secundum
3388 5460 3448 5514 il-

1881 5546 2010 5603 Iud:
2054 5569 2072 5603 ι
2114 5551 2340 5607 Perdam
2382 5553 2703 5622 sapientiam
2749 5553 3095 5623 sapientium,
3132 5562 3186 5610 et
3212 5554 3447 5625 pruden-

1884 5645 2011 5700 tiam
2046 5645 2391 5716 prudentium
2426 5644 2742 5717 despiciam.
2773 5661 2793 5695 ι

192 5568 311 5606 εσιν
330 5552 441 5605 τῶν
470 5549 707 5604 συνετῶν
727 5549 996 5604 ἀθετήσω.
1035 5570 1053 5602 ι

272 5837 317 5870 ⁸⁸
348 5836 537 5893 ﬂatth.
574 5835 754 5905 ".19.
819 5837 875 5915 θ’
903 5839 1026 5895 Act.
1050 5850 1158 5911 ﬁn,
1185 5836 1276 5893 τε.
1354 5837 1401 5871 ’⁵
1425 5837 1611 5896 Matth.
1640 5853 1762 5909 xm,
1785 5838 1874 5896 47.
