3984 6514
544 415 649 474 227

1245 398 1511 460 ΕΠΞΕΒΠ
1547 391 2025 455 CESARIENSIS
2053 390 2202 449 OPP.
2241 388 2423 446 PARS
2449 386 2539 444 IlI.
2567 417 2639 429 —
2663 383 3071 443 EXEGETICA.

3666 379 3771 436 228

614 534 777 591 Vsus.
804 533 856 588 9.
894 549 914 583 ι
950 529 1017 584 Et
1044 522 1289 582 confusio
1315 520 1682 591 apprehendet
1708 532 1824 580 eos,
1859 514 1950 585 qui
1976 527 2103 583 ope-

2281 528 2299 559 ι
2337 507 2449 560 Καὶ
2478 506 2705 577 αἰσχύνη
2730 503 2957 575 λήψεται
2978 500 3104 563 τοὺς
3125 496 3522 570 ἐργαζομένους
3543 494 3607 550 τὸ
3629 495 3774 550 λίνον

544 637 735 684 rantur
762 625 929 679 linum
964 615 1206 680 scissile,
1242 622 1298 669 et
1328 613 1420 682 qui
1464 617 1758 681 operantur
1798 610 2044 677 byssum.
2078 623 2098 657 ι

546 722 660 777 Hoc
687 717 848 773 modo
893 722 1073 769 mente
1104 710 1286 781 capias
1315 721 1409 761 eos
1444 706 1535 775 qui
1589 709 1884 774 cperantur
1910 700 2101 764 linum,

544 824 717 879 neque
764 809 975 861 ﬁrmum
1012 801 1154 871 quod
1206 800 1377 869 rumpi
1415 804 1676 866 nequeat,
1731 794 1824 849 sed
1858 791 2102 856 scissile,

542 913 847 956 sermonem
893 894 1143 948 videlicet
1201 889 1516 945 dissolutum
1565 896 1619 941 et
1678 885 2001 949 discissum,
2052 890 2106 937 et

544 995 763 1064 hyssum
790 986 1038 1042 similiter
1065 1002 1078 1038 :
1131 982 1257 1051 quia
1287 980 1475 1035 isthmc
1511 979 1577 1031 ab
1607 975 1857 1046 Egyptio
1886 972 2107 1027 ﬂumine

543 1081 866 1137 fovebantur
930 1084 985 1129 et
1046 1071 1433 1142 irrigabantur.
1491 1066 1671 1133 Quare
1726 1064 1803 1118 ait
1852 1065 2107 1118 harumce

544 1186 727 1229 rerum
781 1166 1017 1222 artiﬁces
1064 1163 1338 1232 planctum
1394 1160 1668 1221 edituros,
1716 1153 1928 1225 quando
1963 1150 2105 1205 nulla

546 1261 776 1328 amplius
817 1256 902 1310 ﬁla
934 1253 1212 1325 sapientia:
1247 1264 1360 1305 suae
1387 1250 1453 1303 ad
1490 1248 1747 1301 amictum
1776 1254 1831 1298 et
1857 1251 2109 1297 ornatum

546 1352 680 1423 ipsis
724 1350 970 1405 aderunt.
1013 1344 1131 1399 Lini
1168 1343 1311 1399 enim
1356 1354 1422 1395 ac
1470 1338 1617 1409 byssi
1662 1335 1815 1402 capia
1857 1343 2107 1389 ornatum

546 1421 652 1497 sibi
685 1447 740 1495 et
768 1439 1144 1494 indumentum
1176 1428 1576 1499 excogitabant,
1606 1424 1865 1494 captiosis
1888 1421 2111 1492 quibus-

546 1532 673 1586 dam
713 1539 768 1584 et
812 1525 1095 1582 fallacibus
1146 1520 1305 1576 dictis
1346 1516 1623 1573 mendacia
1657 1530 1752 1571 sua
1784 1513 2110 1585 operientes.

619 1717 783 1773 Vsus.
814 1713 901 1769 lo.
935 1732 955 1766 ι
987 1712 1053 1767 Et
1086 1719 1246 1767 erunt
1272 1709 1362 1779 qui
1390 1715 1688 1778 operantur
1711 1722 1775 1762 ea
1804 1707 1856 1762 in
1887 1706 2111 1762 dolore:

550 1816 605 1862 et
634 1819 824 1861 omnes
858 1805 950 1873 qui
991 1803 1195 1857 faciunt
1248 1801 1466 1871 zythum
1502 1799 1778 1865 dolebunt,
1819 1809 1875 1855 et
1920 1800 2113 1855 anitnis

2209 602 2268 655 τὸ
2304 599 2536 671 σχιστὸν,
2579 598 2674 652 καὶ
2712 596 2839 659 τοὺς
2883 590 3285 665 ἐργαζομένους
3332 589 3431 661 τὴν
3482 588 3694 659 βύσσον.
3746 606 3767 640 ι

2211 692 2363 748 Οὕτω
2400 692 2608 762 νοήσεις
2649 689 2773 750 τοὺς
2818 684 3213 757 ἐργαζομένους
3253 681 3313 735 τὸ
3354 682 3519 745 λίνον,
3550 679 3671 733 οὔτε
3714 679 3776 733 τὸ

2213 785 2434 855 στερρὸν
2463 784 2557 835 καὶ
2588 779 2843 852 ἀρῥαγές,
2875 776 3010 831 ἀλλὰ
3036 776 3095 829 τὸ
3122 774 3355 847 σχιστὸν,
3389 772 3544 842 λόγον
3579 772 3775 843 δηλαδὴ

2209 873 2559 947 διερρωγότα,
2605 872 2699 924 καὶ
2744 869 3135 939 διεσχισμένον,
3188 868 3281 919 καὶ
3332 864 3429 935 τὴν
3482 863 3674 935 βύσσον
3721 862 3781 915 δὲ

2210 965 2495 1028 ὼσαύτως’
2551 962 2671 1016 ἐπεὶ
2717 961 2809 1015 καὶ
2855 959 2990 1013 αὐτὰ
3033 958 3125 1012 τοῦ
3172 955 3480 1025 Αἰγυπτίων
3530 950 3778 1023 ποταμοῦ

2215 1058 2481 1129 μετεῖχεν,
2518 1053 2576 1121 ἐξ
2623 1050 2788 1106 αὐτοῦ
2835 1050 3189 1122 ἀρδευόμενα.
3237 1048 3327 1101 Διὸ
3358 1045 3452 1100 καὶ
3487 1046 3612 1107 τοὺς
3652 1040 3780 1096 τού-

2212 1166 2320 1202 των
2361 1148 2522 1218 φησ“ιν
2559 1146 2794 1217 ἐργάτας
2833 1141 3107 1206 στενάξειν
3150 1143 3178 1194 ὁ
3220 1140 3409 1208 λόγος·
3458 1138 3545 1190 ὅτε
3578 1132 3783 1206 μηκέτι.

2214 1239 2398 1302 αὐτοῖς
2430 1237 2565 1309 πρὸς
2593 1234 2881 1306 περιϐολὴν
2923 1231 3018 1285 καὶ
3062 1230 3264 1301 κόσμον
3292 1229 3391 1298 τῆς
3426 1227 3552 1298 παρ’
3596 1224 3779 1287 αύτοῖς

2217 1330 2408 1399 σοφίας
2438 1326 2507 1380 τά
2533 1325 2619 1379 διὰ
2662 1324 2862 1377 τούτων
2895 1323 3187 1393 ὑφάσματα
3216 1319 3531 1390 ηὖπόριστο.
3567 1316 3666 1369 Διὰ
3697 1315 3782 1367 λί-

2216 1440 2305 1476 νου
2347 1420 2454 1489 γὰρ
2502 1418 2688 1487 ὥσπερ
2731 1416 2825 1469 καὶ
2868 1413 3063 1484 βύσσου
3113 1413 3313 1482 κόσμον
3354 1409 3445 1461 καὶ
3491 1405 3782 1478 περιεολὴν

2217 1512 2426 1572 ἑαυτοῖς
2452 1508 2727 1569 ἐπενόουν,
2761 1506 3002 1568 πιθανοῖς
3030 1520 3139 1555 τισι
3165 1503 3258 1556 καὶ
3287 1499 3579 1572 ἀπατηλοῖς
3602 1498 3784 1568 λόγοις

2217 1602 2277 1655 τὸ
2308 1601 2437 1671 παρ’
2470 1600 2652 1660 αὐτοῖς
2681 1596 2873 1667 ψεῦδος
2899 1594 3286 1654 καλύπτοντες.

2292 1710 2311 1742 ι
2347 1692 2456 1746 Καὶ
2492 1692 2703 1744 ἔσονται
2748 1692 2797 1742 οἱ
2830 1688 3183 1760 ἐργαζόμενοι
3220 1684 3357 1738 αὐτὰ
3384 1684 3442 1736 ὲν
3475 1681 3651 1754 ὀδύνῃ·
3691 1679 3788 1733 καὶ

2222 1783 2422 1847 πάντες
2466 1784 2516 1836 οἱ
2551 1781 2831 1844 ποιοῦντες
2876 1779 2967 1833 τὸν
3011 1777 3170 1843 ζύθον
3216 1775 3635 1847 λυπηθήσονται,
3691 1771 3788 1826 καὶ

552 1897 765 1952 cadent.
805 1915 824 1947 ι
872 1893 1143 1951 Gemitum
1180 1891 1424 1945 edituros
1457 1890 1534 1945 ait
1579 1891 1667 1958 qui
1716 1889 1954 1956 faciunt,
2008 1906 2111 1944 nun

2228 1876 2313 1938 τὰς
2354 1873 2528 1945 ψυχὰς
2571 1872 2878 1926 πεσοῦνται.
2915 1889 2935 1920 ι
2983 1867 3261 1935 Στενάξειν
3302 1867 3360 1921 δὲ
3401 1867 3606 1929 πάντας
3651 1864 3789 1934 φησὶ

549 1988 732 2041 vinum
766 2000 831 2040 ex
860 1984 993 2048 vite,
1036 1981 1130 2038 sed
1173 1980 1549 2051 [Egyptiacum
1591 1979 1839 2051 zythum,
1872 1980 2014 2050 quod
2064 1990 2119 2035 et

550 2080 725 2147 ipsum
769 2076 1012 2146 Spurium
1070 2082 1189 2128 erat
1245 2082 1302 2126 et
1362 2071 1669 2137 turbidum;
1716 2087 1823 2140 quo
1878 2071 2119 2144 IEgyptﬁ

550 2179 681 2239 potu
716 2167 1028 2233 utebantur,
1090 2175 1380 2233 antequam
1429 2163 1562 2233 ipsis
1608 2163 1888 2218 adveniret
1934 2164 2119 2218 Domi-

556 2273 687 2313 nus.
723 2256 837 2311 Hoc
867 2270 1030 2324 porro
1062 2254 1385 2318 declinante,
1414 2254 1536 2324 jure
1562 2254 1762 2308 dicitur
1785 2252 2027 2307 futurum
2062 2262 2121 2307 ut

555 2347 675 2418 ejus
713 2346 952 2401 artiﬁces
999 2344 1272 2413 planctum
1319 2344 1482 2397 edant
1544 2352 1601 2398 et
1646 2344 1843 2398 animis
1879 2343 2118 2398 doleant.

556 2438 684 2493 Haec
716 2451 844 2492 vero
874 2450 1130 2506 passuros
1160 2434 1522 2489 comminatur
1556 2434 1772 2505 Egypti
1812 2434 2119 2504 sophistas,

555 2530 702 2601 zythi
734 2529 992 2593 artiﬁces,
1029 2542 1092 2581 ac
1140 2528 1231 2581 lini
1262 2527 1488 2583 scissilis
1540 2528 1795 2597 byssique
1836 2529 2119 2597 operarios

555 2631 610 2678 ct
636 2622 859 2693 piscium
895 2630 1162 2689 captores,
1214 2620 1306 2689 qui
1354 2618 1737 2689 Egyptiacum
1789 2619 2022 2685 ﬂumen,
2072 2629 2126 2675 et

556 2713 893 2786 Egyptiacaa
930 2710 1207 2781 sapientiae
1237 2726 1542 2768 sermonem
1574 2710 1809 2767 sollicite
1844 2720 2122 2769 curarent.

629 2892 789 2949 Vsus.
827 2893 913 2947 ll.
968 2911 988 2945 ι
1047 2892 1114 2946 Ει
1167 2892 1316 2948 stulti
1357 2902 1517 2949 erunt
1559 2894 1833 2966 principes
1872 2892 2121 2964 Taneos,

558 2989 828 3058 sapientes
857 2985 1156 3042 consiliarii
1211 2986 1389 3056 regis,
1432 2988 1718 3042 consilium
1760 3002 1946 3043 eorum
1992 2988 2130 3042 inla-

558 3079 819 3134 tuabitur.
861 3096 879 3130 ι
923 3074 997 3130 lbi
1040 3078 1186 3131 enim
1226 3080 1457 3134 maxime
1498 3081 1650 3150 prius
1694 3082 2005 3138 substitisse
2054 3084 2129 3137 ait

557 3182 747 3224 omnes
794 3168 1073 3222 diabolicae
1130 3168 1451 3226 idololatriae
1508 3173 1849 3245 przestigias:
1902 3175 2127 3229 ibidem-

560 3274 666 3329 que
705 3268 949 3330 tempore
997 3260 1194 3330 Moysis
1248 3262 1428 3317 sedem
1479 3235 1733 3321 habuisse
1777 3282 1891 3335 eos,
1939 3268 2029 3337 qui
2072 3269 2123 3321 in
2152 3235 2194 3293 θ

561 3350 795 3422 Egypto
850 3351 1168 3420 regnabant.
1229 3354 1411 3420 Quare
1467 3357 1670 3412 dictum
1727 3368 1809 3414 est
1872 3361 2022 3431 signa
2074 3362 2125 3415 iu

561 3459 754 3513 campo
786 3444 1000 3499 Taneos
1030 3446 1171 3499 edita
1216 3445 1404 3513 fuisse,
1439 3458 1547 3504 tam
1597 3450 1801 3521 Moysi-5
1848 3463 2123 3522 tempore,

562 3549 725 3603 quam
760 3535 813 3589 in
851 3537 1129 3606 praesenti.
1168 3536 1357 3607 Itaque
1387 3543 1770 3610 peregrinante
1802 3545 2029 3602 Domino
2076 3548 2125 3603 in

563 3626 818 3697 Egypto,
853 3642 974 3682 cum
1013 3627 1334 3698 Egyptiaco
1358 3629 1580 3689 ﬂumine
1607 3635 1768 3689 etiam
1803 3648 2130 3695 memoratos

563 3718 687 3773 illos
717 3719 987 3790 principes
1026 3722 1299 3777 daemones
1346 3723 1689 3782 iul‘atuandos
1731 3728 1842 3795 ait,
1891 3731 2125 3798 etiamsi,

567 3811 794 3866 absente
839 3812 1089 3877 Domino,
1131 3814 1453 3881 sapientiam
1498 3829 1684 3887 aperte
1724 3820 2127 3889 proﬁterentur.

564 3901 763 3958 Verum
796 3904 842 3957 is
876 3915 1252 3974 argumentum
1287 3908 1414 3977 ipsis
1455 3910 1671 3974 obtulit,
1712 3929 1777 3969 ac
1806 3915 1989 3979 evicit,
2037 3930 2130 3970 eos

565 3996 698 4049 nihil
727 3997 1004 4065 sapientiae
1038 3998 1273 4067 habere;
1305 4001 1401 4056 sed
1433 4001 1489 4057 in
1509 4003 1721 4059 Domini
1747 4005 1977 4061 adventu
2006 4021 2131 4062 vere

565 4086 757 4143 Stultos
798 4103 939 4143 esse.

634 4267 796 4325 Vsus.
834 4269 920 4333 12,
959 4270 1045 4324 15.
1083 4290 1101 4322 ι
1137 4269 1414 4338 Quomodo
1455 4275 1639 4329 dicetis
1679 4277 1823 4347 regi,
1853 4276 1974 4332 Filii
2004 4294 2131 4347 pru-

562 4356 783 4411 dentum
808 4376 928 4424 nos,
961 4362 1054 4416 ﬁlii
1084 4378 1291 4434 regum,
1314 4366 1405 4434 qui
1452 4368 1517 4420 ab
1558 4368 1711 4423 initio
1743 4367 2002 4424 fuerunt?
2030 4370 2130 4425 Ubi

568 4463 709 4502 nunc
730 4449 995 4518 sapientes
1022 4456 1094 4507 tui
1118 4456 1141 4508 ’ἶ
1162 4465 1216 4510 et
1240 4457 1559 4512 annuntient
1586 4459 1702 4522 tibi,
1721 4468 1776 4513 et
1798 4461 1976 4514 dicant
2003 4462 2129 4529 quid

564 4540 775 4595 consilii
824 4543 998 4597 inierit
1036 4545 1293 4601 Dominus
1327 4548 1565 4602 Sabaoth
1614 4564 1774 4618 super
1817 4550 2126 4620 Egyptum.
2161 4571 2204 4627 ι)

569 4628 887 4684 Defecerunt
917 4632 1185 4701 principes
1206 4633 1434 4699 Taneos,
1454 4643 1508 4687 et
1528 4635 1746 4688 exaltati
1783 4647 1907 4688 sunt
1926 4636 2128 4705 princi-

566 4734 661 4787 pes
687 4720 1010 4789 Memplteos,
1032 4735 1086 4776 et
1106 4738 1291 4780 errare
1310 4726 1506 4780 facient
1523 4724 1812 4796 Egyptum
1834 4726 2126 4781 secundum

572 4808 757 4863 tribus.
790 4828 808 4860 ι
839 4810 970 4864 Cum
1008 4828 1111 4866 non
1135 4814 1364 4883 amplius
1400 4828 1579 4884 regem
1614 4814 1877 4879 habeatis,
1907 4831 2127 4885 quomo-

566 4898 636 4953 do
660 4900 885 4968 pOtestis
914 4902 980 4955 de
1014 4905 1292 4971 prudentia
1312 4903 1570 4974 gloriari?
1588 4905 1863 4971 Quomodo
1884 4916 2123 4959 veterum

570 5003 748 5054 regunt
793 4989 933 5043 lilios
957 5007 1051 5045 vos
1092 5007 1211 5048 esse
1249 4994 1460 5058 dicitis,
1496 4994 1685 5058 Orum,
1726 4994 1830 5051 Isin
1870 5007 1921 5050 et
1950 4995 2126 5051 Osirin

565 5091 620 5134 et
648 5078 958 5149 Typhonem
993 5082 1331 5151 objicientes,
1357 5096 1518 5154 atque
1536 5085 1848 5153 jactitautes
1881 5088 2128 5151 deorum,

569 5172 787 5223 heroum
827 5180 881 5224 et
905 5183 1235 5226 mortuorum
1276 5188 1471 5241 genera
1511 5175 1636 5227 olim
1672 5175 1725 5228 in
1765 5174 1998 5247 [Egypto
2032 5177 2132 5231 im-

570 5277 785 5327 perasse
816 5280 830 5316 :
858 5278 1086 5331 quorum
1120 5266 1339 5318 deorum
1362 5273 1415 5318 et
1446 5279 1625 5335 regum
1662 5282 1779 5330 vos,
1821 5283 1873 5321 Ill
1902 5268 2133 5336 prophe-

570 5352 639 5401 tia
678 5352 897 5405 iudicati
928 5352 1198 5422 principes
1224 5352 1434 5408 Tancos
1462 5364 1516 5408 et
1547 5354 1878 5425 Mempheos,
1911 5356 2051 5410 ﬁlios
2075 5364 2129 5410 et

570 5450 787 5506 nepotes
817 5458 941 5499 esse
990 5444 1250 5499 dictitatis
1279 5444 1303 5497 Ἰ
1337 5444 1452 5511 Qua
1497 5448 1705 5501 ratione
1734 5448 1806 5502 dii
1842 5462 1906 5502 ac
1954 5447 2129 5503 omnis

567 5530 841 5596 sapientiae
874 5540 1147 5587 consortes
1175 5547 1294 5588 esse
1318 5534 1558 5601 potestis,
1587 5535 1677 5605 qui
1700 5550 1871 5604 neque
1895 5534 2127 5589 futuram

568 5632 800 5677 vestram
835 5624 1259 5679 confutationem
1293 5624 1589 5694 praevidere
1611 5626 1690 5680 vel
1712 5626 2003 5695 praedicere
2034 5641 2131 5696 po-

2169 2002 2176 2011 -
2213 1969 2338 2031 τοὺς
2382 1966 2663 2029 ποιοῦντας
2695 1966 2754 2018 ού
2792 1964 2884 2016 τὸν
2924 1961 2982 2028 ἐξ
3024 1961 3266 2031 ἀμπέλου
3307 1956 3465 2024 οἶνον,
3510 1956 3647 2011 ἀλλὰ
3694 1955 3787 2007 τὸν

2217 2059 2580 2129 Δίγυπτιακὸν
2610 2057 2795 2123 ζύθον·
2840 2057 2898 2120 ὃς
2926 2058 3019 2110 καὶ
3049 2055 3209 2119 αὐτὸς
3235 2053 3386 2116 νόθος
3416 2048 3483 2123 ἦν
3514 2052 3605 2104 καὶ
3634 2048 3788 2102 τεθο-

2218 2151 2456 2221 λωμένος
2476 2167 2489 2180 '
2518 2142 2562 2218 ᾧ
2590 2149 2883 2220 ἐκέχρηντο
2915 2148 3034 2201 ἀντὶ
3074 2145 3237 2201 ποτοῦ
3278 2144 3405 2215 πρὶν
3440 2143 3621 2204 αὐτοῖς
3664 2142 3787 2193 ἐπι-

2219 2243 2459 2316 δημῆσαι
2489 2242 2578 2295 τὸν
2616 2240 2819 2312 Κύριον
2844 2242 2893 2293 οί
2921 2239 3224 2309 Αἰγύπτιοι.
3260 2236 3369 2290 Καὶ
3390 2234 3579 2287 τούτου
3610 2232 3667 2285 δὲ
3697 2233 3789 2284 ἐκ-

2221 2335 2509 2398 κλίνοντος,
2536 2334 2757 2397 εἰκότως
2796 2333 3065 2397 στενάξειν
3097 2331 3341 2399 λέγονται
3368 2327 3462 2382 καὶ
3488 2326 3585 2390 τὰς
3609 2323 3791 2396 ψυχὰς

2232 2426 2488 2498 ἀλγήσειν
2507 2427 2557 2478 οἱ
2580 2424 2767 2477 τούτου
2793 2425 3031 2494 ποιηταί.
3056 2422 3240 2476 Ταῦτα
3269 2421 3365 2493 μὲν
3388 2415 3479 2473 οὖν
3505 2416 3791 2471 πείσεσθαι

2221 2518 2348 2580 τοὺς
2404 2517 2502 2587 τῆς
2549 2515 2821 2584 Αἰγύπτου
2872 2514 3128 2585 σοφιστὰς
3182 2511 3411 2575 ἀπειλεῖ,
3473 2507 3793 2574 ζυθοποιούς

2223 2626 2373 2672 τινας
2403 2608 2497 2661 καὶ
2525 2607 2668 2660 λίνου
2708 2605 2924 2677 σχιστοῦ
2958 2605 3053 2659 καί⁸
3085 2604 3278 2675 βύσσου
3308 2602 3560 2674 ἐργάτας,
3592 2597 3791 2669 ἰχθύων

2225 2718 2284 2753 τε
2326 2698 2610 2771 θηρευτὰς,
2651 2698 2741 2751 τὸν
2801 2696 3040 2767 ποταμὸν
3089 2695 3178 2749 τὸν
3220 2691 3585 2762 Αἰγυπτιακὸν
3630 2706 3795 2761 περι-

2228 2792 2473 2855 έποντας,
2510 2792 2605 2844 καὶ
2631 2790 2722 2842 τὸν
2751 2788 2847 2858 τῆς
2879 2787 3252 2856 Αἰγυπτιακῆς
3286 2785 3475 2854 σοφίας
3507 2782 3682 2851 λόγον.

2302 2901 2322 2934 ι
2362 2881 2471 2935 Καὶ
2503 2879 2673 2952 μωροὶ
2695 2879 2903 2931 ἔσονται
2933 2878 2979 2929 οἰ
3005 2876 3262 2946 ἄρχοντες
3288 2873 3523 2947 ξΓάνεως,
3553 2871 3603 2923 οἰ
3637 2868 3797 2937 σοφοὶ

2231 2973 2292 3027 σύ
2302 2971 2521 3045 μὸουλοι
2542 2970 2635 3024 τοῦ
2665 2968 2943 3041 βασιλέως,
2975 2968 3007 3037 ἡ
3035 2965 3196 3037 βουλὴ
3230 2963 3404 3017 αύτῶν
3443 2960 3797 3033 μωρανθήσε-

2226 3082 2336 3120 ται.
2370 3084 2388 3114 ι
2431 3064 2517 3116 Ἐν
2546 3062 2717 3134 ταύτῃ
2745 3060 2852 3131 γὰρ
2889 3057 3121 3130 μάλιστά
3150 3073 3282 3125 φησι
3310 3056 3408 3126 τὴν
3442 3057 3618 3106 πᾶσαν
3650 3068 3796 3123 μαγ-

2227 3154 2447 3225 γανείαν
2494 3156 2592 3225 τῆς
2631 3152 2946 3223 δαιμονικῆς
2992 3146 3431 3218 εἰδωλολατρείας
3475 3144 3797 3199 συνεστάναι

2228 3248 2504 3318 πρότερονο
2543 3244 2772 3299 ἐνταῦθα
2798 3244 2854 3297 δὲ
2881 3242 2941 3295 τὸ
2984 3241 3253 3311 βασίλειον
3277 3239 3417 3310 ἔχειν
3445 3240 3568 3302 τοὺς
3606 3239 3661 3290 ἐν
3682 3238 3798 3299 τοῖς

2227 3338 2502 3401 Μωῦσέως
2544 3336 2754 3407 χρόνοις
2800 3331 3176 3405 βασιλεύοντας
3221 3331 3322 3401 τῆς
3366 3329 3661 3398 Αἰγύπτου.
3705 3324 3801 3379 Διδ

2227 3430 2472 3483 λέλεκται
2513 3429 2570 3480 ἐν
2603 3427 2766 3497 πεδίῳ
2801 3426 3016 3488 Τάνεως
3049 3424 3117 3477 τὰ
3159 3426 3358 3494 σημεῖα
3396 3420 3694 3491 γεγονέναι,
3726 3419 3800 3473 τὰ

2228 3522 2321 3573 ἐπὶ
2350 3518 2627 3581 Μωῦσέως
2668 3518 2762 3571 καὶ
2791 3517 2884 3569 ἐπὶ
2914 3514 3009 3568 τοῦ
3043 3513 3326 3585 παρόντος.
3351 3510 3648 3584 Τοιγαροῦν
3678 3512 3800 3564 ἐπι-

2227 3613 2567 3683 δημήσαντος
2595 3609 2687 3664 τοῦ
2733 3610 2939 3681 Κυρίου
2982 3610 3048 3678 τῇ
3080 3606 3361 3677 Αἰγύπτῳ,
3400 3605 3495 3657 σὺν
3528 3602 3605 3674 τῷ
3631 3604 3801 3671 Αἰγυ-

2229 3707 2369 3776 πτίῳ
2434 3702 2661 3774 ποταμῷ
2718 3702 2812 3755 καὶ
2869 3702 2995 3764 τοὺς
3061 3699 3396 3770 δηλωθέντας
3448 3696 3801 3766 αρχοντικοὺς

2228 3797 2483 3868 δαίμονάς
2511 3812 2659 3858 τινας
2694 3790 3140 3864 μωρανθήσεσθαί
3174 3806 3327 3861 φησι,
3364 3787 3566 3858 καίπερ
3605 3786 3797 3855 σοφίαν

2231 3887 2736 3958 ἐπαγγελλομένους
2783 3887 2873 3938 ὅτε
2929 3884 2988 3937 οὐ
3045 3882 3224 3952 παρῆν
3276 3880 3457 3942 αὐτοῖς
3503 3880 3530 3930 ὁ
3568 3877 3794 3947 Κύριος.

2242 3982 2400 4035 Ἀλλὰ
2444 3981 2549 4049 γὰρ
2598 3978 2812 4049 ἔλεγχον
2856 3976 3036 4039 αὐτοῖς
3087 3976 3382 4046 ἐπήγαγεν,
3423 3971 3497 4035 ὡς
3540 3970 3798 4040 οὐδεμιᾶς

2234 4073 2475 4141 μετεῖχον
2508 4069 2723 4137 σοφίας·
2766 4066 2937 4137 μωροὶ
2975 4066 3031 4118 δὲ
3074 4060 3213 4135 ἦσαν
3257 4060 3469 4134 ἀληθῶς
3510 4062 3567 4113 ἐν
3596 4063 3661 4132 τῇ
3702 4059 3797 4113 τοῦ

2232 4164 2435 4235 Κυρίου
2465 4160 2735 4233 παρουσίᾳ

2306 4275 2324 4307 ι
2367 4254 2489 4319 Πῶς
2519 4256 2687 4324 ἐρεῖτε
2718 4250 2796 4321 τῷ
2820 4250 3042 4321 βασιλεῖ,
3069 4249 3187 4302 Υἱοὶ
3218 4246 3451 4301 συνετῶν
3482 4248 3664 4318 ἡμεῖς,
3690 4246 3800 4297 υἱοί

2232 4347 2491 4420 βασιλέων
2530 4345 2638 4399 τῶν
2674 4344 2731 4411 ἐξ
2760 4344 2962 4415 ἀρχῆς;
2990 4342 3101 4395 Ποῦ
3139 4343 3245 4394 εἰσι
3269 4339 3362 4393 νῦν
3404 4340 3451 4392 οἰ
3486 4337 3635 4407 σοφοί
3671 4356 3802 4403 σου;

2230 4441 2322 4494 καὶ
2364 4436 2836 4507 ἀναγγειλάτωσάν
2883 4452 2983 4497 σοι,
3024 4434 3115 4488 καὶ
3168 4433 3479 4486 εἰπάτωσαν
3518 4432 3570 4483 τί
3611 4429 3805 4500 βεϐού-

2229 4532 2413 4585 λευται
2452 4530 2654 4599 Κύριος
2699 4526 2923 4581 Σαϐαὼθ
2968 4526 3052 4578 ἐπ’
3090 4526 3382 4591 Αἴγυπτον.
3442 4522 3721 4589 Ἐξέλιπον
3754 4523 3805 4574 οἰ

2230 4624 2488 4695 ἄρχοντες
2526 4621 2762 4682 Τάνεως,
2794 4618 2885 4671 καὶ
2930 4615 3219 4687 ὑψώθησαν
3262 4619 3309 4669 οἰ
3346 4617 3600 4686 ἄρχοντες
3643 4614 3805 4684 Μέμ-

2231 4730 2393 4784 φεως,
2419 4712 2512 4765 καὶ
2550 4710 2878 4781 πλανήσουσι
2908 4708 3005 4778 τὴν
3047 4707 3318 4775 Αἴγυπτον
3364 4705 3502 4759 κατὰ
3547 4704 3744 4774 φυλάς.
3780 4724 3799 4755 ι

2228 4804 2440 4875 Μηκέτι
2476 4802 2583 4873 γὰρ
2620 4801 2954 4873 ὑπάρχοντος
2988 4800 3115 4869 ύμῖν
3158 4797 3436 4868 βασιλέως,
3472 4799 3588 4860 πως
3617 4794 3723 4849 οἷοί
3746 4796 3808 4850 τέ

2228 4898 2351 4950 ἐστε
2380 4896 2470 4948 ἐπὶ
2492 4894 2700 4947 συνέσει
2727 4892 3082 4965 σεμνύνεσθαι
3102 4908 3116 4955 ;
3140 4890 3262 4953 Πῶς
3289 4890 3345 4941 δὲ
3371 4890 3517 4951 υἱοὺς
3535 4888 3811 4957 βασιλέων

2230 4985 2472 5041 παλαιῶν
2511 4985 2733 5048 ἑαυτοὺς
2776 4980 2913 5037 εἷναί
2953 4999 3110 5051 φατε,
3151 4978 3337 5051 Ὧρον,
3374 4980 3466 5033 καὶ
3506 4982 3665 5044 Ἶσιν,
3710 4980 3811 5033 καὶ

2233 5081 2445 5151 Ὄσιριν
2466 5076 2886 5148 προϐαλλόμενοι
2904 5076 2995 5128 καὶ
3024 5072 3256 5142 Τυφῶνα
3277 5072 3408 5143 (2'5),
3425 5072 3517 5124 xc).
3535 5072 3693 5137 θεῶν,
3713 5074 3812 5126 καὶ

2232 5169 2445 5242 ἡρώων,
2481 5169 2574 5221 καὶ
2618 5166 2823 5220 νεκύων
2855 5166 2983 5237 γένη
3016 5166 3313 5234 φάσκοντες
3349 5164 3441 5216 τδν
3482 5164 3647 5217 πάλαι
3675 5166 3809 5235 χρόρ

2232 5281 2322 5317 νον
2350 5263 2457 5332 ετῆς
2499 5258 2773 5328 Αἰγύπτου
2822 5258 3243 5328 κεκρατηκέναι,
3284 5249 3357 5308 ὧν
3394 5255 3528 5307 θεῶν
3575 5256 3668 5307 καὶ
3715 5254 3814 5325 βα-

2237 5356 2427 5408 σιλέων
2449 5352 2596 5415 υἱοὺς
2622 5352 2715 5404 καὶ
2741 5350 3037 5417 ἀπογόνους
3070 5348 3293 5410 ἑαυτοὺς
3319 5343 3456 5399 εἷναί
3486 5362 3624 5413 φατε
3648 5346 3816 5416 ὑμεῖς

2234 5448 2281 5499 οἰ
2312 5444 2401 5497 διὰ
2440 5443 2537 5513 τῆς
2572 5440 2904 5512 προφητείας
2943 5438 3260 5510 δηλούμενοι
3292 5438 3548 5507 ἄρχοντες
3588 5437 3816 5499 Τάνεως

2238 5536 2332 5587 καὶ
2370 5533 2676 5603 Μέμφεωςς
2706 5530 2829 5594 Πῶς
2870 5530 2913 5582 δ’
2955 5530 3020 5585 ἂν
3051 5528 3199 5598 εἴητε
3225 5528 3336 5580 θεοὶ
3363 5526 3396 5596 ἦ
3426 5529 3607 5582 πᾶσαν
3645 5544 3816 5598 μετα-

2241 5633 2455 5696 σχοίητε
2509 5622 2718 5692 σοφίαν,
2775 5620 2909 5692 μηδέ⁹
2964 5619 3246 5689 δυνάμενοι
3308 5617 3616 5689 προγνῶναι
3673 5616 3815 5688 μηδὲ

639 5820 749 5885 (ξδ)
792 5817 841 5874 δ,
873 5818 1245 5885 nierum/mus,
1280 5837 1299 5871 ι
1341 5830 1405 5875 m
1427 5821 1553 5880 deos
1576 5830 1823 5881 auctores
1862 5822 2036 5887 aeutis
2059 5821 2313 5883 simulent
2340 5822 2511 5881 Oron.
2539 5828 2592 5876 et
2629 5818 2756 5881 Irin.
2788 5828 2842 5876 et
2870 5818 3073 5877 Osirin.
3103 5828 3158 5876 et
3192 5817 3525 5877 Tvoboncm.
3572 5834 3597 5869 ι
