3984 6508
203 379 299 434 229

1148 384 1655 443 COMMENTARIA
1692 385 1760 441 ΙΝ
1798 386 2057 443 ISAIAM.
2098 421 2166 431 —
2203 387 2360 444 CAP.
2401 388 2545 448 XIX.

3345 394 3449 455 230

196 500 598 575 προαγορεῦσαι
620 505 711 558 τὸν
754 504 1019 577 ὑμέτερον
1053 506 1272 580 ἔλεγχον
1308 511 1401 564 καὶ
1431 509 1531 581 τὴν
1553 510 1651 581 τῆς
1674 509 1753 581 βα·

1879 511 2051 579 testis,
2083 525 2260 582 neque
2289 509 2608 566 solutionem
2641 511 2787 581 regni
2814 526 3024 577 eorum,
3061 524 3289 580 quorum
3317 526 3449 568 con-

195 596 391 660 σιλείας
423 597 719 651 κατάλυσιν
748 598 951 651 τούτων
988 591 1063 653 ὧν
1098 601 1419 672 ἐτυγχάνετε
1456 601 1769 673 σύμϐουλοι,

193 689 280 752 οὓς
308 691 404 743 καὶ
430 690 739 763 ἐπιτρίϐετε
767 692 1049 757 παντοίαις
1071 693 1299 759 πλάναις
1322 694 1767 767 περιϐάλλοντες;

267 802 288 836 ι
322 782 533 855 Κύριος
580 782 687 854 γὰρ
746 784 1005 856 ἐκέρασεν
1054 787 1236 851 αὐτοῖς
1299 787 1515 858 πνεῦμα
1567 788 1771 860 πλανή-

203 888 352 937 σεως,
388 874 488 925 καὶ
530 872 841 944 ἐπλάνησαν
883 876 979 948 τὴν
1033 878 1305 946 Αἴγυπτον
1339 881 1396 931 ἐν
1462 881 1595 932 πᾶσι
1657 881 1771 942 τοῖς

199 964 376 1035 ἔργοις
400 964 605 1027 αὐτῶν,
636 965 711 1028 ὡς
752 965 1017 1021 πλανᾶται
1041 971 1070 1022 6
1102 968 1315 1039 μεθύων
1374 971 1466 1022 καὶ
1532 970 1559 1021 6
1620 969 1767 1038 ἐμῶν

195 1055 323 1124 ἅμα.
370 1073 390 1104 ι
429 1052 831 1125 Τεκμαίρεσθαι
859 1055 916 1109 δέ
949 1058 1064 1110 ἐστι
1090 1057 1260 1129 ταύτῃ
1297 1060 1394 1129 τῆς
1455 1057 1624 1130 μέθης
1668 1057 1767 1127 τὴν

194 1146 499 1217 ὑπερϐολὴν
523 1147 628 1200 ἀπὸ
658 1146 751 1200 τοῦ
787 1148 919 1220 μηδὲ
948 1150 1150 1220 ὁμοίως
1181 1152 1293 1213 τοῖς
1319 1150 1522 1213 λοιποῖς
1555 1148 1766 1221 ἀνθρώ-

190 1254 307 1300 ποις
337 1237 823 1311 εῐᾰυλολατρεῦσαι
853 1242 1072 1304 αὐτοὺς,
1108 1242 1359 1294 ἐκπεσεῖν
1397 1241 1455 1295 δὲ
1481 1241 1573 1295 καὶ
1605 1240 1763 1311 μέχρι

185 1331 279 1400 τῆς
310 1331 425 1384 τῶν
447 1316 660 1400 ἀλόγων
692 1330 845 1397 ζώων
883 1333 950 1387 ἂν
984 1334 1441 1405 εἰδωλοποιήσεως
1470 1351 1484 1365 ·
1544 1334 1624 1387 διὸ
1687 1334 1766 1386 λέ-

183 1424 392 1487 λεκται,
432 1442 452 1475 r
485 1424 573 1487 Ὠς
604 1424 867 1480 πλανᾶται
898 1427 926 1479 6
960 1425 1173 1496 μεθύων
1197 1427 1289 1480 καὶ
1314 1428 1342 1479 ὁ
1373 1426 1521 1498 ἐμῶν
1566 1426 1702 1497 ἅμα.
1739 1445 1758 1476 ι

182 1513 423 1588 Τοιαύτη
454 1517 564 1567 τινὶ
628 1516 769 1589 μέθῃ
826 1515 925 1579 τὰς
960 1516 1068 1571 τῶν
1100 1518 1412 1587 Αἰγυπτίων
1450 1517 1761 1590 ἐπλάνησαν

178 1605 359 1676 ψυχὰς
392 1607 441 1658 οι
465 1605 793 1677 δηλωθέντες
818 1606 1075 1678 ἄρχοντες
1110 1606 1325 1672 Τάνεως
1349 1608 1443 1662 καὶ
1462 1610 1758 1680 Μέμφεως,

176 1692 254 1760 οἷς
304 1698 478 1762 αὐτὸς
521 1700 548 1751 6
596 1698 797 1767 Κύριος
829 1700 1115 1771 πνεύματα
1155 1700 1471 1771 πλανήσεως
1505 1702 1757 1772 ἐκέρασε.

175 1792 441 1861 Δαίμονες
463 1789 574 1862 γὰρ
599 1790 749 1855 ὄντες
774 1792 1001 1863 πονηροὶ
1029 1794 1123 1847 καὶ
1152 1794 1407 1864 δυνάμεις
1448 1795 1757 1867 ἀντικείμε-

174 1901 277 1947 ναι,
310 1884 542 1937 ἐναντία
572 1883 650 1954 τῷ
683 1883 799 1955 Θεῷ
824 1885 1104 1956 ἐφρόνουν,
1140 1887 1233 1940 καὶ
1273 1886 1559 1957 θεομαχεῖν
1612 1889 1756 1941 ἐπει-

176 1974 369 2044 ρῶντο.
400 1973 495 2026 Διὸ
530 1972 907 2044 παρεδόθησαν
933 1974 1126 2047 πλάνῃ,
1156 1975 1251 2028 τοῦ
1307 1976 1440 2029 Θεοῦ
1475 1978 1758 2047 κρίναντος

173 2065 414 2131 ἐπαξίως
442 2065 546 2135 τῆς
568 2066 833 2138 πονηρίας
874 2067 1052 2120 αὐτῶν
1082 2068 1255 2140 πλάνῃ
1289 2070 1621 2140 παραδοῦναι
1662 2072 1758 2124 αύ-

172 2158 312 2221 τούς.
350 2160 418 2211 Οἱ
447 2158 507 2212 δὲ
537 2158 636 2229 τὴν
667 2158 814 2228 σφῶν
865 2158 1062 2213 κακίαν
1096 2160 1188 2212 ἐπὶ
1237 2162 1365 2225 τοὺς
1408 2163 1754 2231 Αἰγυπτίους,

172 2250 361 2323 ὥσπερ
401 2250 527 2303 τινὰ
560 2250 636 2304 ίὸν
667 2249 1037 2322 θανατηφόρον
1061 2251 1270 2322 διέχεαν
1289 2294 1305 2319 ,
1334 2254 1426 2307 καὶ
1450 2255 1755 2327 ἐπλάνησαν

170 2342 264 2411 τὴν
298 2342 606 2409 Αἴγυπτον,
648 2361 665 2392 ι
707 2340 792 2405 Ὠς
817 2341 1081 2395 πλανᾶται
1121 2344 1149 2395 6
1176 2341 1387 2413 μεθύων
1416 2344 1509 2398 καὶ
1539 2346 1567 2397 6
1606 2346 1756 2417 ἐμῶν

172 2436 305 2505 ἅμα.
340 2454 361 2487 ι
404 2433 568 2487 Ἀλλὰ
610 2433 934 2488 καὶτούτων
976 2434 1151 2488 αὐτῶν
1206 2435 1368 2508 χάριν
1410 2437 1670 2508 ἐπεδήμει
1728 2440 1758 2491 6

173 2527 378 2598 Κύριος
408 2530 478 2598 τῇ
505 2526 784 2597 Αἰγύπτῳ,
816 2527 922 2592 ἵνα,
949 2529 1148 2592 αὐτοὺς
1179 2529 1275 2601 τῆς
1326 2529 1533 2601 πλάνης
1565 2532 1757 2604 ἀνανῆ·

170 2620 264 2689 ψαι
305 2621 568 2692 ποιήσας,
593 2620 808 2692 μακρὰν
838 2621 1017 2675 αὐτῶν
1042 2621 1388 2696 ἀποσκεδάσῃ
1414 2625 1539 2688 τοὺς
1572 2624 1751 2688 λαούς.

243 2821 263 2852 ο
294 2802 412 2856 Καὶ
460 2802 561 2855 ούκ
598 2802 749 2856 ἔσται
794 2803 905 2865 τοῖς
931 2804 1248 2871 Αἰγυπτίοις
1278 2802 1434 2874 ἔργον
1461 2802 1489 2855 ὃ
1543 2804 1755 2874 ποιήσει

169 2895 419 2966 κεφαλὴν
460 2896 557 2947 καὶ
618 2894 806 2966 οὐρὰν,
837 2894 1009 2966 ἀρχὴν
1051 2896 1145 2948 καὶ
1192 2894 1361 2959 τέλος.
1395 2914 1414 2946 ι
1465 2895 1756 2962 Ἀπρακτα

166 2986 277 3057 γὰρ
300 2987 489 3050 αὐτοῖς
520 2987 635 3039 ἐστι
656 2986 723 3040 τὰ
750 2985 1114 3058 ἐνεργούμενα
1137 2986 1204 3040 τὰ
1229 2986 1397 3040 πολλὰ
1425 2988 1553 3060 παρ’
1574 2988 1755 3051 αὐτοῖς

165 3079 589 3149 ἓπιτελούμενα,
612 3077 687 3141 ὡς
732 3078 866 3150 μηδὲ
894 3078 1052 3150 ἔργον
1080 3081 1137 3132 ἐν
1159 3078 1342 3143 αὐτοῖς
1388 3081 1524 3151 μήτε
1582 3079 1754 3153 ἀρχὴν

1872 601 2059 657 siliarii
2096 602 2249 667 estis,
2284 616 2421 670 quos
2465 601 2627 655 etiam
2661 603 2995 671 opprimitis,
3029 602 3154 658 dum
3185 603 3453 659 omnimov-

1871 696 1953 750 dis
1978 695 2254 750 erroribus
2286 696 2431 764 ipsos
2461 694 2801 764 complicatis
2825 695 2849 749 ?

1939 787 2104 844 Vens.
2132 788 2252 843 HJ
2287 787 2541 842 Dominus
2562 787 2703 841 enim
2732 768 2942 843 miscbit
2972 788 3051 844 eis
3086 789 3332 859 spiritum
3360 803 3452 845 er-

1868 881 2029 944 roris,
2063 890 2117 935 et
2140 895 2327 935 errare
2352 880 2595 935 fecerunt
2629 878 2925 951 Egyptum
2956 882 3007 935 in
3034 883 3286 937 omnibus
3324 898 3452 950 ope-

1869 972 2019 1026 ribus
2046 971 2307 1041 ipsorum,
2338 980 2396 1026 ut
2418 982 2565 1027 errat
2602 973 2691 1041 qui
2735 972 2925 1028 ebrius
2950 984 3049 1036 est,
3074 982 3127 1027 et
3163 977 3253 1045 qui
3283 976 3451 1030 vomit

1866 1063 2050 1118 simul.
2093 1082 2112 1115 ι
2144 1062 2279 1118 llinc
2322 1078 2484 1132 porro
2528 1065 2936 1131 coniectandum
2972 1074 3054 1119 est
3086 1075 3324 1133 quantus
3372 1066 3449 1121 ibi

1869 1154 2031 1208 fuerit
2061 1154 2343 1209 ebrietatis
2391 1169 2669 1218 excessus,
2714 1155 2856 1224 quod
2886 1170 2992 1209 non
3035 1157 3257 1225 perinde
3282 1168 3446 1227 atque

1865 1246 2047 1300 cazteri
2101 1245 2350 1319 homines
2396 1245 2717 1301 idololatriae
2757 1248 2923 1302 dediti
2974 1258 3190 1313 essent,
3236 1249 3328 1303 sed
3381 1264 3449 1304 eo

1864 1351 2035 1406 usque
2063 1337 2393 1392 decidissent
2422 1337 2749 1406 impietatis,
2782 1347 2840 1392 ut
2875 1338 3158 1394 brutorum
3202 1339 3449 1394 animan-

1864 1428 1996 1482 tium
2025 1428 2314 1483 simulacra
2343 1428 2623 1495 facerent;
2652 1444 2822 1499 quare
2846 1431 3044 1484 dictum
3069 1439 3171 1496 est,
3210 1449 3229 1482 ι
3269 1429 3338 1485 Ut
3357 1445 3448 1485 er—

1863 1528 1947 1573 rat
1978 1520 2070 1588 qui
2107 1520 2285 1575 ebrius
2318 1531 2419 1585 est,
2456 1529 2509 1574 et
2532 1520 2621 1589 qui
2657 1522 2823 1575 vomit
2863 1522 3041 1576 simul.
3079 1542 3097 1574 ι
3140 1523 3219 1577 Ad
3265 1522 3449 1591 hujus-

1861 1611 2003 1667 modi
2022 1612 2343 1668 ebrietatem
2379 1612 2620 1683 praedicti
2652 1612 2920 1683 principes
2956 1614 3167 1670 Taneos
3190 1624 3256 1670 *ει
3280 1615 3447 1669 Mem-

1860 1704 2025 1773 pheos
2052 1702 2425 1774 Egyptiorum
2448 1704 2657 1758 animas
2693 1704 3067 1772 deduxerunt,
3094 1707 3285 1776 quibus
3332 1708 3448 1777 ipse

1862 1795 2115 1850 Dominus
2137 1796 2360 1865 spiritus
2393 1797 2596 1852 erroris
2631 1797 2871 1853 miscuit.
2899 1796 3032 1851 Nam
3080 1813 3203 1854 cum
3246 1801 3448 1855 daemo—

1860 1900 1955 1939 nes
1989 1886 2208 1956 maligni
2253 1894 2308 1941 et
2360 1887 2685 1941 adversariae
2733 1896 3027 1956 potestates
3081 1898 3295 1955 essent,
3336 1889 3447 1945 Deo

1857 1976 2167 2032 adversaria
2202 1976 2530 2045 sentiebant,
2563 1994 2626 2033 ac
2653 1986 2842 2034 contra
2871 1980 3032 2034 Deum
3071 1996 3311 2051 pugnare
3350 1997 3447 2037 co-

1857 2068 2147 2123 nabantur.
2184 2067 2543 2135 Quamobrem
2592 2070 2763 2125 errori
2821 2071 3000 2125 traditi
3050 2081 3208 2137 sunt,
3260 2076 3446 2128 decer-

1857 2170 2019 2215 nente
2040 2160 2169 2225 Deo,
2204 2161 2348 2230 quod
2376 2160 2628 2231 nequitiae
2648 2176 2833 2217 eorum
2853 2170 3276 2217 consentaneum
3302 2173 3444 2227 erat,

1856 2258 1917 2303 ut
1944 2250 2116 2304 errori
2150 2250 2515 2305 traderentur.
2559 2250 2639 2305 llli
2686 2267 2816 2307 vero
2850 2253 3129 2317 malitiam,
3167 2268 3264 2308 ceu
3296 2255 3444 2310 virus

1857 2342 2127 2411 quoddam
2184 2341 2524 2409 lethiferum,
2557 2345 2609 2398 in
2659 2344 2946 2418 [Egyptius
2991 2345 3340 2411 diffuderunt,
3388 2356 3445 2402 et

1854 2434 2146 2505 Egyptum
2178 2434 2231 2488 in
2264 2450 2505 2490 errorem
2531 2436 2881 2501 induxerunt,
2916 2456 2937 2490 ‹
2975 2437 3045 2493 Ut
3078 2449 3226 2494 errat
3252 2440 3319 2505 is,
3348 2440 3441 2511 qui

1855 2524 2036 2579 ebrius
2061 2532 2164 2590 est,
2197 2533 2250 2579 et
2279 2524 2372 2594 qui
2404 2526 2571 2580 vomit
2599 2527 2775 2582 simul.
2803 2548 2821 2579 ›
2845 2527 3041 2585 Verum
3069 2544 3257 2584 eorum
3278 2547 3443 2586 causa

1856 2614 1995 2668 Deus
2030 2613 2083 2667 iu
2118 2614 2352 2685 Egypto
2390 2616 2863 2685 peregrinabatur,
2899 2630 2978 2685 ut,
3003 2620 3109 2675 illis
3148 2621 3216 2676 ab
3258 2637 3444 2678 errore

1856 2704 2119 2768 deductis,
2147 2705 2373 2775 populos
2405 2705 2471 2759 ab
2497 2707 2574 2761 eis
2597 2709 2782 2776 procul
2827 2710 3146 2766 dimoveret.

1927 2796 2089 2852 Vsus.
2130 2797 2215 2851 15.
2248 2816 2267 2849 ι
2304 2797 2366 2851 Ει
2397 2814 2501 2853 non
2549 2801 2654 2854 erit
2684 2798 2955 2870 Egyptiis
2981 2818 3139 2871 opus,
3164 2804 3308 2873 quod
3358 2804 3442 2859 fa-

1854 2887 1962 2942 ciat
2000 2897 2161 2958 caput
2196 2898 2250 2943 et
2282 2890 2529 2954 caudam,
2564 2891 2886 2959 principium
2920 2900 2973 2945 et
3020 2892 3203 2947 ﬁnem.
3244 2913 3263 2946 ›
3298 2892 3441 2949 Infe-

1852 2988 1939 3033 cta
1983 2980 2182 3049 quippe
2223 2989 2352 3034 sunt
2408 2978 2515 3033 illis
2555 2995 2717 3049 opera
2761 2981 2929 3034 multa
2984 2996 3103 3051 quae
3137 2984 3275 3053 apud
3316 2983 3440 3039 illos

1853 3071 2279 3139 perficiebantur
2311 3112 2327 3135 ,
2364 3071 2435 3125 ita
2470 3082 2526 3124 ut
2554 3087 2687 3142 Opus
2710 3086 2873 3142 penes
2908 3073 3024 3128 illos
3058 3089 3163 3128 non
3205 3075 3440 3143 reperia-

166 3170 336 3239 εχειν,
366 3169 506 3239 μήτε
524 3166 695 3232 τέλος,
728 3168 820 3221 τοῦ
855 3169 1059 3239 Κυρίου
1094 3169 1189 3221 καὶ
1216 3167 1395 3232 τοῦτο,
1428 3169 1502 3233 ὡς
1524 3167 1749 3237 ἀγαθοῦ,

1859 3169 1964 3227 tur,
2003 3163 2145 3232 quod
2174 3162 2258 3217 vel
2289 3162 2605 3231 principium
2639 3162 2720 3216 vel
2752 3162 2911 3216 linem
2944 3164 3439 3230 habeat,Domino,

166 3260 577 3333 ἐργασαμένου.
614 3259 792 3313 Πολλὰ
824 3260 922 3331 μὲν
950 3261 1058 3331 γὰρ
1094 3262 1152 3312 ἐν
1177 3263 1242 3331 τῇ
1280 3264 1409 3332 παρ’
1435 3262 1749 3330 Αἰγυπτίοις

1859 3262 2040 3323 ulDote
2070 3256 2231 3318 bono,
2282 3256 2384 3310 hoc
2416 3257 2485 3309 ita
2528 3267 2840 3327 peragente.
2869 3256 3149 3325 Siquidem
3189 3257 3241 3311 in
3274 3256 3440 3328 Egy-

166 3351 421 3422 πολυθέῳ
453 3350 630 3422 πλάνῃ
663 3350 798 3422 ἔργα
832 3351 1007 3422 ἀρχὴν
1036 3351 1227 3422 ἔχοντα
1256 3349 1323 3424 ἦν
1352 3352 1446 3405 καὶ
1476 3352 1628 3416 τέλος
1664 3369 1751 3405 νο-

170 3446 444 3517 μιζομένῃ
470 3444 777 3516 ἀκολουθίᾳ.
804 3445 961 3497 Κατὰ
981 3445 1038 3500 δέ
1060 3446 1184 3509 τοὺς
1207 3446 1606 3517 δεδηλωμένους
1630 3447 1754 3517 χρό-

166 3554 293 3600 νους
322 3537 425 3607 τῆς
469 3535 563 3589 τοῦ
611 3536 815 3607 Κυρίου
856 3537 934 3599 εἰς
980 3537 1174 3599 αὐτοὺς
1218 3537 1517 3609 παρουσίας
1572 3537 1751 3589 οὐκέτι

166 3632 395 3686 ἔσεσθαι
420 3630 551 3701 παρ’
580 3629 762 3693 αὐτοῖς
797 3629 955 3700 ἔργον
993 3628 1231 3682 τοιοῦτον
1258 3630 1459 3701 πλῆρες
1492 3629 1586 3681 καὶ
1638 3628 1752 3681 ὀλό-

165 3724 371 3795 κληρον
399 3723 493 3775 καὶ
510 3721 715 3773 τέλειον
733 3737 746 3749 ·
784 3719 900 3772 ἀλλ’
928 3721 976 3772 εί
1006 3720 1099 3773 καὶ
1124 3719 1319 3791 εὑρεθῇ
1359 3720 1411 3773 τί
1444 3737 1593 3783 ποτε,
1621 3718 1750 3773 ἀκέ-

163 3816 337 3885 φαλον
379 3814 534 3867 ἐσται
564 3813 656 3867 καὶ
679 3814 929 3884 ἄναρχον,
968 3812 1152 3876 ἀτελές
1189 3831 1247 3866 τε
1281 3814 1375 3866 καὶ
1433 3812 1751 3885 ἀσυμπέρα-

167 3925 293 3962 στον
322 3924 338 3937 σ
387 3907 416 3959 ὅ
466 3906 529 3978 δὴ
586 3906 681 3959 καὶ
735 3905 881 3959 ἐστιν
910 3905 1055 3977 ἔργῳ
1092 3905 1424 3976 παραλαϐεῖν
1448 3922 1461 3935 ⁸
1506 3906 1626 3957 ἐπεὶ
1656 3905 1750 3957 καὶ

162 4000 450 4054 ἐκλέλοιπε
478 3996 754 4061 παντελῶς
784 3996 962 4051 αὐτῶν
991 3999 1023 4068 ἡ
1048 3997 1476 4068 είδωλολατρεία.
1510 3996 1748 4051 Τοιαῦτα

160 4094 221 4147 δέ
247 4096 365 4145 ἐστι
405 4093 541 4163 μήτε
596 4089 834 4161 κεφαλὴν
879 4089 1022 4160 ἔχειν
1086 4092 1222 4162 μήτε
1272 4090 1423 4155 τέλος
1469 4092 1547 4156 εἰς
1595 4090 1748 4143 λόγον

168 4167 360 4241 ίκιίνού
371 4202 526 4239 ιιενα.

241 4383 262 4416 ι
304 4363 386 4435 Τῇ
417 4364 601 4435 ἡμέρᾳ
624 4365 803 4435 ἐκείνῃ
830 4363 1042 4417 ἔσονται
1071 4361 1357 4431 Αἰγύπτιοι
1385 4361 1460 4424 ὡς
1494 4365 1749 4429 γυναῖκες

162 4455 224 4508 ἐν
259 4454 455 4526 τρόμῳ
483 4454 577 4507 καὶ
621 4455 678 4510 ἐν
732 4454 879 4524 φόϐῳ
911 4453 1020 4507 ἀπὸ
1078 4452 1365 4523 προσώπου
1414 4454 1511 4521 τῆς
1568 4453 1748 4524 χειρὸς

1852 3347 2028 3414 ptiaca
2052 3346 2339 3401 multorum
2369 3347 2649 3401 numinum
2683 3349 3088 3417 superstitione,
3112 3347 3276 3401 multa
3308 3363 3440 3416 ope-

1852 3453 1911 3491 ra
1966 3438 2287 3507 principium
2335 3448 2390 3493 et
2435 3439 2618 3505 linem,
2664 3439 2959 3493 secundum
3011 3449 3316 3508 reputatam
3368 3439 3439 3500 ibi

1851 3531 2072 3595 seriem,
2116 3532 2405 3587 habebant.
2447 3535 2515 3588 At
2553 3544 2852 3589 memorato
2892 3537 3153 3591 Dominici
3208 3536 3276 3590 ad
3320 3535 3439 3589 illos

1852 3623 2114 3678 adventus
2139 3626 2490 3693 tempore,ait
2523 3642 2626 3681 non
2651 3627 2789 3681 ultra
2818 3627 2933 3682 fore
2965 3643 3130 3696 penes
3158 3628 3276 3683 illos
3306 3643 3438 3698 opus

1852 3714 2156 3784 bujusmodi
2200 3716 2439 3784 plenum,
2483 3717 2752 3786 integrum
2800 3726 2852 3771 et
2884 3719 3221 3787 perfectum;
3263 3720 3357 3774 sed
3392 3718 3437 3772 si

1850 3805 2137 3875 quodpiam
2163 3807 2530 3875 hujuscemodi
2564 3809 2883 3878 reperiatur,
2909 3809 3083 3879 ipsum
3107 3810 3227 3865 sine
3260 3812 3438 3879 capite

1851 3909 1906 3951 et
1945 3900 2234 3970 principio,
2291 3902 2409 3956 sine
2458 3903 2689 3957 termino
2737 3911 2792 3956 et
2841 3904 2946 3958 line
2998 3904 3237 3957 futurum
3289 3917 3432 3957 esse.

1851 3988 2003 4055 Quod
2041 3992 2203 4044 etiam
2261 3992 2376 4059 ipso
2421 4006 2583 4059 opere
2632 3992 2954 4060 completum
3007 3995 3436 4047 animadvertere

1850 4094 1972 4151 est;
2004 4101 2127 4139 nam
2163 4085 2470 4140 idololatria
2500 4086 2712 4154 penitus
2736 4087 2948 4143 defecit.
2972 4086 3082 4156 (24)
3111 4086 3240 4139 Illud
3273 4099 3435 4154 porro

1849 4184 1953 4239 est,
1976 4193 2147 4246 neque
2182 4188 2343 4247 caput
2372 4195 2545 4249 neque
2582 4180 2741 4235 linem
2778 4180 2994 4243 habere,
3032 4188 3088 4231 ut
3121 4178 3253 4231 satis
3282 4192 3432 4230 com-

1850 4278 2207 4324 monstratum
2240 4280 2341 4325 εει.

1922 4361 2086 4418 Vens.
2114 4363 2198 4416 16.
2238 4382 2256 4414 ‹
2294 4362 2349 4417 lu
2387 4364 2475 4419 die
2525 4365 2611 4421 illa
2657 4373 2818 4418 erunt
2858 4363 3097 4435 Ᾱζεγριίἰ
3130 4362 3278 4419 velut
3314 4377 3433 4417 mu-

1849 4450 2009 4506 lieres
2057 4454 2109 4507 in
2151 4465 2383 4511 tremore
2415 4464 2470 4511 et
2515 4458 2568 4511 in
2619 4458 2808 4511 timore
2845 4472 2873 4510 a
2916 4456 3055 4511 faeie
3104 4471 3294 4511 manus
3335 4457 3434 4511 Do-

160 4546 376 4618 Κυρίου
422 4544 667 4608 Σαϐαὼθ,
711 4547 776 4615 ἢν
798 4545 959 4608 αὐτὸς
995 4543 1241 4598 ἐπιϐαλεῖ
1285 4542 1485 4606 αὐτοῖς.
1530 4562 1547 4595 ι
1591 4543 1747 4597 Κατὰ

1859 4546 1980 4599 mini
2017 4547 2275 4613 Sabaoth,
2333 4565 2488 4619 quam
2530 4551 2642 4620 ipse
2675 4551 2927 4605 immittet
2973 4548 3100 4605 illis.
3141 4569 3161 4602 ι
3221 4548 3425 4606 Memo-

160 4641 291 4702 τοὺς
323 4637 685 4700 ἀποδοθέντας
736 4638 959 4709 χρόνους
991 4639 1087 4706 τῆς
1115 4634 1351 4703 ἀφίξεως
1396 4633 1488 4687 τοῦ
1546 4635 1745 4708 Κυρίου

158 4732 262 4802 τῆς
286 4732 366 4795 είς
401 4731 691 4798 Αἴγυπτον,
750 4729 933 4783 οὐκέτι
990 4729 1205 4782 ἔσεσθαι
1256 4730 1369 4792 τοῖς
1428 4728 1746 4797 Αἰγυπτίοις

160 4825 424 4895 φρόνημα
452 4822 723 4893 ἀνδρικὸν,
750 4820 1020 4891 γυναικῶν
1068 4821 1123 4873 δέ
1174 4820 1328 4891 δίκην
1374 4821 1430 4871 ἐν
1463 4820 1612 4891 φόϐῳ
1637 4817 1745 4873 ’καὶ

160 4918 357 4989 τρόμῳ
380 4916 581 4982 διάξειν
610 4915 789 4969 αὐτῶν
811 4916 901 4969 τὸν
932 4914 1045 4985 βίον
1088 4914 1171 4967 διὰ
1220 4913 1314 4985 τὴν
1364 4915 1743 4966 ἐπαναστᾶσαν

162 5010 352 5071 αὑτοξ
379 5010 537 5078 χεῖρα
562 5005 656 5059 τοῦ
688 5005 820 5059 Θεοῦ
851 5003 1113 5071 θεσπίζει.
1140 5005 1273 5073 Χεὶρ
1295 5002 1352 5056 δὲ
1400 5003 1601 5074 Κυρίου
1664 5004 1743 5067 τίς

160 5101 229 5154 ἂν
258 5099 483 5169 νοηθείη
512 5098 673 5169 ἐτέρα
702 5097 851 5168 παρὰ
878 5096 975 5168 τὴν
1003 5097 1298 5168 λεγομένην
1342 5094 1521 5159 δεξιὰν
1559 5095 1743 5161 αὐτοῦ,

158 5190 279 5245 ἀλλ’
329 5189 364 5259 ἢ
414 5188 694 5258 Ῥωμαῖκὴ
752 5186 979 5258 δύναμις
1039 5184 1351 5251 ὑποτάξασα
1412 5185 1537 5247 τοὺς
1584 5186 1745 5253 Δίγυ-

156 5283 357 5345 πτίους
382 5281 477 5333 καὶ
507 5280 854 5350 ὑποχειρίους
882 5279 1224 5350 ποιησαμένη
1248 5278 1336 5331 διὰ
1365 5277 1461 5349 τὴν
1486 5277 1580 5330 τοῦ
1630 5280 1742 5332 Κυ-

156 5375 282 5448 ρίου
316 5372 652 5444 παρουσίαν;
687 5370 843 5424 Οὖτω
868 5371 975 5442 γάρ
1002 5387 1129 5423 ποτε
1164 5370 1256 5423 καὶ
1280 5371 1309 5422 6
1345 5368 1589 5431 διάϐολος
1606 5368 1744 5439 πρὸς

148 5469 249 5521 τὸν
316 5464 452 5517 Θεὸν
501 5464 909 5535 ἀναγέγραπται
954 5461 1192 5534 εἰρηκὼς
1248 5462 1375 5533 περὶ
1438 5461 1530 5514 τοῦ
1597 5461 1716 5514 Ἰὼϐ

156 5577 176 5608 ο
221 5556 369 5610 Ἀλλ’
402 5555 721 5610 ἀπόστειλον
760 5554 857 5626 τὴν
884 5554 1044 5626 χεῖρά
1069 5572 1184 5617 σου,
1216 5554 1308 5606 καὶ
1338 5552 1474 5622 ἅψαι
1523 5553 1739 5606 πάντων

144 5644 227 5703 ῶν
259 5649 397 5719 ἔχει,
418 5649 470 5701 εί
506 5648 581 5719 μὴ
612 5649 693 5712 εἰς
723 5647 1012 5721 πρόσωπόν
1045 5664 1105 5701 σε
1134 5646 1436 5718 εύλογήσει.
1471 5665 1491 5699 ι
1530 5647 1591 5700 Οἱ
1632 5645 1743 5699 τοί-

224 5740 273 5770 ⁹⁷
309 5737 483 5804 Jobt,
508 5739 595 5793 ΙΙ.

224 5832 345 5905 (94)
386 5834 562 5892 Locus
590 5834 827 5891 mutilus.

1852 4639 1984 4692 ratis
2032 4641 2294 4696 adventus
2338 4642 2548 4696 Domini
2604 4644 2653 4695 in
2710 4640 3003 4714 [Egyptum
3059 4643 3430 4711 temporibus,

1848 4733 2046 4787 nullum
2081 4735 2347 4807 ngyptiis
2374 4737 2611 4791 futurum
2669 4737 2879 4791 virilem
2931 4753 3168 4805 sensum,
3205 4743 3299 4792 sed
3336 4752 3433 4792 eos

1848 4826 2134 4881 mulierum
2170 4829 2341 4883 instar
2378 4830 2433 4884 in
2469 4839 2618 4884 metu
2650 4839 2704 4884 et
2740 4842 2994 4895 tremore,
3030 4831 3100 4883 ob
3143 4830 3432 4883 imminen-

1849 4923 1954 4968 tem
1989 4916 2122 4985 ipsis
2164 4933 2379 4972 manum
2418 4918 2534 4982 Dei,
2560 4919 2722 4973 vitam
2754 4928 2971 4973 acturos
3003 4934 3121 4973 esse
3163 4919 3428 4972 vaticina-

1851 5016 1959 5061 tur.
2008 5007 2196 5064 Manus
2243 5020 2423 5064 autem
2482 5010 2692 5065 Domini
2739 5027 2857 5081 quae
2908 5012 3009 5064 alia
3060 5018 3277 5078 putetur
3308 5024 3428 5063 esse

1846 5110 2040 5168 praeter
2078 5116 2220 5163 eam,
2251 5117 2369 5171 quae
2409 5114 2631 5158 vocatur
2662 5106 2880 5158 dextera
2914 5104 3053 5172 eius,
3096 5102 3199 5156 nisi
3227 5101 3427 5155 Itoma-

1848 5206 2034 5245 norum
2067 5195 2329 5260 potentia,
2353 5210 2471 5261 qua:
2500 5194 2782 5266 Egyptios
2814 5195 3022 5264 subegit
3054 5209 3113 5246 ac
3152 5190 3252 5245 sibi
3297 5190 3426 5245 sub-

1849 5281 1989 5336 ditos
2036 5282 2301 5349 reddidit,
2339 5286 2499 5354 idque
2544 5290 2612 5340 ob
2656 5286 2857 5340 Christi
2914 5283 3254 5353 praesentiam
3289 5281 3312 5333 ?
3346 5281 3423 5337 lla

1848 5374 2045 5443 quippe
2100 5376 2371 5431 diabolum
2430 5378 2495 5432 de
2539 5376 2642 5433 Job
2697 5378 3002 5446 loquentem
3066 5376 3172 5428 Deo
3223 5374 3425 5429 dixisse

1847 5465 2105 5534 scriptum
2146 5480 2230 5522 est
2270 5486 2283 5521 :
2323 5485 2343 5520 ι
2380 5468 2486 5523 Sed
2529 5469 2679 5523 mitte
2710 5483 2922 5522 manum
2954 5475 3129 5526 tuam.
3173 5474 3228 5518 et
3265 5474 3425 5535 tange

1847 5557 2028 5611 omnia
2064 5573 2182 5627 qua:
2204 5559 2386 5625 habet,
2421 5559 2521 5614 nisi
2562 5560 2613 5613 in
2644 5559 2838 5613 faciem
2864 5556 3146 5611 benedicat
3174 5556 3264 5610 tibi
3286 5557 3369 5609 ’7?
3396 5574 3417 5607 ι

1852 5646 1952 5716 Qui
1984 5666 2113 5722 ergo
2140 5651 2430 5709 voluntatis
2467 5652 2561 5707 Dei
2600 5652 2667 5707 ad
2709 5650 3107 5721 subjugandum
3138 5648 3422 5723 Egyptia-
