3984 6508
553 392 653 450 231

1256 380 1524 439 EUSEBII
1562 372 2031 435 Ci’ESABlENSIS
2066 369 2218 427 OPP.
2257 367 2434 424 PARS
2468 366 2554 422 lli.
2594 395 2664 409 --
2701 361 3112 421 EXEGETICA.

3684 353 3798 409 νεα

556 523 675 568 rum
709 508 990 579 imperium
1020 504 1251 561 ministri
1285 505 1501 559 fuerunt
1527 541 1541 567 ,
1572 498 1822 555 videlicet
1850 496 1965 568 ipsa
2014 494 2119 549 Ro-

2252 507 2314 545 υν
2356 489 2804 561 διακονησάμενοι
2840 485 2919 557 τῷ
2962 482 3256 555 βουλήματι
3290 475 3384 532 τοῦ
3431 472 3566 529 Θεοῦ
3605 475 3685 538 εἰς
3734 473 3802 526 τὸ

558 603 700 657 niani
746 598 1016 656 exercitus
1047 596 1305 666 potentia,
1337 607 1527 648 manus
1567 601 1810 646 vocatur.
1847 586 2126 651 Quomodo

464 742 482 764 ι
558 703 733 744 autem
769 688 1051 743 mulierum
1077 686 1249 739 instar
1298 699 1419 738 cum
1449 683 1639 737 timore
1657 687 1709 735 et
1742 677 1987 749 angustia
2017 676 2125 730 Ro-

560 782 731 834 manis
758 780 998 833 serviant
1029 766 1309 847 1Eg'yptii,
1354 774 1405 826 id
1444 784 1574 826 sane
1614 785 1720 823 non
1755 777 1839 823 est
1861 766 2003 836 quod
2030 780 2126 819 ex-

558 872 804 943 plicetur.

630 963 793 1018 Vsns.
823 962 909 1017 l7.
938 979 956 1011 ι
984 959 1052 1014 Ει
1079 958 1184 1013 erit
1227 955 1377 1026 regio
1402 952 1712 1008 Iudaeorum
1758 949 1811 1003 in
1842 956 2127 1002 terrorem.

559 1052 874 1120 Quicunque
904 1064 1024 1103 eam
1056 1044 1416 1102 nominaverit
1438 1043 1594 1112 ipsis,
1627 1039 1981 1096 extimescent
2006 1051 2132 1105 pro-

559 1157 679 1216 pter
738 1143 1040 1201 consilium.
1076 1138 1214 1208 quod
1266 1134 1539 1192 consuluit
1584 1132 1839 1189 Dominus
1893 1127 2130 1184 Sabaoth

559 1253 719 1306 super
748 1251 889 1291 eam.
928 1254 946 1287 ι
980 1232 1273 1299 Regionem
1301 1244 1428 1284 vero
1467 1226 1769 1281 Judteorum
1806 1223 1851 1278 si
1885 1221 2131 1290 Scriptu-

560 1348 676 1386 ram
706 1330 941 1384 divinam
980 1325 1184 1379 dixeris
1223 1336 1341 1376 esse
1362 1360 1377 1386 ,
1406 1320 1716 1387 neutiquam
1770 1315 2131 1381 aberraveris,

560 1438 743 1494 quam,
759 1423 826 1476 ob
843 1422 947 1475 vim
965 1417 1178 1489 pietatis
1194 1426 1248 1470 et
1271 1415 1414 1477 lidei,
1434 1413 1521 1481 qui
1545 1410 1824 1465 Dominum
1844 1416 2129 1475 noverunt,

558 1533 680 1572 eum
719 1516 930 1580 timore,
968 1522 1196 1565 tremore
1233 1517 1287 1561 et
1312 1508 1612 1560 reverentia
1634 1501 1854 1565 adeunt,
1888 1515 1993 1555 non
2021 1514 2137 1553 am-

560 1608 780 1678 pliusut
811 1606 937 1660 olim
973 1603 1287 1671 blasphema
1320 1599 1463 1654 dicta
1508 1597 1560 1649 in
1613 1609 1731 1649 eam
1772 1591 2132 1663 prolerentes,

560 1702 655 1756 sed
684 1700 753 1754 ob
796 1698 1080 1751 Dominum
1124 1696 1174 1747 in
1222 1708 1284 1747 ea
1330 1689 1675 1761 pradicatum
1698 1727 1713 1753 ,
1738 1694 2057 1741 venerantes
2082 1697 2138 1743 et

559 1793 817 1849 colentes.
860 1789 1220 1857 Quamobrem
1257 1784 1503 1854 quisquis
1546 1781 1692 1836 illam
1729 1780 1859 1849 ipsis
1896 1791 2137 1832 comme-

2228 580 2591 655 χειρώσασθαι
2615 581 2712 650 τὴν
2739 579 3050 647 Αἰγυπτίων
3079 572 3272 645 ἀρχὴν,
3296 570 3521 640 δύναμις
3568 565 3708 636 αῦτη
3741 565 3800 617 δὲ

2224 652 2291 743 ἧν
2318 652 2359 741 νή
2396 668 2704 741 Ῥωμαϊκοῦ
2735 666 2987 739 στρατοῦ,
3021 665 3141 736 χεὶρ
3165 660 3494 731 ὠνόμασται.
3523 656 3712 714 Ὅπως
3743 652 3801 705 δὲ

2226 742 2503 830 γυναικῶν
2531 760 2686 829 δίκην
2720 758 2857 829 μετά
2888 755 3051 825 φόϐου
3080 752 3172 806 καὶ
3209 749 3445 819 ἀγωνίας
3486 742 3803 799 δουλεύουσι

2238 853 2526 926 Ῥωμαίοις
2556 851 2860 922 Αἰγύπτιοι,
2892 849 3039 902 οὐδὲν
3071 846 3151 899 δεῖ
3178 844 3374 913 λέγειν.

2298 965 2317 999 ι
2357 947 2466 1001 Καὶ
2488 945 2640 1000 ἔσται
2668 948 2701 1016 ἡ
2737 946 2888 1015 χώρα
2913 942 3020 995 τῶν
3058 938 3324 993 Ἰουδαίων
3352 935 3463 996 τοῖς
3481 927 3807 999 Αἰγυπτίοις

2229 1040 2308 1103 είς
2340 1039 2625 1111 φόϐητρόν.
2668 1039 2781 1100 Πᾶς
2819 1037 2877 1100 ὃς
2934 1034 3027 1088 ἐὰν
3082 1030 3322 1102 ὀνομάσῃ
3370 1024 3536 1095 αὐτὴν
3591 1022 3803 1083 αὐτοῖς,

2230 1108 2625 1201 φοϐηθήσονται
2650 1126 2736 1180 διὰ
2759 1126 2853 1196 τὴν
2889 1123 3102 1196 βουλὴν,
3132 1121 3198 1191 ἣν
3228 1116 3429 1187 Κύριος
3457 1108 3682 1201 Σαϐαὼθ
3717 1108 3808 1177 βε·

2231 1198 2511 1276 ϐούλευται
2534 1222 2617 1273 ἐπ’
2645 1220 2834 1290 αὑτήν.
2860 1237 2877 1269 ν
2908 1215 3104 1285 Χώραν
3135 1212 3191 1265 δὲ
3234 1206 3498 1264 Ἰουδαίων
3525 1202 3622 1273 τὴν
3652 1198 3806 1253 θείαν

2231 1317 2330 1372 ούκ
2360 1314 2425 1368 ἂν
2462 1314 2726 1386 ἁμάρτοις
2769 1310 2935 1365 εἰπὼν
2974 1306 3225 1377 Γραφήν·
3281 1302 3347 1372 ἥν
3392 1298 3458 1352 δι’
3500 1291 3809 1365 ὑπερϐολὴν

2234 1410 2520 1473 εύλαϐείας
2558 1408 2651 1461 καὶ
2688 1406 2923 1466 πίστεως
2951 1402 3000 1454 οἱ
3046 1400 3135 1452 τὸν
3169 1395 3369 1465 Κύριον
3433 1385 3809 1455 ἐπεγνωκότες

2237 1503 2374 1575 μετά
2397 1500 2559 1571 φόϐου
2595 1498 2687 1553 καὶ
2729 1496 2932 1568 τρόμου
2993 1492 3087 1546 καὶ
3137 1484 3417 1547 εὐλαϐείας
3466 1477 3806 1553 προσίενται,

2235 1569 2419 1645 οὐκέτι
2449 1589 2524 1652 ὼς
2554 1587 2615 1640 τὸ
2663 1588 2790 1658 πρὶν
2847 1578 3287 1655 βλασφημοῦντες
3343 1573 3530 1643 αὐτὴν,
3557 1569 3692 1624 ἀλλά
3719 1584 3809 1620 τι-

2240 1682 2445 1753 μῶντες
2475 1680 2567 1735 καὶ
2597 1678 2842 1740 σέϐοντες
2866 1675 2951 1728 διὰ
2983 1672 3070 1727 τὸν
3117 1674 3174 1724 ὲν
3232 1668 3368 1737 αὐτῇ
3404 1660 3810 1735 κηρυττόμενον

2239 1750 2442 1846 Κύριον
2460 1790 2473 1803 ·
2504 1773 2584 1827 διὸ
2606 1772 2753 1835 πὶςό
2769 1768 3046 1840 ὀνομάζων
3079 1765 3244 1834 αὐτὴν
3272 1762 3450 1823 αὐτοῖς
3478 1754 3640 1827 φόϐον
3668 1750 3809 1806 Θεοῦ

560 1894 765 1947 morat,
800 1883 1047 1936 timorem
1090 1880 1179 1934 Dei
1213 1878 1345 1948 ipsis
1395 1874 1657 1939 immittit,
1705 1885 1826 1925 nam
1862 1888 1880 1921 ι
1915 1868 2129 1923 Initium

2252 1869 2447 1937 ;μποιεῖ
2492 1866 2705 1928 αὐτοῖς·
2761 1882 2779 1913 ‹
2816 1860 2982 1932 Ἀρχὴ
3005 1879 3022 1911 ι
3062 1858 3171 1929 γὰρ
3211 1876 3227 1908 ι
3254 1855 3443 1925 σοφίας
3494 1850 3656 1921 φόϐος
3688 1848 3810 1902 Κυ-

560 1976 835 2046 sapientize
865 1978 1025 2029 timor
1052 1973 1259 2028 Domini
1275 1972 1343 2025 ⁸⁸.
1370 1990 1389 2023 ι

635 2068 794 2123 Vens.
825 2068 910 2122 18.
952 2086 971 2119 ι
1011 2065 1069 2119 lu
1101 2066 1189 2119 die
1220 2064 1308 2117 illa
1334 2068 1494 2116 erunt
1527 2059 1765 2128 quinque
1796 2056 2041 2112 civitates
2080 2052 2133 2106 in

562 2170 704 2216 terra
733 2158 976 2229 Egypti,
1012 2157 1293 2225 loquentes
1330 2154 1511 2223 lingua
1539 2148 1949 2214 Cbanaanitide,
1980 2157 2034 2201 et
2054 2147 2137 2215 ju-

561 2262 747 2309 rantes
773 2266 867 2322 per
913 2265 1108 2305 nomen
1159 2246 1367 2302 Domini
1403 2246 1642 2300 Sabaoth
1673 2260 1686 2297 :
1712 2242 1903 2299 civitas
1931 2240 2139 2295 Asedec

562 2344 841 2401 vocabitur
893 2358 999 2397 una
1050 2340 1260 2395 civitas.
1293 2359 1311 2391 ι
1355 2338 1469 2392 Etsi
1505 2338 1743 2407 quinque
1797 2334 2039 2388 civitates
2083 2330 2138 2384 in

563 2433 816 2490 vaticinio
878 2431 1155 2491 ferantur,
1214 2440 1267 2483 at
1321 2443 1424 2482 non
1494 2424 1845 2497 ignorandum
1903 2430 1984 2475 est
2021 2420 2139 2475 illas

565 2527 804 2597 quinque
852 2538 1010 2578 unam
1042 2535 1182 2577 esse.
1228 2520 1407 2586 Quare
1462 2532 1655 2571 nomen
1709 2531 1872 2569 unum
1900 2512 2139 2568 omnium

567 2617 816 2680 additur,
846 2613 1086 2675 Asedec,
1124 2612 1267 2680 quod
1318 2612 1705 2679 interpretatur
1746 2604 2139 2677 Symmachus,

575 2728 594 2761 ι
629 2708 776 2763 solis.
809 2726 827 2758 ι
867 2705 1038 2772 Quam
1066 2718 1193 2758 vero
1218 2703 1419 2756 dixeris
1450 2716 1568 2755 eam
1592 2713 1731 2764 esse,
1762 2698 1864 2752 nisi
1894 2703 2141 2750 sanctam

570 2801 663 2857 Dei
696 2798 1009 2857 Ecclesiam,
1059 2810 1177 2865 quae
1212 2792 1505 2848 secundum
1560 2789 1700 2844 LXX
1748 2790 1968 2860 quidem
2006 2786 2143 2840 dici-

570 2903 661 2947 tur
687 2892 909 2952 Asedec,
941 2888 1083 2955 quod
1131 2884 1419 2956 signiﬁcat,
1457 2901 1475 2934 ι
1516 2882 1772 2949 justitize;
1804 2899 1822 2931 ι
1850 2878 2142 2934 secundum

571 2983 955 3055 Symmachum
1001 2993 1162 3041 vero,
1202 2994 1221 3027 ι
1282 2975 1432 3037 solis,
1484 2992 1501 3026 ι
1546 2973 1610 3026 de
1648 2986 1752 3040 quo
1795 2972 1994 3024 dictum
2037 2978 2142 3031 est,

577 3091 598 3126 ι
638 3071 973 3126 Timentibus
1004 3075 1177 3121 autem
1203 3079 1288 3118 me
1322 3062 1525 3116 orietur
1564 3060 1641 3113 sol
1671 3060 1914 3127 justitiaa,
1941 3067 1994 3109 et
2035 3071 2146 3110 ηιθ-

576 3164 709 3219 dela:
738 3165 790 3215 in
817 3162 914 3214 alis
958 3160 1108 3228 ejus;
1148 3177 1166 3209 ι
1191 3155 1482 3211 secundum
1525 3160 1834 3206 accuratam
1868 3164 1997 3202 vero
2034 3148 2144 3201 (lis-

2234 1957 2371 2029 ρίου.
2418 1974 2438 2008 ι

2309 2068 2328 2100 ι
2358 2049 2435 2118 Τῇ
2496 2044 2678 2116 ἡμέρᾳ
2731 2044 2913 2115 ἐκείνῃ
2970 2040 3179 2094 ἔσονται
3219 2037 3380 2092 πέντε
3440 2033 3613 2095 πόλεις
3650 2031 3706 2085 ἒν
3735 2028 3812 2099 γῇ

2233 2140 2529 2210 Αἰγύπτου,
2555 2135 2807 2190 λαλοῦσαι
2860 2138 2926 2206 τῇ
2954 2132 3173 2204 γλώσσῃ
3207 2132 3272 2201 τῇ
3303 2124 3683 2186 Χαναανίτιδι,
3714 2121 3815 2175 καὶ

2235 2233 2525 2305 ὀμνύοντες
2550 2230 2626 2301 τῷ
2648 2230 2869 2300 ὀνόματι
2894 2227 3099 2298 Κυρίου
3117 2222 3341 2278 Σαϐαώθ
3357 2238 3371 2252 ο
3403 2220 3555 2281 πόλις
3588 2215 3814 2281 ’Δσεδὲκ

2236 2328 2565 2400 κληθήσεται
2602 2324 2698 2395 μία
2726 2322 2899 2385 πόλις.
2937 2339 2954 2372 ι
2993 2321 3056 2373 Εἰ
3084 2318 3140 2371 δὲ
3170 2316 3329 2369 πέντε
3359 2314 3602 2381 λέγονται
3628 2308 3816 2368 πόλεις

2236 2422 2293 2475 αἰ
2324 2397 2734 2489 θεσπιζόμεναι,
2769 2415 2881 2470 ἀλλ’
2914 2414 2974 2467 ού
3008 2411 3112 2483 χρὴ
3143 2409 3373 2478 ἀγνοεῖν,
3407 2404 3483 2467 ὡς
3537 2403 3591 2454 αἱ
3646 2397 3815 2450 πέντε

2242 2513 2369 2584 μίαν
2398 2510 2744 2581 τυγχάνουσι.
2770 2507 2861 2561 Διὸ
2896 2506 2991 2558 καὶ
3016 2503 3073 2555 ἓν
3098 2502 3268 2569 ὄνομα
3289 2494 3430 2550 κατὰ
3468 2490 3655 2545 πασῶν
3686 2491 3814 2542 ἐπι-

2238 2603 2453 2673 λέγεται
2486 2602 2548 2655 τὸ
2587 2600 2827 2661 Ἀσεδὲκ,
2857 2599 2994 2666 ὅπερ
3046 2596 3072 2648 ὁ
3121 2592 3414 2661 Σύμμαχος
3465 2584 3815 2673 ἡρμήνευσεν

2247 2717 2267 2749 ι
2305 2696 2477 2767 ἡλίου.
2505 2713 2523 2745 ι
2558 2693 2691 2745 Τίνα
2714 2691 2810 2762 μὲν
2843 2684 2934 2742 οὖν
2964 2687 3138 2746 εἴποις
3170 2683 3234 2736 ἂν
3255 2680 3456 2748 ταύτην
3488 2672 3679 2743 εἶναιῆ
3711 2673 3814 2743 τὴν

2240 2764 2401 2858 ἁγίαν
2431 2786 2523 2841 τοῦ
2551 2784 2686 2839 Θεοῦ
2729 2780 3069 2843 Ἐκκλησίαν,
3096 2776 3233 2830 κατὰ
3265 2773 3361 2845 μὲν
3387 2772 3509 2833 τοὺς
3545 2764 3813 2835 Ἐϐδομή-

2243 2898 2405 2935 κοντα
2434 2878 2777 2947 καλουμενηνι
2820 2875 3060 2930 Ἀσεδὲκ.
3089 2869 3117 2922 ὃ
3142 2869 3207 2937 δὴ
3250 2864 3502 2935 σημαίνει
3558 2879 3576 2911 ι
3610 2859 3818 2947 δικαιοῖ

2246 2973 2437 3044 σύνης·
2480 2990 2498 3021 ι
2530 2940 2674 3023 κατὰ
2703 2940 2759 3021 δὲ
2791 2965 2881 3019 τὸν
2918 2964 3232 3032 Σύμμαχον,
3257 2978 3275 3009 ί
3304 2956 3477 3028 ἡλίου,
3509 2973 3528 3004 ι
3563 2950 3691 3020 περὶ
3751 2940 3815 3001 οῦ

2244 3042 2521 3118 λέλεκται*
2562 3081 2580 3114 ι
2612 3062 2736 3125 Τοῖς
2779 3059 2834 3112 δὲ
2865 3054 3214 3127 φοϐουμένοις
3264 3067 3328 3120 με
3381 3045 3623 3101 ἀνατελεῖ
3667 3042 3820 3113 ἥλιος

2246 3154 2608 3225 δικαιοσύνης,
2635 3152 2729 3205 καὶ
2762 3151 2931 3212 ἰάσεις
2974 3148 3031 3200 ἐν
3080 3146 3203 3206 ταῖς
3252 3138 3505 3211 πτέρυξιν
3554 3133 3748 3190 αὐτοῦ’
3792 3151 3812 3182 ι

577 3251 789 3306 serendi
839 3250 1129 3307 rationem.
1180 3257 1339 3300 terra:
1390 3243 1583 3297 civitas
1618 3242 1848 3302 dicitur,
1881 3241 2022 3309 quod
2073 3240 2143 3292 ita

2252 3247 2391 3302 κατὰ
2443 3246 2497 3299 δὲ
2530 3216 2846 3315 ἀκριϐὲς
2879 3242 2978 3310 τῆς
3005 3235 3167 3292 αὑτοῦ
3199 3232 3485 3299 διαλέξεως
3527 3229 3629 3299 γῆς
3665 3225 3822 3290 πόλις

578 3341 724 3395 reddi
752 3340 939 3409 possit,
977 3354 996 3388 ι
1031 3336 1235 3390 Civitas
1268 3344 1424 3389 terrae
1457 3332 1735 3387 vocabitur
1762 3346 1867 3384 una
1896 3329 2140 3383 civitas.»

574 3430 693 3501 Ipsa
722 3431 918 3501 quippe
944 3430 1052 3484 sola
1076 3429 1129 3481 iu
1154 3427 1398 3481 universa
1431 3435 1570 3479 terra
1606 3426 1710 3477 Deo
1730 3423 1919 3475 civitas
1949 3421 2147 3475 consti-

577 3524 767 3590 tuitur,
823 3522 893 3577 ita
945 3530 1005 3576 ut
1041 3522 1106 3574 de
1142 3520 1230 3573 illa
1280 3516 1816 3583 dicatur,cGloriosa
1845 3515 1985 3568 dicta
2022 3522 2150 3568 sunt

579 3616 645 3671 de
676 3624 749 3678 te,
779 3616 969 3669 civitas
1014 3613 1107 3667 Dei
1126 3615 1193 3665 ⁹⁹.
1230 3631 1248 3665 ι
1292 3611 1541 3679 Quinque
1588 3618 1765 3663 autem
1807 3608 2057 3661 civitates
2095 3606 2147 3659 in

578 3707 818 3763 Ecclesia
868 3706 1311 3761 luerintdiversa:
1334 3702 1565 3756 instituti
1600 3710 1653 3756 et
1683 3699 1841 3755 otIicii
1875 3698 2149 3761 rationes;

579 3802 815 3871 quinque
836 3814 964 3855 vero
995 3807 1123 3853 sunt
1159 3798 1377 3853 ordines
1399 3795 1676 3856 distincti;
1709 3801 1820 3846 tres
1849 3790 2057 3845 scilicet
2079 3790 2151 3843 ita

581 3908 834 3948 numeres
859 3910 874 3946 :
907 3892 1110 3961 primus
1133 3900 1216 3945 est
1239 3887 1524 3959 prmsulum
1554 3887 1707 3949 ordo,
1733 3884 1996 3938 secundus
2026 3896 2151 3951 pre-

580 3986 941 4056 shyterorum,
986 3983 1335 4035 diaconorum
1368 3979 1591 4041 tertius,
1633 3985 1856 4045 quartus
1887 3972 2153 4025 illumina-

583 4090 759 4132 torum
791 4076 845 4129 in
881 4074 1115 4138 Christo,
1149 4082 1448 4141 postremus
1488 4084 1698 4129 eorum,
1726 4068 1815 4135 qui
1848 4064 2150 4141 initiantur.

583 4171 872 4226 Sciendum
915 4183 1042 4238 ergo
1074 4176 1159 4221 est
1185 4164 1403 4219 ordines
1432 4162 1669 4232 quinque
1702 4160 1753 4213 in
1794 4138 2032 4212 Ecclesia
2062 4155 2153 4210 Dei

585 4263 819 4328 versari;
847 4275 1013 4331 quare
1039 4259 1277 4329 quinque
1320 4256 1566 4310 civitates
1600 4254 1700 4307 sub
1739 4267 1843 4305 una
1880 4251 2153 4312 dicuntur,

586 4352 865 4421 loquentes
915 4350 1088 4419 lingua
1123 4363 1241 4417 quae
1289 4346 1418 4400 olim
1449 4345 1586 4413 apud
1630 4341 1913 4411 Egyptios
1941 4338 2156 4393 Chana-

591 4459 702 4498 mea
752 4444 1127 4512 reputabatur,
1154 4451 1210 4495 et
1246 4438 1492 4506 iurantes
1522 4450 1626 4488 non
1664 4449 1759 4503 per
1800 4448 1892 4485 eos
1914 4472 1928 4495 ,
1962 4430 2050 4498 qui
2083 4427 2157 4482 dii

594 4536 745 4606 patrii
794 4534 1273 4593 existimabantur,
1314 4529 1406 4583 sed
1439 4528 1492 4581 in
1542 4525 1755 4579 nomine
1796 4521 2005 4576 Domini
2054 4518 2156 4574 Sa-

595 4626 775 4689 baoth,
809 4623 898 4692 qui
930 4622 1056 4675 olim
1118 4619 1314 4674 .ludaais
1339 4616 1587 4686 cOgnitus
1615 4613 1753 4668 Deus
1783 4621 1919 4666 erat.
1949 4609 2047 4664 llic
2077 4608 2163 4663 ille

596 4729 711 4773 erat
738 4719 827 4788 qni
860 4719 911 4771 in
943 4712 1235 4778 nubolcvi,
1270 4712 1357 4766 hic
1402 4718 1517 4765 erat
1546 4707 1635 4776 qui
1674 4706 1740 4758 ad
1778 4704 1922 4774 ipsos
1952 4701 2167 4758 advenit

595 4810 861 4865 Christus.

666 4992 831 5047 Vens.
876 4990 959 5045 19.
993 5007 1009 5039 ‹
1046 4988 1103 5041 in
1154 4987 1240 5041 die
1273 4984 1359 5039 illa
1391 4983 1495 5039 erit
1535 4982 1701 5035 altare
1741 4980 1967 5034 Domino
1999 4978 2050 5033 in
2081 4993 2165 5033 re-

595 5091 754 5159 gione
787 5083 1184 5154 Egyptiorum,
1212 5090 1267 5134 et
1313 5078 1559 5133 columna
1602 5075 1667 5128 ad
1711 5073 1996 5128 terminum
2049 5071 2165 5139 ejus

604 5178 845 5231 Domino.
877 5192 897 5225 ι
931 5174 1003 5226 De
1027 5171 1308 5224 divinitate
1336 5167 1427 5221 Dei
1455 5167 1506 5221 in
1531 5166 1762 5235 Egypto
1785 5164 2163 5219 conStituenda

600 5282 653 5322 et
685 5274 750 5323 de
776 5267 1003 5323 diversis
1033 5265 1085 5318 in
1120 5264 1338 5317 civitate
1359 5260 2006 5325 ordinibus,vaticinatus,
2033 5272 2165 5311 con—

608 5372 892 5427 sequenter
920 5359 1090 5412 altare
1113 5357 1164 5410 in
1187 5355 1407 5410 civitate
1438 5353 1527 5408 Dei
1577 5352 1810 5405 futurum
1841 5364 2168 5405 commemo-

674 5474 719 5505 "
743 5473 879 5526 Psal.
908 5488 998 5536 cx,
1027 5470 1111 5525 10.
1186 5469 1231 5501 ⁹⁹
1256 5467 1398 5522 Psal.
1429 5465 1718 5529 Lxxxvr,5.

678 5610 789 5680 (ἳό)
831 5609 927 5664 llic
977 5608 1368 5680 Hieropymus,
1399 5622 1428 5680 _r
1484 5601 1653 5680 Porro
1692 5600 1792 5680 qui
1833 5598 1885 5680 in
1943 5599 2173 5680 adventu

609 5670 862 5745 Christi,»
890 5681 985 5738 ait,
1007 5696 1025 5727 ι
1049 5689 1099 5731 et
1127 5670 1369 5730 Romano
1398 5673 1624 5745 imperio
1646 5670 1976 5745 prophetiam
2008 5671 2181 5745 disse-

616 5760 761 5811 runt,
792 5738 1029 5817 quinque
1076 5748 1322 5801 civitates
1359 5743 1442 5797 vel
1476 5738 1656 5811 legem
1706 5738 1954 5817 Domini,
1982 5754 2098 5817 quae
2127 5741 2178 5792 in

613 5811 958 5878 Alexan'dria'
983 5818 1212 5882 primum
1266 5818 1615 5881 interpretata
1659 5821 1770 5878 est,
1807 5811 1892 5866 vel
1946 5812 2179 5873 quinque

2250 3341 2518 3400 λέλεκται,
2547 3338 2681 3410 ὅπερ
2727 3335 2898 3397 οὕτως
2928 3333 2993 3387 ἂν
3033 3327 3413 3403 ἑρμηνευθείη,
3464 3342 3481 3373 ι
3510 3322 3668 3383 Πόλις
3717 3318 3824 3388 τῆς

2251 3434 2354 3503 γῆς
2386 3430 2765 3502 κληθήσεταιὴ
2801 3428 2897 3497 μία
2930 3425 3102 3487 πόλις.
3140 3442 3157 3474 ι
3191 3419 3341 3488 Αῦτη
3373 3416 3479 3487 γὰρ
3509 3414 3642 3485 μόνη
3696 3411 3822 3465 καθ’

2253 3525 2381 3595 ὅλης
2406 3524 2508 3594 γῆς
2541 3522 2751 3592 ἵδρυται
2792 3518 2872 3588 τῷ
2898 3517 3018 3587 Θεῷ
3044 3515 3216 3578 πόλις,
3276 3511 3351 3575 ὡς
3400 3507 3638 3579 ὲρεῖσθαι
3688 3504 3826 3577 περὶ

2255 3616 2445 3686 αὐτῆς,
2476 3632 2495 3665 ι
2529 3612 2897 3681 Δεδοξασμένα
2928 3606 3160 3678 ἐλαλήθη
3184 3604 3313 3677 περὶ
3342 3601 3455 3665 σοῦ,
3485 3602 3518 3671 ή
3547 3599 3699 3661 πόλις
3728 3595 3825 3650 τοῦ

2255 3706 2408 3760 Θεοῦ.
2455 3724 2472 3756 ι
2502 3703 2669 3756 Πέντε
2692 3702 2749 3754 δὲ
2782 3700 2963 3762 πόλεις
2982 3699 3038 3750 ὲν
3075 3692 3367 3763 Ἐκκλησία
3387 3692 3497 3744 εἷεν
3526 3690 3592 3745 ἂν
3624 3689 3681 3742 αἱ
3706 3686 3825 3739 διὰ-

2258 3815 2412 3870 φοροι
2445 3795 2735 3848 πολιτεῖαι*
2783 3792 2893 3861 (9.5)
2924 3790 3082 3843 πέντε
3110 3788 3166 3841 δὲ
3195 3786 3449 3855 τάγματα
3501 3777 3823 3851 διῃρημένα,

2256 3869 2420 3962 ήγουν
2450 3892 2597 3959 τρεῖς
2628 3884 2972 3957 ἀριθμήσεις,
2998 3882 3058 3933 τὸ
3115 3878 3328 3950 πρῶτον
3383 3875 3489 3928 τῶν
3551 3869 3827 3942 προέδρων

2256 3960 2464 4050 τάγμα,
2493 3980 2665 4032 καὶτὸ
2687 3978 2933 4046 δεύτερον
2957 3973 3066 4026 τῶν
3092 3969 3473 4042 πρεσϐυτέρων
3493 4005 3507 4029 ,
3539 3963 3600 4016 τό
3628 3979 3689 4014 τε
3718 3960 3827 4015 τῶν

2258 4073 2517 4127 διακόνων
2545 4072 2606 4123 τὸ
2632 4070 2830 4141 τρίτον,
2863 4068 2957 4120 καὶ
2987 4065 3095 4119 τῶν
3142 4066 3198 4116 ὲν
3226 4064 3445 4132 Χριστῳ
3476 4052 3827 4127 πεφωτισμέ-

2260 4181 2364 4218 νων
2413 4162 2703 4232 τέταρτον,
2738 4160 2833 4212 καὶ
2888 4159 2980 4210 ἐπὶ
3034 4155 3241 4218 τούτοις
3295 4151 3402 4205 τῶν
3452 4152 3509 4203 ὲν
3551 4148 3826 4217 εἰσαγωγῇ

2260 4256 2650 4327 τυγχανόντων.
2698 4251 2911 4313 ’1στέον,
2931 4249 3006 4312 ὡς
3038 4248 3200 4301 πέντε
3219 4245 3474 4314 τάγματα
3488 4237 3829 4293 πολιτεύεται

2261 4350 2318 4401 ὲν
2342 4351 2408 4419 τῇ
2450 4346 2742 4416 Ἐκκλησία
2770 4344 2860 4397 τοῦ
2888 4341 3019 4396 Θεοῦ
3044 4358 3057 4371 ·
3075 4340 3154 4393 διδ
3174 4337 3331 4391 πέντε
3356 4334 3535 4399 πόλεις
3571 4331 3675 4385 ὑπὸ
3702 4330 3829 4401 μίαν

2264 4436 2799 4507 είρηνται,λαλοῦσαι
2827 4437 2891 4505 τῇ
2916 4431 3153 4501 γλώσσῃ,
3177 4428 3341 4482 πάλαι
3364 4427 3489 4496 παρ’
3517 4420 3834 4491 Αἰγυπτίοις

2264 4527 2590 4599 νομιζομένῃ
2618 4527 2983 4587 Χαναανίτιδι,
3010 4525 3104 4578 καὶ
3136 4520 3423 4594 ὀμνύοντες
3447 4518 3507 4569 ού
3554 4515 3681 4577 τοὺς
3730 4530 3834 4565 πα-

2269 4619 2476 4690 τρῴους
2509 4619 2663 4683 θεοὺς
2701 4619 2793 4682 οὒς
2818 4618 3081 4688 ἐνόμιζον,
3116 4613 3231 4669 ἀλλ’
3264 4613 3296 4683 ἢ
3334 4610 3410 4681 τῷ
3453 4607 3677 4679 ὀνόματι
3721 4606 3835 4657 Κυ-

2275 4711 2389 4782 ρίου
2444 4710 2690 4773 Σαϐαὼθ,
2747 4710 2840 4763 τοῦ
2890 4708 3056 4763 πάλαι
3086 4754 3089 4758 .
3119 4703 3388 4766 Ἰουδαίοις
3434 4696 3833 4782 γνωριζομένου

2272 4779 2427 4853 Θεοῦ.
2463 4795 2629 4864 Οὗτος
2654 4801 2710 4853 δὲ
2754 4797 2821 4871 ἦν
2848 4802 2875 4853 ὁ
2922 4799 3016 4851 ἐπὶ
3046 4795 3272 4867 νεφέλης
3299 4791 3536 4861 κούφης,
3570 4779 3726 4849 οὗτος
3779 4782 3835 4836 δὲ

2272 4886 2339 4963 ἦν
2365 4894 2394 4945 ὁ
2427 4893 2763 4964 ἐπιδημήσας
2797 4890 3028 4963 Χριστὸς
3054 4890 3255 4950 αὐτοῖς.

2348 5004 2365 5036 ι
2400 4987 2478 5057 Τῇ
2530 4986 2711 5059 ἡμέρᾳ
2733 4984 2914 5054 ἐκείνῃ
2939 4983 3091 5035 ἔσται
3128 4977 3509 5047 θυσιαστήριον
3546 4971 3621 5043 τῷ
3649 4968 3840 5040 Κυρίῳ

2272 5077 2331 5131 ὲν
2351 5076 2505 5149 χώρα
2535 5077 2864 5145 Αἰγυπτίων,
2898 5074 3065 5145 στήλη
3096 5071 3231 5143 πρὸς
3262 5069 3321 5122 τὸ
3367 5070 3511 5138 ὃριον
3555 5064 3724 5131 αὐτῆς
3763 5059 3840 5130 τῷ

2271 5170 2479 5242 Κυρίῳ.
2521 5189 2539 5221 ι
2566 5167 2952 5247 Προφητεύσας
2973 5168 3000 5218 ὀ
3020 5164 3175 5233 λόγος
3204 5162 3332 5232 περὶ
3364 5158 3570 5220 πόλεως
3601 5154 3736 5208 Θεοῦ
3784 5152 3841 5204 ὲν

2273 5262 2533 5333 Αἰγύπτῳ
2555 5244 2979 5331 συστησομένης,
3028 5258 3120 5311 καὶ
3147 5255 3255 5308 τῶν
3285 5255 3342 5307 ἐν
3372 5254 3438 5323 τῇ
3484 5248 3635 5302 πόλει
3660 5242 3843 5313 δια.φὸ-

2280 5372 2385 5424 ρων
2418 5354 2732 5425 ταγμάτων,
2756 5352 3059 5415 ἀκολούθως
3086 5346 3469 5419 θυσιαστηρίου
3496 5345 3554 5397 ὲν
3590 5342 3657 5412 τῇ
3692 5337 3843 5392 πόλει

2285 5600 2541 5655 Ecclesia:
2574 5598 2812 5657 ordines.
2838 5595 3121 5665 episcopos
3143 5633 3159 5660 ,
3186 5588 3556 5665 presbyteros:
3570 5585 3839 5665 diaconos,

2286 5651 2585 5725 ﬁdéiéé’i’ei
2617 5651 3054 5748 catechumenos,
3092 5682 3112 5716 ›
3145 5651 3237 5717 ubi
3286 5651 3469 5731 apérte
3516 5652 3730 5711 Eusebii
3772 5651 3843 5706 iu-

2287 5749 2574 5810 terpretem
2598 5746 2726 5808 agit.
