3984 6510
220 340 336 395 253

1195 340 1700 397 COMMENTARIA
1739 343 1806 398 ΙΝ
1847 342 2103 399 ISAIAM.
2145 376 2213 384 —
2247 344 2399 402 CAP.
2442 344 2584 402 XIX.

3404 348 3512 410 254

213 454 313 509 τοῦ
355 454 502 509 Θεοῦ
536 455 902 528 γενησομένου
934 457 1286 529 μνημονεύει,
1307 459 1399 512 καὶ
1429 459 1585 513 τοῦτο
1606 459 1821 514 ἔσεσθαι

1930 472 2031 525 rat,
2064 462 2207 530 quod
2245 462 2404 517 modo
2444 479 2701 533 perquam
2750 466 2983 521 mirabili
3031 466 3148 522 fore
3192 467 3341 524 dicit.
3376 468 3510 525 Nam

214 548 572 619 παραδόξως.
597 549 716 601 Τῶν
741 550 850 620 γὰρ
876 549 1043 603 παλαι
1074 553 1203 623 παρ’
1247 552 1564 620 Αἰγυπτίοις
1612 551 1826 623 νομιζο-

215 639 415 710 μένων
451 640 586 693 θεῶν
626 640 1004 704 ἀπολωλότων,
1054 642 1278 695 καὶτοῦ
1340 640 1588 714 ποταμοῦ
1646 641 1826 696 αὐτῶν

211 733 641 798 ἐκλελοιπότος,
675 734 904 787 καὶτῶν
949 735 1224 805 ἀρχόντων
1264 734 1482 798 Τάνεως
1526 739 1620 789 καὶ
1673 735 1827 806 Μέμ-

214 841 373 893 φεως
419 827 960 898 ἀπομωρανθέντων,
984 829 1069 881 τὸ
1099 831 1227 900 παρ’
1266 829 1540 893 Ἰουδαίοις
1563 829 1825 901 ὀνομαζό-

213 932 395 986 μενον
442 918 635 987 Κυρίρ
683 918 1070 990 Θυσιαστήριόν
1100 936 1233 990 φησι
1258 919 1657 990 συστήσεσθαι·
1688 920 1716 972 ὃ
1761 920 1827 991 δὴ

213 1008 315 1061 καὶ
349 1010 387 1079 ἡ
425 1009 534 1062 τῶν
572 1012 915 1082 πραγμάτων
962 1012 1186 1077 ἔκϐασις
1225 1013 1526 1084 ὀφθαλμοῖς
1562 1017 1691 1086 ἡμῖν
1731 1016 1829 1068 αύ-

212 1102 336 1162 τοῖς
395 1099 671 1153 δείκνυσιν
701 1116 714 1129 ·
772 1101 849 1165 ὡς
910 1105 1109 1175 μηκέτι
1170 1106 1250 1169 εἰς
1310 1105 1570 1176 μέλλοντα
1637 1107 1828 1178 καιρὸν

214 1193 539 1265 προσδοκᾷν
568 1195 660 1248 τοῦ
705 1195 864 1265 λόγου
891 1197 950 1250 τὸ
983 1198 1350 1269 ἀποτέλεσμα.
1372 1199 1483 1270 (9.6)
1527 1200 1613 1263 Ὠς
1647 1201 1704 1253 δὲ
1730 1200 1831 1272 μία

214 1288 413 1351 πίστις
452 1289 547 1342 καὶ
585 1288 641 1341 ἒν
670 1290 951 1360 βάπτισμα
983 1293 1076 1345 καὶ
1115 1291 1214 1362 μία
1259 1292 1557 1365 Ἐκκλησία
1584 1292 1826 1365 εἴρηται,

213 1380 369 1433 οὕτω
404 1381 503 1434 καὶ
534 1381 923 1455 θυσιαστήριον
967 1384 1024 1437 ἓν
1066 1384 1188 1438 καθ’
1219 1385 1347 1455 ὅλης
1400 1387 1497 1457 τῆς
1549 1386 1827 1455 Αἰγύπτου

217 1474 606 1545 ἐγηγερμένον
634 1478 691 1529 ἐν
728 1480 845 1541 ταῖς
870 1478 1189 1547 ἐκκλησίαις
1203 1479 1296 1532 τοῦ
1311 1478 1445 1532 θεοῦ
1470 1479 1829 1551 Θυσιαστήρια

213 1566 511 1634 τυγχάνει,
572 1567 663 1619 καὶ
698 1567 796 1637 μία
840 1567 903 1636 δὴ
942 1567 1052 1639 (27)
1086 1569 1254 1639 στήλη
1285 1572 1471 1641 γραφὴ
1500 1570 1598 1623 σὺν
1631 1570 1708 1641 τῷ
1739 1571 1831 1624 θυ-

220 1659 538 1729 σιαστηρίῳ
568 1660 625 1712 ὲν
666 1658 969 1729 δηλωθείσῃ
1016 1659 1169 1713 πόλει
1205 1661 1458 1731 συνέστη,
1523 1661 1830 1733 διορίζουσα

216 1754 350 1815 τοὺς
386 1754 620 1816 πιστοὺς
648 1752 755 1804 τῶν
788 1752 1123 1821 Αἰγυπτίων,
1156 1753 1251 1806 καὶ
1284 1754 1830 1826 ἀφορίζουσααύτοὺς

218 1844 329 1896 τῶν
357 1844 631 1897 ἀπίστων.
681 1845 743 1897 Ἠ
777 1845 872 1915 μὲν
900 1841 991 1898 οὖν
1025 1845 1282 1917 ἀνωτέρω
1312 1848 1393 1909 εἰς
1421 1846 1691 1919 «anew
1712 1850 1824 1912 τοῖς

216 1936 551 2002 Αἰγυπτίοις
597 1936 816 1989 ἔσεσθαι
863 1936 1129 2007 λεγομένη
1174 1937 1328 2009 χώρα
1380 1937 1487 1991 τῶν
1534 1937 1820 2004 Ἰουδαίων,

222 2028 323 2099 τὴν
360 2028 663 2099 Ἰουδαῖκὴν
688 2028 982 2082 αἰνίττεται
1006 2030 1046 2081 Γ
1052 2030 1248 2100 ραφὴν,
1278 2031 1371 2083 καὶ
1412 2030 1503 2084 τὸν
1554 2031 1655 2101 τῆς
1708 2032 1823 2085 Πα-

219 2118 385 2183 λαιᾶς
417 2119 698 2190 Διαθήκης
723 2119 878 2188 λόγον
903 2136 917 2149 ο
940 2120 972 2190 ἠ
998 2119 1055 2172 δὲ
1081 2120 1159 2191 τῷ
1188 2121 1425 2193 Χριστοῦ
1446 2122 1819 2193 ουσιαστηρίῳ

223 2214 636 2286 συνεζευγμένη
670 2214 839 2286 στήλη
868 2213 929 2267 τὸ
961 2215 1061 2286 τῆς
1090 2216 1300 2288 Καινῆς
1327 2216 1603 2289 Διαοήκης
1635 2218 1721 2289 εἴη
1757 2219 1821 2271 ἂν

222 2327 424 2374 σαντας
442 2309 553 2362 τῶν
575 2308 886 2377 Αἰγυπτίων
914 2309 1022 2362 ἀπὸ
1045 2308 1154 2362 τῶν
1180 2310 1450 2365 ἀπίστων.

296 2419 316 2453 ι
359 2400 477 2455 Καὶ
528 2399 680 2453 ἔσται
732 2401 812 2463 εἰς
864 2403 1089 2471 σημεῖον
1122 2402 1202 2467 είς
1228 2402 1318 2456 τὸν
1354 2401 1526 2456 αἰῶνα
1549 2402 1737 2476 Κυρίῳ
1765 2404 1823 2457 ἐν

222 2492 380 2565 χώρα
415 2494 723 2561 Αἰγύπτου,
749 2493 831 2545 ὅτι
861 2493 1218 2565 κεκράξονται
1287 2494 1423 2571 πρὸς
1476 2494 1682 2567 Κύριον
1734 2494 1823 2549 διὰ

220 2588 345 2650 τοὺς
370 2586 658 2649 θλίϐοντας
685 2585 905 2649 αὐτούς.
931 2587 1042 2639 Καὶ
1065 2588 1354 2642 ἀποστελεῖ
1380 2589 1565 2653 αὐτοῖς
1608 2588 1820 2661 ἄνθρω-

223 2695 324 2731 πον
383 2676 449 2742 ὃς
507 2674 670 2730 σώσει
728 2676 956 2741 αύτούς·
1006 2678 1208 2749 κρίνων
1243 2679 1408 2733 σώσει
1428 2681 1648 2744 αύτούς.
1710 2681 1823 2734 Καὶ

221 2771 470 2839 γνωστὸς
494 2770 647 2823 ἔσται
675 2769 876 2842 Κύριος
902 2773 1013 2835 τοῖς
1040 2773 1374 2841 Αἰγυπτίοις,
1399 2773 1492 2827 καὶ
1520 2771 1820 2842 γνώσονται

222 2865 271 2916 οἱ
307 2863 605 2933 Αἰγύπτιοι
654 2862 745 2916 τὸν
810 2864 1014 2935 Κύριον
1074 2865 1132 2917 ὲν
1176 2867 1242 2936 τῇ
1290 2864 1473 2937 ἡμέρᾳ
1499 2864 1819 2937 ἐκείνῃ,καὶ

223 2959 517 3028 ποιήσουσι
548 2955 738 3009 Θυσίαν
762 2956 855 3009 καὶ
887 2955 1081 3026 δῶρον,
1108 2956 1201 3010 καὶ
1233 2956 1479 3021 εὔξονται
1519 2955 1686 3027 εὐχὰς
1739 2955 1818 3027 τῷ

225 3049 441 3121 Κυρίῳ,
472 3048 567 3101 καὶ
620 3045 981 3099 ἀποδώσουσι.
1022 3065 1042 3099 ι
1091 3046 1181 3099 Διὸ
1232 3046 1309 3118 τῷ
1374 3045 1584 3118 σημείῳ
1643 3046 1817 3117 τούτῳ

1930 568 2049 606 eum
2081 553 2153 606 illi
2181 552 2314 608 olim
2343 554 2480 623 apud
2521 554 2809 628 Egyptios
2850 561 3083 628 reputati
3113 560 3185 615 dii
3229 561 3509 631 perierint,

1928 646 2126 700 ﬂtnncn
2156 645 2393 716 ipsorum
2425 647 2708 714 defecerit,
2732 651 3003 723 principes
3031 651 3243 708 Taneos
3269 664 3323 708 et
3348 653 3512 708 Ment-

1930 739 2096 808 pheos
2120 740 2365 794 infatuati
2392 740 2613 805 fuerint,
2641 753 2767 799 tunc
2785 744 2957 800 altare
2986 747 3125 816 apud
3155 744 3369 802 Iudaeos
3406 747 3513 801 Dn-

1932 831 2079 886 tnino
2128 842 2531 901 nuncupatum,
2572 836 3010 890 constituendum
3069 839 3185 893 fore
3230 838 3513 910 ait,quod

1930 934 2061 973 sane
2093 922 2168 975 rei
2205 930 2435 976 eventus
2462 922 2617 977 nobis
2648 924 2717 978 ob
2747 923 2935 978 oculos
2963 928 3113 995 ponit
3137 945 3149 992 ;
3177 928 3248 981 ita
3286 938 3345 983 ut
3378 928 3511 981 dicti

1930 1014 2383 1082 complementum
2435 1013 2501 1068 ad
2549 1013 2787 1069 futurum
2831 1024 3041 1085 tempus
3079 1034 3186 1072 non
3226 1031 3511 1089 exspecte-

1891 1124 1899 1133 ’
1934 1121 2075 1159 Inus.
2114 1104 2577 1172 Quemadmodum
2614 1118 2793 1161 autem
2813 1124 2915 1163 una
2950 1107 3105 1175 ﬁdes,
3139 1128 3301 1165 unum
3336 1111 3515 1182 baptit

1932 1212 2068 1262 suta,
2106 1206 2161 1250 et
2197 1212 2301 1250 una
2332 1196 2570 1252 Ecclesia
2608 1198 2838 1266 dicitur,
2870 1200 2949 1255 sic
2972 1210 3026 1255 et
3049 1201 3239 1256 altaria
3280 1203 3513 1273 plurima

1932 1289 1985 1343 in
2025 1296 2135 1344 tota
2163 1287 2398 1358 {Egypto
2421 1288 2733 1353 constituta,
2764 1304 2862 1359 pro
2898 1306 3002 1344 uno
3034 1290 3190 1344 altari
3232 1292 3284 1345 in
3324 1290 3514 1347 Eccle-

1932 1380 2028 1435 siis
2077 1379 2167 1434 Dei
2222 1380 2521 1434 constituto
2557 1380 2804 1435 habenda
2843 1390 3001 1443 sunt,
3034 1392 3088 1435 et
3118 1397 3223 1436 una
3265 1378 3512 1437 columna

1931 1474 2045 1527 sive
2087 1472 2276 1542 cippus
2317 1487 2439 1526 cum
2485 1471 2644 1526 altari
2691 1472 2743 1525 in
2782 1472 2871 1527 illa
2911 1473 3133 1530 civitate
3181 1475 3356 1545 posita
3397 1483 3513 1539 est.

1934 1564 2119 1619 fideles
2164 1562 2448 1635 [Egyptios
2487 1564 2555 1619 ab
2592 1563 2897 1621 intidclibus
2944 1579 3239 1636 segregans
3272 1580 3338 1621 ac
3376 1566 3518 1620 divi-

1934 1661 2086 1716 dens.
2120 1660 2290 1732 chio
2315 1661 2482 1732 igitur
2510 1661 2598 1716 illa
2632 1660 2968 1732 Judaeorutn,
2996 1680 3115 1735 qua:
3153 1666 3207 1720 in
3248 1677 3516 1722 terrorem

1933 1754 2206 1826 [Egyptiis
2229 1754 2408 1809 futura
2440 1755 2659 1818 dicitur.
2697 1754 2974 1810 Judaicam
3023 1756 3335 1813 subindicat
3368 1759 3519 1815 Scri~

1931 1856 2180 1916 ptnram,
2218 1862 2281 1900 ac
2332 1846 2545 1903 Veteris
2585 1847 2919 1903 Testamcnti
2970 1850 3232 1916 verbum;
3265 1850 3517 1906 columna

1930 1953 2060 1994 vero
2094 1955 2213 1994 cum
2236 1937 2438 1994 Christi
2478 1939 2634 1993 altari
2667 1939 2975 2010 conjuncta,
3006 1939 3140 1995 Novi
3187 1942 3519 1998 Testamenti

1930 2030 2281 2102 Evangelium
2329 2031 2525 2096 fuerit,
2550 2032 2752 2088 Christi
2802 2032 2987 2088 ﬁdeles
3022 2050 3088 2089 ex
3138 2032 3410 2106 Egyptiis
3446 2037 3518 2088 ab

1927 2122 2233 2177 infidelibus
2258 2122 2661 2179 disterminans.

1863 2216 2215 2287 Εὐαγγέλιον,
2244 2214 2477 2290 διορίζον
2534 2216 2663 2281 τοὺς
2726 2218 2805 2282 είς
2861 2218 2952 2272 τὸν
3002 2217 3235 2291 Χριστὸν
3301 2216 3522 2273 πιστεύο

2002 2406 2168 2462 Vsus.
2199 2406 2289 2474 20,
2312 2404 2405 2460 21.
2440 2423 2459 2456 ι
2502 2403 2568 2458 Et
2592 2402 2697 2458 erit
2728 2403 2780 2457 in
2803 2403 3016 2474 signum
3048 2403 3103 2458 iu
3133 2403 3390 2459 sazculutn
3415 2401 3521 2456 Do-

1929 2502 2075 2555 mino
2102 2501 2155 2555 in
2187 2500 2405 2570 regione
2425 2496 2667 2568 Egypti,
2691 2511 2947 2563 quoniam
2974 2494 3290 2551 clamabunt
3314 2495 3381 2549 ad
3414 2494 3523 2549 Dw

1926 2595 2130 2651 minum
2170 2602 2390 2663 propter
2421 2591 2790 2660 opprimentes
2835 2602 2951 2642 eos.
2987 2588 3055 2643 Et
3101 2588 3277 2643 mittet
3309 2588 3390 2644 eis
3422 2588 3524 2644 ho-

1927 2687 2151 2747 minem,
2195 2684 2284 2753 qui
2319 2681 2549 2737 salvabit
2567 2696 2698 2746 eos;
2732 2679 2987 2751 judicans
3031 2680 3263 2735 salvabit
3294 2695 3412 2738 eos.
3453 2682 3523 2738 Et

1926 2789 2086 2834 notus
2123 2777 2228 2832 erit
2268 2774 2531 2829 Dominus
2559 2772 2848 2844 Egyptiis,
2880 2782 2933 2826 et
2984 2783 3315 2842 cognoscent
3345 2772 3521 2845 Egy-

1925 2869 2022 2940 ptii
2068 2867 2352 2922 Dominum
2398 2865 2451 2919 in
2506 2864 2593 2920 die
2623 2865 2732 2931 illa,
2781 2873 2837 2917 et
2871 2863 3072 2917 facient
3106 2863 3437 2919 sacrificium
3467 2875 3524 2919 ct

1925 2963 2149 3028 donum,
2200 2972 2255 3015 et
2302 2960 2572 3013 vovebunt
2626 2968 2751 3013 vota
2803 2956 3052 3021 Domino,
3100 2966 3154 3010 et
3204 2957 3451 3014 reddent.
3494 2975 3515 3009 ι

1925 3053 2310 3122 Quamobrem,
2345 3066 2483 3105 cum.
2510 3051 2613 3106 hoc
2642 3050 2797 3119 signo
2826 3064 2947 3105 sese
2976 3049 3188 3103 munire
3228 3049 3523 3106 didicerint

227 3138 782 3209 κατασφραγίζεσθαι
821 3140 1200 3211 μεμαθηκότες
1230 3141 1279 3192 οἱ
1302 3139 1392 3192 τὸν
1418 3140 1621 3212 Κύριον
1644 3157 1821 3211 παρα-

1930 3145 2190 3218 Egyptii,
2218 3146 2312 3214 qui
2338 3141 2621 3199 Dominum
2660 3152 3034 3212 susceperunt,
3065 3144 3166 3197 hoc
3221 3150 3522 3198 tutamenta

225 3230 539 3300 δεδεγμένοι
568 3229 857 3296 Αἰγύπτιοι
893 3229 1248 3301 φυλακτηρίῳ
1279 3229 1453 3301 τούτῳ
1487 3231 1817 3302 κέχρηνται·

227 3319 363 3375 ὥστε
396 3322 493 3374 καὶ
526 3323 583 3374 ὲν
615 3324 737 3384 ταῖς
770 3321 1011 3391 Ολίᾲεσιν
1037 3322 1186 3394 αύτῷ
1222 3323 1434 3394 σημείῳ
1468 3322 1649 3395 βοηοῴ
1677 3322 1823 3395 χρώυ

159 3405 163 3409 ’
230 3429 376 3466 aevo:
423 3412 661 3483 ἀναϐοᾷν
701 3413 795 3465 καὶ
816 3413 1193 3468 ἐπικαλεῖσθαι
1231 3416 1322 3469 τὸν
1356 3414 1559 3488 Κύριον
1579 3413 1668 3467 διά
1695 3415 1823 3479 τοὺς

223 3505 603 3569 διαολίὸοντας
636 3505 853 3569 αὐτούς.
894 3508 1053 3570 Τίνες
1072 3506 1126 3559 δὲ
1155 3502 1295 3578 ἦσαν
1317 3503 1480 3571 οὗτοι,
1516 3506 1627 3561 ἀλλ’
1684 3506 1718 3577 ἢ
1771 3506 1823 3560 οἰ

226 3596 625 3664 ἀπομείνανεις
654 3599 718 3667 τῇ
748 3596 993 3668 ἀπωλείᾳ
1028 3598 1355 3666 Αἰγύπτιοι,
1404 3599 1532 3671 περὶ
1581 3591 1655 3652 ὧν
1699 3601 1820 3651 κατ’

226 3690 400 3760 ἀρχὰς
444 3689 663 3757 ἐλέγετο
712 3691 811 3760 τῆς
869 3690 1225 3761 προφητείας,
1292 3710 1309 3742 ι
1347 3692 1457 3743 Καὶ
1515 3693 1822 3762 ἐπαναστή-

230 3799 413 3836 σονται
448 3782 736 3849 Διγύπτιοι
780 3783 917 3853 πρὸς
978 3784 1328 3852 Αἰγυπτίους,
1384 3784 1479 3837 καὶ
1523 3786 1820 3857 πολεμήσει

227 3876 519 3941 ἄνθρωπος
549 3874 640 3927 τὸν
670 3875 899 3943 ἀδελφὸν
930 3875 1120 3936 αὐτοῦ,
1154 3876 1305 3939 πόλις
1341 3876 1434 3930 ἐπὶ
1494 3877 1671 3943 πόλιν,
1727 3882 1820 3931 καὶ

230 3970 392 4037 νομὸς
420 3969 516 4021 ἐπὶ
547 3968 730 4040 νομόν.
777 3988 794 4018 ι

300 4082 321 4114 ι
360 4062 475 4115 Καὶ⁸
507 4060 735 4125 πατάξει
764 4062 968 4134 Κύριος
994 4062 1120 4126 τοὺς
1146 4062 1477 4131 Αἰγυπτίους
1513 4061 1696 4135 πληγῇ
1723 4062 1820 4116 καὶ

232 4153 442 4209 ἰάσεται
496 4153 727 4218 αὐτούς’
764 4155 857 4207 καὶ
874 4156 1374 4226 ὲπιστραφήσονται
1408 4157 1546 4227 πρὸς
1590 4155 1817 4227 Κύριον,

230 4247 323 4301 καὶ
347 4245 734 4300 είσακούσεται
767 4244 971 4309 αὐτῶν,
1008 4246 1102 4300 καὶ
1129 4246 1342 4300 ἰάσεται
1370 4246 1567 4309 αὐτοὺς
1602 4246 1762 4300 ἰάσει.
1793 4264 1812 4297 ι

241 4340 394 4393 Ἐπεὶ
426 4338 535 4410 γάρ
563 4357 580 4389 ι
605 4337 666 4394 ὃν
701 4340 893 4409 ἀγαπᾷ
925 4339 1127 4410 Κύριος
1148 4379 1162 4404 ,
1195 4339 1287 4392 καὶ
1320 4336 1590 4391 παιδεύειι
1627 4355 1819 4409 μαστι-

230 4434 315 4500 γοῖ
337 4433 397 4485 δὲ
451 4432 629 4485 πάντα
662 4432 797 4498 υἱὸν,
833 4434 893 4486 ὃν
939 4432 1339 4504 παραδέχεται’
1368 4450 1387 4482 ι
1436 4430 1661 4494 εἰκότως
1724 4431 1817 4485 καὶ

1928 3248 2185 3305 utentur;
2218 3237 2292 3291 ita
2330 3246 2389 3289 ut
2427 3235 2480 3291 in
2535 3235 2798 3291 aerumnis
2842 3235 3032 3290 eodem
3063 3236 3218 3304 signo
3241 3249 3339 3304 pro
3367 3233 3524 3303 adju-

1928 3341 2045 3387 tore
2093 3328 2197 3395 usi,
2229 3327 2464 3382 clament
2495 3336 2552 3382 et
2605 3328 2863 3383 invocent
2914 3325 3206 3381 Dominum
3260 3326 3524 3381 adversus

1924 3438 2018 3479 eos
2087 3424 2178 3493 qui
2217 3438 2277 3478 se
2333 3421 2659 3492 oppriment.
2710 3419 2942 3485 Quinam
2977 3427 3175 3473 .autcm
3225 3416 3301 3473 illi
3340 3427 3521 3482 erant,

1926 3516 2029 3570 nisi
2056 3516 2089 3570 ii
2122 3516 2213 3586 qui
2244 3516 2296 3570 in
2328 3513 2568 3585 pernicie
2594 3522 2916 3568 manserunt
2944 3510 3209 3582 Egyptii.
3230 3510 3297 3566 de
3326 3509 3523 3579 quibus

1924 3608 1978 3662 in
2009 3608 2305 3678 prophetiae
2330 3606 2484 3661 initio
2509 3606 2811 3671 dicebatur,
2833 3622 2853 3655 ι
2878 3603 2948 3658 Et
2993 3602 3524 3674 inattrgenthgyptii

1923 3709 2111 3754 contra
2141 3698 2454 3770 Egyptios,
2472 3708 2527 3753 et
2557 3697 2778 3753 bellabit
2816 3696 2981 3751 homo
3007 3694 3270 3750 adversus
3301 3693 3522 3748 fratrem

1922 3805 2101 3857 suum,
2159 3792 2350 3845 civitas
2379 3790 2643 3845 adversus
2671 3788 2947 3844 civitatem
2968 3828 2983 3853 ,
3006 3795 3064 3841 et
3106 3800 3301 3842 nomus
3329 3788 3525 3841 σύνει-ο

1921 3897 2015 3937 SUS
2041 3898 2281 3937 uomunt.
2327 3902 2346 3934 Ι

1996 4066 2156 4123 Vens.
2182 4066 2272 4120 22.
2294 4085 2311 4117 ι
2332 4066 2398 4119 Ει
2429 4064 2697 4134 percutiet
2717 4063 2975 4119 Dominus
3002 4061 3294 4134 {Egyptios
3316 4062 3472 4133 plaga
3497 4100 3515 4124 .

1916 4170 1977 4213 et
2008 4159 2223 4213 sanabit
2262 4146 2378 4212 eos.
2430 4156 2497 4210 Et
2554 4164 2938 4211 convertentur
2983 4155 3052 4209 ad
3106 4152 3418 4217 Dominum,
3462 4167 3518 4207 et

1920 4249 2173 4305 exaudiet
2197 4262 2312 4313 eos,
2346 4256 2401 4302 et
2435 4248 2656 4302 sanabit
2692 4262 2787 4302 eos
2824 4246 3132 4301 sanatione.
3160 4265 3180 4299 ι
3213 4244 3346 4313 Quia
3369 4244 3517 4301 enim

1927 4360 1946 4393 ι
1989 4357 2147 4413 quem
2180 4339 2350 4411 diligit
2381 4339 2543 4405 Deus,
2579 4340 2852 4409 castigat;
2892 4338 3133 4409 ﬂagellat
3174 4349 3357 4393 autem
3398 4353 3517 4393 om-

1921 4451 2048 4491 nem
2080 4434 2272 4499 ftlium,
2297 4446 2459 4502 quem
2497 4432 2810 4499 suscipit‘;
2852 4451 2872 4484 ι
2911 4431 3035 4500 jure
3063 4430 3352 4503 [Egyptios
3388 4444 3518 4503 per-

228 4524 354 4586 τοῦς
384 4524 719 4591 ⁴Αἰγυπτίους
756 4526 1024 4578 πατάσσει
1048 4522 1298 4592 ἀγαπῶν,
1324 4521 1542 4576 ἐπειδὰν
1573 4523 1631 4575 ὲν
1664 4522 1821 4594 χρείᾳ

1930 4529 2117 4593 cutiet,
2163 4527 2267 4583 etsi
2297 4525 2506 4597 diligat,
2531 4525 2577 4580 si
2607 4525 2827 4594 quando
2885 4524 3247 4595 castigatione
3285 4532 3342 4579 et
3381 4539 3518 4579 con-

231 4613 487 4682 γίνωνται
508 4614 758 4678 παιδείας
792 4616 884 4669 καὶ
916 4614 1270 4686 ἐπιστροφῆς,
1305 4612 1420 4667 ἀλλ’
1464 4613 1566 4666 οὐκ
1596 4615 1676 4677 εἰς
1709 4631 1816 4685 μα·-

231 4706 403 4779 κράν·
466 4706 633 4777 μηδὲν
683 4706 739 4759 δὲ
789 4705 1156 4779 ὑπερθέμενος
1212 4707 1355 4758 ἰᾶται
1413 4709 1478 4777 τῇ
1526 4704 1690 4759 αὑτοῦ
1738 4707 1819 4759 ld-

236 4814 335 4851 σει.

307 4911 326 4941 ι
358 4892 437 4962 Τῇ
499 4890 685 4962 ἡμέρα
735 4890 921 4963 ἐκείνῃ
977 4888 1130 4942 ἔσται
1176 4888 1297 4953 ὁδὸς
1340 4888 1618 4958 Αἰγύπτου
1681 4890 1817 4962 πρὸς

243 4982 581 5053 Ἀσσυρίους,
615 4983 709 5035 καὶ
748 4981 1150 5035 εἰσελεύσονται
1195 4980 1471 5055 Ἀσσύριοι
1525 4983 1662 5055 πρὸς
1719 4982 1817 5036 Αἴ-

232 5090 456 5142 γυπτον,
484 5076 581 5129 καὶ
610 5075 897 5144 Αἰγύπτιοι
926 5075 1281 5145 πορεύσονται
1304 5074 1442 5146 πρὸς
1478 5075 1817 5146 Ἀσσυρίους,

233 5167 323 5219 καὶ
344 5168 718 5223 δουλεύσουσιν
747 5167 1036 5237 Αἰγύπτιοι
1078 5170 1189 5231 τοῖς
1230 5167 1586 5240 ’Δσσυρίοιςδ
1626 5168 1818 5220 Ἀσσυο

236 5257 380 5326 piso;
404 5259 462 5311 δὲ
493 5259 732 5313 ἐνταῦθα
755 5256 909 5331 οἶμαι
938 5259 1124 5313 καλεῖν
1167 5258 1267 5331 τὴν
1301 5257 1525 5330 Γραφὴν
1544 5260 1672 5322 τοὺς
1706 5259 1805 5313 νῦν

232 5348 602 5421 καλουμένους
626 5349 832 5420 Σύρους
850 5367 865 5382 ο
902 5349 1043 5404 κατὰ
1063 5349 1125 5404 τὸ
1142 5350 1307 5404 πάλαι
1336 5350 1392 5403 δὲ
1413 5350 1465 5402 οἰ
1495 5348 1593 5420 τὴν
1617 5350 1817 5418 Συρίαν

301 5464 319 5495 ¹
353 5462 522 5517 Hebr.
555 5480 654 5530 xu,
680 5469 733 5521 6.

302 5575 416 5650 (26)
448 5597 482 5650 γι
535 5579 610 5632 Ila
642 5590 822 5633 autem
859 5597 1023 5634 unum
1066 5582 1237 5637 altare
1276 5580 1497 5650 dicitur,
1543 5575 1817 5650 quomodo

237 5647 335 5720 una
390 5649 547 5720 fides,
573 5660 628 5703 et
678 5666 844 5703 unum
892 5652 1180 5720 baptisma.
1211 5662 1264 5704 et
1310 5664 1415 5704 una
1458 5649 1720 5720 Ecclesia.
1752 5647 1822 5702 Et

238 5718 433 5791 titulus
454 5718 1104 5791 juxtahtcrminum‘ejus
1141 5721 1388 5785 Domino,
1428 5719 1569 5791 baud
1597 5719 1820 5791 dubium

237 5790 363 5858 quin
396 5788 748 5860 Evangelium
767 5801 821 5846 et
845 5788 1217 5861 apostatarum
1250 5792 1452 5862 scripta
1492 5788 1812 5861 significet.»

443 5909 718 5971 PA-rnoL.
764 5909 879 5969 Gn.
930 5889 1161 5969 XXIV.

1922 4620 2172 4675 versione
2226 4634 2363 4689 opus
2408 4617 2689 4682 habeant;
2727 4620 2821 4675 sed
2871 4618 2925 4672 id
2962 4633 3070 4674 non
3109 4618 3177 4673 ad
3203 4617 3519 4672 diuturnum

1924 4720 2136 4781 tempus
2170 4711 2370 4778 faciet;
2400 4725 2465 4765 ac
2491 4709 2625 4766 nihil
2658 4710 3144 4779 comperendinans
3180 4710 3520 4765 curationem

1924 4812 1979 4857 et
2009 4802 2275 4856 medelam
2307 4802 2608 4858 adhibebit.

1996 4893 2162 4949 Vens.
2184 4894 2277 4949 23.
2304 4914 2321 4947 ι
2355 4895 2413 4949 ln
2440 4896 2528 4950 die
2560 4895 2651 4949 illa
2678 4895 2787 4951 erit
2808 4894 2895 4949 via
2916 4894 3138 4968 [Egypti
3158 4896 3225 4950 ad
3243 4893 3518 4966 Assyrios,

1926 4995 1982 5040 et
2037 4986 2410 5056 ingredientur
2452 4988 2659 5058 Assyrii
2698 4990 2750 5042 in
2797 4987 3092 5061 Egyptum
3119 5028 3134 5053 ,
3172 4997 3229 5042 et
3273 4985 3519 5057 Egyptii

1926 5076 2085 5132 ibunt
2124 5079 2192 5133 ad
2230 5079 2485 5150 Assyrios
2529 5091 2584 5135 et
2618 5082 2861 5137 servient
2902 5080 3143 5151 Egyptii
3192 5078 3456 5149 Assyriis.
3492 5096 3513 5129 θ

1925 5170 2182 5241 Assyrios
2220 5172 2308 5226 hic
2352 5183 2482 5242 puto
2509 5189 2539 5227 a
2577 5173 2861 5244 Scriptura
2890 5176 3071 5230 vocari
3101 5188 3219 5237 eos,
3251 5172 3345 5240 qui
3373 5185 3521 5225 nunc

1927 5259 2051 5332 Syri
2079 5264 2451 5334 appellantur;
2485 5265 2614 5321 olim
2642 5267 2842 5337 quippe
2869 5266 3076 5335 Assyrii
3106 5262 3520 5329 vocabanturii,

1923 5357 2014 5409 rui
2064 5355 2279 5429 Syriam
2318 5370 2374 5413 et
2412 5358 2859 5415 Mesopotamiam
2919 5358 3250 5415 incolebant.
3305 5357 3518 5414 Inimici

1926 5579 2051 5663 llaec
2100 5581 2495 5663 Hieronymus,
2542 5586 2633 5663 qui
2686 5587 2849 5641 etiam
2891 5586 3116 5643 inferius
3150 5590 3216 5644 de
3260 5587 3417 5663 Syris
3465 5599 3518 5647 et

1928 5652 2199 5724 [Egyptiis
2229 5652 2332 5709 non
2368 5670 2541 5724 pauca
2562 5652 2690 5710 binc
2722 5666 3019 5715 mutuatur.

1938 5670 2199 5795 (nzryptns
2229 5670 2332 5709 non
2368 5670 2541 5724 pauca
2566 5670 2690 5737 nunc
2722 5670 2981 5712 mutuatur

1938 5796 1957 5805 ι
2024 5724 2115 5795 27)
2150 5725 2571 5795 Στηλοτραφία
2601 5726 2740 5783 altus
2760 5732 2981 5800 γραφεῖ.
