3984 6504
455 350 558 401 9.35

1200 346 1463 401 EUSEBII
1505 343 1971 401 CzESARIENSlS
2009 343 2158 398 OPP.
2199 341 2377 423 PARS
2415 340 2502 395 III.
2532 371 2603 382 —~-
2633 341 3046 398 EXI‘ZGETICA.

3622 341 3732 398 .256

453 483 634 526 autem
672 479 857 524 mutuo
891 475 1043 524 erant
1081 467 1315 538 {Egyptii
1364 479 1416 521 c‘t
1452 468 1680 538 Assyrii,
1718 483 1778 520 ac
1824 481 2038 534 semper

2152 465 2234 517 καὶ
2265 463 2690 532 Μεσοποταμίαν
2721 462 2998 522 οἰκοῦντες
3043 459 3312 531 Ἀσσύριοι
3342 459 3731 530 ἐχρημάτιζον.

457 572 646 618 mutuo
678 561 880 617 infesti.
920 559 1072 613 Nunc
1106 572 1286 613 autem
1322 575 1557 630 praesens
1591 575 1772 614 sermo
1803 575 2044 614 commu-

463 657 676 710 nionem
734 655 863 724 ipsis
911 665 966 708 et
1021 653 1455 708 commistionem
1507 653 1859 717 vaticinatur,
1905 652 2048 721 quod

459 761 730 816 nunquam
765 747 898 799 alias
926 745 1124 800 factum
1161 743 1354 797 fuerat.
1374 742 1504 798 Nam
1543 753 1665 795 ante
1686 741 2048 796 Romanorum

459 839 742 906 imperium
776 838 1026 907 proprios
1057 851 1210 906 reges
1235 835 1506 890 habebant
1533 833 1776 904 Egyptii
1797 844 1850 888 et
1881 834 2048 905 Assy-

458 927 817 1000 tiqugyptii
871 927 1090 998 quidem
1149 923 1504 990 Ptolenueos,
1537 924 1660 994 Syri
1716 931 1894 977 autem
1940 923 2052 977 An-

458 1025 622 1082 tiochi
661 1035 714 1079 et
746 1022 1002 1079 Demetrii
1035 1031 1305 1093 posteros,
1343 1023 1394 1076 in
1442 1035 1678 1091 quorum
1718 1019 1896 1074 medio
1939 1020 2048 1074 sita

446 1119 660 1183 Judaea,
689 1133 716 1171 a
749 1117 983 1187 propriis
1014 1116 1142 1170 item
1190 1114 1525 1186 principibus
1572 1114 1882 1184 regebatur.
1909 1113 2050 1168 Cum

458 1219 634 1263 autem
660 1208 882 1262 Judaica
917 1222 1050 1278 gens
1086 1206 1408 1262 intermedia
1443 1213 1608 1269 esset,
1631 1204 1789 1259 modo
1818 1219 1847 1257 a
1873 1203 2050 1275 Syris,

457 1300 618 1375 modo
665 1314 691 1352 ιι
734 1296 1040 1352 Ριοιεῐητοίε
1092 1295 1234 1349 bello
1294 1295 1675 1364 impetebatur.
1719 1292 1832 1348 Imo
1885 1295 2050 1348 etiam

459 1391 725 1462 Egyptiis
764 1389 972 1444 inimici
1023 1387 1146 1458 Syri
1195 1396 1375 1453 erant,
1428 1396 1482 1441 et
1515 1385 1759 1458 Egyptii
1811 1386 2052 1457 Assyriis

458 1487 682 1546 hostes;
711 1482 1016 1536 utminime
1054 1480 1225 1534 libera
1277 1490 1422 1535 esset
1474 1479 1703 1533 alterius
1758 1479 1941 1549 populi
1984 1478 2051 1532 ad

459 1575 687 1630 alterum
721 1573 1006 1644 profectio.
1040 1571 1153 1628 Hoc
1182 1583 1337 1643 pacto
1369 1586 1429 1626 se
1459 1586 1547 1626 res
1585 1571 1712 1625 olim
1755 1570 2047 1625 habebant.

455 1667 527 1720 At
579 1674 694 1736 post
755 1666 1042 1720 adventum
1111 1663 1320 1720 Domini
1375 1663 1426 1716 iu
1480 1662 1812 1733 Egyptum,
1866 1675 2052 1730 pacem

458 1757 958 1827 profundissimam,
990 1773 1053 1812 ac
1088 1757 1522 1812 communionem
1551 1754 2051 1823 eommerciumque

2164 556 2453 628 Ἐχθροὶδὲ
2473 552 2613 626 ἦσαν
2653 555 2937 623 Αἰγύπτιοι
2971 554 3066 606 καὶ
3111 553 3405 624 Ἀσσύριοι,
3445 553 3541 606 καὶ
3573 553 3738 608 πολέ-

2155 666 2264 719 μιοι
2291 634 2559 701 διετέλουν
2590 646 2742 709 ὄντες
2777 647 2842 698 ἐκ
2863 645 2956 699 τοῦ
2992 645 3208 708 παντός.
3242 644 3356 698 Νῦν
3380 644 3435 698 δέ
3470 647 3499 698 6
3543 645 3742 702 παρὼν

2151 740 2306 808 λόγος
2340 738 2622 792 κοινωνίαν
2652 738 2834 799 αὐτοῖς
2876 737 2968 790 καὶ
2998 734 3276 805 ἐπιμιξίαν
3297 735 3564 799 θεσπίζει,
3594 737 3742 807 ὕπερ

2152 833 2270 886 οὐδὲ
2288 833 2471 888 ἄλλοτε
2503 831 2696 901 γέγονέ
2735 847 2884 884 ποτε.
2912 831 3025 902 Πρὸ
3054 829 3163 899 γὰρ
3185 829 3283 900 τῆς
3326 829 3422 882 Ῥα
3439 829 3613 900 μαίων
3638 830 3743 901 ἀρ-

2151 925 2253 997 χῆς
2290 924 2586 990 ίδιάζοντας
2615 919 2758 993 εἶχον
2810 920 3064 991 βασιλέας
3093 922 3146 974 οῖ
3197 938 3256 974 τε
3306 920 3595 990 Αἰγύπτιοι
3643 922 3746 976 καὶ

2167 1015 2475 1088 Ἀσσύριοι’
2539 1017 2588 1069 οἱ
2645 1014 2934 1084 Αἰγύπτιοι
2995 1014 3094 1086 μὲν
3147 1014 3274 1077 τοὺς
3323 1012 3744 1084 Πτολεμαίους,

2153 1108 2313 1182 Σύροι
2355 1110 2412 1164 δὲ
2465 1111 2592 1173 τοὺς
2629 1109 2738 1164 ἀπὸ
2800 1108 3071 1179 Ἀντιόχου
3129 1107 3221 1160 καὶ
3280 1105 3592 1178 Δημητρίου
3621 1099 3743 1162 ’ὧν

2157 1205 2294 1276 μέση
2317 1203 2544 1274 κειμένη
2578 1206 2612 1274 ἡ
2654 1202 2884 1256 Ἰουδαία
2925 1202 3020 1254 καὶ
3051 1199 3202 1264 ἰδίοις
3227 1199 3322 1252 καὶ
3341 1200 3479 1271 αὐτὴ
3507 1199 3744 1270 ἄρχουσι

2153 1294 3018 1367 ἐκυϐερνᾶτο.,Μεσολαϐούμενον
3043 1293 3102 1348 δὲ
3141 1293 3202 1346 τὸ
3245 1291 3512 1345 Ἰουδαίων
3561 1291 3743 1356 ἔθνος,

2154 1387 2283 1440 ποτὲ
2317 1387 2416 1458 μὲν
2457 1386 2560 1440 ὑπὸ
2589 1386 2772 1459 Σύρων
2799 1386 3144 1457 ἐπολεμεῖτο,
3175 1384 3305 1438 ποτὲ
3345 1384 3403 1438 δέ
3437 1384 3542 1437 ὑπὸ
3600 1385 3746 1437 Πτο-

2153 1480 2412 1551 λεμαίων.
2479 1479 2637 1533 Ἀλλά
2667 1481 2762 1533 καὶ
2792 1478 3110 1549 Αἰγυπτίοις
3161 1477 3456 1548 ἐτύγχανον
3490 1478 3540 1530 οἱ
3574 1476 3744 1548 Σύροι

2155 1572 2425 1642 πολέμιοι·
2463 1571 2752 1641 Αἰγύπτιοι
2793 1572 2850 1625 δὲ
2893 1574 3004 1635 τοῖς
3049 1569 3356 1641 Ἀσσυρίοις
3395 1569 3742 1641 διεμάχοντο,

2153 1665 2228 1728 ὡς
2260 1665 2464 1736 ἄμικτα
2498 1660 2636 1719 εἶναι
2661 1666 2842 1729 αὐτοῖς
2873 1664 2964 1718 καὶ
2997 1664 3290 1728 ἀδιαϐάτας
3335 1663 3432 1727 τὰς
3483 1663 3618 1734 πρὸς
3644 1661 3747 1716 ἀλ-

2154 1755 2350 1826 λήλους
2381 1757 2626 1830 πορείας.
2659 1756 2895 1811 Τοιαῦτα
2923 1756 3022 1829 μὲν
3054 1752 3146 1809 οὖν
3188 1755 3478 1826 ἐτύγχανον
3521 1753 3589 1808 τὰ
3633 1753 3745 1809 πά·

457 1849 590 1917 ipsis
631 1848 868 1902 futurum
897 1863 1137 1919 praesens
1185 1863 1371 1902 sermo
1400 1847 1749 1916 prmnuutiat.
1788 1845 1879 1898 Ille
1921 1858 2045 1898 vero

2152 1847 2259 1903 λαι.
2302 1849 2459 1902 Μετὰ
2499 1849 2556 1902 δέ
2606 1850 2705 1921 τὴν
2735 1849 2919 1920 ἄφιξιν
2949 1849 3042 1903 τοῦ
3075 1848 3282 1920 Κυρίου
3326 1847 3423 1918 τὴν
3456 1847 3535 1910 εἰς
3568 1847 3738 1916 Αἴγυ-

456 1955 570 2006 eos,
603 1939 695 2008 qui
725 1939 855 1994 'olim
889 1939 1092 1994 inimici
1126 1947 1302 2005 eran'l,
1334 1939 1503 2008 Syros
1542 1939 1686 2003 dico,
1710 1937 1963 2007 Assyrios
1994 1944 2051 1990 ct.

457 2030 730 2096 Israelem,
757 2039 944 2085 mutuo
975 2031 1248 2096 conciliat,
1283 2041 1446 2100 atque
1473 2045 1634 2084 unam
1669 2044 1859 2084 omnes
1882 2044 1911 2082 ιι
1938 2028 2046 2082 Deo

455 2125 892 2180 benedictionem
921 2134 1242 2196 accepturos
1276 2125 1440 2191 dicit;
1468 2126 1541 2178 ita
1572 2132 1633 2179 ut
1663 2123 1776 2192 jam
1802 2139 1908 2178 non
1936 2137 2048 2176 am-

455 2218 596 2287 plius
630 2215 794 2272 Israel
822 2219 990 2271 altum
1015 2218 1214 2286 sapiat,
1255 2232 1432 2288 neque
1452 2226 1512 2271 ut
1545 2217 1696 2272 solus
1733 2217 2049 2272 benedictus

455 2299 647 2364 contra
672 2309 808 2363 alios
835 2323 953 2364 sese
973 2310 1222 2366 extollat.
1255 2309 1388 2376 Quis
1416 2323 1545 2380 ergo
1582 2309 1857 2364 Romanos
1889 2324 2049 2364 exer-

455 2403 599 2459 citus
625 2417 692 2456 ex
731 2401 993 2473 Syrorqu
1025 2403 1218 2456 militia
1263 2403 1457 2458 videns
1488 2401 1862 2473 Egyptiorum
1891 2401 2044 2470 capi-

455 2495 603 2548 tibus
623 2480 940 2560 limminere,
979 2504 1035 2550 et
1084 2493 1371 2566 Egyptios
1411 2493 1516 2549 illis
1550 2495 1779 2558 servire,
1812 2495 2048 2564 prophe-

457 2587 546 2638 tiae
581 2593 832 2645 eventum
860 2601 963 2640 non
1000 2587 1344 2642 admiretur?
1372 2585 1506 2653 Quis
1557 2601 1662 2639 non
1705 2587 2048 2656 obstupescazt

455 2690 689 2732 cernens
734 2676 1018 2748 Egyptios
1062 2679 1232 2734 libero
1276 2679 1508 2734 transitu
1537 2677 1753 2748 Syriam
1802 2686 2046 2748 petentes

457 2783 521 2822 ac
549 2769 787 2823 vicissim
814 2769 984 2841 Syros
1015 2771 1133 2826 sine
1156 2772 1308 2827 obice
1349 2771 1402 2825 in
1441 2770 1736 2842 Egyptum
1783 2771 2046 2825 acceden-

455 2866 558 2925 tes,
589 2868 752 2930 atque
773 2875 865 2917 eos
885 2863 930 2916 vi
950 2863 1320 2918 dominatricis
1340 2865 1591 2934 polentia:
1619 2862 1865 2916 subditos
1890 2864 2046 2916 esse?

454 2953 718 3024 Quodque
750 2955 989 3009 omnium
1022 2955 1487 3010 mirabilissimum
1523 2962 1625 3016 est,
1663 2955 1716 3008 in
1762 2951 2046 3022 prophetia

455 3048 618 3116 dixit,
640 3047 829 3102 eodem
866 3055 1112 3116 tempore
1151 3048 1292 3117 apud
1329 3046 1498 3117 Syros
1528 3055 1584 3100 et
1619 3044 1942 3116 Egyptios,
1977 3059 2045 3101 ac

455 3139 510 3192 in
555 3149 696 3193 terra
724 3139 892 3194 Israel
935 3139 1161 3208 populos
1202 3139 1293 3194 Dei
1337 3139 1477 3204 fore,
1524 3139 1776 3209 ipsosque
1817 3137 2043 3194 benedi-

457 3243 609 3286 etos:
639 3239 698 3284 ut
727 3230 886 3285 Israel
918 3245 1024 3285 non
1049 3230 1278 3300 amplius
1304 3228 1516 3284 differat
1541 3229 1610 3284 ab
1634 3227 1908 3298 Egyptio,
1944 3243 2037 3282 ne-

2151 1959 2284 1996 πτον
2323 1944 2547 2015 εἰρήνην
2575 1942 2897 2015 βαθυτάτην.
2935 1943 3218 2008 κοινωνίας
3245 1959 3305 1995 τε
3333 1943 3428 1995 καὶ
3455 1940 3744 2011 ἐπιμιξίας

2151 2037 2179 2088 ὀ
2209 2033 2398 2106 παρὼν
2428 2035 2586 2104 λόγος
2611 2036 2794 2100 αὐτοῖς
2827 2034 3251 2104 εὐαγγελίζεται.
3295 2036 3354 2089 '0
3387 2034 3484 2106 μὲν
3527 2033 3591 2104 δὴ
3642 2028 3742 2086 οὗν

2152 2128 2376 2197 συνάγει
2432 2129 2559 2190 τοὺς
2614 2128 2780 2182 πάλαι
2826 2128 3072 2201 ἐχθροὺς,
3127 2128 3270 2197 λέγω
3315 2127 3380 2199 δὴ
3413 2127 3618 2198 Σύρους
3639 2128 3742 2180 καὶ

2151 2220 2486 2290 Αἰγυπτίους
2511 2221 2606 2274 καὶ
2645 2220 2736 2274 τὸν
2776 2221 3019 2293 Ἰσραὴλ,
3059 2222 3189 2292 μιᾶς
3231 2239 3289 2274 τε
3335 2219 3584 2288 εὐλογίας
3631 2219 3739 2289 τῆς

2152 2312 2302 2384 παρὰ
2335 2312 2468 2365 Θεοῦ
2499 2309 2779 2378 τεύξεσθαι
2812 2309 3007 2374 αὐτούς
3038 2327 3200 2381 φησι·
3235 2310 3312 2373 ὡς
3351 2308 3545 2381 μηκέτι
3591 2309 3742 2379 μέγα

2150 2407 2366 2477 φρονεῖν
2391 2404 2480 2457 τὸν
2511 2404 2753 2477 Ἰσραὴλ,
2779 2403 2912 2474 μηδέ
2941 2402 3366 2474 κατεπαίρεσθαι
3387 2402 3496 2456 τῶν
3529 2403 3737 2465 ἄλλων,

2148 2498 2224 2561 ὡς
2255 2497 2412 2568 μόνον
2443 2496 2645 2568 ηὑλογη
2655 2497 2831 2568 μένον.
2851 2496 2946 2559 Τίς
2961 2491 3076 2558 οὖν,
3091 2495 3387 2566 ὀφθαλμοῖς
3413 2494 3553 2567 ὁρῶν
3569 2513 3741 2568 στρα-

2149 2587 2347 2642 τόπεδα
2394 2588 2681 2659 Ῥωμαϊκὰ
2702 2586 2889 2659 Σύρων
2910 2586 3118 2657 ἀνδρῶν
3159 2587 3300 2642 κατὰ
3320 2585 3560 2658 κεφαλῆς
3619 2587 3737 2640 τῶν

2148 2680 2460 2749 Αἰγυπτίων
2489 2680 2864 2751 ἐγκαθήμενα,
2909 2677 3240 2747 Αἰγυπτίους
3263 2695 3322 2730 τε
3348 2677 3558 2740 τούτοις
3607 2677 3738 2731 δον-

2147 2772 2422 2837 λεύοντας,
2462 2774 2562 2825 ούκ
2605 2772 2672 2826 ἂν
2731 2770 3032 2841 ἐκπλαγείη
3091 2770 3189 2841 τὴν
3233 2769 3334 2840 τῆς
3393 2769 3735 2841 προφητείας

2150 2862 2524 2929 ἔκϐασιν;Τίς
2573 2863 2629 2917 δὲ
2684 2864 2744 2917 ού
2799 2863 3135 2934 Θαυμάσεται
3191 2861 3334 2932 ὁρῶν
3397 2859 3735 2929 Αἰγυπτίους

2148 2955 2317 3020 ἀδεῶς
2341 2955 2433 3008 ἐπὶ
2461 2956 2558 3025 τὴν
2593 2955 2778 3027 Σύρων
2805 2955 3176 3018 διαϐαίνοντας
3206 2953 3410 3025 χώραν,
3437 2952 3640 3026 Σύρους
3666 2969 3732 3007 τε

2146 3046 2438 3110 ἀκωλύτως
2465 3046 2845 3107 ἐπιϐαίνοντας
2883 3048 2998 3109 τοῖς
3038 3045 3376 3115 Αἰγυπτίοις,
3406 3044 3634 3118 δυνάμει
3663 3061 3731 3098 τε

2145 3138 2474 3210 ἅρχοντικῆς
2502 3137 2750 3202 ἐξουσίας
2797 3137 3367 3209 καταδεδουλωμὲνους
3391 3136 3619 3202 αὐτούς,
3651 3137 3734 3189 Τὸ

2142 3230 2198 3283 δέ
2229 3229 2484 3284 ἁπάντων
2533 3229 2961 3300 παραδοξότατον
2979 3269 2994 3293 ,
3019 3227 3223 3298 ταύτην
3249 3229 3420 3300 ἤρατο
3461 3228 3602 3282 κατὰ
3635 3230 3733 3282 τὴν

454 3339 560 3392 que
608 3339 637 3378 a
684 3323 864 3394 Syro;
929 3337 1102 3392 neque
1162 3324 1302 3392 apud
1352 3322 1520 3377 Deum
1562 3322 1732 3390 pluris
1772 3321 2036 3375 habeatur

2152 3323 2303 3377 αὐτὸν
2350 3323 2540 3394 χρόνον
2575 3322 2724 3394 παρὰ
2758 3322 2949 3393 Σύροις
2990 3323 3085 3375 καὶ
3114 3325 3240 3394 παρ’
3273 3323 3588 3391 Αἰγυπτίοις
3632 3323 3732 3376 καὶ

455 3418 650 3486 Syrus,
680 3429 840 3485 quam
877 3415 1042 3469 Israel
1099 3415 1184 3469 vel
1238 3413 1561 3483 Egyptius;
1597 3427 1770 3483 neque
1792 3413 2033 3468 vicissim

2152 3418 2202 3468 ἐν
2236 3419 2302 3486 τῇ
2328 3419 2399 3486 γῇ
2427 3414 2523 3467 τοῦ
2568 3415 2783 3486 Ἰσραὴλ
2817 3415 2980 3476 λαοὺς
3025 3414 3243 3468 ἔσεσθαι
3294 3413 3373 3485 τῷ
3431 3413 3570 3484 Θεῷ,
3631 3429 3732 3468 και

454 3508 740 3580 JEgyptius
777 3509 954 3562 minor
979 3509 1050 3562 sit
1076 3508 1218 3577 apud
1257 3508 1423 3562 Deum
1455 3505 1651 3562 lsracle
1683 3515 1738 3560 et
1769 3506 1925 3578 Syro.

2152 3506 2366 3570 τούτους
2385 3507 2832 3578 ηύλογημένουςο
2871 3507 2949 3570 ὡς
3002 3508 3136 3579 μηδὲ
3193 3507 3394 3579 μηκέτι
3446 3507 3730 3578 διαφέρειν

451 3603 543 3655 τὸν
585 3603 799 3675 Ἰσραὴλ
826 3603 918 3656 τοῦ
961 3603 1280 3672 Αἰγυπτίου.
1321 3602 1460 3672 μήτε
1505 3601 1600 3654 τοῦ
1641 3601 1837 3673 Σύρου,
1891 3602 2024 3672 μηδέ
2061 3602 2395 3656 διαλλάττειν
2456 3603 2605 3674 παρὰ
2656 3601 2774 3673 Θεῷ
2791 3602 3024 3674 κρείττω
3044 3601 3136 3656 τὸν
3157 3601 3328 3665 Σύρον
3352 3600 3447 3654 τοῦ
3482 3601 3726 3672 Ἰσραὴλ,

457 3694 589 3767 μηδὲ
647 3694 741 3748 τοῦ
772 3695 1090 3764 Αἰγυπτίου,
1154 3694 1276 3766 μηδ’
1311 3689 1380 3747 αὖ
1434 3692 1596 3747 πάλιν
1650 3692 1742 3746 τὸν
1780 3693 2095 3764 ,Αίγύπτιον
2135 3693 2486 3749 ἐλαττοῦσθαι
2540 3695 2690 3766 παρὰ
2750 3694 2870 3764 Θεῷ
2927 3693 3022 3748 τοῦ
3092 3693 3306 3765 Ἰσραὴλ
3349 3694 3383 3765 ἢ
3451 3694 3546 3747 τοῦ
3617 3695 3729 3748 Σύ-

455 3806 571 3859 pou.

527 3877 691 3935 Vens.
731 3880 826 3934 24.
875 3900 892 3932 ε
921 3881 978 3934 ln
1019 3880 1108 3935 die
1161 3881 1251 3935 illa
1299 3881 1406 3935 erit
1442 3879 1606 3934 Israel
1643 3880 1834 3934 tertius
1886 3882 2030 3935 inter

454 3972 759 4044 Egyptios,
809 3981 859 4026 et
901 3972 1041 4026 inter
1087 3972 1341 4042 Assyrios
1401 3973 1718 4028 benedictus
1755 3972 1810 4025 in
1859 3981 2026 4036 terra,

453 4075 616 4130 quam
652 4059 930 4116 benedixit
969 4060 1229 4115 Dominus
1257 4060 1517 4124 Sabaoth,
1549 4063 1639 4133 qui
1669 4061 1822 4126 dicit,
1861 4060 2028 4115 Bene-

2209 3898 2227 3929 ‹
2253 3878 2331 3947 Τῇ
2356 3873 2540 3945 ἡμέρᾳ
2574 3871 2758 3944 ἐκείνη
2777 3870 2932 3923 ἔσται
2971 3867 3186 3940 Ἰσραὴλ
3209 3867 3391 3939 τρίτος
3417 3867 3474 3920 ἐν
3493 3868 3603 3931 τοῖς
3626 3868 3727 3920 Λί-

2131 3969 2400 4039 γυπτίοις,
2450 3965 2543 4017 καὶ
2567 3965 2625 4016 ἐν
2669 3964 2781 4026 τοῖς
2818 3961 3123 4032 Ἀσσυρίοις
3153 3957 3524 4029 ηὐλογημένος
3567 3960 3627 4015 ἐν
3655 3960 3723 4028 τῇ

2129 4065 2223 4134 γῇ,
2254 4061 2320 4131 ἢν
2350 4058 2618 4128 ηὐλόγησε
2649 4054 2856 4126 Κύριος
2907 4051 3132 4107 Σαϐαὼο
3180 4053 3210 4104 6
3237 4051 3407 4120 λέγων
3430 4066 3445 4080 °
3482 4051 3726 4121 Εὐλογη-

455 4154 634 4222 dictus
665 4154 895 4224 populus
923 4169 1099 4223 meus,
1119 4156 1213 4224 qui
1253 4166 1336 4210 est
1362 4157 1414 4210 in
1432 4155 1762 4227 Egypto,et
1785 4157 1837 4209 in
1855 4159 2025 4226 Assy-

2152 4155 2290 4216 ιένος
2314 4153 2343 4203 ὁ
2370 4149 2496 4212 λαός
2529 4165 2629 4219 μου
2667 4148 2696 4200 ὁ
2721 4148 2779 4200 ἐν
2800 4145 3080 4216 Αἰγύπτῳ,
3113 4145 3209 4198 καὶ
3235 4145 3264 4195 6
3283 4146 3346 4197 ἐν
3386 4142 3715 4215 Ἀσσυρίοις,

453 4246 574 4311 riis,
621 4244 1004 4302 et‘haereditas
1053 4262 1172 4303 mea
1223 4247 1413 4303 Israel.
1445 4267 1464 4301 ι
1523 4248 1679 4314 Quod
1707 4249 1752 4304 si
1787 4247 2019 4312 dicatur,

2152 4245 2221 4299 :al.
2250 4246 2283 4314 ή
2310 4240 2641 4314 κληρονομία
2675 4256 2776 4310 μου
2809 4236 3042 4309 Ἰσραήλ.
3069 4256 3087 4288 ι
3125 4236 3251 4290 Ἐὰν
3270 4235 3327 4289 δὲ
3360 4234 3584 4306 λέγηται
3609 4235 3725 4307 τρί-

453 4341 670 4396 tertium
695 4339 858 4395 Israel
892 4341 1038 4395 inter
1066 4340 1356 4413 Egyptios
1390 4353 1446 4396 et
1489 4341 1745 4412 Assyrios
1777 4341 2019 4395 futurum

2152 4353 2219 4400 ro;
2258 4333 2474 4405 Ἰσραὴλ
2517 4333 2574 4385 ἐν
2621 4334 2734 4395 τοῖς
2777 4327 3098 4398 Αἰγυπτίοις
3128 4328 3224 4381 καὶ
3275 4329 3333 4380 ἐν
3361 4327 3475 4390 τοῖς
3520 4326 3716 4378 Ἀσσυ-

450 4445 592 4496 esse,
632 4430 977 4484 benedictum
1024 4431 1076 4484 in
1133 4442 1299 4495 terra,
1332 4446 1492 4500 quam
1529 4431 1809 4486 benedixit
1844 4431 2026 4485 Domi-

2152 4429 2268 4489 >ίοις
2297 4423 2534 4486 ἔσεσθαι,
2555 4421 2913 4493 εὐλογημένος
2944 4421 3002 4472 ἐν
3029 4422 3096 4491 τῇ
3125 4421 3196 4490 γῇ
3225 4419 3291 4490 ἢν
3316 4417 3574 4488 εύλόγησε
3597 4415 3717 4470 Κύ-

449 4536 555 4576 nus
601 4520 958 4585 exercituum,
987 4535 1054 4576 ne
1095 4521 1258 4574 aliam
1285 4530 1537 4590 putemus
1571 4534 1692 4574 esse
1727 4527 1928 4573 terram
1957 4520 2024 4573 ab

2152 4535 2245 4581 κος
2275 4515 2522 4579 Σαϐαὼθ,
2558 4514 2631 4586 μὴ
2653 4513 2844 4583 ἐτέραν
2871 4510 3176 4581 νομίζωμεν
3207 4503 3344 4563 εἶναι
3366 4508 3467 4579 τὴν
3493 4507 3594 4578 γῆν
3615 4507 3719 4578 τῆς

449 4611 694 4666 Ecclesia
752 4611 869 4666 Dei.
919 4609 1025 4666 Per
1079 4612 1247 4667 Israel
1293 4621 1477 4663 autem
1529 4607 1758 4678 intelligi
1816 4617 2020 4678 potest,

2152 4609 2468 4678 Ἐκκλησίας
2503 4605 2596 4659 τοῦ
2633 4605 2789 4659 Θεοῦ.
2860 4602 3071 4674 Ἰσραὴλ
3101 4603 3158 4655 δὲ
3199 4599 3434 4654 νοεῖσθαι
3489 4597 3716 4654 δύναται

448 4707 653 4761 chorus
680 4705 860 4760 omnis
891 4714 1207 4760 sanctorum
1239 4704 1728 4776 religiosorumque
1757 4702 2017 4763 virorum,

2152 4704 2227 4756 ιαὶ
2249 4703 2357 4763 πᾶς
2383 4702 2410 4752 6
2457 4699 2614 4769 χορὸς
2645 4696 2752 4748 τῶν
2781 4696 2949 4763 ἁγίων
2995 4695 3088 4748 καὶ
3120 4691 3379 4761 θεοφιλῶν
3408 4690 3619 4762 ἀνδρῶν
3646 4693 3715 4743 ἐκ

447 4799 542 4869 qui
572 4813 638 4853 ex
671 4795 894 4853 Iudaica
919 4808 1081 4868 gente
1107 4798 1352 4855 defuncti
1382 4805 1527 4851 sunt.
1571 4795 1916 4865 Quapropter
1935 4795 2020 4848 di-

2152 4794 2218 4847 ὀὗ
2255 4791 2520 4846 Ἰουδαίων
2551 4789 2734 4852 ἔθνους
2764 4785 3267 4857 προεξεληλυθότων
3310 4783 3404 4838 τοῦ
3447 4784 3582 4854 βίου.
3619 4783 3713 4836 Διὸ

447 4893 609 4956 citur,
657 4911 677 4944 ι
709 4891 773 4946 Et
805 4891 1094 4946 haereditas
1130 4904 1249 4945 mea
1289 4890 1480 4944 Israel.
1514 4889 1647 4943 Nam
1678 4888 1898 4958 quando
1941 4888 2022 4940 di-

2152 4884 2374 4937 .έλεκται
2395 4899 2407 4910 ·
2447 4900 2464 4931 ι
2488 4881 2650 4950 Καὶή
2679 4877 3010 4949 κληρονομία
3037 4893 3136 4947 μου
3179 4877 3416 4947 Ἰσραήλ.
3452 4876 3581 4928 Ὅτε
3600 4874 3712 4946 γὰρ

446 4984 668 5040 videbat
695 4983 1015 5040 Altissimus
1054 4991 1272 5054 gentes,
1324 4983 1464 5036 facta
1500 4992 1586 5036 est
1639 4997 1765 5052 pars
1809 4981 2021 5035 Domini

2152 4973 2430 5046 μιεμέριζεν
2458 4975 2485 5024 ὁ
2522 4972 2780 5040 ’Ύψιστος
2827 4969 2975 5037 ἔθνη,
3012 4967 3241 5037 ἐγενήθη
3293 4984 3447 5038 μερις
3500 4967 3709 5036 Κυρίου

447 5074 676 5143 populus
705 5072 823 5140 ejus
867 5071 1067 5136 Jacob,
1108 5073 1385 5126 funiculus
1417 5070 1753 5126 hmreditatis
1785 5069 1908 5138 ejus
1947 5070 2022 5123 Is-

2152 5069 2253 5130 .αὸς
2307 5063 2472 5123 αὑτοῦ
2537 5060 2748 5126 Ἰακὼϐ,
2803 5060 3086 5130 σχοίνισμα
3136 5057 3496 5126 κληρονομίας
3541 5055 3710 5109 αὑτοῦ

445 5165 557 5219 rael
582 5167 659 5220 ’.ι
689 5165 839 5219 Nunc
862 5173 1043 5220 autem
1071 5162 1314 5234 [Egyptii
1350 5164 1580 5233 populus
1608 5164 1748 5231 ejus,
1779 5170 1832 5216 et
1857 5177 2021 5231 popu-

2156 5156 2373 5227 ισραήλ.
2407 5173 2424 5206 ι
2455 5153 2570 5207 Νῦν
2596 5153 2651 5205 δὲ
2683 5152 2774 5205 καὶ
2796 5150 3079 5218 Αἰγύπτιοι
3115 5147 3242 5209 λαὸς
3273 5147 3435 5200 αὐτοῦ
3469 5147 3706 5217 εἴρηται,

449 5254 531 5308 lus
563 5257 680 5326 ejus
711 5255 1049 5322 benedictus,
1085 5264 1385 5318 vocantur;
1418 5263 1473 5307 et
1498 5252 1708 5323 Assyrii
1740 5250 2012 5304 similiter.

2152 5249 2221 5299 :ai.
2253 5247 2379 5309 λαὸς
2411 5244 2575 5298 αὐτοῦ
2615 5242 2995 5312 εὐλογημένος,
3045 5240 3138 5292 καὶ
3175 5238 3443 5309 Ἀσσύριοι
3485 5237 3705 5308 ὁμοίως.

447 5346 578 5398 Illud
604 5358 805 5412 autem,
855 5345 952 5399 «In
1002 5356 1174 5411 terra,
1235 5360 1396 5414 quam
1453 5342 1734 5398 benedixit
1759 5340 2020 5394 Dominus

2152 5337 2199 5390 f6
2222 5337 2300 5402 δὲ,
2336 5357 2353 5388 ι
2377 5338 2464 5390 Ἑν
2496 5337 2561 5406 τῇ
2595 5339 2664 5405 γῇ
2693 5335 2761 5404 ἢν
2791 5334 3062 5403 ηὑλόγησε
3091 5332 3293 5402 Κύριος
3326 5330 3573 5397 nemo,
3599 5350 3618 5383 ι
3649 5333 3706 5383 ἕο

447 5436 710 5501 Sabaoth,
751 5459 769 5489 ι
812 5439 879 5491 ad
923 5439 1204 5494 caelestem
1239 5450 1453 5506 quoque
1493 5444 1694 5488 terram
1726 5431 2016 5491 referatur,

2152 5449 2210 5500 [οι
2235 5430 2300 5483 ἂν
2324 5428 2421 5499 τὴν
2455 5427 2752 5497 ἀναφορὰν·
2773 5428 2867 5480 καὶ
2917 5427 3008 5478 ἐπὶ
3042 5424 3139 5496 τὴν
3187 5424 3525 5494 ἐπουράνιον,
3579 5425 3705 5492 περὶ

446 5531 511 5584 de
550 5546 654 5598 qua
689 5530 823 5584 dicit
849 5531 1123 5599 Salvator,
1171 5550 1189 5583 ι
1228 5529 1376 5584 Beati
1414 5524 1872 5594 mites,quuniam
1915 5522 2015 5591 ipsi

2152 5520 2191 5596 ις
2222 5538 2385 5592 φησιν
2412 5524 2440 5573 6
2472 5522 2690 5591 Σωτήρ·
2728 5540 2745 5570 ι
2768 5520 3042 5590 Μακάριοι
3100 5519 3148 5571 οἱ
3184 5519 3398 5589 πραεῖς,
3427 5515 3508 5568 ὃτι
3553 5513 3704 5566 αὐτοὶ

517 5749 534 5774 ³
567 5746 716 5798 Deut.
753 5761 925 5809 xxxii,
959 5749 1010 5797 8.
