3984 6506
400 352 517 416 25!)
546 358 547 369 ³

1116 355 1391 412 unseen
1430 338 1907 413 casSameusrs
1943 355 2092 412 ore.
2136 354 2317 415 PARS
2356 358 2446 412 ιιι.
2491 389 2556 398 -
2599 356 3011 414 EXEGETICA.

3582 356 3694 410 210

407 487 593 545 ventu,
628 487 685 536 et
718 479 783 534 de
810 477 966 532 bonis
997 475 1197 530 ibidem
1232 477 1283 530 in
1321 475 1611 547 Egyptios
1638 476 1981 530 conferendis

2094 474 2317 545 Πνεῦμα
2344 475 2444 546 τῆς
2478 476 2604 539 περὶ
2632 474 2724 527 τοῦ
2758 475 2965 547 Κυρίου
2998 474 3076 536 εἰς
3123 471 3398 541 Αἴγυπτον
3426 470 3689 541 ἀφίξεως,

407 574 762 635 vaticinatus,
790 586 850 625 ea
883 585 1003 639 qua:
1041 586 1164 625 mox
1196 570 1353 623 finem
1398 579 1625 623 nactura
1658 580 1816 624 erant
1858 569 1990 624 sub-

409 666 566 729 didit,
624 673 683 718 ut
729 678 757 715 a
811 663 1159 730 praesentium
1193 671 1390 716 eventu
1432 676 1516 723 ea,
1560 676 1681 731 qua:
1732 661 1990 714 diuturno

408 770 531 827 post
561 769 805 827 tempore
831 756 1011 810 futura
1052 766 1234 820 erant,
1264 754 1545 809 credibilia
1573 762 1761 808 essent
1794 754 1863 808 iis
1896 754 1987 820 qui

410 860 539 902 tunc
564 847 1003 917 propheticorum
1029 845 1634 899 sermonumauditores
1655 852 1833 899 erant.
1865 843 1990 898 llaec

407 954 537 1009 ergo
564 954 684 1009 qua:
704 937 817 1007 jam
852 946 1169 998 tractamus,
1202 951 1306 989 non
1355 946 1514 989 erant
1564 944 1690 989 ante
1736 950 1989 1005 przenun-

409 1032 557 1086 tiatis
579 1029 890 1085 contraria:
920 1028 1009 1081 illa
1042 1030 1244 1096 quippe
1274 1042 1372 1096 pro
1398 1028 1736 1098 temporibus
1769 1028 1826 1081 in
1863 1043 1989 1098 pro-

404 1124 588 1194 phetia
619 1124 855 1188 notatis;
898 1122 1014 1176 haec
1061 1135 1193 1175 vero
1228 1135 1326 1190 pro
1366 1118 1527 1176 rebus
1564 1135 1685 1174 mox
1735 1120 1988 1191 gerendis

405 1216 749 1271 enunﬁabaL

476 1397 645 1453 Vens.
678 1395 733 1449 5.
781 1414 797 1445 ι
826 1394 889 1448 Et
922 1394 1329 1449 coufundenlur
1357 1394 1597 1463 superati
1633 1391 1874 1463 Egyptii
1918 1391 1987 1445 ab

405 1490 776 1560 AithiOpibus,
817 1489 870 1542 in
898 1488 1094 1557 quibus
1124 1488 1473 1541 confidebant
1514 1487 1792 1559 AZgyptii:
1829 1494 1987 1540 erant.

403 1583 547 1637 enim
590 1580 722 1651 ipsis
750 1580 943 1651 gloria.
968 1598 989 1633 ι
1037 1579 1439 1634 Erubescentes
1481 1579 1697 1634 scilicet
1739 1579 1805 1633 de
1836 1578 1901 1633 iis
1932 1579 1984 1631 in

404 1676 601 1743 quibus
625 1674 1007 1738 confidebant;
1051 1674 1124 1726 ita
1160 1684 1219 1727 ut
1253 1688 1376 1727 sese
1416 1673 1517 1742 ipsi
1564 1673 1890 1727 damnarent
1928 1682 1987 1728 et

403 1775 714 1835 arguerent.

447 1858 638 1914 ’V’ens.
674 1857 724 1912 6.
767 1875 784 1906 ι
810 1857 874 1911 Et
898 1856 1083 1910 dicent
1107 1857 1196 1924 qui
1233 1856 1479 1911 habitant
1532 1856 1587 1910 in
1634 1855 1811 1910 insula
1857 1856 1983 1921 hac,
2017 1843 2062 1898 Β

378 1950 541 2003 Ἑςρο
591 1964 691 2003 nos
738 1947 1170 2011 confidebamus,
1237 1958 1289 1999 ut
1344 1948 1407 2000 ad
1460 1961 1651 2001 eorum
1713 1946 1982 2000 auxilium

401 2042 841 2111 confugercmus,
903 2041 993 2110 qui
1038 2056 1143 2094 non
1198 2048 1496 2109 potuerunt
1536 2039 1743 2094 servari
1797 2054 1827 2093 a
1858 2052 1986 2109 rege

398 2134 770 2205 Assyriorum,
801 2144 856 2188 et
878 2132 1148 2202 quomodo
1174 2147 1272 2184 nos
1307 2130 1685 2185 servabimur?
1710 2149 1728 2181 ι

988 2223 1215 2279 CAPUT
1257 2223 1399 2278 XXI.

442 2318 717 2381 'VmsJ,
748 2319 803 2371 2.
861 2336 879 2368 ι
914 2317 1061 2371 Visio
1113 2316 1334 2371 deserti.
1384 2313 1540 2369 Sicut
1593 2314 1832 2384 procella
1889 2328 1984 2385 per

399 2414 677 2468 desertum
720 2411 940 2471 transit,
977 2423 1042 2463 ex
1070 2407 1286 2461 deserto
1326 2406 1552 2460 veniens
1582 2422 1610 2457 a
1642 2417 1784 2460 terra
1821 2422 1836 2458 :
1873 2414 1986 2460 ter-

399 2504 577 2561 ribilis
601 2503 739 2558 visio
776 2512 829 2556 et
869 2501 1026 2563 dura,
1062 2499 1371 2553 renuntiata
1410 2508 1495 2552 est
1527 2498 1680 2551 mihi.
1725 2498 1984 2553 Contem—

398 2606 525 2666 ptor
554 2593 873 2655 contemnit,
907 2601 963 2646 et
1002 2591 1219 2660 iniquus
1251 2590 1436 2659 inique
1463 2591 1592 2658 agit.
1636 2591 1715 2644 Ad
1743 2604 1830 2644 me
1858 2590 1979 2643 Ela-

398 2688 567 2753 mitrc,
598 2697 654 2741 et
689 2685 849 2755 legati
896 2684 1185 2738 Persarum
1232 2682 1296 2734 ad
1346 2698 1434 2736 me
1474 2682 1716 2736 veniunt.
1748 2700 1766 2734 ι
1799 2681 1983 2736 Persze

400 2784 583 2850 itaque
608 2794 716 2832 non
754 2778 841 2831 diu
872 2786 1055 2845 postea
1092 2774 1368 2830 Medorum
1396 2775 1682 2845 imperium
1716 2776 1983 2845 excipien-

400 2886 502 2937 tes,
540 2870 830 2942 Babylonis
874 2868 1136 2938 reliquias
1166 2852 1498 2923 everterunt.
1526 2866 1655 2921 Jure
1703 2867 1871 2938 igitur
1909 2883 1983 2921 ar-

399 2963 560 3017 stimo
592 2962 708 3016 haec
748 2960 961 3015 hostilia
992 2960 1131 3012 facta
1167 2959 1233 3012 de
1260 2958 1537 3029 Babylone
1563 2957 1688 3013 dici.
1715 2960 1853 3026 Quid
1877 2960 1980 3015 sibi

396 3053 512 3106 vult
548 3062 728 3106 autem
761 3066 882 3105 cum
909 3051 1009 3114 ait,
1047 3070 1064 3101 ι
1093 3049 1243 3104 Visio
1269 3049 1513 3103 deserti?
1545 3070 1562 3101 ι
1618 3050 1738 3103 Jam
1784 3050 1980 3104 exhinc

396 3142 914 3209 Babylonem'vocat
946 3140 1246 3203 desertum,
1299 3147 1521 3207 propter
1551 3153 1613 3191 ea
1642 3153 1761 3206 qua:
1792 3139 1858 3192 de
1889 3154 1982 3191 va-

397 3234 583 3287 stitate
624 3232 750 3299 ejus
789 3231 842 3283 in
888 3227 1173 3299 prophetia
1225 3226 1493 3282 feruntur.
1544 3229 1726 3295 Quare
1762 3245 1824 3283 ex
1859 3245 1977 3299 pcr-

396 3338 530 3378 sima
578 3322 746 3393 ipsius
788 3319 1085 3390 Babylonis
1137 3318 1250 3372 hzec
1296 3318 1439 3373 dicta
1490 3319 1658 3373 fuisse
1717 3320 1977 3385 arbitror,

396 3416 552 3485 quasi
594 3414 754 3478 mala,
790 3428 911 3482 qua:
934 3420 1194 3465 eventura
1226 3410 1326 3464 sibi
1358 3420 1514 3464 erant
1554 3411 1776 3466 auribus
1816 3428 1978 3466 acce-

400 3510 587 3579 pisset,
618 3522 679 3560 ac
711 3513 1052 3575 precaretur,
1088 3512 1145 3555 ut
1169 3502 1363 3556 horum
1404 3502 1623 3555 auditus
1674 3504 1979 3569 pertransi-

399 3610 504 3665 ret,
544 3610 710 3669 utque
744 3614 828 3661 ea,
871 3596 1480 3665 qua!'exspectalnmtur
1512 3612 1614 3647 non
1646 3598 1976 3650 acciderent.

473 3694 636 3746 Vens.
663 3690 715 3744 '5.
753 3708 770 3739 ι
809 3688 960 3742 Nunc
991 3686 1187 3754 lugebo
1228 3694 1282 3739 et
1312 3687 1641 3740 consolabor
1691 3702 1794 3741 me.
1841 3687 1978 3740 Pro-

399 3796 584 3855 plcrea
602 3782 856 3851 impletus
880 3788 962 3834 est
994 3779 1208 3832 lumbus
1244 3792 1395 3832 meus
1416 3778 1707 3843 solutione,
1744 3788 1799 3831 et
1824 3779 1979 3833 dolo-

399 3893 487 3933 res
522 3877 838 3929 invaserunt
867 3888 952 3927 me
973 3882 1227 3941 tanquam
1259 3871 1674 3940 parturientem.
1706 3889 1723 3922 ι
1750 3871 1974 3937 Verum,

400 3978 460 4023 ut
485 3982 584 4035 par
615 3975 714 4031 est,
746 3981 888 4018 nunc
928 3962 1142 4033 lugebo,
1187 3963 1331 4033 quod
1368 3977 1470 4015 non
1507 3971 1670 4015 antea
1715 3960 1973 4027 feceram,

399 4058 525 4129 quia
553 4058 793 4128 superba
813 4070 985 4121 eram,
1015 4064 1070 4108 et
1104 4054 1369 4107 adversus
1409 4053 1648 4120 reliquas
1672 4063 1860 4122 gentes
1891 4068 1975 4107 me

400 4149 728 4204 extollebant
759 4187 774 4209 ,
816 4147 886 4199 ita
930 4155 993 4200 ut
1027 4145 1161 4199 aliis
1193 4158 1366 4199 essent
1402 4143 1577 4197 luctus
1610 4159 1795 4199 causa.
1823 4142 1977 4199 Nunc

398 4256 530 4297 vero
556 4256 656 4311 ego
680 4243 793 4309 ipsa
823 4237 1084 4309 Babylon,
1124 4253 1247 4292 eum
1295 4237 1495 4306 popqu
1526 4252 1645 4291 meo
1675 4236 1891 4306 lugebo,
1924 4246 1979 4291 et

394 4337 545 4391 luctu
602 4349 688 4391 me
729 4332 1089 4395 consolabor;
1125 4332 1251 4401 quia
1294 4348 1380 4385 me
1429 4346 1613 4385 rerum
1666 4330 1975 4397 huiusmodi

390 4425 646 4481 mintium
674 4422 931 4494 perculit:
978 4424 1133 4491 cujus
1164 4437 1328 4476 causa
1366 4422 1607 4491 repletus
1646 4430 1728 4474 est
1762 4421 1976 4474 lumbus

2093 570 2187 622 καὶ
2220 568 2349 638 περὶ
2388 568 2497 619 τῶν
2535 568 2623 620 ἐπ’
2655 568 2792 638 αὐτῇ
2823 564 3203 636 γενησομένων
3225 566 3338 627 τοῖς
3370 564 3694 632 Αἰγυπτίοις

2092 660 2310 730 ἀγαθῶν
2345 659 2631 725 θεσπίσαν,
2670 660 2739 713 τὰ
2794 658 3137 732 παραχρῆμα
3194 656 3454 728 μέλλοντα
3496 657 3693 723 τέλους

2090 754 2379 823 τυγχάνειν
2415 752 2653 822 συνῆψεν
2678 769 2691 781 ·
2738 753 2827 805 ἵνα
2859 752 2968 804 ἀπὸ
2999 751 3098 821 τῆς
3136 750 3245 803 τῶν
3272 748 3557 823 παρόντων
3596 751 3692 803 ἐκ-

2091 847 2303 910 ϐάσεως
2332 848 2423 899 καὶ
2453 845 2522 899 τά
2558 847 2789 917 μακροῖς
2824 843 3049 915 ὕστερον
3081 842 3294 913 χρόνοις
3329 843 3589 913 μέλλοντα
3612 842 3698 911 γίο

2089 937 2277 990 νεσθαι
2314 934 2627 1005 πιστευθείη
2662 937 2774 998 τοῖς
2808 935 2929 987 τότε
2957 931 3261 1004 τηνικαῦτα
3288 932 3395 985 τῶν
3420 949 3689 1003 προφητι·

2089 1029 2202 1083 κῶν
2226 1030 2400 1098 λόγων
2432 1027 2783 1081 ἐπακούουσι,
2821 1027 2935 1080 Οὐκ
2977 1021 3045 1097 ἦν
3074 1020 3165 1079 οὖν
3192 1024 3409 1078 ἐναντία
3450 1024 3519 1077 τὰ
3550 1043 3692 1095 προ-

2090 1121 2319 1193 κειμενα
2339 1121 2449 1174 τῶν
2468 1119 2556 1173 διὰ
2584 1119 2691 1172 τῶν
2714 1118 3024 1190 ἔμπροσθεν
3047 1117 3537 1189 προφητευομένων
3561 1133 3576 1147 ·
3613 1116 3693 1170 τὰ

2093 1215 2191 1286 μὲν
2238 1214 2347 1284 γὰρ
2380 1215 2458 1276 εἰς
2488 1214 2613 1277 τοὺς
2662 1211 3178 1282 προφητευομένους
3231 1210 3456 1281 χρόνους
3477 1225 3490 1239 ·
3525 1209 3595 1262 τὰ
3626 1210 3691 1263 δὲ

2089 1308 2344 1380 περὶτῶν
2374 1306 2601 1376 ἔγγιστα
2629 1307 3010 1377 γενησομένων
3044 1303 3311 1373 ἀνεφῶνει

2166 1418 2185 1452 t
2212 1399 2324 1452 Kal
2372 1397 2891 1470 ἀναισχυνθήσονται
2930 1397 3255 1468 ἡττηθέντες
3298 1398 3349 1449 οἱ
3396 1396 3687 1465 Αἰγύπτιοι

2088 1494 2180 1546 ἐπὶ
2212 1495 2323 1556 τοῖς
2354 1491 2621 1561 Αἰθίοψιν,
2650 1493 2737 1561 ἐφ’
2775 1486 2857 1554 οἷς
2901 1486 3040 1561 ἦσαν
3075 1489 3393 1553 πεποιθότες
3434 1492 3483 1543 οἱ
3518 1488 3695 1558 Αἰγύο

2088 1602 2234 1637 πτιοι
2254 1601 2267 1614 ’
2311 1579 2450 1655 ἦσαν
2479 1582 2588 1654 γάρ
2619 1583 2801 1646 αὐτοῖς
2832 1581 2957 1648 δόξα
2980 1599 2994 1612 ·
3020 1601 3037 1633 ι
3096 1580 3455 1652 ἐρυθριῶντες
3491 1582 3575 1648 ἐφ’
3600 1577 3689 1643 οἷς
3714 1610 3715 1613 η

2087 1677 2351 1748 ἐθάρσουν
2383 1675 2476 1727 καὶ
2519 1672 2934 1727 ἐπεποίθεισαψ
2987 1672 3063 1737 ὡς
3109 1671 3540 1741 καταγινώσκειν
3581 1673 3689 1725 καὶ

2091 1766 2406 1839 μέμφεσθαι
2436 1767 2633 1829 αὐτοὺς
2659 1763 2906 1828 ἑαυτούς.

2169 1878 2187 1909 ι
2216 1859 2324 1913 Καὶ
2348 1858 2565 1929 ἐροῦσιν
2596 1859 2645 1911 οἱ
2694 1854 3077 1918 κατοικοῦντες
3116 1857 3173 1908 ἐν
3192 1856 3259 1926 τῇ
3289 1856 3437 1926 νήσῳ
3462 1855 3636 1929 ταύτῃ
3663 1872 3680 1886 ·

2109 1952 2242 2005 Ἰδοὺ
2272 1954 2436 2022 ἡμεῖς
2468 1946 2611 2022 ἦμεν
2644 1949 2963 2012 πεποιθότες
3009 1946 3105 2002 τοῦ
3135 1951 3328 2018 φυγεῖν
3370 1949 3450 2010 εἰς
3482 1949 3687 2011 αὐτοὺς

2086 2047 2167 2107 εἰς
2197 2044 2471 2116 βοήθειαν,
2498 2044 2548 2098 οἳ
2579 2045 2678 2098 οὐκ
2703 2043 2963 2114 ἠδύναντο
2998 2041 3234 2113 σωθῆναι
3277 2041 3385 2095 ἀπὸ
3412 2041 3683 2112 βασιλέως

2100 2137 2397 2211 Ἀσσυρίων
2420 2154 2434 2168 ·
2462 2138 2556 2192 καὶ
2592 2137 2706 2201 πῶς
2730 2140 2893 2208 ἡμεῖς
2926 2134 3289 2207 σωθησόμεθα
3314 2151 3329 2199 ;
3356 2154 3373 2187 ι

2601 2227 2998 2284 ΚΕΦΛΛΑΙΟΝ
3028 2230 3160 2281 KA'.

2167 2340 2185 2373 ‹
2211 2322 2281 2375 Τὸ
2337 2323 2519 2395 ὅραμα
2546 2323 2643 2394 τῆς
2688 2323 2915 2393 ἐρήμου.
2966 2320 3054 2384 Ὦς
3079 2318 3331 2387 καταιγὶς
3374 2318 3441 2371 δι’
3470 2317 3681 2389 ἐρήμου

2086 2405 2304 2480 διέλθοι,
2337 2413 2396 2479 ἐξ
2423 2414 2630 2487 ἐρήμου
2661 2412 2928 2485 ἐρχομένη
2959 2412 3024 2466 ὲκ
3048 2412 3151 2481 γῆς
3172 2425 3187 2440 ·
3221 2409 3449 2480 φοϐερὸν
3470 2409 3532 2461 τὸ
3548 2410 3682 2479 ὅρα-

2089 2526 2187 2579 μα,
2223 2509 2318 2563 καὶ
2346 2508 2581 2579 σκληρὸν
2614 2506 2888 2577 ἀνηγγέλη
2924 2523 3034 2578 μοι.
3078 2505 3137 2557 '0
3168 2502 3377 2557 ἀθετῶν
3424 2500 3625 2566 ἀθετεῖ,
3649 2504 3683 2555 ὁ

2086 2597 2306 2669 ἀνομῶν
2336 2598 2550 2668 ἀνομεῖ.
2614 2596 2732 2649 Ἐπ’
2764 2595 2886 2666 ἐμοὶ
2943 2594 2993 2646 οἱ
3031 2594 3312 2663 Ἑλαμῖται
3340 2591 3434 2644 καὶ
3461 2591 3511 2643 οἱ
3545 2589 3681 2661 πρέ-

2087 2691 2238 2753 σϐεις
2267 2688 2375 2743 τῶν
2410 2686 2635 2759 Περσῶν
2676 2686 2763 2739 ἐπ’
2796 2686 2895 2757 ἐμὲ
2930 2685 3198 2757 ἔρχονται.
3230 2703 3247 2735 ι
3286 2683 3496 2757 Πέρσαι
3523 2683 3678 2751 γοῦν,

2083 2783 2303 2854 Μήδους
2323 2782 2423 2835 οὐκ
2456 2782 2534 2845 εἰς
2565 2779 2781 2851 μακρὰν
2821 2778 3213 2849 διαδεξάμενοι,
3238 2777 3306 2830 τὰ
3328 2776 3554 2845 λείψανα
3579 2777 3681 2847 τῆς

2084 2874 2405 2938 Βαϐυλῶνος
2440 2871 2709 2927 καθεῖλον.
2736 2870 2976 2933 Εἰκότως
3002 2866 3095 2923 οὖν
3117 2870 3244 2941 περὶ
3271 2868 3588 2931 Βαϐυλῶνος
3606 2868 3678 2921 τὰ

2083 2968 2357 3039 πολεμικὰ
2387 2965 2638 3037 εἰρῆσθαι
2671 2962 2931 3035 ἡγοῦμαι.
2962 2963 3026 3015 Τί
3060 2962 3118 3015 δέ
3176 2960 3422 3032 βούλεται
3464 2960 3492 3011 ὁ
3518 2958 3679 3027 λόγος

2084 3062 2334 3130 φάσκων,
2372 3058 2487 3111 «Τὸ
2532 3059 2714 3128 ὅραμα
2766 3055 2870 3125 τῆς
2918 3056 3213 3127 ἐρήμους»
3264 3050 3544 3106 Ἐντεῦθεν
3571 3050 3675 3121 ἤδη

2006 3186 2051 3245 C
2086 3151 2380 3204 Βαϐυλῶνα
2423 3148 2628 3221 έρημον
2660 3146 2914 3217 ὀνομάζει
2943 3146 3031 3200 διὰ
3061 3147 3129 3199 τὰ
3157 3144 3517 3199 θεσπισθέντα
3544 3144 3676 3215 περὶ

2083 3245 2185 3315 τῆς
2218 3243 2452 3317 ἐρημίας
2480 3242 2671 3311 αὐτῆς.
2704 3240 2793 3292 Διὸ
2821 3241 2884 3292 ἐκ
2921 3238 3211 3310 προσώπου
3238 3238 3336 3308 τῆς
3360 3236 3678 3298 Βαϐυλῶνος

2083 3336 2254 3406 αὐτῆς
2281 3332 2433 3406 οἶμαι
2459 3333 2633 3388 ταῦτα
2660 3331 2930 3401 λέγεσθαι,
2962 3332 3038 3395 ὡς
3062 3332 3142 3395 εἰς
3164 3331 3332 3402 ἀκοὴν
3370 3327 3679 3400 παραδεξα-

2087 3429 2254 3499 μένης
2274 3430 2341 3482 τὰ
2373 3427 2635 3499 μέλλοντα
2661 3426 2797 3496 αὐτῇ
2828 3423 3038 3477 ἐπιέναι
3070 3422 3236 3487 κακὰ,
3273 3421 3572 3493 εὐχομένης
3612 3436 3676 3472 τε

2082 3518 2372 3591 παρελθεῖν
2395 3517 2494 3589 τὴν
2526 3516 2714 3587 ἀκοήν,
2750 3516 2845 3567 καὶ
2881 3513 2953 3587 μὴ
2984 3514 3237 3584 γενέσθαι
3262 3513 3332 3566 τὰ
3362 3509 3676 3584 προσδοκῶ-

2086 3631 2245 3685 μενα.

2158 3728 2176 3760 ι
2196 3707 2310 3761 Νῦν
2340 3705 2581 3771 στενάξω
2613 3705 2707 3759 καὶ
2740 3701 3109 3775 παρακαλέσω
3130 3700 3385 3770 ἐμαυτόν,
3420 3698 3517 3752 Διὰ
3550 3697 3676 3751 τοῦ-

2080 3815 2141 3850 το
2170 3794 2476 3867 ἐνεπλήσθη
2506 3797 2540 3866 ή
2564 3794 2736 3864 ὀσφύς
2769 3811 2869 3865 μου
2896 3790 3186 3853 ἐκλύσεως,
3211 3789 3305 3843 καὶ
3338 3789 3523 3852 ὠδῖνες
3546 3788 3674 3845 ελα-

2082 3890 2173 3943 ϐόν
2209 3906 2275 3960 με
2306 3889 2381 3951 ὡς
2431 3888 2739 3941 τίκτουσαν.
2767 3907 2785 3938 ι
2828 3885 2966 3938 Ἀλλ’
2992 3884 3067 3947 ὡς
3100 3884 3243 3937 ἔοικε
3283 3883 3379 3937 νῦν
3414 3882 3671 3949 στενάξω,

2078 3981 2215 4049 ὅπερ
2252 3978 2515 4048 πρότερον
2551 3977 2652 4029 οὐκ
2678 3976 2967 4048 ἔπραττον,
3007 3974 3356 4044 ὑπερήφανος
3385 3968 3539 4034 οὖσα.
3577 3974 3675 4027 καὶ

2078 4070 2186 4123 τῶν
2214 4066 2415 4121 λοιπῶν
2468 4065 2635 4120 ἐθνῶν
2679 4063 3119 4134 κατεπαιρομένη
3147 4080 3161 4093 ·
3215 4064 3291 4126 ὡς
3328 4064 3533 4135 ἑτέροις
3574 4066 3675 4135 ἐμ-

2081 4163 2255 4215 ποιεῖν
2279 4157 2634 4229 στεναγμούς.
2677 4155 2790 4208 Νῦν
2821 4154 2878 4207 δὲ
2913 4154 3051 4224 αὐτὴ
3081 4153 3190 4222 ἐγὼ
3220 4152 3497 4216 Βαϐυλὼν,
3526 4154 3621 4207 καὶ
3643 4156 3675 4206 ό

2082 4256 2139 4306 ἐν
2172 4252 2293 4322 ἐμοὶ
2313 4249 2462 4313 λαὸς,
2498 4249 2655 4303 στενά
2668 4246 2760 4312 ξω,
2793 4246 2886 4302 καὶ
2915 4245 3278 4319 παρακαλέσω
3308 4246 3550 4317 ἐμαυτὴν
3582 4245 3672 4299 διὰ

2079 4343 2172 4398 τοῦ
2200 4340 2510 4413 στεναγμοῦ
2531 4358 2545 4372 ο
2572 4340 2759 4409 ἐπειδὴ
2778 4338 3062 4411 καθήψατό
3116 4355 3215 4408 μου
3238 4339 3269 4408 ή
3301 4338 3430 4410 περὶ
3454 4337 3563 4389 τῶν
3591 4336 3675 4389 λε-

2080 4434 2315 4505 χθέντων
2334 4426 2662 4502 ἀγγελία,ἦς
2674 4431 2835 4486 ἕνεκα
2864 4426 3104 4501 ἐπλήσθη
3136 4430 3168 4500 ἡ
3193 4426 3363 4497 ὀσφύς
3388 4445 3489 4499 μου
3513 4427 3673 4480 ἐκλύ-

392 4534 551 4573 meus
587 4515 875 4577 solutione,
919 4516 1009 4583 qui
1060 4514 1190 4569 olim
1249 4514 1575 4584 prmeinctus
1639 4522 1760 4568 erat
1792 4523 1849 4568 et
1896 4515 1974 4566 la-

2093 4543 2221 4586 πεως
2271 4524 2437 4579 πάλαι
2472 4522 2881 4593 κατεσφιγμένη
2945 4522 3039 4574 καὶ
3067 4519 3480 4591 νεανιευομένηο
3508 4519 3670 4589 ὀδύνη

398 4609 684 4665 sciviebat.
716 4606 877 4659 Dolor
904 4607 1033 4659 item
1073 4616 1127 4659 ct
1157 4605 1371 4659 labores
1403 4618 1490 4657 me
1514 4611 1876 4671 occuparunt,
1903 4603 1974 4656 ita

396 4714 457 4757 ut
490 4716 591 4771 ego
623 4700 883 4769 Babylon,
919 4698 1046 4753 olim
1094 4698 1311 4752 caeteris
1342 4695 1620 4759 terribilis,
1658 4695 1789 4750 nihil
1819 4694 1976 4749 diffe-

396 4812 513 4850 ram
544 4810 574 4848 a
612 4793 837 4847 muliere
890 4791 1155 4861 pariente.
1205 4788 1330 4843 Hzec
1373 4803 1535 4858 porro
1582 4788 1711 4842 mihi
1757 4789 1973 4842 accide-

395 4898 544 4951 runt,
583 4887 711 4957 quia
763 4886 939 4939 fateor
972 4898 1059 4937 me
1098 4882 1283 4951 inique
1318 4881 1519 4949 egisse,
1551 4894 1672 4934 cum
1704 4879 1973 4933 neminem

396 4976 974 5034 commonefacientem
1002 4988 1089 5028 me
1122 4973 1389 5034 audirem,
1428 4979 1481 5025 et
1510 4987 1633 5026 cum
1671 4972 1799 5025 mihi
1832 4986 1976 5025 eum:

396 5082 560 5135 esset,
602 5081 659 5123 ut
689 5079 895 5123 rectum
922 5067 1057 5121 nihil
1089 5066 1409 5137 aspicerem.
1448 5064 1651 5131 Quare,
1686 5065 1785 5129 ait,
1834 5080 1978 5118 nunc

395 5162 707 5217 confitendo
742 5161 885 5215 dico.

467 5252 635 5309 Vsus.
671 5253 728 5307 4.
775 5270 793 5304 ι
828 5251 1013 5322 Inique
1054 5249 1164 5321 egi,
1205 5254 1346 5318 quod
1401 5262 1509 5302 non
1558 5247 1798 5303 viderem
1829 5266 1843 5302 :
1879 5264 1975 5303 cor

398 5362 577 5400 meum
629 5355 802 5411 errat,
849 5344 1113 5413 iniquitas
1161 5357 1283 5395 mea
1324 5340 1589 5410 demergit
1636 5355 1764 5394 me:
1795 5340 1974 5393 anima

398 5454 515 5493 mea
548 5438 601 5493 in
634 5447 784 5492 metu
813 5447 1082 5491 versatur.
1110 5454 1129 5487 ι
1163 5432 1290 5488 llaec
1319 5447 1453 5487 sane
1489 5441 1620 5502 puto
1654 5448 1683 5485 a
1711 5431 1973 5501 propheta

396 5531 536 5585 dicta
592 5528 781 5593 fuisse,
840 5527 1134 5599 Babylonis
1189 5540 1476 5597 personam
1530 5533 1869 5591 assumente,
1923 5534 1978 5577 et

395 5622 549 5692 quasi
583 5622 848 5691 ejusdem,
885 5620 1209 5691 sive-gentis
1255 5618 1502 5674 eamdem
1553 5616 1841 5673 incolentis
1879 5631 1976 5671 no-

394 5718 543 5772 mine
583 5716 697 5770 hate
722 5714 866 5770 dicta
904 5712 1160 5783 proferri.

475 5806 720 5865 \"t:ns.‘5.
789 5824 807 5857 ‹
840 5804 1089 5874 Pra-para
1151 5818 1419 5873 mensam,
1460 5804 1751 5872 comedite,
1770 5808 1974 5876 bibite;

2078 4635 2137 4670 τε
2170 4617 2265 4671 καὶ
2316 4615 2467 4668 πόνοι
2499 4613 2799 4669 κατέλαϐόν
2836 4630 2923 4684 με,
2977 4614 3052 4677 ὡς
3088 4613 3255 4684 μηδὲν
3294 4612 3573 4684 διαφέρειν
3600 4630 3669 4683 με

2078 4710 2176 4782 τὴν
2202 4708 2519 4773 Βαϐυλῶνα,
2552 4708 2651 4779 τὴν
2679 4707 2845 4760 πάλαι
2865 4706 3071 4778 ἑτέροις
3092 4702 3255 4760 οὖσαν
3286 4704 3542 4778 φοϐερὰν,
3572 4721 3671 4774 γυ-

2080 4798 2268 4861 ναικὸς
2286 4796 2595 4866 τικτούσης.
2626 4795 2810 4849 Ταῦτα
2838 4796 2895 4849 δέ
2932 4814 3020 4867 μοι
3063 4794 3428 4866 συμϐέϐηκεν,
3460 4796 3673 4867 ἐπειδή-

2081 4907 2183 4961 περ
2204 4888 2448 4959 ὁμολογῶ
2470 4888 2809 4959 ήδικηκέναι,
2835 4888 2920 4940 ὅτε
2943 4888 3165 4959 μηδενὸς
3188 4889 3383 4959 ήκουον
3402 4888 3511 4942 τῶν
3528 4906 3671 4961 παρ‹

2079 4980 2372 5034 αινούντων
2403 4998 2514 5051 μοι,
2548 4981 2641 5032 καὶ
2690 4981 2778 5033 ὅτε
2812 4980 3047 5048 σπουδὴν
3071 4979 3368 5052 ἐποιούμην
3393 4981 3555 5052 μηδὲν
3574 4981 3671 5055 ὀρ·

2080 5071 2171 5125 θὸν
2206 5072 2445 5143 βλέπειν.
2474 5071 2584 5135 Διὸ,
2622 5072 2774 5141 φησὶ,
2809 5070 2904 5123 νῦν
2936 5070 3400 5143 ἐξομολογουμένη
3439 5071 3604 5144 φημί·

2156 5270 2175 5302 ι
2196 5251 2461 5324 Ἠδίκησα
2479 5250 2572 5305 τοῦ
2600 5251 2673 5322 μὴ
2700 5250 2945 5321 βλέπειν⁸
2972 5250 3294 5322 πλανᾶταιή
3321 5252 3519 5324 καρδία
3542 5269 3669 5324 μου,

2081 5346 2173 5397 καὶ
2207 5345 2467 5416 ήάνομία
2502 5362 2603 5415 μου
2644 5342 2893 5414 βαπτίζει
2928 5359 2993 5414 με
3015 5359 3028 5373 ο
3062 5344 3095 5414 ἡ
3124 5342 3269 5415 ψυχή
3304 5362 3407 5415 μου
3438 5344 3669 5416 ἐφέστη-

2079 5453 2175 5489 κεν
2194 5438 2272 5500 sic;
2296 5436 2474 5505 φόϐον.
2512 5455 2529 5486 ι
2563 5435 2748 5489 Ταῦτα
2777 5435 2873 5506 μὲν
2899 5430 3052 5505 οἶμαι
3077 5434 3327 5505 λελέχθαι
3348 5436 3425 5507 τῷ
3452 5438 3669 5509 προς-ἠ-

2078 5543 2168 5600 τῃ,
2200 5526 2632 5599 προσωποιοῦντι
2686 5527 2783 5599 τὴν
2808 5524 3123 5590 Βαϐυλῶνα,
3147 5527 3243 5578 καὶ
3296 5526 3371 5591 ῶς
3394 5526 3452 5593 ἐξ
3475 5528 3666 5599 αύτῆς,

2078 5621 2111 5692 ἢ
2142 5620 2236 5673 καὶ
2270 5618 2362 5673 τοῦ
2402 5621 2460 5671 ἐν
2495 5622 2634 5691 αὐτῇ
2674 5618 3053 5681 κατοικοῦντος
3093 5616 3280 5683 ἔθνους
3311 5618 3379 5673 τὰ
3401 5620 3667 5691 εἰρημένα

2078 5713 2459 5785 προέρχεσθαι.

2154 5804 2511 5873 «Ἑτοίμασον
2564 5804 2663 5876 τὴν
2708 5805 3007 5877 τράπεζαν,
3059 5808 3282 5878 φάγετε,
3336 5806 3669 5862 πίετε’άναο
