3984 6508
281 467 389 522 εει

1242 446 1764 526 ἀοιιιιΕΝΤΑειιΑ
1808 470 1871 525 IN
1913 470 2171 528 lSAlAM.
2213 503 2278 514 —
2316 473 2469 528 car.
2514 472 2654 528 χχι.

3469 474 3578 528 262

279 583 543 648 στάντες,
574 584 626 638 οἱ
660 584 1299 656 ἄρχοντες,άνασπάσατε
1331 589 1576 660 θυρεούς.
1601 609 1618 640 ι
1651 590 1725 642 Τὸ
1760 607 1873 661 προ

2001 601 2320 663 surgentes.
2359 593 2656 663 principes,
2677 594 2899 663 arripite
2921 593 3161 663 clypeos.
3192 613 3212 647 ι
3237 593 3439 657 Medos,
3459 594 3578 648 Ela-

277 676 526 745 φητικὸν
561 675 782 746 πνεῦμα
823 677 957 750 πρὸς
981 679 1108 741 τοὺς
1139 679 1354 750 Μήδους
1381 682 1474 734 καὶ
1501 683 1627 745 τοὺς
1668 681 1887 752 Ἐλαμί-

273 783 402 830 τας,
430 767 531 820 καὶ
561 768 699 838 πρὸς
719 768 845 831 τοὺς
868 768 1124 838 πρέσϐεις
1144 769 1250 822 τῶν
1277 771 1502 840 Περσῶν
1523 772 1882 836 ἀποτείνεται,

272 857 558 931 διεγεῖρον
609 861 704 913 καὶ
736 860 1034 931 παρορμῶν
1065 862 1260 925 αὐτοὺς
1287 863 1379 915 ἐπὶ
1405 863 1496 914 τὸν
1534 864 1672 917 κατά
1705 865 1883 919 Βαϐυ-

272 949 500 1005 λωνίων
525 952 782 1023 πόλεμον.
824 953 916 1005 Διὸ
944 953 1020 1016 ὡς
1049 953 1185 1023 πρὸς
1215 954 1411 1018 αὐτούς
1436 972 1600 1026 φησιν
1621 973 1634 986 ο
1671 977 1688 1008 ι
1713 958 1883 1010 Ἱιτοί-

273 1059 467 1112 ματ-ον
490 1043 592 1115 τὴν
621 1044 924 1116 τράπεζαν,
956 1045 1182 1113 φάγετε,
1209 1065 1227 1096 ι
1268 1047 1361 1100 καὶ
1393 1047 1461 1100 τὰ
1491 1048 1637 1117 ἑξῆς.

354 1136 524 1190 «⁸οτι
565 1136 738 1200 οὕτως
762 1133 884 1190 εἷπε
914 1137 1119 1210 Κύριος
1152 1139 1289 1211 πρὸς
1321 1140 1388 1210 μέ
1409 1158 1423 1172 ·
1456 1141 1687 1205 Βαδίσας
1723 1159 1883 1197 σεαυ-

269 1223 358 1296 τῷ
393 1225 608 1295 στῆσον
655 1228 875 1292 σκοπὸν,
909 1230 1001 1283 καὶ
1025 1230 1054 1282 ὃ
1085 1231 1178 1285 ἐὰν
1204 1231 1340 1304 ἴδῃς,
1387 1232 1726 1302 ἀνάγγειλον.
1775 1237 1884 1288 Καὶ

270 1316 426 1373 εἶδον
461 1321 742 1385 ἀναϐάτας
786 1324 970 1386 ἱππεῖς
1023 1322 1134 1386 δύο,
1170 1324 1265 1377 καὶ
1295 1323 1574 1397 ἀναϐάτην
1612 1327 1755 1392 ὄνου,
1789 1328 1883 1380 καὶ

270 1411 568 1484 ἀναϐάτην
590 1413 856 1484 καμήλου.
913 1415 1204 1484 Ἀκρόασαι
1236 1416 1498 1486 ἀκρόασιν
1537 1418 1756 1490 πολλὴν,
1787 1421 1882 1474 καὶ

269 1504 521 1557 κάλεσον
547 1506 753 1576 Οὐρίαν
772 1507 852 1569 εἰς
881 1507 978 1577 τὴν
1001 1507 1252 1561 σκοπιάν.
1281 1529 1298 1559 ι
1328 1509 1538 1580 Σημεῖα
1552 1509 1730 1564 δὲκαὶ
1753 1511 1884 1582 σύμ-

269 1596 413 1649 ϐολα
442 1593 516 1668 ἦν
544 1597 716 1650 ταῦτα
746 1598 846 1669 τῆς
870 1598 978 1653 τῶν
1007 1599 1282 1670 πολεμίων
1313 1601 1692 1674 παρατάξεως,
1728 1597 1803 1658 ὧν
1831 1607 1878 1658 οἱ

274 1688 380 1758 μὲν
405 1688 502 1758 ἐφ’
535 1689 799 1759 ἁρμάτων
827 1689 1110 1760 ὀχούμενοι
1140 1691 1396 1762 ἐπῄεσαν,
1425 1695 1474 1747 οἱ
1502 1693 1560 1747 δέ
1589 1696 1680 1748 ἐπὶ
1713 1713 1877 1749 νωτο-

270 1779 492 1851 φόρων,
520 1779 592 1833 τὰ
622 1781 810 1834 δέοντα
845 1782 981 1853 πρὸς
1005 1783 1193 1854 χρείας
1224 1785 1569 1854 ἐπαγόμενοι.
1612 1806 1630 1837 ι
1653 1788 1877 1859 Ἀκρόα-

270 1889 364 1926 σαι
389 1873 664 1944 ἀκρόασιν
690 1873 912 1945 πολλὴν,
940 1874 1034 1928 καὶ
1057 1876 1286 1929 κάλεσον
1311 1877 1514 1949 Οὐρίαν
1533 1880 1614 1942 είς
1635 1881 1734 1950 τὴν
1756 1898 1880 1935 σκο·

1995 683 2183 748 mitas,
2206 693 2262 739 et
2293 682 2588 740 Persarum
2639 685 2849 754 legatos
2898 686 3189 755 compellat
3226 687 3575 755 propheticus

1993 777 2238 844 Spiritus,
2261 779 2509 832 excitans
2543 791 2637 831 eos
2666 779 2732 830 ad
2764 777 2962 831 bellum
2998 789 3191 833 contra
3221 778 3570 850 Babylonius.

1994 869 2176 935 Quare
2211 870 2367 937 quasi
2399 869 2465 923 ad
2506 869 2628 924 illos
2654 869 2785 924 talia
2821 869 2992 934 fatur,
3058 889 3078 922 ι
3123 871 3371 941 Praepara
3415 885 3575 925 men~

1993 975 2132 1025 sam,
2175 959 2468 1024 contcdite,
2503 978 2521 1010 ι
2549 970 2602 1014 et
2626 969 2850 1014 ca'tera.

2067 1144 2236 1200 Vens.
2273 1143 2394 1198 6-8.
2439 1145 2708 1211 Quoniam
2759 1145 2838 1199 sic
2884 1143 3024 1198 dixit
3054 1143 3310 1198 Dominus
3341 1145 3409 1197 ad
3461 1160 3568 1210 me,

1992 1238 2275 1293 Profectus
2303 1249 2482 1292 statue
2518 1238 2610 1292 tibi
2644 1237 3066 1306 speculatorem,
3099 1237 3312 1305 etquod
3344 1237 3572 1300 videris.

1992 1331 2268 1385 renuntia.
2303 1330 2370 1383 Et
2399 1329 2510 1383 vidi
2555 1344 2800 1384 sessores
2833 1330 3044 1398 equites
3091 1329 3249 1393 duos,
3297 1343 3570 1384 sessorem

1993 1423 2154 1488 asini,
2208 1432 2264 1478 et
2300 1438 2572 1478 sessorem
2633 1423 2855 1478 cameli.
2900 1422 3038 1477 Audi
3067 1421 3403 1478 auditionem
3435 1423 3574 1475 mul-

1992 1527 2124 1580 tam,
2160 1526 2217 1571 et
2249 1531 2384 1570 voca
2414 1515 2601 1570 Uriam
2641 1518 2706 1569 ad
2739 1515 3038 1584 speculam.
3065 1535 3083 1566 ι
3139 1513 3301 1585 Signa
3345 1529 3479 1568 vero
3517 1524 3574 1567 et

1990 1609 2236 1680 symbola
2269 1611 2387 1662 haec
2417 1619 2571 1661 erant
2611 1609 2748 1662 aciei
2790 1609 3160 1673 inimicorum,
3191 1623 3424 1679 quorum
3478 1607 3571 1661 alii

1990 1698 2242 1754 curribus
2269 1698 2408 1752 vecti
2443 1698 2748 1762 irruebant,
2807 1699 2898 1752 alii
2933 1698 3196 1766 jumenti‘s
3235 1699 3485 1754 sarcinas
3516 1706 3573 1752 et

1961 1800 2352 1846 commeatum
2388 1793 2646 1859 agebant.
2703 1810 2720 1840 ι
2752 1790 2890 1844 Audi
2932 1792 3263 1844 auditionem
3319 1790 3568 1852 multam,

1986 1895 2042 1940 et
2067 1899 2198 1938 voca
2247 1883 2431 1940 Uriam
2477 1885 2542 1938 ad
2595 1884 2953 1953 speculam”
3015 1884 3267 1938 videlicet
3301 1898 3445 1945 eam,
3503 1883 3571 1935 de

265 1965 432 2030 πιάν,
463 1986 481 2017 ι
517 1967 618 2037 τὴν
637 1967 967 2039 ῥηθήσεσθαι
999 1969 1300 2038 μέλλουσαν
1316 1971 1526 2037 ἔπειτα,
1558 1972 1710 2044 ῆτὴν
1736 1974 1873 2028 λέαι-

1986 1998 2091 2052 qua
2116 1991 2306 2050 postea
2333 1995 2536 2046 sermo,
2571 1983 2685 2035 sive
2711 1980 2959 2044 leaenam,
3004 1980 3120 2035 sive
3157 1978 3302 2033 Ariel
3363 1993 3564 2041 evoca;

266 2075 390 2120 ναν,
426 2059 463 2129 ἢ
521 2059 615 2112 τὸν
659 2060 846 2132 Ἀριὴλ
900 2061 1149 2126 κάλεσαι,
1205 2063 1354 2127 ὅπως
1399 2065 1493 2118 καὶ
1517 2066 1680 2129 αὐτὸς
1707 2065 1877 2121 ἐλθὼν

265 2147 379 2201 ὐπὸ
410 2149 512 2201 τοῦ
544 2148 748 2202 σκοποῦ
777 2150 1018 2224 θεαθείη,
1061 2153 1155 2206 τοῦ
1188 2156 1468 2226 προφήτου
1500 2154 1616 2226 ἅμα
1649 2156 1727 2226 τῷ
1753 2175 1880 2211 σκο-

266 2241 356 2312 πῷ
388 2241 695 2312 θεωμένου.
740 2243 799 2296 Ὀ
836 2244 895 2298 δέ
929 2246 1209 2316 σημαίνων
1250 2247 1398 2315 λέγει
1425 2245 1493 2300 τὰ
1537 2247 1681 2318 ἑξῆς.
1716 2244 1881 2319 Οἶμαι

263 2333 355 2387 διὰ
374 2335 593 2387 τούτων
620 2336 981 2406 σημαίνεσθαι
1006 2338 1107 2407 τῆς
1149 2340 1450 2412 Ἀσσυρίων
1475 2340 1752 2410 βασιλείας
1782 2342 1880 2411 τήν

267 2425 522 2496 παντελῆ
554 2425 872 2498 καθαίρεσιν
902 2428 1038 2481 Θεοῦ
1083 2430 1262 2500 κρίσει
1287 2431 1605 2503 γενομένην.
1656 2434 1800 2486 Ἀντὶ
1825 2433 1880 2486 δέ

262 2519 384 2582 τοῦ,
422 2539 440 2569 ι
468 2520 697 2591 Οὐρίαν,
726 2541 743 2570 ι
782 2522 810 2572 6
839 2522 937 2592 μὲν
975 2522 1222 2587 Ἀκύλας,
1262 2543 1279 2573 ι
1308 2523 1518 2589 λέοντα,
1553 2545 1571 2576 ι
1604 2528 1631 2578 6
1651 2525 1708 2579 δέ
1737 2527 1880 2598 Σύμ-

276 2629 480 2681 μαχος,
529 2629 547 2661 ι
589 2611 826 2675 λέαιναν,
851 2633 868 2664 ι
907 2616 935 2667 6
973 2614 1029 2666 δέ
1073 2615 1385 2680 Θεοδοτίων,
1443 2635 1462 2667 ι
1486 2616 1690 2688 Ἀριὴλ,
1719 2639 1738 2668 ι
1790 2619 1877 2685 ἐξ-

272 2700 506 2756 ἔδωκεν.
543 2704 731 2766 Οὐδεὶς
760 2706 937 2761 τοίνυν
969 2706 1170 2778 Οὐρίαν
1194 2708 1474 2778 ὠνόμασεν
1493 2726 1508 2740 ·
1537 2711 1658 2763 ἐπεὶ
1699 2711 1819 2764 οὐδὲ
1843 2714 1876 2784 ή

281 2794 555 2866 Ἐϐραῖκὴ
581 2798 733 2868 φωνὴ
756 2798 1132 2869 ἐμνημόνευσε
1162 2799 1256 2851 τοῦ
1289 2801 1482 2870 Οὐρία.

344 2907 363 2938 ι
389 2888 505 2941 Καὶ
539 2884 722 2943 εἶπεν·
755 2891 918 2960 ἔστην
951 2891 1245 2954 διαπαντὸς
1271 2893 1504 2964 ἡμέρας,
1534 2895 1629 2946 καὶ
1662 2895 1754 2947 ἐπὶ
1777 2896 1876 2967 τῆς

273 2979 634 3052 παρεμϐολῆς
655 2981 817 3052 ἔστην
847 2981 974 3053 ὃλην
1011 2983 1110 3054 τήν
1149 2986 1338 3039 νύκτα.
1366 3004 1384 3036 ι
1419 2987 1675 3060 Είστήκει
1696 2989 1875 3044 τοίνυν

273 3075 369 3127 καὶ
396 3075 427 3126 ὀ
457 3075 747 3145 προφήτης
778 3076 894 3146 ἅμα
912 3075 991 3147 τῷ
1015 3078 1222 3148 σκοπῷ,
1260 3082 1578 3153 καραδοκῶν
1614 3083 1712 3155 τὴν
1749 3084 1875 3154 μέλ-

273 3167 477 3223 λουσαν
509 3169 693 3232 αὐτοῖς
747 3168 1083 3240 ὀφθήσεσθαι
1115 3170 1236 3240 ϐψιν
1289 3172 1382 3225 τοῦ
1417 3173 1629 3238 λέοντος
1661 3178 1754 3229 καὶ
1778 3177 1875 3247 τῆς

272 3262 516 3334 λεαίνης,
554 3264 586 3334 ἧ
614 3263 704 3317 τοῦ
755 3264 963 3336 Ἀριήλ.
1011 3267 1463 3338 Διακαρτερήσας
1495 3267 1552 3320 δὲ
1584 3269 1675 3321 τὸν
1696 3271 1872 3323 πάντα

272 3355 370 3425 τῆς
418 3354 634 3426 ἡμέρας
681 3357 775 3409 καὶ
813 3357 904 3410 τὸν
945 3356 1046 3426 τῆς
1099 3358 1292 3420 νυκτὸς
1336 3359 1546 3429 χρόνον,
1605 3361 1866 3430 ἐπιλέγειο

275 3466 294 3496 ι
326 3445 445 3498 Kal
484 3443 593 3498 ἰδοὺ
625 3445 788 3508 αὐτὸς
814 3444 1055 3516 ἔρχεται.
1086 3463 1104 3494 ι
1147 3445 1241 3508 Τίς
1271 3446 1328 3498 δὲ
1359 3438 1590 3518 οὗτος,ῆ
1628 3447 1869 3517 δηλονότι

283 3537 477 3611 Ἀριὴλ
521 3535 867 3609 ἐπιϐεϐηκὼς
917 3536 1199 3610 ξυνωρίδι;
1237 3539 1326 3591 Διό
1356 3556 1488 3610 φησι
1510 3556 1522 3569 ⁸
1567 3560 1585 3590 ι
1612 3541 1722 3593 Kal
1759 3540 1867 3594 ἰδοὺ

271 3632 439 3695 αὐτὸς
473 3631 691 3701 ἔρχεται
722 3631 816 3684 καὶ
849 3631 1127 3702 ἀναϐάτης
1154 3632 1462 3703 ξυνωρίδος.
1506 3652 1524 3685 ι
1548 3633 1643 3697 Τίς
1693 3634 1750 3687 δέ
1779 3627 1869 3687 οῦ-

271 3743 366 3789 τος
391 3726 504 3797 ἄρα
524 3721 615 3797 ἦν,
641 3726 674 3796 ἢ
703 3727 942 3798 τιμωρός
968 3745 1050 3791 τις
1090 3726 1338 3796 ἅγγελος,
1369 3728 1435 3781 δι’
1466 3721 1526 3780 οῦ
1554 3727 1622 3781 τὰ
1645 3729 1744 3800 τῆς
1772 3746 1869 3782 πο·-

270 3813 523 3888 λιορκίας
552 3817 652 3888 τῆς
706 3817 1024 3881 Βαϐυλῶνος
1052 3817 1239 3890 ἔμελλε
1296 3817 1665 3891 πληροῦσθαι;
1718 3820 1872 3891 Τάχα

274 3926 379 3962 που
415 3909 606 3980 Ἀριὴλ
657 3907 1079 3981 ὀνομαζόμενος,
1105 3911 1137 3982 ἣ
1184 3912 1276 3965 καὶ
1309 3912 1471 3975 αὐτὸς
1501 3912 1706 3977 ἐκεῖνος
1733 3915 1762 3966 ὁ
1793 3914 1870 3977 ὡς

271 4001 412 4054 λέων
427 4000 760 4072 ὠρυόμενος,
789 4002 881 4055 καὶ
913 4004 1231 4072 περιπατῶν
1264 4003 1441 4075 ζητῶν
1462 4004 1584 4058 τίνα
1601 4005 1868 4077 καταπίῃ.

272 4093 384 4146 Kal
398 4092 464 4164 δὴ
490 4093 827 4164 θεασάμενος
847 4094 1006 4148 αὐτὸν
1031 4095 1059 4146 6
1090 4097 1394 4167 προφήτης,
1425 4095 1663 4148 συνεῖδεν
1692 4097 1768 4160 ὡς
1800 4114 1872 4149 τι-

276 4187 595 4258 μωρητικὸς
627 4185 702 4239 ῶν
729 4186 958 4256 ἄγγελος
988 4188 1087 4256 τὴν
1121 4189 1220 4258 τῆς
1249 4187 1568 4250 Βαϐυλῶνος
1593 4188 1868 4243 ἀπώλειαν

271 4277 600 4349 ἐργάζεται·
634 4278 715 4331 διὸ
757 4278 950 4350 ἐπιϐοᾷ
994 4277 1202 4346 λέγων’
1245 4297 1262 4328 ι
1290 4278 1576 4341 Πέπτωκε,
1613 4279 1869 4332 πέπτωκε

273 4367 556 4434 Βαϐυλὼν,
584 4369 680 4423 καὶ
709 4370 884 4424 πάντα
911 4369 979 4422 τὰ
1003 4369 1294 4439 ἀγάλματα
1321 4369 1512 4440 αὐτῆς,
1543 4371 1635 4423 καὶ
1663 4371 1731 4424 τὰ
1760 4389 1872 4441 χει-

1985 2084 2047 2128 ut
2079 2088 2136 2130 et
2172 2077 2289 2145 ipse
2315 2075 2544 2128 veniens
2568 2090 2596 2126 a
2631 2073 2971 2142 speculatore
2997 2073 3268 2135 videatur,
3303 2073 3567 2140 propheta

1987 2167 2115 2222 item
2155 2183 2280 2221 cum
2315 2166 2663 2236 speculatore
2698 2179 2802 2218 una
2856 2162 3250 2231 conspiciente.
3294 2163 3388 2216 llle
3437 2178 3568 2215 vero

1986 2260 2302 2328 speculator
2331 2273 2558 2311 mouens
2584 2257 2868 2326 sequentia
2909 2256 3062 2310 dicit.
3093 2253 3188 2308 llis
3227 2265 3405 2306 autem
3437 2264 3566 2322 putt;

1986 2351 2283 2422 significari
2312 2350 2661 2420 Assyriorum
2697 2364 2947 2416 regnum,
2977 2345 3181 2417 judicio
3216 2346 3305 2399 Dei
3327 2345 3568 2398 funditus

1984 2460 2261 2500 eversum.
2293 2441 2402 2498 Pro
2432 2443 2524 2495 illo
2553 2452 2756 2503 autem,
2791 2461 2809 2492 ι
2844 2439 3051 2505 Uriam,
3080 2459 3098 2490 ι
3153 2438 3371 2508 Aquila,
3405 2458 3423 2489 ι
3460 2437 3559 2491 lce-

1984 2551 2130 2600 nem,
2179 2555 2197 2588 ι
2252 2534 2637 2606 Symmachus,
2670 2552 2687 2584 ι
2726 2533 2977 2594 leaenam,
3013 2550 3029 2580 ι
3064 2529 3385 2593 Tlteodotio,
3436 2547 3454 2578 ι
3497 2530 3567 2580 A-

1985 2629 2105 2692 riel,
2135 2648 2154 2680 »
2183 2628 2372 2682 edidit.
2401 2625 2572 2680 Nemo
2603 2627 2768 2695 igitur
2807 2623 2990 2680 Uriam
3027 2623 3351 2678 memoravit
3381 2643 3392 2675 :
3433 2637 3568 2688 quo-

1981 2722 2128 2775 niam
2166 2734 2266 2774 nec
2291 2719 2555 2775 llebraica
2588 2736 2688 2774 vox
2720 2717 2906 2773 Uriant
2940 2718 3206 2770 nominat.

2053 2897 2219 2954 Vens.
2249 2898 2304 2952 9.
2347 2915 2365 2948 ι
2398 2896 2464 2950 Et
2487 2895 2665 2950 dixit:
2700 2895 2841 2950 Steti
2877 2903 2988 2950 tela
3020 2893 3127 2957 die,
3166 2901 3221 2945 et
3272 2890 3323 2943 in
3365 2888 3563 2943 castris

1979 2994 2104 3048 steti
2137 3001 2248 3047 tota
2280 3002 2459 3046 nocte.
2498 3010 2515 3041 ι
2550 2988 2715 3043 Stetit
2751 3003 2883 3056 ergo
2913 2985 3176 3057 pr0pheta
3219 2999 3342 3037 cum
3370 2996 3566 3048 specu-

1978 3082 2172 3147 latore,
2206 3093 2534 3151 exspectans
2569 3081 2806 3134 futuram
2838 3077 2984 3132 illam
3033 3077 3325 3138 visionem,
3362 3073 3562 3133 leonis,

1978 3175 2060 3230 vel
2097 3175 2299 3240 lemna»,
2330 3174 2416 3227 vel
2449 3172 2620 3227 Ariel.
2653 3170 2786 3226 Cum
2816 3180 3003 3224 autem
3055 3179 3167 3221 tuto
3219 3168 3326 3220 diei
3363 3175 3417 3218 et
3465 3181 3564 3218 no-

1977 3269 2082 3322 etis
2116 3278 2359 3336 tempore
2386 3265 2733 3335 perstitisset,
2770 3264 2976 3326 subdit,
3008 3281 3024 3312 ι
3067 3262 3126 3315 Et
3151 3275 3281 3315 ecce
3325 3261 3436 3326 ipse
3471 3272 3565 3308 ve-

1980 3359 2078 3413 nit.
2115 3378 2133 3409 »
2168 3357 2300 3423 Quis
2333 3357 2419 3410 ille
2455 3365 2634 3409 autem
2682 3363 2788 3418 est,
2830 3353 2936 3407 nisi
2971 3351 3119 3406 Ariel
3150 3351 3273 3420 biga
3325 3347 3562 3402 vectus?

1979 3453 2159 3518 Quare
2182 3451 2278 3513 ait,
2335 3467 2353 3500 ι
2388 3448 2452 3502 Et
2478 3462 2608 3502 ecce
2653 3448 2766 3516 ipse
2821 3445 2992 3508 venit,
3048 3456 3307 3497 ascensor
3345 3441 3501 3509 bigzn.
3535 3457 3558 3491 ι

1979 3542 2112 3610 Quis
2142 3557 2272 3595 vero
2299 3549 2417 3594 erat
2450 3539 2562 3602 ille,
2598 3539 2698 3592 nisi
2729 3537 2874 3592 ultor
2901 3535 3125 3605 quidam
3175 3531 3420 3601 angelus,
3459 3546 3559 3584 cu-

1973 3638 2064 3708 jus
2091 3652 2252 3706 opera
2283 3633 2573 3704 Babylonis
2602 3632 2817 3686 obsidio
2853 3627 3181 3699 perﬁcienda
3223 3625 3386 3680 erat?
3419 3621 3554 3676 For-

1981 3739 2125 3783 tasse
2161 3727 2305 3782 Ariel
2348 3726 2547 3780 dicitur
2575 3724 2660 3779 vel
2705 3723 2845 3776 idem
2879 3722 2994 3792 ipse
3028 3720 3120 3789 qui
3153 3717 3311 3788 quasi
3349 3716 3431 3771 leo
3470 3731 3565 3768 ru-

1978 3819 2134 3889 giens
2157 3818 2357 3872 circuit
2384 3828 2636 3885 qurerens
2670 3828 2833 3883 quem
2864 3815 3109 3866 devoret.
3171 3810 3235 3863 Et
3267 3823 3401 3863 sane
3432 3823 3563 3862 con-

1979 3920 2166 3979 specto
2211 3909 2324 3972 illo,
2356 3907 2622 3976 propheta
2656 3905 2928 3960 intellexit
2964 3921 3108 3967 eum,
3163 3912 3350 3972 utpote
3392 3915 3561 3970 ange-

1980 4002 2090 4056 lum
2126 4002 2380 4066 ultorem,
2406 3999 2700 4069 Babylonis
2745 3999 2970 4052 exitium
3015 4012 3353 4067 procurare:
3388 4007 3564 4063 quare

1977 4096 2250 4151 exclamat
2278 4094 2363 4148 his
2389 4092 2597 4152 verbis,
2630 4112 2648 4143 ι
2680 4092 2910 4153 Cecidit,
2944 4091 3143 4146 cecidit
3184 4086 3451 4157 Babylon,
3504 4096 3561 4139 et

1977 4188 2159 4243 omnia
2199 4185 2488 4239 simulacra
2531 4185 2670 4254 ejus,
2717 4194 2773 4237 et
2819 4182 3126 4236 manufacta
3171 4179 3288 4246 ejus
3320 4179 3559 4232 contrita

1979 4288 2107 4333 sunt
2157 4277 2209 4331 in
2271 4287 2496 4330 terram.
2547 4295 2566 4328 ι
2625 4274 2761 4328 Nam
2809 4274 2962 4342 quasi
2992 4273 3044 4328 id
3083 4272 3561 4342 perager-cjussus

1979 4381 2123 4426 esset
2156 4369 2332 4433 Ariel,
2377 4368 2523 4424 hanc
2550 4368 2757 4421 emittit
2788 4366 3054 4435 propheta
3087 4380 3273 4420 vocem
3300 4383 3311 4418 :

277 4465 544 4536 ροποίητα
572 4466 743 4537 αὐτῆς
766 4465 1053 4537 συνετρίϐη
1096 4467 1172 4528 είς
1213 4465 1313 4536 τὴν
1337 4465 1456 4535 γῆν.
1488 4485 1505 4516 ι
1548 4465 1637 4529 Ὠς
1683 4465 1793 4539 γὰρ
1853 4459 2028 4522 ταῦτα
2072 4465 2278 4538 πρᾶξαι
2317 4462 2740 4534 κεκελευσμένου
2782 4460 2876 4516 τοῦ
2911 4460 3118 4533 Ἀριὴλ,
3163 4460 3362 4530 ταύτην
3408 4459 3561 4530 ἠφίει

273 4561 371 4630 τὴν
399 4562 590 4632 φωνὴν
617 4562 646 4613 ὁ
679 4563 961 4632 προφήτης
990 4579 1009 4591 '

354 4676 370 4702 ι
397 4652 718 4716 Ἀκούσατε,
742 4654 790 4706 οἱ
812 4652 1296 4724 καταλελειμμένοι
1320 4654 1410 4707 καὶ
1442 4655 1493 4706 οἱ
1517 4653 1866 4725 ὀδυνώμενοι,

2051 4653 2216 4707 Vens.
2257 4647 2344 4701 l0.
2382 4663 2400 4697 ι
2433 4643 2631 4698 Audite
2666 4643 2761 4713 qui
2798 4642 3040 4698 derelicti
3070 4646 3226 4708 estis,
3254 4657 3306 4700 et
3326 4647 3430 4716 ,qui
3457 4646 3558 4701 do-

274 4746 571 4808 ἀκούσατε,
607 4745 643 4799 ἃ.
671 4745 880 4816 ἤκουσα
929 4743 1083 4816 παρὰ
1129 4746 1335 4818 Κυρίου
1377 4746 1629 4812 Σαϐεὼθ,
1664 4749 1692 4801 6
1731 4747 1862 4813 Θεὸς

275 4836 369 4891 τοῦ
414 4836 631 4908 Ἰσραήλ
679 4836 1000 4907 ἀνήγγειλεν
1043 4838 1190 4908 ἡμῖν.
1219 4856 1236 4887 ι
1275 4839 1341 4888 "A
1369 4838 1476 4908 γὰρ
1513 4840 1636 4909 ἐμοὶ
1658 4839 1866 4893 ἀπεκά-

277 4929 434 4999 λυψε,
454 4928 628 4982 ταῦτα
659 4929 755 4982 καὶ
784 4931 912 4999 ὑμῖν
933 4927 1190 4998 ἐξέφηνεν
1223 4930 1297 4992 ὼς
1324 4929 1387 4982 δι’
1407 4929 1689 5000 ἑρμηνέως
1704 4930 1860 5002 ἐμοῦ.

355 5042 374 5071 ι
401 5020 475 5073 Τὸ
497 5021 680 5091 ὅραμα
712 5019 812 5088 τῆς
852 5020 1170 5091 Ἰδουμαίας.
1201 5021 1346 5089 Πρὸς
1373 5022 1473 5090 ἐμὲ
1530 5022 1686 5076 κάλει
1715 5023 1867 5095 παρὰ

276 5114 369 5168 τοῦ
404 5114 589 5184 Σηείρ.
623 5113 929 5166 Φυλάσσετε
954 5114 1225 5179 ἐπάλξεις.
1253 5134 1271 5164 ›
1314 5116 1494 5167 Ἕοικε
1514 5115 1570 5167 δὲ
1599 5119 1712 5180 τοῖς
1742 5119 1867 5170 ἐαυ-

277 5207 371 5260 τοῦ
402 5206 698 5278 γνωρίμοις
735 5209 763 5258 6
791 5205 924 5267 Θεὸς
958 5209 1298 5276 προσφωνεῖν
1331 5205 1505 5291 λέγων
1524 5224 1537 5236 ο
1589 5227 1606 5258 ι
1634 5209 1778 5280 Πρὸς
1812 5211 1866 5262 ἐ-

282 5301 348 5370 μὲ
377 5299 532 5352 κάλει
590 5298 742 5368 παρὰ
771 5295 862 5349 τοῦ
897 5297 1091 5368 Σηείρο
1125 5317 1144 5348 ι
1190 5321 1206 5348 ι
1228 5300 1354 5362 τοὺς
1379 5319 1397 5349 ι
1438 5299 1548 5370 γὰρ
1593 5319 1611 5350 ‹
1638 5301 1866 5369 φεύγον-

277 5409 376 5455 τας
404 5390 557 5462 παρὰ
589 5389 684 5443 τοῦ
730 5390 917 5461 Σηεὶρ,
943 5409 963 5441 ι
1023 5387 1163 5442 κατά
1191 5390 1316 5454 τοὺς
1345 5390 1563 5454 λοιποὺς
1603 5394 1869 5464 ἑρμηνευ-

277 5484 397 5547 τάς,
437 5501 455 5533 ι
483 5482 621 5554 πρὸς
655 5481 756 5552 ἐμὲ
792 5482 968 5545 κάλει,
995 5502 1014 5533 ι
1049 5482 1233 5552 φησίν.
1264 5482 1431 5554 Σηεὶρ
1463 5483 1520 5536 δὲ
1545 5483 1788 5537 ἐκαλεῖτο
1809 5488 1867 5538 ἐν

277 5577 343 5646 τῇ
388 5572 619 5645 Ἀραϐίᾳ.
646 5573 771 5644 ὅρος
801 5571 896 5625 τοῦ
929 5571 1123 5635 Ἡσαῦ,
1166 5573 1225 5624 ἐν
1335 5573 1673 5643 συνειστήκει
1703 5572 1866 5627 αὐτοῦ

279 5665 348 5720 τὰ
383 5665 664 5736 βασίλειαο
692 5664 1020 5734 γνωρίζεται
1062 5663 1118 5716 δὲ
1171 5665 1282 5727 τοῖς
1343 5663 1657 5734 ἐπιχωρίοις
1702 5663 1868 5716 εἰσέτι

286 5762 373 5814 καὶ
395 5760 492 5814 νῦν
517 5759 662 5813 οὕτω
691 5756 1045 5828 καλούμενον.
1082 5755 1206 5818 Τοῖς
1233 5751 1327 5808 οὖν
1347 5755 1619 5825 ἀγωνιῶσι
1641 5754 1734 5808 τὸν
1761 5755 1871 5808 ἀπὸ

284 5851 384 5904 τῶν
430 5851 746 5923 Ἰδουμαίων
779 5850 941 5921 φόϐον
979 5849 1209 5919 φάσκει·
1239 5847 1384 5919 Πρὸς
1413 5847 1512 5918 ἐμὲ
1537 5847 1869 5912 σπουδάζον-

1976 4743 2101 4798 lctis
2127 4739 2330 4798 audite.
2364 4751 2486 4803 qua:
2525 4733 2706 4788 audivi
2757 4748 2787 4788 a
2841 4733 3072 4789 Domino
3100 4737 3366 4801 Sabaoth,
3415 4738 3560 4793 Deus

1975 4833 2140 4890 Israel
2173 4827 2517 4885 anmmtiavit
2543 4827 2718 4880 nobis.
2751 4844 2770 4878 ι
2812 4825 2942 4892 Quae
2995 4827 3140 4882 enim
3176 4828 3264 4882 ille
3299 4827 3560 4883 revelavit

1977 4927 2130 4991 mihi,
2164 4925 2355 4980 eadem
2388 4921 2540 4976 vobis
2571 4937 2656 4973 me
2693 4920 2995 4991 interprete
3026 4921 3350 4978 declaravit.

2053 5016 2213 5072 Vens.
2245 5017 2334 5071 ll.
2369 5032 2388 5066 ι
2420 5012 2568 5069 Visio
2598 5011 2868 5067 Idumam.
2913 5014 2992 5068 Ad
3033 5029 3120 5067 tne
3151 5029 3278 5067 voca
3308 5013 3376 5065 de
3412 5013 3557 5067 Seir.

1974 5110 2260 5167 Custodite
2290 5108 2720 5179 propugnacula,
2751 5127 2770 5160 ι
2812 5106 2984 5162 Notos
3018 5121 3148 5162 suos
3179 5105 3380 5171 alloqui
3413 5103 3559 5158 Deus

1974 5203 2307 5259 videtur‘his
2342 5201 2546 5267 verbis,
2599 5220 2618 5252 ι
2660 5201 2740 5254 Ad
2780 5215 2865 5253 me
2905 5214 3038 5254 voca
3081 5199 3147 5252 de
3173 5197 3331 5252 Seir:
3371 5217 3391 5250 ι
3430 5213 3554 5251 nam

1978 5315 1996 5348 ι
2032 5294 2302 5366 fugientes
2332 5295 2399 5347 de
2429 5293 2574 5356 Seir,
2608 5311 2626 5344 ι
2667 5293 2966 5346 secundum
2999 5289 3240 5359 reliquos
3285 5292 3557 5356 interpre-

1978 5399 2078 5453 tes,
2112 5407 2131 5439 ι
2165 5389 2230 5442 ad
2277 5402 2362 5442 me
2395 5402 2553 5452 voca,
2586 5405 2605 5438 ι
2646 5386 2846 5453 inquit.
2883 5385 3007 5439 Seir
3044 5393 3222 5438 autem
3256 5382 3556 5438 vocabatur

1976 5482 2029 5534 in
2060 5480 2260 5534 Arabia
2296 5493 2450 5532 mons
2486 5478 2645 5541 Esau,
2703 5478 2756 5532 in
2805 5492 2913 5544 quo
2963 5476 3150 5530 stabat
3193 5474 3309 5543 ejus
3364 5476 3556 5546 regia:

1978 5573 2249 5640 hodieque
2280 5583 2442 5626 notes
2478 5570 2671 5625 incolis
2699 5578 2782 5623 est
2825 5569 3014 5623 eodem
3065 5569 3286 5623 nomine
3313 5568 3558 5639 appella-

1977 5675 2086 5719 tus.
2130 5664 2200 5718 lis
2237 5665 2424 5733 itaque
2469 5678 2533 5716 cx
2574 5661 2825 5717 ldumzeis
2867 5661 2959 5732 qui
3009 5670 3156 5717 metu
3206 5661 3555 5729 laborabant,

1973 5759 2071 5821 ait,
2109 5775 2129 5808 ι
2160 5755 2240 5810 Ad
2260 5770 2345 5809 me
2371 5756 2690 5810 festinantes
2709 5755 2909 5820 venite,
2935 5765 2988 5810 et
3011 5771 3134 5808 cum
3162 5754 3229 5809 ad
3262 5768 3346 5809 Ine
3373 5766 3560 5810 acces~

1974 5848 2183 5914 sci-itis,
2227 5848 2490 5902 custodite
2524 5846 2926 5918 proliugnacula
2960 5853 3134 5903 vestra
3165 5861 3177 5898 :
3216 5863 3237 5896 ι

284 5961 368 6010 τες
400 5947 584 6017 ἥκετε,
622 5946 715 6002 καὶ
748 5950 874 6019 παρ’
907 5947 1029 6018 ἐμοὶ
1088 5943 1360 6016 γενόμενοι
1425 5942 1724 6013 φυλάσσετε
1774 5942 1868 6010 τὰς
1909 5945 2113 6000 ἑαυτῶν
2144 5942 2395 6008 ἐπάλξεις
2420 5959 2432 5972 ·
