3984 6506
252 444 364 536 ξίὸ

1187 449 1684 506 ΟΟΜΜΕΝΤΔΒΙᾹ
1725 449 1791 505 ΙΝ
1833 452 2087 508 ιεΑιΑΜ.
2129 486 2199 495 -
2235 455 2384 511 CAP.
2430 456 2603 510 XXII.

3407 463 3512 520 ειιο

255 579 380 618 σου.
421 581 442 616 ι
482 558 652 634 Οἶμαι
699 563 788 617 διὰ
820 562 1024 618 τούτων
1058 565 1147 618 τὸν
1176 565 1308 620 Θεὸν
1337 567 1436 638 τὴν
1459 567 1727 639 ἀποϐολὴν
1752 568 1835 622 τοῐ

1948 570 2065 638 ejus
2089 572 2306 626 ruinam
2336 573 2650 642 signiﬁcare
2684 577 2842 641 velie,
2885 575 3140 646 ipsosque
3168 579 3220 632 in
3255 579 3516 651 alienige-

264 656 493 727 Ἰσραὴλ
525 657 619 709 καὶ
646 657 744 728 τὴν
773 655 1006 728 ἐσχάτην
1033 657 1346 711 ἀπόπτωσιν
1380 661 1621 731 σημῆναι
1655 659 1838 729 βουλό-

255 763 448 816 μενον,
476 749 536 800 ἐν
567 747 647 818 τῷ
665 748 904 818 τάγματι
926 749 1031 801 τῶν
1047 749 1356 818 ἀλλοφύλων
1385 751 1580 814 αὐτοὺς
1607 751 1842 805 κατατά-

253 839 371 902 ξαι,
409 837 613 909 μέσους
641 839 1088 911 παραληφθέντας
1101 840 1200 911 τῆς
1231 840 1340 894 τῶν
1368 841 1680 912 ἀλλοφύλων
1699 844 1838 913 Γρα-

249 929 392 1000 φῆς.
425 929 586 983 Ἀλλά
615 930 708 984 καὶ
727 930 825 1002 τὴν
847 931 1054 984 πτῶσιν
1081 932 1182 1003 τῆς
1221 933 1569 1004 Ἰερουσαλὴμ
1600 933 1840 1005 ἠγοῦμαι

247 1019 579 1090 δηλοῦσθαι,
613 1020 702 1075 διὰ
731 1019 889 1074 τοῦτο
929 1021 1186 1091 φάραγγα
1228 1020 1367 1075 Σιὼν
1398 1022 1698 1093 ὀνομάζων.
1730 1023 1841 1076 Καὶ

246 1111 437 1176 ἄλλως
461 1111 521 1165 δὲ
561 1113 836 1184 μέμφεται
861 1114 892 1166 6
919 1113 1050 1176 Θεὸς
1071 1111 1162 1166 τοῦ
1204 1113 1470 1167 Ἰουδαίων
1503 1113 1690 1177 ἔθνους
1715 1115 1841 1178 τοὺς

245 1205 644 1269 ἀπο-πεσόντας
674 1204 768 1258 τοῦ
801 1205 966 1275 ὕψους
997 1205 1090 1261 τοῦ
1109 1205 1392 1270 θεοσεϐοῦς
1425 1206 1837 1278 πολιτεύματος,

247 1298 453 1370 ὥσπερ
490 1297 556 1368 δὴ
573 1299 632 1351 ἐν
660 1296 868 1351 κοιλάσι
900 1298 995 1351 καὶ
1021 1299 1078 1351 ἐν
1104 1297 1343 1370 φάραγξι
1387 1299 1482 1353 τοῦ
1514 1300 1613 1370 τῆς
1642 1300 1841 1364 κακίας

251 1388 428 1459 βυθοῦ
483 1388 1004 1453 καταπεπτωκότας.
1057 1389 1195 1443 Σιὼν
1254 1390 1352 1461 μὲν
1379 1390 1488 1462 γὰρ
1530 1391 1656 1463 ὅρος
1693 1393 1841 1446 ἐστὶν

248 1481 489 1552 ὑψηλὸν,
529 1481 616 1550 ἐφ’
645 1477 706 1535 οὗ
734 1483 764 1534 6
806 1479 943 1544 νεὼς
969 1481 1064 1535 τοῦ
1095 1481 1228 1534 Θεοῦ
1263 1482 1594 1553 ᾠκοδόμητοο
1622 1482 1704 1536 διδ
1753 1482 1841 1536 λέ-

246 1572 468 1628 λεκται·
505 1591 524 1624 ι
575 1572 691 1625 Ἐπ’
718 1571 843 1643 ὅρος
863 1571 1065 1643 ὑψηλὸν
1089 1573 1341 1644 ἀνάϐηθι,
1374 1575 1403 1627 6
1423 1574 1841 1646 εὐαγγελιζόμε-

247 1681 344 1728 νος
376 1663 536 1718 Σιών
595 1684 613 1716 ι
653 1666 768 1730 καὶ,
801 1684 822 1718 ι
868 1665 1311 1737 Προσεληλύθατε
1367 1666 1506 1720 Σιὼν
1557 1667 1694 1740 ὄρει,
1745 1669 1840 1724 καὶ

249 1759 412 1810 πόλει
442 1757 581 1811 Θεοῦ
609 1756 812 1822 ζῶντος
853 1757 1203 1830 Ἰερουσαλὴμ
1243 1760 1568 1831 ἐπουρανίῳ.
1612 1781 1634 1813 ι
1669 1762 1779 1815 Καὶ
1809 1763 1838 1814 6

248 1847 414 1918 λόγος
428 1849 488 1904 δὲ
514 1851 544 1904 6
576 1849 928 1919 εύαγγελικὺς
953 1851 1041 1904 διὰ
1068 1851 1159 1904 τοῦ
1183 1849 1318 1904 Σιὼν
1333 1850 1456 1922 ὅρος
1479 1851 1838 1923 σημαίνεσθαι

247 1941 342 1996 διὰ
369 1942 481 1995 τῶν
509 1942 818 2014 ἔμπροσθεν
847 1943 1210 1997 ἐπεδείκνυτο.
1243 1945 1307 1998 Oi
1349 1944 1406 1998 δὲ
1432 1944 1636 2016 ταύτης
1681 1947 1842 1998 ἐκπε-
1873 1932 1914 1988 Β

249 2035 442 2098 σοντες
456 2034 558 2104 τῆς
588 2034 801 2100 ἐλπίδος
821 2036 880 2088 ἐν
904 2036 1148 2107 φάραγγι
1167 2036 1542 2108 παρακειμένῃ
1573 2036 1670 2108 τῆς
1700 2036 1839 2090 Σιὼν

249 2127 603 2182 πεπτώκασι·
630 2127 792 2182 πάλιν
844 2129 952 2202 γὰρ
983 2131 1155 2202 ἀρετῇ
1185 2129 1353 2183 κακία
1385 2128 1711 2200 παρέπεται,
1760 2131 1840 2193 είς

247 2222 318 2288 ἢν
354 2220 621 2291 ἐμπίπτει
654 2224 683 2275 6
728 2223 825 2293 τῆς
858 2222 1061 2294 ἀρετῆς
1097 2221 1494 2287 ἐξολισθαίνων.
1527 2221 1682 2275 Οὕτω
1709 2221 1839 2287 γοῦν

249 2314 299 2364 οἱ
314 2312 417 2380 τῆς
454 2311 689 2376 Tristem;
720 2313 1183 2384 ἐξαμαρτάνοντες
1209 2315 1288 2377 είς
1302 2313 1559 2367 ἀπιστίαν
1585 2313 1839 2385 περιτρέ-

253 2419 468 2457 πονται.
505 2404 565 2456 ⁸0
583 2405 761 2457 τοίνυν
784 2405 849 2458 ἐκ
868 2405 1170 2476 περιτομῆς
1187 2405 1336 2469 λαὸς,
1361 2403 1454 2457 τοῦ
1479 2405 1838 2474 εύαγγελικοῦ

253 2494 423 2563 ῦοζους
485 2495 755 2556 ἐκπεσὼν,
804 2496 1028 2566 καὶτῆς
1073 2496 1396 2568 ἐπουρανίου
1429 2495 1566 2549 Σιὼν
1604 2496 1838 2550 ἀπαλλο-

252 2587 527 2658 τριωθεὶς,
569 2588 651 2651 εἰς
667 2588 760 2641 τὸν
796 2588 896 2658 τῆς
921 2588 1180 2652 ἀπιστίας
1208 2591 1546 2661 περιετράπη
1569 2589 1834 2663 κρημνόψ

251 2678 333 2732 διὸ
377 2679 472 2732 καὶ
499 2681 560 2732 ἐν
609 2678 924 2748 ἀλλοφύλοις
955 2678 1228 2750 ἐλογίσθη.
1265 2679 1426 2734 Ὅθεν
1463 2681 1496 2751 ή
1530 2679 1836 2756 προφητεία

250 2770 349 2842 τὴν
384 2771 627 2841 ἐσχάτην
655 2771 835 2825 αὐτῶν
874 2771 1146 2842 ἀποϐολὴν
1177 2771 1541 2843 αἰνιττομένη,
1571 2771 1632 2825 τὸ
1684 2771 1837 2842 ῥῆμα

252 2863 347 2933 τῆς
376 2862 662 2934 φάραγγος
694 2862 1016 2934 ἀνέγραψεν.
1063 2864 1213 2917 Ἐπεὶ
1242 2865 1315 2935 μή
1341 2865 1457 2916 ἐστι
1483 2863 1836 2934 προσωπολη-

252 2954 348 3024 diu.
395 2957 550 3027 παρά
578 2957 656 3028 τῷ
703 2956 842 3027 Θεῷ,
876 2956 1071 3010 τούτου
1107 2957 1268 3027 χάριν
1297 2958 1356 3010 ἐν
1381 2960 1490 3021 τοῖς
1538 2956 1678 3010 κατά
1726 2956 1835 3010 τῶν

254 3045 566 3114 ἀλλοφύλων
589 3045 825 3114 ἐλέγχοις
857 3045 1022 3115 μέσος
1046 3043 1378 3114 ἐμϐέϐληται
1408 3043 1500 3097 καὶ
1523 3044 1550 3096 6
1581 3043 1707 3113 περὶ
1736 3043 1834 3113 τῆς

257 3137 390 3191 Σιὼν
419 3137 600 3206 λόγος.
622 3137 713 3190 Διὸ
752 3137 846 3191 καὶ
873 3137 1000 3199 τοὺς
1029 3136 1127 3207 τῆς
1165 3134 1514 3206 Ἰερουσαλὴμ
1543 3135 1834 3206 οἰκήτορας

255 3229 444 3300 ὥσπερ
478 3232 536 3284 ἐν
564 3228 882 3299 ἀλλοφύλοις
905 3227 1228 3283 κατατάττει
1256 3229 1284 3281 ὁ
1299 3227 1452 3292 Θεὸς,
1479 3228 1571 3280 καὶ
1593 3226 1691 3298 τὴν
1711 3227 1830 3280 κατ’

255 3320 431 3373 αὐτῶν
458 3319 634 3390 προφέ
642 3335 726 3389 ρει
753 3319 949 3390 ψῆφον.

327 3430 350 3464 ι
404 3410 741 3482 Ἐνεπλήσθη
774 3413 808 3482 ὴ
840 3410 994 3475 πόλις
1020 3410 1284 3481 βοώντωνο
1304 3413 1352 3464 οί
1375 3411 1710 3482 τραυματίαι
1741 3429 1832 3465 σου

252 3503 315 3557 ού
330 3503 664 3574 τραυματίαι
683 3503 975 3574 μαχαίρας
989 3503 1093 3556 οὐδ’
1109 3505 1159 3557 οἱ
1171 3503 1352 3574 νεκροί
1368 3520 1459 3556 σου
1477 3503 1659 3575 νεκροὶ
1681 3502 1834 3555 πολέ-

257 3611 379 3664 μου.
421 3613 441 3646 ι
466 3593 698 3664 Θεωρῶν
717 3592 774 3645 δὲ
799 3595 828 3646 6
859 3594 1143 3664 προφήτης
1172 3593 1249 3664 τῷ
1271 3594 1539 3664 πνεύματι
1571 3593 1669 3658 τάς
1693 3593 1834 3646 κατά

253 3686 350 3740 τοῦ
401 3687 657 3757 Σωτῆρος
703 3685 832 3756 βοὰς
870 3685 1072 3752 αὐτῶν,
1106 3688 1200 3740 καὶ
1237 3688 1337 3750 τὰς
1372 3687 1564 3751 ἀθέους
1586 3688 1706 3740 κατ’
1732 3688 1832 3740 αύ-

256 3777 346 3832 τοῦ
401 3777 772 3849 βλασφημίας,
837 3777 903 3830 δι’
962 3776 1028 3842 ἃς
1082 3777 1500 3850 ἀπεϐλήθησαν,
1560 3779 1830 3850 ἐπιφέρει⁹

331 3977 351 4010 ι
406 3955 739 4027 Ἐνεπλήσθη
755 3956 790 4026 ἡ
813 3953 964 4018 πόλις
979 3952 1242 4023 βοώντων.
1270 3956 1476 4020 Πάντες
1505 3958 1552 4009 οἱ
1577 3957 1835 4028 ἄρχοντές

259 4067 350 4104 σου
393 4048 724 4118 πεφεύγασι,
760 4047 854 4099 καὶ
900 4047 948 4098 oi
989 4045 1206 4111 ἁλόντες
1260 4047 1509 4124 σκληρῶς
1560 4049 1833 4120 δεδεμένοι

257 4142 382 4206 εἰσὶ,
418 4143 512 4196 καὶ
534 4141 584 4194 οἱ
616 4139 888 4210 ἰσχύοντες
924 4141 981 4194 ἐν
1016 4141 1098 4194 σοὶ
1123 4140 1312 4212 πόρρω
1343 4142 1662 4211 πεφεύγασι.
1696 4162 1713 4192 ι
1745 4143 1835 4194 Διὸ

255 4235 435 4288 οὐκέτι
465 4231 607 4286 κατά
636 4232 697 4284 τὸ
729 4231 953 4284 παλαιὸν
987 4233 1114 4304 παρ’
1143 4233 1325 4295 αὐτοῖς
1350 4233 1412 4285 ού
1453 4231 1708 4302 βασιλεῖς,
1735 4233 1834 4304 οὐχ

257 4323 568 4399 ἡγούμενοι,
599 4326 700 4378 οὐκ
749 4326 1042 4398 ἀρχιερεῖς,
1096 4327 1158 4380 ού
1213 4326 1510 4396 προφῆται,
1561 4325 1674 4380 ἀλλ’
1714 4326 1833 4379 οὐδὲ

256 4423 558 4493 Φαρισαῖοι,
608 4417 731 4472 ούδέ
788 4418 1155 4482 Σαδδουκαῖοι,
1188 4417 1311 4470 ούδέ
1345 4418 1458 4472 ὅσοι
1506 4418 1568 4471 τὸ
1607 4419 1833 4472 παλαιὸν

256 4515 372 4577 ταῖς
407 4510 536 4582 παρ’
565 4510 746 4573 αὐτοῖς
777 4509 971 4578 ἀρχαῖς
999 4507 1304 4577 τετίμηντο.
1330 4505 1514 4560 Ταῦτα
1555 4505 1775 4559 συνιδὼν
1806 4508 1834 4558 6

257 4602 540 4672 προφήτης
565 4598 642 4670 τῷ
680 4596 970 4667 πνεύματι,
1013 4595 1108 4648 καὶ
1139 4595 1238 4667 τὴν
1270 4597 1335 4649 ἐκ
1371 4596 1627 4650 τοσούτου
1669 4595 1834 4665 ῦψους

257 4693 346 4746 ἐπὶ
394 4691 494 4763 τὴν
532 4690 768 4761 ἐσχάτην
800 4687 996 4742 κακίαν
1040 4687 1230 4758 ὥσπερ
1268 4687 1388 4740 τινὰ
1422 4689 1703 4760 φάραγγα,
1737 4687 1834 4759 τὴν

256 4783 462 4837 πτῶσιν
481 4780 574 4834 τοῦ
619 4779 888 4834 Ἰουδαίων
921 4777 1049 4832 λαοῦ
1067 4777 1466 4849 ἀπολοφύρεται
1497 4779 1690 4846 λέγων’

329 4980 348 5012 ι
385 4959 480 5012 Διὰ
510 4957 667 5012 τοῦτο
695 4952 843 5020 εἶπα,
875 4947 1071 5025 ’Ᾱφετέ
1108 4972 1196 5026 με,
1245 4953 1455 5024 πικρῶς
1503 4952 1828 5024 κλαύσομαι,

258 5053 332 5122 μὴ
389 5049 752 5120 κατισχύσητε
791 5049 1124 5119 παρακαλεῖν
1171 5064 1236 5117 με
1274 5047 1366 5100 ἐπὶ
1413 5045 1472 5098 τὸ
1517 5045 1828 5118 σύντριμμα

255 5147 351 5220 τῆς
397 5146 663 5217 θυγατρὸς
717 5144 809 5198 τοῦ
851 5144 1040 5212 γένους
1085 5160 1206 5213 μου.
1241 5162 1258 5193 ι
1309 5137 1437 5194 Οἶδα
1481 5140 1608 5211 γὰρ,
1645 5141 1828 5212 φησιν,

255 5238 520 5310 ἀκριϐῶς,
554 5237 648 5290 καὶ
677 5235 756 5306 τῷ
793 5234 1061 5305 πνεύματι
1097 5232 1337 5305 προορῶ,
1366 5233 1461 5285 καὶ
1481 5231 1570 5284 διά
1593 5231 1660 5284 τά
1695 5247 1831 5302 προ-

256 5330 513 5402 λεχθέντα
558 5328 759 5389 πάντα,
803 5328 897 5380 καὶ
928 5328 962 5398 ὴ
994 5326 1146 5390 πόλις
1178 5328 1210 5396 ἡ
1239 5324 1318 5396 τῷ
1345 5323 1464 5392 Θεῷ
1497 5323 1832 5393 ἀνακειμένη

255 5422 523 5477 ἁλώσεται
547 5462 563 5483 ,
594 5422 689 5475 καὶ
727 5421 921 5484 πάντες
946 5421 994 5473 οί
1033 5421 1090 5472 ἐν
1115 5420 1251 5489 αὐτῇ
1293 5419 1370 5480 είς
1416 5416 1592 5487 χαρὰν
1626 5415 1834 5487 ἐχθρῶν

258 5515 741 5586 παραδοθήσονται.
776 5512 973 5584 Διόπερ
1026 5510 1278 5564 ἐντεῦθεν
1333 5509 1435 5580 ἠδη
1468 5508 1834 5580 άποὸύρομαι,

259 5609 347 5662 καὶ
380 5607 570 5678 ὥσπερ
617 5607 709 5659 ἐπὶ
754 5605 993 5677 γνησίοις
1029 5603 1262 5674 ἐμαυτοῦ
1327 5601 1650 5673 σπλάγχνοις
1703 5601 1836 5654 ἀπο-

259 5699 532 5770 λιλαίομαι.

326 5906 347 5938 ³
373 5907 498 5961 lsai.
537 5920 622 5972 ita,
656 5905 708 5960 9.
786 5905 803 5934 ⁸
831 5902 992 5959 llebr.
1036 5918 1131 5969 xu,
1157 5903 1243 5953 22.

1943 676 2138 716 narum
2165 663 2354 717 ordine
2386 678 2688 732 reponere;
2719 681 2839 718 nam
2888 667 3046 722 medii
3087 668 3226 723 inter
3256 671 3514 740 alienige-

1944 765 2041 804 nas
2083 751 2135 805 in
2189 751 2470 822 Scriptura
2518 754 2792 808 locantur.
2845 755 2951 810 Sed
2991 761 3157 814 etiam
3202 771 3333 829 puto
3385 777 3509 816 eum

1945 842 2326 914 Hierosolyma:
2355 845 2567 900 ruinam
2587 846 2882 912 declarare,
2912 848 3138 919 ideoque
3162 854 3353 909 vallem
3382 853 3513 909 Sion

1943 935 2116 1002 ipsam
2167 950 2383 991 vocare.
2432 937 2687 1005 Alioquin
2743 953 2874 994 vero
2905 954 2936 994 e
2981 939 3288 997 Iudaeorum
3351 954 3515 1013 gente

1943 1027 2084 1084 Deus
2106 1043 2200 1085 eos
2225 1030 2497 1100 coarguit,
2521 1031 2613 1100 qui
2643 1046 2676 1085 a
2696 1031 2934 1101 religiosi
2967 1032 3199 1089 instituti
3233 1037 3514 1092 cacumine

1941 1119 2286 1185 deciderunt,
2310 1136 2410 1176 ceu
2447 1123 2501 1175 in
2539 1122 2708 1176 valles
2749 1132 2806 1178 et
2840 1123 3125 1194 voragines
3156 1125 3514 1194 profundissi-

1942 1225 2044 1265 tua:
2094 1210 2310 1266 malitia:
2359 1211 2584 1282 delapsi.
2613 1213 2824 1268 Etenim
2880 1212 3011 1268 Sion
3068 1229 3222 1270 mons
3256 1223 3337 1269 est
3373 1229 3512 1284 pra:-

1941 1300 2103 1368 altus,
2134 1302 2188 1355 in
2220 1317 2326 1372 quo
2356 1302 2612 1373 templum
2648 1303 2742 1357 Dei
2781 1304 3108 1358 :ediﬁcatum
3146 1313 3264 1358 erat
3294 1321 3308 1357 :
3340 1319 3512 1374 quare

1943 1393 2184 1448 dicitur:
2217 1411 2234 1444 ι
2266 1392 2442 1464 Super
2491 1403 2729 1450 montem
2792 1393 3064 1448 excelsum
3123 1395 3376 1462 ascende,
3419 1396 3510 1463 qui

1943 1485 2289 1554 evangelizas
2341 1485 2543 1551 Sion';
2575 1504 2593 1538 ι
2653 1496 2708 1540 et
2761 1503 2772 1536 :
2831 1486 3201 1542 «Accessistis
3260 1487 3328 1541 ad
3383 1485 3516 1542 Sion

1943 1586 2208 1642 mentem,
2243 1585 2298 1631 et
2345 1577 2618 1632 civitatem
2659 1579 2751 1634 Dei
2791 1577 3025 1632 viventis
3067 1576 3368 1642 Jerusalem
3396 1591 3514 1633 co:-

1942 1667 2138 1722 lestem
2159 1669 2199 1726 ⁸.
2229 1687 2248 1720 ι
2287 1669 2667 1740 Evangelicum
2709 1681 2891 1723 autem
2917 1684 3225 1726 sermonem
3253 1684 3350 1738 per
3383 1667 3515 1724 Sion

1944 1770 2183 1814 montem
2240 1760 2533 1831 signiﬁcari
2581 1761 2832 1830 superius
2880 1770 3365 1816 commonstratum
3409 1769 3515 1814 est.

1942 1853 2044 1920 Qui
2093 1867 2256 1922 porro
2290 1868 2356 1906 ex
2405 1853 2509 1908 hac
2541 1867 2635 1922 spe
2665 1853 2999 1917 deciderunt,
3031 1853 3089 1907 in
3117 1851 3314 1907 vallem
3363 1850 3515 1906 Sioni

1942 1942 2282 2011 adiacentem
2307 1943 2510 2013 delapsi
2543 1956 2670 1999 sunt
2707 1965 2718 1999 ;
2751 1959 2875 1998 nam
2924 1957 3114 1999 rursus
3145 1944 3399 1998 virtutem
3431 1958 3516 1997 se-

1941 2038 2128 2106 quitur
2169 2035 2395 2103 malitia,
2445 2038 2497 2091 in
2537 2052 2698 2106 quam
2731 2035 2935 2091 decidit
2975 2035 3068 2105 qui
3099 2049 3163 2090 ex
3197 2035 3398 2089 virtute
3424 2035 3517 2090 de-

1940 2129 2163 2185 labitur.
2189 2127 2281 2184 Sic
2312 2127 2476 2198 igitur
2508 2128 2599 2197 qni
2628 2140 2702 2182 “ex
2733 2125 2842 2182 ﬁde
2871 2125 3130 2182 aberrant
3169 2127 3234 2181 ad
3264 2127 3518 2181 incredu—

1940 2219 2146 2276 litatem
2190 2230 2498 2276 vertuntur.
2540 2221 2777 2291 Populus
2813 2223 3002 2292 itaque
3035 2234 3101 2276 ex
3143 2219 3516 2274 circumcisio-

1941 2326 2031 2377 ne,
2072 2328 2141 2367 οι
2195 2312 2514 2382 evangelico
2561 2314 2844 2369 cacumine
2891 2314 3090 2383 lapsus,
3125 2322 3181 2368 et
3228 2326 3258 2365 a
3305 2310 3515 2366 cmlcsu

1942 2404 2071 2460 Sion
2104 2405 2460 2470 abalienatus,
2493 2407 2546 2461 in
2571 2407 2935 2477 praecipitium
2964 2404 3365 2462 incredulitatis
3389 2419 3512 2458 cor-

1941 2497 2104 2552 ruit:
2147 2512 2318 2566 quare
2374 2497 2518 2552 inter
2594 2497 2930 2569 alienigenas
2995 2505 3296 2566 reputatur.
3360 2495 3516 2551 Unde

1939 2589 2222 2658 prophetia
2259 2599 2556 2660 extremam
2596 2604 2785 2645 eorum
2839 2589 3108 2658 repulsam
3158 2587 3512 2647 adumbratis,

1941 2679 2166 2734 verbum
2201 2679 2358 2735 Vallis
2389 2681 2700 2751 descripsit.
2732 2681 2867 2748 Quia
2901 2696 3029 2736 vero
3058 2695 3160 2734 non
3194 2688 3279 2734 est
3323 2691 3510 2746 perso—

1940 2785 2131 2825 narum
2179 2771 2423 2840 acceptio
2472 2772 2611 2841 apud
2657 2773 2862 2838 Deum,
2913 2772 3033 2826 ideo
3092 2771 3145 2825 in
3188 2769 3515 2839 alienigena-

1941 2876 2060 2914 rum
2102 2860 2615 2932 reprehensionibus
2647 2861 2859 2916 medius
2885 2861 2951 2916 de
2983 2860 3150 2916 Sione
3200 2873 3380 2914 sermo
3421 2858 3510 2910 in-

1937 2967 2117 3010 sertus
2153 2965 2257 3010 est.
2302 2953 2563 3021 Quocirca
2596 2953 2983 3025 Hierosolyma:
3010 2951 3238 3013 incolas,
3270 2951 3421 3020 quasi
3459 2951 3510 3003 iu

1938 3045 2261 3116 alienigenis
2309 3044 2451 3100 Deus
2498 3044 2801 3109 constituit,
2833 3043 3268 3112 sententiamque
3307 3041 3514 3110 proicrt
3611 3062 3618 3072 ι

1936 3141 2218 3195 adversum
2246 3138 2386 3194 illos.

2016 3393 2178 3451 Vens.
2206 3393 2260 3450 2.
2300 3412 2318 3446 ι
2348 3393 2574 3464 Repleta
2621 3404 2702 3450 est
2737 3404 2933 3449 οιινιιιιε
2966 3394 3326 3450 clamantibus
3357 3412 3368 3449 :
3402 3395 3517 3448 vnl-

1942 3487 2115 3541 nerati
2155 3487 2256 3552 ttti,
2288 3502 2396 3542 non
2435 3487 2701 3542 vulnerati
2742 3487 2952 3556 gladio;
2987 3501 3159 3554 neque
3182 3487 3378 3540 mortui
3415 3488 3516 3551 tui,

1941 3579 2140 3633 mortui
2171 3577 2332 3634 bello.
2359 3597 2379 3632 ι
2415 3577 2620 3649 Spiritu
2649 3581 2992 3648 conspicatus
3036 3579 3296 3649 propheta
3323 3593 3514 3634 eorum

1941 3682 2130 3727 contra
2187 3672 2529 3728 Salvatorem
2567 3673 2855 3737 clamores,
2905 3671 3207 3743 impiasque
3246 3673 3298 3727 in
3341 3674 3516 3743 ipsuut

1941 3765 2330 3835 hlasphemias,
2363 3779 2598 3836 quarum
2643 3779 2810 3820 causa
2841 3765 3024 3832 rcjecti
3065 3777 3215 3830 sunt.
3243 3765 3519 3836 subjungit

1942 3860 2074 3916 illud
2103 3875 2120 3914 :
2611 3864 2616 3868 ’

2014 3950 2174 4006 Vsus.
2208 3952 2260 4007 3.
2303 3971 2321 4004 ι
2352 3952 2570 4022 Repleta
2613 3959 2694 4007 est
2729 3951 2924 4006 civitas
2955 3951 3338 4007 clamantibus.
3388 3953 3518 4006 Um-

1943 4056 2038 4098 nes
2073 4043 2345 4112 principes
2383 4044 2459 4098 tui
2509 4042 2789 4112 fugerunt,
2819 4052 2876 4097 et
2920 4043 3061 4112 capti
3110 4044 3316 4097 duriter
3349 4042 3518 4096 vincti

1941 4145 2090 4199 sunt,
2119 4146 2174 4189 et
2201 4135 2290 4204 qui
2329 4143 2575 4204 potentes
2621 4145 2748 4190 sunt
2796 4135 2848 4188 in
2885 4144 2958 4200 te,
2986 4135 3144 4203 longe
3179 4134 3450 4202 fugerunt.
3489 4153 3508 4185 ι

1941 4225 2121 4291 Quare
2153 4239 2260 4278 non
2295 4225 2526 4292 amplius
2553 4233 2612 4278 ut
2651 4223 2954 4294 antiquitus
2980 4239 3154 4294 rcges,
3191 4239 3294 4278 non
3328 4225 3520 4286 duces,-

1943 4332 2050 4371 non
2085 4315 2420 4381 sacerdotes,
2450 4331 2556 4370 non
2603 4316 2883 4384 propheta:
2909 4315 3050 4385 apud
3082 4315 3199 4369 illos
3229 4325 3385 4373 sunt;
3417 4316 3512 4371 sed

1943 4423 2117 4478 neque
2165 4407 2442 4473 Pharisaei,
2489 4421 2664 4477 neque
2710 4406 2976 4472 Saduccei,
3014 4423 3190 4477 neque
3237 4406 3323 4460 alii
3359 4418 3520 4475 quot-

1942 4496 2218 4568 quotoliut
2255 4513 2444 4554 eorum
2475 4497 2886 4568 magistratibus
2917 4496 3189 4568 perfuncti
3216 4508 3360 4552 sunt.
3397 4498 3522 4552 ll.ee

1942 4605 2064 4644 cum
2114 4591 2306 4660 spiritu
2354 4602 2604 4646 cerneret
2649 4591 2946 4661 pmpheta,
2999 4605 3209 4646 necnon
3253 4589 3400 4644 illum
3451 4606 3517 4644 ev

1945 4693 2089 4736 tanta
2138 4682 2470 4736 sublimitate
2527 4683 2577 4735 in
2636 4692 2940 4737 extremam
2999 4680 3299 4740 malitiam.
3331 4697 3425 4736 ceu
3465 4682 3517 4734 iu

1941 4774 2230 4844 quamdam
2279 4773 2496 4838 vallem,
2527 4773 2738 4828 Judaici
2784 4772 2965 4844 populi
3018 4773 3252 4842 lapsum,
3286 4772 3434 4826 luctu
3460 4788 3521 4826 se

1941 4862 2235 4917 discruciat
2268 4861 2453 4916 dicens
2488 4880 2500 4914 :

2009 4955 2172 5011 Vsus.
2218 4954 2270 5008 4.
2323 4953 2656 5021 «Propterea
2721 4953 2865 5018 dixi,
2933 4954 3096 5008 sinite
3165 4968 3287 5018 me,
3337 4966 3520 5006 amare

1937 5050 2096 5114 ﬂebo,
2144 5065 2247 5102 non
2297 5046 2542 5118 poteritis
2594 5045 2860 5101 consolari
2932 5061 3017 5101 me
3084 5061 3245 5114 super
3315 5044 3515 5098 contri-

1939 5141 2082 5196 tione
2137 5139 2257 5193 ﬁlia:
2310 5138 2526 5208 generis
2581 5138 2709 5193 mei.
2739 5158 2759 5192 ›
2797 5137 2930 5192 Nam
2967 5148 3218 5193 accurate
3251 5135 3396 5198 novi,
3443 5135 3515 5188 iu-

1937 5233 2074 5302 quit,
2106 5241 2157 5286 et
2182 5231 2376 5302 spiritu
2407 5231 2699 5300 prmvideo,
2726 5232 2894 5286 etiam
2931 5245 2996 5286 ex
3028 5231 3094 5285 iis
3120 5229 3372 5283 omnibus
3400 5245 3520 5299 qua:

1941 5340 2100 5394 Supra
2145 5324 2286 5377 dictu
2339 5332 2488 5388 sunt,
2529 5322 2803 5377 civitatein
2839 5321 2947 5376 Deo
2995 5321 3265 5376 addictam
3297 5320 3517 5390 capien-

1943 5417 2092 5481 dam,
2124 5424 2176 5468 et
2201 5429 2390 5469 omnes
2420 5414 2512 5484 qui
2553 5413 2604 5466 in
2647 5412 2736 5466 illa
2780 5422 2924 5476 sunt,
2952 5411 3004 5465 in
3042 5411 3297 5480 gaudiqu
3341 5410 3517 5465 inimi-

1943 5524 2128 5563 corum
2186 5508 2391 5564 damlos
2431 5521 2575 5563 esse.
2643 5509 2824 5572 Quare
2866 5504 2978 5574 jam
3015 5504 3212 5560 exhinc
3257 5504 3434 5575 lugeo,
3463 5514 3519 5559 et

1943 5602 2094 5672 quasi
2123 5603 2359 5672 genuina
2394 5601 2599 5657 viscera
2630 5614 2746 5654 mea
2781 5596 3020 5666 deploro.
