3984 6526
449 440 554 499 9L7
1123 434 1394 491 EUSEBII
1433 431 1906 491 GtESARlENSlS
1943 431 2095 490 OPP.
2135 431 2320 486 PARS
2360 429 2450 484 111.
2491 460 2562 470 -
2601 428 3021 486 EXEGE’I‘ICA.
3618 427 3754 485 248

519 555 685 611 Vens.
719 556 772 612 5.
812 574 831 609 ι
853 554 990 622 Quia
1047 555 1164 610 dies
1219 555 1551 611 turnattonis
1575 563 1626 610 et
1665 555 1944 620 interitus,
1973 563 2028 609 et

2211 570 2230 603 ι
2264 552 2388 606 ’Ότι
2423 551 2606 623 ἡμέρα
2635 552 2883 623 ταραχῆς
2908 553 3003 606 καὶ
3026 550 3322 615 ἀπωλείας,
3361 552 3452 606 καὶ
3480 568 3763 606 καταπα-

444 646 1000 703 conculcationiszet
1047 661 1207 701 error
1262 661 1293 700 a
1347 645 1581 702 Domino
1649 645 1914 700 Sabaoth.
1972 646 2028 700 In

2140 645 2404 715 τήματος·
2461 645 2556 696 καὶ
2603 643 2870 714 πλάνησις
2909 643 3060 714 παρὰ
3099 644 3307 715 Κυρίου
3354 643 3603 698 Σαϐαὼθ.
3649 644 3762 696 Ἐν

445 738 583 794 valle
630 739 761 795 Sion
806 749 993 794 errant
1028 758 1041 794 :
1079 754 1106 792 a
1134 753 1304 808 parvo
1353 741 1419 793 ad
1460 754 1715 808 magnum
1748 747 1940 794 errant
1975 738 2028 792 in

2140 735 2383 806 φάραγγι
2424 733 2561 788 Σιὼν
2602 735 2932 790 πλανῶνται·
2969 737 3078 790 ἀπὸ
3119 737 3314 809 μικροῦ
3363 737 3466 800 ἕως
3492 736 3760 808 μεγάλου

446 831 744 889 montibus.
777 850 796 884 ι
857 830 984 886 Ιιαιο
1030 846 1246 902 quoque
1282 830 1496 886 assumo
1535 830 1682 885 dicta
1725 831 1793 884 de
1822 831 1909 894 iis,
1938 830 2028 899 qui

2140 829 2441 882 πλανῶνται
2474 829 2568 882 ἐπὶ
2589 829 2657 882 τὰ
2681 828 2803 901 ὅρη.
2847 850 2864 880 ι
2891 830 3001 883 Καὶ
3028 831 3199 884 ταῦτα
3227 831 3282 886 δὲ
3308 826 3458 902 οἶμαι
3476 830 3760 900 λέγεσθαι

443 934 818 982 convenerunt
845 925 896 978 in
929 941 1122 989 unum,
1151 926 1279 980 dum
1310 925 1521 981 insidiae
1549 933 1741 980 contra
1776 923 2028 978 Servato-

2140 921 2265 991 περὶ
2303 921 2410 974 τῶν
2441 920 2582 974 κατὰ
2628 920 2688 974 τὸ
2713 920 2845 975 αὐτὸ
2873 921 3233 980 συνελθόντων
3266 924 3325 976 ἐν
3349 925 3418 994 τῇ
3443 921 3584 976 κατὰ
3632 920 3758 976 τοῦ

442 1031 555 1072 rem
599 1027 846 1072 nostrum
872 1029 1237 1074 Strttet‘enlur.

2140 1011 2385 1080 Σωτῆρος
2404 1012 2561 1083 ἡμῶν
2588 1012 2846 1084 ἐπιδουλῇ
2861 1054 2875 1069 .

517 1107 685 1162 Vnus.
715 1107 770 1164 6.
807 1125 824 1159 ι
867 1106 1116 1164 Eiamita:
1144 1121 1324 1165 autem
1350 1119 1696 1180 sumpserunt
1725 1111 2028 1180 pharetras,

2210 1123 2228 1156 ι
2263 1107 2326 1158 Ol
2347 1105 2404 1158 δὲ
2440 1105 2725 1175 Ἐλαμῖται
2776 1105 2964 1159 ἐλαεον
3011 1107 3308 1178 φαρέτρας,
3338 1124 3432 1165 και
3460 1106 3753 1162 ἀναϐάται

2133 1197 2410 1269 ἂνθρωποι
2439 1199 2524 1269 ἐφ’
2553 1198 2772 1262 ἵππους,
2825 1201 2920 1254 καὶ
2952 1200 3242 1271 συναγωγὴ
3282 1201 3662 1272 παρατάξεως.
3719 1219 3745 1254 ι

2132 1292 2295 1363 Δηλοῖ
2340 1292 2396 1346 δὲ
2428 1291 2689 1363 δυνάμεις
2740 1293 2968 1362 ἀφανεῖς
3009 1292 3104 1347 καὶ
3145 1293 3457 1364 πολεμίους,
3489 1288 3577 1357 αἶς
3625 1293 3754 1348 ὑπὸ

2133 1382 2269 1438 Θεοῦ
2303 1384 2700 1456 παρεδόθησαν.
2721 1384 2812 1436 Διὸ
2828 1385 2918 1437 καὶ
2936 1386 2985 1436 οἱ
3030 1383 3315 1454 Ἐλαμίται
3337 1383 3749 1455 ἐρμηνεύονται

2138 1496 2156 1529 ι
2194 1476 2659 1546 παραϐλέποντες·
2699 1496 2715 1528 ι
2770 1476 2859 1530 διὰ
2909 1476 2971 1529 τὸ
3025 1479 3271 1549 παρορᾷν
3313 1479 3412 1547 τὴν
3453 1477 3750 1548 σωτηρίαν

2133 1570 2240 1624 τῶν
2273 1569 2686 1642 ἀπολλυμένων,
2704 1569 2800 1624 καὶ
2841 1569 3067 1640 μηδενὸς
3096 1568 3390 1638 φείδεσθαι,
3414 1569 3557 1632 εἰκὸς
3583 1567 3750 1622 οὕτω

2133 1660 2434 1733 κεκλῆσθαι
2487 1661 2558 1715 τά
2608 1660 3045 1733 πολιορκήσαντα
3097 1660 3295 1724 αὐτοὺς
3363 1658 3748 1732 στρατιωτικὰ

2134 1755 2335 1826 πλήθη,
2377 1754 2539 1810 Ἀλλά
2575 1755 2713 1827 μετὰ
2742 1754 3004 1826 πλείστης
3019 1753 3303 1824 δυνάμεως
3332 1752 3745 1825 παραταξάμε-

2132 1865 2212 1902 νοι
2265 1850 2332 1919 τῇ
2389 1846 2808 1919 πολιορκηθείσῃ
2862 1847 3105 1919 φάραγγι
3154 1845 3313 1911 Σιὼν,
3359 1849 3440 1911 είς
3498 1845 3742 1916 ἔσχατον

2136 1938 2372 2011 ἐρημίας
2401 1938 2570 2011 αὐτὴν
2603 1940 2831 2010 ἡγαγον.

2211 2049 2230 2082 ι
2271 2032 2382 2085 Καὶ
2404 2031 2616 2086 ἔσονται
2649 2033 2704 2085 αἱ
2729 2031 2985 2085 ὲκλεκταὶ
3017 2030 3300 2102 φάραγγες
3339 2048 3457 2094 σου,
3485 2030 3742 2103 πλησθη-

2137 2145 2319 2182 σονται
2345 2127 2630 2200 ἁρμάτων,
2654 2129 2705 2180 οἱ
2738 2127 2795 2180 δὲ
2835 2129 3020 2190 ἱππεῖς
3051 2125 3388 2198 ὲμφράξουσι
3419 2125 3516 2189 τὰς
3554 2125 3740 2192 πύλας

2137 2239 2254 2276 σου.
2290 2240 2309 2274 ι
2349 2221 2484 2290 Οὐχὶ
2503 2220 2620 2283 νῦν,
2643 2220 2764 2273 οὐδὲ
2795 2219 2937 2274 κατὰ
2951 2220 3042 2273 τὸν
3069 2220 3312 2290 παρόντα
3345 2219 3555 2291 καιρὸν,
3591 2218 3739 2272 ἀλλὰ

2134 2312 2201 2381 τῇ
2248 2311 2432 2382 ἡμέρᾳ
2480 2310 2682 2381 ἐκείνῃ·
2719 2310 2866 2378 λέγει
2920 2309 2977 2362 δὲ
3027 2310 3086 2363 ὲν
3131 2309 3208 2381 τῷ
3267 2311 3737 2384 προφητευομένῳ

2136 2403 2330 2476 καιρῷ.

2213 2512 2232 2547 ι
2275 2496 2385 2548 Καὶ
2427 2493 2834 2566 ἀνακαλύψουσι
2867 2493 2966 2559 τὰς
3014 2495 3189 2560 πύλας
3235 2496 3426 2561 Ἰούδα,
3477 2497 3571 2551 καὶ
3623 2497 3734 2569 ὲμ-

2134 2587 2422 2658 ϐλέψονται
2455 2590 2520 2659 τῇ
2549 2587 2732 2660 ἡμέρᾳ
2763 2589 2945 2660 ἐκείνῃ
2979 2590 3058 2653 είς
3074 2589 3203 2654 τοὺς
3235 2589 3522 2654 ἐκλεκτοὺς
3543 2589 3735 2654 οἴκους

2132 2681 2235 2750 τῆς
2268 2679 2495 2744 πόλεως.
2514 2678 2623 2732 Καὶ
2651 2679 3058 2749 ἀνακαλύψουσι
3083 2679 3152 2732 τὰ
3185 2679 3405 2752 κρυπτά
3428 2681 3538 2734 τῶν
3562 2682 3735 2736 οἴκων

2132 2774 2232 2844 τῆς
2263 2773 2440 2845 ἄκρας
2471 2772 2653 2826 Δαυῖδ.
2689 2773 2798 2826 Καὶ
2829 2772 3063 2840 εἴδοσαν,
3103 2773 3186 2830 ὅτι
3227 2773 3443 2838 πλείους
3477 2774 3604 2836 εἰσὶ,
3631 2775 3734 2828 καὶ

2133 2865 2214 2919 ὃτι
2237 2864 2548 2936 ἀπέστρεψε
2581 2865 2642 2920 τὸ
2675 2862 2820 2938 ὓδωρ
2848 2867 2949 2938 τῆς
2973 2867 3205 2938 ἀρχαίας
3236 2864 3619 2937 κολυμϐήθρας
3647 2867 3734 2928 εἰς

2135 2957 2233 3030 τὴν
2267 2958 2441 3013 πόλιν,
2469 2976 2486 3008 ι
2520 2958 2706 3013 Ταῦτα
2741 2961 2799 3014 δὲ
2827 2956 2895 3031 ἦν
2920 2960 2990 3013 τὰ
3011 2961 3298 3034 ἀπόρρητα
3320 2962 3418 3032 τῆς
3451 2956 3732 3030 βασιλείας

2137 3051 2406 3123 σύμϐολα,
2441 3051 2534 3106 καὶ
2567 3050 2637 3105 τὰ
2669 3054 2727 3106 ὲν
2755 3052 2834 3124 τῷ
2859 3054 3160 3125 ἁγιάσματι
3194 3054 3548 3125 ἀποκείμενα·
3581 3052 3732 3109 5.05-

2135 3145 2248 3199 δενὶ
2281 3145 2407 3216 ὲξῆν
2435 3149 2483 3200 εί
2514 3145 2588 3218 μὴ
2621 3147 2767 3218 μόνῳ
2791 3147 2870 3218 τῷ
2912 3149 3160 3220 ἀρχιερεῖ
3193 3149 3534 3203 ἐποπτεύειν·
3583 3148 3619 3204 ἃ
3661 3149 3728 3221 δὴ

2137 3237 2232 3291 καὶ
2267 3238 2406 3292 αὐτὰ
2427 3241 2540 3303 τοῖς
2575 3238 2854 3310 πολεμίοις
2878 3241 3352 3312 παραδοθήσεσθαι
3386 3260 3568 3315 φησιν.
3601 3243 3729 3295 Ἐπὶ

2133 3329 2343 3396 τούτοις
2379 3330 2656 3401 μέμφεται
2685 3331 2812 3395 τοὺς
2839 3335 2897 3384 ὲν
2919 3336 2986 3404 τῇ
3020 3333 3267 3404 φάραγγι
3299 3334 3457 3397 Σιὼν,
3483 3336 3558 3398 ὡς
3590 3337 3730 3390 ἀπο·-

2136 3421 2476 3494 στρέψαντας
2505 3420 2576 3474 τὰ
2609 3420 2777 3475 ὕδατα
2809 3422 2912 3492 τῆς
2947 3424 3180 3495 ἀρχαίας
3220 3425 3608 3498 κολυμϐήθρας
3657 3428 3731 3481 τὰ

2133 3513 2263 3568 ὄντα
2285 3515 2343 3566 ὲν
2375 3516 2440 3584 τῇ
2461 3513 2633 3577 πόλει,
2664 3513 2851 3584 ἕτερον
2880 3513 2937 3567 δὲ
2959 3513 3102 3586 ὕδωρ
3118 3517 3300 3581 αὐτοῖς
3333 3519 3730 3590 ἐπινοήσαντας

2139 3603 2339 3676 μεταξὺ
2372 3602 2484 3657 τῶν
2515 3601 2611 3656 δύο
2661 3603 2908 3673 τειχέων.
2947 3604 3132 3677 ’Ύδωρ
3163 3606 3219 3659 δὲ
3251 3602 3319 3678 ἦν
3370 3607 3606 3672 παλαιᾶς
3635 3624 3732 3662 κο-

2134 3693 2457 3767 λυμϐήθρας
2487 3693 2545 3746 ὲν
2586 3694 2653 3763 τῇ
2690 3692 2843 3748 πόλει
2867 3696 2895 3748 ὁ
2925 3694 3028 3766 τῆς
3075 3695 3310 3760 παλαιᾶς
3340 3698 3433 3751 καὶ
3467 3697 3722 3753 θεοπνεύ-

2136 3809 2264 3845 στου
2317 3790 2540 3862 Γραφῆς
2591 3789 2768 3858 λόγος,
2825 3789 2884 3843 ὃν
2931 3790 3396 3862 ἀποστραφέντες,
3448 3791 3729 3865 ἀλλότριον

2134 3883 2279 3955 ὕδωρ
2313 3884 2524 3945 ἑαυτοῖς
2553 3881 2877 3951 ἐπενόησαν,
2906 3882 3005 3946 τὰς
3025 3882 3349 3955 παραδόσεις
3365 3883 3470 3938 τῶν
3488 3887 3729 3957 πρεσϐυ-

2128 3976 2324 4047 τέρων,
2379 3974 2724 4038 διδάσκοντες
2755 3974 3101 4038 διδασκαλίας
3136 3977 3229 4031 καὶ
3284 3977 3595 4048 ἐντάλματα
3626 3979 3727 4034 ἀν-

2132 4066 2386 4140 θρώπων·
2424 4066 2508 4137 ἐφ’
2547 4059 2591 4134 ᾧ
2627 4066 2723 4118 καὶ
2765 4067 3038 4138 μέμφεται
3076 4069 3273 4134 αὐτοὺς
3308 4071 3336 4124 ό
3371 4071 3582 4141 Σωτὴρ,
3614 4071 3726 4124 ἀπ-

439 1213 497 1259 et
547 1202 802 1257 homines
861 1203 952 1271 qui
1013 1202 1316 1258 ascendunt
1354 1219 1542 1273 equos,
1575 1215 1631 1259 et
1685 1211 2032 1278 congregatio

439 1294 598 1348 aciei.
628 1313 646 1346 ι
685 1292 967 1362 Signiﬁcat
993 1303 1173 1348 autem
1221 1296 1458 1350 virtutes
1491 1296 1732 1352 occultas
1770 1309 1825 1352 et
1857 1301 2032 1355 inimi-

441 1398 560 1448 cas,
585 1384 744 1453 queis
769 1398 796 1435 a
824 1383 932 1437 Deo
962 1385 1144 1439 traditi
1181 1394 1328 1440 sunt.
1375 1384 1557 1451 Quare
1588 1387 1834 1444 Eiamitzr.
1859 1391 2031 1461 signi-

441 1475 609 1531 ﬁcant
641 1476 1024 1545 despicientcs;
1062 1477 1190 1547 quia
1219 1480 1560 1547 pereuntium
1594 1481 1820 1538 salutem
1863 1486 2032 1554 negli-

447 1579 606 1639 gunt,
644 1584 709 1623 ac
743 1570 948 1624 nemini
997 1580 1248 1638 parcunt;
1277 1572 1398 1624 ideo
1425 1571 1797 1629 verisimiliter
1828 1575 1902 1630 ita
1937 1591 2029 1630 vo-

441 1671 640 1716 cantur
683 1678 876 1717 eorum
933 1673 1127 1718 turma:
1182 1662 1516 1719 obsidentes.
1579 1665 1783 1721 Verum
1835 1684 2031 1739 magno

457 1767 584 1808 cum
638 1753 888 1808 exercitu
934 1753 1197 1809 instructa
1255 1754 1372 1810 acie
1420 1755 1472 1810 in
1523 1757 1661 1814 valle
1690 1756 1821 1813 Sion
1851 1741 1930 1816 ab
1963 1761 2032 1818 iis

441 1846 668 1902 obsessa
719 1857 1024 1914 versantes,
1071 1862 1192 1902 eam
1233 1848 1284 1904 in
1326 1860 1630 1906 extremam
1676 1867 1902 1924 egerunt
1933 1870 2029 1910 va-

437 1939 699 1993 stitatem.

517 2029 678 2086 Vens.
719 2030 772 2086 7.
809 2031 916 2088 ιΕι
942 2042 1104 2088 erunt
1136 2032 1324 2090 electae
1372 2035 1539 2092 valles
1575 2045 1702 2106 tuae,
1743 2039 2030 2108 replebun-

439 2131 531 2178 tur
555 2124 824 2189 curribus,
858 2126 1072 2196 equites
1103 2137 1280 2182 autem
1310 2129 1802 2200 occludentportas
1832 2143 1970 2187 tuas.
2001 2153 2021 2185 ι

438 2214 560 2271 Νοη
593 2232 737 2272 nunc
785 2233 962 2288 neque
1011 2219 1065 2273 in
1096 2221 1349 2288 praesenti
1390 2229 1635 2291 tempore
1659 2262 1674 2285 ,
1709 2224 1802 2278 sed
1841 2223 1893 2277 in
1931 2224 2025 2280 illa

442 2309 562 2374 die;
595 2308 853 2363 nimirum
889 2309 940 2364 in
971 2320 1214 2380 tempore
1237 2327 1333 2384 per
1357 2315 1696 2384 praphetiam
1719 2318 2024 2374 enuntiato.

514 2479 680 2537 Vens.
709 2482 766 2545 8,
798 2484 852 2538 9.
891 2501 909 2534 ι
941 2482 1003 2537 Et
1038 2484 1318 2541 recludent
1358 2497 1547 2557 portas
1571 2487 1732 2556 Juda,
1767 2505 1821 2550 et
1849 2495 2027 2551 intue-

443 2574 646 2634 ιμιιιιιιι·
678 2574 734 2628 in
773 2575 860 2630 die
891 2575 982 2630 illa
1013 2575 1220 2632 electas
1247 2579 1438 2635 domos
1473 2584 1641 2638 urbis.
1682 2585 1751 2639 Et
1785 2595 2029 2657 retegent

443 2663 759 2718 abscondita
793 2665 1077 2721 domorum
1105 2672 1250 2723 arcis
1279 2669 1470 2729 David.
1494 2672 1849 2740 Etviderunt,
1882 2679 2025 2748 quod

441 2757 627 2825 plures
653 2768 801 2824 sunt,
839 2768 894 2814 et
932 2760 1077 2829 quod
1107 2763 1306 2818 avertit
1339 2779 1536 2834 aquam
1564 2769 1766 2824 veteris
1804 2770 2028 2839 piscina:

441 2849 762 2905 incivitate.
797 2871 816 2904 ι
853 2850 977 2907 Haec
1012 2869 1175 2922 porro
1203 2865 1361 2911 erant
1389 2873 1591 2914 arcana
1628 2862 1776 2932 regni
1806 2864 2028 2934 symbo-

443 2941 519 3006 la,
553 2951 608 2997 et
653 2956 777 3012 qua:
823 2943 876 2998 in
930 2947 1248 3002 sanctuario
1276 2950 1511 3018 reposita
1557 2964 1754 3007 erant:
1789 2969 1908 3023 qua:
1940 2971 2030 3011 nec

439 3034 600 3097 mini,
658 3045 1022 3106 praeterquam
1094 3040 1366 3094 sacerdoti
1420 3051 1650 3108 tantum,
1709 3048 2027 3117 conspicere

440 3126 643 3181 licebat
670 3147 684 3182 :
714 3143 832 3196 qum
859 3129 1026 3182 etiam
1063 3131 1299 3187 inimicis
1329 3135 1587 3190 tradenda
1621 3136 1776 3192 dicit.
1823 3137 1938 3195 Hae
1961 3141 2027 3196 de

441 3235 608 3277 causa
662 3220 814 3274 vallis
867 3220 997 3275 Sion
1047 3221 1250 3277 incolas
1303 3225 1647 3294 criminatur,
1703 3231 1846 3300 quod
1881 3243 2026 3288 vete-

441 3311 522 3365 ris
551 3313 601 3364 in
635 3313 766 3366 urbe
800 3313 1020 3380 piscinae
1049 3331 1218 3383 aquas
1247 3319 1549 3375 averterint
1575 3358 1590 3386 ,
1617 3323 1890 3394 aliamque
1917 3326 2022 3381 sibi

444 3404 587 3458 intra
619 3405 758 3461 duos
786 3422 968 3461 nitiros
995 3424 1192 3479 aquam
1227 3411 1609 3482 excogitarint.
1657 3417 1813 3486 Aqua
1863 3433 2027 3488 porro

442 3497 647 3551 veteris
688 3499 742 3552 in
776 3501 914 3554 urbe
965 3499 1210 3570 piscinae,
1249 3511 1366 3558 erat
1413 3505 1617 3560 veteris
1659 3518 1714 3561 et
1761 3509 2026 3568 divinitus

441 3589 724 3657 inspirante
764 3587 1060 3659 Scriptum
1095 3607 1299 3658 sermo,
1331 3608 1490 3663 quem
1526 3594 1859 3663 derivantes,
1894 3601 2028 3655 alie-

442 3694 567 3730 nam
623 3679 724 3733 sibi
771 3695 968 3750 aquam
1014 3684 1416 3754 exeogitarunt,
1463 3687 1740 3744 seniorum
1778 3690 2028 3749 videlicet

443 3771 781 3836 traditiones,
831 3774 1108 3830 doctrinas
1141 3785 1196 3831 et
1245 3756 1512 3848 prtecepta
1565 3779 1844 3836 hominum
1895 3785 2025 3839 σάοι

441 3873 667 3918 centes:
701 3879 805 3934 qua
839 3867 907 3921 de
948 3881 1006 3922 re
1033 3868 1178 3937 ipsos
1211 3868 1473 3926 Servator
1501 3874 1776 3944 coarguit,
1809 3891 2022 3931 eorum-

440 3972 550 4024 que
594 3960 890 4029 nequitiam
925 3961 1254 4017 criminatur
1291 3964 1372 4018 his
1401 3965 1582 4021 verbis
1612 3985 1626 4022 :
1660 3985 1677 4018 ι
1709 3968 1774 4023 Ει
1806 3969 2020 4024 irritum

440 4045 653 4104 fecistis
686 4051 909 4104 verbqu
942 4050 1034 4104 Dei
1064 4062 1286 4122 propter
1313 4055 1660 4110 traditionem
1688 4066 1920 4113 vestram
1944 4061 2020 4115 ⁷.»

438 4144 682 4217 αλέγχων
725 4143 906 4199 αὐτῶν
936 4142 1035 4216 τὴν
1073 4147 1421 4218 παρανομίαν
1463 4149 1548 4219 ἐφ’
1585 4145 1666 4214 οἷς
1713 4168 1867 4221 φησι·
1907 4173 1926 4203 ι
1971 4158 2064 4210 καὶ
2101 4159 2424 4232 ἠκυρώσατε
2478 4159 2568 4214 τὸν
2637 4160 2794 4230 λόγον
2818 4159 2932 4214 ’τοῦ
2974 4159 3110 4214 Θεοῦ
3150 4159 3239 4215 διὰ
3280 4159 3379 4234 τὴν
3428 4161 3730 4235 παράδοσιν

439 4240 615 4311 ὑμῶν.
656 4258 676 4290 ι

515 4330 681 4387 Vens.
712 4332 802 4398 10,
833 4332 920 4386 Η.
960 4353 978 4386 ς
1010 4334 1077 4388 Ει
1113 4334 1256 4405 quod
1308 4335 1594 4391 diruerunt
1639 4338 1831 4394 domos
1863 4337 2025 4395 Jeru-
2060 4355 2105 4412 ι)

440 4422 612 4477 salem
648 4424 700 4478 in
725 4425 1082 4480 munitionem
1112 4426 1252 4481 muri
1279 4427 1508 4482 civitati.
1535 4428 1605 4482 Et
1635 4429 1843 4486 fecistis
1869 4435 2024 4490 vobis

442 4530 640 4585 aquam
673 4515 729 4570 in
761 4518 940 4572 medio
987 4534 1268 4573 murorum
1303 4520 1534 4575 duorum
1585 4520 1728 4575 intra
1763 4523 2024 4590 piscinam

437 4619 706 4665 veterem.
737 4626 756 4660 ι
793 4607 848 4662 ld
881 4617 1060 4665 autem
1110 4610 1229 4664 iiios
1278 4612 1544 4681 hodieque
1592 4625 1915 4684 peragentes
1945 4619 2026 4672 vi-

438 4701 592 4762 deas,
645 4699 795 4769 quia,
821 4703 1113 4771 assumptis
1171 4701 1466 4772 Scriptum
1513 4707 1717 4773 verbis,
1758 4708 1823 4762 iis
1882 4724 2024 4764 com-

439 4801 621 4846 menta
664 4806 762 4845 sua
801 4806 899 4846 ceu
947 4793 1120 4848 muris
1153 4794 1424 4860 muniunt,
1459 4795 1686 4866 ipsaque
1735 4797 1894 4867 quasi
1933 4812 2024 4852 se-

437 4900 584 4958 pem,
629 4885 940 4954 praesidium
982 4893 1039 4940 et
1089 4886 1291 4939 rumnia
1342 4887 1540 4944 fabulis
1575 4888 1690 4944 suis
1723 4891 2029 4961 circumpo-

438 4988 599 5034 nunt.
640 4979 1105 5046 Quemadmodum
1135 4981 1279 5034 cnim
1317 4981 1665 5052 peregrinum
1712 4982 1816 5037 sibi
1845 4982 2024 5039 locum

439 5073 842 5144 excogitaruut,
873 5088 938 5129 ac
967 5089 1180 5128 murum
1225 5073 1325 5128 sibi
1357 5075 1784 5144 circumquaque
1808 5085 2026 5130 struxe-

439 5176 594 5232 runt,
623 5167 933 5222 divinarum
962 5165 1369 5236 Scripturarum
1419 5166 1599 5222 verbis
1627 5183 1726 5223 ceu
1758 5168 2028 5240 lapidibus

437 5261 521 5316 nsi
549 5305 562 5329 ,
598 5262 674 5318 ita
710 5271 764 5318 et
800 5277 996 5337 aquam
1033 5261 1233 5326 veteris
1272 5262 1325 5315 iu
1376 5262 1509 5316 urbe
1550 5263 1775 5331 piscina:
1815 5273 2030 5319 averte-

436 5366 590 5420 runt,
621 5365 677 5412 et
708 5372 905 5411 novatn
932 5356 1036 5414 sibi
1076 5371 1273 5426 aquam
1323 5355 1465 5408 inter
1490 5355 1625 5410 duos
1654 5371 1839 5412 muros
1865 5372 2028 5414 exco-

402 5434 714 5522 rgitarunt,
752 5451 1006 5504 nimirum
1081 5450 1224 5505 inter
1262 5447 1428 5504 Vetus
1475 5458 1532 5502 et
1562 5446 1772 5502 Novum
1828 5449 2021 5505 Testa-

433 5549 680 5595 mentum
711 5556 726 5594 :
755 5543 866 5599 haec
893 5547 1094 5616 quippe
1138 5545 1282 5599 muri
1317 5545 1425 5600 duo
1453 5554 1577 5599 sunt
1623 5543 1858 5600 civitatis
1910 5544 2025 5612 Dei,

435 5633 650 5694 scilicet
675 5637 799 5691 vita:
843 5637 1074 5694 instituti
1107 5640 1409 5696 secundum
1461 5639 1629 5694 Deum
1661 5652 1675 5689 :
1704 5637 1757 5691 iu
1791 5651 2027 5708 quorum

435 5729 616 5789 medio
658 5730 719 5796 ii,
755 5732 848 5803 qui
902 5732 1244 5804 incusantur,
1289 5735 1522 5793 alienam
1575 5739 1629 5788 et
1673 5729 2017 5802 peregrinam

510 5821 534 5844 '
560 5822 752 5880 Matth.
787 5839 874 5888 xv,
904 5824 937 5879 6

510 5917 644 5994 (27‘)
689 5921 1032 5998 Ἐποιήσατει

2226 4354 2245 4388 ι
2287 4337 2396 4391 Καὶ
2429 4339 2510 4391 ὅτι
2545 4337 2866 4391 καθείλοσαν
2887 4340 3014 4402 τοὺς
3045 4338 3228 4401 οἴκους
3271 4342 3626 4412 Ἰερουσαλὴμ
3657 4343 3734 4405 εἰς

2145 4428 2243 4501 ὀχύ
2254 4447 2410 4502 ρωμα
2420 4430 2629 4501 τείχους
2645 4433 2710 4501 τῇ
2725 4431 2894 4484 πόλει.
2914 4432 3022 4485 Καὶ
3037 4432 3385 4486 ἐπεσπάσατε
3402 4433 3536 4504 (εἰτ’)
3551 4434 3734 4498 αὐτοῖς

2147 4519 2292 4594 ὕδωρ
2322 4523 2425 4576 ἀνὰ
2462 4523 2624 4594 μέσον
2649 4522 2756 4575 τῶν
2773 4523 2865 4576 δύο
2879 4522 3382 4597 τειχέωνὲσώτερον
3412 4526 3510 4595 τῆς
3539 4527 3726 4598 κολυμ·

2145 4613 2353 4687 6ήθρας
2380 4617 2479 4685 τῆς
2495 4615 2745 4685 ἀρχαίας.
2779 4634 2798 4666 ι
2842 4615 3000 4680 Ἵδοις
3037 4616 3080 4668 δ’
3116 4616 3182 4670 ἂν
3216 4617 3412 4680 αὐτοὺς
3439 4619 3606 4671 είσέτι
3639 4621 3729 4674 καλ

2141 4704 2237 4759 νῦν
2266 4704 2425 4758 τοῦτο
2459 4705 2819 4777 πράττοντας,
2850 4707 3091 4768 ἐπειδὰν,
3126 4708 3195 4761 τὰ
3230 4711 3448 4781 ῥήματα
3472 4710 3569 4782 τῆς
3583 4711 3731 4775 θείας

2140 4795 2366 4868 Γραφῆς
2399 4796 2901 4866 ἀπολαμϐάνοντες,
2938 4798 3037 4862 τὰς
3086 4799 3293 4864 οἰκείας
3325 4802 3731 4872 περιτειχίζωσι

2143 4885 2487 4957 μυθολογίας,
2523 4885 2712 4956 ὥσπερ
2743 4885 2865 4939 τινὰ
2896 4887 3147 4958 φραγμὸν
3182 4888 3274 4940 καὶ
3301 4889 3600 4957 ἀσφάλειαν
3635 4890 3730 4943 καὶ

2137 4983 2314 5050 τεῖχος
2337 4981 2451 5042 τοῖς
2480 4978 2630 5042 ἰδίοις
2659 4979 3077 5052 περιϐάλλοντες
3114 4979 3324 5051 μύθοις.
3363 4981 3572 5051 ’Ὠσπερ
3618 4983 3728 5053 γὰρ

2138 5073 2288 5141 ξένον
2313 5073 2478 5127 τόπον
2507 5074 2719 5137 ἑαυτοῖς
2775 5072 3095 5144 ἐπενόησαν,
3122 5074 3217 5126 καὶ
3253 5075 3426 5144 τεῖχος
3455 5073 3584 5127 ἴδιον

2139 5165 2406 5237 ριέϐαλον,
2441 5166 2606 5230 λίθοις
2635 5167 2968 5239 χρησάμενοι
3004 5171 3125 5234 ταῖς
3157 5169 3266 5223 τῶν
3299 5169 3458 5223 θείων
3485 5170 3722 5240 Γραφῶν

2134 5256 2331 5322 λέξεσι·
2366 5257 2536 5322 οὕτως
2567 5254 2658 5311 οὖν
2702 5257 3052 5330 ἀπέστρεψαν
3085 5257 3146 5312 τὸ
3179 5258 3324 5332 ὕδωρ
3349 5259 3450 5330 τῆς
3483 5259 3720 5324 παλαιᾶς

2133 5349 2519 5421 κολυμϐήθρας
2540 5349 2602 5403 τὸ
2627 5351 2686 5403 ἐν
2710 5353 2774 5422 τῇ
2810 5350 2985 5414 πόλει,
3021 5350 3113 5404 καὶ
3159 5353 3457 5422 ἐπενόησαν
3503 5355 3719 5419 ἑαυτοῖς

2133 5441 2281 5506 ξένον
2315 5441 2456 5512 ὕδωρ
2522 5443 2722 5513 μεταξὺ
2754 5443 2862 5497 τῶν
2914 5443 3008 5497 δύο
3062 5445 3308 5515 τειχέων,
3344 5442 3486 5513 λέγω
3521 5445 3583 5517 δὴ
3617 5447 3717 5516 τῆς

2131 5533 2374 5596 Παλαιᾶς
2398 5535 2491 5588 καὶ
2524 5537 2730 5607 Καινῆς
2756 5536 3049 5608 Διαθήκης·
3069 5537 3161 5591 δύο
3193 5537 3300 5611 γὰρ
3333 5537 3400 5591 τὰ
3433 5539 3586 5610 τείχη
3612 5539 3716 5608 τῆς

2128 5624 2224 5680 τοῦ
2252 5624 2386 5680 Θεοῦ
2441 5626 2668 5692 πόλεως,
2703 5627 2903 5700 δηλαδὴ
2960 5631 3056 5701 τῆς
3091 5629 3230 5683 κατὰ
3262 5630 3395 5684 Θεὸν
3439 5630 3714 5696 πολιτείας

2129 5717 2402 5792 τυγχάνει·
2432 5713 2506 5774 ὧν
2541 5720 2701 5792 μέσον
2735 5721 3010 5795 ἀλλότριον
3036 5723 3127 5776 καὶ
3156 5723 3306 5790 ξένον
3327 5722 3469 5795 ὕδωρ
3501 5725 3714 5790 ἑαυτοῖς
