3984 6534
210 456 318 512 289

1188 462 1697 522 COMMENTARIA
1734 465 1803 523 IN
1841 468 2100 525 ISAIAM.
2138 501 2205 511 —
2238 467 2395 524 CAP.
2433 463 2603 522 XXII.

3386 465 3493 522 εει)

208 578 261 631 οί
286 580 763 652 κατηγορούμενος
812 581 1136 655 ἐπενόησαν,
1159 582 1257 647 τὰς
1290 584 1399 637 τῶν
1432 586 1816 653 πρεσϐυτέρων

1924 604 2118 658 aquam
2152 588 2254 643 sibi
2287 587 2695 657 e‘xcogitarunt,
2726 585 2982 641 videlicet
3013 583 3291 640 seniorum
3328 585 3499 639 tradi-

211 674 573 744 παραδόσεις,
604 676 689 745 ἐφ’
723 671 813 739 αἷς
833 677 927 730 καὶ
964 676 1105 747 μέγα
1148 678 1438 749 φρονοῦσιν
1466 681 1513 732 οἱ
1554 682 1683 752 παρ’
1716 684 1816 734 αύ-

210 768 326 828 τοῖς
367 766 693 837 καλούμενοι
744 767 1093 840 δευτερωταί.
1151 788 1171 820 ι
1210 770 1319 823 Καὶ
1358 772 1458 823 οῦκ
1492 772 1814 841 ἐνεϐλέψατε

208 859 290 919 εἰς
309 858 409 909 τὸν
436 858 531 910 ἀπ’
562 859 737 929 ἀρχῆς
761 860 1063 930 ποιήσαντα
1088 861 1279 931 αὐτὴν,
1320 864 1412 916 καὶ
1441 863 1532 917 τὸν
1556 865 1816 919 κτίσαντα

208 948 388 1017 αὐτὴν
419 950 522 1001 οὐκ
557 948 749 1004 εἴδετε.
793 969 811 1001 r
854 952 1015 1020 Λέγω
1052 952 1117 1023 δὴ
1149 952 1250 1023 τήν
1279 953 1518 1007 παλαιὰν
1550 954 1675 1007 τῶν·
1695 954 1815 1008 θεο-

212 1038 501 1091 πνεύστων
534 1040 573 1090 Γ
580 1040 765 1110 ραφῶν
796 1041 1205 1114 κολυμϐήθραν,
1238 1042 1334 1113 τὴν
1368 1044 1475 1097 ἀπὸ
1502 1044 1693 1113 πηγῶν
1720 1043 1814 1097 τοῦ

211 1129 362 1183 θείου
398 1130 720 1202 Πνεύματος
746 1134 1138 1205 προχεομένην.

288 1240 305 1270 ι
348 1221 464 1274 Καὶ
496 1222 724 1275 ἐκάλεσε
754 1223 957 1294 Κύριος
981 1223 1211 1278 Σαϐαὼθ
1245 1226 1303 1279 ἐν
1324 1228 1389 1296 τῇ
1426 1226 1608 1298 ἡμέρα
1630 1227 1814 1300 ἐκείνῃ

209 1311 500 1381 κλαυθμὸν
535 1314 632 1367 καὶ
667 1315 895 1367 κοπετὸν
930 1315 1024 1368 καὶ
1074 1314 1322 1387 ξύρησιν,
1360 1318 1455 1371 καὶ
1484 1315 1650 1379 ζῶσιν
1677 1318 1813 1372 σάκ-

209 1422 344 1457 κων·
378 1406 539 1459 αὐτοὶ
559 1406 616 1459 δὲ
632 1408 955 1479 ἐποιήσαντο
989 1408 1329 1479 εὐφροσύνην
1359 1410 1455 1463 καὶ
1476 1410 1813 1482 άγαλλίαμα,

210 1495 517 1564 σφάζοντες
542 1498 777 1568 μόσχους
804 1500 899 1553 καὶ
920 1499 1141 1564 θύοντες
1170 1502 1437 1573 πρόϐατα,
1455 1502 1597 1555 ὥστε
1621 1506 1815 1572 φαγεῖν

208 1586 445 1657 κρέατα,
477 1588 574 1641 καὶ⁸
599 1590 743 1641 πιεῖν
768 1584 930 1652 οἶνον,
964 1590 1234 1659 λέγοντες,
1268 1591 1536 1663 Φάγωμεν
1557 1594 1651 1646 καὶ
1676 1594 1815 1647 πίω-

212 1697 335 1749 μεν·
370 1679 565 1751 αὔριον
607 1680 717 1753 γὰρ
766 1682 1205 1754 ἀποθνήσκομεν.
1247 1702 1265 1734 ι
1310 1684 1365 1737 '0
1414 1684 1511 1755 μὲν
1558 1681 1651 1738 οὖν
1685 1685 1816 1750 Θεὸς

213 1772 432 1842 μεγάλα
467 1774 797 1843 τολμήσασι,
841 1774 915 1845 μὴ
948 1774 1269 1847 βουλόμενος
1306 1775 1534 1830 θάνατον
1557 1778 1817 1848 ἀμαρτω-

209 1862 301 1916 λοῦ
331 1863 413 1926 ὡς
438 1864 538 1934 τὴν
567 1864 857 1935 μετάνοιαν
890 1866 1079 1929 αὑτοῦ,
1114 1866 1545 1938 θρηνεῖναύτοὺς
1572 1869 1666 1923 καὶ
1690 1868 1820 1922 ἁπο-

1920 682 2114 746 tiones,
2146 680 2199 734 in
2258 680 2456 749 quibus
2486 677 2652 732 altum
2707 688 2929 746 sapiunt
2960 678 3016 742 ii,
3046 677 3140 747 qui
3183 677 3323 747 apud
3376 676 3497 733 illos

1920 773 2229 828 Deuterotze
2266 770 2626 842 appellantur.
2660 788 2676 821 ι
2699 770 2765 824 Ει
2800 786 2904 825 non
2939 770 3255 840 respexistis
3290 771 3340 823 in
3372 784 3495 824 eum

1918 867 2008 933 qui
2038 866 2105 920 ah
2135 864 2290 919 initio
2336 864 2463 918 fecit
2500 863 2672 926 illam,
2694 870 2749 915 et
2775 861 3109 916 conditorem
3135 861 3253 927 ejus
3279 877 3385 915 non
3416 862 3498 914 vi-

1918 959 2094 1013 distis.
2129 977 2147 1009 ι
2181 958 2258 1011 De
2294 957 2460 1011 veleri
2492 956 2795 1009 divinarum
2834 954 3239 1023 Scripturarum
3284 953 3495 1022 piscina

1922 1049 2138 1121 loquor,
2167 1063 2287 1120 quae
2314 1063 2343 1103 a
2368 1048 2607 1103 fontibus
2637 1046 2806 1101 divini
2836 1045 3072 1116 Spiritus
3110 1055 3349 1100 emanat.

1990 1227 2156 1282 Vens.
2192 1226 2279 1291 ιε,
2311 1226 2399 1279 15.
2436 1244 2455 1276 t
2480 1225 2544 1279 Et
2601 1225 2817 1279 vocavit
2865 1224 3125 1277 Dominus
3169 1222 3406 1278 Sabaoth
3438 1224 3495 1277 in

1919 1319 2006 1373 die
2035 1320 2122 1372 illa
2164 1318 2373 1382 ﬂetum,
2405 1328 2461 1372 et
2507 1318 2809 1387 planctum,
2833 1326 2886 1369 et
2919 1316 3267 1371 abrasionem
3299 1325 3355 1370 et
3382 1316 3496 1370 cin-

1919 1420 2134 1465 cturam
2168 1424 2454 1463 saccorum
2483 1428 2498 1464 :
2525 1407 2601 1462 illi
2632 1420 2813 1462 autem
2848 1408 3011 1463 laetati
3051 1416 3108 1461 et
3140 1406 3315 1478 gavisi
3348 1415 3495 1471 sunt,

1914 1503 2228 1573 jugulantes
2274 1501 2477 1556 vitulos
2524 1510 2580 1555 et
2634 1510 2937 1555 mactantes
2988 1514 3140 1564 oves,
3172 1508 3231 1553 ut
3275 1502 3501 1554 ederent

1918 1611 2133 1658 carnes,
2165 1605 2221 1650 et
2245 1595 2496 1649 biberent
2529 1593 2733 1658 vinum,
2767 1593 3029 1655 dicentes,
3070 1590 3420 1645 comedamus
3443 1597 3501 1643 et

1919 1690 2195 1754 bibamus,
2228 1703 2351 1742 cras
2393 1687 2539 1741 enim
2593 1686 2911 1739 moriemur.
2939 1703 2956 1735 ι
3011 1683 3154 1738 Deus
3186 1684 3369 1755 igitur,
3405 1683 3498 1752 qui

1918 1798 2026 1836 non
2063 1780 2177 1835 vult
2230 1789 2458 1833 mortem
2509 1777 2831 1847 peccatoris,
2862 1776 2955 1830 sed
3004 1776 3175 1844 magis
3227 1774 3499 1843 pmniteu-

1921 1876 2076 1938 tiam,
2112 1874 2257 1943 ipsos
2314 1886 2508 1940 magna
2573 1868 2814 1924 facinora
2862 1882 3166 1936 aggressus,
3219 1867 3405 1936 lugere
3444 1875 3501 1919 et

210 1953 502 2007 κλαίεσθαι
543 1954 643 2027 τήν
690 1955 898 2009 ἑαυτῶν
931 1954 1207 2010 ἀπώλειαν
1263 1956 1723 2029 παρεκελεύσατο·
1765 1960 1814 2010 οἱ

1924 1965 2215 2035 perniciem
2263 1964 2395 2018 flere
2424 1976 2577 2017 suam
2605 1959 2789 2027 jubet;
2832 1959 2906 2011 illi
2944 1974 3071 2012 vero
3104 1958 3157 2011 in
3188 1955 3497 2024 huiusmodi

208 2045 264 2098 δὲ
294 2047 358 2099 ἐν
382 2047 647 2110 τοιούτοις
696 2050 883 2112 κακοῖς
922 2046 1321 2119 ἐξεταζόμενοι,
1346 2050 1421 2113 ὡς
1457 2050 1523 2103 ἂν
1569 2050 1815 2118 ἀπεγνωο

209 2138 371 2201 κότες
408 2138 619 2191 ἑαυτῶν
645 2139 938 2209 σωτηρίαν,
963 2141 1043 2203 είς
1064 2140 1320 2194 ἀπόνοιαν
1340 2140 1653 2206 ἐξώκειλαν,
1675 2142 1815 2217 μέθῃ

213 2233 305 2283 καὶ
342 2232 526 2300 τρυφῇ
564 2231 789 2294 ἑαυτοὺς
819 2232 1085 2297 ἐκδόντες,
1127 2232 1202 2297 ὡς
1221 2234 1283 2286 οὐ
1306 2233 1695 2306 διαδεξομένης
1718 2237 1816 2289 αύ-

209 2322 339 2382 τοὺς
393 2320 532 2373 Θεοῦ
582 2321 817 2393 κρίσεως
853 2323 991 2393 μετὰ
1042 2325 1142 2396 τὴν
1185 2323 1279 2377 τοῦ
1314 2325 1509 2398 θνητοῦ
1565 2326 1682 2396 βίου
1735 2344 1819 2379 τε·

210 2410 431 2482 λευτήν.

288 2522 307 2553 t
353 2502 462 2555 Καὶ
493 2503 993 2576 ἁνακεκαλυμμὲνα
1016 2506 1192 2560 ταῦτά
1225 2510 1330 2561 είσι
1366 2510 1421 2561 ἐν
1442 2511 1554 2572 τοῖς
1570 2508 1672 2561 ὠσὶ
1702 2511 1816 2561 Κυ-

216 2595 337 2664 ρίου
364 2594 617 2648 Σαϐαὼθ.
659 2615 677 2646 ι
717 2598 809 2649 Διὸ
840 2597 1030 2670 ὥσπερ
1061 2599 1247 2670 δεσμῷ
1276 2600 1411 2652 Θεοῦ
1443 2600 1816 2655 καταδεθεῖσιν

213 2685 403 2747 αὐτοῖς
432 2688 498 2755 τῇ
537 2686 779 2757 ἁμαρτίᾳ
801 2687 1073 2757 ἀπόφασις
1096 2690 1440 2760 ἐξενήνεκται
1471 2693 1591 2743 κατ’
1612 2692 1813 2757 αὐτῶν,

216 2780 459 2846 φήσασα·
503 2794 520 2827 ε
546 2778 658 2831 Ούκ
693 2778 1024 2851 ἀφεθήσεται
1052 2784 1083 2851 ἡ
1112 2782 1336 2854 τοιαύτη
1373 2784 1613 2855 ἁμαρτία
1640 2784 1814 2855 ὑμῶν,

216 2868 326 2931 ἕως
356 2868 691 2941 ἀποθάνητε.
742 2891 761 2923 ι

293 2980 314 3011 ι
352 2960 493 3012 Τάδε
528 2960 674 3030 λέγει
705 2962 907 3036 Κύριος
947 2964 1197 3018 Σαϐαὼθ·
1235 2965 1477 3037 Πορεύου
1501 2968 1583 3031 είς
1615 2985 1814 3023 παστο-

218 3054 409 3126 φὸριον
445 3056 583 3126 πρὸς
615 3056 826 3127 Σομνὰν
861 3058 951 3111 τὸν
974 3058 1198 3128 ταμίαν,
1236 3061 1330 3113 καὶ
1357 3056 1508 3113 εἷπον
1535 3061 1702 3132 αύτῷ·
1754 3062 1818 3114 Τί

222 3164 304 3200 σοι
339 3142 479 3212 ὧδε;
506 3148 679 3200 Καὶτί
706 3152 787 3202 σοί
808 3151 957 3201 ἐστιν
988 3144 1110 3213 ὦδε,
1131 3151 1213 3204 ὅτι
1241 3152 1585 3223 ἐλατόμησας
1608 3154 1818 3225 σεαυτῷ

222 3234 325 3295 ὧδε
362 3243 664 3312 μνημεῖον;
716 3244 811 3295 καὶ
835 3243 1097 3315 ἐποίησας
1132 3243 1345 3315 σεαυτῷ
1372 3247 1429 3297 ἐν
1456 3244 1644 3316 ὑψηλῷ
1681 3263 1817 3316 μνη-

224 3336 398 3404 μεῖον,
429 3333 525 3387 καὶ
561 3333 806 3405 ἔγραψας
844 3335 1059 3406 σεαυτῷ
1091 3339 1148 3390 ὲν
1186 3338 1367 3409 πέτρᾳ
1402 3340 1641 3409 σκηνήν;
1686 3339 1815 3392 Ἰδοὺ

219 3426 283 3497 δὴ
314 3426 523 3495 Κύριος
558 3426 787 3480 Σαϐαὼθ
840 3428 1059 3482 ἐκϐαλεῖ
1094 3432 1186 3483 καὶ
1218 3431 1465 3500 ἐκτρίψει
1497 3432 1685 3502 ἄνδρα,
1722 3433 1816 3485 καὶ

220 3518 413 3587 ἀφελεῖ
442 3518 542 3589 τὴν
574 3520 765 3589 στολήν
787 3538 903 3583 σου,
936 3523 1029 3576 καὶ
1058 3523 1149 3576 τὸν
1190 3524 1453 3591 στέφανόν
1487 3542 1581 3577 σου
1615 3526 1704 3577 τὸν
1730 3524 1817 3577 ἔν-

219 3610 390 3678 δοξον,
427 3612 524 3665 καὶ⁵
556 3612 700 3683 ῥίψει
754 3631 812 3666 σε
834 3616 913 3677 είς
947 3614 1130 3686 χώραν
1177 3615 1417 3687 μεγάλην
1448 3620 1540 3670 καὶ
1574 3619 1819 3689 ἀμέτρη-

218 3722 327 3768 τον,
384 3706 481 3758 καὶ
529 3708 646 3758 ἐκεῖ
704 3706 971 3778 ἀποθανῇ·
1010 3710 1103 3760 καὶ
1158 3707 1312 3779 θήσει
1342 3709 1402 3762 τὸ
1436 3711 1589 3780 ἆρμα
1624 3727 1715 3763 σου
1756 3711 1817 3761 τὸ

223 3799 387 3850 καλὸν
422 3800 503 3861 εἰς
536 3798 780 3868 ἀτιμίαν,
832 3802 926 3853 καὶ
961 3801 1051 3852 τὸν
1090 3796 1237 3852 οἷκον
1282 3800 1377 3853 τοῦ
1435 3801 1691 3872 ἄρχοντός
1721 3819 1814 3854 σου

221 3892 299 3952 είς
334 3891 729 3960 καταπάτημα·
768 3893 861 3945 καὶ
894 3893 1241 3964 ἀφαιρεθήσῃ
1275 3895 1337 3945 ἐκ
1371 3896 1467 3964 τῆς
1504 3894 1817 3964 οἰκονομίας

225 4000 314 4037 σου
352 3984 447 4036 καὶ
502 3984 566 4036 ἐκ
612 3985 711 4055 τῆς
762 3984 1003 4047 στάσεώς
1053 4002 1167 4040 σου.
1233 4005 1251 4035 t
1308 3987 1503 4055 Ἔλεγε
1560 3987 1737 4039 τοίνυν
1788 3990 1817 4041 6

232 4078 485 4149 Ἐϐραῖος
508 4078 769 4150 ἀρχιερέα
793 4078 1117 4149 γεγενῆσθαι
1156 4080 1247 4133 τὸν
1288 4080 1501 4150 Σομνὲιν
1530 4098 1560 4133 τ
1571 4085 1815 4152 ρυφητήν

222 4187 361 4233 τινα,
390 4171 485 4223 καὶ
514 4170 608 4221 τὸν
648 4168 759 4238 βίον
792 4169 1026 4239 ἄσεμνον
1058 4170 1247 4241 ἄνδρα·
1284 4171 1360 4235 ὡς
1393 4174 1485 4225 καὶ
1526 4172 1815 4244 προδοῦναι

222 4262 311 4316 τὸν
331 4262 461 4314 λαὸν
480 4260 593 4331 (‘28)
611 4262 703 4314 καὶ
719 4261 1086 4333 αὐτομολῆσαι
1101 4265 1239 4335 πρὸς
1257 4265 1459 4335 Σεναχη
1470 4265 1549 4335 psi.
1556 4284 1593 4335 μ
1604 4266 1693 4317 τὸν
1709 4264 1815 4317 τῶν

236 4353 539 4408 Ἀσσυρίων
588 4352 831 4423 βασιλέα,
885 4354 1023 4425 πρὸς
1072 4355 1130 4409 ὃν
1183 4355 1462 4409 ἐκελεύετο
1516 4356 1750 4426 βαδίζειν
1788 4358 1816 4409 6

224 4448 513 4520 προφήτης
546 4449 627 4510 είς
665 4446 725 4500 τὸ
748 4448 1183 4519 παστοφόριον,ἢ
1212 4449 1352 4502 κατὰ
1378 4450 1467 4502 τὸν
1497 4450 1813 4521 Σύμμαχον,

229 4559 246 4590 t
274 4541 365 4592 τὸν
392 4539 843 4608 σκηνοποιοῦντα,
892 4560 910 4591 ι
957 4540 1160 4611 ἢκατὰ
1189 4542 1281 4593 τὸν
1328 4541 1576 4605 Ἀκύλαν,
1619 4562 1636 4593 t
1679 4542 1816 4613 πρὸς

1919 2059 2077 2114 malis
2105 2065 2409 2120 versantes,
2436 2054 2591 2123 quasi
2625 2055 2690 2107 de
2714 2053 2888 2107 salute
2913 2052 3268 2119 desperantes
3293 2064 3413 2113 sua,
3444 2050 3495 2102 in

1917 2149 2184 2204 insaniam
2237 2156 2588 2218 proruerunt,
2648 2144 2899 2199 ebrietati
2951 2154 3006 2197 et
3055 2141 3316 2209 voluptati
3378 2155 3499 2194 sese

1917 2242 2207 2304 delentes;
2237 2238 2389 2307 quasi
2426 2251 2617 2306 nempe
2651 2245 2770 2305 post
2798 2237 3003 2289 exitum
3033 2251 3099 2288 ex
3128 2234 3228 2288 hac
3264 2233 3373 2285 vita
3404 2232 3498 2287 Dei

1912 2332 2175 2400 judicium
2218 2330 2529 2399 neutiquam
2566 2328 2684 2383 illos
2713 2339 3060 2397 excepturum
3094 2334 3259 2380 esset.

1994 2512 2153 2567 Vens.
2190 2512 2277 2565 14.
2313 2531 2330 2562 t
2358 2512 2424 2565 Et
2475 2511 2590 2565 btec
2624 2510 2860 2565 revelata
2899 2519 3023 2562 sunt
3058 2508 3109 2560 in
3144 2508 3366 2561 auribus
3396 2506 3501 2559 Do-

1919 2604 2051 2657 mini
2103 2604 2363 2658 Sabaoth.
2400 2621 2419 2654 ι
2455 2602 2635 2667 Quare
2695 2602 2805 2655 illis
2858 2610 3080 2666 peccato
3142 2614 3239 2652 ceu
3286 2596 3500 2650 vinculo

1921 2697 2013 2749 Dei
2049 2696 2268 2755 vinctis.
2302 2696 2419 2749 hzec
2447 2694 2720 2748 sententia
2767 2693 3042 2761 profertur
3073 2709 3086 2744 :
3124 2709 3141 2739 ι
3172 2689 3284 2743 Non
3317 2688 3500 2743 dimit-

1922 2795 2065 2840 tetur
2091 2786 2245 2838 vobis
2276 2786 2379 2839 hoc
2405 2792 2711 2854 peceatum,
2739 2784 2913 2837 donec
2949 2781 3281 2834 moriamiui.
3314 2799 3331 2830 ι

1988 2966 2157 3022 Vens.
2189 2965 2367 3021 15-19.
2404 2985 2422 3016 ι
2450 2964 2576 3020 llzec
2594 2965 2720 3020 dicit
2750 2964 3010 3019 Dominus
3041 2963 3276 3017 Sabaoth
3306 2981 3319 3015 :
3352 2960 3500 3016 Vade

1920 3059 1973 3113 in
2025 3059 2435 3128 pastopltorium
2488 3057 2553 3111 ad
2610 3058 2868 3111 Sotnnam
2927 3057 3273 3125 penuarium,
3309 3062 3363 3107 et
3410 3052 3499 3104 die

1919 3149 1966 3204 ei
2006 3166 2020 3203 :
2054 3149 2194 3216 Quid
2236 3148 2329 3202 tibi
2373 3149 2504 3202 hic?
2546 3148 2608 3201 Et
2642 3149 2770 3217 quid
2806 3148 2902 3201 tibi
2934 3157 3040 3210 est,
3077 3145 3218 3213 quod
3250 3140 3501 3198 excidisti

1924 3242 2018 3296 tibi
2071 3242 2159 3295 hic
2196 3243 2739 3295 mouumeutttm?et
2799 3240 2976 3293 fecisti
3035 3238 3128 3291 tibi
3181 3237 3231 3290 in
3284 3233 3499 3291 excelso

1922 3344 2357 3399 monumentum,
2392 3342 2447 3387 et
2474 3333 2744 3402 scripsisti
2792 3333 2889 3386 tibi
2922 3332 2973 3384 in
3007 3340 3157 3397 petra
3189 3329 3503 3384 tabernacu-

1919 3428 2071 3481 lum?
2107 3428 2245 3481 Ecce
2270 3436 2421 3481 certe
2455 3427 2714 3480 Dominus
2743 3424 2980 3479 Sabaoth
3006 3424 3187 3493 ejiciet
3212 3432 3259 3475 et
3304 3428 3501 3473 atteret

1919 3521 2119 3586 virum,
2152 3530 2206 3574 et
2235 3521 2446 3575 auferet
2475 3521 2731 3574 amictum
2765 3530 2933 3583 tuum,
2974 3527 3028 3571 et
3067 3532 3323 3571 coronam
3352 3525 3498 3568 tuam

1919 3616 2237 3685 gloriosam.
2272 3624 2325 3669 et
2356 3615 2607 3683 projiciet
2640 3625 2693 3668 te
2725 3614 2775 3667 in
2822 3614 3099 3683 regionem
3150 3624 3396 3681 magnam
3447 3615 3504 3661 et

1920 3706 2264 3766 immensam,
2298 3714 2351 3759 et
2381 3706 2453 3758 ibi
2499 3706 2782 3768 morieris;
2816 3714 2869 3757 et
2912 3715 3075 3771 ponet
3099 3718 3317 3756 currum
3349 3711 3500 3753 tuum

1917 3796 2204 3865 pulchrum
2238 3797 2288 3849 iu
2310 3798 2567 3861 dedecus,
2589 3799 2873 3849 ctdomnm
2898 3796 3155 3865 ptitu-ipis
3182 3795 3255 3847 tui
3282 3794 3335 3847 in
3369 3809 3502 3847 con-

1919 3887 2279 3942 culcatiouem
2302 3906 2314 3940 :
2340 3900 2390 3942 et
2420 3904 2447 3941 a
2473 3889 2878 3958 dispensatione
2906 3898 2992 3941 tua
3023 3896 3077 3941 et
3098 3903 3125 3938 a
3154 3887 3383 3939 statione
3414 3897 3502 3937 tua

1918 3979 2212 4037 areeberis.
2246 4000 2264 4033 ι
2305 3983 2395 4037 Ait
2448 3982 2629 4050 itaque
2684 3980 2962 4045 Hebrzeus,
3017 3980 3273 4034 Somnam
3337 3975 3504 4029 fuisse

1918 4086 2264 4155 pontiﬁcem,
2312 4076 2672 4144 voluptarium
2711 4080 2762 4126 et
2827 4072 3093 4126 indecorae
3152 4072 3274 4123 vita:
3328 4068 3501 4123 horni-

1918 4194 2074 4243 nem,
2117 4177 2187 4229 ita
2246 4182 2303 4225 ιιι
2351 4170 2513 4223 etiam
2550 4166 2804 4237 populum
2857 4165 3109 4233 proderet
3159 4174 3214 4217 et
3261 4161 3501 4216 transfu-

1918 4277 2071 4335 geret
2115 4267 2180 4318 ad
2220 4260 2572 4317 Senaeherim
2608 4258 2953 4328 Assyriorum
2991 4271 3190 4324 regem,
3229 4271 3385 4325 quem
3414 4254 3500 4323 ju»

1920 4360 2078 4413 betur
2116 4355 2374 4427 propheta
2420 4354 2471 4406 in
2518 4350 2868 4422 pastopltorio
2920 4351 3100 4413 adire;
3129 4350 3261 4415 sive,
3305 4365 3502 4402 secun-

1919 4451 2044 4506 dum
2075 4449 2485 4521 Symmachum,
2519 4465 2537 4497 ‹
2568 4446 2631 4497 ad
2666 4444 3133 4498 talieruamtlorum
3164 4443 3423 4497 artiﬁcem
3446 4460 3495 4509 ;ι

1919 4562 2036 4611 seu,
2072 4542 2367 4598 secundum
2422 4539 2695 4609 Aquilam,
2758 4556 2775 4588 t
2810 4542 2875 4590 ad
2933 4537 3274 4591 tabernacula
3338 4537 3505 4607 figen-

222 4630 313 4684 τόν
344 4629 670 4700 σκηνοῦντα·
703 4650 722 4681 ι
771 4629 915 4683 οὕτω
942 4630 1050 4702 γὰρ
1073 4631 1421 4702 ἡρμήνευσαν
1454 4633 1589 4686 Θεοῦ
1621 4633 1684 4686 τὸ
1709 4651 1814 4686 πα-

1924 4649 2107 4705 ιειη,›
2168 4637 2237 4689 ita
2310 4634 2452 4687 enim
2516 4630 2928 4701 pastophorium
2997 4630 3087 4683 Dei
3163 4630 3501 4698 interpretati

226 4723 531 4793 στοψόριον·
569 4724 744 4776 εἰπεῖν
772 4740 831 4776 τε
866 4723 1033 4793 αὐτῷ·
1058 4725 1271 4794 Μάτην,
1292 4721 1336 4778 ὦ
1359 4721 1533 4789 οὗτος,
1561 4727 1654 4780 καὶ
1687 4745 1821 4798 προ-

224 4816 404 4878 πετῶς
440 4816 628 4869 ἐνθάδε
654 4815 836 4886 σαυτῷ
868 4817 1003 4887 πρὸς
1023 4820 1088 4888 τῇ
1121 4818 1297 4889 πέτρα
1330 4822 1395 4889 τῇ
1431 4819 1607 4891 ὑψηλῇ
1638 4821 1820 4873 ἐλατό-

230 4926 407 4977 μησας
444 4911 728 4979 μνημεῖον,
768 4908 1044 4972 κοιλαίνας
1091 4910 1148 4962 ἐν
1194 4909 1343 4979 αύτῷ
1386 4911 1678 4982 γράμμασι
1721 4913 1821 4983 τῆς

228 5000 425 5053 σαυτοῦ
463 5000 689 5071 γνώμης
739 5000 1003 5070 σύμϐολα·
1040 5002 1138 5054 ούκ
1192 5002 1365 5065 εἰδὼς,
1411 5003 1489 5055 ὃτι
1518 5004 1642 5075 ὄρος
1680 5005 1820 5057 κατὰ

228 5094 321 5146 σοῦ
355 5095 705 5164 ἐξενήνεκται
749 5093 901 5165 παρὰ
940 5095 1143 5165 Κυρίου
1204 5094 1452 5158 Σαϐαὼθ,
1510 5098 1538 5149 6
1580 5096 1816 5149 κελεύων

224 5185 622 5257 καθαιρεθέντα
644 5202 703 5238 σε
721 5187 820 5257 τῆς
847 5187 1032 5257 τιμῆς,
1064 5182 1129 5257 ἧς,
1158 5187 1249 5239 ἐπὶ
1271 5186 1363 5239 τοῦ
1394 5188 1657 5259 παρόντος
1690 5207 1819 5258 μετ-

227 5281 392 5345 εῖχες,
428 5275 523 5329 καὶ
561 5276 916 5346 γυμνωθέντα
952 5278 1051 5349 τῆς
1075 5279 1467 5349 περικειμένής
1492 5296 1572 5332 σοι
1599 5281 1814 5350 στολῆς,

225 5369 318 5421 τοῦ
349 5386 410 5421 τε
470 5369 739 5436 στεφάνου
784 5369 879 5421 καὶ
930 5370 1027 5439 τῆς
1057 5370 1222 5441 ἄλλης
1264 5372 1440 5440 δόξης,
1474 5371 1814 5442 πορρωτάτω

224 5462 319 5545 τῖς
370 5459 609 5513 ἐνταῦθα
636 5460 762 5529 γῆς,
808 5461 898 5513 ἐπὶ
929 5459 1087 5531 ξένης
1132 5461 1275 5525 τινὸς
1321 5463 1415 5515 καὶ
1461 5462 1677 5533 μακράν
1712 5463 1821 5514 άπ-

223 5552 540 5624 ῳκισμένης
566 5551 752 5622 χώρας
782 5551 1094 5607 ἀποθανεῖν.
1126 5554 1405 5625 Περιττῶς
1439 5555 1546 5625 ἄρα
1577 5554 1824 5622 ἐφιλοκά-

225 5643 336 5706 λειε
370 5645 465 5697 τὸν
503 5644 672 5698 πολὺν
712 5646 920 5699 ἐκεῖνον
954 5646 1202 5714 συνάγων
1231 5646 1482 5711 πλοῦτον,
1506 5646 1574 5700 τὰ
1599 5646 1820 5719 ἅρματα

226 5738 317 5790 καὶ
345 5736 440 5791 τὸν
468 5737 655 5792 λοιπὸν
676 5737 865 5807 τῦφον,
895 5737 955 5792 ὃν
975 5736 1142 5793 εἰσέτι
1164 5740 1257 5792 καὶ
1283 5740 1378 5793 νῦν
1406 5739 1818 5812 περιϐέϐλησαι.

299 5854 418 5925 (9.8)
460 5855 553 5911 Sic
606 5854 988 5927 Hieronymus,
1026 5876 1045 5908 ι
1083 5856 1257 5923 Supra
1308 5858 1543 5911 diximus
1576 5856 1812 5911 Subitam

231 5924 395 5985 fuisse
441 5928 778 5998 potitiftcem,
808 5924 899 5999 qui
949 5930 1187 6003 Assyriis
1236 5930 1473 6000 prodidit
1509 5931 1807 5986 civitatem.

1924 4740 2090 4787 sunt:
2124 4729 2332 4798 ipsique
2370 4727 2554 4780 dicere
2601 4725 2931 4795 prtecipitur,
2982 4722 3126 4777 Heus
3172 4734 3249 4787 tu,
3301 4723 3502 4777 frustra

1922 4834 1977 4876 et
2014 4832 2216 4876 temere
2258 4821 2345 4873 hic
2382 4819 2474 4871 tihi
2513 4819 2566 4871 in
2603 4818 2706 4870 alta
2751 4827 2903 4885 petra
2953 4826 3357 4871 monumentum
3407 4832 3504 4869 ex-

1922 4912 2135 4975 cidisti,
2185 4909 2466 4977 insculptis
2506 4908 2703 4962 litteris
2749 4908 3040 4963 voluntatis
3094 4918 3196 4961 tua:
3259 4907 3503 4977 symbola

1926 5012 2318 5072 repraesentans
2364 5018 2377 5053 :
2425 5000 2683 5067 ignorans
2726 4999 3001 5052 decretum
3042 5013 3069 5049 a
3130 4996 3353 5049 Domino
3402 4992 3502 5047 Sa-

1924 5097 2085 5151 baoth
2114 5104 2298 5147 contra
2334 5102 2385 5147 te
2410 5092 2649 5161 prodire,
2677 5105 2783 5159 quo
2814 5099 2866 5144 te
2894 5088 3066 5156 jubet,
3104 5088 3307 5141 honore
3340 5100 3499 5153 quem

1926 5202 2068 5240 nunc
2119 5186 2331 5239 obtines
2372 5184 2750 5244 deturbatum,
2798 5182 3029 5247 amictu,
3082 5195 3187 5250 quo
3235 5177 3499 5240 indueris,

1924 5292 2123 5331 cornua
2149 5291 2212 5330 ac
2246 5276 2453 5345 reliquo
2478 5276 2673 5329 decore
2703 5285 2949 5338 exutum,
2978 5271 3167 5340 procul
3198 5272 3299 5324 hac
3333 5281 3500 5333 terra,

1926 5370 1979 5422 in
2015 5367 2297 5437 peregrina
2337 5378 2390 5421 et
2435 5366 2797 5421 remotissima
2855 5368 3072 5434 regione
3124 5362 3362 5433 defungi.
3398 5361 3503 5418 Stt-

1926 5460 2129 5529 perllue
2162 5459 2325 5529 igitur
2354 5467 2531 5512 tantas
2564 5457 2683 5511 iilas
2712 5455 2931 5509 divitias
2961 5454 3204 5509 Studiose
3245 5454 3504 5525 colligere
3530 5466 3533 5469 '

1925 5554 2229 5621 satagehas,
2274 5566 2337 5605 ac
2394 5565 2584 5605 currus
2623 5549 3030 5621 superbumque
3062 5547 3225 5601 alium
3266 5561 3503 5616 appara-

1927 5654 2057 5708 tum,
2100 5658 2207 5712 quo
2252 5657 2395 5697 nunc
2424 5639 2686 5696 indueris.
2735 5638 2861 5693 llaec
2903 5638 3025 5696 item
3067 5639 3333 5710 quispiam
3369 5648 3504 5692 tem-

1926 5736 2043 5806 pori
2080 5736 2348 5806 passionis
2392 5733 2701 5790 Servatoris
2741 5734 2914 5787 nostri
2947 5742 3306 5804 congruenter
3347 5742 3498 5802 apta-

1922 5855 2028 5909 Sed
2059 5855 2181 5919 quia
2217 5853 2318 5908 hoc
2348 5849 2655 5906 traditionis
2686 5859 2765 5907 est
2804 5848 3103 5915 llebraicm,
3134 5855 3185 5902 et
3216 5844 3501 5915 Scriptura

1923 5942 2027 5984 nou
2065 5924 2319 5997 loquitur,
2348 5930 2452 5979 etc.
2758 5924 2759 5927 “
