3984 6518
170 460 284 516 253
1123 459 1628 521 COMMENTARIA
1670 463 1734 519 IN
1776 463 2031 519 ISAIAM.
2073 492 2143 502 ——
2179 460 2333 517 CAP.
2385 460 2579 516 XXIII.
3371 462 3503 518 254-

174 574 448 645 πρὼτοις
482 593 737 647 σημαινει
762 575 863 647 τὴν
904 575 1241 632 ἐπελθοῦσαν
1266 581 1331 651 τῇ
1380 579 1541 652 Τύρῳ
1585 579 1781 651 πολιορ

1900 576 2171 646 signilicat
2214 575 2454 628 futuram
2498 574 2626 645 Tyri
2673 572 3013 632 obsidionem
3044 590 3061 628 ι
3092 588 3198 645 quo
3234 583 3479 646 tempore

172 669 307 719 κίαν
333 684 351 697 ·
389 667 518 720 καθ’
556 666 619 719 δν
654 666 845 737 χρόνον
876 666 1109 730 ἐπιστὰς
1130 669 1159 721 ὁ
1202 667 1657 740 Ἀσσύριοςμετὰ
1684 668 1781 720 16in.

1897 670 2292 739 superveniens
2318 668 2578 740 Assyrius
2604 683 2729 723 cum
2758 669 2879 723 aliis
2903 668 3178 739 gentibus.
3205 679 3262 727 et
3305 670 3477 740 ipsam

170 758 370 811 mm»
412 759 584 813 ἐθνῶν
614 760 706 812 καί
726 758 898 829 αὐτὴν
922 752 1035 811 εἷλε
1074 759 1168 811 καὶ
1200 758 1298 830 τὴν
1326 759 1552 822 Σιδῶνα,
1578 758 1658 821 ὡς
1700 759 1781 811 καΊ

1894 771 1950 816 et
1979 761 2237 815 Sidonem
2279 759 2455 827 cepit,
2500 766 2558 811 ut
2588 758 2755 812 etiam
2800 760 2853 813 in
2884 771 3197 815 exterarum
3232 761 3477 816 historiis

168 853 231 903 ὲν
266 852 415 913 ταῖς
453 849 652 914 ἔξωθεν
679 848 981 920 ἐμφέρεται
1024 850 1304 920 ἱστορίαις.
1366 852 1453 903 Ἐν
1492 849 1573 920 τῷ
1618 848 1781 919 καιριξ

1898 861 2175 906 narratur.
2219 848 2316 905 Illo
2366 848 2551 917 itaque
2602 858 2875 919 tempore,
2925 864 3033 921 quo
3070 852 3359 922 Tyriorum
3398 854 3479 907 ci-

168 944 372 994 τοίνυν
407 943 624 1013 ἐκείνῳ,
662 941 783 995 καθ’
812 942 872 994 ὃν
900 941 998 1012 τὴν
1029 941 1299 1011 τοσαύτην
1326 942 1541 1013 ἐκείνην
1566 942 1781 1011 ὑπέμει-

1895 947 2033 1001 vitas
2063 953 2270 1001 tantam
2305 958 2467 1014 passa
2508 952 2598 999 est
2629 943 2964 1010 vastitatem,
2992 960 3332 1017 consequens
3358 959 3477 1004 erat

167 1035 556 1106 νενερημίαν
584 1036 614 1105 ἡ
642 1035 857 1106 Τυρίων
890 1034 1065 1098 πόλις,
1094 1035 1241 1098 εἰκὸς
1262 1030 1330 1106 ἦν
1358 1035 1555 1099 αὐτοὺς
1596 1035 1781 1105 μηκέτι

1895 1037 2018 1092 illos
2071 1051 2179 1091 non
2243 1034 2408 1090 solito
2461 1036 2797 1090 commercio
2845 1036 2962 1101 uti;
3022 1039 3223 1093 nautici
3277 1039 3477 1109 quippe

169 1128 325 1199 μηδὲ
381 1128 610 1199 συνήθει
645 1126 947 1198 κεχρῆσθαι
985 1127 1247 1198 ἐμπορίᾳ,
1283 1128 1569 1190 ναυτικοὺς
1608 1125 1781 1189 ὖντας,

1896 1139 2091 1193 erant,
2138 1144 2201 1183 ac
2236 1141 2454 1199 semper
2529 1126 2757 1182 marinis
2815 1124 3269 1198 negotiationibus
3315 1146 3475 1185 vaca-

170 1221 273 1275 καὶ
306 1221 561 1273 πάντοτε
599 1219 1008 1290 πραγματείαις
1034 1222 1155 1282 ταῖς
1184 1218 1273 1272 διὰ
1299 1218 1577 1290 θαλάσσης
1603 1217 1781 1288 σχολά-

1897 1222 2049 1277 bant.
2085 1220 2270 1276 Deleta
2313 1223 2496 1289 itaque
2526 1219 2691 1291 Tyro,
2726 1220 2856 1275 nulli
2898 1226 3169 1293 erantqui
3201 1236 3300 1294 pro
3326 1240 3477 1282 more

170 1310 416 1375 ζοντας.
499 1310 917 1381 Ἀφανισθείσης
962 1309 1145 1364 τοίνυν
1195 1314 1295 1382 τῆς
1346 1310 1561 1383 Τύρου,
1608 1313 1781 1366 οὐκέτι

1896 1329 2107 1370 merces
2172 1314 2299 1369 inde
2362 1316 2834 1370 transveherent:
2882 1316 2918 1370 ii
2971 1331 3101 1371 vero
3148 1316 3477 1390 Carthagine

169 1399 325 1474 ἦσαν
386 1405 441 1456 οἱ
490 1404 591 1467 τὰς
640 1404 911 1475 ἐμπορίας
960 1403 1019 1469 ἐξ
1064 1405 1236 1475 αὐτῆς
1284 1405 1634 1476 κομίζοντες,
1683 1407 1781 1460 ἀπὶ

1894 1404 2099 1475 Tyrum
2132 1404 2393 1475 navigare
2438 1404 2712 1460 solebant.
2751 1423 2771 1457 ι
2805 1405 2870 1459 Et
2917 1420 3021 1461 non
3068 1408 3207 1462 ultra
3250 1409 3479 1465 veniunt

173 1496 552 1567 Καρχηδόνος
581 1496 834 1560 εἰωθότες
866 1496 1108 1551 διαπλεῖν
1148 1497 1241 1550 ἐπὶ
1270 1497 1368 1568 τὴν
1398 1498 1595 1570 Τύρον.
1631 1518 1649 1549 ι
1681 1498 1781 1552 Καὶ

1893 1496 1961 1551 de
2007 1504 2150 1552 terra
2180 1495 2540 1552 Citiensium:
2578 1495 2850 1554 abductus
2895 1508 2980 1553 est
3014 1501 3284 1569 captivus.
3308 1517 3326 1553 ι
3381 1502 3476 1559 llis

170 1590 379 1644 οὐκέτι
411 1589 665 1661 ἔρχονται
708 1591 776 1643 ἐκ
815 1592 916 1661 γῆς
958 1590 1255 1644 Κιττιέων·
1301 1582 1468 1661 ἦκται
1510 1590 1781 1661 αἰχμάλω-

1896 1586 2131 1642 indicari
2180 1585 2419 1657 Cyprum
2450 1588 2675 1651 dicitur,
2707 1589 3106 1660 Cittiorumque
3133 1592 3323 1647 urbem
3375 1593 3477 1649 ibi-

170 1700 294 1745 τος.
351 1700 374 1733 ι
417 1682 657 1751 Λέγεται
703 1682 761 1735 δὲ
810 1684 843 1753 ἡ
896 1682 1123 1753 Κύπρος
1166 1684 1311 1737 οὕτω
1350 1682 1641 1756 δηλοῦσθαι
1698 1686 1781 1737 καὶ

1892 1679 2015 1734 dem
2068 1688 2322 1747 exstare,
2373 1680 2461 1736 cui
2507 1679 2923 1751 adnavigabant
2958 1683 3050 1752 qui
3099 1678 3246 1754 Tyro
3291 1685 3475 1740 solve-

173 1770 444 1823 Κιττίων
499 1765 640 1823 εἶναι
680 1770 833 1824 πόλιν
875 1773 933 1825 ὲν
976 1774 1138 1845 αὐτῇ,
1172 1773 1239 1827 δι’
1277 1768 1345 1846 ἦς
1385 1774 1693 1845 παρέπλεον
1739 1776 1791 1829 οι
1892 1770 2044 1825 baut.

173 1864 290 1917 ἀπὸ
317 1864 430 1934 τῆς
459 1864 639 1933 Τύρου
668 1864 1091 1936 ναυτιλλόμενοι.

251 1975 272 2006 ι
348 1956 479 2010 Τίνι
528 1958 703 2027 ὅμοιοι
756 1957 1045 2025 γεγόνασιν
1092 1959 1146 2011 οἱ
1193 1960 1575 2023 κατοικοῦντες
1615 1961 1676 2012 ὲν
1725 1961 1781 2031 τῇ

1970 1953 2132 2009 Vsus.
2159 1953 2279 2009 2-4.
2325 1974 2346 2006 ι
2375 1953 2473 2009 Cui
2506 1952 2717 2007 similes
2757 1950 2883 2007 facti
2919 1961 3048 2008 sunt
3092 1955 3182 2023 qui
3222 1956 3473 2013 habitant

173 2050 361 2119 νήσῳ,
390 2049 689 2121 μετάϐολοι
707 2051 979 2122 Φοινίκης,
1000 2051 1369 2123 διαπερῶντες
1389 2054 1488 2124 τὴν
1513 2053 1781 2109 θάλασσαν

1899 2054 1953 2109 in
1985 2050 2186 2115 insula,
2220 2048 2590 2120 negotiatores
2618 2045 2929 2111 Pluenicize,
2962 2046 3292 2115 trajicientes
3323 2062 3477 2104 mare

174 2142 237 2193 ἐν
266 2141 436 2193 ὕδατι
459 2141 675 2211 πολλῷς
702 2142 922 2212 σπέρμα
947 2143 1259 2212 μεταϐόλων
1276 2144 1352 2208 ὡς
1376 2144 1591 2215 ἀμητοῦ
1612 2146 1781 2213 εζσφε·

1896 2144 1949 2198 in
1986 2156 2129 2211 aqua
2169 2140 2379 2194 multa?
2429 2155 2614 2195 semen
2653 2139 3047 2211 negotiatorum
3082 2140 3237 2208 quasi
3284 2141 3477 2195 messis

184 2233 467 2303 ρομένουο
506 2235 557 2287 οἱ
593 2234 883 2304 μετάϐολοι
930 2234 1038 2289 τῶν
1080 2235 1270 2291 ἐθνῶν.
1318 2236 1668 2308 Αίσχύνθητι,
1702 2237 1792 2290 Σι-

179 2324 311 2388 δὼν,
360 2322 522 2378 εἶπεν
562 2328 595 2396 ἡ
645 2325 909 2381 θάλασσα.
964 2328 1028 2380 Ἦ
1068 2327 1124 2380 δὲ
1169 2329 1322 2399 ἰσχὺς
1369 2333 1467 2401 τῆς
1513 2330 1790 2402 θαλάσσης

181 2412 342 2470 εἶπεν
363 2434 378 2447 ·
411 2418 531 2471 Οὐκ
556 2416 766 2482 ὢδινον,
796 2420 918 2472 οὐδὲ
944 2419 1152 2486 ἔτεκον,
1179 2421 1301 2474 οὐδὲ
1327 2420 1590 2494 ἐξέθρεψα
1619 2406 1790 2477 νεανί-

184 2525 378 2573 σκους,
439 2509 563 2562 οὐδὲ
616 2509 806 2580 θψωσα
852 2512 1172 2584 παρθένους.
1234 2534 1252 2567 ι
1304 2515 1419 2570 Νῦν
1462 2517 1520 2569 δὲ
1570 2518 1790 2572 πάντων

180 2602 410 2674 ἀθρόως
442 2605 833 2676 ἀφῃρημένους
854 2646 869 2671 ,
911 2608 1139 2661 καὶτῶν
1184 2608 1557 2681 νομιζομένων
1600 2614 1791 2677 αὐτοῖς

182 2696 417 2762 ἀγαθῶν
456 2698 844 2769 στερηθέντας,
891 2700 1152 2772 αἰσχύνην
1192 2703 1555 2772 ωτακέεσθαι
1620 2721 1785 2775 προσο

184 2788 311 2859 ήκει
331 2807 346 2820 ·
398 2790 478 2862 μὴ
516 2791 736 2862 μόνους,
762 2791 896 2845 ἀλλὰ
926 2793 1019 2846 καὶ⁵
1052 2795 1176 2857 τοὺς
1204 2796 1269 2847 ὲκ
1310 2796 1567 2863 γειτόνων
1603 2797 1787 2862 αὐτοῖς

182 2883 483 2947 οἰκοῦντας
530 2884 845 2949 Σιδωνίους·
897 2888 1181 2957 μονονουχὶ
1227 2889 1322 2939 καὶ
1366 2887 1466 2957 τῆς
1507 2886 1787 2960 θαλάσσης

182 2974 386 3045 αὐτῆς,
417 2974 604 3047 φωνὴν
637 2976 909 3048 ἀφιείσης,
938 2977 1033 3030 καὶ
1060 2976 1475 3050 ἁποθρηνούσης
1500 2979 1671 3049 αὐτῆς
1696 2980 1784 3033 διὰ

186 3062 247 3114 τὸ
284 3064 492 3136 μηκέτι
536 3064 685 3135 ἔχειν
723 3065 817 3129 οὓς
858 3065 1047 3137 θρέψει
1094 3068 1409 3130 νεανίσκους
1450 3068 1545 3122 καὶ
1577 3068 1783 3139 παρθέ-

188 3172 334 3220 νους.
372 3157 500 3210 Ὀτι
525 3157 587 3211 τὸ
614 3158 844 3212 παλαιὸν
869 3160 1058 3233 ὥσπερ
1089 3161 1362 3232 θαλάσσης
1394 3162 1565 3234 αὐτῆς
1592 3164 1785 3233 γεννή-

190 3265 337 3317 ματα
389 3249 485 3302 ὑπ’
526 3250 696 3321 αὐτῆς
743 3252 1065 3324 ἐτρέφοντο,
1123 3254 1212 3307 ὅτε
1252 3254 1401 3325 ἤνθει
1450 3254 1520 3308 τά
1568 3254 1785 3325 Τυρίων

1894 2242 2279 2305 comportatur;
2329 2237 2696 2305 negotiatores
2740 2234 3010 2301 gentium:
3040 2231 3334 2297 Erubesce,
3388 2233 3476 2287 Si-

1894 2332 2022 2393 don,
2058 2329 2193 2382 dixit
2227 2341 2395 2381 male.
2430 2326 2713 2382 Fortitudo
2742 2337 2926 2381 autem
2971 2326 3139 2380 maris
3172 2326 3325 2387 dixit,
3359 2324 3475 2381 Non

1895 2422 2190 2494 parturivi,
2234 2436 2334 2475 nec
2385 2421 2599 2489 peperi,
2648 2433 2749 2474 nec
2799 2420 3035 2475 enutrivi
3078 2420 3327 2489 juvenes,
3375 2435 3476 2475 nec

1894 2512 2125 2568 exaltavi
2164 2512 2421 2581 virgines.
2446 2530 2465 2562 ι
2509 2510 2663 2565 Nunc
2700 2523 2882 2566 autem
2922 2525 3017 2566 eos
3049 2512 3303 2565 omnibus
3338 2525 3472 2566 eou-

1895 2604 2074 2660 fertim
2122 2606 2361 2667 orbatos,
2392 2614 2447 2658 et
2480 2605 2670 2667 bonis,
2701 2605 2774 2657 ita
2816 2605 2892 2658 illi
2940 2605 3324 2673 opinabantur,
3358 2605 3476 2660 suis

1892 2714 2137 2763 eversos,
2170 2698 2378 2766 pudore
2407 2694 2643 2750 sulIundi
2673 2698 2960 2761 convenit;
3004 2710 3101 2751 nec
3139 2712 3235 2750 eos
3264 2697 3436 2751 solum
3457 2740 3471 2765 ,

1892 2791 1988 2845 sed
2022 2790 2189 2845 etiam
2220 2790 2432 2844 vicinos
2461 2802 2653 2844 eorum
2703 2786 2999 2842 Sidonios:
3042 2789 3125 2840 vel
3170 2789 3289 2856 ipso
3336 2789 3473 2844 mazi

1892 2885 2046 2954 quasi
2091 2897 2279 2938 vocem
2322 2882 2626 2945 emittente,
2676 2895 2740 2934 ac
2788 2881 3026 2950 lugente,
3059 2881 3203 2949 quod
3245 2880 3474 2949 juvenes

1889 2984 1948 3028 et
1978 2974 2236 3043 virgines,
2258 2988 2395 3043 quos
2419 2970 2673 3037 enutriat,
2696 2986 2803 3025 non
2838 2972 3053 3026 habent.
3086 2971 3349 3037 Quoniam
3385 2988 3476 3025 an-

1892 3067 2143 3137 tiquitus,
2171 3082 2271 3122 ceu
2311 3066 2479 3120 maris
2514 3063 2685 3133 ipsius
2731 3064 2930 3132 proles,
2958 3065 3026 3118 ab
3052 3079 3118 3118 eo
3153 3063 3467 3132 alebantur,

1886 3178 1998 3230 quo
2028 3171 2268 3232 tempore
2313 3174 2399 3216 res
2428 3159 2715 3230 Tyriorum
2747 3159 3011 3215 ﬂorebant
3037 3179 3052 3216 :
3091 3178 3231 3216 nunc
3261 3171 3469 3230 autem,

1891 3255 2038 3325 Tyro
2084 3255 2282 3318 deleta,
2326 3253 2448 3319 jure
2490 3256 2636 3322 ipsos
2687 3252 2832 3323 luget
2880 3267 3066 3318 mare,
3110 3262 3168 3308 et
3211 3253 3471 3311 fortitudo

189 3344 535 3413 πράγματα·
573 3343 668 3397 νῦν
699 3344 758 3397 δὲ
791 3345 879 3398 ὅτε
924 3346 1121 3418 μηκέτι
1164 3348 1331 3411 ἐστὶν,
1379 3348 1604 3411 εἰκότως
1649 3349 1781 3401 ἀπο-

1890 3346 2007 3415 ejus
2040 3346 2389 3407 lamentatur,
2423 3346 2653 3399 liliorum
2686 3343 2911 3399 exitium
2943 3344 3251 3412 deplorans.

192 3433 444 3488 κλαίεται
470 3436 672 3499 αὐτοὺς
694 3439 728 3507 ὴ
766 3437 1029 3501 θάλασσα,
1070 3441 1163 3494 καὶ
1195 3442 1227 3511 ἡ
1256 3442 1409 3511 ἰσχὺς
1448 3442 1620 3513 αὐτῆς
1649 3442 1786 3495 ἁποα

190 3520 501 3593 θρηνείται,
532 3524 625 3577 ἐπὶ
651 3524 864 3590 τέκνοις
890 3527 1223 3583 ἀπολωλόσιν
1252 3530 1649 3602 ὀλοφυρομένη.

261 3631 283 3664 ι
329 3614 505 3666 Ὅταν
530 3614 589 3667 δὲ
615 3616 880 3669 ἀκουστὸν
911 3617 1137 3689 γένηται
1165 3620 1224 3673 ἐν
1246 3620 1528 3691 Αἰγύπτῳ,
1552 3620 1785 3692 λήψεται

190 3705 393 3770 αὐτοὺς
422 3708 583 3780 ὀδύνη
614 3709 743 3781 περὶ
769 3710 967 3781 Τύρου.
1012 3713 1298 3767 ’Δπέλθετε
1327 3716 1405 3777 εἰς
1439 3715 1781 3788 Καρχηδόνα,

191 3799 483 3865 ὀλολύξατε
525 3803 575 3855 οἰ
615 3804 998 3867 κατοικοῦντες
1037 3808 1095 3858 ὲν
1126 3809 1191 3877 τῇ
1236 3808 1386 3877 νήσῳ
1428 3807 1620 3877 ταύτῃ.
1669 3807 1785 3861 Οὐκ

190 3892 329 3963 αὑτὴ
367 3889 437 3963 ἦν
470 3894 505 3964 ή
537 3892 695 3966 ὕϐρις
721 3896 815 3948 ἀπ’
841 3897 1037 3966 ἀρχῆς,
1086 3899 1250 3969 πρινὴ
1278 3898 1647 3969 παραδοθῆναι
1681 3899 1781 3951 αύ-

193 3987 328 4054 τήν;
382 3985 479 4048 Τίς
525 3986 696 4039 ταῦτα
739 3986 1057 4041 ἐϐούλευσεν
1099 3990 1192 4042 ἐπὶ
1224 3989 1433 4061 Τύρον;
1473 3992 1565 4062 Μὴ
1600 3992 1783 4061 ἥσσων

193 4074 364 4137 ἐστὶν,
408 4075 442 4145 ἢ
482 4076 582 4127 υύκ
623 4076 832 4146 ίσχύει;
880 4079 943 4130 Οἱ
977 4078 1209 4149 ἔμποροι
1260 4080 1429 4149 αὐτῆς
1479 4082 1528 4134 οὶ
1584 4082 1783 4147 ἔνδοξοι

194 4166 457 4238 ἄρχοντες
482 4166 585 4237 τῆς
605 4169 725 4238 γῆς.
751 4170 956 4241 Κύριος
978 4172 1203 4225 Σαϐαὼθ
1231 4173 1587 4227 ἐϐουλεύσατο
1608 4190 1785 4244 παρα-

194 4256 355 4311 λῦσαι
391 4259 572 4311 πᾶσαν
611 4260 712 4329 τὴν
762 4259 918 4331 ὓϐριν
954 4262 1060 4315 τῶν
1097 4263 1350 4327 ἐνδόξων,
1387 4266 1482 4317 καὶ
1510 4265 1784 4334 ἀτιμάσαι

195 4350 299 4401 πᾶν
331 4348 543 4412 ἔνδοξον
582 4350 675 4401 ἐπὶ
706 4350 806 4420 τῆς
850 4352 974 4422 γῆς.
1015 4371 1034 4403 ι
1096 4353 1257 4406 Ἀλλὰ
1284 4355 1377 4407 καὶ
1417 4358 1451 4426 ἡ
1483 4355 1781 4423 Αἴγυπτος,

192 4441 251 4493 ἐκ
274 4441 537 4510 γειτόνων
570 4443 975 4514 παρακειμένη,
1015 4446 1072 4499 é.’
1102 4445 1284 4519 ὀδύνῃ,
1327 4448 1479 4516 φησὶ,
1512 4449 1784 4517 καταστή-

195 4548 365 4596 σεται,
396 4534 754 4604 φροντίζουσα
791 4536 883 4588 καὶ
917 4535 1259 4605 άγωνίζουσα
1297 4538 1425 4607 περὶ
1468 4538 1659 4607 αὐτῆς,
1704 4540 1777 4609 μή

194 4642 265 4697 τη
301 4625 371 4677 τὰ
404 4626 568 4695 ὃμοια
604 4626 753 4699 πάθῃ
786 4631 851 4698 τῇ
887 4629 929 4679 Τ
933 4630 1119 4699 υρίων.
1153 4623 1255 4681 Ὧν
1276 4628 1418 4683 οὕτω
1451 4631 1776 4701 γενομένων,

193 4719 236 4769 εἰ
262 4717 520 4780 δύνασθε,
554 4719 709 4789 φησὶ,
746 4719 883 4789 μετὰ
909 4721 1033 4783 τοὺς
1065 4721 1411 4786 ἀπολωλότας
1436 4723 1781 4792 ὑπολειφθέν-

191 4828 279 4873 τες
309 4814 368 4864 ἐν
404 4815 470 4883 τῇ
507 4812 688 4884 Τύρῳ,
718 4813 939 4883 διάϐητε
968 4814 1259 4883 φεύγοντες
1301 4816 1394 4866 ἐπὶ
1425 4818 1551 4879 τοὺς
1584 4816 1779 4886 ὑμετέ-

194 4923 319 4974 ρους
364 4906 635 4969 ἀποίκους
680 4905 777 4977 τὴν
825 4907 1149 4978 Καρχηδόνα
1194 4908 1505 4972 οἰκοῦνταςσ
1556 4911 1777 4962 κάκεῖσε

192 5000 590 5069 άπομείναντες
639 4998 1055 5052 ἀποκλαύσασθε
1102 4999 1201 5068 τὴν
1246 4999 1456 5052 ἑαυτῶν
1504 5001 1774 5070 πατρίδα,

193 5092 676 5161 καταμεμφόμενοι
712 5091 785 5163 μὴ
818 5092 1037 5161 ἑτέρους
1067 5092 1149 5159 ἐφ’
1188 5086 1269 5155 οἷς
1295 5092 1612 5156 πεποίθατε,
1642 5092 1780 5147 ἀλλὰ

192 5188 286 5256 τὴν
336 5186 494 5255 ὑμῶν
545 5185 726 5239 αὐτῶν
780 5184 1160 5256 ὑπερηφανίαν
1206 5184 1300 5238 καὶ
1357 5186 1457 5257 τὴν
1508 5186 1687 5257 ὓϐριν,

194 5281 399 5343 πάντας
426 5280 624 5342 αὐτοὺς
652 5277 997 5348 περιϐάλλειν
1028 5277 1340 5349 ἐπειρᾶσθε.
1370 5278 1451 5331 Τὰ
1479 5278 1537 5331 δὲ
1570 5278 1777 5349 συμϐε-

191 5370 396 5441 ϐηκότα
431 5370 581 5440 ὑμῖν,
610 5363 656 5421 ὦ
691 5368 901 5439 Τύριοι,
941 5367 1017 5439 μὴ
1060 5370 1403 5440 εἱμαρμένης
1438 5370 1777 5441 ὲπιγράφετε

191 5464 431 5533 ἀνάγκη
487 5462 624 5515 ἀλλὰ
678 5463 949 5530 ζητήσατε
1003 5462 1133 5533 παρ’
1179 5462 1425 5525 ἑαυτοῖς,
1470 5461 1555 5525 τίς
1602 5460 1776 5513 ταῦτα

192 5555 569 5619 ἐϐουλεύσατο,
602 5554 682 5617 τίς
719 5554 902 5625 ἔκρινε
942 5554 1110 5607 ταῦτα
1146 5554 1339 5607 παθεῖν
1370 5555 1469 5625 τὴν
1500 5554 1773 5625 ὑμετέραν

193 5645 445 5717 πατρίδα.
489 5642 789 5715 Ζητοῦντες
821 5644 931 5715 γὰρ
963 5646 1223 5717 εὑρήσετε
1271 5646 1329 5697 ἐν
1376 5645 1562 5715 δικαία
1592 5645 1773 5715 κρίσει

192 5738 257 5790 τά
299 5736 525 5791 τοιαῦτα
579 5736 1011 5809 συμϐεϐηκέναι·
1057 5737 1260 5809 Κύριος
1298 5738 1404 5809 γὰρ
1453 5736 1700 5802 Σαϐαὼθ,
1745 5739 1776 5790 ό

197 5829 342 5901 παρὰ
391 5829 571 5899 μόνοις
618 5828 889 5899 Ἑϐραίοις
958 5826 1394 5898 θεολογούμενος,
1456 5825 1642 5880 τοῦτον
1689 5826 1772 5890 ἐξ-

200 5919 392 5990 ήνεγκε
426 5918 515 5974 τὸν
544 5919 683 5990 ὅροψ

1960 3618 2273 3673 νειιε.5‹9.
2333 3637 2350 3667 ε
2380 3614 2613 3683 Quando
2666 3626 2846 3668 autem
2912 3615 3156 3668 auditum
3208 3614 3368 3670 fuerit
3415 3615 3467 3668 in

1884 3704 2149 3775 JEgypto,
2174 3720 2271 3758 eos
2301 3706 2483 3772 capiet
2526 3702 2686 3757 dolor
2713 3703 2779 3757 de
2802 3701 2967 3772 Tyro.
2996 3704 3153 3757 Abite
3185 3701 3473 3775 Carthagi-

1887 3813 2010 3851 nem
2041 3812 2054 3850 :
2084 3796 2289 3851 ululate
2320 3796 2412 3867 qui
2448 3795 2684 3849 incolitis
2724 3796 2955 3849 insulam
3007 3798 3167 3851 hanc.
3198 3797 3470 3865 Numquid

1888 3892 2001 3945 Iuee
2046 3901 2167 3943 erat
2211 3889 2408 3958 injuria
2450 3888 2524 3942 ab
2571 3888 2750 3955 initio,
2795 3890 3110 3959 priusquam
3155 3890 3465 3944 traderetur

1887 3983 2033 4050 ipsa?
2061 3981 2193 4048 Quis
2238 3982 2353 4035 hare
2399 3979 2674 4033 consuluit
2723 3994 2886 4047 super
2913 3981 3158 4050 Tyrum?
3197 3980 3334 4033 Num
3369 3981 3468 4033 im-

1886 4074 2134 4129 becillior
2160 4081 2266 4137 est,
2297 4082 2392 4125 aut
2422 4087 2527 4125 non
2559 4071 2766 4127 viribus
2790 4073 2973 4125 valet?
3001 4072 3325 4126 Mercatores
3349 4071 3466 4139 ejus

1884 4167 2127 4237 gloriosi,
2168 4165 2440 4235 principes
2468 4172 2647 4219 terrae.
2694 4165 2954 4218 Dominus
2986 4162 3227 4217 Sabaoth
3258 4162 3464 4216 delibe-

1887 4258 2027 4310 ravit
2062 4255 2360 4310 dissolvere
2395 4255 2703 4308 universam
2757 4254 3143 4308 contumeliam
3203 4252 3465 4323 gloriem-

1886 4367 2043 4414 rmn,
2095 4361 2151 4405 et
2214 4350 2505 4420 ignominia
2557 4349 2771 4404 allicere
2834 4364 2996 4405 omne
3057 4349 3349 4419 gloriosum
3410 4350 3465 4403 iu

1886 4454 2052 4498 terra.
2077 4462 2094 4493 ι
2130 4440 2327 4497 Verum
2358 4443 2520 4496 etiam
2559 4442 2830 4513 Egyptus
2871 4459 2902 4496 e
2944 4443 3120 4496 vicino
3167 4444 3361 4511 posita,
3411 4443 3464 4497 in

1882 4537 2088 4600 dolore.
2136 4538 2330 4607 inquit,
2374 4540 2757 4600 constituetur,
2794 4535 3028 4589 sollicita
3065 4545 3118 4589 et
3151 4537 3309 4589 anxia
3349 4550 3467 4603 pro-

1885 4638 2003 4697 pter
2036 4627 2197 4687 illam,
2244 4643 2312 4681 ne
2359 4628 2611 4682 videlicet
2660 4641 2845 4696 parem
2890 4624 3066 4695 Tyriae
3098 4626 3465 4679 calamitatem

1887 4722 2139 4790 patiatur.
2175 4721 2358 4776 Rebus
2396 4732 2575 4775 autem
2614 4722 2684 4774 ita
2714 4722 2916 4790 gestis.
2958 4720 3015 4775 Si
3066 4720 3314 4789 potestis,
3361 4720 3462 4782 ait,

1882 4828 1977 4867 vos
2026 4814 2147 4881 qui,
2199 4814 2355 4867 caesis
2390 4812 2529 4877 aliis,
2580 4812 2632 4865 in
2693 4812 2824 4865 urbe
2873 4810 3018 4881 Tyro
3054 4812 3251 4867 residui
3306 4811 3462 4873 estis,

1882 4905 2119 4975 trajicite
2146 4904 2352 4975 profugi
2386 4906 2451 4958 ad
2480 4905 2703 4960 colonos
2737 4914 2950 4959 vestros
2975 4904 3461 4973 Carthaginienses.

1880 4998 1993 5052 Illic
2017 5012 2145 5053 vero
2167 5005 2565 5052 commorantes
2604 4996 2831 5065 patriam
2881 4998 3077 5062 lugete,
3104 5005 3157 5049 et
3186 5004 3458 5059 accusante,

1883 5107 1988 5144 non
2020 5090 2154 5144 alios
2186 5091 2495 5159 quospiam,
2523 5089 2720 5157 quibus
2765 5087 3032 5151 lidebatis,
3080 5088 3173 5141 sed
3223 5097 3459 5139 vestram

1883 5182 2191 5251 superbiam
2240 5190 2297 5235 et
2335 5180 2746 5243 contumeliam,
2781 5197 2887 5248 qua
2924 5180 3043 5232 illos
3074 5194 3266 5232 onmes
3310 5191 3460 5229 con»

1883 5276 2084 5346 plicare
2113 5274 2292 5330 conati
2332 5275 2483 5329 estis.
2514 5276 2709 5330 (Iasum
2742 5288 2905 5342 porro
2934 5280 3195 5336 vestrum,
3222 5286 3255 5324 ο
3283 5267 3459 5340 Tyrii,

1882 5384 1951 5424 ne
2001 5368 2095 5422 fati
2145 5368 2459 5423 necessitati
2514 5367 2833 5429 ascribatis;
2884 5366 2979 5419 sed
3021 5366 3073 5417 in
3128 5364 3283 5419 vobis
3328 5364 3462 5433 ipsis

1880 5461 2128 5530 qua-rite,
2157 5462 2279 5529 quis
2311 5461 2425 5513 haec
2474 5460 2704 5514 consilia
2742 5458 2946 5521 inierit,
2978 5456 3103 5525 quis
3132 5458 3199 5510 ad
3248 5466 3458 5512 tantam

1882 5554 2244 5609 calamitatem
2309 5555 2536 5623 patriam
2598 5562 2835 5606 vestram
2903 5550 3264 5604 damnaverit.
3318 5547 3457 5603 Nam

1884 5648 2251 5716 disquirentcs
2283 5646 2721 5717 depreltendetis,
2762 5644 2878 5699 ιιιεο
2903 5642 3053 5711 justo
3079 5643 3285 5712 judicio
3312 5644 3458 5697 acci-

1882 5741 2062 5795 disse:
2100 5741 2357 5795 Dominus
2406 5738 2607 5808 quippe
2658 5738 2930 5804 Sabaoth,
2974 5739 3066 5808 qui
3120 5736 3261 5807 apud
3316 5734 3459 5790 solos

1884 5830 2135 5886 llehrreos
2198 5848 2295 5902 pro
2351 5832 2457 5886 Deo
2516 5832 2761 5899 habetur,
2819 5834 2919 5886 hoc
2978 5832 3259 5885 decretum
3329 5839 3457 5895 pro-

1886 5925 2020 5978 tulit.
