3984 6512
529 437 642 491 *235

613 558 774 615 Vsus.
817 561 906 627 10,
960 563 1046 618 ll.
1095 582 1114 615 ι
1143 559 1383 634 Operare
1436 576 1636 621 terram
1689 577 1834 623 tuam
1877 587 1892 623 :

530 651 682 704 enim
720 667 822 706 non
873 655 1102 723 amplius
1145 657 1366 711 veniunt
1401 656 1749 727 Carthagine.
1785 661 1975 716 Manus
2019 676 2117 717 au-

535 751 646 796 tem
678 753 767 799 tua
801 745 931 800 nihil
971 757 1146 816 potest
1180 750 1412 816 amplius
1453 751 1504 804 in
1548 752 1708 816 mari,
1753 768 1874 820 qua:
1903 769 2118 823 provo-

537 827 941 899 cabatreges.»
1000 829 1078 884 Ne
1130 832 1290 901 igitur
1337 835 1571 903 amplius
1620 838 1927 905 superbias,
1981 853 2118 895 neve

533 931 858 988 arroganter
890 938 1041 991 agas,
1081 923 1151 976 ob
1186 925 1405 980 divitias
1433 938 1488 981 et
1515 943 1646 996 opes
1677 929 1813 996 mari
1858 931 2117 986 advectas

531 1009 632 1063 tibi
681 1027 696 1064 :
747 1025 932 1064 verum
988 1013 1242 1082 depressa
1293 1027 1348 1070 et
1402 1017 1906 1080 humilis,colcnd:e
1957 1031 2116 1077 terra:

533 1113 690 1162 vaca,
726 1109 786 1155 ut
831 1102 1096 1158 fructibus
1128 1115 1289 1160 terra:
1321 1121 1387 1160 ex
1435 1108 1764 1176 agricultura
1798 1111 1970 1179 partis
2015 1128 2116 1167 nu-

532 1190 782 1247 triaris:
838 1195 1049 1249 marina
1109 1196 1380 1264 siquidem
1443 1201 1536 1254 tibi
1598 1202 1748 1256 lucra
1806 1218 2109 1260 cessarunt.

529 1280 666 1335 Nam
694 1283 818 1337 dum
853 1284 919 1339 iis
966 1286 1256 1353 frtteltaris,
1288 1288 1602 1346 felicitatem
1635 1291 1778 1348 ferre
1824 1305 1970 1350 luant
2007 1314 2111 1354 non

526 1382 772 1440 poteras,
815 1375 908 1430 sed
943 1377 1152 1434 vicinos
1181 1395 1337 1450 reges
1376 1397 1565 1437 omnes
1604 1387 1946 1442 contumeliis
1990 1405 2113 1457 pro—

528 1466 781 1526 vocabas.
815 1467 1077 1524 Czeterum
1115 1471 1230 1526 haec
1281 1472 1421 1528 ultra
1469 1474 1653 1532 facere
1687 1478 1785 1533 tibi
1837 1495 1944 1534 non
1981 1481 2112 1536 lice-

524 1557 637 1623 bit,
682 1575 857 1630 neque
909 1574 1100 1617 contra
1132 1565 1270 1620 alios
1322 1570 1644 1636 quospiam,
1693 1587 1869 1641 neque
1919 1587 2107 1629 contra

521 1649 811 1706 ﬁnitimam
840 1652 1119 1723 Sidonem,
1147 1671 1309 1727 quam
1339 1658 1538 1728 lzeilere
1561 1664 1835 1718 tentabas.
1867 1683 1886 1717 ι
1919 1666 2109 1722 Manus

525 1753 705 1797 autem
740 1755 829 1799 tua
863 1746 995 1800 nihil
1029 1757 1204 1815 potest
1230 1750 1501 1820 amplius;
1534 1772 1553 1805 ι
1589 1753 1840 1811 videlicet
1868 1768 2108 1828 potestas

524 1834 695 1903 regia,
726 1849 830 1904 qua
861 1836 988 1890 olim
1022 1841 1232 1892 lirmata
1259 1851 1394 1894 erat.

597 1926 757 1982 Vsus.
790 1929 979 1985 12-16.
1017 1950 1035 1982 ι
1069 1932 1331 1991 Dominus
1365 1938 1705 1992 exercituum
1744 1943 1998 2011 praecepit
2041 1942 2108 1997 de
2145 1936 2186 1992 Β

519 2016 804 2084 Chanaan,
839 2031 898 2074 ut
931 2022 1256 2090 perderetur
1289 2025 1408 2094 ejus
1438 2031 1622 2084 robur.
1661 2031 1724 2084 Et
1757 2033 1961 2099 dicent,
1992 2033 2107 2088 Non

523 2107 665 2161 ultra
695 2109 964 2178 adjicietis
992 2117 1350 2172 contumelias
1396 2130 1450 2173 et
1485 2121 1716 2188 injurias
1751 2124 1954 2181 inferre
1988 2126 2111 2182 lilia:

523 2198 674 2253 Sion.
712 2199 780 2253 Et
806 2200 851 2256 si
901 2203 1103 2259 abieris
1131 2207 1196 2258 ad
1233 2207 1546 2274 Cittienses,
1579 2229 1753 2283 neque
1796 2215 1866 2270 ibi
1899 2218 2110 2286 requies

519 2290 622 2342 erit
652 2290 748 2346 tibi
780 2315 792 2348 :
822 2304 876 2348 et
904 2295 948 2349 si
981 2297 1048 2349 ad
1085 2307 1285 2352 terram
1312 2300 1710 2370 Chaldatorum,
1743 2307 1857 2376 ipsa
1890 2325 2109 2380 quoque

519 2381 590 2437 ab
631 2383 872 2454 Assyriis
903 2399 1113 2444 vaStata
1141 2402 1244 2454 est,
1280 2410 1454 2463 neque
1487 2397 1560 2452 ibi
1591 2400 1696 2453 crit
1727 2401 1822 2455 tibi
1864 2404 2105 2472 requies,

518 2478 645 2544 quia
687 2495 876 2535 murus
902 2481 1018 2550 ejus
1039 2484 1256 2540 cecidit.
1289 2485 1519 2554 Ululate,
1555 2506 1718 2546 naves
1739 2492 2104 2564 Carthaginis,

518 2567 642 2634 quia
681 2571 842 2638 periit
887 2574 1118 2627 munitio
1154 2586 1356 2631 vestra.
1401 2578 1465 2632 Et
1506 2583 1610 2635 erit
1649 2583 1701 2636 in
1756 2585 1841 2638 die
1890 2586 1975 2639 illa
2019 2604 2105 2640 re-

515 2657 795 2729 linquetur
842 2662 1020 2733 Tyrus
1069 2681 1174 2720 Lxx
1237 2669 1430 2736 annis,
1478 2672 1620 2726 sicut
1675 2684 1884 2745 tempus
1941 2681 2103 2748 regis,

514 2749 662 2804 sicut
698 2761 909 2822 tempus
943 2754 1202 2811 hominis.
1245 2758 1313 2812 Et
1345 2764 1452 2816 erit
1498 2773 1621 2832 post
1668 2781 1844 2821 annos
1887 2779 2106 2836 septua-

503 2844 684 2912 «ginta,
709 2847 816 2900 erit
841 2845 1016 2917 Tyrus
1043 2858 1301 2918 tanquam
1333 2855 1607 2910 canticmn
1634 2859 1914 2914 adulterae.
1939 2861 2106 2918 Same

511 2937 801 3002 citharam,
847 2940 1052 3008 circui,
1097 2943 1296 3000 civitas
1343 2946 1620 3013 adultera,
1669 2949 1934 3006 oblivioni
1989 2964 2102 3007 Ira-

510 3027 624 3083 dita
653 3048 665 3083 :
700 3030 838 3084 bene
871 3035 1022 3102 pulsa
1055 3036 1342 3101 citharam,
1380 3039 1546 3092 multa
1581 3055 1740 3109 eane,
1776 3054 1833 3097 ut
1872 3048 1946 3099 tui
1990 3064 2105 3103 me-

511 3121 686 3175 moria
728 3122 980 3178 exsistat.
1003 3143 1022 3176 ι
1059 3125 1188 3192 Quae
1230 3143 1395 3194 porro
1422 3139 1614 3185 contra
1643 3133 1846 3204 Tyrum
1889 3137 1941 3190 in
1980 3140 2107 3192 vati-

512 3213 659 3269 cinio
707 3213 973 3276 feruntur.
1025 3220 1208 3274 omnia
1265 3223 1454 3290 paucis
1501 3225 1658 3281 annis
1708 3228 2099 3286 absolventur:

1247 440 1518 497 EUSEBII
1555 442 2038 502 CASSARIE‘NSIS
2075 447 2227 504 ΟΡΡ.
2270 447 2450 503 PARS
2490 445 2578 504 Ill.
2620 479 2689 488 —
2727 447 3117 504 EXEGETICA

1952 587 2117 626 naves
2145 592 2190 640 Α

3705 443 3816 498 236

2295 590 2313 620 ι
2365 569 2629 640 Ἐργάζου
2670 570 2769 640 τὴν
2811 571 2913 640 γῆν
2959 585 3086 622 σουο
3135 567 3230 620 καὶ
3265 568 3374 638 γὰρ
3424 566 3580 620 πλοῖα
3620 565 3812 618 οὐκέτι

2219 663 2436 734 ἔρχεται
2463 663 2526 714 ἐκ
2559 662 2929 732 Καρχηδόνος.
2971 663 3035 714 Ἡ
3062 662 3116 714 δέ
3139 661 3260 732 χείρ
3291 677 3385 713 σου
3413 661 3598 712 οὐκέτι
3632 660 3814 728 ἰσχύει

2218 753 2362 808 κατά
2400 753 2697 817 θάλασσαν,
2742 757 2774 825 ἡ
2811 753 3188 826 παροξύνουσα
3226 751 3484 822 βασιλεῖς.
3529 771 3547 802 ι
3589 750 3814 820 Μηκέτι

2217 848 2397 899 τοίνυν
2440 847 2668 919 ἐπαίρου
2699 848 2776 911 ὡς
2812 847 2952 918 αὐτὴ
2991 845 3478 915 μεγαλαυχουμένη
3514 843 3604 894 ἐπὶ
3634 840 3714 911 τῷ
3746 842 3814 892 ἐκ

2217 939 2494 1010 Θαλάσσης
2529 940 2874 1011 ποριζομένη)
2905 956 2987 992 σοι
3022 938 3235 1007 πλούτῳ
3257 955 3279 980 ο»
3300 935 3698 990 ταπεινωθεῖσα
3726 933 3809 996 δέ,

2217 1031 2344 1100 περὶ
2387 1030 2486 1099 τὴν
2532 1028 2736 1098 σαυτῆς
2773 1027 3004 1098 ἀσχολού
3037 1028 3140 1098 γῆν
3166 1025 3536 1096 γεωπονοῖισα,
3568 1023 3660 1077 καὶ
3697 1021 3812 1075 ἀπὸ

2213 1121 2322 1173 τῶν
2359 1121 2468 1174 ἀπὸ
2491 1121 2593 1191 γῆς
2631 1119 2862 1191 καρπῶν
2900 1119 3207 1191 τρεφομένη
3229 1135 3242 1148 ·
3277 1117 3555 1171 πέπαυται
3581 1116 3691 1184 γάρ
3722 1130 3810 1167 σοι

2212 1214 2283 1266 τὰ
2311 1214 2418 1268 ἀπὸ
2459 1215 2558 1286 τῆς
2597 1213 2874 1284 Θαλάσσης
2909 1213 3094 1283 κέρδη.
3141 1214 3252 1265 Καὶ
3283 1212 3392 1282 γὰρ
3423 1210 3628 1263 τούτων
3667 1209 3811 1262 ἁπο-

2213 1306 2473 1372 λαύουσα,
2515 1307 2615 1359 οὐκ
2664 1306 2857 1376 ἔφερες
2908 1307 3076 1375 αὐτῆς
3128 1306 3225 1374 τὴν
3273 1303 3646 1373 εὐδαιμονίαν·
3684 1301 3809 1354 ἀλλ’

2214 1399 2508 1471 ἐξύϐρισας
2548 1399 2928 1471 παροξύνουσα
2963 1397 3202 1468 βασιλεῖς
3247 1396 3454 1459 πάντας
3493 1397 3620 1458 τοὺς
3663 1395 3809 1464 πλη-

2214 1490 2531 1563 σιοχώρους.
2566 1491 2713 1564 Πλὴν
2745 1489 2931 1543 οὐκέτι
2955 1507 3037 1542 σοι
3059 1489 3231 1543 ταῦτα
3260 1491 3520 1560 πράττειν
3561 1487 3804 1553 ἐξέσται,

2211 1585 2332 1639 οὐδὲ
2363 1585 2483 1638 καθ’
2512 1584 2738 1655 ἐτέρων,
2763 1586 2883 1638 οὐδὲ
2911 1583 3050 1637 κατὰ
3072 1583 3172 1652 τῆς
3195 1581 3420 1653 πλησίον
3444 1599 3525 1634 σοι
3546 1581 3804 1644 Σιδῶνος,

2211 1677 2277 1748 ἢν
2326 1677 2417 1730 καὶ
2448 1677 2618 1748 αὐτὴν
2648 1677 2856 1730 ἀδικεῖν
2901 1678 3216 1746 ἐπιχειρεῖς.
3278 1695 3294 1724 ι
3357 1675 3419 1726 Ἡ
3453 1674 3509 1726 δὲ
3542 1673 3661 1743 χείρ
3709 1689 3806 1727 σου

2209 1771 2397 1823 οὐκέτι
2431 1770 2636 1841 ἰσχύει·
2688 1791 2708 1822 ›
2750 1771 2895 1840 λέγω
2923 1769 3047 1841 δὴὴ
3089 1769 3318 1840 δύναμις
3349 1769 3382 1838 ἡ
3415 1767 3686 1838 βασιλικὴ,
3734 1767 3806 1820 δι’

2211 1857 2278 1934 ἧς
2309 1863 2369 1915 τὸ
2398 1862 2567 1916 πάλαι
2595 1862 2903 1934 ὠχύρωται.

2290 1972 2308 2004 ι
2360 1953 2568 2024 Κύριος
2615 1953 2842 2007 Σαϐαὼθ
2886 1952 3187 2006 ἐνετείλατο
3233 1953 3359 2021 περὶ
3411 1951 3652 2014 Χαναάν,
3696 1952 3808 2006 ἀπ·-

2211 2045 2395 2099 ολέσαι
2438 2047 2610 2119 αὐτῆς
2641 2048 2739 2119 τὴν
2768 2047 2942 2118 ἰσχύν.
2974 2047 3084 2098 Kai.
3112 2044 3350 2116 ἐροῦσιν·
3399 2045 3596 2098 Ούκέτι
3627 2045 3688 2097 ού
3731 2044 3807 2116 μὴ

2212 2139 2550 2212 προσθήσετε
2591 2140 2686 2193 τοῦ
2719 2140 2962 2212 ὑϐρίζειν
3000 2139 3094 2194 καί
3136 2139 3342 2192 ἀδικεῖν
3379 2136 3807 2210 τὴν“τθυγατέρα

2210 2232 2370 2286 Σιών.
2413 2233 2523 2287 Καὶ
2563 2233 2659 2286 ἐὰν
2696 2233 2939 2305 ἀπέλθῃς
2979 2236 3057 2296 εἰς
3094 2233 3352 2294 Κιττιεῖς,
3383 2231 3502 2284 οὐδὲ
3529 2233 3645 2284 ἐκεῖ
3673 2231 3807 2284 ἀνά-

2212 2339 2415 2387 παύσις
2436 2323 2588 2376 ἔσται
2630 2341 2743 2376 σοι’
2791 2325 2882 2378 καὶ
2919 2326 3001 2388 είς
3036 2327 3136 2396 γῆν
3181 2323 3484 2385 Χαλδαίων,
3531 2324 3625 2376 καὶ
3663 2324 3805 2394 αὐτὴ

2209 2416 2503 2486 ἠρήμωται
2533 2417 2642 2468 ἀπὸ
2678 2416 2789 2469 τῶν
2834 2410 3138 2489 ’Λσσυρίων
3162 2457 3176 2480 ,
3208 2415 3329 2468 οὐδὲ
3379 2417 3496 2468 ἐκεῖ
3547 2433 3628 2468 σοι
3669 2415 3805 2468 ἀνά-

2209 2522 2413 2570 παυσις
2443 2507 2628 2560 ἔσται·
2675 2509 2756 2560 ὅτι
2802 2509 2830 2560 ὁ
2865 2511 3044 2578 τοῖχος
3083 2508 3252 2578 αὐτῆς
3297 2507 3607 2561 πέπτωκεν.
3654 2507 3806 2558 Ὀλο-

2208 2597 2425 2662 λύξατε,
2461 2599 2620 2652 πλοῖα
2648 2599 3016 2671 Καρχηδόνος,
3052 2601 3132 2653 ετι
3159 2599 3408 2652 ἀπώλετο
3448 2599 3508 2652 τὸ
3537 2599 3804 2670 ὀχύρωμα

2208 2690 2381 2760 ὑμῶν.
2424 2692 2531 2745 Καὶ
2573 2692 2723 2745 ἔσται
2755 2695 2813 2744 ἐν
2947 2692 3127 2764 ἡμέρα
3160 2692 3344 2763 ἐκείνῃ
3370 2691 3804 2761 καταλειφθήσε-

2206 2799 2298 2835 ται
2336 2783 2508 2855 Τύρος
2546 2783 2640 2855 ἔτη
2698 2791 2759 2848 ο’,
2807 2784 2880 2849 ὡς
2916 2784 3109 2855 χρόνος
3160 2783 3445 2855 βασιλέως,
3490 2785 3564 2846 ὡς
3608 2785 3802 2857 χρόνος

2208 2875 2522 2948 ἀνθρώπου.
2571 2877 2680 2929 Καὶ
2724 2876 2872 2929 ἔσται
2915 2876 3051 2946 μετά
3093 2875 3160 2930 τὰ
3204 2875 3245 2929 0'
3271 2876 3387 2948 ἐτη,
3431 2876 3582 2929 ἔσται
3623 2877 3802 2948 Τύρος

2205 2967 2282 3031 ὠς
2323 2965 2478 3039 ᾆσμα
2520 2969 2745 3040 πόρνης.
2783 2969 2930 3023 Λάϐε
2976 2968 3228 3039 κιθάραν,
3272 2969 3594 3040 ρέμϐευσον,
3643 2969 3802 3036 πόλις

2208 3059 2379 3130 πόρνη
2427 3059 2850 3130 ἐπιλελησμένη,
2886 3058 3067 3121 καλῶς
3099 3059 3400 3131 κιθάρισον,
3436 3058 3604 3112 πολλὰ
3642 3055 3798 3130 ᾆσον,

2207 3148 2293 3201 ἵνα
2324 3165 2416 3202 σου
2451 3144 2609 3219 μνεία
2637 3150 2886 3220 γένηται.
2930 3167 2947 3198 ι
2991 3148 3069 3200 Τὰ
3097 3149 3152 3202 δέ
3179 3149 3628 3221 προφητευόμενα
3655 3150 3800 3204 κατὰ

2204 3242 2304 3308 τῆς
2338 3241 2514 3314 Τύρου
2550 3241 2726 3294 πάντα
2758 3244 2816 3292 ἐν
2849 3241 3050 3308 ὀλίγοις
3088 3241 3232 3293 ἔτεσι
3271 3242 3755 3313 συντελεσθὴσεται
3779 3258 3796 3273 ·

511 3307 713 3374 quibus
743 3308 905 3362 etiam
942 3309 1136 3366 civitas
1168 3311 1278 3368 Deo
1324 3328 1670 3383 consecrata,
1719 3322 1936 3376 deserta
1980 3323 2098 3377 fuit.

2209 3333 2268 3385 ἐν
2299 3327 2379 3396 οἷς
2408 3333 2500 3385 καὶ
2531 3334 2562 3403 ἡ
2591 3331 2670 3402 τῷ
2697 3331 2814 3402 Θεῷ
2842 3331 3195 3403 ἀφιερωμένη
3229 3333 3380 3396 πόλις
3411 3333 3644 3405 κατέστη
3668 3333 3800 3406 ἐρη-

512 3398 767 3452 Decrevit
793 3401 991 3470 quippe
1040 3403 1204 3470 Deus,
1250 3406 1411 3462 unius
1463 3409 1696 3465 hominis
1742 3415 1867 3467 vita:
1899 3416 2096 3484 spatio,

510 3489 630 3542 sive
679 3490 842 3544 etiam
893 3492 1053 3548 unius
1097 3497 1291 3550 annosi
1348 3499 1494 3565 regis
1541 3500 1856 3568 dominatu,
1905 3520 2099 3577 nempe

511 3581 856 3648 septuaginta
890 3586 1068 3652 annis,
1119 3587 1354 3644 futuram
1393 3591 1522 3663 Tyri
1572 3594 1920 3650 solitudinem
1965 3598 2097 3653 deli-

511 3673 650 3727 nire.
683 3674 736 3728 In
771 3675 860 3730 his
895 3687 1074 3731 autem
1125 3681 1468 3751 septuaginta
1514 3685 1695 3750 annis,
1741 3689 2012 3743 canticum
2043 3700 2098 3744 et

511 3778 729 3820 carmen
770 3768 836 3821 de
884 3771 1140 3826 vastitate
1191 3783 1280 3827 tua
1333 3787 1534 3830 canent
1581 3792 1771 3833 omnes
1824 3781 2094 3845 homines,

509 3857 601 3925 qui
631 3866 682 3912 te
729 3859 856 3913 oliui
892 3874 1148 3918 accurate
1201 3876 1486 3931 noverant,
1531 3871 1982 3938 quemadmodum
2029 3880 2097 3929 de

509 3949 739 4006 muliere
766 3969 796 4006 a
831 3957 1023 4009 decore
1057 3971 1155 4010 suo
1190 3957 1360 4025 lapsa.
1392 3958 1472 4014 Tu
1505 3977 1636 4016 vero
1668 3965 1782 4031 ipsa
1817 3975 1928 4020 toto
1958 3965 2093 4019 soli-

512 4041 714 4098 tudinis
741 4052 845 4098 tu:e
889 4056 1148 4117 tempore,
1192 4051 1620 4121 circumquaque
1649 4055 1863 4119 oberra,
1893 4072 2096 4127 gyrans

509 4143 564 4190 et
589 4152 617 4188 a
649 4136 767 4192 loco
799 4139 849 4191 in
885 4140 1059 4194 locum
1095 4153 1460 4212 transmeans,
1489 4159 1654 4216 atque
1683 4149 1826 4218 apud
1855 4150 2095 4220 reliquas

506 4237 698 4296 gentes
742 4229 1040 4286 fornicans.
1069 4233 1222 4300 Quod
1252 4236 1295 4290 si
1333 4238 1499 4305 vales,
1547 4254 1731 4294 sumas
1763 4239 1886 4294 licet
1919 4243 2087 4296 citha-

506 4335 624 4374 ram
655 4326 958 4388 tuam,'non
986 4334 1038 4378 ut
1070 4328 1398 4392 meretricio.
1426 4331 1521 4385 sed
1552 4341 1610 4385 ut
1635 4333 1884 4400 prudenti
1918 4350 2087 4401 more,

503 4409 870 4467 instrumento
923 4419 1092 4472 utaris
1140 4429 1254 4474 tuo.
1307 4421 1531 4476 Multum
1584 4425 1793 4478 cithara
1853 4425 1999 4490 lude,
2033 4437 2090 4482 et

502 4504 731 4559 multum
760 4521 916 4570 eane,
944 4523 1006 4562 ac
1037 4524 1226 4579 preces
1256 4516 1783 4586 supplicationesque
1813 4520 1879 4570 ad
1918 4517 2088 4573 Deum

501 4599 729 4654 emitte:
761 4601 839 4654 sic
867 4604 1009 4655 enim
1059 4603 1165 4658 erit
1209 4605 1282 4658 tui
1326 4608 1586 4662 memoria
1639 4608 1778 4677 apud
1819 4609 2008 4675 Deum,
2042 4613 2086 4666 si

501 4694 957 4773 modulationibus
995 4699 1216 4765 cantici,
1245 4709 1300 4754 et
1328 4701 1373 4754 si
1406 4702 1655 4757 sensibus
1684 4703 1822 4772 ejus,
1864 4705 2090 4760 citharae

499 4787 696 4852 instar,
752 4789 1044 4856 prudenter
1097 4793 1294 4855 utaris,
1343 4803 1709 4863 temperanter
1752 4799 1970 4865 vivens,
2022 4817 2086 4856 ac

500 4879 612 4932 Deo
643 4882 897 4950 placitum
942 4899 1158 4941 cantmn
1199 4888 1391 4943 edens.
1421 4888 1512 4942 Sie
1547 4891 1652 4943 erit
1686 4895 1944 4948 memoria
1984 4896 2082 4963 tui,

499 4971 610 5028 Deo
641 4985 692 5029 te
725 4979 1102 5034 recordatione
1134 4995 1231 5034 sua
1267 4980 1545 5051 dignantc.

569 5154 730 5210 Vitas.
761 5158 844 5212 l7.
889 5178 906 5210 ι
937 5161 1002 5213 Ει
1031 5162 1135 5215 erit
1183 5172 1305 5232 post
1351 5180 1525 5220 annos
1556 5171 1923 5241 septuaginta,
1955 5175 2088 5230 visi-

495 5247 635 5302 tabit
665 5249 806 5306 Deus
842 5252 1064 5323 Tyrum,
1095 5265 1150 5310 et
1189 5272 1410 5312 rursum
1463 5262 1783 5318 restituetur
1818 5267 1870 5321 in
1910 5270 2088 5336 pristi-

493 5353 646 5405 ntun,
670 5349 724 5392 et
758 5343 860 5396 erit
892 5347 1192 5414 emporium
1226 5351 1478 5406 omnibus
1526 5357 1706 5425 regnis
1737 5360 1886 5414 orbis
1922 5377 2084 5430 super

495 5431 688 5487 faciem
740 5444 919 5490 terrm.
944 5458 962 5488 ι
1005 5440 1331 5506 Supradicto
1369 5443 1556 5515 elapso
1595 5459 1855 5521 tempore,
1895 5454 2082 5508 visita-

495 5525 693 5579 tionem
739 5527 857 5597 cjus
907 5531 1266 5598 nancisceris,
1313 5550 1376 5590 ac
1424 5538 1731 5595 restitueris
1775 5544 1827 5596 in
1876 5553 2077 5599 statum

492 5616 814 5685 pristinum;
850 5618 920 5672 ita
967 5631 1024 5674 ut
1059 5639 1272 5679 rursum
1311 5642 1478 5696 penes
1511 5639 1562 5685 te
1609 5635 1910 5704 emporium
1945 5650 2078 5690 con-

491 5709 772 5775 stituatur,
798 5727 863 5766 ac
887 5725 1075 5781 gentes
1101 5719 1461 5792 undequaquc
1491 5723 1810 5784 festinanter
1832 5724 2077 5796 allluant,

492 5812 547 5856 et
579 5816 786 5859 merces
815 5819 940 5860 suas
971 5809 1035 5863 ad
1067 5820 1116 5868 te
1145 5812 1392 5870 deferant

2212 3443 2330 3496 μος.
2366 3427 2588 3496 ’Ἐκρινε
2623 3425 2731 3495 γὰρ
2761 3427 2788 3478 ό
2811 3425 2941 3489 Θεὸς
2966 3424 3255 3498 ἀνθρώπου
3281 3427 3397 3489 ἐνὸς
3422 3426 3565 3498 ζωῆς
3591 3427 3794 3500 χρόνῳ,

2207 3517 2351 3585 λέγω
2388 3517 2446 3569 δὲ
2485 3517 2852 3588 ἐϐδομήκοντα
2898 3517 3094 3579 ἔτεσιν,
3134 3517 3315 3588 ὁρίσαι
3352 3517 3450 3591 τὴν
3493 3519 3798 3590 μέλλουσαν

2205 3609 2559 3681 διαλήψεσθαι
2604 3611 2840 3682 ἐρημίαν
2885 3612 2984 3682 τὴν
3037 3613 3245 3682 Τύρον,
3296 3613 3328 3684 ἢ
3387 3615 3479 3666 καὶ
3530 3614 3798 3685 βασιλέως
3871 3691 3884 3702 .

2205 3702 2324 3766 ἐνὸς
2365 3701 2654 3766 πολυετοῦς
2679 3705 2871 3775 ἀρχήν.
2916 3705 3004 3756 Ἐν
3042 3705 3097 3758 δὲ
3125 3705 3338 3770 τούτοις
3371 3709 3480 3769 τοῖς
3523 3709 3562 3758 ο¹
3592 3707 3792 3770 ἔτεσιν,

2205 3793 2346 3865 ᾠδὴν
2379 3795 2471 3847 καὶ
2499 3790 2649 3864 ᾆσμα
2686 3796 2938 3866 περὶτῆς
2971 3796 3069 3866 σῆς
3095 3797 3330 3868 ἐρημίας
3365 3797 3553 3869 ᾄσουσι
3589 3799 3794 3862 πάντες

2204 3884 2479 3956 ἄνθρωποι
2517 3888 2563 3939 οἱ
2594 3886 2762 3939 πάλαι
2806 3904 2864 3940 σε
2905 3888 3149 3959 ἀκριϐῶς
3188 3888 3407 3952 εἰδότες,
3450 3889 3526 3951 ὡς
3567 3891 3659 3942 ἐπὶ
3696 3909 3795 3959 γυ-

2204 3978 2350 4031 ναικὶ
2389 3978 2697 4049 ὲκπεσούσῃ
2743 3982 2844 4050 τῆς
2893 3980 3027 4045 ἰδίας
3072 3981 3258 4053 τιμῆς.
3294 3983 3407 4047 Καὶ
3453 3984 3517 4036 σὺ
3557 3983 3612 4036 δὲ
3653 3986 3792 4058 αὑτὴ

2204 4071 2454 4142 περίελθε
2499 4072 2589 4125 τὸν
2625 4072 2717 4124 σὺν
2771 4074 2961 4142 χρόνον
3001 4073 3103 4144 τῆς
3149 4076 3403 4146 ἐρημίας,
3453 4077 3792 4150 ῥεμϐομένη,

2203 4164 2296 4218 καὶ
2329 4164 2495 4217 τόπον
2535 4166 2598 4217 ἐκ
2640 4164 2805 4217 τόπου
2846 4164 3238 4239 μεθισταμένη,
3280 4169 3373 4221 καί
3405 4171 3486 4232 εἰς
3520 4167 3588 4222 τὰ
3627 4169 3792 4224 λοιπὰ

2201 4255 2328 4328 ἔθνη
2355 4257 2780 4328 ἐκπορνεύουσα.
2816 4258 2878 4310 Εἰ
2904 4257 2960 4310 δὲ
2990 4257 3214 4312 δύνασαι
3237 4258 3475 4313 λαϐοῦσα
3500 4261 3599 4331 τὴν
3630 4278 3790 4314 aeau—

2198 4351 2298 4420 τῆς
2350 4348 2582 4420 κιθάραν
2643 4349 2839 4420 μηκέτι
2895 4351 3164 4423 πορνικῷ,
3214 4351 3326 4405 ἀλλ’
3378 4354 3789 4426 ἐπιστημονικῷ

2199 4441 2504 4513 χρήσασθαι
2537 4440 2616 4511 τῷ
2648 4444 2850 4513 σαυτῆς
2877 4444 3113 4514 ὀργάνῳ,
3151 4443 3321 4497 πολλὰ
3353 4445 3657 4515 κιθάρισον,
3691 4447 3790 4500 καὶ

2198 4533 2371 4586 πολλά
2397 4529 2549 4605 ᾇσον,
2586 4535 2681 4588 καὶ
2712 4535 2779 4587 δι’
2814 4535 2989 4605 εὐχῶν
3023 4537 3116 4589 καὶ
3151 4538 3440 4609 ἱκετηρίων
3473 4538 3646 4607 λόγων
3675 4540 3788 4594 τῶν

2199 4626 2335 4697 πρὸς
2362 4627 2513 4680 Θεόν·
2538 4625 2680 4680 οὕτω
2707 4628 2816 4698 γὰρ
2844 4627 2995 4680 ἔσται
3025 4646 3115 4681 σου
3149 4630 3307 4700 μνεία
3338 4630 3475 4702 πρὸς
3505 4631 3597 4684 τὸν
3628 4632 3784 4700 Θεὸν,

2196 4721 2245 4771 εί
2273 4722 2384 4782 τοῖς
2419 4719 2606 4790 μέλεσι
2633 4720 2728 4773 τοῦ
2756 4721 3000 4792 ᾄσματος
3030 4724 3123 4775 καὶ
3151 4726 3261 4785 τοῖς
3286 4723 3659 4798 αἰσθητηρίοις
3688 4729 3787 4781 αύ-

2192 4811 2292 4881 τῆς
2328 4812 2758 4883 ἐνηρμοσμένοις
2787 4813 3017 4884 κιθάρας
3046 4814 3200 4884 δίκην
3233 4818 3612 4888 ἐπιστημόνως
3642 4822 3784 4892 χρίγ

2195 4919 2336 4965 σαιο,
2366 4904 2660 4975 σωφρόνως
2687 4903 2899 4975 βιούσα,
2928 4905 3023 4958 καὶ
3044 4905 3163 4976 Θεῷ
3185 4908 3530 4979 ἀρεσκόντως
3557 4910 3781 4980 ᾅδουσα·

2190 4993 2333 5048 οὕτω
2370 4996 2480 5065 γάρ
2525 5013 2618 5048 σου
2675 4999 2833 5068 μνεία
2881 4999 3202 5068 γενήσεται,
3239 4999 3676 5067 καταξιώσαντός
3722 5022 3783 5058 σε

2192 5087 2291 5157 τῆς
2323 5086 2485 5139 αὐτοῦ
2523 5087 2744 5158 μνήμης
2776 5089 2871 5142 τοῦ
2908 5089 3062 5143 Θεοῦ.

2267 5199 2284 5229 ι
2327 5181 2434 5232 Καὶ
2458 5179 2608 5234 ἔσται
2643 5181 2778 5251 μετά
2808 5183 2850 5234 o'
2874 5182 2989 5254 ἔτη,
3020 5185 3327 5257 ἐπισκοπὴν
3349 5190 3564 5260 ποιήσει
3590 5190 3618 5242 ό
3647 5190 3784 5256 Θεὸς

2193 5269 2393 5343 Τύρου,
2424 5272 2517 5324 καὶ
2559 5271 2722 5324 πάλιν
2765 5274 3274 5345 ἀποκαταστήσεται
3315 5280 3395 5342 εἰς
3435 5279 3496 5332 τὺ
3529 5281 3778 5353 ἀρχαῖον,

2194 5365 2290 5419 καὶ
2327 5365 2477 5418 ἔσται
2515 5365 2776 5438 ἐμπόριον
2811 5368 3011 5433 πάσαις
3045 5375 3164 5435 ταῖς
3210 5373 3511 5444 βασιλείαις
3551 5377 3652 5447 τῆς
3701 5379 3782 5430 οξ-

2187 5457 2461 5528 κουμένης
2491 5459 2581 5510 ἐπὶ
2615 5461 2905 5529 πρόσωπον
2939 5466 3037 5528 τῆς
3069 5465 3192 5534 γῆς.
3239 5486 3257 5517 ι
3296 5467 3524 5529 Λύτίκα,
3563 5485 3778 5539 συμπε-

2190 5547 2474 5619 ρανθέντος
2507 5547 2600 5600 τοῦ
2642 5549 3072 5620 προλελεγμένου
3105 5553 3317 5625 χρόνου,
3345 5557 3649 5627 ἐπισκοπῆς
3676 5558 3780 5627 τῆς

2187 5639 2317 5709 παρ’
2346 5637 2510 5691 αὑτοῦ
2537 5638 2722 5713 τεύξῃ,
2769 5643 2863 5695 καὶ
2896 5639 3054 5707 αὖθις
3079 5645 3580 5722 ἀποκαταστηθήσῃ
3609 5651 3690 5714 εἰς
3713 5651 3778 5704 τὸ

2185 5731 2410 5803 ἀρχαῖον
2434 5747 2448 5762 ⁸
2484 5731 2625 5786 ὥστε
2666 5733 2827 5788 πάλιν
2861 5737 3120 5808 συστῆναι
3149 5738 3207 5790 ἐν
3241 5740 3323 5792 σοὶ
3363 5741 3645 5814 ἐμπόριον,
3676 5745 3778 5798 καὶ

2184 5825 2311 5887 τοὺς
2345 5825 2722 5896 ἁπανταχόθεν
2767 5831 2985 5900 συρρεῖν
3024 5831 3480 5903 ἐπισπεύδοντας,
3531 5837 3625 5892 καὶ
3670 5838 3776 5902 τὰς

2186 5913 2388 5970 ἑαυτῶν
2425 5916 2515 5970 ἐττί
2552 5918 2632 5971 σοὶ
2662 5919 3042 5989 πραγματείας
3074 5920 3414 5992 κομίζοντας.
