3984 6508
153 357 257 415 237

157 565 373 637 Κυρίῳ.
407 586 427 616 ι
456 564 569 634 (ω)
595 567 660 617 Ὃ
674 565 737 636 δὴ
762 566 856 617 καὶ
882 565 1185 636 πληροῦται
1214 565 1334 619 καθ’
1359 567 1508 637 ἡμᾶς
1534 565 1749 629 αὐτούς.

155 656 269 727 Τῆς
296 656 419 728 γὰρ
464 656 790 727 Ἐκκλησίας
828 656 921 709 τοῦ
951 655 1086 709 Θεοῦ
1118 656 1409 727 ἱδρυμένης
1448 657 1506 710 ὲν
1538 658 1604 727 τῇ
1650 657 1755 709 Τυ-

156 749 291 819 ρίων
345 746 533 812 πόλει,
565 747 754 819 ὥσπερ
797 743 1021 817 οῦνααὶ
1051 750 1108 800 ὲν
1151 750 1263 811 τοῖς
1298 748 1504 811 λοιποῖς
1554 747 1750 813 ἔθνεσι,

155 838 327 893 πολλὰ
351 839 466 891 τῶν
492 840 551 891 ὲν
576 840 715 909 αὐτῇ
751 838 1117 910 μισθωμάτων
1146 839 1211 892 ὲκ
1240 839 1626 911 πραγματείας
1659 857 1752 893 κο-

155 932 475 1003 μιζομένων
497 932 784 1001 ἁγιάζεται
806 931 883 1002 τῷ
901 931 1087 1003 Κυρίῳ
1109 933 1529 1004 προσφερόμενα
1543 935 1609 1003 τῇ
1629 932 1753 985 Ἑκ-

154 1025 357 1097 κλησίᾳ
372 1024 564 1079 αὑτοῦ·
582 1026 688 1079 ἇπε
696 1042 726 1095 ρ
738 1029 786 1079 οἱ
804 1024 1123 1096 κομίζοντες
1138 1026 1509 1098 προσφέρουσι
1540 1027 1636 1081 σὺν
1664 1027 1753 1079 εὑ-

152 1119 367 1190 λαὸεία.
392 1137 413 1169 ι
434 1120 551 1172 υὺκ
565 1119 749 1183 αὐτοῖς
766 1114 1180 1190 συναχθήσεται,
1195 1120 1330 1173 ἀλλὰ
1340 1123 1452 1184 τοῖς
1468 1119 1757 1175 κατοικοῦ-

154 1230 233 1267 σιν
260 1212 454 1265 ἔναντι
499 1212 704 1284 Κυρίου
726 1229 739 1241 ·
772 1213 923 1265 πᾶσα
954 1214 987 1284 ή
1020 1213 1261 1285 ἐμπορία
1298 1215 1499 1286 αὐτῆς,
1532 1217 1749 1284 φαγεῖν,

154 1307 245 1360 καὶ
270 1310 445 1367 πιεῖν,
463 1306 561 1358 καὶ
585 1305 989 1377 ἐμπλησθῆναι,
1013 1308 1106 1359 καὶ
1122 1308 1203 1370 εἰς
1222 1325 1283 1360 συ
1292 1307 1515 1379 μϐολὴν,
1539 1326 1643 1380 μνη
1653 1308 1750 1379 μό⁹

153 1417 306 1452 mw:
360 1399 546 1453 ἔναντι
582 1399 817 1470 Κυρίου·
876 1419 893 1451 ι
940 1399 1141 1473 δηλαδὴ
1177 1404 1289 1463 τοῖς
1324 1400 1620 1473 παρέδροις
1655 1400 1750 1455 τοῦ

154 1495 585 1565 θυσιαστηρίου⁸
630 1491 774 1546 οὕτω
824 1492 932 1564 γὰρ
976 1493 1182 1563 Κύριος
1220 1494 1501 1560 διετάξατο
1537 1497 1651 1558 τοῖς
1690 1493 1752 1547 τὸ

154 1588 496 1656 Εῦαγγέλιον
536 1587 997 1656 καταγγέλλουσιν
1040 1589 1105 1640 ὲκ
1134 1587 1229 1640 τοῦ
1262 1587 1594 1657 Εὐαγγελίου
1628 1588 1747 1659 ζῇνο

156 1680 242 1731 καὶ
268 1682 317 1732 οἰ
342 1678 428 1747 τῷ
464 1678 834 1749 θυσιαστηρίῳ
868 1677 1312 1749 παρεδρεύοντες,
1350 1678 1429 1748 τῷ
1458 1678 1752 1750 θυσιαστη-

157 1771 251 1841 ρίῳ
274 1770 741 1840 συμμερίζεσθαι.
768 1771 988 1833 Τούτοις
1013 1766 1105 1824 οὖν
1128 1771 1333 1835 αὐτοῖς,
1360 1771 1434 1835 ὡς
1456 1770 1521 1824 ἂν
1547 1772 1750 1843 ἱερεῦσι

1084 359 1584 422 COMMENTARIA
1624 360 1687 415 IN
1730 361 1989 416 ISAIAM.
2025 392 2097 405 -—
2133 360 2287 416 CAP.
2331 361 2521 417 XXIV.

230 493 251 525 ι
289 475 411 528 Καὶ
442 474 589 528 ἔσται
622 476 791 545 αὐτῆς
826 476 857 544 ή
891 475 1153 546 ἐμπορία,
1182 476 1275 528 καὶ
1313 476 1341 527 6
1372 474 1563 545 μισθὸς
1601 474 1756 543 ἆγιος
1787 485 1830 538 Α

3340 365 3446 426 Ξῖ8

1934 471 2098 527 Vens.
2127 474 2215 528 18.
2263 492 2282 525 ι
2316 474 2379 528 Ει
2432 477 2538 530 erit
2587 476 2704 544 ejus
2775 480 3071 552 negotiatio
3112 490 3166 537 et
3232 499 3445 542 merces

1863 576 2050 620 sancta
2086 563 2335 619 Domino.
2361 582 2380 616 ι
2417 565 2567 632 Quod
2599 578 2746 622 certe
2784 581 2969 626 nostro
3002 581 3244 642 tempore
3290 590 3445 631 com-

1862 656 2063 726 pletum
2096 657 2390 711 cernimus.
2430 655 2565 711 Nam
2617 674 2737 713 cum
2785 660 3024 717 Ecclesia
3072 663 3164 720 Dei
3201 666 3256 721 in
3309 667 3445 723 urbe

1862 747 2171 819 Tyriorum,
2207 748 2430 815 perinde
2467 758 2631 819 atque
2678 752 2730 805 in
2765 752 2986 821 reliquis
3019 756 3282 825 gentibus
3319 757 3447 812 fun-

1862 840 1985 893 data
2041 840 2146 904 sit,
2210 839 2391 894 multa:
2436 855 2505 895 ex
2554 842 2672 911 ejus
2740 836 3043 899 mercibus.
3079 851 3445 917 negotiatione

1859 932 2031 1000 partis
2063 932 2290 987 Domino
2316 944 2736 997 consecrantur,
2769 932 3027 991 Ecclesia:
3056 938 3173 1008 ejus
3202 939 3399 995 oblatae
3422 956 3441 995 :

1860 1040 1979 1094 quae
2013 1040 2134 1080 cum
2179 1026 2381 1095 pietate
2423 1040 2453 1079 a
2484 1027 2855 1095 pra‘bentibus
2902 1025 3227 1087 offeruntur.
3273 1047 3293 1082 ι
3324 1031 3443 1085 Νοιι

1862 1118 1992 1187 ipsis
2035 1118 2485 1189 congregabitur;
2529 1118 2624 1174 sed
2668 1118 2766 1182 iis,
2815 1119 2905 1189 qui
2961 1119 3211 1176 habitant
3256 1138 3440 1179 coram

1859 1208 2107 1264 Domino.
2137 1208 2325 1266 Omnis
2369 1211 2665 1281 negotiatio
2707 1209 2847 1278 ejus,
2889 1222 2948 1264 ut
2981 1213 3127 1277 edat,
3175 1222 3230 1269 et
3261 1215 3441 1283 bibat,

1858 1311 1915 1357 et
1942 1303 2189 1369 satietur,
2219 1313 2277 1358 et
2317 1303 2370 1358 in
2420 1304 2760 1373 symbolum,
2807 1316 3215 1361 monumentum
3260 1322 3443 1363 coram

1860 1391 2116 1458 Domino;
2154 1392 2410 1447 videlicet
2446 1394 2709 1449 ministris
2748 1394 2934 1449 altaris
2969 1414 2982 1450 :
3016 1397 3095 1451 sic
3140 1398 3283 1451 enim
3316 1414 3450 1467 pne.

1860 1482 2002 1551 cepit
2026 1482 2281 1537 Dominus
2310 1483 2374 1537 iis
2400 1484 2491 1553 qui
2523 1484 2873 1556 Evangelium
2904 1489 3246 1555 annuntiant,
3288 1500 3344 1543 ut
3375 1505 3445 1545 ex

1857 1575 2147 1646 Evangelio
2174 1577 2391 1641 vivant,
2423 1585 2478 1632 et
2507 1587 2564 1631 ut
2608 1578 2643 1632 ii
2674 1579 2763 1647 qui
2808 1580 2963 1634 altari
2994 1590 3193 1644 astant,
3232 1581 3286 1635 in
3320 1596 3448 1651 por-

1861 1666 2059 1721 tionem
2108 1667 2299 1723 altaris
2338 1669 2717 1744 admittantur.
2754 1669 2848 1724 llis
2895 1686 3027 1741 ergo
3069 1672 3221 1742 ipsis,
3258 1682 3449 1742 utpote

1859 1760 2234 1815 sacerdotibus
2271 1761 2406 1826 Dei,
2465 1762 2839 1817 habitantibus
2882 1763 2935 1817 in
2981 1774 3275 1833 conspectu
3321 1763 3431 1819 Do-

156 1861 243 1913 τοῦ
272 1861 413 1914 Θεοῦ
447 1865 562 1925 τοῖς
588 1860 933 1914 κατοικοῦσιν
966 1861 1147 1914 ἔναντι
1177 1862 1383 1933 Κυρίου
1402 1903 1416 1926 ,
1448 1863 1548 1926 τὰς
1572 1863 1752 1935 ἀπαρ-

1862 1854 2015 1919 mini,
2053 1855 2318 1922 primitias
2365 1853 2658 1911 olferentes
2708 1856 2991 1909 memorati
3047 1856 3334 1921 homines.
3385 1874 3448 1913 re

156 1952 250 2022 χὰς
282 1952 701 2025 προσφέροντες
723 1955 772 2007 οἱ
802 1953 1155 2023 δηλωθέντες,
1180 1954 1328 2027 ἔργῳ
1359 1954 1626 2027 πληροῦσι
1656 1955 1756 2027 τὴν

160 2046 479 2113 φάσκουσαν
504 2046 862 2117 προφητείαν·
896 2066 913 2097 ι
947 2046 1058 2099 Καὶ
1084 2046 1235 2100 ἔσται
1257 2047 1521 2119 ἐμπόριον
1547 2048 1752 2113 αὐτοῖς,

162 2138 248 2189 καὶ
277 2138 483 2208 μισθὸς
507 2139 712 2202 αὐτοῖς,
746 2157 765 2190 ι
813 2139 907 2191 καὶ
943 2138 1011 2192 τὰ
1039 2136 1187 2210 ἑξῆς.

676 2272 1075 2326 ΚΕΦΑΛΑΙΟΝ
1111 2272 1239 2326 ΚΔ’.

231 2426 249 2457 ι
290 2407 431 2461 Ἰδοὺ
475 2408 680 2479 Κύριος
719 2408 1076 2479 καταφθείρει
1110 2408 1208 2479 τὴν
1248 2406 1573 2479 οἰκουμένην
1601 2406 1751 2480 ὅλην,

163 2502 246 2553 καὶ
269 2500 558 2572 ἐρημώσει
588 2500 779 2572 αὐτὴν,
815 2502 908 2555 καὶ
962 2500 1299 2571 ἀνακαλύψει
1346 2502 1406 2555 τὸ
1460 2502 1752 2570 πρόσωπον

164 2594 341 2663 αὐτῆς.
384 2614 408 2645 ›
463 2593 681 2664 Ἐπειδὴ
713 2594 821 2665 γὰρ
870 2613 888 2646 ι
946 2593 1039 2646 τοῦ
1092 2594 1296 2665 Κυρίου
1344 2596 1377 2664 ὴ
1423 2594 1491 2664 γῆ
1552 2593 1645 2646 καὶ
1694 2594 1754 2646 τὸ

165 2686 439 2757 πλήρωμα
478 2687 670 2756 αὐτῆς,
709 2705 727 2739 ι
765 2686 966 2740 ὡσανεὶ
990 2687 1209 2740 πάντων
1249 2686 1552 2758 ἀνθρώπων
1587 2686 1749 2758 κηδό-

168 2794 336 2846 μενος,
372 2778 749 2833 διαστέλλεται
781 2781 846 2850 τῇ
887 2779 1183 2851 οἰκουμένῃ
1211 2778 1281 2832 τὰ
1314 2779 1442 2849 περὶ
1480 2779 1578 2848 τῆς
1619 2776 1750 2849 μελ-

164 2868 349 2941 λούσης
410 2871 659 2935 ἅπαντας
705 2869 1023 2942 ἀνθρώπους
1064 2870 1420 2941 διαλήψεσθαι
1466 2870 1558 2923 τοῦ
1616 2868 1749 2922 Θεοῦ

1860 1944 1972 2014 ipsa
2017 1954 2073 2000 et
2123 1961 2290 2017 opere
2329 1946 2555 2017 implent
2594 1946 2932 2017 prOphetiam
2984 1963 3106 2018 quae
3158 1949 3266 2014 ait,
3322 1968 3341 2002 ι
3376 1950 3444 2005 Et

1857 2038 1964 2093 erit
2007 2039 2308 2109 emporium
2371 2038 2539 2109 ipsis,
2580 2051 2637 2095 et
2686 2054 2895 2096 merces
2962 2040 3113 2110 ipsis.
3143 2059 3163 2094 ι
3210 2050 3265 2097 et
3329 2058 3446 2097 ca:-

1860 2138 1996 2187 tera.

2412 2272 2644 2329 CAPUT
2697 2271 2887 2326 XXIV.

1935 2408 2089 2465 Vens.
2128 2412 2180 2465 l.
2222 2430 2242 2462 ι
2293 2411 2431 2466 Ecce
2468 2412 2728 2467 Dominus
2780 2422 3092 2481 corrumpet
3140 2419 3309 2465 totum
3349 2427 3441 2466 or-

1854 2504 1998 2569 hem,
2027 2514 2084 2559 et
2115 2504 2347 2560 vastabit
2387 2520 2534 2570 eum,
2581 2515 2636 2560 et
2680 2505 2943 2561 revelabit
3007 2505 3204 2559 faciem
3252 2506 3403 2576 ejus.

1855 2597 1991 2662 Quia
2023 2615 2042 2647 ι
2085 2598 2229 2651 enim
2261 2616 2278 2648 ι
2320 2597 2531 2652 Domini
2575 2607 2657 2652 est
2686 2609 2827 2652 terra
2848 2608 2902 2652 et
2926 2598 3205 2667 plenitudo
3233 2598 3431 2668 ejusm

1857 2694 2117 2754 tanquam
2151 2687 2242 2756 qui
2279 2687 2557 2740 hominum
2596 2688 2837 2741 omnium
2890 2703 3077 2742 curam
3119 2697 3293 2758 gerat,
3318 2688 3438 2741 orbi

1854 2783 2125 2830 terrarum
2166 2777 2404 2846 explicat
2442 2791 2505 2831 ea
2538 2793 2658 2846 quae
2685 2779 2749 2831 ad
2805 2779 2897 2834 Dei
2939 2777 3205 2845 judicium
3267 2779 3440 2849 perti-

1854 2877 2004 2931 nent,
2059 2868 2127 2922 de
2162 2869 2433 2923 universis
2464 2869 2771 2924 hominibus
2828 2869 3161 2935 habendum,
3216 2885 3319 2938 qna
3350 2869 3441 2924 die

165 2962 413 3033 κρίσεως,
445 2966 503 3017 ὲν
528 2964 710 3036 ήμέρᾳ
747 2966 834 3019 ὅτε
864 2966 1038 3037 κρινεί
1068 2966 1096 3017 6
1127 2964 1259 3027 Θεὸς
1290 2964 1359 3016 τὰ
1391 2963 1610 3035 κρυπτά
1642 2962 1749 3015 τῶν

1862 2960 2110 3025 iudicabit
2126 2959 2491 3018 Deusoceulta
2513 2962 2813 3028 hominum,
2837 2982 2855 3014 ι
2878 2961 2937 3016 Et
2953 2962 3332 3033 dispergeteos
3345 2961 3439 3029 qui

165 3054 494 3126 ἀνθρώπων,
552 3075 569 3106 ι
627 3057 721 3109 καὶ
777 3056 1062 3127 διασπερεῖ
1111 3057 1239 3118 τοὺς
1293 3055 1634 3120 ἐνοικοῦντας
1691 3058 1749 3110 ὲν

164 3148 311 3218 αὐτῇ.
387 3168 409 3199 ι
466 3148 538 3199 Ἦ
601 3148 742 3200 κατὰ
796 3148 888 3201 τὸν
948 3148 1178 3200 ’Δκῦλαν
1237 3150 1330 3200 καὶ
1394 3148 1745 3213 Θεοδοτίωνα,

171 3258 187 3288 ι
222 3238 604 3311 διασκορπίζει
653 3238 843 3302 ἄλλους
888 3237 1143 3309 ἁὶλαχοῦ,
1186 3258 1204 3291 >
1245 3238 1387 3291 κατὰ
1421 3238 1518 3309 τὴν
1552 3239 1745 3295 ἀναλο-

165 3330 277 3397 ⁸τίαν
309 3332 425 3385 τῶν
447 3332 681 3385 ἑκάστου
708 3331 967 3401 πράξεων
987 3346 1000 3358 ⁶
1029 3329 1220 3384 πολλαὶ
1254 3330 1362 3403 γὰρ
1398 3332 1557 3401 μοναὶ
1599 3330 1751 3404 παρὰ

168 3420 235 3491 τῷ
255 3423 458 3495 Πατρί,
499 3422 671 3493 μέγας
709 3439 768 3475 τε
804 3423 897 3476 καὶ
932 3422 1098 3486 πολὺς
1143 3425 1171 3476 6
1211 3421 1306 3475 τοῦ
1346 3421 1480 3475 Θεοῦ
1525 3423 1749 3494 κόσμος,

166 3518 233 3584 ὡς
260 3520 528 3574 δύνασθαι
568 3520 749 3583 πάσας
785 3517 1144 3589 ὑποδέχεσθαι
1192 3518 1414 3582 καὶτὰς
1461 3518 1521 3584 ἐξ
1556 3518 1752 3581 αἰῶνος

169 3607 303 3680 ὲντῇ
347 3612 427 3681 γῇ
478 3608 946 3680 πεπολιτευμένας
989 3608 1185 3679 ψυχὰς,
1231 3608 1340 3662 τῶν
1398 3609 1494 3679 μὲν
1539 3608 1752 3662 ἀσεϐῶν

169 3701 245 3753 τὶν
282 3702 423 3774 ᾅδην
467 3702 561 3755 καὶ
596 3702 657 3754 τδ
692 3700 796 3754 ὑπὸ
826 3701 928 3771 γῆν
971 3702 1308 3771 οἰκητήριον,
1364 3701 1611 3765 σκοτίους
1660 3702 1754 3755 καὶ

170 3793 429 3862 ἁοράτους
474 3794 683 3862 μυχοὺς
727 3790 1191 3863 κληρωσαμένων,
1241 3793 1385 3846 κατὰ
1434 3793 1513 3855 τὸ,
1556 3812 1573 3843 ι
1625 3794 1753 3846 Εἰσ-

170 3884 471 3939 ελεύσονται
495 3890 573 3949 εἰς
598 3884 665 3939 τὰ
692 3883 981 3939 κατώτατα
1006 3885 1103 3956 τῆς
1134 3885 1257 3955 γῆς’
1288 3885 1753 3958 παραδοθήσονται

171 3980 238 4039 εἰς
264 3982 461 4051 χεῖρας
495 3978 789 4050 ῥομφαίας,
843 3978 1061 4049 μερίδες
1102 3978 1401 4032 ἀλωπέκων
1436 3978 1685 4033 ἔσονται·
1728 3999 1746 4031 ο

173 4068 263 4123 τῶν
304 4074 365 4125 δὲ
419 4070 659 4123 εὐσεϐῶν
720 4070 1199 4142 ἀρπαγησομένων
1253 4071 1312 4123 ἐν
1372 4070 1624 4141 νεφέλαις
1672 4073 1753 4135 εἰς

170 4162 466 4233 ἀπάντησιν
497 4162 591 4216 τοῦ
634 4162 842 4235 Κυρίου
869 4164 949 4225 είς
979 4163 1138 4234 ἀέρα,
1169 4163 1264 4217 καὶ
1304 4162 1478 4227 οὕτως
1522 4163 1752 4217 πάντοτε

174 4257 256 4309 σὺν
284 4255 485 4328 Κυρίῳ
511 4255 916 4325 γενησομένων.

238 4368 253 4397 ι
290 4349 409 4404 Καὶ
440 4348 593 4402 ἔσται
626 4350 655 4401 6
687 4348 813 4412 λαὸς
847 4348 922 4411 ὡς
956 4350 984 4401 6
1019 4348 1219 4419 ἱερεὺς,
1264 4345 1359 4400 καὶ
1391 4346 1420 4397 6
1456 4348 1583 4409 παῖς
1616 4346 1691 4409 ὼς
1724 4346 1752 4398 6

174 4440 374 4513 κύριος,
405 4443 499 4495 καὶ
532 4443 565 4513 ἡ
600 4442 905 4513 θεράπαινα
943 4442 1019 4505 ὡς
1048 4443 1081 4513 ή
1118 4439 1301 4510 κυρία.
1342 4438 1537 4492 Ἔσται
1561 4440 1589 4491 6
1619 4439 1751 4507 ἀγοσ-

1854 3053 2107 3108 habitant
2140 3055 2191 3107 in
2219 3056 2358 3122 ipso.
2386 3074 2404 3108 ι
2427 3057 2554 3111 Sive
2583 3055 2880 3110 secundum
2908 3055 3163 3125 Aquilam
3183 3063 3240 3110 et
3258 3055 3438 3109 Theo-

1852 3150 2149 3215 tlotionem,
2224 3168 2243 3200 ι
2284 3150 2522 3219 Dissipat
2578 3150 2712 3202 alios
2771 3149 2922 3217 alibi,
2964 3168 2983 3203 ι
3051 3164 3149 3218 pro
3226 3148 3440 3203 ratione

1855 3257 2080 3311 operum
2140 3241 2445 3311 cujusque:
2490 3258 2613 3296 nam
2665 3241 2847 3296 multa:
2919 3242 3233 3296 mansiones
3296 3242 3438 3312 apud

1855 3330 2112 3385 Patrem:
2151 3347 2487 3401 magnusque
2529 3342 2583 3385 et
2623 3341 2809 3385 vastus
2838 3342 2922 3385 est
2962 3331 3057 3386 Dei
3093 3333 3346 3397 mundus,
3381 3341 3441 3385 ut

1855 3427 2025 3496 possit
2062 3425 2183 3480 illas
2228 3440 2418 3480 omnes
2454 3426 2738 3480 continere
2772 3425 3004 3488 animas,
3038 3440 3157 3493 qua:
3185 3441 3215 3478 a
3238 3424 3440 3479 saeculo

1856 3518 1909 3572 in
1948 3528 2093 3573 terra
2122 3527 2351 3572 versatae
2398 3527 2528 3571 sunt
2572 3534 2587 3573 :
2624 3517 2804 3586 impiis
2836 3517 3107 3571 infernum
3136 3527 3192 3571 et
3219 3518 3437 3572 subter-

1856 3623 2081 3663 raneum
2120 3608 2482 3673 domicilium,
2510 3607 2826 3663 tenebrosos
2864 3608 3078 3663 scilicet
3106 3617 3160 3663 et
3196 3607 3438 3663 occultos

1858 3716 2101 3754 recessus
2130 3699 2327 3764 naetis,
2358 3699 2655 3754 secundum
2689 3699 2839 3765 illud,
2869 3719 2887 3752 ι
2923 3700 3227 3755 lntroibunt
3266 3701 3318 3755 in
3358 3701 3441 3754 in-

1854 3792 2060 3848 feriora
2110 3804 2270 3850 terra:
2310 3810 2325 3847 :
2362 3794 2646 3849 tradentur
2692 3794 2745 3848 in
2781 3808 2972 3848 manus
3022 3793 3210 3863 gladii,
3257 3804 3441 3863 partes

1857 3888 2097 3958 vulpium
2118 3890 2343 3955 erunt';
2370 3906 2388 3939 ι
2410 3886 2512 3958 piis
2536 3902 2664 3942 vero
2684 3888 2853 3955 raptis
2884 3887 2936 3941 in
2966 3885 3198 3939 nubibus
3222 3887 3439 3941 obviam

1863 3982 2089 4037 Domino
2127 3980 2181 4036 in
2234 3996 2382 4045 aera,
2439 3989 2493 4035 et
2534 3981 2619 4035 sic
2663 3993 2878 4048 semper
2929 3994 3053 4033 cum
3088 3977 3315 4032 Domino
3351 3978 3438 4033 fu-

1859 4074 2017 4127 turis.

1928 4341 2092 4397 Vens.
2119 4342 2175 4396 2.
2214 4359 2231 4393 ι
2270 4341 2334 4395 Et
2356 4341 2461 4396 erit
2506 4354 2735 4411 populus
2768 4349 3024 4409 tanquam
3074 4341 3356 4404 sacerdos,
3383 4350 3440 4395 et

1856 4450 2044 4489 servus
2077 4444 2332 4505 tanquam
2376 4434 2654 4499 dominus,
2701 4442 2755 4489 et
2792 4432 2992 4487 latriula
3047 4442 3303 4503 tanquam
3340 4434 3437 4489 do-

179 4533 343 4601 ρὰζων
383 4533 461 4596 ὡς
496 4534 524 4585 6
566 4533 782 4597 πωλῶν,
820 4550 916 4586 και
949 4533 978 4585 6
1022 4530 1283 4595 δανείζων
1330 4529 1405 4593 ὡς
1445 4530 1475 4581 6
1511 4528 1751 4593 δανειζό-

1862 4526 2023 4581 mius.
2066 4525 2184 4580 Erit
2229 4526 2321 4595 qui
2352 4527 2484 4581 emit
2544 4537 2800 4595 tanquam
2832 4525 2926 4594 qui
2963 4525 3172 4588 vendit,
3215 4526 3306 4594 qui
3359 4526 3439 4580 le-

181 4641 348 4692 μενος,
386 4628 480 4680 καὶ
510 4628 539 4680 ὁ
570 4624 800 4694 ὀφείλων
825 4625 900 4689 ὡς
932 4627 960 4679 6
989 4618 1033 4694 ᾧ
1064 4623 1289 4694 όφείλεν
1332 4641 1350 4674 ι
1392 4621 1748 4693 σημαίνοντος

176 4718 258 4772 τοῦ
301 4720 467 4788 λόγου
518 4719 613 4773 τοῦ
676 4717 1015 4791 προφητικοῦ
1070 4717 1161 4771 τὸν
1219 4719 1319 4787 τῆς
1365 4716 1474 4769 τῶν
1535 4715 1750 4786 νεκρῶν

177 4809 516 4875 ἀναστάσεως
590 4813 811 4884 τρόπον.
872 4810 1119 4864 Ἐπειδὰν
1170 4810 1227 4863 δὲ
1290 4808 1644 4881 ἁνακαλυεροῇ
1684 4808 1753 4861 τά

176 4902 589 4976 ἐγκεκρυμμένα
632 4907 691 4957 ἐν
728 4908 794 4976 τῇ
825 4908 895 4976 γῇ
936 4903 1182 4975 σώματα,
1224 4902 1667 4973 παραστήσονται
1702 4901 1751 4954 οί

178 4998 473 5068 κρινόμενοι
510 4997 615 5070 πρὸ
664 4997 757 5051 τοῦ
810 4997 1050 5069 βήματος
1078 4995 1170 5049 τοῦ
1209 4995 1444 5068 μεγάλου
1479 4994 1668 5065 κριτοῦ
1695 4994 1752 5062 ἐξ

182 5085 282 5141 ἴσου
326 5091 564 5153 πάντες,
610 5090 686 5153 ὡς
721 5089 855 5160 μηδὲ
892 5088 1168 5159 διαφέρειν
1199 5086 1327 5150 τοὺς
1368 5087 1426 5138 ὲν
1458 5084 1538 5156 τῷ
1571 5084 1751 5157 θνητῷ

181 5180 270 5251 βίῳ
296 5185 427 5238 ποτὲ
454 5183 713 5250 δόξαντας
740 5182 901 5235 πλέον
931 5198 983 5234 τι
1010 5179 1298 5251 ἐσχηκέναι
1326 5179 1445 5251 ἦτοι
1484 5179 1542 5231 ὲν
1585 5176 1751 5245 ἀξιώ-

184 5290 318 5343 ματι,
354 5277 388 5347 ἢ
420 5275 590 5344 γένει,
627 5274 660 5345 ἢ
696 5272 931 5344 πλούτῳ,
980 5271 1085 5325 τῶν
1126 5270 1505 5341 ἐνδεεστέρων.
1540 5270 1749 5334 Πάντες

181 5366 276 5439 γάρ
307 5368 367 5435 ἐξ
390 5371 507 5423 ἴσου
536 5368 656 5422 τότε
691 5366 1132 5441 παραστήσονται
1156 5362 1233 5434 τῷ
1257 5362 1461 5435 βήματι
1488 5361 1582 5415 τοῦ
1611 5362 1655 5414 Χ
1665 5379 1749 5433 ρι-

183 5461 314 5514 στοῦ·
351 5463 445 5516 καὶ
471 5460 550 5531 τῷ
591 5461 727 5530 ἱερεῖ
761 5456 1156 5529 παραπλησίως
1188 5456 1216 5508 6
1249 5453 1397 5520 λαὸς,
1430 5452 1523 5506 καὶ
1549 5454 1751 5523 ὁμοίως

244 5573 263 5603 ⁸
294 5574 426 5627 l‘sal.
459 5573 549 5635 23,
593 5588 628 5625 ι.
736 5570 757 5601 ⁹
793 5570 936 5625 Psal.
970 5585 1104 5629 LXII,
1138 5568 1223 5621 ll.

248 5666 352 5736 (9.9)
395 5667 518 5721 "me
567 5666 637 5718 ita
687 5664 940 5733 exprimit
968 5662 1351 5736 llierrmymus,
1396 5680 1414 5712 ι
1446 5659 1746 5736 Centaurus

188 5734 231 5785 in
256 5732 392 5808 Tyro
437 5735 977 5808 exstructasChristi
1014 5732 1274 5787 eccles‘ias
1299 5749 1311 5796 ;
1341 5732 1746 5808 consideremus

185 5802 593 5873 Opes'umuiunt,
622 5807 765 5876 quod
827 5818 933 5861 nun
996 5812 1344 5874 reponantur,
1391 5816 1489 5857 nec
1529 5802 1745 5855 thesau-

1856 4617 1974 4670 nori
2009 4617 2101 4670 dat
2152 4623 2409 4686 tanquam
2446 4615 2536 4687 qui
2568 4616 2786 4684 accipit,
2841 4615 2934 4684 qui
2968 4616 3127 4669 debet
3178 4624 3436 4683 tanquam

1857 4706 1905 4762 is
1927 4709 2013 4763 cui
2042 4709 2221 4763 debet.
2256 4726 2275 4760 ι
2311 4708 2637 4777 Prophetico
2664 4722 2814 4763 more
2841 4706 3261 4763 resurrectionis
3288 4723 3437 4763 mor-

1861 4810 2077 4855 tuorum
2111 4804 2327 4855 modum
2370 4800 2658 4869 significat.
2688 4799 2821 4853 Cum
2851 4809 3033 4853 autem
3066 4799 3300 4854 revelata
3322 4798 3440 4853 fue-

1862 4891 1973 4946 rint
2009 4906 2073 4947 ea
2125 4906 2243 4957 qua:
2286 4891 2336 4946 in
2384 4900 2529 4945 terra
2587 4892 2807 4948 condita
2841 4907 3095 4961 corpora,
3150 4891 3242 4961 qui
3294 4890 3439 4960 judi-

1861 4986 2018 5039 candi
2052 4996 2178 5040 sunt
2215 4995 2340 5040 ante
2381 4984 2615 5040 tribunal
2667 4984 2848 5055 magni
2909 4983 3128 5052 judicis,
3158 4999 3225 5038 ex
3281 4998 3438 5051 ωσιυο

1860 5098 2050 5138 οιιιιιοε
2093 5082 2387 5148 sistentur,
2431 5082 2503 5135 ita
2545 5092 2605 5136 ut
2642 5083 2733 5150 qui
2789 5082 2919 5137 olim
2972 5082 3025 5135 in
3064 5080 3275 5135 mortali
3327 5080 3435 5133 vita

1860 5176 2064 5246 aliquid
2104 5176 2223 5246 plus
2262 5175 2385 5229 aliis
2417 5176 2619 5229 habere
2658 5174 2983 5229 videbantur
3006 5175 3123 5227 sive
3151 5171 3433 5236 dignitate,

1856 5266 1972 5321 sive
2001 5282 2220 5336 genere,
2244 5268 2361 5321 sive
2393 5266 2617 5329 diVllllS,
2647 5265 2777 5319 nihil
2810 5263 3059 5317 diﬂ’erant
3093 5280 3121 5314 ιι
3155 5260 3439 5331 pauperio-

1858 5360 2030 5413 ribus.
2109 5360 2311 5415 Omnes
2373 5360 2520 5414 enim
2576 5357 2861 5428 mqualiter
2912 5353 3167 5409 trilmuali
3231 5354 3433 5408 Christi

1859 5454 2139 5521 sistentur,
2174 5452 2399 5523 perinde
2436 5463 2492 5506 ut
2529 5450 2810 5515 sacerdos,
2858 5449 2932 5503 ita
2964 5457 3019 5502 et
3073 5453 3329 5516 paputus,
3381 5458 3438 5503 et

1853 5661 2117 5743 rigentur.
2159 5659 2253 5716 sed
2301 5660 2499 5714 dentur
2534 5657 2618 5712 his
2662 5654 2751 5724 qui
2802 5652 3046 5709 habitant
3099 5668 3278 5708 coram
3326 5650 3436 5708 Do-

1852 5747 2017 5788 llllllO.
2045 5751 2062 5783 ι
