3984 6512
535 362 644 421 259

1237 356 1505 417 EUSEBII
1544 355 2023 415 ClSAllIENSIS
2060 356 2212 413 OPI’.
2256 354 2439 411 Ριιιε
2477 353 2565 409 Ill.
2606 385 2680 397 σ-
2717 351 3141 412 ΕΧΕΟΕἸἭΖΑ.

3714 350 3835 405 260

536 484 765 554 perinde
792 484 882 539 alii
936 496 1149 548 omnes,
1184 482 1332 552 'quia
1368 498 1474 537 non
1506 490 1590 537 est
1631 494 1986 551 personarum
2036 496 2127 536 ac-

2238 480 2455 542 πάντες·
2482 479 2603 531 ἐπεὶ
2635 480 2709 548 μή
2738 479 2856 529 ἐστι
2888 473 3313 550 προσωποληψία
3364 472 3515 545 παρὰ
3557 470 3638 542 τῷ
3679 470 3830 542 Θεῷ.

538 578 722 647 ceptio
761 576 902 646 apud
941 576 1129 631 Deum.
1190 574 1556 642 Quamobrem
1594 575 1734 643 apud
1776 574 1876 629 Job
1920 576 2125 629 dictum

538 679 673 723 est:
718 687 736 721 ι
771 668 977 723 Parvus
1009 678 1063 723 et
1111 682 1341 737 magnus
1389 666 1500 719 illic
1546 674 1716 733 sunt,
1772 676 1829 721 et
1893 666 2129 722 famulus

541 778 649 814 non
684 771 938 814 metuens
987 758 1263 813 dominum
1310 772 1468 811 suum
1508 758 1569 809 ιο.
1608 776 1627 809 ι

613 850 776 905 Vens.
806 852 865 915 5,
900 852 957 903 4.
1003 868 1024 900 ι
1058 849 1421 919 Corruptione
1450 858 1843 919 corrumpetur
1867 858 2047 914 terra,
2074 859 2133 903 et.

540 944 853 1014 direptione
898 941 1191 1013 diripietur
1221 952 1367 996 terra
1397 957 1412 993 :
1446 956 1507 996 os
1546 943 1691 998 enim
1746 943 1958 998 Domini
1995 943 2130 998 dixit

541 1036 677 1091 iure.
708 1034 869 1089 Luxit
901 1044 1069 1099 terra,
1099 1044 1153 1087 et
1205 1044 1500 1104 corruptus
1523 1045 1609 1090 est
1647 1036 1795 1089 orbis
1822 1054 1835 1089 :
1875 1035 2132 1090 luxerunt

540 1132 739 1187 excelsi
793 1141 972 1185 terrze.
1006 1149 1025 1182 ι
1054 1128 1187 1183 Nam
1223 1130 1430 1203 prolata
1478 1145 1575 1200 per
1613 1130 1933 1201 prophetam
1958 1144 1987 1182 a
2020 1129 2130 1184 Deo

540 1223 837 1286 sententia,
867 1227 980 1276 haec
1005 1222 1322 1291 contingent
1358 1222 1447 1283 iis,
1497 1221 1587 1291 qui
1635 1223 1876 1291 pejorem
1923 1231 2127 1275 sortem

542 1317 688 1370 nacti
751 1316 954 1371 fuerint
989 1333 1002 1369 :
1036 1331 1172 1384 quos
1223 1316 1427 1370 terreni
1488 1330 1683 1368 sensus
1718 1330 1879 1369 causa
1929 1324 2127 1368 terram

537 1418 718 1463 vocat.
756 1408 1221 1474 Quemadmodum
1267 1406 1410 1462 enim
1443 1406 1569 1459 olim
1616 1407 1746 1459 Ada‘
1774 1405 1981 1460 dictum
2023 1417 2127 1469 est,

544 1519 563 1551 ‹
600 1499 769 1553 Terra
803 1515 883 1563 es,
920 1508 974 1553 et
1005 1500 1054 1552 in
1091 1508 1291 1552 terram
1342 1498 1638 1553 reverteris
1669 1499 1709 1529 “
1734 1539 1750 1564 ,
1785 1517 1804 1551 ι
1842 1499 1920 1552 sic
1954 1510 2007 1553 et
2064 1498 2129 1553 iis

538 1591 631 1659 qui
669 1600 912 1661 tempore
966 1578 1136 1644 divini
1194 1589 1405 1659 jndicii,
1460 1588 1752 1659 voluptarii
1790 1598 1844 1644 et
1884 1590 2130 1660 corporis

539 1689 807 1747 amantes,
837 1696 901 1735 ac
930 1680 1156 1749 proinde
1189 1681 1388 1734 terreni
1438 1690 1493 1735 et
1530 1680 1778 1735 carnales
1809 1681 2128 1751 deprehensi

540 1774 769 1838 fuerint,
806 1774 1173 1842 corruptionis
1214 1774 1541 1844 supplicium
1578 1774 1964 1828 comminatur.
2000 1775 2129 1841 Quae

2231 573 2322 625 Διὸ
2369 572 2587 643 εἴρηται
2638 567 2791 641 παρά
2833 568 2912 640 τῷ
2972 567 3125 621 Ἰὼϐ·
3180 585 3200 617 ι
3248 567 3462 638 Μικρὸς
3508 566 3603 619 καὶ
3648 564 3837 635 μέγας

2231 662 2348 716 ἐκεῖ
2398 664 2533 725 ἐστι,
2604 663 2699 715 καὶ
2746 662 3003 733 Θεράπων
3054 660 3115 712 οὑ
3178 657 3430 722 δεδοικὼς
3486 657 3579 711 τὸν
3627 656 3835 729 κύριον

2230 753 2419 809 αὑτοῦ.
2463 774 2483 805 ›

2307 870 2327 900 ε
2376 848 2561 921 Φθορᾷ
2608 846 2947 919 φθαρήσεται
2985 848 3021 917 ή
3053 846 3147 917 γῆ,
3195 846 3290 898 καὶ
3331 844 3579 915 προνομῇ
3616 858 3830 914 προνο-

2234 940 2563 1011 μευθήσεται
2605 941 2638 1012 ἡ
2681 940 2774 1009 γῆ·
2823 939 2886 992 τὸ
2932 938 3042 1011 γάρ
3098 936 3277 1008 στόμα
3327 935 3535 1008 Κυρίου
3588 935 3836 1007 ἐλάλησε

2231 1033 2423 1087 ταῦτα.
2473 1032 2801 1103 Ἐπένθησεν
2844 1033 2877 1103 ή
2918 1032 2989 1103 γῆ
3030 1032 3123 1084 καὶ
3162 1029 3374 1101 ἐφθάρη
3424 1031 3458 1101 ή
3492 1029 3833 1099 οἰκουμένῃ’

2233 1126 2539 1197 ἐπένθησαν
2560 1128 2608 1179 oi
2637 1124 2830 1195 ὑψηλοὶ
2861 1124 2962 1194 τῆς
2992 1124 3116 1195 γῆς.
3161 1144 3179 1174 ι
3221 1123 3407 1193 Φωκῆς
3437 1122 3545 1193 γάρ
3573 1123 3837 1192 ἀποφαν-

2230 1219 2390 1289 τικῆς
2420 1219 2554 1273 Θεοῦ
2576 1218 2665 1271 διὰ
2695 1218 2790 1272 τοῦ
2837 1218 3115 1290 προφήτου
3163 1214 3604 1287 προενεχθείσηςς
3648 1213 3835 1267 ταῦτα

2232 1310 2384 1365 ἔσται
2408 1313 2521 1373 τοῖς
2553 1309 2651 1380 τὴν
2690 1310 2908 1379 χείρονα
2950 1306 3102 1378 λῆξιν
3134 1306 3441 1378 εἰληχόσιν’
3484 1304 3579 1367 οὓς
3620 1303 3711 1356 διὰ
3764 1304 3836 1357 τὸ

2230 1403 2434 1472 γεῶδες
2478 1404 2732 1474 φρόνημα
2793 1402 2895 1471 γῆν
2946 1398 3223 1471 ὀνομάζει.
3278 1399 3490 1471 Ὥσπερ
3535 1396 3643 1470 γάρ
3688 1413 3833 1452 ποτε

2232 1492 2424 1565 ἐλέχθη
2449 1494 2526 1563 τῷ
2564 1493 2753 1565 Ἀδὰμ,
2793 1512 2811 1543 ι
2853 1491 2932 1562 Γῆ
2966 1487 3037 1555 εἴ,
3077 1491 3171 1545 καὶ
3202 1492 3282 1554 είς
3309 1490 3414 1560 γῆν
3452 1489 3758 1563 άπελεὺσῃ,
3806 1509 3829 1542 ›

2230 1585 2373 1639 οὑτω
2400 1586 2619 1649 καὶτοῖς
2642 1585 2784 1639 κατὰ
2812 1586 2903 1639 τὸν
2925 1585 3116 1656 καιρὸν
3148 1582 3249 1654 τῆς
3279 1582 3373 1635 τοῦ
3402 1582 3539 1636 Θεοῦ
3586 1582 3834 1653 κρίσεως

2232 1680 2535 1751 φιληδόνοις
2581 1681 2676 1733 καὶ
2725 1678 3088 1750 φιλοσώμασι,
3136 1679 3231 1735 καὶ
3276 1676 3363 1730 διὰ
3401 1676 3560 1729 τοῦτο
3608 1678 3833 1747 γηῒνοις

2232 1776 2325 1828 καὶ
2353 1774 2630 1845 σαρκίνοις
2656 1771 3109 1845 εὑρεθησομένοις
3137 1773 3170 1842 ἠ
3196 1769 3494 1841 διαφθοράς
3523 1770 3832 1842 ήπείληται

543 1875 724 1919 autem
757 1865 827 1918 sit
868 1874 1012 1918 terra
1051 1864 1240 1934 lugens
1290 1875 1343 1919 et
1375 1865 1496 1934 quis
1540 1866 1690 1919 orbis
1722 1876 2030 1935 corruptus,
2074 1868 2125 1921 in

2238 1841 2484 1938 τιμωρία.
2523 1867 2619 1930 Τίς
2652 1841 2882 1919 δὲ-ἐστιν
2991 1841 3264 1917 πενθοῦσα
3304 1862 3377 1931 γῆ
3411 1861 3505 1915 καὶ
3550 1860 3832 1933 φθαρεῖσα

541 1954 896 2024 sequentibus
924 1956 1196 2018 declarat,
1253 1974 1271 2006 ι
1307 1953 1587 2010 Luxerunt
1615 1954 1816 2010 excelsi
1867 1967 2063 2011 teme:
2105 1977 2123 2009 ι

543 2051 642 2105 hos
676 2051 876 2119 quippe
911 2050 1145 2101 maxime
1178 2048 1257 2101 ira
1302 2048 1395 2102 Dei
1428 2049 1666 2110 invadet,
1700 2048 1953 2117 quoniam
1983 2067 2002 2100 ι
2040 2065 2131 2103 su-

542 2144 725 2214 perbis
763 2142 991 2207 resistit,
1048 2140 1346 2196 humilibus
1385 2153 1567 2195 autem
1606 2142 1701 2194 dat
1756 2142 1987 2209 gratiam
2021 2143 2124 2197 ".i

612 2322 779 2379 Vens.
812 2321 867 2377 5.
903 2340 922 2373 ι
961 2320 1130 2375 Terra
1172 2322 1284 2391 egit
1317 2321 1481 2390 impie
1522 2331 1745 2392 propter
1792 2322 2131 2379 habitatores

542 2432 709 2472 suos:
748 2416 872 2484 quia
905 2415 1245 2485 prmvaricati
1278 2424 1403 2489 sunt
1433 2413 1605 2483 legem
1655 2414 1892 2481 Domini,
1923 2426 1977 2469 et
2018 2416 2131 2469 dis-

544 2513 864 2577 sipavcrunt
915 2515 970 2561 et
1010 2513 1357 2559 mutaverunt
1404 2515 1696 2576 praecepta,
1743 2516 2128 2561 testamentum

541 2611 831 2658 :cternum.
881 2619 899 2652 ι
941 2604 1142 2653 Omnes
1196 2600 1400 2668 quippe
1458 2598 1703 2652 homines
1735 2599 1823 2667 qui
1876 2612 1905 2650 a
1936 2597 2133 2653 smculo

543 2694 732 2747 urbem
766 2694 1131 2756 incoluerunt,
1167 2692 1341 2746 Graeci
1395 2691 1554 2745 simul
1594 2700 1649 2746 et
1698 2691 1940 2757 barbari,
1974 2699 2134 2745 natu-

544 2785 642 2839 rali
678 2796 899 2855 accepta
940 2784 1076 2854 lege,
1098 2793 1152 2838 et
1176 2794 1440 2853 praecepta
1473 2782 1566 2837 Dei
1598 2783 1650 2836 in
1692 2782 1982 2837 animabus
2020 2781 2133 2835 suis

545 2878 813 2947 insculpta
849 2879 1132 2943 habentes,
1161 2888 1320 2946 atque
1357 2884 1741 2931 testamentum
1778 2894 1805 2928 a
1847 2875 2047 2929 sreculo
2078 2875 2130 2928 in

542 2970 815 3023 communi
885 2968 1154 3036 cogitandi
1220 2970 1378 3022 modo
1430 2970 1858 3036 eomplectentes
1893 2984 1907 3019 :
1944 2974 2130 3031 postea

544 3060 639 3114 ubi
673 3076 733 3114 se
762 3063 1003 3129 peccatis
1021 3070 1210 3115 contra
1238 3072 1484 3113 naturam
1510 3056 1855 3118 dediderunt,
1876 3058 2134 3111 naturalis

544 3153 682 3223 legis
715 3162 1145 3219 transgressores
1175 3151 1351 3205 ell‘ecti
1390 3159 1540 3204 sunt.
1612 3149 1974 3216 Quamobrem
2009 3150 2131 3216 jure
2156 3191 2201 3254 ϐ

547 3249 613 3298 ad
654 3244 885 3297 tribunal
914 3243 1004 3295 Dei
1040 3243 1324 3309 sistentur,
1358 3243 1410 3297 in
1443 3242 1650 3312 judicio
1680 3243 2131 3313 transgressionis

547 3352 660 3391 sua:
692 3336 956 3390 rationem
991 3335 1197 3389 daturi.

616 3514 782 3570 Vens.
824 3515 981 3571 6—l0.
1041 3534 1059 3567 ι
1120 3515 1351 3585 Propter
1389 3519 1493 3574 hoe
1548 3518 1859 3577 maledictio
1916 3524 2134 3579 vorabit

548 3616 769 3673 terram,
828 3609 1084 3677 quoniam
1134 3620 1497 3679 peccaverunt
1553 3612 1645 3680 qui
1714 3614 1956 3669 incolunt
1987 3630 2129 3670 eam.

547 3698 965 3769 ldeottaupercs
1016 3712 1176 3755 erunt
1235 3702 1573 3759 habitatores
1637 3714 1816 3768 terras,
1873 3717 1929 3761 et
1968 3707 2133 3761 relin-

542 3800 782 3860 quentur
811 3792 1055 3847 homines
1084 3794 1263 3863 pauci.
1295 3793 1526 3866 Lugebit
1563 3796 1771 3857 vinum,
1813 3798 2018 3869 lugebit
2057 3800 2135 3852 vi-

549 3896 690 3941 nea:
725 3882 1081 3951 iugemisceut
1128 3899 1322 3940 omnes
1384 3886 1476 3955 qui
1551 3886 1873 3943 laetabantur
1928 3891 2132 3943 animo.

545 3972 797 4029 Cessavit
837 3976 1093 4044 gaudium
1157 3987 1560 4049 tympanorum,
1627 3984 1862 4039 cessavit
1901 3999 2004 4040 vox
2054 3987 2133 4039 cl-

551 4070 739 4123 tharm.
792 4069 1161 4137 Erubuerunt,
1214 4087 1321 4126 non
1373 4074 1629 4129 biberunt
1671 4077 1855 4131 vinum
1891 4094 1905 4129 :
1947 4093 2132 4132 amara

550 4162 695 4214 facta
733 4171 819 4215 est
862 4162 1034 4217 sicera
1072 4162 1383 4219 bibentibus
1415 4182 1428 4217 :
1463 4166 1707 4222 desolata
1731 4178 1817 4224 est
1840 4170 2018 4223 omnis
2060 4171 2139 4225 ci-

551 4254 723 4319 vitas;
758 4255 973 4308 claudet
1001 4257 1218 4309 domum
1246 4271 1314 4311 ne
1338 4265 1522 4326 pateat
1553 4258 1852 4329 ingressus.
1887 4279 1905 4311 ι
1932 4260 2132 4326 Quem-

548 4346 847 4399 admodnm
922 4346 974 4398 in
1040 4346 1309 4415 principio
1352 4348 1679 4415 creationis,
1750 4352 1983 4405 nomium
2042 4367 2137 4406 ex-

550 4437 777 4491 sistente
826 4445 1075 4504 peccato,
1142 4438 1419 4493 benedixit
1462 4438 1601 4493 Deus
1635 4440 1938 4505 hominem,
1970 4441 2047 4495 sle
2082 4451 2137 4496 et

548 4529 606 4582 in
648 4529 1116 4583 consummatione
1154 4530 1497 4583 smculorum.
1550 4529 1737 4600 Neque
1765 4532 1909 4586 enim
1941 4548 2131 4589 omnes

2238 4559 2360 4595 νων.
2405 4540 2540 4593 υὺδὲ
2580 4539 2690 4611 γὰρ
2729 4540 2937 4601 πάντας
2976 4536 3251 4603 στενάξειν
3292 4539 3427 4606 φησι
3467 4537 3590 4600 τοὺς
3635 4538 3695 4587 ὲν
3745 4536 3825 4606 τῷ
3922 4528 3927 4533 ’

551 4622 608 4676 in
665 4623 919 4693 prtesenti
967 4622 1073 4676 vita
1129 4633 1416 4678 versantes
1488 4625 1846 4695 ingemituros
1884 4627 1981 4693 ait,
2035 4629 2129 4683 sed

553 4723 760 4768 tantum
784 4730 900 4781 eos,
925 4716 1013 4785 qui
1044 4717 1094 4769 iu
1130 4716 1237 4769 lata
1279 4728 1333 4770 et
1363 4720 1596 4788 spatiosa
1640 4719 1726 4773 via
1768 4720 2130 4787 incesserunt,

550 4807 644 4875 qui
678 4809 1079 4876 compotatione
1113 4817 1169 4863 et
1208 4809 1335 4864 luxu
1369 4826 1470 4866 sua
1509 4812 1691 4866 omnia
1718 4812 2085 4883 dllapidarunt
2115 4836 2129 4872 :

544 4902 642 4971 qui
686 4918 791 4956 non
821 4903 961 4956 ultra
1006 4903 1378 4973 voluptatibus
1422 4903 1719 4971 fruuntur,
1776 4909 1869 4963 sed
1913 4910 1978 4966 de
2014 4920 2133 4964 tur-

550 4995 709 5060 pibus
750 5008 812 5046 ac
844 4993 1073 5048 nefariis
1108 4995 1275 5064 gestis
1314 4996 1429 5049 suis
1468 4998 1725 5063 convicti,
1782 5000 1986 5069 pudore
2016 5002 2134 5056 suf-

546 5082 871 5137 funduutur.
912 5084 1235 5159 Plerumque
1269 5094 1449 5141 autem
1476 5086 1785 5159 Theologus
1803 5092 1987 5145 vinum
2019 5109 2131 5147 mc-

552 5189 791 5236 morans.
851 5176 1133 5229 hominum
1174 5176 1503 5244 voluptatem
1568 5181 1956 5249 subindicavit,
2021 5186 2133 5239 sive

552 5270 854 5323 mercedem
884 5268 1123 5332 malitias,
1157 5278 1318 5337 atque
1350 5271 1544 5325 animze
1582 5283 1884 5339 veternum,
1912 5276 2005 5346 qui
2038 5292 2133 5331 co-

549 5363 870 5431 gitationum
906 5372 1176 5415 rectarum
1220 5370 1274 5416 et
1320 5366 1648 5419 naturalium
1681 5368 1946 5423 rationem
1976 5385 2133 5424 ever-

550 5456 633 5511 tit.
664 5453 779 5520 Qua
815 5454 1078 5508 ebrietate
1131 5454 1285 5524 quasi
1338 5456 1658 5526 evigilantes
1689 5463 1781 5529 qui
1841 5472 1967 5517 tunc
2006 5478 2132 5533 sup-

547 5546 711 5613 plicio
766 5541 1107 5608 adicientur,
1182 5559 1343 5601 voces
1414 5558 1467 5600 et
1540 5548 1806 5605 clamores
1874 5551 2129 5622 lugubres

544 5636 838 5691 effundent.

520 5788 531 5810 ’
622 5816 779 5873 “Job
811 5834 886 5885 ιιι,
912 5818 991 5871 l9.
1056 5821 1096 5850 “
1119 5818 1253 5875 Gen.
1290 5837 1369 5887 ιιι,
1401 5821 1483 5877 19.
1566 5824 1609 5854 ¹²
1640 5821 1921 5889 Jacob.tv,
1946 5824 1997 5878 6.

2229 1960 2544 2031 οἰκουμένη,
2599 1959 2855 2028 διασαφεῖ
2907 1957 3221 2027 ἐπιφέρων*
3297 1975 3317 2009 σ
3391 1954 3737 2025 Έπὲνθησαν
3777 1955 3831 2009 οι

2232 2053 2424 2124 ὑψηλοὶ
2456 2054 2554 2124 τῆς
2603 2054 2739 2123 γῆς’
2786 2071 2805 2103 ι
2855 2051 3089 2122 μάλιστα
3156 2049 3267 2121 γὰρ
3336 2048 3559 2111 τούτους
3600 2050 3635 2119 ἡ
3681 2048 3828 2119 ὀργὴ

2230 2146 2324 2199 τοῦ
2349 2146 2483 2199 Θεοῦ
2508 2145 2913 2216 μετελεύσεται,
2947 2144 3069 2196 ἐπεὶ
3107 2163 3125 2194 ι
3166 2140 3538 2214 ὑπερηφάνοις
3565 2140 3832 2194 ἀντιτάσ-

2233 2258 2404 2305 σεται,
2432 2242 2706 2302 ταπεινοῖς
2728 2236 2785 2294 δὲ
2805 2238 2987 2293 δίδωσι
3022 2237 3202 2311 χάριν.
3235 2255 3253 2288 ι

2307 2352 2325 2383 ι
2364 2334 2427 2385 Ἠ
2445 2332 2515 2405 τῆ
2541 2331 2787 2402 ήνόμησε
2809 2330 2896 2383 διὰ
2916 2332 3043 2394 τοὺς
3072 2328 3463 2390 κατοικοῦντας
3479 2326 3831 2400 αὑτήνιδιότι

2234 2427 2554 2498 παρέϐησαν
2591 2425 2682 2477 τὸν
2718 2425 2881 2496 νόμον
2926 2424 3134 2495 Κυρίου
3181 2423 3275 2476 και⁸
3319 2421 3692 2483 διεσκέδασαν,
3729 2418 3831 2491 ἧλ-

2232 2513 2398 2579 λαξαν
2425 2513 2491 2566 τὰ
2522 2511 2937 2583 προστάγματα,
2970 2511 3237 2582 διαθήκην
3274 2510 3511 2564 αἰώνιον.
3556 2530 3575 2561 ι
3609 2508 3829 2572 Πάντες

2233 2606 2341 2676 γὰρ
2376 2604 2650 2675 ἄνθρωποι
2683 2604 2732 2656 οἱ
2766 2602 2825 2666 ἐξ
2851 2602 3049 2665 αἰῶνος
3079 2604 3177 2674 τὴν
3204 2601 3527 2673 οἰκουμένην
3560 2602 3829 2672 οἰκήσαν-

2232 2711 2344 2757 τες,
2367 2694 2628 2764 Ἕλληνες
2655 2693 2790 2765 ὁμοῦ
2821 2694 2916 2746 καὶ⁵
2946 2693 3231 2765 βάρϐαροι,
3266 2693 3358 2745 τὸν
3387 2693 3614 2761 φυσικὸν
3646 2692 3824 2763 νόμον

2234 2786 2634 2859 παρειληφότες
2672 2787 2766 2839 καὶ
2796 2789 2864 2839 τά
2906 2786 3303 2855 προστάγματα
3350 2785 3444 2838 τοῦ
3499 2784 3634 2837 Θεοῦ
3692 2786 3829 2847 ταῖς

2234 2864 2443 2934 ἑαυτῶν
2469 2879 2667 2949 ψυχαῖς
2701 2878 2913 2949 ἔχοντες
2952 2876 3399 2948 ὶγγεγραμμένα,
3450 2877 3551 2949 τήν
3596 2893 3654 2928 τε
3693 2874 3826 2929 διο.-

2235 2972 2407 3044 θήκην
2427 2972 2524 3045 τὴν
2546 2971 2606 3037 ἐξ
2628 2972 2820 3034 αἰῶνος
2846 2972 2902 3023 ὲν
2930 2972 3051 3032 ταῖς
3094 2972 3303 3033 κοιναῖς
3336 2969 3567 3033 ἐννοίαις
3614 2968 3822 3022 ὑποδε-

2233 3065 2504 3135 δεγμένοι,
2533 3064 2765 3117 κᾶπειτα
2791 3062 3015 3123 ἑαυτοὺς
3044 3064 3155 3124 τοῖς
3186 3060 3336 3131 παρὰ
3374 3060 3533 3130 φύσιν
3568 3062 3829 3132 ἁμαρτή-

2237 3174 2368 3228 μασι
2398 3154 2776 3217 ὲκόεδωκότες,
2808 3152 3124 3224 παραϐάται
3153 3151 3248 3204 τοῦ
3284 3149 3516 3220 φυσικοῦ
3558 3152 3827 3221 γεγόνασι

2232 3250 2417 3321 νόμου.
2460 3248 2552 3301 Διὸ
2593 3247 2657 3318 δὴ
2698 3247 2937 3314 εὐλόγως
2978 3244 3425 3315 παραστήσονται
3467 3243 3546 3313 τῷ
3579 3242 3709 3313 θείῳ
3747 3244 3830 3297 δι-

2232 3342 2536 3413 καστηρίῳ,
2590 3339 2978 3411 κριθησόμενοι
3029 3338 3104 3401 ὡς
3161 3336 3319 3405 λόγον
3378 3335 3665 3407 ὑφέξοντες
3721 3337 3827 3407 τῆς

2231 3432 2443 3487 ἑαυτῶν
2478 3449 2553 3483 πα
2558 3430 2861 3503 ραδάσεως.

2308 3546 2326 3576 α
2366 3522 2464 3576 Διὰ
2492 3523 2648 3575 τοῦτο
2675 3522 2782 3593 ἀρα
2807 3522 2981 3575 ἔδεται
3011 3521 3108 3592 τὴν
3137 3520 3262 3591 γῆν,
3297 3519 3380 3572 ὅτι
3417 3517 3744 3589 ἡμάρτοσαν
3777 3519 3828 3569 οἱ

2233 3616 2614 3678 κατοικοῦντες
2665 3616 2852 3687 αὑτήν.
2898 3614 2997 3667 Διὰ
3039 3612 3200 3667 τοῦτο
3245 3612 3452 3681 πτωχοὶ
3499 3609 3715 3677 ἔσονται.
3774 3610 3827 3662 οἱ

2232 3709 2568 3771 ἐνοικοῦντες
2590 3711 2648 3761 ἐν
2670 3710 2737 3779 τῇ
2767 3710 2861 3778 γῇ,
2904 3708 2998 3760 καὶ
3031 3703 3556 3775 καταλειφθήσονται
3603 3701 3702 3755 ἄνθ
3715 3718 3826 3773 ρω-

2233 3820 2324 3855 ποι
2349 3802 2538 3871 ὁλίγοι.
2575 3801 2838 3870 Πενθήσει
2871 3795 3033 3863 οἶνος,
3079 3796 3338 3867 πενθήσει
3386 3795 3649 3867 ἄμπελος,
3696 3784 3827 3847 στε-

2233 3895 2452 3959 νάξουσι
2482 3893 2682 3956 πάντες
2710 3893 2760 3945 οἱ
2793 3892 3206 3963 εὐφραινόμενοι
3231 3890 3331 3960 τὴν
3357 3888 3556 3959 ψυχήν.
3595 3887 3827 3941 nimu-

2232 4005 2322 4040 ται
2352 3985 2659 4057 εὐφροσύνη
2692 3984 3010 4055 τυμπάνων,
3048 3982 3322 4035 πέπαυται
3365 3980 3517 4051 φωνὴ
3563 3978 3824 4050 κιθάρας.

2246 4078 2645 4151 ᾘσχὺνθησαν,
2693 4079 2794 4130 οὐκ
2830 4077 3013 4130 ἔπινον
3054 4074 3225 4129 οἶνον·
3264 4074 3465 4145 πικρὸν
3505 4073 3719 4141 ἐγίνετο
3763 4072 3827 4125 τὸ

2236 4171 2431 4242 σίκερα
2468 4172 2581 4232 τοῖς
2610 4170 2883 4222 πίνουσινο
2918 4166 3189 4239 ἠρημώθη
3222 4168 3372 4219 πᾶσα
3395 4165 3581 4228 πόλιςο
3613 4165 3826 4219 κλείσει

2234 4264 2413 4317 οἰκίαν
2458 4262 2552 4315 τοῦ
2609 4262 2683 4332 μὴ
2714 4260 2995 4314 εἰσελθεῖν.
3036 4279 3055 4310 ι
3092 4260 3303 4330 ’Ὠσπερ
3343 4258 3397 4311 δὲ
3435 4259 3493 4310 ὲν
3538 4258 3679 4329 ἀρχῇ
3723 4259 3828 4330 τῆς

2234 4356 2613 4426 κοσμοποιίας,
2648 4354 2812 4425 μήπω
2846 4351 3121 4424 ἁμαρτίας
3149 4350 3483 4422 ὑποστάσης,
3515 4350 3826 4422 ηιῦλόγησεν

2234 4451 2263 4503 ὁ
2290 4448 2422 4511 Θεὸς
2449 4448 2541 4500 τὸν
2572 4446 2877 4518 ἄνθρωπον,
2915 4446 3090 4508 οὕτως
3122 4446 3215 4498 ἐπὶ
3240 4443 3521 4514 συντελείᾳ
3557 4442 3666 4495 τῶν
3692 4442 3828 4496 αἰώ-

2240 4634 2467 4706 παρόντι
2508 4633 2625 4703 βίῳ,
2652 4631 2823 4701 ἀλλ’ἢ
2855 4633 2981 4695 τοὺς
3007 4631 3108 4702 τὴν
3132 4631 3391 4688 πλατεῖαν
3432 4631 3527 4683 καὶ
3574 4629 3852 4701 εὐρύχω-“

2243 4743 2335 4798 ρον
2359 4725 2682 4789 ὡδευκότας,
2717 4724 3083 4793 οἰνοφλυγίαις
3110 4723 3203 4777 καὶ
3223 4722 3483 4785 ἀσωτίαις
3509 4722 3578 4775 τὰ
3610 4723 3825 4776 ἑαυτῶν

2238 4819 2675 4889 κατατρίψαντας
2701 4836 2713 4847 ·
2775 4820 2823 4871 οἰ
2874 4818 2968 4870 καὶ
3021 4816 3217 4888 μηκέτι
3283 4814 3498 4885 ἔχοντες
3545 4814 3646 4885 τὴν
3714 4815 3825 4867 τῶν

2236 4912 2439 4985 ἡδονῶν
2484 4911 2812 4965 ἁπόλαυσιν’
2874 4908 3009 4962 ἀλλὰ
3051 4909 3145 4961 καὶ
3206 4906 3551 4977 ἐλεγχόμενοι
3601 4905 3687 4975 ἐφ’
3735 4902 3826 4969 αἷς

2237 5004 2476 5075 ἔπραξαν
2506 5006 2757 5075 αἰσχραῖς
2796 5004 2888 5055 καὶ
2917 5003 3197 5072 ἀθεμίτοις
3236 4998 3517 5071 πράξεσιν,
3558 4998 3826 5069 αἰσχύνην

2244 5098 2656 5168 καταχεοῦνται.
2692 5096 2959 5157 Πολλάκις
2993 5094 3048 5146 δὲ
3085 5096 3113 5146 ὁ
3140 5092 3401 5161 Θεολόγος
3438 5092 3580 5143 οἴνου
3610 5109 3823 5161 μνημοο

2242 5191 2455 5254 νεύσας,
2475 5189 2568 5259 τὴν
2594 5188 2701 5240 τῶν
2728 5187 3029 5255 ἀνθρώπων
3067 5185 3276 5256 τρυφὴν
3302 5184 3538 5255 ᾐνίξατο,
3567 5184 3599 5253 ἢ
3636 5184 3697 5235 τὸ
3729 5184 3825 5254 τῆς

2241 5281 2439 5343 κακίας
2466 5278 2721 5349 μίσθωμα
2754 5278 2847 5330 καὶ
2879 5277 2971 5330 τὸν
3000 5276 3098 5347 τῆς
3127 5276 3304 5346 ψυχῆς
3331 5276 3517 5346 κάρον,
3544 5276 3824 5345 παρατρέ-

2242 5392 2411 5427 ποντα
2440 5374 2539 5441 τὴν
2569 5372 2805 5425 διάνοιαν
2852 5370 2960 5423 τῶν
3004 5369 3178 5442 ὀρθῶν
3212 5370 3307 5423 καί
3354 5368 3497 5422 κατὰ
3535 5365 3699 5436 φύσιν
3734 5367 3823 5420 λο-

2240 5465 2481 5537 γισμῶν·
2517 5459 2577 5519 οὑ
2620 5465 2968 5537 μεθὺσματος
3008 5466 3197 5535 ὥσπερ
3241 5462 3597 5533 διανήψαντες
3617 5461 3667 5514 oi
3704 5460 3823 5513 τότε

2240 5557 2628 5627 κολαζόμενοι,
2714 5556 2896 5624 φωνὰς
2973 5557 3247 5625 ἀφήσουσι
3330 5554 3424 5607 καὶ
3503 5550 3632 5621 βοὰς
3706 5566 3827 5602 πενσ

2238 5649 2415 5713 θικάς.
