3984 6510
210 350 311 404 liii

1152 353 1654 412 COMMENTAMA
1700 355 1764 410 ΙΝ
1803 355 2060 413 ISAMM.
2104 391 2173 398 ——
2210 360 2364 415 CAP.
2402 360 2591 420 XXIV.

3406 379 3516 437 263

287 483 307 516 ι
375 466 690 532 Ὀλολύζετε
719 468 848 541 περὶ
879 469 970 523 τοῦ
1007 471 1152 524 οἴνου
1192 477 1439 546 πανταχῆ
1469 492 1481 504 '
1536 477 1790 530 πέπαυτα

1995 474 2157 529 Vens.
2193 478 2375 533 ll-l5.
2406 496 2425 530 ι
2463 479 2669 536 Ululate
2699 499 2797 553 pro
2825 485 2953 540 vino
2977 489 3184 560 ubique
3225 507 3238 544 :
3275 497 3514 552 cessavit

207 561 371 613 πᾶσα
397 561 731 634 εὐφροσύνη,
774 564 983 636 ἀπῆλθε
1026 568 1178 620 πᾶσα
1216 569 1525 642 εὐφροσύνη
1569 575 1668 643 τῆς
1697 576 1818 642 γῆς.

207 649 315 702 Καὶ
354 651 886 724 καταλειφθήσονται
917 654 1104 719 πόλεις
1134 657 1354 730 ἔρημοι,
1383 661 1479 714 καὶ
1502 657 1642 714 οἴκοι
1665 665 1825 732 ἐγκα-

204 742 638 814 ταλελειμμένοι
670 745 1021 803 ἀπολοῦνται.
1060 748 1248 804 Ταῦτα
1274 752 1454 806 πάντα
1481 753 1632 807 ἔσται
1663 757 1720 808 ἐν
1753 759 1819 828 τῇ

201 837 298 905 γῇ,
323 836 392 888 ἐν
427 837 579 908 μέσῳ
603 839 714 892 τῶν
743 838 934 894 ἐθνῶν.
965 842 1061 895 Ὃν
1093 844 1294 914 τρόπον
1331 844 1426 898 ἐάν
1454 863 1539 910 τις
1578 849 1822 920 καλαμή-

205 943 374 996 σηται
421 928 631 993 ἐλαίαν,
668 929 842 994 οὓτως
872 932 1284 1004 καλαμήσονται
1313 937 1514 1002 αὐτούς
1553 956 1566 969 ·
1598 941 1693 996 καὶ
1723 940 1818 995 ἐὰν

202 1017 503 1090 παύσηται
543 1024 572 1075 ὁ
611 1023 910 1094 τρυγητός.
957 1043 977 1076 ι
1031 1025 1120 1088 Ὠς
1156 1027 1359 1097 μηδένα
1400 1030 1818 1103 περιλειφθῆναι

200 1111 315 1164 τῶν
350 1112 598 1177 ἀσεϐῶν,
640 1114 777 1168 ἀλλὰ
826 1117 923 1170 καὶ
965 1117 1162 1188 μέχρις
1203 1120 1325 1184 ἑνὸς
1361 1121 1460 1193 τὴν
1499 1123 1680 1195 κρίσιν
1722 1125 1817 1180 τοῦ

199 1204 343 1258 Θεοῦ
377 1206 685 1276 μετελθεῖν.
727 1209 814 1273 Ὡς
845 1210 954 1281 γάρ
999 1213 1049 1264 οἱ
1095 1211 1190 1265 τὸν
1224 1216 1325 1285 τῆς
1370 1215 1562 1282 ἐλαίας
1603 1219 1815 1290 καρπὸν

197 1295 608 1367 ἀναλεγόμενοι
638 1298 908 1370 καλάμοις
921 1299 1147 1356 εἰώθασι
1174 1301 1487 1376 διακρούειν
1520 1307 1614 1360 καὶ
1643 1324 1812 1361 κατα-

199 1387 396 1442 ϐαλεῖν
438 1390 606 1460 μέχρι
652 1391 747 1446 καὶ
794 1395 944 1463 μιᾶς,
981 1391 1139 1446 εἵπου
1173 1395 1572 1470 περιλειφθείη,
1605 1399 1702 1452 καὶ
1737 1401 1815 1464 ὡς

201 1481 350 1550 μετὰ
412 1482 509 1535 τὸν
562 1483 832 1554 τρυγητὸν
891 1485 1207 1548 ἐπανιόντες
1252 1487 1399 1552 τινὲς
1458 1489 1814 1559 άναλὲγονται

201 1572 395 1643 (ﬁbri;
427 1592 587 1638 τινας
609 1575 832 1647 βραχεῖς
855 1575 887 1648 ἢ
911 1577 1146 1650 βότρυας
1171 1582 1299 1645 τοὺς
1320 1582 1806 1653 παραλειφθέντας·

197 1666 292 1720 τὸν
329 1667 508 1721 αὐτὸν
535 1668 738 1739 τρόπον
774 1671 868 1723 καὶ
911 1673 1036 1736 τοὺς
1072 1673 1296 1737 ἀσεϐεῖς
1327 1673 1677 1740 ἀναλέξονται
1715 1678 1810 1731 καὶ

202 1758 406 1829 μέχρις
429 1759 571 1823 ἑνὸς,
589 1760 665 1824 ὡς
683 1760 886 1833 μηδένα
903 1763 1188 1834 διαφυγεῖν
1211 1765 1311 1837 τὴν
1335 1766 1429 1820 τοῦ
1445 1765 1581 1820 Θεοῦ
1603 1768 1805 1838 κρίσιν.

1927 568 2108 622 omnis
2147 569 2355 634 laetitia,
2399 572 2653 628 discessit
2683 578 2863 631 omnis
2892 578 3073 635 laetitia
3107 592 3286 640 teme.
3324 585 3391 640 Et
3417 602 3512 644 re-

1927 655 2242 726 linquentur
2275 661 2438 715 urbes
2471 662 2718 727 deserta',
2748 677 2803 720 et
2835 668 3027 726 domus
3066 673 3344 731 derelicta:
3389 692 3515 747 per-

1927 747 2102 805 ibunt.
2149 749 2276 805 llmc
2329 753 2512 807 omnia
2555 767 2718 808 erunt
2775 758 2828 810 in
2865 767 3030 828 terra,
3077 764 3128 818 in
3166 767 3344 822 medio
3373 785 3509 838 gen-

1926 841 2080 897 tium.
2115 842 2580 908 Quemadmodum
2635 847 2680 901 si
2738 851 2860 916 quis
2891 855 3134 909 excutiant
3165 858 3389 925 olivam,
3429 862 3511 918 sie

1921 934 2201 988 excutient
2250 935 2433 1005 ipsos;
2469 945 2527 991 et
2567 939 2612 992 si
2655 939 2901 1008 quiescat
2931 943 3224 1002 vindemia.
3267 967 3287 1000 ι
3327 949 3402 1004 lta
3451 959 3512 1006 ut

1923 1025 2103 1078 nullus
2135 1026 2426 1096 impiorum
2459 1030 2713 1086 residuus
2753 1032 2856 1098 sit,
2901 1035 2998 1089 sed
3047 1038 3112 1090 ad
3141 1054 3304 1094 unum
3335 1058 3510 1114 usque

1919 1131 2111 1171 omnes
2133 1118 2397 1187 judicium
2436 1120 2529 1176 Dei
2561 1122 2815 1180 subeant.
2851 1123 3320 1192 Quemadmodum
3355 1137 3507 1192 enim

1919 1210 2011 1278 qui
2043 1210 2200 1266 oliva:
2230 1209 2468 1268 fructum
2505 1213 2794 1284 colligunt.
2851 1218 3075 1286 perticis
3129 1221 3306 1278 solent
3347 1226 3510 1284 oliva

1917 1318 2085 1372 grana
2112 1315 2372 1360 excutere
2413 1321 2478 1360 ac
2515 1305 2756 1377 dejicere
2792 1324 2966 1378 usque
2997 1313 3064 1367 ad
3109 1328 3297 1379 unum,
3325 1317 3504 1374 sicubi

1918 1395 2370 1466 derelinquatur:
2405 1413 2470 1456 ac
2498 1401 2958 1471 quemadmodum
2999 1413 3123 1473 post
3149 1407 3503 1476 vindemiam,

1919 1499 2259 1546 revertentes
2306 1492 2524 1561 quidam
2566 1509 2764 1563 parvos
2787 1497 2975 1552 acinos
2995 1509 3050 1554 et
3089 1515 3218 1555 uvas
3256 1502 3505 1560 residuas

1916 1581 2209 1650 colligunt,
2252 1583 2326 1637 ita
2363 1593 2420 1640 et
2448 1585 2642 1656 impios
2671 1590 2928 1660 colligent
2983 1607 3155 1662 usque
3193 1595 3262 1650 ad
3296 1613 3497 1667 unum;

1915 1672 1987 1726 ita
2021 1685 2078 1728 ut
2115 1675 2382 1745 judicium
2424 1676 2518 1733 Dei
2555 1696 2714 1735 nemo
2755 1682 3120 1754 subterfugiat

272 1871 291 1903 ι
327 1845 504 1906 Οὗτοι
560 1853 654 1925 βοῇ
692 1857 1052 1928 φωνήσουσιν.
1098 1877 1116 1909 ι
1153 1858 1310 1922 Τίνες
1351 1858 1406 1912 δὲ
1447 1852 1593 1912 οὗτοι
1626 1860 1742 1914 ἀλλ’
1772 1860 1798 1932 ἦ

1981 1854 2148 1913 Vsus.
2181 1858 2268 1913 14.
2304 1877 2322 1910 ι
2347 1858 2410 1914 lli
2435 1860 2673 1918 clamore
2705 1863 3166 1922 vociferabantur.
3204 1887 3224 1921 ι
3264 1868 3496 1936 Quinam

197 1945 248 1997 el
267 1945 368 1998 τοῦ
400 1947 721 2017 κρείττονος
753 1950 1066 2020 τάγματος;
1103 1947 1224 2004 Εἶεν
1271 1951 1315 2004 δ’
1349 1951 1416 2005 ἂν
1454 1947 1599 2008 οὗτοι
1631 1953 1681 2005 οἱ
1707 1954 1809 2024 τῆς

199 2034 352 2106 παρὰ
385 2037 520 2108 Θεῷ
570 2040 989 2111 μεγαλειότητος
1031 2043 1344 2114 ἠξιωμένοι.
1394 2063 1411 2094 ί
1455 2045 1520 2097 Oi
1547 2045 1604 2098 δὲ
1637 2063 1806 2099 κατα-

199 2129 522 2198 λειφθέντες
558 2134 650 2186 sui
674 2133 774 2204 τῆς
804 2134 909 2203 γῆς
941 2134 1407 2205 εὐφρανθήσονται
1439 2137 1556 2207 ἆμα
1583 2138 1648 2208 τῇ
1678 2137 1804 2208 δόξῃ

199 2224 409 2295 Κυρίου
433 2240 449 2254 ⁸
492 2225 898 2297 ταραχθήσεται
931 2227 994 2280 τὸ
1028 2229 1172 2298 ὕδωρ
1212 2230 1312 2300 τῆς
1343 2229 1646 2301 θαλάσσης.
1689 2251 1707 2282 ι
1741 2233 1803 2284 υἱ

198 2316 378 2388 δὲτῆς
415 2319 638 2389 μερίδος
678 2320 957 2391 γενόμενοι
999 2320 1094 2375 τοῦ
1141 2321 1278 2375 Θεοῦ
1329 2323 1802 2394 εὐφρανθήσονται

200 2409 312 2480 ἅμα
341 2414 416 2482 τῇ
445 2411 582 2483 δόξῃ
616 2411 710 2464 τοῦ
760 2413 998 2485 Κυρίου·
1027 2414 1156 2467 τότε
1190 2415 1298 2487 γὰρ
1331 2417 1496 2480 αὐτὸς
1528 2418 1556 2469 ὁ
1597 2416 1803 2489 Κύριος

199 2505 488 2559 ἐλεύσεται
523 2507 582 2558 ἐν
607 2509 672 2578 τῇ
703 2505 830 2579 δόξῃ
862 2507 956 2560 τοῦ
994 2508 1207 2580 Πατρὸς
1248 2510 1414 2562 αὑτοῦ
1459 2511 1599 2581 μετὰ
1639 2511 1799 2566 δυνά-

203 2613 344 2666 μεως
371 2597 476 2652 καὶ
508 2596 667 2668 δόξης
700 2592 919 2668 πολλῆς.
978 2599 1102 2656 Ἐπὶ
1137 2599 1309 2673 ταύτῃ
1359 2600 1537 2654 τοίνυν
1571 2604 1638 2676 τῇ
1674 2601 1800 2672 δόξῃ

174 2686 288 2740 ’τοῦ
335 2686 558 2742 ἑαυτῶν
613 2688 818 2761 Κυρίου
872 2690 1343 2762 εὐφρανθήσονται
1391 2692 1441 2746 οἱ
1492 2692 1660 2749 πάλαι
1717 2694 1800 2756 εἰς

198 2777 359 2834 αὐτὸν
386 2778 709 2848 ἠλπικότες.
761 2779 906 2834 Ἀντὶ
946 2780 1002 2832 δὲ
1043 2781 1160 2844 τοῦ,
1215 2801 1234 2833 ι
1287 2782 1703 2854 Ταραχθήσεται
1740 2783 1800 2836 τὸ

200 2866 340 2939 ὕδωρ
365 2868 474 2940 τῆς
499 2867 795 2941 Θαλάσσης,
841 2889 858 2922 ι
897 2888 917 2925 ι
953 2871 1203 2942 ΊΙχησαν
1239 2871 1408 2928 ὕδατα
1440 2873 1738 2942 θαλάσσης,
1775 2892 1792 2923 ι

196 2959 497 3016 Θεώοτίων
518 2963 851 3033 ἡρμήνευσε,
875 2963 1154 3034 σημαίνων
1171 2964 1232 3016 τὸ
1257 2965 1485 3035 μέγεθος
1508 2968 1605 3038 τῆς
1628 2965 1795 3036 ζωῆς,

199 3047 232 3126 ᾖ
263 3053 568 3126 χρῄζονται
598 3057 646 3109 οἱ
674 3055 988 3123 δοξάζοντες
1030 3058 1123 3112 τὸν
1163 3059 1372 3112 ἑαυτῶν
1406 3060 1638 3130 Κύριονο
1679 3061 1797 3130 ἤχῳ

197 3145 302 3218 γὰρ
333 3147 622 3218 θαλάσσης
647 3149 1130 3220 παραϐληθήσεται
1163 3151 1342 3204 αὐτῶν
1371 3154 1403 3224 ἡ
1441 3153 1614 3223 φωνή.

267 3259 288 3293 ι
329 3241 440 3296 Διὰ
468 3240 630 3295 τοῦτο
663 3243 696 3312 ἡ
726 3241 854 3308 δόξα
893 3243 1098 3315 Κυρίου
1131 3245 1190 3296 ἐν
1235 3247 1356 3308 ταῖς
1403 3246 1585 3316 νήσοις
1640 3246 1794 3303 ἕσται

194 3333 289 3407 τῆς
319 3333 628 3406 θαλάσσης.
666 3353 688 3385 ι
726 3335 858 3400 Ταῖς
901 3336 1252 3408 Ἐκκλησίαις
1298 3336 1498 3410 δηλαδή
1537 3343 1658 3406 ταῖς
1699 3357 1795 3411 με-

195 3425 322 3491 ταξῦ
373 3426 552 3480 πάλαι
591 3427 700 3479 τῶν
749 3426 995 3480 ἀπίστων
1054 3429 1256 3492 ἐθνῶν,
1306 3428 1496 3502 ὥσπερ
1535 3433 1592 3486 ἐν
1642 3433 1794 3505 μέσῳ

197 3518 499 3590 θαλάσσης,
528 3519 988 3590 ἀπειλημμέναις,
1010 3519 1095 3590 ἐφ’
1115 3521 1179 3586 ἃς
1213 3523 1245 3591 ἡ
1279 3522 1407 3586 δόξα
1438 3525 1642 3595 Κυρίου
1669 3528 1791 3582 ἐπι-

194 3610 402 3683 λάμᾲι
429 3611 574 3664 τότε.
610 3629 628 3662 ι
653 3611 726 3664 Τὸ
749 3608 918 3681 ὄνομα
947 3613 1154 3685 Κυρίου
1179 3612 1385 3678 ἔνδοξον
1416 3613 1587 3671 ἔσται.
1621 3616 1794 3690 Κύριε

190 3702 378 3768 δθεδς
425 3702 665 3774 Ἰσραὴλ,
693 3703 802 3756 ἀπὸ
837 3702 945 3757 τῶν
988 3704 1277 3775 πτερύγιον
1311 3705 1411 3777 τῆς
1441 3709 1544 3777 γῆς
1587 3708 1792 3780 τέρατα

193 3793 492 3865 ήλούομεν,
519 3793 676 3858 ἐλπὶς
707 3792 786 3864 τῷ
813 3792 1047 3848 εὐσεϐεῖ.
1085 3795 1242 3849 Κατὰ
1271 3794 1326 3850 δὲ
1361 3796 1452 3848 τὸν
1495 3797 1792 3870 Σύμμαχον

191 3888 280 3944 καὶ
309 3887 674 3948 Θεοδοτίωνα,
703 3905 722 3938 ι
757 3888 892 3940 Ἀπὸ
922 3885 1033 3940 τῶν
1063 3887 1350 3958 πτερύγων
1394 3890 1491 3960 τῆς
1521 3893 1623 3961 γῆς
1654 3891 1794 3962 ψαλ-

198 3981 324 4048 μοὺς
373 3979 729 4051 ἠκούσαμενο
773 3998 792 4029 ι
830 3977 973 4036 κατὰ
1013 3977 1069 4032 δὲ
1110 3978 1202 4031 τὸν
1267 3978 1518 4044 Ἀκύλαν,
1553 4000 1571 4031 ι
1613 3981 1790 4053 μελῳ-

193 4070 321 4136 δίας.
374 4092 394 4123 ι
442 4074 506 4126 Οἱ
537 4072 649 4143 γὰρ
683 4073 782 4143 τῆς
821 4071 1037 4143 μερίδος
1081 4071 1175 4124 τοῦ
1225 4070 1382 4136 Θεοῦ,
1432 4071 1530 4144 τὴν
1571 4072 1788 4128 δικαίαν

195 4165 351 4219 αὐτοῦ
396 4165 579 4238 κρίσιν
611 4163 1116 4236 ἀποθαυμάζοντες,
1148 4164 1537 4234 εὐφραίνονται
1571 4165 1687 4236 ἅμα
1720 4170 1786 4239 τῇ

194 4254 314 4330 δόξῃ
347 4255 450 4308 τοῦ
501 4254 733 4327 Κυρίου.
774 4246 880 4308 καῖ
915 4253 1332 4325 εὐφραινόμενοι
1380 4252 1584 4324 ὕμνους
1637 4256 1787 4326 αὐτῷ

195 4345 281 4398 καὶ
313 4344 645 4418 ψαλμῳδίας
688 4344 1140 4415 εὐχαριστηρίους
1185 4341 1625 4413 ἁναπέμπουσιν.
1669 4340 1788 4398 Εἶτ’

194 4435 460 4507 ἐπιλέγει,
493 4454 512 4487 ι
568 4435 752 4499 Ἐλπὶς
772 4435 849 4506 τῷ
877 4433 1106 4487 εὐσεϐεῖ.
1139 4452 1158 4484 ι
1205 4431 1422 4504 Ἐπειδὴ
1447 4435 1558 4504 γὰρ
1587 4434 1654 4487 τά
1673 4437 1787 4500 τοῖς

1911 1945 1986 2015 lii,
2019 1949 2120 2002 nisi
2152 1949 2249 2020 qui
2281 1951 2578 2020 superioris
2613 1955 2819 2010 ordinis
2846 1957 3011 2013 sunt?
3049 1958 3140 2014 lsti
3189 1974 3354 2028 porro
3378 1962 3499 2023 lue-

1910 2038 2042 2106 rint,
2089 2040 2180 2108 qui
2228 2055 2316 2106 ea,
2371 2056 2492 2110 qua:
2523 2044 2665 2112 apud
2706 2045 2874 2104 Deum
2913 2058 3001 2106 est
3063 2051 3493 2123 magniﬁcentia,

1909 2129 2113 2197 dignati
2141 2141 2286 2188 sunt.
2320 2151 2338 2185 ι
2370 2132 2472 2200 Qui
2508 2143 2688 2190 autem
2721 2136 2893 2192 relicti
2943 2138 3147 2195 fuerint
3190 2157 3352 2212 super
3384 2155 3496 2202 ter-

1908 2236 2049 2285 ram,
2083 2221 2410 2282 laetabuntur
2432 2241 2555 2281 eum
2586 2226 2759 2296 gloria
2787 2229 3001 2286 Domini
3029 2247 3042 2282 :
3082 2235 3494 2294 conturbabitur

1906 2324 2046 2378 aqua
2094 2312 2284 2368 maris.
2336 2331 2356 2368 ι
2411 2313 2512 2380 Qui
2552 2325 2728 2374 autem
2769 2333 2833 2372 ex
2885 2320 3136 2388 portione
3175 2319 3267 2378 Dei
3307 2333 3490 2391 erunt,

1905 2399 2232 2458 lxtabuntur
2259 2421 2382 2459 cum
2416 2407 2590 2476 gloria
2627 2409 2873 2468 Domini:
2897 2421 3028 2468 tunc
3057 2413 3200 2470 enim
3240 2414 3357 2486 ipse
3392 2417 3493 2477 Do-

1907 2495 2087 2550 minus
2128 2497 2306 2551 veniet
2347 2498 2399 2551 in
2435 2500 2607 2570 gloria
2652 2501 2833 2558 Patris
2859 2505 2942 2558 sui
2981 2518 3102 2558 cum
3139 2514 3409 2574 potestate
3434 2521 3493 2564 et

1905 2585 2186 2654 majestate
2226 2589 2438 2659 grandi.
2491 2590 2544 2644 ln
2594 2591 2694 2646 hac
2747 2608 2876 2663 ergo
2919 2595 3130 2652 Domini
3179 2597 3263 2652 sui
3319 2599 3489 2668 gloria

1904 2676 2248 2742 laetabuntur,
2296 2679 2387 2747 qui
2411 2679 2538 2734 olim
2567 2682 2621 2738 in
2656 2681 2828 2753 ipsum
2856 2695 3232 2754 speraverunt.
3262 2686 3370 2742 Pro
3399 2689 3490 2744 illo

1900 2775 2105 2828 autem,
2145 2785 2165 2818 ι
2196 2768 2612 2825 conturbabitur
2657 2786 2794 2840 aqua
2826 2774 3012 2838 maris,
3053 2793 3073 2826 ι
3108 2776 3188 2829 sic
3241 2777 3487 2833 Theodo-

1903 2856 1979 2910 tio
2029 2857 2420 2927 interpretatus
2462 2869 2566 2925 est,
2619 2878 2638 2912 ι
2681 2871 2981 2917 sonuerunt
3040 2878 3196 2934 aquae
3241 2868 3426 2933 maris,
3459 2887 3481 2922 ι

1904 2946 2027 2999 vita:
2066 2945 2214 3001 illius
2246 2947 2680 3015 magnitudinem
2733 2948 3071 3018 signiﬁcans,
3099 2965 3204 3021 qua
3235 2951 3490 3008 fruentur

1903 3037 1938 3091 ii
1972 3038 2064 3108 qui
2094 3039 2382 3093 Dominum
2432 3054 2590 3093 suum
2635 3041 2808 3110 gloria
2856 3039 3099 3096 alliciunt
3134 3061 3148 3096 :
3181 3057 3286 3099 vox
3336 3045 3486 3100 enim

1903 3143 2093 3184 eorum
2135 3130 2335 3184 sonitui
2377 3128 2547 3183 maris
2581 3131 3008 3200 comparabitur.

1971 3221 2139 3278 Vens.
2172 3223 2259 3277 15.
2293 3239 2312 3272 ι
2357 3221 2650 3292 Propterea
2706 3223 2876 3293 gloria
2935 3225 3148 3280 Domini
3193 3227 3249 3283 in
3294 3229 3488 3285 insulis

1903 3316 2068 3370 maris
2100 3316 2223 3369 erit.
2261 3331 2280 3366 ι
2321 3313 2378 3366 ln
2418 3312 2672 3367 Ecclesiis
2703 3315 2976 3378 videlicet,
3021 3332 3142 3386 qua:
3163 3319 3293 3374 olim
3345 3320 3490 3376 inter

1901 3404 2208 3461 incredulas
2244 3414 2456 3475 gentes,
2512 3405 2666 3475 quasi
2726 3406 2778 3459 in
2829 3408 3008 3462 medio
3062 3411 3220 3474 mari,
3260 3410 3490 3467 inclusa)

1898 3507 2055 3553 erant
2087 3517 2101 3552 :
2139 3499 2191 3552 in
2220 3499 2376 3566 queis
2404 3499 2574 3569 gloria
2604 3498 2818 3552 Domini
2851 3510 2978 3554 tunc
3000 3500 3294 3574 eﬂ‘ulgebit.
3320 3522 3339 3555 ι
3379 3503 3487 3558 Νο-

1899 3606 2021 3645 men
2063 3591 2270 3645 Domini
2313 3590 2605 3659 gloriosum
2635 3593 2759 3646 erit.
2782 3591 3010 3647 Domine
3037 3594 3184 3649 Deus
3210 3595 3393 3663 Israel,
3415 3598 3487 3652 ab

1897 3685 1998 3739 alis
2035 3695 2193 3739 terrae
2225 3684 2475 3754 prodigia
2518 3683 2869 3740 audivimus:
2903 3701 3030 3754 spes
3058 3688 3168 3756 pio.
3208 3707 3229 3742 ι
3275 3689 3484 3744 Secun-

1895 3776 2022 3829 dum
2062 3774 2450 3846 Symmachum
2483 3790 2617 3832 vero
2641 3786 2698 3831 et
2728 3776 3182 3846 Theodotionem,
3217 3797 3239 3838 ι
3268 3781 3351 3836 ΑΙ)
3381 3783 3487 3837 alis

1897 3879 2055 3922 terra:
2104 3866 2348 3936 psalmos
2393 3867 2738 3933 audivimus;
2787 3887 2811 3920 ο
2851 3871 3152 3925 secundum
3205 3872 3483 3942 Aquilam,

1899 3976 1917 4008 ι
1955 3958 2232 4012 melodias.
2273 3977 2292 4010 ›
2329 3957 2464 4013 Nam
2489 3960 2578 4028 qui
2610 3975 2675 4015 ex
2719 3961 2967 4030 portione
2991 3961 3082 4016 Dei
3104 3973 3250 4027 sunt,
3269 3963 3483 4032 justum

1891 4046 2011 4114 ejus
2027 4047 2293 4116 judicium
2335 4049 2690 4112 admirantes,
2718 4049 2976 4104 laetantur
3009 4067 3133 4106 cum
3168 4051 3341 4120 gloria
3372 4053 3480 4108 D0-

1893 4139 2049 4202 mini,
2107 4155 2173 4195 ac
2221 4139 2327 4193 lani
2390 4140 2621 4209 hymnos
2671 4141 2770 4208 ipsi
2830 4150 2992 4210 atque
3046 4141 3378 4210 psalmodias
3422 4144 3482 4198 in

1891 4232 2195 4302 gratiarum
2218 4231 2489 4289 actionem
2521 4233 2801 4291 emittunt.
2831 4231 3022 4290 Postea
3061 4234 3247 4298 infert,
3279 4251 3298 4286 ι
3337 4233 3484 4305 Spes

1892 4321 2000 4392 pio.
2035 4339 2054 4374 ι
2094 4321 2230 4376 Cum
2262 4322 2410 4380 enim
2433 4322 2916 4378 comminationem
2946 4323 3128 4393 impiis
3158 4324 3476 4380 intentatam

1890 4411 2267 4483 prmleriisset,
2339 4412 2440 4470 sul»
2487 4411 2602 4470 hac
2639 4412 2724 4490 de.
2754 4411 3005 4482 portione
3067 4413 3162 4469 Dei
3210 4413 3311 4468 ista
3343 4416 3478 4470 sub-

194 4503 417 4584 ἀσεϐέσι
449 4527 664 4601 διῆλθεν
686 4503 1046 4598 ἠπειλημένα,
1092 4523 1221 4596 ἑξῆς
1266 4524 1393 4596 περὶ
1425 4503 1535 4597 τῆς
1569 4527 1785 4599 μερίδος

1906 4503 2086 4575 jungit,
2157 4521 2176 4556 ι
2218 4503 2572 4566 mebuntur
2619 4519 2743 4558 cum
2801 4503 2974 4574 gloria
3046 4505 3292 4572 Domini,
3352 4525 3373 4560 ι
3422 4518 3480 4563 et

194 4625 286 4694 τῆς
325 4621 468 4677 Θεοῦ
511 4623 809 4694 ἐπήγαγεν,
857 4619 932 4682 ὡς
974 4638 991 4670 ι
1037 4616 1518 4689 Εὐφρανθήσονται
1563 4618 1680 4690 ἅμα
1716 4623 1782 4690 τῇ

195 4716 314 4788 δόξῃ
342 4715 578 4787 Κυρίου,
608 4734 627 4764 ι
654 4712 750 4771 καὶ
769 4711 846 4774 ὡς
886 4730 904 4760 ‹
949 4711 1012 4763 Ἦ
1033 4708 1162 4773 δόξα
1204 4708 1412 4781 Κυρίου
1450 4711 1508 4763 ὲν
1541 4713 1662 4775 ταῖς
1691 4713 1786 4783 νή-

197 4825 302 4874 σοις
327 4810 522 4862 ἔσται’
560 4827 578 4858 ι
618 4807 692 4870 ὡς
717 4805 780 4876 δὴ
804 4804 902 4875 τὴν
921 4801 1318 4873 δικαιοκρισίαν
1355 4800 1449 4854 τοῦ
1489 4802 1624 4855 Θεοῦ
1663 4821 1786 4857 πα-

197 4903 490 4971 ραστήσας,
553 4896 860 4958 ἀκολούθως
925 4895 1172 4966 ἐπήγαγε
1221 4893 1314 4946 τό·
1380 4912 1398 4943 ι
1477 4893 1663 4958 Ἐλπὶς
1706 4895 1784 4966 τῷ

197 4994 429 5046 εὐσεϐεῖ·
480 5011 496 5043 ι
530 4991 694 5044 παντὶ
721 4989 827 5060 γὰρ
850 4987 1042 5056 δικαίῳ
1067 4984 1160 5037 κα)⁵
1199 4983 1414 5037 εὐσεϐεῖ
1443 4985 1596 5056 ἀνδρὶ
1626 4985 1780 5049 ἐλπὶς

196 5085 369 5156 ἀγαθὴ
404 5084 680 5155 σωτηρίας
707 5081 1016 5135 ἀπόκειται.

265 5198 284 5231 ι
317 5180 430 5232 Καὶ
464 5175 680 5248 ἐροῦσιο
727 5174 864 5225 Οὐαὶ
909 5175 1022 5234 τοῖς
1067 5169 1345 5232 ἀθετοῦσι,
1378 5173 1426 5223 οἱ
1458 5168 1781 5233 ἀθετοῦντες

195 5270 288 5328 τὸν
313 5273 511 5344 νόμων
550 5289 567 5320 ι
600 5268 739 5322 κατὰ
783 5267 880 5337 μὲν
903 5265 994 5319 τὸν
1029 5263 1260 5318 ’Λκύλαν
1287 5263 1522 5335 εἴρηται,
1555 5281 1573 5315 ι
1617 5265 1680 5319 Ὢ
1703 5262 1785 5318 οἵ-

195 5383 285 5436 μθι
309 5364 627 5426 ἀθετοῦντες
645 5379 658 5393 ο
687 5360 974 5432 ἡθέτησαι.
1004 5377 1020 5408 ι
1059 5359 1220 5429 Ὁρᾷς
1243 5358 1392 5420 ὅπως
1445 5357 1784 5427 συνέπασχον

194 5460 303 5521 τοῖς
361 5453 775 5525 ἀπολλυμένοις,
824 5451 917 5504 καὶ
967 5449 1311 5520 ύπερήλγουν
1381 5447 1562 5500 αὐτῶν
1599 5447 1650 5504 οἱ
1685 5447 1781 5499 τοῦ

197 5549 326 5604 Θεοῦ
357 5549 634 5622 ἄνθρωποι
684 5545 770 5598 διὰ
813 5541 1245 5614 φιλανθριι.ιπίαν,
1300 5541 1376 5604 ὡς
1431 5542 1511 5604 εἰς
1559 5539 1783 5604 ἑαυτοὺς

197 5643 548 5712 ἀναστρέφειν
601 5639 693 5692 τὸν
756 5635 1107 5705 ταλανισμὸν,
1153 5635 1247 5687 καὶ
1294 5634 1496 5704 λέγειν,
1544 5631 1590 5688 ὣ
1637 5634 1780 5703 οἴμοι

198 5737 276 5805 ἐφ’
301 5735 377 5801 οἷς
405 5737 680 5808 ἠθέτησαν
697 5735 743 5786 οἱ
781 5729 1089 5802 παραϐάται
1113 5729 1125 5780 l

1899 4597 2128 4655 «Gloria
2179 4597 2392 4656 Domini
2447 4597 2501 4654 in
2559 4597 2753 4653 insulis
2797 4597 2950 4652 erit:
2999 4615 3018 4650 ι
3061 4613 3126 4655 ac
3190 4610 3478 4670 postquam

1889 4691 2092 4761 justum
2143 4689 2240 4746 Dei
2287 4675 2568 4759 judicium
2613 4691 3016 4760 enuntiaverat,
3076 4701 3478 4761 consequenter

1895 4783 2092 4851 adjecit
2128 4782 2280 4848 illud,
2321 4773 2339 4834 ἆ
2391 4781 2526 4850 Spes
2555 4783 2682 4852 pio:
2717 4801 2736 4832 ι
2773 4797 2896 4836 nam
2927 4783 3074 4838 omni
3102 4783 3244 4852 justo
3281 4785 3482 4855 pioque

1893 4881 2012 4931 viro
2038 4879 2177 4934 bona
2205 4877 2396 4933 salutis
2433 4876 2670 4944 reposita
2707 4890 2832 4945 spes
2871 4885 2980 4932 est.

1966 5150 2128 5207 Vens.
2169 5149 2253 5208 16.
2284 5169 2302 5202 ι
2340 5150 2405 5204 Ει
2432 5151 2612 5206 dicent
2647 5168 2659 5203 :
2687 5148 2776 5202 Va:
2809 5157 3341 5220 prmvartcatortous,
3381 5147 3475 5215 qui

1891 5245 2319 5315 praavaricautur
2350 5244 2523 5314 legem
2559 5244 2572 5296 !
2612 5262 2630 5294 ι
2691 5243 2999 5296 Secundum
3031 5240 3284 5309 Aquilam
3339 5238 3478 5294 dici-

1890 5352 2015 5397 tur:
2046 5359 2065 5390 ι
2109 5337 2176 5405 Ο,
2223 5353 2300 5392 va:
2351 5338 2507 5400 mihi,
2565 5333 3026 5405 prmvaricantes!
3088 5330 3477 5400 pravaricatus

1885 5449 1966 5490 es.
2015 5451 2033 5482 ι
2067 5430 2256 5490 Videu'
2281 5446 2388 5500 quo
2435 5440 2595 5500 pacto
2626 5429 2721 5484 Dei
2751 5427 2999 5484 homines
3025 5428 3088 5480 de
3123 5425 3472 5496 pereuntium

1887 5543 2014 5584 casu
2045 5527 2299 5583 dolebant.
2325 5536 2381 5580 et
2411 5524 2774 5595 angebantur,
2809 5536 3005 5595 nempe
3031 5536 3098 5575 ex
3123 5521 3476 5576 humanitatis

1886 5619 2114 5685 alie-ctu,
2171 5619 2245 5674 ita
2293 5627 2354 5672 ut
2415 5617 2468 5671 in
2499 5616 2714 5685 seipsos
2765 5615 2999 5669 miseriae
3040 5613 3314 5684 planet-um
3343 5628 3476 5669 con-

1883 5722 2185 5778 verterent,
2229 5726 2292 5766 ac
2345 5711 2590 5766 dicerent
2626 5727 2640 5763 :
2674 5708 2740 5778 Ο,
2770 5723 2850 5764 va:
2901 5708 3033 5764 mihi
3076 5725 3174 5780 pro
3210 5707 3472 5778 praevari-

1883 5809 2101 5865 catione
2133 5817 2598 5878 transgressorum
2625 5804 2640 5860 Σ
