3984 6554
514 339 625 397 268

514 665 654 714 rem,
686 651 841 705 cadet
894 650 947 704 in
983 650 1191 704 foveam
1219 665 1234 714 ;
1266 649 1357 718 qui
1382 660 1564 703 autem
1593 648 1795 704 exierit
1832 648 1900 704 de
1920 647 2099 715 fovea,

512 744 708 813 laqueo
756 744 1001 813 capietur
1054 762 1067 797 :
1106 744 1233 812 quia
1284 743 1537 797 fenestrte
1586 743 1655 796 de
1709 740 1851 796 coelo
1899 750 2100 811 apertae

510 846 658 901 sunt.
689 848 745 890 et
775 838 1158 894 concutientttr
1191 836 1545 890 fundamenta
1594 844 1773 891 terrae.
1828 855 1848 889 ι
1890 836 1981 892 Dei
2018 837 2099 891 in—

509 934 871 1000 spectionetn,
925 941 979 984 et
1009 928 1128 997 ejus
1160 931 1416 983 virtutem
1463 927 1798 992 subindicat,
1839 944 1943 998 qua
1978 944 2099 982 om-

508 1025 668 1080 nibus
698 1026 975 1095 providet,
1006 1032 1061 1077 et
1092 1022 1275 1076 omnia
1306 1021 1615 1091 speculatur
1652 1021 1807 1091 quasi
1842 1037 1909 1076 ex
1948 1021 2099 1076 fene-

507 1121 637 1174 suis
661 1119 781 1174 οωιί
816 1118 1073 1171 universa
1111 1115 1427 1185 respiciens.
1449 1115 1580 1181 Qua:
1601 1114 1817 1183 quidem
1840 1111 2097 1167 fenestrae

509 1222 639 1268 tunc
668 1213 842 1268 claudi
873 1212 1152 1275 videntur,
1180 1225 1303 1264 cum
1332 1208 1476 1263 Dens
1502 1208 1553 1262 in
1585 1218 1731 1262 terra
1780 1217 2097 1277 peccatores

506 1307 934 1369 circumlustrat,
966 1320 1062 1359 nec
1084 1312 1264 1357 tamen
1303 1304 1450 1372 ipsos
1479 1302 1710 1372 castigat
1740 1317 1755 1354 :
1791 1310 1919 1355 tunc
1947 1302 2093 1356 enim

505 1418 603 1455 ceu
632 1416 856 1454 aversus
890 1398 1021 1452 nihil
1055 1406 1345 1467 peccantes
1399 1396 1667 1464 inspicere
1691 1395 1929 1450 videtur.
1955 1393 2092 1449 Cum

505 1504 683 1548 autem
716 1502 1001 1562 pem-antes
1028 1490 1213 1545 ulcisci
1241 1490 1505 1555 decrevit,
1536 1497 1663 1543 tunc
1691 1487 1941 1544 fenestrae
1965 1487 2093 1544 caeli

504 1599 703 1656 aperta:
754 1586 1023 1639 videntur.

575 1763 738 1820 Vens.
768 1763 851 1825 10,
871 1762 961 1817 20.
988 1780 1006 1813 ι
1028 1761 1365 1817 'l‘urbatione
1391 1761 1718 1828 turbabitur,
1749 1773 1802 1817 et
1825 1762 2091 1834 angustiis

1160 339 1434 396 EUSEBII
1477 338 1959 397 CAESARIENSIS
1996 341 2147 400 OPP.
2193 343 2372 400 mas
2410 343 2497 401 tu.
2540 377 2609 388 -.
2647 339 3061 407 EXEGETICA.

591 461 753 520 Vnus.
791 461 880 527 17,
918 462 1005 517 l8.
1042 480 1061 513 ι
1093 459 1280 516 Timor
1306 472 1361 515 et
1388 462 1565 526 fovea,
1596 471 1651 516 et
1694 434 1919 531 laqueus
1941 477 2104 531 super
2131 477 2177 530 Α

514 570 632 624 vos,
656 557 746 626 qui
777 557 1039 611 habitatis
1080 566 1306 610 terram.
1350 556 1417 610 Et
1443 556 1548 611 erit
1579 555 1669 625 qui
1699 556 1901 624 fugerit
1938 558 2102 611 timo-

3694 362 3803 418 9.64

2283 485 2301 515 ι
2343 466 2511 530 Φόϐος
2564 468 2657 521 καὶ
2696 467 2917 538 βόθυνος
2969 470 3064 523 καὶ
3119 472 3285 541 παγὶς
3337 470 3424 543 ἐφ’
3482 473 3628 545 ὑμᾶς
3669 479 3804 542 τοὺς

2204 557 2551 621 ἐνοικοῦντας
2595 560 2689 611 ἐπὶ
2732 564 2832 631 τῆς
2879 564 3003 633 γῆς.
3054 564 3165 618 Καὶ
3202 565 3357 620 ἔσται
3393 568 3422 619 6
3449 566 3674 636 φεύγων
3706 569 3804 621 τὸν

2194 650 2387 718 φόϐον,
2415 653 2736 721 ἐμπεσεῖται
2763 656 2843 717 εἰς
2866 655 2958 708 τὸν
2982 655 3233 725 βόθυνονο
3266 661 3295 712 6
3326 658 3382 711 δὲ
3423 659 3692 713 ἐκϐαίνων
3729 662 3802 714 ἐκ

2200 741 2294 792 τοῦ
2337 740 2556 811 βοθύνου
2581 742 2849 798 ἁλώσεται
2872 745 2976 799 ὑπὸ
2995 750 3093 819 τῆς
3120 748 3363 817 παγίδος⁸
3392 752 3476 803 ὅτι
3502 750 3714 822 θυρίδες
3738 753 3805 804 ἐκ

2198 834 2294 887 τοῦ
2320 836 2552 908 οὐρανοῦ
2580 837 2955 909 ἀνεῴχθησαν,
2982 841 3078 893 καὶ
3105 842 3451 912 σεισθήσεται
3475 842 3544 895 τὰ
3567 842 3803 913 θεμέλια

2198 931 2298 999 τῆς
2312 933 2435 1002 γῆς.
2463 949 2480 981 ι
2502 930 2614 999 Τὴν
2646 932 2949 1003 ἐπισκοπὴν
2962 932 3055 986 τοῦ
3079 933 3234 999 Θεοῦ,
3258 936 3352 988 καὶ
3376 936 3474 1005 τὴν
3489 936 3799 1006 ἐποπτικὴν

2198 1026 2292 1077 καὶ
2308 1026 2407 1097 τὴν
2423 1024 2761 1099 θεωρητικὴν
2780 1027 2944 1081 αὐτοῦ
2960 1027 3067 1081 τῶν
3082 1028 3217 1081 ὅλων
3231 1027 3460 1100 δύναμιν
3490 1029 3804 1100 αἰνιττόμε-

2198 1137 2307 1183 νος,
2333 1120 2614 1191 ἐφορῶσαν
2631 1121 2697 1173 τὰ
2717 1122 2915 1184 πάντα,
2931 1120 3119 1193 ὥσπερ
3142 1121 3228 1174 διὰ
3250 1121 3479 1194 θυρίδων
3500 1122 3593 1174 τοῦ
3614 1123 3801 1193 οὐρα-

2199 1210 2314 1277 νοῦ,
2340 1212 2397 1265 αἳ
2431 1212 2646 1267 δοκοῦσι
2684 1214 2783 1285 μὲν
2817 1212 3150 1279 κεκλεῖσθαι,
3188 1214 3407 1267 ἐπειδὰν
3436 1217 3561 1278 τοὺς
3590 1216 3798 1285 ἁμαρ»-

2199 1307 2463 1371 τάνοντας
2503 1308 2597 1360 ἐπὶ
2633 1310 2736 1379 γῆς
2775 1307 3128 1378 περιέρχεται
3171 1310 3200 1360 ὁ
3233 1308 3387 1372 Θεὸς,
3437 1308 3512 1379 μή
3556 1307 3794 1374 ἐπεξιὼν

2196 1404 2310 1463 τοῖς
2354 1400 2765 1473 πλημμελοῦσι·
2818 1400 2940 1453 τότε
2985 1400 3092 1471 γὰρ
3149 1400 3339 1473 ὥσπερ
3389 1401 3794 1472 ἀποστραφεὶς,

2195 1494 2304 1547 οὐδ’
2333 1493 2531 1566 ὁρῶντι
2567 1495 2692 1557 τοὺς
2729 1493 3143 1566 ἁμαρτάνοντας
3191 1495 3387 1548 ἔοικεν.
3447 1494 3697 1547 Ἐπειδὰν
3733 1494 3795 1546 δὲ

2197 1586 2358 1659 κρίνῃ
2401 1585 2713 1650 ἐπεξελθεῖν
2742 1590 2855 1650 τοῖς
2893 1585 3307 1657 ἡμαρτηκόσιν,
3351 1583 3543 1655 ὥσπερ
3584 1586 3796 1638 ἀναπε-

2194 1677 2483 1731 τάννυνται
2510 1676 2602 1730 τοῦ
2632 1676 2863 1748 ούρανοῦ
2892 1678 2950 1729 αἱ
2978 1675 3192 1747 θυρίδες

2270 1788 2288 1821 ι
2320 1769 2545 1841 Ταραχῇ
2579 1767 2983 1841 ταραχθήσεται
3019 1771 3052 1839 ὴ
3091 1771 3185 1839 γῆ,
3228 1766 3323 1821 καὶ
3344 1766 3549 1837 ἀπορία
3572 1767 3790 1838 ἀπορη-

501 1856 903 1925 angustiabitur
935 1865 1079 1910 terra
1115 1870 1129 1908 :
1174 1855 1457 1909 inclinavit
1507 1866 1561 1909 et
1608 1855 1914 1910 mevebitur
1944 1856 2080 1911 sicut

2191 1840 2419 1933 θήσεται
2524 1840 2629 1934 γῆ’
2653 1840 2843 1915 ἔκλινε
2884 1862 2979 1915 καὶ
3012 1860 3357 1932 σεισθήσεται
3399 1859 3475 1923 ὡς
3497 1861 3789 1931 ὀπωροφυ-

502 1951 773 2018 tugurium
802 1959 967 2015 terra,
998 1950 1139 2003 sicut
1185 1950 1370 2002 ebrius
1404 1958 1459 2003 et
1516 1949 1853 2019 crapulalus.
1902 1969 1920 2000 ι
1960 1948 2087 2006 lla:c

499 2057 660 2109 porro
713 2043 897 2097 omnia
950 2041 1189 2111 patietur
1230 2052 1413 2106 terra;
1468 2042 1548 2096 sic
1587 2043 1794 2098 vocatis
1832 2043 1937 2100 illis
1970 2044 2088 2114 ejus

493 2135 621 2190 olim
659 2135 1083 2199 habitatoribus,
1129 2149 1264 2204 quos
1300 2134 1416 2189 haec
1448 2151 1804 2206 perpessuros
1834 2138 1953 2203 ait;
2008 2139 2082 2193 ita

494 2239 554 2283 ut
588 2246 652 2283 cx
709 2229 975 2283 malorum
1013 2228 1063 2282 vi
1094 2236 1150 2282 et
1179 2228 1471 2298 gravitate,
1522 2229 1691 2284 ebriis
1714 2239 1770 2284 et
1789 2230 2084 2300 crapulatis

494 2322 700 2379 similes
733 2322 862 2378 sint.
905 2340 924 2373 ς
958 2321 1022 2375 Ει
1071 2322 1255 2385 cadet,
1290 2330 1345 2375 et
1378 2336 1484 2377 non
1516 2323 1716 2393 poterit
1750 2338 2037 2396 resurgere
2065 2340 2079 2377 :

495 2431 619 2470 nam
651 2414 933 2486 praevaluit
963 2414 1017 2469 in
1044 2430 1108 2469 ea
1143 2414 1424 2484 iniquitas.
1460 2434 1479 2467 ι

562 2627 731 2683 Vsus.
771 2626 861 2680 2|.
900 2645 918 2677 ι
959 2623 1025 2678 Ει
1078 2624 1185 2679 erit
1226 2624 1279 2678 in
1311 2623 1399 2679 die
1438 2623 1552 2688 illa,
1594 2623 1815 2678 inducet
1858 2624 1998 2679 Deus
2025 2624 2080 2679 itt

489 2729 745 2774 ornatum
773 2717 895 2773 θαιιὶ
920 2734 1163 2773 manum.
1198 2736 1217 2769 ι
1252 2716 1533 2786 Siquidem
1557 2717 1726 2772 semel
1758 2720 1808 2771 in
1842 2718 1947 2773 ﬁne
1978 2718 2081 2773 ltu-

489 2830 662 2869 manze
694 2816 814 2868 vita:
838 2814 987 2884 lapsa
1015 2823 1179 2879 terra,
1210 2811 1326 2866 sive
1355 2826 1521 2866 carne
1548 2812 1789 2865 terrestri
1821 2823 1875 2866 et
1900 2814 2078 2866 anima

487 2910 735 2978 corporis
764 2917 1016 2972 amante;
1071 2915 1184 2959 tum
1214 2904 1272 2969 ii,
1328 2905 1423 2975 qui
1450 2903 1581 2959 olim
1628 2912 1832 2959 terram
1870 2903 2077 2959 incolc-

488 3005 655 3067 bant,
716 3001 1174 3057 resurrectionem
1254 3009 1446 3069 postea
1528 3006 1959 3067 consequentur,
2021 3006 2080 3051 ut

486 3099 751 3151 sistantttr
784 3094 1041 3149 tribunali
1083 3092 1313 3158 Christi,
1349 3101 1403 3147 et
1453 3091 1831 3160 unusquisque
1874 3087 2078 3143 referat

2189 1953 2376 2008 λάκιον
2416 1956 2449 2026 ἡ
2495 1957 2589 2026 γῆ,
2624 1956 2700 2017 ὡς
2740 1956 2768 2007 6
2801 1953 3015 2025 μεθύων
3074 1954 3168 2006 καὶ
3210 1951 3549 2025 κραιπαλῶν.
3598 1972 3618 2005 ι
3670 1952 3784 2005 Καὶ

2189 2046 2362 2100 ταῦτα
2398 2046 2578 2099 πάντα
2611 2045 2860 2099 πείσεται
2889 2046 2923 2116 ἡ
2956 2046 3049 2115 γῆ,
3086 2043 3195 2096 τῶν
3236 2059 3367 2095 ποτε
3414 2042 3783 2113 κατοικησάν-

2187 2158 2296 2193 των
2344 2140 2514 2211 αὐτὴν
2547 2138 2691 2193 οὕτω
2733 2139 2799 2211 δὴ
2844 2139 3197 2209 καλουμένων
3223 2152 3238 2168 °
3273 2136 3497 2189 τοιαῦτα
3538 2135 3597 2189 δέ.
3647 2152 3782 2206 φησι

2190 2232 2470 2286 πείσεσθαι
2496 2232 2714 2295 αὐτοὺς,
2741 2230 2816 2294 ὼς
2837 2231 3071 2284 ὲοικέναι
3105 2228 3363 2302 μεθύουσι
3401 2229 3496 2283 καὶ
3539 2243 3782 2300 κραιπα-

2186 2322 2349 2378 λῶσιν
2375 2327 2439 2378 ἐκ
2473 2326 2572 2395 τῆς
2603 2323 2710 2377 τῶν
2743 2322 2929 2377 κακῶν
2962 2322 3289 2394 ὑπερϐολῆς.
3324 2341 3343 2374 ι
3369 2322 3480 2375 Καὶ
3512 2324 3778 2385 πεσεῖται,

2187 2418 2283 2472 καὶ
2319 2418 2381 2471 ού
2425 2417 2500 2489 μὴ
2539 2418 2763 2489 δύνηται
2805 2416 3127 2487 ἀναστῆναι·
3179 2416 3477 2487 κατίσχυσε
3528 2413 3640 2485 γὰρ
3687 2413 3777 2467 ἐπ’

2188 2514 2415 2584 αύτῆςή
2452 2512 2671 2583 ἀνομία.
2712 2530 2731 2564 ι

2261 2648 2280 2680 ι
2325 2628 2436 2681 Καὶ
2463 2627 2615 2682 ἔσται
2652 2630 2711 2681 ὲν
2745 2631 2810 2700 τῇ
2859 2626 3043 2701 ἡμέρα
3088 2626 3293 2699 ἐκείνῃ,
3337 2623 3530 2691 ἐπάξει
3571 2627 3601 2679 6
3640 2625 3777 2691 Θεὸς

2183 2721 2277 2774 ἐπὶ
2296 2720 2385 2774 τὸν
2405 2720 2607 2791 κόσμον
2640 2720 2732 2775 τοῦ
2771 2720 3003 2792 ούρανοῦ
3039 2719 3137 2790 τὴν
3183 2723 3359 2791 χεῖρα.
3399 2738 3419 2771 ι
3456 2717 3640 2783 "Arati
3672 2718 3774 2790 μὲν

2182 2816 2291 2890 γὰρ
2320 2816 2560 2869 πεσοῦσα
2593 2815 2734 2869 κατὰ
2762 2815 2860 2886 τὴν
2906 2812 3001 2867 τοῦ
3045 2813 3240 2885 θνητοῦ
3289 2812 3405 2883 βίου
3442 2812 3701 2884 τελευτὴν
3735 2815 3769 2885 ῆ

2180 2914 2275 2983 γῆ,
2323 2911 2441 2982 ῆτοι
2495 2908 2633 2981 σὰρξ
2683 2907 2892 2979 γεώδης
2938 2908 3034 2960 καὶ
3079 2905 3454 2976 φιλοσώματος
3497 2905 3675 2975 ψυχὴ,
3719 2907 3771 2960 οἱ

2184 3004 2349 3059 πάλαι
2376 3003 2474 3076 τὴν
2502 3005 2606 3075 γῆν
2640 3002 2961 3073 οἰκήσαντες
3005 3001 3103 3070 τῆς
3144 2997 3377 3070 καθεξῆς
3414 2999 3765 3062 ἀναστάσεως

2180 3100 2458 3166 τεύξονται
2486 3100 2566 3162 εἰς
2597 3097 2657 3149 τὸ
2691 3096 3030 3167 παραστῆναι
3061 3092 3137 3163 τῷ
3162 3092 3367 3163 βήματι
3386 3090 3478 3144 τοῦ
3506 3092 3767 3162 Χριστοῦ,

487 3190 787 3246 secundum
824 3202 887 3243 ea
921 3202 1044 3257 qua:
1070 3201 1302 3256 corpore
1333 3185 1690 3255 perpetravit,
1728 3186 1844 3237 sive
1876 3183 2075 3237 bonum

2187 3192 2273 3244 nati.
2307 3188 2635 3261 κομίσασθαι
2667 3187 2896 3239 ἕκαστον
2925 3184 2996 3237 τὰ
3020 3183 3108 3236 διὰ
3137 3182 3231 3235 τοῦ
3273 3181 3522 3253 σώματος
3552 3182 3689 3252 πρὸς
3732 3182 3768 3236 ἁ

488 3285 605 3338 sive
659 3283 885 3337 malum.
917 3283 1049 3336 Cum
1088 3288 1271 3333 autem
1338 3279 1449 3331 lato
1485 3277 1692 3346 judicio
1728 3291 1757 3330 a
1790 3276 1929 3331 bona
1981 3289 2077 3343 spe

484 3373 816 3439 exciderint,
849 3382 906 3429 et
960 3370 1244 3442 suppliciis
1282 3370 1411 3424 olim
1470 3369 1848 3438 prmnuntiatis
1890 3368 2074 3424 traditi

484 3468 724 3536 fuerint;
770 3477 899 3522 tunc
926 3482 955 3521 a
1001 3465 1109 3520 Deo
1140 3463 1298 3534 lapsi,
1356 3478 1463 3517 non
1492 3461 1633 3516 ultra
1664 3475 1947 3531 resurgere
1982 3475 2076 3529 po-

486 3572 689 3617 terunt.
720 3560 888 3628 Qtteis
924 3556 1163 3613 universi
1190 3553 1719 3611 consumtnatimtem
1755 3553 2072 3616 declaravit,

483 3673 591 3726 qua
633 3655 830 3710 caelum
859 3663 915 3708 et
946 3662 1091 3708 terra
1118 3649 1453 3704 transibunt.
1486 3646 1753 3702 Ornatam
1789 3660 1920 3701 vero
1948 3644 2072 3699 cteli

483 3752 622 3807 solet
647 3749 859 3821 Moyses
889 3745 1158 3815 appellare
1187 3741 1377 3807 solem,
1398 3740 1579 3793 lunam
1611 3749 1666 3793 et
1697 3736 1908 3791 stellas.
1939 3753 1957 3787 ι
1986 3735 2073 3789 Ιη-

483 3848 642 3900 ducet
674 3844 815 3898 Deus
855 3842 907 3896 in
932 3847 1187 3895 ornatum
1220 3833 1345 3890 coeli
1372 3846 1633 3899 manum;
1675 3849 1694 3882 ι
1728 3845 1924 3900 nempe
1952 3842 2071 3882 tne-

484 3949 695 3993 ntorato
724 3934 914 4007 judicii
952 3932 1048 3989 Dei
1088 3941 1350 4001 tempore.

556 4250 718 4309 Vens.
750 4251 845 4306 22.
876 4271 893 4304 ι
936 4254 1001 4306 Et
1034 4253 1088 4305 in
1141 4265 1295 4321 reges
1326 4259 1509 4311 terrm,
1561 4255 1617 4302 et
1658 4244 2071 4315 congregabunt

476 4345 953 4416 congregationem
998 4344 1116 4413 ejus
1160 4343 1211 4395 in
1257 4354 1558 4404 carcerem,
1583 4348 1638 4392 ct
1678 4335 1969 4390 occludent
2015 4335 2068 4387 in

483 4437 868 4499 munitionem;
916 4450 1011 4504 per
1040 4434 1237 4487 multas
1283 4433 1664 4503 generationes
1687 4427 1929 4483 visitatio
1961 4434 2067 4480 erit

477 4548 690 4588 eorum.
716 4551 734 4583 ι
748 4530 974 4585 Videtur
988 4533 1053 4583 mi
1066 4529 1115 4582 lii
1137 4544 1232 4597 per
1250 4542 1403 4598 reges
1427 4536 1607 4587 terrae,
1622 4520 1895 4591 principes
1908 4518 2068 4587 hujus

2180 3283 2435 3355 ἔπραξεν,
2462 3282 2571 3335 εἴτε
2598 3278 2824 3348 ἀγαθὸν,
2846 3278 2953 3330 εἴτε
2985 3275 3173 3329 κακόν·
3210 3274 3430 3327 ἐπειδᾶν
3468 3275 3524 3327 δὲ
3555 3275 3770 3345 κριθέν-

2177 3395 2271 3440 τες
2294 3376 2571 3428 ὲκπέσωσι
2619 3374 2719 3442 τῆς
2752 3369 2964 3441 ἀγαθῆς
2995 3368 3230 3432 ἐλπίδος,
3268 3368 3359 3421 καὶ
3385 3370 3506 3431 ταῖς
3534 3367 3766 3437 ἠπειληκ-

2181 3470 2370 3541 μὲναις
2399 3465 2650 3520 κολάσεσι
2684 3462 3051 3535 παραδοθῶσι,
3081 3462 3141 3514 τὸ
3170 3460 3471 3532 τηνικαῦτα
3500 3459 3593 3513 τοῦ
3628 3460 3765 3513 Θεοῦ

2176 3558 2521 3620 ἐκπεσόντες,
2565 3554 2750 3609 οὐκέτι
2802 3556 3099 3633 ἀναστῆναι
3146 3554 3484 3624 δυνήσονται.
3551 3555 3639 3606 Ἐν
3681 3548 3766 3617 οἷς

2174 3652 2272 3724 τὴν
2302 3650 2607 3704 συντέλειαν
2638 3648 2875 3719 ἐδήλωσε
2917 3647 3011 3699 τοῦ
3044 3646 3265 3710 παντὸς,
3303 3647 3359 3698 ὲν
3466 3646 3495 3697 6
3535 3645 3766 3716 οὐρανὸς

2174 3746 2270 3799 καὶ
2310 3747 2344 3816 ἡ
2393 3746 2463 3815 γῆ
2500 3742 2944 3815 παρελεύσονται.
2990 3740 3207 3811 Κόσμον
3241 3738 3299 3792 δὲ
3338 3738 3564 3810 ούρανοῦ
3602 3738 3762 3791 εἴωθε

2172 3838 2351 3901 λέγειν
2381 3837 2411 3888 6
2447 3837 2690 3907 Μωῦσῆς
2716 3836 2807 3888 τὸν
2839 3834 2989 3905 ἥλιον
3014 3833 3107 3886 καὶ
3143 3832 3243 3903 τὴν
3272 3831 3498 3903 σελήνην
3520 3832 3763 3897 καὶτοὺς

2170 3932 2426 4003 ἀστέρας.
2460 3949 2479 3982 ι
2502 3928 2722 3996 Ἐπάξει
2752 3928 2780 3980 6
2813 3926 2945 3990 Θεὸς
2973 3925 3065 3977 ἐπὶ
3097 3926 3187 3978 τὸν
3219 3925 3422 3995 κόσμον
3470 3924 3565 3977 τοῦ
3595 3925 3761 3996 ούρα-

2172 4024 2263 4079 νοῦ
2296 4025 2395 4096 τὴν
2430 4027 2619 4097 χεῖρα·
2659 4042 2675 4073 ι
2715 4020 2859 4089 λέγω
2898 4021 2955 4073 δὲ
2988 4019 3130 4074 κατὰ
3165 4019 3256 4073 τὸν
3298 4016 3627 4089 δηλούμενον
3659 4020 3764 4088 τῆς

2171 4116 2265 4169 τοῦ
2299 4117 2435 4171 Θεοῦ
2471 4117 2707 4185 κρίσεως
2736 4114 2947 4185 καιρόν.

2248 4252 2267 4285 ι
2302 4233 2412 4286 Καὶ
2449 4232 2542 4285 ἐπὶ
2579 4230 2706 4293 τοὺς
2751 4226 2991 4299 βασιλεῖς
3023 4227 3123 4297 τῆς
3165 4227 3288 4295 γῆς,
3339 4224 3434 4276 καὶ
3474 4221 3760 4288 συνάξουσι

2174 4327 2496 4397 συναγωγὴν
2524 4324 2695 4396 αὐτῆς
2720 4324 2800 4385 εἰς
2833 4321 3233 4391 δεσμωτήριον,
3280 4319 3375 4371 καὶ
3406 4316 3762 4395 ἀποκλείσον-

2172 4437 2256 4474 σιν
2286 4392 2364 4483 είς
2392 4392 2685 4489 όχῖύρωμα·
2716 4414 2804 4468 διὰ
2833 4413 3043 4466 πολλῶν
3073 4410 3273 4481 γενεῶν
3303 4392 3576 4481 ἐπισκοπή
3606 4408 3760 4462 ἔσται

2171 4512 2368 4567 αὐτῶν.
2411 4531 2429 4561 ι
2464 4510 2622 4563 Δοκεῖ
2655 4525 2744 4579 μοι
2770 4507 2897 4569 τοὺς
2919 4506 3184 4577 ἄρχοντας
3204 4502 3297 4556 τοῦ
3334 4502 3530 4563 αἰῶνος
3565 4498 3758 4553 τούτου

478 4626 665 4683 saeculi
696 4624 1042 4696 signiﬁcare;
1096 4621 1176 4676 sic
1205 4619 1348 4675 enim
1383 4615 1590 4670 Danieli
1620 4612 1933 4669 declarabat
1957 4609 2067 4665 Ga-

2187 4602 2459 4676 τημαίνειν
2480 4600 2569 4654 διὰ
2596 4599 2703 4653 τῶν
2735 4598 2996 4669 βασιλέων
3025 4599 3123 4667 τῆς
3152 4598 3283 4667 γῆς’
3319 4592 3462 4647 οὓτω
3498 4591 3629 4663 γοῦν
3662 4592 3760 4645 καὶ

478 4718 642 4784 briel,
685 4718 810 4771 dmn
849 4714 1065 4770 oracula
1126 4712 1227 4784 ipsi
1273 4710 1462 4766 ederet
1514 4707 1627 4767 his,
1663 4703 1891 4759 verbis:
1931 4721 1950 4754 ι
2000 4701 2068 4756 Et

478 4812 625 4867 venit
652 4811 703 4865 iu
732 4824 1020 4866 occursmn
1058 4821 1234 4860 meum
1259 4804 1511 4873 princeps
1534 4798 1685 4866 regni
1713 4796 1795 4851 Me
1815 4797 2009 4849 lorum.
2040 4814 2058 4847 ι

477 4906 770 4974 Postquam
812 4899 1112 4957 invisibiles
1142 4894 1450 4962 huiusmodi
1500 4891 1743 4961 gentium
1784 4903 1936 4956 rcges
1972 4888 2060 4943 hic

479 4997 821 5058 memoravit,
845 4996 990 5065 ipsos
1020 5007 1179 5046 manu
1210 4988 1304 5043 Dei
1327 4982 1741 5056 congregandos
1764 4982 1862 5045 ait,
1898 4992 2063 5049 atque

478 5096 533 5149 in
569 5103 844 5147 carcerem
881 5084 1276 5155 conjicientlos,
1312 5087 1361 5133 et
1393 5075 1760 5132 occludendos
1796 5072 1849 5126 in
1880 5069 2059 5125 muni-

479 5187 648 5239 tione.
680 5181 814 5236 Nam
846 5195 970 5235 eum
1004 5177 1243 5230 futurum
1284 5182 1431 5227 esset
1462 5178 1522 5224 ut
1550 5182 1776 5239 regnum
1809 5164 1901 5219 Dei
1932 5174 2060 5218 tunc

477 5276 739 5348 temporis
777 5272 1173 5343 resplenderet,
1204 5281 1270 5321 ac
1314 5279 1514 5319 novum
1546 5260 1822 5325 saeculum,
1853 5255 2060 5327 princi-

476 5383 659 5443 patus,
698 5378 996 5439 potestates
1038 5372 1093 5416 et
1147 5370 1391 5415 rectores
1444 5356 1630 5411 mundi
1688 5353 2057 5413 tenebrarum,

477 5482 541 5521 ac
593 5460 897 5533 Spiritualia
939 5454 1197 5525 nequitia:
1229 5458 1538 5521 superaret,
1580 5460 1919 5516 consequens
1942 5452 2061 5498 erat

478 5567 534 5610 ut
562 5557 598 5611 ii
634 5555 688 5609 in
723 5552 898 5606 lacum
932 5562 1093 5617 quem
1128 5544 1376 5600 foderant
1398 5542 1823 5611 conjicerentur.
1857 5537 2057 5589 Lacnm

475 5650 617 5703 enim
650 5646 849 5717 impius
893 5641 1071 5696 omnis
1101 5639 1313 5709 aperuit
1350 5647 1403 5692 ct
1425 5634 1611 5690 eliudit
1648 5648 1795 5697 eum,
1824 5630 2058 5685 etcadet

478 5743 530 5795 in
557 5740 768 5794 foveant
792 5751 953 5805 quant
986 5733 1134 5788 fecit.

2170 4697 2247 4767 τῷ
2273 4694 2471 4765 Δανιὴλ
2489 4695 2517 4746 6
2541 4690 2894 4763 χρηματίζων
2918 4686 3065 4759 αὐτῷ
3088 4685 3325 4759 Γαϐριὴλ
3348 4685 3536 4756 ἐδήλου
3558 4682 3755 4752 λέγων’

2176 4810 2193 4841 ‹
2238 4789 2347 4841 Καὶ
2372 4786 2594 4858 ἐξῆλθεν
2627 4786 2708 4848 εἰς
2741 4782 3064 4853 συνάντησίν
3110 4797 3210 4850 μου
3257 4779 3439 4852 ἄρχων
3481 4776 3759 4847 βασιλείας

2168 4880 2387 4953 Μήδων.
2429 4898 2447 4931 ›
2485 4879 2624 4941 Τοὺς
2652 4875 2928 4938 τοιούτους
2960 4872 3227 4943 ἀοράτους
3258 4870 3372 4923 τῶν
3398 4868 3568 4921 ἐθνῶν
3604 4867 3761 4938 βασι-

2166 4972 2278 5038 λεῖς
2309 4971 2539 5027 ἐνταῦθα
2577 4967 2855 5043 προειπὼν
2895 4969 2922 5020 ὁ
2953 4966 3131 5033 λόγος,
3179 4961 3608 5034 συναχθήσεσθαι
3654 4961 3758 5015 αύο

2167 5067 2294 5129 τούς
2324 5082 2487 5136 φησιν
2520 5063 2626 5117 ὑπὸ
2651 5065 2750 5133 τῆς
2780 5059 2961 5131 χειρὸς
2996 5056 3090 5110 τοῦ
3132 5056 3291 5121 Θεοῦ,
3333 5057 3427 5109 καὶ
3474 5053 3756 5127 ἐμϐληθή-

2170 5157 2358 5211 σεσθαι
2401 5159 2481 5220 εἰς
2528 5153 2900 5225 δεσμωτήριον
2952 5151 3044 5203 καὶ
3098 5147 3625 5219 ἁποκλεισθήσεσθαι
3675 5150 3756 5211 είς

2168 5252 2451 5323 ὀχύρωμα.
2499 5247 2813 5302 Ἀκόλουθόν
2848 5264 2940 5317 μοι
2978 5245 3087 5317 γάρ
3110 5241 3177 5317 ἦν
3208 5247 3306 5315 τῆς
3348 5241 3622 5313 βασιλείας
3659 5241 3754 5294 τοῦ

2162 5346 2299 5399 Θεοῦ
2332 5341 2630 5414 μελλούσης
2660 5339 2779 5392 τότε
2811 5337 3157 5409 διαλάμπειν,
3194 5336 3286 5389 τοῦ
3314 5352 3374 5387 τε
3403 5334 3525 5387 νέου
3560 5333 3756 5395 αἰῶνος

2164 5439 2480 5509 ἐπικρατεῖν
2528 5434 2627 5497 τὰς
2671 5432 2848 5505 ἀρχὰς
2895 5432 2989 5485 καὶ
3038 5432 3136 5494 τὰς
3186 5428 3435 5494 ἐξουσίας
3487 5426 3583 5479 καί
3628 5424 3756 5487 τοὺς

2162 5529 2612 5600 κοσμοκράτορας
2646 5524 2739 5578 τοῦ
2785 5524 3011 5588 σκότους
3044 5523 3256 5584 τούτου,
3289 5520 3381 5574 καὶ
3406 5518 3475 5572 τὰ
3508 5533 3756 5587 πνευμα-

2161 5623 2289 5677 τικά
2320 5623 2418 5693 τῆς
2459 5619 2744 5691 πονηρίας,
2789 5620 2869 5682 είς
2901 5619 2992 5671 τὸν
3038 5617 3383 5688 προσήκοντα
3415 5610 3612 5672 αὐτοὺς
3649 5625 3753 5660 κα-

2159 5716 2495 5788 ταϐληθῆναι
2528 5714 2750 5778 λάκκον,
2775 5712 2832 5766 ὃν
2853 5712 3006 5765 αὐτοὶ
3032 5712 3244 5773 ἑαυτοῖς
3265 5705 3500 5779 ὤρυξαν.
3532 5702 3752 5758 Λάκκου

474 5850 581 5910 γαρ
614 5837 721 5900 πᾶς
772 5832 973 5905 ἀσεϐὴς
1006 5830 1178 5903 ὤρυξε
1235 5831 1330 5883 καὶ
1378 5827 1681 5895 ἀνέσκαψεν
1732 5824 1913 5885 αὑτὸν,
1965 5820 2058 5874 καὶ
2100 5817 2415 5887 ἐμπεσεῖται
2446 5813 2524 5873 εἰς
2555 5809 2745 5881 βόθρον
2780 5808 2840 5861 ὃν
2869 5806 3179 5880 εἰργάσατο.
3266 5880 3269 5883 ν
