3984 6506
452 422 554 478 267

1124 420 1394 478 EUSEBII
1432 421 1907 479 CESARIFﬁSlS
1945 421 2096 480 OPP.
2138 424 2315 481 PARS
2354 424 2441 480 Ill.
2482 456 2549 466 -—
2589 425 3004 483 EXEGETICA.

3615 428 3723 483 268

452 553 509 599 et
536 547 904 611 tegumentum
940 552 1063 593 eras
1097 552 1113 593 :
1150 540 1261 593 imo
1287 538 1451 593 etiam
1496 538 1603 593 illis
1638 546 1767 591 tunc
1801 537 2037 592 sitienti-

2145 538 2273 592 ιλλά
2306 538 2403 591 καὶ¹
2447 539 2724 609 διψώντων
2763 542 2883 593 κατ’
2917 542 3093 593 έκεῖνο
3124 542 3315 611 καιροῦ
3338 582 3351 604 ,
3408 541 3484 607 ὡς
3521 542 3721 613 λέγειν,

453 636 576 699 bus,
620 648 686 689 ac
734 632 1059 697 dicentibus,
1107 650 1128 685 ι
1160 632 1347 687 Sitivit
1393 631 1572 686 anima
1616 646 1734 685 mea
1770 632 1835 686 ad
1865 630 2036 686 Deum

454 721 648 776 fortem
696 729 753 774 et
786 720 1081 784 viventem,
1112 738 1130 770 ι
1188 728 1243 773 ιιι
1280 720 1404 774 item
1455 718 1575 774 fons
1618 734 1774 785 eras,
1809 722 1901 790 qui
1944 736 2039 775 eos

456 812 634 867 sancti
666 810 900 882 Spiritus
948 811 1102 866 alveo
1157 810 1521 882 refrigerabas
1574 821 1739 882 atque
1786 816 2035 883 potahas,

452 921 519 961 ac
545 919 638 961 eos
665 905 849 959 animo
875 904 1188 959 deficientes
1220 905 1529 969 recreabas,
1556 906 1812 975 ipsosque
1836 906 2038 961 virtute

453 996 718 1065 unigeniti
757 994 919 1053 Verbi
974 997 1047 1051 tui
1093 996 1463 1053 confortabas.
1514 996 1594 1052 Ne
1653 1012 1782 1053 vero
1810 996 1925 1053 haec
1969 1001 2038 1052 de

453 1104 511 1144 se
561 1088 703 1144 dicta
756 1089 926 1145 fuisse
974 1090 1382 1159 suspicarentur
1434 1088 1645 1154 Judaei,
1699 1089 1925 1145 effusam
1981 1092 2035 1145 in

454 1193 647 1235 omnes
699 1188 892 1247 gentes
942 1178 1143 1235 Christi
1201 1180 1435 1251 gratiam
1489 1182 1796 1236 necessario
1852 1182 2040 1237 adiicit

453 1273 542 1330 his
573 1272 753 1329 verbis
784 1290 798 1327 ι

527 1453 695 1508 Vens.
728 1452 780 1508 6.
825 1471 843 1506 ι
875 1454 943 1508 Ει
985 1453 1149 1509 faciet
1192 1454 1453 1510 Dominus
1499 1453 1739 1508 Sabaoth
1785 1455 2038 1509 omnibus

454 1549 707 1617 gentibus
740 1547 793 1601 in
829 1555 1012 1601 monte
1048 1548 1169 1602 hoc.
1204 1568 1222 1601 ι
1264 1548 1404 1615 Quid
1434 1563 1566 1604 vero
1598 1547 1801 1602 faciet?
1835 1548 2040 1603 Secun-

454 1641 579 1694 dum
625 1639 857 1708 reliquos
906 1640 1121 1709 quidem
1154 1640 1498 1709 interpretes,
1538 1658 1556 1692 ι
1597 1652 1848 1711 potum,»
1898 1642 2037 1697 dici-

456 1742 579 1799 tur;
631 1732 925 1789 secundum
966 1743 1145 1788 autem
1174 1731 1340 1797 LXX,
1384 1752 1401 1785 ι
1424 1733 1644 1798 Bibent,
1678 1735 1873 1803 inquit,
1904 1735 2041 1789 laeti-

454 1826 613 1890 tiam,
654 1824 839 1878 bibent
870 1823 1079 1877 vinum.
1106 1842 1126 1875 ι
1173 1823 1491 1878 Convivium
1523 1840 1653 1896 ergo
1684 1841 1787 1878 non
1829 1824 2036 1890 lsraeli,

2144 651 2162 682 ι
2198 631 2497 701 σἘδίψησεν
2526 633 2560 701 η
2591 631 2735 703 ψυχή
2771 647 2871 703 μου
2912 633 3049 703 πρὸς
3077 632 3169 686 τὸν
3213 633 3345 687 Θεὸν
3376 635 3467 688 τὸν
3507 636 3722 709 ίσχυρδν

2138 724 2232 777 καὶ
2262 721 2461 786 ζῶντα,
2502 742 2519 774 ι
2561 724 2626 775 σὺ
2660 722 2822 777 πάλιν
2850 719 2995 795 ἦσθα
3016 723 3187 796 πηγὴ,
3236 725 3498 797 δροσίζων
3527 728 3723 792 αὐτοὺς

2138 814 2233 867 καὶ
2255 813 2488 878 ποτίζων
2520 816 2587 885 τῇ
2613 813 2708 867 τοῦ
2732 815 2890 883 άγίου
2921 814 3237 885 Πνεύματος
3256 818 3512 890 ἐπιρροῇ,
3537 818 3634 873 καὶ
3661 820 3725 873 σὺ

2137 906 2237 976 τῆς
2270 905 2617 977 ὁλιγοιζαυχίας
2662 907 2861 971 αὐτοὺς
2918 908 3163 973 ἀνεκτῶ,
3215 908 3481 981 ἐνισχύων
3528 912 3726 973 αὐτοὺς

2136 1002 2203 1072 τῇ
2237 1000 2461 1069 δυνάμει
2509 999 2604 1052 τοῦ
2655 1001 2978 1071 μονογενοῦς
3028 1019 3122 1054 σου
3158 1002 3356 1071 Λόγου.
3394 1005 3513 1057 Ἵνα
3558 1004 3615 1057 δὲ
3653 1002 3727 1074 μὶ

2141 1093 2269 1163 περὶ
2298 1092 2476 1145 αὐτῶν
2529 1091 2701 1145 ταῦτα
2734 1092 2989 1161 λέγεσθαι
3044 1092 3390 1147 ὑπολάϐωσιν
3453 1094 3729 1148 Ἰουδαίων

2139 1185 2348 1247 παῖδες,
2402 1184 2715 1253 ἀναγκαίως
2739 1184 2839 1257 τὴν
2877 1186 2958 1250 είς
2988 1186 3166 1239 πάντα
3210 1186 3276 1239 τὰ
3308 1186 3436 1257 ἔθνη
3470 1186 3730 1256 χυθεῖσαν

2136 1275 2231 1328 τοῦ
2254 1273 2489 1346 Χριστοῦ
2522 1277 2682 1347 χάριν
2715 1276 2967 1348 ἐπιφέρει
2998 1276 3175 1346 λέγων
3196 1294 3207 1307 ·

2216 1475 2233 1507 ι
2273 1457 2382 1510 Καὶ
2420 1456 2636 1529 ποιήσει
2663 1458 2691 1510 6
2721 1456 2926 1528 Κύριος
2960 1456 3188 1510 Σαϐαὼθ
3229 1459 3361 1511 πᾶσι
3401 1459 3513 1521 τοῖς
3548 1457 3733 1512 ἔθνεσι

2139 1547 2230 1600 ἐπὶ
2260 1549 2319 1601 τὸ
2344 1548 2470 1620 ὅρος
2491 1549 2668 1602 τοῦτο.
2711 1567 2729 1599 ι
2786 1550 2851 1602 Τί
2896 1548 2953 1602 δὲ
2995 1551 3246 1621 ποιήσεις
3291 1549 3431 1602 κατὰ
3476 1550 3575 1620 μὲν
3601 1551 3733 1614 τοὺς

2139 1640 2356 1704 λοιποὺς
2380 1643 2745 1713 ἐρμηνευτάς,
2800 1662 2818 1694 ι
2857 1642 3041 1705 πότον,
3075 1660 3093 1694 ι
3142 1640 3267 1713 ἑξῆς
3301 1643 3548 1713 εἴρηται·
3589 1641 3736 1695 κατὰ

2137 1731 2193 1785 δὲ
2234 1733 2360 1796 τοὺς
2399 1732 2820 1804 Ἐὂδομήκοντα,
2860 1753 2879 1785 ι
2916 1734 3158 1801 Πίονται,
3198 1752 3216 1785 ›
3256 1734 3449 1804 φησὶν,
3483 1754 3502 1785 ι
3541 1735 3734 1806 εὐφρο-

2144 1823 2333 1894 σύνην,
2368 1826 2583 1877 πίον-ται
2609 1822 2773 1879 οἶνον.
2812 1844 2829 1876 ι
2875 1824 3185 1900 Συμπόσιον
3210 1826 3389 1879 τοίνυν
3412 1827 3474 1879 οὑ
3506 1826 3585 1897 τῷ
3624 1828 3735 1881 ’16-

460 1930 639 1985 neque
664 1914 891 1971 Iudaico
924 1915 1142 1985 pepulo,
1195 1916 1288 1969 sed
1320 1915 1572 1971 omnibus
1592 1893 1852 1986 gentibus
1880 1932 2037 1987 para.

2148 1893 2307 1986 ραὴλ,
2347 1916 2467 1968 οὐδὲ
2515 1915 2593 1986 τῷ
2651 1916 2923 1970 Ἰουδαίων
2957 1893 3106 1987 λαῷ,
3156 1918 3289 1970 πᾶσι
3326 1917 3383 1971 δὲ
3407 1920 3521 1981 τοῖς
3553 1893 3738 1972 έθνεσι

455 2019 633 2062 turum
656 2022 779 2062 esse
800 2007 1086 2062 Dominum
1108 2008 1454 2071 vaticinatur,
1483 2024 1588 2063 non
1616 2009 1666 2063 in
1685 2009 2038 2072 convallibus,

450 2116 556 2155 non
592 2100 645 2155 in
674 2100 925 2171 planitie,
959 2101 1053 2154 sed
1100 2114 1276 2169 neque
1312 2101 1495 2155 multis
1529 2103 1582 2155 in
1618 2103 1909 2167 montibus,
1948 2119 2042 2155 ne-

448 2205 557 2262 que
589 2192 640 2247 in
683 2192 791 2247 alio
830 2193 1024 2261 quovis
1078 2201 1283 2255 monte,
1314 2194 1408 2247 sed
1444 2193 1495 2247 in
1529 2194 1640 2261 illo,
1672 2209 1831 2264 quem
1866 2197 2041 2263 expli-

449 2301 581 2342 cans
610 2286 848 2352 dicebat,
887 2306 905 2337 ι
930 2286 1197 2352 Quoniam
1235 2286 1481 2355 regnabit
1517 2288 1777 2342 Dominus
1808 2289 1860 2342 in
1888 2306 2042 2342 mou-

449 2378 617 2443 tibus,
661 2387 716 2433 et
758 2378 812 2432 in
854 2387 1146 2449 conspectu
1177 2380 1455 2433 seniorum
1507 2395 1726 2435 suorum
1774 2382 2040 2452 glorilicn-

448 2470 663 2526 bitur.)
705 2470 840 2526 Nam
878 2472 930 2525 in
972 2482 1154 2527 monte
1200 2472 1351 2543 regni
1397 2475 1503 2540 sui,
1555 2472 1607 2527 in
1654 2488 1762 2542 quo
1810 2474 2037 2544 gloriam

450 2580 605 2620 suam
650 2564 959 2620 senioribus
995 2565 1108 2619 suis
1147 2565 1453 2633 prmbehitg
1483 2580 1544 2621 ac
1575 2567 1825 2636 gentibus
1854 2570 2041 2622 convi-

448 2656 597 2709 vium
656 2655 962 2724 apparabit,
1016 2653 1444 2710 immortalitatis
1497 2665 1681 2725 potum
1733 2656 1864 2726 ipsis
1897 2657 2040 2712 elar-

449 2747 646 2814 gietur.
689 2746 842 2801 llunc
892 2761 1021 2800 vero
1073 2756 1310 2801 montem
1357 2746 1596 2815 explicat
1636 2749 1926 2818 Apostolus
1960 2749 2041 2803 di-

448 2854 579 2895 cens
606 2840 666 2903 ",
710 2858 726 2892 r
761 2838 1082 2895 Accessistis
1123 2838 1189 2892 ad
1222 2836 1351 2892 Sion
1386 2850 1648 2905 montem,
1677 2849 1732 2896 et
1762 2841 2037 2895 civitatem

448 2929 544 2984 Dei
590 2930 868 2993 viventis,
916 2927 1218 2984 Jerusalem
1281 2930 1584 2994 cmlestem,
1638 2940 1695 2985 et
1745 2931 2037 2985 multorum

450 3023 683 3079 millium
727 3022 1046 3094 angelorum
1091 3020 1473 3090 frequentiam,
1504 3031 1559 3076 et
1590 3022 1885 3077 Ecclesiam
1927 3025 2041 3094 pri-

447 3114 786 3180 mitivorum,
812 3114 903 3183 qui
934 3112 1191 3181 descripti
1227 3121 1358 3167 sunt
1390 3114 1443 3167 in
1472 3114 1646 3171 caelis.
1675 3134 1693 3168 ι
1730 3114 1843 3170 Hoc
1876 3117 2040 3187 igitur

447 3205 505 3261 in
529 3204 648 3260 loco
674 3204 979 3269 constituti,
1017 3220 1125 3263 non
1158 3204 1350 3270 Israel,
1395 3206 1491 3261 sed
1518 3215 1778 3276 quotquot
1807 3223 1873 3262 ex
1902 3224 2034 3278 gen-

447 3300 594 3356 tibus
619 3298 877 3355 omnibus
914 3297 1377 3368 promissionibus
1409 3298 1616 3369 dignati
1648 3310 1778 3354 sunt
1800 3341 1815 3365 ,
1848 3300 2038 3357 bibent

447 3392 721 3459 laetitiam,
752 3391 939 3447 bibent
980 3392 1106 3445 item
1140 3390 1270 3446 illud
1305 3405 1375 3446 ex
1405 3405 1535 3445 vera
1568 3390 1678 3446 vite
1714 3406 2035 3463 expressum

447 3486 659 3553 vinum,
698 3485 767 3539 de
813 3500 923 3555 quo
974 3482 1227 3540 Salvator
1272 3484 1367 3547 ait.
1420 3503 1439 3535 σ
1469 3482 1585 3539 Νοη
1631 3485 1816 3555 utique
1856 3486 2035 3542 bibam

448 3574 600 3641 illud,
641 3574 814 3628 donec
844 3574 1026 3629 bibam
1053 3573 1186 3628 illud
1219 3586 1422 3629 novum
1460 3571 1740 3628 vobiscum
1774 3573 1829 3627 in
1870 3588 2037 3644 regno

449 3667 715 3722 cmlorum
744 3666 812 3720 ¹⁶.
842 3684 861 3717 ι

521 3845 694 3901 γης.
732 3847 787 3901 7.
846 3864 866 3899 ι
900 3846 1183 3917 Ungentur
1238 3857 1515 3918 unguento
1574 3848 1628 3903 in
1683 3858 1865 3903 monte
1912 3848 2035 3902 hoc.

2145 2010 2589 2081 παρασκευάσειν
2622 2008 2712 2063 τὸν
2758 2003 2963 2081 Κύριον
2993 2010 3053 2062 tv
3083 2008 3296 2072 τούτοις
3336 2009 3602 2075 θεσπίζει,
3632 2009 3739 2064 οὐκ

2143 2102 2199 2153 ὲν
2230 2100 2584 2171 κοιλώμασιν,
2625 2101 2746 2154 οὐδὲ
2777 2104 2834 2154 ἐν
2866 2100 3158 2171 φάραγξιν,
3198 2100 3319 2155 οὐδὲ
3351 2103 3409 2155 tv
3444 2102 3699 2157 πεδιάσιν
3720 2118 3737 2131 ·

2141 2192 2255 2246 ἀλλ’
2312 2194 2432 2245 οὐδὲ
2486 2195 2542 2245 ὲν
2600 2193 2813 2257 πολλοῖς
2856 2194 3061 2265 ὄρεσιν,
3114 2192 3223 2247 οὐδ’
3252 2194 3329 2257 ὡς
3377 2193 3566 2265 ἔτυχεν
3616 2194 3742 2257 ἑνὸς

2140 2285 2329 2354 ὅρους·
2358 2286 2473 2339 ἀλλ’
2522 2287 2579 2338 tv
2626 2286 2837 2356 ἐκείνῳ,
2867 2287 3003 2357 ὅπερ
3024 2286 3237 2351 δεικνὺς
3277 2286 3500 2355 ἔλεγεν·
3541 2307 3559 2338 ι
3608 2287 3741 2342 Ὀτι

2143 2376 2453 2447 βασιλεύσει
2490 2376 2692 2450 Κύριος
2726 2380 2784 2431 ὲν
2821 2378 2998 2450 ὄρεσι,
3044 2380 3138 2432 καὶ
3186 2378 3419 2433 ἐνώπιον
3451 2380 3562 2433 τῶν
3595 2397 3741 2452 πρε-

2143 2468 2421 2540 σϐυτέρων
2454 2468 2621 2522 αὐτοῦ
2664 2468 3077 2538 δοξασθήσεται.
3120 2487 3139 2520 ι
3189 2468 3278 2523 Ἐν
3329 2468 3439 2541 γὰρ
3485 2468 3565 2540 τῷ
3615 2470 3742 2542 ὄρει

2139 2561 2236 2630 τῆς
2266 2558 2458 2613 ἑαυτοῦ
2493 2558 2791 2629 βασιλείας,
2817 2560 2875 2612 tv
2901 2550 2946 2626 ᾧ
2973 2558 3067 2612 καί⁵
3094 2558 3193 2629 τὴν
3214 2556 3371 2621 δόξαν
3394 2556 3591 2610 ἑαυτοῦ
3621 2558 3742 2620 τοῖς

2140 2648 2333 2703 ἑαυτοῦ
2387 2647 2781 2721 πρεσϐυτέροις
2826 2647 3076 2720 παρέξει,
3136 2649 3230 2701 καὶ
3283 2650 3394 2711 τοῖς
3447 2648 3623 2701 ἔθνεσι
3674 2648 3744 2701 τὺ

2144 2742 2444 2813 συμπόσιον
2480 2740 2935 2812 παρασκευάσας,
2972 2740 3035 2794 τὸ
3070 2740 3169 2811 τῆς
3203 2737 3505 2803 ἀθανασίας
3547 2740 3741 2804 αὐτοῖς

2141 2834 2303 2887 ποτὸν
2330 2833 2654 2906 δωρήσεται.
2688 2832 2994 2904 Παρίστησι
3019 2832 3077 2886 δὲ
3103 2831 3165 2884 τὸ
3189 2830 3316 2903 ὅρος
3340 2832 3369 2884 6
3408 2832 3740 2897 Ἀπόστολος

2140 2924 2306 2980 εἰπών
2325 2942 2339 2957 ο
2370 2945 2387 2977 ι
2413 2924 2865 2998 Προσεληλύθατε
2910 2924 3050 2979 Σιὼν
3095 2924 3208 2997 ὖρει
3233 2964 3248 2988 ,
3284 2925 3379 2979 καὶ
3411 2924 3563 2979 πόλει
3592 2926 3738 2979 Θεοῦ

2142 3016 2341 3080 ζῶντος
2382 3014 2739 3088 Ἰερουσαλὴμ
2768 3015 3099 3086 ἐπουρανίῳ,
3148 3015 3242 3069 καὶ
3282 3016 3537 3087 μυριάσιν
3566 3016 3740 3085 ἀγγέ-

2139 3107 2246 3161 λων
2304 3108 2635 3181 πανηγύρει,
2680 3109 2778 3162 καὶ
2825 3107 3123 3181 Ἑκκλησίᾳ
3177 3109 3541 3183 πρωτοτόκων
3589 3110 3737 3163 ἀπο-

2142 3202 2549 3273 γεγραμμένων
2596 3203 2654 3255 tv
2701 3201 2973 3274 οὐρανοῖς.
3043 3220 3063 3254 ι
3130 3201 3395 3257 Ἐνταῦθα
3432 3204 3607 3257 τοίνυν
3640 3218 3741 3271 γε-

2140 3294 2376 3367 νόμενοι,
2400 3294 2503 3365 οὐχ
2521 3296 2549 3347 6
2587 3294 2827 3366 Ἰσραὴλ,
2856 3294 2971 3347 ἀλλ’
2996 3295 3045 3349 οἱ
3072 3292 3132 3359 ἐξ
3151 3294 3406 3349 ἁπάντων
3430 3296 3539 3351 τῶν
3560 3296 3741 3350 ἐθνῶν

2142 3386 2558 3458 καταξιούμενοι
2590 3386 2702 3440 τῶν
2736 3386 3078 3456 ἐπαγγελιῶν
3112 3386 3327 3440 πίονται
3360 3387 3735 3461 εὐφροσύνην,

2143 3481 2236 3534 καὶ
2270 3480 2481 3533 πίονται
2507 3479 2598 3531 τὸν
2628 3480 2694 3532 ὲκ
2716 3478 2815 3550 τῆς
2843 3477 3104 3552 ἀληθινῆς
3132 3480 3379 3552 ἀμπέλου
3409 3476 3573 3545 οἶνον,
3603 3484 3741 3555 περὶ

2140 3567 2201 3626 οῦ
2229 3574 2257 3624 6
2289 3572 2481 3642 Σωτὴρ
2509 3570 2662 3639 ἔλεγε
2688 3588 2699 3600 ·
2746 3591 2764 3623 ι
2808 3570 2884 3625 Οὐ
2914 3571 3021 3642 μὴν
3048 3572 3158 3624 πίω
3188 3570 3372 3637 αὑτὸν,
3400 3572 3505 3637 ἕως
3534 3572 3600 3626 ἂν
3622 3574 3741 3627 πίω

2143 3660 2309 3713 αὑτὸν
2358 3661 2542 3715 καινὸν
2584 3661 2702 3732 μεθ’
2747 3658 2904 3732 ὑμῶν
2944 3662 3005 3716 tv
3035 3665 3101 3735 τῇ
3154 3661 3399 3734 βασιλεία
3430 3663 3537 3717 τῶν
3568 3664 3740 3735 ούρα-

2144 3770 2268 3804 νων.
2311 3770 2325 3801 Ι

2217 3864 2235 3895 ι
2279 3843 2571 3915 Χρίσονται
2618 3843 2787 3916 μύρον
2834 3847 2893 3899 tv
2943 3844 3023 3917 τῷ
3075 3844 3191 3919 ὄρει
3237 3845 3433 3917 τούτῳ.
3485 3847 3738 3917 Παράόος

448 3933 629 3991 Trade
662 3936 846 3990 omnia
896 3937 1011 3992 haec
1041 3936 1298 4006 gentibus
1336 3954 1351 3992 :
1404 3938 1692 3995 consilium
1738 3938 1881 3992 enim
1933 3938 2037 3991 hoc

2145 3937 2317 3991 ταῦτα
2362 3937 2539 3991 πάντα
2576 3940 2686 4001 τοῖς
2722 3938 2932 3991 ἔθνεσιν
2960 3954 2975 3967 ·
3016 3940 3049 4010 ή
3103 3938 3213 4010 γὰρ
3244 3938 3407 4011 βουλὴ
3452 3937 3592 4010 αῦτη
3640 3941 3741 3993 ἐπὶ

450 4045 615 4097 super
659 4043 854 4085 omnes
898 4039 1105 4100 gentes.
1139 4049 1157 4083 ι
1222 4029 1423 4086 ﬂorum
1470 4046 1638 4101 porro
1687 4030 1954 4099 imagines
1986 4039 2037 4084 et

2145 4032 2325 4085 πάντα
2356 4029 2426 4086 τὰ
2459 4029 2606 4102 ἔθνη.
2652 4048 2671 4082 ›
2709 4030 2926 4084 Τούτων
2951 4030 3010 4084 δὲ
3039 4030 3254 4094 είκόνας
3286 4032 3420 4102 ἡμῖν
3457 4030 3551 4083 καὶ
3589 4029 3737 4102 σύμ-

447 4123 691 4193 symbola
725 4123 777 4177 in
817 4123 1094 4195 mysteriis
1143 4124 1268 4178 novi
1310 4123 1644 4178 Testamenti
1701 4138 1797 4195 per
1847 4123 2037 4194 mysti-

2145 4122 2274 4174 6ολα
2301 4123 2358 4174 ὲν
2388 4124 2501 4185 τοῖς
2539 4121 2864 4192 μυστηρίοις
2883 4121 2982 4192 τῆς
3012 4123 3207 4192 καινῆς
3234 4120 3508 4191 Διαθήκης
3527 4120 3615 4175 διὰ
3636 4120 3736 4175 τοῦ

446 4232 570 4271 cum
603 4218 843 4271 chrisma
872 4226 928 4271 et
956 4216 1247 4271 salutarem
1280 4217 1600 4287 sanguinem
1638 4217 1793 4271 nobis
1818 4214 2037 4270 tradidit

2147 4215 2410 4287 μυστικοῦ
2454 4216 2756 4286 χρίσματος
2811 4216 2907 4268 καὶ
2960 4214 3055 4268 τοῦ
3103 4214 3373 4287 σωτηρίου
3425 4215 3655 4285 αἵματος
3703 4218 3739 4269 6

446 4310 793 4379 evangelicus
821 4325 1035 4373 sermo;
1066 4317 1126 4363 ut
1162 4309 1215 4362 in
1257 4309 1342 4363 his
1373 4310 1609 4377 probati,
1644 4310 1810 4364 etiam
1852 4308 2037 4362 melio.

2145 4308 2499 4377 εύαγγελικὸς
2532 4308 2890 4379 παραδέδωκε
2925 4308 3081 4377 λόγος
3115 4326 3129 4339 ο
3161 4309 3271 4375 ἵνα,
3313 4310 3372 4363 tv
3404 4308 3611 4373 τούτοις
3640 4310 3737 4364 δο-

451 4417 571 4455 rum
631 4401 923 4471 participes
976 4402 1197 4456 simus:
1236 4402 1437 4455 etenim
1491 4400 1653 4455 Israel
1712 4402 1798 4454 his
1846 4400 2037 4469 dignus

2145 4399 2526 4471 κιμασθέντες,
2573 4400 2801 4454 καὶτῶν
2837 4401 3161 4471 κρειττόνων
3206 4400 3601 4471 μεταλάῦωμεν
3630 4417 3650 4434 θ
3702 4405 3737 4455 6

447 4505 559 4545 non
617 4500 724 4544 est.
785 4490 1255 4557 Quemadmodum
1313 4501 1497 4546 autem
1555 4490 1678 4560 quis
1734 4491 2036 4559 depositum

2145 4494 2253 4565 γὰρ
2293 4493 2513 4565 Ἰσραὴλ
2549 4493 2650 4546 οὑκ
2679 4492 2827 4557 ἄξιος
2855 4493 3079 4547 τούτων.
3118 4495 3330 4566 Ὠσπερ
3361 4494 3417 4548 δέ
3452 4512 3535 4559 τις
3562 4512 3737 4569 παρα-

448 4597 571 4638 cum
629 4597 893 4643 mensura,
944 4584 1144 4651 tradit,
1200 4585 1317 4647 sie,
1375 4584 1572 4652 inquit,
1624 4583 1910 4652 mysticum
1966 4585 2033 4637 de

2145 4586 2452 4657 καταθήκην
2484 4587 2540 4637 ὲν
2561 4586 2742 4658 μέτρῳ
2767 4585 3117 4657 παραδίδωσι,
3133 4585 3298 4653 οὕτω,
3324 4588 3477 4657 φησὶ,
3494 4589 3585 4641 τὸν
3602 4589 3753 4661 περὶ

447 4673 725 4744 praedictis
782 4675 945 4727 rebus
1002 4688 1311 4728 sermonem
1388 4677 1540 4727 trade
1600 4674 1851 4727 omnibus
1907 4687 2039 4742 gen-

451 4767 597 4819 tibus
654 4779 670 4818 :
730 4781 855 4820 nam
923 4767 1026 4821 hoc
1087 4766 1378 4823 consilium
1440 4781 1605 4836 super
1657 4781 1849 4819 onmes
1902 4781 2030 4835 gen~

449 4867 530 4913 tes
561 4867 663 4913 est.

522 4949 685 5007 Vsus.
715 4951 768 5005 8.
810 4970 829 5003 ι
853 4952 1139 5023 Absorpsit
1180 4967 1327 5007 mors
1361 4950 1663 5023 praevalens
1686 4992 1701 5017 ,
1749 4962 1805 5007 et
1848 4965 2036 5005 rursus

445 5043 669 5098 abstulit
701 5043 843 5099 Dens
872 5060 1089 5099 omnem
1120 5044 1416 5116 lacrytnam
1450 5047 1518 5098 ab
1543 5044 1691 5099 omni
1720 5043 1867 5096 vultu
1901 5060 1914 5095 :
1946 5056 2035 5110 op-

445 5132 732 5202 probrium
786 5135 968 5204 populi
1022 5135 1248 5189 abstulit
1297 5136 1365 5190 ab
1428 5136 1684 5190 universa
1736 5143 1927 5187 terra:
1973 5146 2034 5183 os

444 5227 591 5280 enim
618 5225 835 5281 Domini
866 5226 1107 5282 locutum
1132 5237 1235 5282 est.
1263 5247 1282 5279 ι
1320 5226 1459 5282 Tum
1489 5228 1677 5297 igitur,
1705 5240 1827 5278 cum
1858 5223 2032 5277 sancti

446 5333 551 5372 una
601 5334 723 5372 cum
771 5318 912 5375 Filio
964 5321 1059 5375 Dei
1114 5320 1463 5392 regnabunt.
1516 5320 1629 5386 ipsa
1688 5333 1853 5381 mors,
1916 5331 2035 5385 qum

445 5411 575 5466 olim
605 5412 937 5482 degluticbat
966 5429 1061 5468 eos
1081 5454 1097 5480 ,
1124 5416 1347 5469 omnino
1378 5410 1779 5466 absorbebitur.
1810 5410 1916 5463 Pro
1942 5410 2031 5465 illa

445 5513 653 5568 autem,
685 5507 790 5560 erit
819 5508 1006 5562 unctio
1049 5523 1154 5576 qua
1207 5507 1539 5574 innngentur
1581 5516 1771 5557 omnes
1822 5513 2030 5571 gentes.

446 5596 658 5651 Etenim
691 5601 835 5654 uncti
885 5602 973 5654 illo
1005 5610 1302 5668 unguento,
1350 5612 1456 5650 non
1491 5596 1633 5648 ultra
1666 5598 1823 5651 morti
1871 5606 2036 5653 erunt

445 5692 662 5746 obnoxii
690 5733 704 5756 ,
747 5694 842 5747 scd
874 5692 1301 5747 immortalitatis
1333 5700 1386 5744 et
1412 5700 1632 5744 :eteruze
1665 5690 1786 5747 vita:
1813 5705 2032 5747 consor-

446 5897 491 5930 "
547 5894 706 5950 Hebr.
738 5908 834 5957 xu,
868 5893 963 5947 Η.
1042 5894 1084 5924 ¹⁶
1110 5891 1298 5949 Matth.
1332 5905 1481 5953 τινι,
1518 5892 1606 5947 29.

2141 4677 2248 4731 τῶν
2294 4676 2595 4748 λεχθέντων
2650 4678 2909 4749 μυστικὸν
2962 4678 3120 4747 λόγον
3165 4678 3405 4750 παράδος
3439 4681 3573 4733 πᾶσι
3617 4684 3735 4745 τοῖς

2142 4772 2317 4825 ἔθνεσι
2347 4788 2361 4801 ο
2392 4773 2487 4824 καὶ
2516 4771 2623 4844 γὰρ
2652 4772 2813 4842 βουλὴ
2844 4772 2983 4842 αῦτη
3014 4772 3109 4826 ἐπὶ
3140 4773 3318 4827 πάντα
3335 4772 3405 4828 τὰ
3436 4773 3582 4846 ἔθνη.

2215 4971 2232 5001 ι
2277 4952 2555 5007 Κατέπιεν
2574 4953 2603 5006 6
2628 4952 2855 5017 θάνατος
2876 4952 3123 5025 ἰσχύσας,
3140 4955 3235 5007 καὶ
3247 4953 3413 5008 πάλιν
3436 4952 3679 5023 ἀφεῖλειν
3701 4954 3735 5006 6

2137 5043 2269 5107 Θεὸς
2295 5046 2404 5098 πᾶν
2429 5044 2662 5115 δάκρυον
2693 5048 2800 5100 ἀπὸ
2822 5047 3025 5111 παντὸς
3054 5046 3350 5119 προσώπου
3375 5064 3388 5077 ·
3424 5046 3485 5100 τὸ
3529 5046 3733 5112 Sunia;

2133 5135 2231 5189 τοῦ
2268 5137 2396 5191 λαοῦ
2428 5140 2647 5206 ἀφεῖλεν
2665 5140 2773 5193 ἀπὸ
2798 5140 2981 5211 πάσης
3010 5140 3108 5210 τῆς
3132 5139 3236 5211 γῆς
3262 5156 3275 5170 '
3313 5140 3373 5193 τὸ
3396 5139 3507 5209 γὰρ
3552 5137 3731 5210 στόμα

2133 5230 2338 5300 Κυρίου
2359 5230 2605 5300 ὲλάλησε.
2634 5250 2651 5280 ι
2675 5232 2806 5284 Τότε
2823 5232 3022 5295 τοίνυν,
3042 5232 3128 5285 ὅτε
3156 5230 3235 5303 τῷ
3268 5231 3383 5303 Υίῷ
3405 5232 3499 5285 τοῦ
3521 5230 3656 5286 Θεοῦ
3677 5231 3731 5284 οι

2134 5322 2279 5391 ἅγιοι
2312 5323 2851 5395 συμϐασιλεύσουσιν,
2886 5326 3047 5389 αὐτὸς
3073 5327 3102 5379 ὁ
3128 5325 3359 5390 θάνατος
3376 5327 3405 5379 6
3434 5324 3602 5380 πάλαι
3629 5342 3730 5380 κα-

2137 5415 2381 5470 ταπίνων
2394 5418 2610 5481 αὐτοὺς,
2633 5420 2850 5482 πάντως
2878 5419 3339 5492 καταποθήσεται.
3359 5420 3504 5472 Ἀντὶ
3524 5418 3581 5473 δὲ
3606 5418 3734 5472 τού-

2140 5526 2234 5562 του
2266 5509 2417 5564 ἔσται
2448 5512 2479 5580 ἡ
2516 5512 2696 5582 χρίσις
2733 5514 2766 5583 ἡ
2797 5514 3130 5585 κεχρισμένη
3161 5516 3242 5577 είς
3271 5513 3448 5567 πάντα
3480 5513 3547 5566 τὰ
3576 5512 3726 5582 ἔθνη.

2142 5600 2468 5673 Χρισθέντες
2520 5602 2629 5674 γὰρ
2681 5603 2761 5675 τῷ
2799 5606 3100 5677 χρίσματι,
3157 5606 3342 5659 οὐκέτι
3410 5607 3729 5677 γενήσονται

2142 5695 2440 5766 ὑποχείριοι
2476 5696 2551 5767 τῷ
2586 5694 2800 5769 θανάτῳ
2824 5716 2835 5728 ·
2875 5699 3172 5765 ἀθανασίας
3196 5700 3255 5753 δὲ
3288 5700 3381 5753 καὶ
3416 5698 3562 5770 ζωῆς
3596 5699 3731 5757 αἰω-
