3984 6518
242 424 353 479 269

1176 424 1679 483 ΕΟΜΜΕΝΤᾹΜΑ
1717 426 1782 480 IN
1824 426 2079 480 ISAIAM.
2119 452 2188 465 -ο
2221 427 2375 479 CAP.
2420 428 2611 482 ιλνι,

3420 433 3526 484 270

242 538 367 593 sieo
398 537 747 611 μετέχοντες,
784 542 878 595 τὸν
910 541 1139 596 θάνατον
1162 545 1520 618 ἀνενέργητον
1548 547 1641 600 καὶ
1662 546 1838 616 ὥσπερ

1955 554 2059 609 tes,
2091 553 2322 599 mortem
2354 544 2682 599 imbecillam
2714 555 2764 600 et
2795 546 2949 617 quasi
2977 555 3243 601 mortuam
3278 548 3522 605 reddent.

243 631 445 702 νεκρὸν
467 633 892 703 καταστήσουσι.
943 634 1082 687 Ἀλλ’
1104 636 1254 705 ὁμῶς
1278 637 1305 688 6
1337 636 1715 708 φιλάνθρωπος
1734 638 1845 690 τῶν

244 720 564 793 ἀνθρώπων
605 723 819 793 Σωτὴρ,
854 724 1160 795 ῥυσάμενος
1205 725 1299 778 τοῦ
1346 725 1575 779 Θανάτου
1610 726 1709 789 τὰς
1736 726 1845 779 τῶν

245 812 565 884 ἀνθρώπων
616 812 817 881 ψυχὰς,
862 814 962 883 τῆς
998 831 1059 866 τε
1100 814 1361 867 πολυθέου
1396 817 1490 869 καὶ
1527 816 1844 887 δαιμονικῆς

245 906 472 973 πλάνης
513 903 909 976 ἐλευθερώσας,
946 906 1132 974 ἀφεῖλε
1168 908 1274 959 πᾶν
1304 906 1537 979 δάκρυον
1575 890 1684 961 ἀπὸ
1710 925 1844 961 παν-

243 995 340 1060 τὸς
398 996 716 1068 προσώπου.
784 996 1028 1060 Ὀνειδος
1077 997 1134 1051 δὲ
1190 992 1259 1069 ἦν
1311 999 1405 1052 τοῦ
1466 998 1593 1052 λαοῦ
1644 999 1737 1052 τοῦ
1785 1000 1845 1067 ἐξ

240 1090 425 1144 ὲονῶν
487 1092 521 1159 ἡ
578 1091 904 1162 κρατήσασα
955 1090 1136 1143 αὑτῶν
1195 1091 1652 1163 είδωλολατρεία’
1710 1094 1844 1164 ὅπερ

240 1180 457 1242 ὄνειδος
490 1181 712 1249 ἀφεῖλεν
760 1181 788 1231 6
820 1180 953 1242 Θεὸς
974 1222 985 1235 .
1025 1182 1119 1233 καὶ
1166 1181 1227 1234 τὸ
1265 1182 1357 1234 ἐπὶ
1382 1181 1559 1253 τούτῳ
1588 1183 1842 1253 δάκρυον,

244 1273 364 1325 τῶν
394 1271 486 1325 διά
508 1273 608 1343 τὴν
635 1271 1046 1343 φιλανθρωπίαν
1078 1273 1177 1344 τὴν
1206 1274 1314 1327 τῶν
1352 1276 1621 1329 τοσούτων
1658 1276 1845 1347 ψυχῶν

245 1362 709 1432 ἀποκλαιομένων
737 1361 1031 1415 ἀπώλειαν.
1071 1362 1309 1425 Ὀνειδος
1334 1363 1442 1434 γὰρ
1470 1359 1537 1434 ἦν
1562 1365 1621 1416 οὑ
1652 1365 1845 1436 μικρὸν

242 1459 365 1518 τοῖς
397 1455 521 1507 κατ’
576 1454 760 1507 εἰκόνα
812 1452 907 1507 τοῦ
960 1454 1095 1507 Θεοῦ
1130 1457 1521 1526 πεποιημένοις
1571 1456 1632 1508 τὸ
1683 1458 1847 1509 ἐκπε-

247 1549 367 1599 σεῖν
413 1548 514 1616 τῆς
567 1545 790 1598 αἰωνίου
840 1547 983 1616 ζωῆς
1039 1548 1132 1599 καὶ
1186 1546 1403 1617 θανάτῳ
1450 1547 1842 1617 ὑποϐληθῆναι.

255 1638 401 1691 Ἀλλ’
456 1636 759 1709 ἀρθήσεται
810 1637 871 1689 τὸ
920 1637 1139 1703 ὄνειδος,
1180 1636 1273 1690 τοῦ
1308 1638 1404 1708 μὲν
1440 1639 1667 1691 θανάτου
1712 1656 1847 1690 κατι

242 1729 586 1801 αργηθέντος
656 1730 750 1781 καὶ
788 1728 885 1781 τοῦ
929 1729 1151 1793 σκότους
1197 1730 1621 1798 ἀφανισθέντος·
1658 1730 1757 1798 τῆς
1793 1729 1849 1781 δὲ

256 1821 355 1876 τοῦ
394 1822 637 1895 Χριστοῦ
688 1822 962 1893 βασιλείας
1012 1823 1213 1892 αἰωνίῳ
1258 1824 1370 1893 ζωῇ
1411 1823 1845 1893 διαλαμπούσης,

248 1914 657 1969 ἀπολαύσουσιν
686 1916 735 1967 οἱ
765 1914 822 1981 ἐξ
850 1914 1107 1968 ἀπάντων
1125 1914 1234 1967 τῶν
1258 1915 1425 1968 ἐθνῶν
1454 1915 1567 1967 τῶν
1588 1916 1687 1985 μὲν
1712 1932 1844 1984 προ-

244 2008 428 2080 τέρων
479 2007 918 2077 ἠλευθερωμένοι
979 2007 1187 2072 κακῶν,
1226 2006 1336 2060 τῶν
1392 2008 1448 2061 δὲ
1501 2008 1842 2078 ἐπαγγελιῶν

243 2096 382 2151 Θεοῦ
418 2095 976 2168 καταξιωθῆσόμενοι.

318 2206 337 2239 ι
371 2188 486 2240 Καὶ
516 2184 699 2258 ἐροῦσι
731 2189 797 2257 τῇ
827 2187 1009 2258 ἡμέρα
1039 2187 1223 2260 ἐκείνῃ
1242 2206 1255 2218 ·
1297 2188 1425 2241 Ἰδοὺ
1474 2189 1503 2240 6
1528 2188 1658 2253 Θεὸς
1688 2188 1843 2261 ἡμῶν

246 2280 332 2350 ἐφ’
365 2273 788 2350 ᾧ.ἠλπίζομεν,
840 2282 932 2334 καὶ
980 2280 1141 2335 σώσει
1191 2285 1361 2354 ἡμᾶς.
1405 2279 1571 2346 Οὗτος
1618 2284 1841 2354 Κύριος,

246 2372 625 2444 ὑπεμείναμεν
659 2371 808 2443 αὑτῷ
844 2374 937 2426 καὶ
969 2373 1374 2445 ἡγαλλιώμεθα,
1410 2376 1504 2429 καλ⁵
1538 2376 1845 2449 εὐφρανθῆ-

244 2461 459 2532 σόμεθα
499 2462 592 2514 ἐπὶ
621 2464 688 2532 τῇ
723 2462 967 2533 σωτηρίᾳ
1009 2462 1188 2533 ἡμῶν.
1230 2464 1561 2518 Ἀνάπαυσιν
1605 2465 1765 2518 δώσει
1815 2469 1844 2519 ό

243 2554 376 2618 Θεὸς
410 2554 506 2607 ἐπὶ
542 2554 603 2607 τὸ
630 2554 754 2625 ὅρος
785 2554 961 2609 τοῦτο.
1002 2575 1019 2605 ι
1042 2556 1460 2621 Καταποθέντος
1492 2558 1586 2611 τοῦ
1609 2558 1841 2613 θανάτου

244 2648 389 2700 κατά
423 2646 516 2699 τὸν
538 2647 641 2716 τῆς
672 2647 1019 2712 ἀναστάσεως
1066 2650 1276 2719 καιρὸν,
1302 2650 1353 2701 οἱ
1386 2648 1479 2701 τοῦ
1503 2650 1624 2701 νέου
1652 2650 1845 2713 αἰῶνος

246 2740 355 2792 υἱοὶ
404 2743 472 2811 τῇ
516 2740 702 2811 ἡμέρα
728 2740 907 2812 ἐκείνῃ
953 2742 1365 2812 εὑχαριστήριον
1409 2742 1629 2812 ᾷσουσιν
1675 2742 1840 2811 ᾠδὴν,

248 2830 489 2903 ὁρῶντες
534 2832 593 2883 ἐν
634 2828 760 2901 δόξῃ
796 2832 886 2883 τὸν
930 2831 1139 2885 ἑαυτῶν
1170 2831 1416 2901 Σωτῆρα,
1463 2832 1556 2884 καὶ
1591 2830 1840 2901 ἐροῦσινο

251 2942 273 2974 ι
323 2922 459 2977 Ἰδοὺ
491 2920 520 2971 6
560 2921 693 2986 Θεὸς
720 2921 880 2993 ἡμῶν
929 2923 1014 2991 ἐφ’
1044 2916 1089 2989 ᾧ
1120 2921 1439 2992 ἠλπίζομεν.
1482 2942 1499 2972 ι
1538 2921 1713 2975 Πάλαι
1746 2922 1844 2992 μὲν

243 3015 353 3086 γὰρ
405 3015 571 3067 αὑτὸν
631 3016 690 3067 ὲν
744 3014 955 3066 ἐλπίσιν
1010 3014 1261 3085 εἴχομεν,
1325 3014 1669 3077 πιστεύοντες
1722 3016 1845 3077 ταῖς

246 3108 418 3169 θείαις
440 3108 574 3178 περὶ
600 3105 763 3159 αὑτοῦ
791 3105 1163 3169 διδασκαλίαις
1184 3122 1196 3135 ·
1226 3104 1321 3158 νῦν
1347 3104 1401 3156 δὲ
1427 3105 1521 3158 καὶ
1542 3104 1843 3174 ὀφθαλμοῖς

243 3200 463 3271 ὁρῶμεν
536 3198 728 3261 αὑτὸν,
771 3199 851 3252 διὸ
898 3197 1240 3268 ὑπεμένομεν
1295 3196 1458 3250 πάλαι
1508 3198 1575 3250 τὰ
1620 3196 1843 3251 ἐπιόντα

244 3293 374 3361 ἡμῖν
413 3290 656 3361 λυπηρά.
710 3291 823 3344 Καὶ
866 3292 917 3343 οἱ
953 3290 1052 3361 μὲν
1085 3288 1258 3342 ταῦτα
1292 3290 1537 3361 ἐροῦσιν·
1568 3291 1596 3343 6
1628 3289 1684 3342 δὲ
1714 3288 1839 3342 ἀνά-

246 3400 447 3437 πανσιν
475 3383 661 3446 αὐτοῖς
692 3381 853 3436 δώσει
877 3385 934 3435 ἐν
956 3381 1034 3453 τῷ
1062 3381 1408 3454 προλεχθέντι
1439 3382 1537 3453 τῆς
1562 3381 1836 3452 βασιλείας

247 3474 411 3531 αὑτοῦ
447 3473 591 3546 ὄρει.

318 3586 336 3617 ι
376 3568 491 3621 Καὶ
532 3565 1049 3638 καταπατηθήσεται
1110 3567 1144 3638 ἠ
1202 3565 1506 3629 Μωαϐῖτις,
1546 3565 1607 3619 ὃν
1635 3566 1835 3637 τρόπον

243 3660 508 3714 πατοῦσιν
539 3659 718 3712 ἅλωνα
752 3660 810 3712 ἐν
851 3659 1108 3729 ἁμάξαις.
1146 3660 1255 3712 Καὶ
1286 3660 1473 3730 ἀνήσει
1516 3659 1613 3722 τὰς
1646 3664 1835 3733 χεῖρας

242 3754 428 3817 αὑτοῦ,
451 3754 512 3805 ὃν
537 3754 735 3824 τρόπον
766 3754 857 3805 καὶ
876 3752 1038 3815 αὑτὸς
1064 3752 1395 3804 ἐταπείνωσε
1419 3750 1514 3803 τοῦ
1547 3751 1829 3805 ἀπολέσαι.

244 3846 351 3899 Καὶ
383 3842 716 3898 ταπεινώσει
759 3843 856 3913 τὴν
905 3840 1060 3913 ὑϐριν
1107 3840 1293 3904 αὑτοῦ,
1332 3842 1417 3909 ἐφ’
1448 3840 1483 3893 ἃ
1520 3841 1619 3903 τὰς
1647 3844 1835 3911 χεῖρας

242 3936 501 3999 ἐπέϐαλε,
543 3937 637 3987 καὶ
670 3935 729 3987 τὸ
764 3934 896 4003 ὕψος
932 3934 1030 4003 τῆς
1061 3932 1379 4001 καταφυγῆς
1414 3930 1503 3984 τοῦ
1532 3932 1709 4001 τοίχου
1739 3950 1835 3985 τα-

244 4030 501 4085 πεινώσει
520 4045 533 4059 ·
567 4028 660 4080 καὶ
686 4026 1053 4095 καταϐήσεται
1074 4024 1178 4087 ἕως
1204 4022 1296 4075 τοῦ
1326 4024 1573 4101 ἐδάφους.
1614 4044 1629 4073 ι
1667 4021 1834 4095 Οἶμαι

240 4122 293 4177 δὲ
351 4119 591 4175 ἐνταῦθα
644 4117 816 4172 Μωάϐ
865 4115 1121 4186 λέγεσθαι
1162 4114 1253 4167 τὸν
1302 4116 1533 4186 πονηρὸν
1578 4116 1831 4185 δαίμονα,

249 4216 345 4268 καὶ
408 4212 509 4284 τὴν
554 4210 936 4281 ἀντικειμένην
1001 4207 1252 4278 δύναμιν,
1290 4207 1389 4277 τὴν
1454 4208 1619 4260 παλαι
1681 4208 1837 4279 παρά

240 4310 350 4369 τρῖς
408 4304 730 4366 Μωαϐίταις
780 4302 854 4365 ὡς
900 4299 1019 4353 θεὸν
1066 4298 1415 4370 τιμωμένην·
1478 4299 1599 4368 ἦτις
1645 4300 1834 4371 ἐπειδὴ

246 4400 389 4469 μέγα
426 4397 665 4467 ἐφρόνει,
701 4390 1141 4464 κατεπαιρομένη
1175 4389 1269 4442 τοῦ
1310 4388 1445 4441 Θεοῦ
1481 4390 1711 4462 Ἰσραὴλ,
1739 4392 1837 4446 καὶ

240 4493 301 4546 τὸ
346 4484 437 4561 ὕφει
480 4489 680 4558 ἑαυτὴν
723 4486 873 4548 ἔθνος
918 4483 1289 4555 ἐπιτρίϐουσα,
1320 4480 1395 4544 ὡς
1429 4481 1522 4533 καὶ
1552 4483 1636 4534 ἐπ’
1667 4483 1831 4536 αὑτοῦ

242 4586 523 4647 Μωῡσέως
578 4581 802 4637 τοιαῦτα
861 4578 1151 4648 τολμῆσαι,
1208 4576 1283 4638 ὡς
1323 4573 1686 4644 ἐκπορνεῦσαι
1740 4572 1832 4626 τὸν
1864 4606 1909 4659 D

242 4678 371 4732 λαὸν
412 4676 508 4731 καὶ
545 4673 858 4743 τελεσθῆναι
890 4669 970 4739 τῷ
996 4665 1315 4735 Βεελφεγώρ
1335 4682 1347 4694 ⁸
1392 4665 1551 4718 τοῦτο
1575 4665 1635 4719 δὲ
1671 4661 1739 4735 ἦν
1772 4664 1832 4717 τὸ

243 4772 353 4824 τῶν
380 4764 689 4824 Μωαϐιτῶν
715 4762 958 4816 εἴδωλον·
984 4758 1174 4813 τούτου
1208 4758 1366 4829 χάριν
1400 4755 1467 4809 τὰ
1494 4755 1834 4825 προκείμενα

243 4863 317 4928 ὼς
348 4862 477 4933 περὶ
502 4857 685 4927 δεινῆς
711 4870 852 4917 τινος
880 4852 976 4906 καὶ
1005 4850 1273 4922 θεομάχου
1308 4848 1589 4911 δυνάμεως
1623 4862 1832 4918 προπε-

248 4959 532 5028 φήτευται.

734 5056 1131 5118 ΚΕΦᾹΛΔΙΟΝ
1184 5056 1335 5121 KG”.

320 5181 341 5214 ι
370 5162 451 5232 τῇ
482 5158 668 5230 ἡμέρᾳ
692 5154 877 5224 ἐκείνῃ
908 5151 1128 5223 ᾄσονται
1157 5147 1220 5200 τὸ
1239 5141 1393 5217 ᾆσμα
1419 5142 1575 5196 τοῦτο
1612 5141 1706 5193 ἐπὶ
1730 5141 1833 5211 γῆς

259 5254 424 5310 Ἰούδα
449 5253 719 5321 λέγοντες.
763 5265 782 5298 ι
836 5244 976 5300 Μεθ’
1009 5242 1097 5313 ἧν,
1130 5238 1225 5292 τοῦ
1257 5236 1505 5306 Σωτῆρος
1547 5232 1711 5303 ἡμῶν
1733 5232 1833 5301 τὴν

246 5346 410 5403 αὑτοῦ
450 5341 726 5415 βασιλείαν
748 5334 1112 5407 ἀπειληφότος
1150 5334 1208 5384 ὲν
1236 5328 1316 5399 τῷ
1351 5327 1660 5397 ἐπουρανίῳ
1692 5324 1831 5394 δρει,

242 5443 292 5494 0i
324 5440 436 5492 ⁶τῶν
471 5432 816 5504 ἐπαγγελιῶν
849 5430 989 5497 ἄξιοι
1015 5426 1237 5499 ᾂσονται
1266 5426 1322 5475 ὲν
1348 5424 1415 5492 τῇ
1439 5419 1625 5491 ἡμέρᾳ
1648 5417 1832 5487 ἐκείνῃ

241 5536 301 5588 τὺ
343 5529 669 5601 ὶπουράνιον
716 5522 868 5597 ᾆσμα
911 5523 973 5574 ὲν
1008 5521 1076 5590 τῇ
1122 5514 1430 5589 ἐπουρανίῳ
1475 5510 1834 5582 Ἰερουσαλὴμ

244 5628 544 5699 γενόμενοι,
578 5623 645 5693 ἢν
674 5618 768 5672 ἐπὶ
787 5616 880 5669 τοῦ
909 5612 1175 5685 παρόντος
1210 5607 1472 5664 Ἰουδαίαν
1490 5605 1771 5699 ὠνόμασεν
1802 5604 1832 5655 6

248 5695 420 5791 λόγος,
443 5712 753 5775 ἀκολούθως
776 5712 844 5781 τῇ
866 5706 1019 5779 χώρᾳ
1047 5704 1145 5774 τῆς
1168 5701 1409 5769 ἐπιγείου
1451 5695 1827 5791 Ἰερουσαλήμ.

251 5787 400 5867 Οὖτω
429 5809 538 5880 γὰρ
568 5803 703 5878 ὁμοῦ
744 5801 839 5855 καὶ
868 5801 980 5860 τοῖς
1024 5793 1395 5865 ἀκροωμένοις
1434 5790 1527 5845 τοῦ
1566 5787 1833 5880 Ἰουδαίων

250 5885 375 5957 λάθε
582 5876 845 5963 θυμηδίαν
867 5887 988 5943 τινὰ
1015 5887 1106 5941 καὶ
1135 5882 1446 5953 προτροπὴν
1488 5882 1567 5945 είς
1602 5877 1700 5945 τὴν
1722 5876 1826 5934 τῶι

1946 635 2198 690 Attamen
2248 636 2489 690 clemens
2534 635 2623 689 ille
2666 637 2944 699 hominum
2996 638 3287 707 Servator,
3322 645 3524 710 ereptis

1946 740 1974 778 a
2022 736 2194 781 morte
2243 738 2405 791 atque
2455 742 2483 779 a
2531 728 2909 795 superstitioso
2951 738 3006 783 et
3048 730 3311 786 diabolico
3342 735 3524 786 numi~

1947 834 2072 869 num
2123 832 2307 871 errore
2342 815 2591 870 liberatis
2629 816 2913 873 animabus
2945 819 3243 886 hominum,
3295 824 3523 878 abstulit

1946 922 2159 961 omnem
2216 907 2509 978 lactymam
2551 908 2619 961 ab
2658 909 2805 963 omni
2834 909 3002 964 vultu.
3034 911 3392 982 Opprobrium
3426 930 3524 967 an-

1948 1008 2054 1051 tem
2102 998 2281 1068 populi
2312 1012 2378 1051 ex
2424 998 2674 1068 gentibus
2704 1012 2821 1053 erat
2867 1001 3166 1057 idololatria
3203 1020 3372 1075 penes
3403 1007 3523 1063 illos

1944 1090 2196 1145 obtinens
2232 1109 2246 1145 :
2287 1092 2429 1162 quod
2463 1090 2815 1163 Opprobrium
2852 1105 2905 1148 et
2941 1094 3205 1166 lacrymas
3245 1100 3365 1155 inde
3398 1116 3525 1155 con-

1945 1192 2235 1252 sequentes
2271 1184 2495 1239 abstulit
2530 1186 2696 1252 Deus,
2738 1186 2801 1242 iis
2858 1187 2949 1256 qui
2980 1187 3051 1241 ob
3093 1190 3386 1246 humanum
3435 1192 3523 1247 af-

1946 1271 2146 1325 fectum
2196 1276 2500 1327 animarum
2553 1274 2861 1342 bujusmodi
2917 1277 3209 1345 perniciem
3247 1279 3520 1348 lugebant.

1950 1364 2092 1417 Sane
2144 1363 2495 1434 opprobrium
2551 1381 2656 1419 non
2711 1366 2980 1420 modicum
3031 1378 3149 1421 erat
3201 1368 3268 1424 iis
3313 1371 3403 1439 qui
3452 1374 3523 1427 ad

1950 1457 2237 1525 imaginem
2281 1456 2373 1510 Dei
2413 1457 2615 1510 conditi
2663 1468 2859 1522 erant,
2906 1458 3047 1527 quod
3088 1475 3117 1515 a
3168 1461 3274 1515 vita
3323 1470 3524 1518 (eterna

1951 1546 2263 1601 laberentur
2287 1563 2351 1602 ac
2381 1548 2539 1601 morti
2572 1550 2991 1618 subjicet'cntur.
3030 1550 3135 1605 Sed
3168 1553 3522 1622 opprobrium

1950 1640 2253 1703 auferetur,
2289 1641 2460 1695 deleta
2495 1652 2689 1705 morte,
2723 1642 3065 1711 tenebrisque
3095 1643 3340 1698 sublatis.
3370 1644 3526 1700 Chri-

1952 1733 2022 1786 sti
2054 1720 2236 1787 autem
2270 1749 2437 1804 l‘cgno
2465 1734 2516 1787 in
2549 1744 2752 1787 aeterna
2789 1734 2895 1787 vita
2928 1733 3186 1804 fulgente,
3218 1735 3309 1789 illo
3340 1735 3524 1791 fruen-

1954 1833 2041 1878 tur
2080 1826 2113 1878 ii
2150 1840 2217 1879 ex
2266 1825 2554 1893 gentibus,
2597 1825 2688 1894 qui
2738 1840 2767 1878 a
2817 1824 3058 1893 pristinis
3102 1826 3317 1895 quidem
3368 1828 3528 1885 malis

1877 1909 1915 1961 Β
1947 1916 2120 1985 erepti
2153 1924 2316 1980 sunt,
2354 1926 2409 1970 et
2444 1916 2534 1983 qui
2569 1916 2849 1985 promissis
2876 1916 2969 1971 Dei
3011 1917 3379 1975 donabuntur.

2018 2184 2187 2243 Vens.
2217 2188 2270 2251 9,
2303 2188 2392 2242 l0.
2431 2207 2448 2239 ι
2474 2189 2539 2243 Ει
2586 2187 2767 2243 dicent
2801 2189 2854 2242 in
2897 2188 2985 2243 illa
3034 2189 3159 2254 die,
3205 2186 3343 2247 Ecce
3383 2193 3523 2250 Deus

1948 2292 2151 2345 noster,
2188 2282 2242 2333 in
2287 2295 2393 2349 quo
2437 2280 2789 2350 sperabamus
2815 2323 2829 2347 ,
2873 2294 2925 2333 et
2975 2280 3206 2336 salvabit
3247 2299 3367 2337 nos.
3417 2284 3522 2343 Iste

1948 2369 2236 2433 Dominus,
2264 2369 2623 2424 sustinuimus
2652 2386 2797 2432 eum,
2831 2379 2885 2424 et
2910 2370 3315 2427 exsultabamus
3344 2385 3398 2427 et
3429 2375 3511 2429 ίίει

1948 2464 2185 2518 labimur
2214 2465 2267 2518 in
2300 2464 2477 2519 salute
2522 2474 2730 2519 nostra.
2786 2462 3044 2531 Requiem
3080 2464 3230 2519 dabit
3262 2463 3401 2521 Deus
3430 2484 3508 2522 su-

1946 2570 2044 2624 per
2075 2564 2309 2608 montem
2340 2554 2501 2608 hunc.
2535 2573 2555 2605 ι
2602 2555 2870 2623 Absorpta
2902 2558 3523 2613 morte.resurrectionia

1948 2658 2225 2719 tempore,
2284 2646 2408 2701 novi
2471 2647 2654 2702 sa-culi
2708 2647 2801 2700 lilii
2852 2648 2903 2702 in
2950 2648 3038 2701 illa
3093 2649 3182 2703 die
3227 2651 3524 2719 gratiarum

1946 2740 2176 2792 actionis
2215 2739 2491 2791 canticum
2523 2749 2741 2799 canent,
2775 2739 3021 2792 videntes
3049 2738 3101 2792 in
3127 2739 3301 2808 gloria
3329 2741 3514 2795 Serva-

1950 2837 2118 2881 torem
2151 2842 2307 2881 suum
2328 2868 2343 2892 ,
2375 2837 2429 2882 et
2466 2828 2668 2891 dicent,
2709 2847 2726 2877 ι
2758 2825 2895 2882 Ecce
2921 2827 3064 2882 Deus
3102 2840 3307 2894 noster,
3332 2831 3385 2885 in
3414 2847 3524 2901 quo

1945 2920 2316 2989 sperabamus.
2342 2939 2360 2971 ι
2395 2919 2537 2975 Olim
2566 2933 2801 2987 namque
2843 2920 3016 2988 ipsum
3061 2921 3114 2975 in
3149 2936 3243 2991 spe
3278 2922 3486 2979 habeba

1947 3028 2094 3077 mus,
2131 3012 2391 3067 doctrina:
2420 3012 2595 3081 ipsum
2630 3012 2973 3066 annuntianti
3004 3012 3163 3067 fidem
3216 3015 3521 3082 habentes;

1939 3102 2050 3173 jam
2078 3118 2209 3158 vero
2255 3102 2386 3172 ipsis
2416 3101 2590 3157 oculis
2620 3102 2866 3157 videmus
2900 3118 3043 3170 eum,
3071 3119 3240 3174 quare
3278 3106 3389 3177 jam
3429 3108 3520 3161 diu

1946 3195 2348 3250 sustinebamus
2393 3193 2696 3263 ingruentia
2750 3193 2907 3248 nobis
2953 3194 3112 3249 mala.
3170 3198 3237 3251 Et
3284 3197 3360 3252 illi
3393 3200 3519 3268 qui-

1868 3263 1911 3321 ο
1944 3288 2067 3341 dem
2106 3286 2219 3340 haec
2248 3285 2445 3340 dicturi
2476 3293 2643 3350 sunt;
2692 3284 2781 3340 ille
2813 3300 2942 3340 vero
2990 3287 3227 3358 requiem
3263 3289 3395 3360 ipsis
3411 3263 3520 3344 ’ἀθ-

1942 3380 2020 3435 bit
2048 3380 2103 3433 in
2138 3386 2438 3432 memorato
2474 3377 2621 3445 regni
2655 3374 2739 3431 sui
2782 3388 2985 3433 monte.

2011 3561 2177 3617 Vsus.
2213 3562 2301 3625 ll,
2337 3560 2423 3614 12.
2461 3579 2479 3611 ι
2508 3560 2574 3613 Ει
2616 3558 3022 3614 conculc‘abitur
3051 3554 3335 3626 Moabitis,
3380 3577 3516 3632 quo-

1938 3659 2101 3712 modo
2137 3655 2348 3709 calcant
2391 3668 2575 3707 aream
2628 3652 2903 3721 plaustris.
2948 3653 3012 3708 Et
3053 3655 3294 3709 remittet
3323 3671 3519 3709 manus

1937 3765 2089 3813 suas,
2136 3749 2276 3802 sicut
2308 3754 2363 3798 et
2398 3746 2509 3814 ipse
2552 3744 2881 3810 liumiliavit,
2924 3756 2981 3800 ut
3016 3746 3282 3815 perderet.
3330 3729 3396 3801 Et
3422 3748 3516 3801 de-

1938 3842 2134 3909 primet
2164 3836 2417 3908 injuri-am
2454 3836 2590 3905 ejus,
2631 3836 2684 3888 in
2716 3852 2837 3905 qua:
2870 3851 3063 3891 manus
3106 3836 3311 3907 injecit,
3347 3845 3401 3891 et
3430 3837 3515 3892 ala

1939 3934 2221 3988 titudincm
2274 3930 2465 3999 refugii
2522 3931 2661 3985 muri
2709 3931 3069 3987 humiliabit:
3114 3941 3167 3985 et
3216 3932 3515 3988 descendet

1937 4043 2111 4098 usque
2142 4028 2208 4081 ad
2251 4025 2641 4096 pavimentum.
2671 4042 2691 4077 ι
2726 4024 2975 4078 Arbitror
3022 4023 3110 4078 hic
3142 4019 3298 4078 Moab
3334 4020 3518 4079 vocari

1937 4119 2233 4186 malignum
2300 4117 2638 4180 daemonem,
2706 4124 2760 4168 et
2816 4113 3183 4167 adversariam
3232 4113 3517 4173 virtutem,

1937 4227 2058 4281 qua:
2101 4210 2228 4264 olim
2264 4209 2403 4277 apud
2436 4206 2707 4261 Moabitas
2760 4215 2818 4259 ut
2850 4205 2985 4259 deus
3035 4204 3341 4271 colebatur;
3395 4219 3516 4274 qua:

1937 4303 2063 4372 quia
2110 4301 2277 4356 altum
2329 4298 2617 4366 sapiebat,
2663 4309 2850 4352 contra
2895 4296 3061 4350 Deum
3112 4294 3277 4369 Israel
3323 4310 3513 4365 super-

1936 4396 2140 4458 biens,
2195 4393 2407 4463 sibique
2462 4389 2736 4445 subditam
2786 4397 3000 4461 gentem
3056 4386 3408 4456 depravans,
3458 4399 3521 4441 ut

1936 4490 2101 4541 etiam
2141 4497 2381 4552 tempore
2414 4484 2613 4555 Moysis
2667 4480 2791 4535 talia
2843 4479 3101 4547 auderet,
3148 4494 3211 4534 ac
3258 4479 3515 4549 populum

1937 4582 2003 4635 ad
2050 4579 2496 4640 fornicationem,
2555 4584 2609 4630 et
2660 4574 2725 4627 ad
2774 4572 3130 4626 initiationem
3185 4570 3518 4641 Beelphegor

1938 4672 2417 4736 deduceret;erat
2464 4676 2645 4722 autem
2696 4664 2824 4719 illud
2872 4664 3226 4719 Moabit‘arum
3279 4662 3515 4722 idolum;

1934 4764 2141 4818 idcirco
2191 4761 2306 4815 haec
2345 4775 2463 4829 qurc
2498 4756 2612 4827 jam
2651 4767 2948 4811 tractamus
2975 4795 2992 4820 ,
3040 4754 3193 4823 quasi
3246 4755 3311 4808 de
3361 4753 3517 4824 gravi

1932 4855 2167 4927 quadam
2200 4862 2255 4907 et
2287 4851 2395 4905 Deo
2426 4851 2647 4905 inimica
2683 4850 2882 4905 virtute
2917 4849 3375 4919 prmnuntiantur.

2494 5028 2722 5086 CAPUT
2761 5025 2955 5083 XXVI.

2010 5132 2175 5185 \‘nas.
2213 5131 2239 5185 ι
2302 5150 2321 5182 ι
2356 5128 2412 5183 ιιι
2442 5127 2530 5181 illa
2570 5125 2659 5178 die
2696 5122 2994 5176 cantabunt
3031 5117 3299 5172 canticum
3328 5113 3512 5169 hocin

1938 5238 2081 5279 terra
2109 5222 2269 5288 Juda,
2308 5222 2577 5277 dicentes.
2608 5236 2628 5270 ι
2680 5215 2809 5271 Post
2854 5228 3016 5284 quam
3060 5210 3229 5277 diem,
3270 5208 3360 5263 ubi
3393 5205 3513 5263 Sal-

1934 5325 2089 5371 vator
2134 5323 2320 5369 noster
2358 5312 2410 5367 in
2445 5309 2651 5366 cwlesti
2696 5316 2878 5361 monte
2914 5316 3138 5372 regnum
3169 5314 3324 5355 suum
3358 5313 3517 5352 acce-

1935 5408 2096 5477 perit,
2129 5406 2221 5474 qui
2252 5402 2536 5474 promissis
2579 5398 2725 5468 digni
2760 5406 2945 5457 erunt,
2976 5403 3107 5447 tunc
3135 5390 3356 5446 cmleste
3385 5404 3516 5444 can-

1937 5502 2106 5555 ticum
2158 5498 2444 5562 emittent,
2500 5494 2553 5548 in
2605 5488 2810 5547 caelesti
2865 5480 3162 5541 Jerusalem
3211 5483 3514 5545 constituti,

1937 5609 2097 5667 quam
2138 5592 2194 5646 in
2227 5588 2481 5661 praesenti
2510 5585 2749 5640 Judreatn
2789 5594 2967 5635 sermo
2997 5584 3291 5647 nuncupat,
3326 5574 3512 5667 habita

1937 5666 2172 5756 regionis
2199 5683 2251 5739 in
2280 5697 2387 5751 qua
2423 5690 2635 5734 terrena
2672 5670 2974 5728 Jerusalem
3004 5670 3107 5725 sita
3143 5680 3249 5731 est,
3279 5666 3511 5726 ratione.

1934 5782 2015 5837 Ita
2044 5780 2190 5836 enim
2242 5789 2297 5832 et
2324 5758 2525 5829 Judfeis
2567 5767 2658 5839 qui
2714 5763 3030 5829 audiebant,
3081 5760 3418 5816 alacritatem
3460 5766 3516 5810 et

1940 5873 2350 5929 incitamentum
2388 5865 2453 5923 ad
2506 5876 2686 5922 rerum
2739 5856 3325 5929 propositarum_spetn
3372 5847 3504 5912 indi»
