3984 6502
464 423 560 477 971

1140 423 1407 478 ElISEBll
1447 423 1925 482 cxssaamxsxs
1959 402 2113 479 'orr.
2156 424 2340 479 mas
2376 424 2462 479 ut.
2506 409 2569 465 4—
2613 425 3024 484 meamea.

3611 435 3725 487 273

465 542 581 604 dit;
625 553 786 612 atque
813 544 974 598 simul
1008 557 1194 599 veram
1222 544 1460 600 Judmam
1497 546 1812 610 declaravit,
1843 562 2012 618 nemp.

2138 548 2514 618 προκειμένων
2543 548 2732 602 ἐλπίδα
2764 551 3023 620 παρεῖχεν
3048 566 3064 581 ο
3105 550 3238 619 ὁμοῦ
3266 550 3359 604 καὶ
3404 551 3504 622 τήν
3534 551 3725 624 ἀληθιο

464 635 695 691 εωῖεειίε
721 635 1104 707 Hierosolyma:
1130 639 1425 707 regionem,
1464 639 1735 705 ingentem
1769 640 1885 708 ejus
1916 641 2033 696 lati-

462 721 700 783 tudinem
755 728 858 785 hoc
909 739 1068 799 pacto
1118 730 1460 799 signiﬁcans;
1515 743 1571 786 ut
1621 733 1771 790 locus
1816 736 2033 805 quidem

392 888 396 892 γ
462 819 644 874 «Ιιιάτειι
690 834 813 875 esse
863 819 1285 889 intelligeretur,
1321 822 1569 891 religiosa
1601 832 1779 877 autem
1806 839 2034 879 convcr-

461 911 619 975 satio,
675 926 836 981 quam
896 912 1091 966 ibidem
1144 922 1360 966 servant
1408 913 1572 967 divini
1632 924 1687 968 et
1738 916 2030 987 evangelici

428 1001 718 1075 jspiritus.
753 1017 851 1073 pro
899 1002 991 1056 Dei
1031 1003 1245 1058 civitate
1290 1003 1600 1058 haberetur.
1656 1005 1774 1073 Quo
1820 1006 1871 1059 in
1917 1006 2033 1060 loco

430 1086 733 1169 :ronstiluli
801 1093 834 1146 ii
888 1093 980 1162 qui
1034 1092 1084 1147 in
1138 1093 1418 1161 prophetia
1464 1094 1811 1160 indicantur,
1849 1095 2033 1150 subse-

425 1174 629 1248 -'quens
657 1182 925 1233 canticum
964 1182 1016 1233 in
1048 1181 1135 1236 die
1164 1180 1251 1234 illa
1284 1183 1597 1237 cantabunt.

534 1290 554 1322 ι
582 1271 724 1325 Ecce
762 1272 959 1325 civitas
1002 1273 1233 1341 munita,
1284 1284 1338 1329 et
1383 1274 1621 1330 salutare
1671 1275 1822 1331 nobis
1868 1288 2032 1347 ponet

2138 637 2234 707 νὴν
2274 637 2582 708 παρέστησε
2632 638 2909 703 Ἰουδαίαν,
2955 638 3052 710 τῆς
3090 641 3414 709 ἐπουρανίου
3448 642 3724 713 Ἰερουσα-

2135 726 2247 797 λὴμ
2264 725 2360 797 τὴν
2384 728 2585 798 χώραν,
2612 729 2705 781 καὶ
2738 726 2799 780 τδ
2831 727 2974 798 μέγα
3002 728 3204 792 πλάτος
3239 722 3343 783 ὧδέ
3377 746 3479 783 που
3516 732 3723 801 σημαί-

2134 835 2269 872 νων·
2305 819 2369 871 ἵν’
2411 820 2439 870 6
2488 819 2585 887 μὲν
2614 818 2778 882 τόπος
2808 819 2996 889 νοῆται
3034 819 3284 883 Ἰουδαία,
3317 820 3378 873 τὸ
3410 820 3466 873 δὲ
3494 823 3551 875 ἐν
3580 821 3721 893 αὐτῇ

2135 907 2384 970 θεοσεϐὲς
2434 906 2735 977 πολίτευμα
2806 908 2913 961 τῶν
2966 906 3126 960 θείων
3191 908 3286 961 καὶ
3346 907 3721 976 εὐαγγελικῶν

2134 1000 2459 1069 πνευμάτων
2494 1000 2525 1070 ὴ
2565 998 2659 1052 τοῦ
2693 998 2828 1051 Θεοῦ
2872 998 3052 1063 πόλις·
3087 997 3214 1053 ἔνθα
3243 999 3524 1069 γενόμενοι
3556 1000 3606 1052 oi
3630 999 3722 1054 διὰ

2132 1090 2234 1160 τῆς
2268 1091 2601 1162 προφητείας
2627 1090 2945 1162 δηλούμενοι
2979 1093 3044 1161 τῇ
3070 1092 3255 1161 ἡμέρα
3282 1091 3465 1162 ἐκείνῃ
3492 1090 3721 1162 ᾀσονται

2131 1182 2193 1234 τὸ
2222 1177 2376 1253 ᾇσμα
2401 1182 2460 1235 τὸ
2490 1182 2893 1253 ἐπιλεγόμενον.

2209 1291 2228 1324 ι
2275 1272 2402 1326 Ἰδοὺ
2442 1271 2593 1333 πόλις
2616 1271 2804 1342 ὀχυρὰ,
2841 1271 2933 1324 καὶ
2968 1272 3235 1341 σωτήριον
3276 1271 3406 1341 ἡμῖν
3433 1270 3588 1340 θήσει
3614 1273 3721 1324 τετυ

456 1372 671 1409 murum
698 1365 751 1408 et
772 1358 1214 1414 circummurale.
1245 1380 1265 1413 ι
1298 1360 1579 1431 Siquidem
1615 1363 1830 1419 inﬁrma
1864 1366 1949 1419 illa
1978 1384 2007 1421 e

2133 1381 2227 1435 χος
2268 1365 2361 1417 καὶ
2385 1364 2702 1434 περίτειχος.
2734 1381 2752 1413 ι
2792 1363 2866 1417 Ού
2893 1363 3000 1433 γὰρ
3038 1359 3105 1433 ἦν
3131 1364 3164 1433 ή
3196 1362 3345 1415 κάτω
3374 1364 3467 1416 καὶ
3494 1363 3587 1416 ἐπὶ
3612 1362 3720 1434 γῆς

454 1457 671 1503 terrena
702 1449 916 1515 civitas,
954 1451 1157 1505 munita
1189 1466 1246 1507 et
1294 1453 1449 1507 iirma
1508 1470 1612 1509 non
1656 1469 1793 1519 erat,
1848 1467 2012 1527 utpott

2135 1457 2288 1520 πόλις
2336 1456 2529 1528 ὀχυρὰ,
2571 1456 2830 1520 πολλάκις
2869 1456 2974 1508 ὑπὸ
3016 1455 3124 1508 τῶν
3182 1455 3450 1526 πολεμίων
3488 1455 3717 1519 ἁλοῦσα,

448 1551 573 1603 qum
600 1537 916 1607 plerumque
953 1539 1020 1593 ab
1053 1539 1291 1595 inimicis
1323 1550 1484 1611 capta
1532 1543 1734 1609 fuerit;
1783 1545 1898 1599 lucc
1938 1562 2003 1599 an

2132 1550 2270 1619 αῦτη
2304 1548 2360 1601 δὲ
2392 1547 2605 1617 άληθῶς
2626 1547 2797 1619 ὀχυρὰ
2825 1546 2919 1600 τοῦ
2950 1547 3083 1600 Θεοῦ
3120 1548 3379 1617 τυγχάνει
3409 1547 3582 1612 πόλις,
3621 1547 3718 1602 καὶ

450 1639 561 1681 tem
588 1643 713 1683 vere
749 1629 939 1684 civitas
970 1630 1063 1685 Dei
1095 1630 1304 1687 munita
1332 1642 1434 1696 est,
1463 1642 1515 1686 et
1547 1634 1648 1687 hoc
1672 1645 1753 1688 est
1793 1636 2012 1690 salutart

2132 1639 2273 1694 τοῦτ’
2301 1638 2496 1691 ἔστιτὸ
2524 1640 2789 1709 σωτήριον
2820 1637 2995 1709 ἡμῶν.
3020 1637 3177 1692 Κατὰ
3198 1639 3253 1691 δέ
3282 1638 3373 1692 τὸν
3395 1637 3714 1709 Σύμμαχον,

453 1730 744 1789 nostrum;
784 1723 1077 1776 secundum
1107 1723 1493 1795 Symmachum
1534 1735 1737 1793 autem,
1789 1747 1807 1779 ι
1841 1728 2012 1783 ῡίρειι

2140 1750 2157 1783 ι
2197 1730 2411 1801 Ἐροῦσι
2445 1730 2501 1782 δὲ
2535 1729 2751 1800 ᾅδοντες
2796 1730 2857 1782 τὸ
2899 1725 3071 1801 ᾆσμα,
3117 1729 3271 1783 πόλιν
3328 1730 3551 1800 ἰσχυραν
3603 1728 3716 1799 εχσ-

455 1822 711 1866 caneutes
749 1814 1039 1879 canticum,
1071 1814 1347 1869 civitatem
1375 1813 1570 1870 fortem
1602 1816 1897 1885 habemus;
1927 1838 1944 1869 ι
1975 1833 2012 1872 et

2136 1840 2235 1893 μεν
2260 1840 2271 1851 ο
2317 1841 2333 1870 ι
2364 1819 2504 1873 κατὰ
2529 1820 2586 1873 δὲ
2614 1821 2704 1874 τὸν
2734 1821 3027 1891 Σύμμαχον
3053 1820 3194 1891 (sit),
3231 1839 3249 1870 ι
3278 1819 3437 1883 Πόλις
3456 1820 3713 1893 κράτους,

448 1904 747 1959 secundum
778 1906 1027 1960 eumdem
1072 1906 1483 1973 Symmachum,
1519 1927 1540 1961 ι
1571 1910 1760 1964 civitas
1792 1911 2012 1981 imperii1

2128 1891 2259 1986 ἡμῖν
2289 1914 2626 1983 σωτήριον.’»
2649 1914 2711 1965 Ἦ
2738 1912 3069 1985 δὲἘὸραῑκὴ
3101 1912 3244 1979 λέξις
3273 1913 3393 1965 ἀντὶ
3419 1891 3534 1979 τοῦ,
3566 1931 3584 1964 ι
3612 1929 3712 1968 σω-

448 1996 605 2050 nobis
647 1996 925 2063 salutare;
957 2015 976 2049 ι
1036 1996 1297 2053 llebraica
1368 2016 1498 2055 vero
1549 2000 1709 2055 lectio
1756 2017 1853 2070 pro
1912 2004 2024 2069 illo,

453 2107 473 2139 ι
512 2088 783 2153 salutare,
813 2109 831 2141 ι
869 2104 1066 2143 nomen
1100 2088 1226 2144 Jesu
1270 2093 1485 2160 proprie
1522 2103 1575 2146 ct
1615 2092 1761 2147 clare
1789 2095 2030 2149 circum-

448 2179 553 2233 fert
585 2199 598 2235 :
630 2180 914 2250 ipsissimis
955 2181 1151 2251 quippe
1196 2183 1391 2238 litteris
1417 2183 1666 2238 Salvator
1708 2196 1894 2240 noster
1927 2184 2030 2241 He-

447 2272 633 2326 braice
665 2274 942 2328 scribitur.
994 2271 1113 2342 Ipse
1148 2274 1330 2343 itaque
1364 2273 1619 2329 Salvator
1648 2287 1855 2338 noster,
1898 2276 2027 2330 bea-

449 2374 628 2417 torum
674 2363 866 2419 civitas
923 2375 1044 2430 est;
1107 2367 1220 2434 ipse
1266 2384 1451 2422 murus
1518 2383 1705 2423 eorum
1768 2380 1821 2422 et
1871 2379 2024 2423 ante-

452 2456 675 2511 nturale.
1470 2468 1473 2471 ’

520 2548 768 2603 V'sns.2.
824 2550 1083 2616 «Aperite
1130 2560 1349 2619 portas,
1412 2552 1743 2624 ingrediattIr
1798 2555 2023 2625 populus

448 2642 764 2695 cttstodiens
816 2643 1167 2696 veritatem.»
1218 2643 1442 2697 Nemine
1488 2646 1685 2713 quippe
1719 2645 1831 2712 jam
1875 2648 2021 2702 obsi-

445 2745 647 2800 chlc,
683 2735 837 2789 obice
868 2750 930 2788 ac
962 2736 1353 2804 impedimento
1379 2753 1550 2792 vacua
1586 2737 1861 2807 liberaque
1892 2739 2021 2808 ipsis

444 2828 528 2879 via
562 2826 683 2881 fuit.
720 2825 887 2894 Cujus
914 2826 989 2881 rei
1029 2841 1192 2881 causa
1224 2837 1307 2880 est
1336 2826 1544 2897 justum
1572 2828 1665 2883 Dei
1694 2826 1981 2897 judicium.

513 3012 677 3067 VERS.
709 3012 830 3066 5—5.
872 3011 1271 3068 (Patrocinans
1320 3014 1553 3079 veritati,
1605 3024 1657 3067 et
1709 3016 2019 3071 custodiens

439 3120 649 3173 pacem,
683 3103 806 3173 quia
858 3103 996 3157 inte
1045 3105 1407 3172 speravimus,
1459 3104 1699 3170 Domine,
1754 3121 1922 3173 usque
1966 3107 2017 3159 in

2127 2004 2334 2073 τήριον,
2385 2020 2402 2052 ι
2441 2002 2534 2054 καὶ
2564 2001 2685 2054 ἀντὶ
2723 2001 2837 2062 τοῦ,
2876 2021 2894 2052 ι
2924 2001 3215 2073 σωτηρίου,
3252 2020 3272 2054 ι
3306 2002 3366 2056 τὸ
3394 2002 3562 2073 ὄνομα
3584 2002 3711 2056 λευο

2128 2093 2239 2157 κῶς
2264 2093 2357 2146 τοῦ
2398 2092 2571 2165 Ἰησοῦ
2606 2092 2748 2146 οὕτω
2788 2093 3060 2164 περιέχειο
3106 2095 3289 2158 αὐτοῖς
3317 2093 3427 2167 γὰρ
3450 2096 3712 2167 γράμμαθ-

2129 2203 2213 2238 σιν
2245 2189 2273 2240 6
2304 2186 2493 2258 Σωτὴρ
2532 2185 2688 2257 ήμῶν
2732 2186 3038 2257 Ἐὄραῖκῶς
3067 2188 3355 2259 γράφεται.
3417 2188 3585 2251 Αὐτὸς
3613 2183 3711 2243 οὖν

2125 2277 2154 2329 ὁ
2186 2275 2375 2347 Σωτὴρ
2412 2275 2567 2345 ἡμῶν
2610 2275 2719 2328 τῶν
2748 2276 3033 2349 μακαρίων
3072 2276 3244 2340 πόλις,
3288 2276 3449 2341 αὐτὸς
3480 2280 3575 2331 καὶ
3599 2279 3710 2331 τεῖ-

2126 2385 2219 2438 χος
2245 2367 2422 2419 αὐτῶν
2453 2367 2546 2419 καὶ⁴
2573 2367 2906 2438 περίτειχος.

2199 2562 2215 2593 ι
2264 2543 2534 2608 Ἄνοὶξατε
2585 2546 2780 2611 πύλας,
2822 2547 3107 2601 εἰσελθέτω
3153 2548 3280 2614 λαὸς
3321 2550 3611 2619 φυλάσσων
3636 2550 3689 2605 δι

2123 2636 2437 2705 καιοσύνην,
2487 2640 2581 2691 καὶ
2631 2640 2917 2708 φυλάσσων
2954 2640 3230 2713 ἀλήθειαν.
3273 2663 3291 2695 ι
3342 2645 3557 2713 Μηκέτι
3596 2646 3707 2719 γὰρ

2126 2730 2349 2801 μηδενὸς
2410 2730 2560 2794 δντος
2626 2731 2896 2801 ἐμποδὼν,
2956 2732 3231 2798 ἀκώλυτος
3281 2736 3369 2788 καὶ
3421 2738 3683 2808 άπαραπό

2120 2822 2298 2885 διστος
2322 2824 2417 2876 καὶ
2444 2823 2626 2877 εὐθεῖα
2655 2828 2687 2895 ή
2713 2825 2829 2887 ὁδὸς
2856 2825 3036 2889 αὐτοῖς
3065 2826 3274 2895 γέγονε.
3300 2828 3521 2893 Τούτοις
3548 2828 3604 2883 δέ
3629 2830 3695 2883 αἰ

2122 2930 2233 2965 τιον
2263 2916 2295 2984 ή
2324 2913 2691 2983 δικαιοκρισία
2720 2914 2813 2967 τοῦ
2841 2914 2997 2967 Θεοῦ.

2197 3024 2213 3055 ι
2258 3003 2812 3075 ’Λντιλαμϐανόμενος
2836 3004 3092 3076 ἀληθείας
3125 3008 3220 3059 καὶ
3246 3008 3533 3077 φυλάσσων
3552 3014 3693 3085 είρήο

2118 3115 2237 3167 νην,
2284 3100 2365 3151 ὅτι
2399 3098 2491 3151 ἐπὶ
2518 3098 2600 3150 σοὶ
2630 3098 2956 3169 ἠλπίσαμεν,
2984 3099 3176 3169 Κύριε,
3213 3100 3315 3166 ἕως
3351 3102 3443 3154 τοῦ
3484 3104 3701 3169 αἰῶνος.

440 3197 717 3251 sarcuium.
774 3197 917 3251 Deus
964 3213 1223 3267 magnus,
1273 3206 1546 3262 mternus,
1585 3200 1675 3267 qui
1731 3211 2012 3269 postquam

2131 3190 2188 3243 Ὀ
2207 3189 2338 3253 Θεὸς
2359 3191 2388 3243 6
2413 3188 2603 3260 μέγας,
2617 3190 2645 3242 6
2662 3188 2893 3252 αἰώνιος,
2911 3189 2991 3255 δς,
3012 3190 3368 3255 ταπεινώσας,
3394 3194 3701 3265 κατήγαγες

440 3288 769 3351 humiliasti,
800 3288 1032 3341 edux‘isti
1072 3288 1382 3343 habitantes
1420 3290 1471 3342 in
1516 3290 1781 3355 excelsis,
1826 3293 2017 3346 civita-

438 3393 522 3435 tes
553 3380 786 3433 munitas
812 3390 1026 3433 evertes
1052 3388 1107 3433 et
1138 3379 1360 3449 dejicies
1410 3395 1585 3448 usque
1619 3381 1686 3435 ad
1738 3383 2018 3451 pavimen-

438 3483 575 3525 tum.
604 3491 622 3524 ι
662 3471 789 3526 Ihec
831 3472 1027 3542 quippe
1073 3473 1233 3542 digna
1277 3482 1402 3525 sunt
1452 3472 1539 3525 illa
1571 3473 1708 3541 apud
1745 3484 1796 3527 te
1825 3489 2018 3527 recon-

436 3564 548 3619 dita
601 3579 716 3633 Spe,
758 3572 813 3617 et.
854 3564 967 3618 hare
1005 3565 1125 3617 dico
1172 3563 1291 3629 tihi,
1332 3566 1769 3633 concupiscentia
1821 3568 2020 3622 anima}

437 3673 590 3714 mem.
639 3657 717 3712 Tu
754 3658 933 3725 enim,
971 3658 1227 3723 Domine,
1278 3660 1719 3728 concupiscentia
1770 3675 1887 3715 mea
1932 3676 2012 3725 es,

434 3762 499 3801 ac
532 3748 747 3802 divinus
797 3764 951 3803 amor
998 3747 1194 3801 anima:
1250 3764 1401 3803 meae.
1442 3751 1619 3815 Quare
1667 3750 1846 3805 anima
1896 3767 2012 3804 mea

435 3838 769 3893 desideravit
818 3848 888 3901 te,
945 3839 1060 3909 ipsa
1105 3840 1301 3908 quippe
1344 3840 1577 3894 nominis
1627 3842 1700 3894 tui
1752 3843 2011 3895 memoria

436 3932 675 3985 animam
737 3943 976 3987 nostram
1037 3936 1108 3988 in'
1147 3948 1429 3987 excessum
1484 3934 1660 4001 rapit,
1718 3944 1767 3985 et
1818 3934 1884 3987 ad
1940 3936 2009 3988 tui

433 4040 674 4077 amorem
722 4025 1041 4079 inﬂammat.

507 4113 668 4169 Vens.
699 4116 814 4169 6-9.
867 4118 971 4170 «Et
1023 4120 1421 4173 conculcabunt
1474 4134 1569 4173 cas
1631 4123 1795 4189 pedes
1852 4135 2002 4174 man—

432 4216 728 4267 snt-torum,
759 4218 811 4259 ct
862 4209 1141 4263 humilium
1183 4210 1431 4281 vestigia.
1462 4208 1558 4263 Via
1598 4210 1807 4280 piorum
1862 4223 2007 4265 recta

432 4294 571 4347 facta
618 4307 731 4357 est,
781 4305 835 4348 ot
886 4308 1183 4367 pra'parata
1240 4299 1325 4352 via
1370 4298 1668 4366 justorum.
1713 4299 1810 4355 Via
1858 4301 2005 4355 enim

431 4385 646 4439 Domini
669 4385 956 4453 judicium.
992 4390 1347 4456 Speravimus
1375 4391 1427 4443 in
1458 4392 1677 4445 nomine
1708 4402 1819 4456 tuo,
1856 4401 1910 4445 et
1952 4392 2003 4445 in

429 4478 690 4532 memoria
731 4494 892 4548 quam
934 4480 1206 4534 desiderat
1247 4482 1429 4535 anima
1480 4491 1685 4536 nostra.
1729 4480 1807 4537 De
1849 4495 2006 4538 nocte

2121 3280 2246 3343 τοὺς
2279 3280 2621 3343 ἐνοικοῦντας
2663 3282 2719 3333 ἐν
2747 3281 2987 3351 ὑψηλοῖς,
3021 3281 3203 3347 πόλεις
3226 3282 3424 3354 ὀχυρὰς
3466 3286 3679 3340 καταὸα

2122 3371 2252 3435 λεῖς,
2284 3373 2377 3425 καὶ
2410 3371 2665 3437 κατάξεις
2696 3372 2799 3435 ἕως
2828 3372 3076 3443 ἐδάφους.
3110 3393 3127 3425 ι
3159 3376 3318 3441 Ἂξια
3350 3375 3458 3446 γάρ
3487 3376 3585 3447 τῆς
3617 3378 3698 3431 ἐλ-

2124 3463 2273 3526 πίδος
2292 3464 2390 3534 τῆς
2414 3464 2562 3534 παρὰ
2588 3462 2679 3515 σοῦ
2703 3463 3227 3536 τεθησαυρισμένης,
3249 3466 3535 3521 καὶταῦτα
3560 3468 3701 3538 λέγω

2123 3556 2259 3628 πρὸς
2295 3556 2376 3621 σὲ,
2416 3556 2515 3627 τὴν
2546 3555 2841 3627 ἐπιθυμίαν
2874 3558 2973 3628 τῆς
2999 3557 3175 3628 ψυχῆς
3209 3577 3329 3629 μου.
3366 3560 3437 3613 Σὺ
3466 3562 3573 3633 γάρ
3595 3558 3700 3628 εἷς,

2122 3648 2343 3719 Κύριος,
2382 3648 2413 3718 ἠ
2442 3647 2704 3718 ἐπιθυμία
2743 3665 2867 3719 μου,
2910 3649 3005 3702 καὶ
3042 3652 3071 3703 6
3098 3649 3239 3714 θεῖος
3268 3651 3405 3723 ἔρως
3436 3654 3533 3724 τῆς
3563 3654 3699 3725 ἐμῆς

2120 3738 2314 3811 ψυχῆς.
2348 3739 2437 3792 Διδ
2463 3741 2495 3811 ἡ
2522 3739 2668 3810 ψυχή
2697 3758 2795 3810 μου
2828 3741 3141 3813 ὲπεθύμησέ
3177 3759 3265 3796 σε’
3298 3746 3390 3797 καί¹
3418 3745 3556 3817 αὐτὴ
3587 3746 3698 3819 γὰρ

2121 3833 2154 3903 ἡ
2174 3833 2357 3903 μνήμη
2378 3832 2469 3885 τοῦ
2499 3832 2759 3903 ὀνόματός
2784 3851 2875 3886 σου
2904 3834 3177 3906 ἐξίστησιν
3197 3835 3352 3906 ήμῶν
3378 3835 3475 3907 τὴν
3497 3836 3698 3910 ψυχὴν,

2120 3923 2212 3977 καὶ
2241 3922 2494 3995 διεγείρει
2522 3925 2614 3977 ἐπὶ
2638 3926 2726 3978 τὸν
2751 3926 2841 3980 σὸν
2875 3926 3057 3980 πόθον.

2194 4125 2211 4157 ι
2248 4106 2357 4159 Καὶ
2396 4109 2724 4179 πατήσουσιν
2765 4108 2930 4171 αὐτὰς
2975 4108 3135 4171 πόδες
3174 4107 3414 4177 πραέων,
3459 4106 3553 4159 καὶ
3596 4121 3693 4158 ταο

2117 4199 2314 4253 πεινῶν
2348 4199 2583 4271 βήματα.
2633 4199 2784 4262 Ὁδὸς
2815 4199 3051 4252 εὐσεϐῶν
3099 4200 3281 4252 εὐθεῖα
3323 4198 3558 4266 ἐγένετο,
3599 4197 3694 4251 καὶ

2116 4291 2604 4362 παρεσκευασμένη
2651 4294 2682 4361 ἡ
2730 4292 2846 4355 ὁδὸς
2886 4290 2994 4344 τῶν
3038 4289 3296 4343 εὐσεϐῶν.
3342 4289 3405 4342 Ἠ
3441 4288 3547 4361 γὰρ
3575 4288 3693 4353 όδὸς

2114 4383 2320 4455 Κυρίου
2350 4383 2549 4456 κρίσις.
2599 4384 2935 4452 Ἦλπίσαμεν
2969 4384 3061 4437 ἐπὶ
3093 4384 3170 4453 τῷ
3195 4382 3419 4454 ὀνόματί
3450 4398 3565 4446 σου,
3597 4382 3691 4434 καὶ

2114 4476 2206 4528 ἐπὶ
2238 4479 2303 4547 τῇ
2342 4478 2501 4548 μνεία
2605 4476 2862 4547 ἐπιθυμεῖ
2892 4478 2924 4547 ή
2959 4475 3104 4547 ψυχὴ
3141 4475 3316 4545 ἡμῶν.
3365 4475 3460 4528 Ἐκ
3499 4474 3692 4537 νυκτὸς

428 4565 613 4635 vigilat
652 4566 877 4633 spiritus
908 4582 1059 4622 meus
1111 4572 1175 4621 ad
1230 4581 1309 4635 te,
1357 4572 1532 4635 Deus;
1568 4571 1689 4640 quia
1747 4571 1833 4625 lux
1868 4588 2003 4640 pra:-

2126 4567 2351 4640 ὄρθρίςει
2388 4568 2448 4622 τὸ
2479 4570 2697 4640 πνεῦμά
2737 4587 2837 4640 μου
2868 4569 3003 4639 πρὸς
3036 4568 3115 4631 σὲ,
3149 4570 3178 4620 ὁ
3207 4566 3367 4630 Θεός·
3412 4565 3544 4619 διότι
3576 4565 3692 4635 φῶς

428 4666 581 4726 cepta
614 4666 701 4710 tua
741 4672 906 4727 super
952 4667 1173 4714 terram.
1205 4680 1223 4713 ι
1268 4661 1449 4729 Neque
1476 4661 1621 4716 enim
1655 4663 1829 4715 noctis
1862 4673 1999 4716 tenv-

426 4762 558 4819 pore
589 4749 828 4805 dormire
856 4765 1146 4820 possumus
1173 4770 1187 4819 ;
1229 4754 1321 4807 sed
1356 4765 1481 4807 tunc
1510 4753 1674 4807 etiam
1718 4753 2001 4823 vigilantes

424 4839 640 4908 spiritu,
667 4849 718 4893 te
745 4843 1237 4912 concupiscentiam
1285 4851 1528 4895 nostram
1568 4842 1619 4895 in
1654 4852 1832 4897 mente
1862 4852 2003 4897 tene-

423 4944 565 4983 mus.
611 4928 703 4984 Sic
753 4930 913 4999 igitur
960 4932 1115 4985 nobis
1161 4930 1290 4999 ipsre
1338 4940 1522 4984 noctes
1580 4941 1833 5001 tanquam
1890 4934 1999 4988 dies

423 5021 794 5086 illustrantur,
839 5022 1094 5092 quoniam
1147 5031 1419 5092 prmuspta
1483 5033 1569 5075 ttta
1619 5033 1671 5077 et
1722 5039 2001 5081 sermones

422 5113 496 5163 tui
530 5114 686 5167 nobis
716 5115 892 5167 adhuc
920 5113 972 5167 in
1000 5124 1140 5168 terra
1172 5113 1539 5176 versantibus,
1568 5123 1621 5167 et
1647 5116 1730 5169 die
1750 5126 1805 5170 et
1840 5128 2001 5172 nocte

420 5202 556 5259 lucis
597 5206 772 5258 instar
811 5203 936 5258 data
973 5213 1119 5257 sunt.
1170 5201 1291 5257 Ila‘c
1345 5219 1409 5258 ex
1450 5204 1676 5261 allectus
1713 5208 2000 5262 vehemen-

420 5294 495 5345 tia
547 5293 762 5349 locutus
807 5294 1070 5365 propheta
1108 5293 1273 5345 Denu-
1334 5297 1711 5363 compellans.
1766 5301 1831 5351 ad
1903 5315 1999 5354 nos

418 5387 750 5450 pertransit,
799 5397 1088 5453 monetque
1151 5396 1207 5437 ut
1268 5388 1490 5451 eadem,
1548 5404 1651 5456 qua
1722 5392 1855 5458 ipso,
1915 5395 1995 5445 via

419 5477 753 5533 incedamus.

488 5656 651 5712 Vens.
692 5658 779 5722 10,
814 5657 900 5711 Η.
945 5674 961 5705 ι
997 5654 1270 5710 Justitiam
1327 5658 1541 5725 discite,
1590 5661 1683 5729 qui
1735 5662 1991 5717 habitatis

418 5756 635 5803 terram.
670 5751 918 5802 Cessavit
967 5749 1111 5801 enim
1150 5748 1355 5818 impius
1391 5769 1404 5806 :
1441 5751 1616 5805 omnis
1649 5755 1737 5821 qui
1770 5770 1875 5805 non
1909 5755 1989 5806 di-

414 5840 607 5892 dicerit
653 5837 914 5896 iustitiam
964 5837 1015 5890 ln
1070 5848 1215 5892 terra
1248 5881 1264 5903 ,
1304 5840 1585 5897 veritatem
1642 5860 1745 5898 non
1807 5844 1985 5899 faciet.

2106 4657 2175 4711 τὰ
2206 4659 2600 4729 προστάγματά
2630 4676 2722 4712 σου
2756 4660 2848 4714 ἐπὶ
2870 4660 2967 4729 τῆς
2989 4658 3110 4729 γῆς.
3140 4676 3158 4711 ι
3186 4656 3323 4710 Οῦτε
3349 4656 3457 4729 γὰρ
3488 4655 3690 4737 καθεύ-

2106 4747 2219 4801 δειν
2247 4742 2349 4802 οἷοί
2377 4748 2437 4802 τέ
2463 4750 2631 4819 ἐσμεν
2660 4750 2783 4812 τοῦς
2810 4750 2906 4819 τῆς
2940 4750 3132 4810 νυκτὸς
3160 4747 3404 4821 καιροὺς,
3434 4746 3569 4800 ἀλλὰ
3593 4748 3689 4801 καὶ

2105 4837 2264 4908 ἡμῶν
2312 4839 2688 4911 ἐγρηγορότων
2728 4838 2808 4909 τῷ
2838 4837 3125 4909 πνεύματι,
3160 4839 3220 4891 σέ
3266 4838 3365 4909 τὴν
3394 4837 3689 4909 ἐπιθυμίαν
3786 4888 3795 4895 .

2108 4927 2265 5000 ἡμῶν
2322 4929 2462 4983 κατὰ
2501 4930 2625 4983 νοῦν
2668 4929 2883 5002 ἔχομεν.
2920 4930 3106 4994 υῦτως
3147 4925 3239 4984 οὖν
3273 4930 3369 4985 καὶ
3407 4932 3463 4986 al.
3493 4930 3688 4997 νύκτες

2107 5021 2264 5094 ήμῶν
2283 5020 2358 5087 ὡς
2385 5024 2585 5095 ἡμέραι
2619 5020 3027 5093 πεφωτισμέναι
3055 5021 3440 5093 ’τυγχάνουσιν⁹
3469 5022 3687 5095 ἐπειδή-
3733 5013 3741 5021 ’

2109 5130 2215 5182 περ
2247 5114 2313 5167 τά
2349 5116 2749 5188 προστάγματά
2788 5134 2883 5170 σου
2914 5115 3008 5168 καὶ
3038 5114 3086 5167 οἱ
3110 5113 3253 5182 λόγοι
3288 5129 3382 5166 σου
3410 5114 3541 5185 ἡμῖν
3569 5121 3685 5180 τοῖς

2106 5206 2198 5257 ἐπὶ
2244 5204 2343 5276 τῆς
2378 5206 2480 5276 γῆς
2510 5206 2590 5259 ἔτι
2635 5208 2733 5271 τάς
2761 5206 3039 5279 διατριϐὰς
3086 5204 3426 5276 ποιουμένοις
3473 5205 3567 5259 καὶ
3597 5208 3685 5262 διὰ

2106 5296 2297 5359 νυκτὸς
2351 5298 2444 5350 καὶ
2482 5296 2547 5351 δι’
2574 5299 2786 5369 ἡμέρας
2822 5299 2943 5352 ἀντὶ
2981 5296 3156 5367 φωτὸς
3196 5294 3471 5363 ἐδόθησαν.
3517 5295 3685 5349 Ταῦθ’

2107 5385 2519 5462 ὑπερϐαλλούσῃ
2549 5388 2786 5443 διαθέσει
2820 5390 2954 5459 πρὸς
2986 5388 3075 5440 τδν
3102 5386 3235 5439 Θεὸν
3266 5386 3629 5457 ἀναφωνήσας
3656 5389 3683 5444 6

2104 5482 2413 5552 προφήτης,
2438 5481 2755 5551 μεταϐαίνει
2780 5483 2864 5551 ἐφ’
2888 5484 3052 5553 ἡμᾶς,
3088 5478 3365 5549 παραινῶν
3391 5478 3488 5550 τὴν
3511 5480 3681 5550 αὐτὴν

2100 5572 2250 5643 αὑτῷ
2270 5571 2504 5643 βαδίζειν
2534 5575 2669 5628 ὁδόν.

2173 5684 2191 5717 ι
2216 5664 2572 5737 Δικαιοσύνην
2599 5666 2819 5737 μάθετε,
2856 5670 2905 5720 οἱ
2936 5668 3267 5736 ἐνοικοῦντες
3300 5674 3390 5726 ἐπὶ
3421 5673 3520 5743 τῆς
3552 5672 3675 5741 γῆς.

2096 5758 2373 5811 Πέπαυται
2397 5757 2507 5829 γὰρ
2538 5758 2741 5830 ἀσεϐής
2761 5778 2774 5790 ·
2801 5763 2907 5824 πᾶς
2934 5761 2993 5824 ὃς
3022 5762 3081 5814 οὐ
3123 5764 3196 5834 μὴ
3228 5765 3374 5837 μάθῃ
3405 5761 3675 5817 δικαιοσύ·

2094 5865 2189 5911 νην
2229 5847 2319 5899 ἐπὶ
2351 5846 2449 5914 τῆς
2478 5848 2601 5914 γῆς,
2646 5850 2901 5917 ἀλήθειαν
2945 5851 3004 5903 ού
3040 5851 3112 5920 μὴ
3149 5854 3376 5921 ποιήσει.
3430 5851 3674 5926 ’Δρρήτω
