  <div class='ocr_page' id='page_1' title='image "/cluster/home/n/w/nwhite01/storage/ocr_20150623/24/hvd.32044019207729/142.png"; bbox 0 0 3984 6510; ppageno 0'>
   <div class='ocr_carea' id='block_1_1' title="bbox 279 363 398 424">
    <p class='ocr_par' dir='ltr' id='par_1_1' title="bbox 279 363 398 424">
     <span class='ocr_line' id='line_1_1' title="bbox 279 363 398 424; baseline -0.017 0"><span class='ocrx_word' id='word_1_1' title='bbox 279 363 398 424; x_wconf 64' lang='grc' dir='ltr'><strong>απ</strong></span> 
     </span>
    </p>
   </div>
   <div class='ocr_carea' id='block_1_2' title="bbox 1201 363 2642 432">
    <p class='ocr_par' dir='ltr' id='par_1_2' title="bbox 1201 363 2642 432">
     <span class='ocr_line' id='line_1_2' title="bbox 1201 363 2642 432; baseline 0.009 -13"><span class='ocrx_word' id='word_1_2' title='bbox 1201 363 1528 421; x_wconf 69' lang='lat' dir='ltr'><strong>COMMENI</strong></span> <span class='ocrx_word' id='word_1_3' title='bbox 1542 373 1709 423; x_wconf 70' lang='lat' dir='ltr'><strong>ARIA</strong></span> <span class='ocrx_word' id='word_1_4' title='bbox 1747 375 1814 424; x_wconf 72' lang='grc' dir='ltr'><strong>ω</strong></span> <span class='ocrx_word' id='word_1_5' title='bbox 1858 373 2111 426; x_wconf 62' lang='grc' dir='ltr'>ιδΑῙΑἈ.</span> <span class='ocrx_word' id='word_1_6' title='bbox 2155 404 2221 413; x_wconf 89' lang='grc'><strong>-</strong></span> <span class='ocrx_word' id='word_1_7' title='bbox 2256 381 2418 428; x_wconf 66' lang='grc' dir='ltr'>ιΑιο.</span> <span class='ocrx_word' id='word_1_8' title='bbox 2455 383 2547 431; x_wconf 64' lang='grc' dir='ltr'>λλ</span> <span class='ocrx_word' id='word_1_9' title='bbox 2562 379 2642 432; x_wconf 64' lang='grc' dir='ltr'><strong>τι.</strong></span> 
     </span>
    </p>
   </div>
   <div class='ocr_carea' id='block_1_3' title="bbox 3417 387 3526 446">
    <p class='ocr_par' dir='ltr' id='par_1_3' title="bbox 3417 387 3526 446">
     <span class='ocr_line' id='line_1_3' title="bbox 3417 387 3526 446; baseline -0.046 0"><span class='ocrx_word' id='word_1_10' title='bbox 3417 387 3526 446; x_wconf 68' lang='grc' dir='ltr'><strong>ξτί</strong></span> 
     </span>
    </p>
   </div>
   <div class='ocr_carea' id='block_1_4' title="bbox 275 471 1858 568">
    <p class='ocr_par' dir='ltr' id='par_1_4' title="bbox 275 471 1858 568">
     <span class='ocr_line' id='line_1_4' title="bbox 275 471 1858 568; baseline 0.006 -39"><span class='ocrx_word' id='word_1_11' title='bbox 275 474 561 568; x_wconf 59' lang='grc' dir='ltr'>δάσεϐὴς,</span> <span class='ocrx_word' id='word_1_12' title='bbox 599 477 686 568; x_wconf 68' lang='grc' dir='ltr'>ἵνα.</span> <span class='ocrx_word' id='word_1_13' title='bbox 720 476 795 548; x_wconf 73' lang='grc' dir='ltr'>μὴ</span> <span class='ocrx_word' id='word_1_14' title='bbox 829 477 916 551; x_wconf 65' lang='lat' dir='ltr'>Bg</span> <span class='ocrx_word' id='word_1_15' title='bbox 946 476 1042 549; x_wconf 78' lang='grc' dir='ltr'>τ’ῆν</span> <span class='ocrx_word' id='word_1_16' title='bbox 1063 477 1220 544; x_wconf 74' lang='grc' dir='ltr'>δόξαν</span> <span class='ocrx_word' id='word_1_17' title='bbox 1233 471 1470 554; x_wconf 70' lang='grc' dir='ltr'>Κυρίου.</span> <span class='ocrx_word' id='word_1_18' title='bbox 1505 483 1700 556; x_wconf 81' lang='grc' dir='ltr'>Κύριε,</span> <span class='ocrx_word' id='word_1_19' title='bbox 1733 485 1858 556; x_wconf 73' lang='grc' dir='ltr'>ὕψη·</span> 
     </span>
    </p>
   </div>
   <div class='ocr_carea' id='block_1_5' title="bbox 1965 471 3536 568">
    <p class='ocr_par' dir='ltr' id='par_1_5' title="bbox 1974 486 3536 568">
     <span class='ocr_line' id='line_1_5' title="bbox 1974 486 3536 568; baseline 0.009 -28"><span class='ocrx_word' id='word_1_20' title='bbox 1974 486 2213 544; x_wconf 86' lang='lat' dir='ltr'><strong>Tollatur</strong></span> <span class='ocrx_word' id='word_1_21' title='bbox 2253 490 2468 559; x_wconf 87' lang='lat' dir='ltr'><strong>impius,</strong></span> <span class='ocrx_word' id='word_1_22' title='bbox 2507 502 2688 548; x_wconf 90' lang='lat' dir='ltr'><strong>utnon</strong></span> <span class='ocrx_word' id='word_1_23' title='bbox 2716 493 2891 550; x_wconf 87' lang='lat' dir='ltr'><strong>videat</strong></span> <span class='ocrx_word' id='word_1_24' title='bbox 2917 494 3142 568; x_wconf 75' lang='lat' dir='ltr'><strong>gloriam</strong></span> <span class='ocrx_word' id='word_1_25' title='bbox 3167 495 3400 552; x_wconf 78' lang='lat' dir='ltr'><strong>Domini.</strong></span> <span class='ocrx_word' id='word_1_26' title='bbox 3431 498 3536 568; x_wconf 56' lang='lat' dir='ltr'><strong>Do.</strong></span> 
     </span>
    </p>
   </div>
   <div class='ocr_carea' id='block_1_6' title="bbox 275 560 1864 642">
    <p class='ocr_par' dir='ltr' id='par_1_6' title="bbox 275 560 1864 642">
     <span class='ocr_line' id='line_1_6' title="bbox 275 560 1864 642; baseline 0.01 -28"><span class='ocrx_word' id='word_1_27' title='bbox 275 560 373 626; x_wconf 74' lang='grc' dir='ltr'><strong>λος</strong></span> <span class='ocrx_word' id='word_1_28' title='bbox 428 578 525 616; x_wconf 90' lang='grc' dir='ltr'><strong>σου</strong></span> <span class='ocrx_word' id='word_1_29' title='bbox 571 564 602 618; x_wconf 93' lang='lat'><strong>6</strong></span> <span class='ocrx_word' id='word_1_30' title='bbox 653 562 912 635; x_wconf 82' lang='grc' dir='ltr'>βραχίων,</span> <span class='ocrx_word' id='word_1_31' title='bbox 959 566 1056 620; x_wconf 76' lang='grc' dir='ltr'>καὶ</span> <span class='ocrx_word' id='word_1_32' title='bbox 1095 568 1195 621; x_wconf 74' lang='grc' dir='ltr'>οὐκ</span> <span class='ocrx_word' id='word_1_33' title='bbox 1240 569 1492 640; x_wconf 70' lang='grc' dir='ltr'>ᾔδεισαν·</span> <span class='ocrx_word' id='word_1_34' title='bbox 1542 575 1762 642; x_wconf 70' lang='grc' dir='ltr'>γνόντες</span> <span class='ocrx_word' id='word_1_35' title='bbox 1807 577 1864 630; x_wconf 78' lang='grc' dir='ltr'>δὲ</span> 
     </span>
    </p>
   </div>
   <div class='ocr_carea' id='block_1_7' title="bbox 276 652 1867 732">
    <p class='ocr_par' dir='ltr' id='par_1_7' title="bbox 276 652 1867 732">
     <span class='ocr_line' id='line_1_7' title="bbox 276 652 1867 732; baseline 0.009 -25"><span class='ocrx_word' id='word_1_36' title='bbox 276 652 795 726; x_wconf 74' lang='grc' dir='ltr'>αίσχυνθήσονται.»</span> <span class='ocrx_word' id='word_1_37' title='bbox 823 657 1079 713; x_wconf 72' lang='grc' dir='ltr'>Ταπεινοὶ</span> <span class='ocrx_word' id='word_1_38' title='bbox 1113 660 1222 732; x_wconf 78' lang='grc' dir='ltr'><strong>γὰρ</strong></span> <span class='ocrx_word' id='word_1_39' title='bbox 1241 661 1395 726; x_wconf 73' lang='grc' dir='ltr'>ὄντες</span> <span class='ocrx_word' id='word_1_40' title='bbox 1422 664 1471 717; x_wconf 79' lang='lat' dir='ltr'><strong>oi</strong></span> <span class='ocrx_word' id='word_1_41' title='bbox 1502 665 1740 731; x_wconf 70' lang='grc' dir='ltr'>ἀσεϐεῖς,</span> <span class='ocrx_word' id='word_1_42' title='bbox 1770 669 1867 721; x_wconf 68' lang='grc' dir='ltr'>καὶ</span> 
     </span>
    </p>
   </div>
   <div class='ocr_carea' id='block_1_8' title="bbox 279 744 1868 820">
    <p class='ocr_par' dir='ltr' id='par_1_8' title="bbox 279 744 1868 820">
     <span class='ocr_line' id='line_1_8' title="bbox 279 744 1868 820; baseline 0.012 -25"><span class='ocrx_word' id='word_1_43' title='bbox 279 744 502 816; x_wconf 70' lang='grc' dir='ltr'>μακράν</span> <span class='ocrx_word' id='word_1_44' title='bbox 535 747 908 818; x_wconf 74' lang='grc' dir='ltr'><strong>ἀφεστηκότες</strong></span> <span class='ocrx_word' id='word_1_45' title='bbox 931 749 1030 820; x_wconf 82' lang='grc' dir='ltr'><strong>τῆς</strong></span> <span class='ocrx_word' id='word_1_46' title='bbox 1062 751 1315 820; x_wconf 85' lang='grc' dir='ltr'>γνώσεως</span> <span class='ocrx_word' id='word_1_47' title='bbox 1346 755 1440 808; x_wconf 87' lang='grc' dir='ltr'><strong>τοῦ</strong></span> <span class='ocrx_word' id='word_1_48' title='bbox 1469 755 1626 820; x_wconf 85' lang='grc' dir='ltr'>Θεοῦ,</span> <span class='ocrx_word' id='word_1_49' title='bbox 1661 760 1719 811; x_wconf 80' lang='grc' dir='ltr'>ὲν</span> <span class='ocrx_word' id='word_1_50' title='bbox 1747 761 1868 814; x_wconf 80' lang='grc' dir='ltr'>σκόο</span> 
     </span>
    </p>
   </div>
   <div class='ocr_carea' id='block_1_9' title="bbox 271 835 1867 922">
    <p class='ocr_par' dir='ltr' id='par_1_9' title="bbox 271 835 1867 922">
     <span class='ocr_line' id='line_1_9' title="bbox 271 835 1867 922; baseline 0.015 -40"><span class='ocrx_word' id='word_1_51' title='bbox 271 852 356 906; x_wconf 72' lang='grc' dir='ltr'><strong>τῳ</strong></span> <span class='ocrx_word' id='word_1_52' title='bbox 417 835 521 907; x_wconf 86' lang='grc' dir='ltr'><strong>τῆς</strong></span> <span class='ocrx_word' id='word_1_53' title='bbox 577 838 745 892; x_wconf 81' lang='grc' dir='ltr'>αὑτοῦ</span> <span class='ocrx_word' id='word_1_54' title='bbox 810 840 1031 909; x_wconf 78' lang='grc' dir='ltr'><strong>ἀγνοίας</strong></span> <span class='ocrx_word' id='word_1_55' title='bbox 1091 843 1461 900; x_wconf 67' lang='grc' dir='ltr'><strong>ἐκαλινδοῦντο</strong></span> <span class='ocrx_word' id='word_1_56' title='bbox 1488 863 1502 879; x_wconf 77' lang='grc' dir='ltr'><strong><em>ο</em></strong></span> <span class='ocrx_word' id='word_1_57' title='bbox 1573 849 1710 904; x_wconf 85' lang='grc' dir='ltr'><strong>ἀλλά</strong></span> <span class='ocrx_word' id='word_1_58' title='bbox 1766 853 1867 922; x_wconf 89' lang='grc' dir='ltr'><strong>τῆς</strong></span> 
     </span>
    </p>
   </div>
   <div class='ocr_carea' id='block_1_10' title="bbox 273 923 1866 1010">
    <p class='ocr_par' dir='ltr' id='par_1_10' title="bbox 273 923 1866 1010">
     <span class='ocr_line' id='line_1_10' title="bbox 273 923 1866 1010; baseline 0.011 -35"><span class='ocrx_word' id='word_1_59' title='bbox 273 923 509 1002; x_wconf 57' lang='grc' dir='ltr'>βαθόλου</span> <span class='ocrx_word' id='word_1_60' title='bbox 544 924 801 994; x_wconf 83' lang='grc' dir='ltr'>γνώσεως</span> <span class='ocrx_word' id='word_1_61' title='bbox 828 929 1149 1000; x_wconf 72' lang='grc' dir='ltr'><strong>ἐπιστάσης,</strong></span> <span class='ocrx_word' id='word_1_62' title='bbox 1191 931 1514 1005; x_wconf 85' lang='grc' dir='ltr'>θεασάμενοι</span> <span class='ocrx_word' id='word_1_63' title='bbox 1542 936 1634 991; x_wconf 84' lang='grc' dir='ltr'>τὸν</span> <span class='ocrx_word' id='word_1_64' title='bbox 1665 938 1866 1010; x_wconf 74' lang='grc' dir='ltr'>ὑψηλὸν</span> 
     </span>
    </p>
   </div>
   <div class='ocr_carea' id='block_1_11' title="bbox 275 1011 1863 1104">
    <p class='ocr_par' dir='ltr' id='par_1_11' title="bbox 275 1011 1863 1104">
     <span class='ocr_line' id='line_1_11' title="bbox 275 1011 1863 1104; baseline 0.013 -39"><span class='ocrx_word' id='word_1_65' title='bbox 275 1011 544 1104; x_wconf 76' lang='grc' dir='ltr'>βραχίονα</span> <span class='ocrx_word' id='word_1_66' title='bbox 603 1018 654 1070; x_wconf 82' lang='lat' dir='ltr'><strong>oi</strong></span> <span class='ocrx_word' id='word_1_67' title='bbox 717 1019 884 1073; x_wconf 85' lang='grc' dir='ltr'>πάλαι</span> <span class='ocrx_word' id='word_1_68' title='bbox 936 1022 1099 1076; x_wconf 72' lang='grc' dir='ltr'>αὐτὸν</span> <span class='ocrx_word' id='word_1_69' title='bbox 1157 1023 1234 1089; x_wconf 83' lang='grc' dir='ltr'><strong>ὡς</strong></span> <span class='ocrx_word' id='word_1_70' title='bbox 1297 1027 1370 1099; x_wconf 80' lang='grc' dir='ltr'>μὴ</span> <span class='ocrx_word' id='word_1_71' title='bbox 1430 1028 1560 1082; x_wconf 76' lang='grc' dir='ltr'>ὄντα</span> <span class='ocrx_word' id='word_1_72' title='bbox 1620 1029 1863 1104; x_wconf 69' lang='grc' dir='ltr'>βλασφη-</span> 
     </span>
    </p>
   </div>
   <div class='ocr_carea' id='block_1_12' title="bbox 278 1102 1865 1193">
    <p class='ocr_par' dir='ltr' id='par_1_12' title="bbox 278 1102 1865 1193">
     <span class='ocr_line' id='line_1_12' title="bbox 278 1102 1865 1193; baseline 0.013 -38"><span class='ocrx_word' id='word_1_73' title='bbox 278 1102 534 1174; x_wconf 80' lang='grc' dir='ltr'>μοῦντες,</span> <span class='ocrx_word' id='word_1_74' title='bbox 581 1107 879 1163; x_wconf 87' lang='grc' dir='ltr'>παύσονται</span> <span class='ocrx_word' id='word_1_75' title='bbox 922 1112 1022 1182; x_wconf 83' lang='grc' dir='ltr'><strong>τῆς</strong></span> <span class='ocrx_word' id='word_1_76' title='bbox 1065 1114 1321 1180; x_wconf 80' lang='grc' dir='ltr'>ἀπονοίας</span> <span class='ocrx_word' id='word_1_77' title='bbox 1366 1119 1597 1192; x_wconf 80' lang='grc' dir='ltr'>αἰσχύνῃ</span> <span class='ocrx_word' id='word_1_78' title='bbox 1637 1124 1865 1193; x_wconf 68' lang='grc' dir='ltr'>κατεχόο</span> 
     </span>
    </p>
   </div>
   <div class='ocr_carea' id='block_1_13' title="bbox 277 1212 459 1266">
    <p class='ocr_par' dir='ltr' id='par_1_13' title="bbox 277 1212 459 1266">
     <span class='ocr_line' id='line_1_13' title="bbox 277 1212 459 1266; baseline 0.005 -17"><span class='ocrx_word' id='word_1_79' title='bbox 277 1212 459 1266; x_wconf 86' lang='grc' dir='ltr'>μενοι.</span> 
     </span>
    </p>
   </div>
   <div class='ocr_carea' id='block_1_14' title="bbox 356 1288 1865 1364">
    <p class='ocr_par' dir='ltr' id='par_1_14' title="bbox 356 1288 1865 1364">
     <span class='ocr_line' id='line_1_14' title="bbox 356 1288 1865 1364; baseline 0.013 -24"><span class='ocrx_word' id='word_1_80' title='bbox 356 1305 376 1339; x_wconf 77' lang='grc' dir='ltr'><strong>ι</strong></span> <span class='ocrx_word' id='word_1_81' title='bbox 415 1288 587 1361; x_wconf 86' lang='grc' dir='ltr'>Ζῆλος</span> <span class='ocrx_word' id='word_1_82' title='bbox 615 1290 844 1364; x_wconf 80' lang='grc' dir='ltr'>λήψεται</span> <span class='ocrx_word' id='word_1_83' title='bbox 865 1293 993 1348; x_wconf 83' lang='grc' dir='ltr'>λαὸν</span> <span class='ocrx_word' id='word_1_84' title='bbox 1032 1294 1380 1354; x_wconf 83' lang='grc' dir='ltr'>ἀπαίδευτον.</span> <span class='ocrx_word' id='word_1_85' title='bbox 1419 1319 1437 1351; x_wconf 77' lang='grc' dir='ltr'><strong>ι</strong></span> <span class='ocrx_word' id='word_1_86' title='bbox 1477 1301 1781 1358; x_wconf 75' lang='grc' dir='ltr'>Αίνίττεται</span> <span class='ocrx_word' id='word_1_87' title='bbox 1809 1304 1865 1359; x_wconf 78' lang='grc' dir='ltr'>δὲ</span> 
     </span>
    </p>
   </div>
   <div class='ocr_carea' id='block_1_15' title="bbox 271 1377 1863 1466">
    <p class='ocr_par' dir='ltr' id='par_1_15' title="bbox 271 1377 1863 1466">
     <span class='ocr_line' id='line_1_15' title="bbox 271 1377 1863 1466; baseline 0.011 -35"><span class='ocrx_word' id='word_1_88' title='bbox 271 1377 403 1442; x_wconf 77' lang='grc' dir='ltr'>τοὺς</span> <span class='ocrx_word' id='word_1_89' title='bbox 438 1380 504 1432; x_wconf 81' lang='grc' dir='ltr'>ἐκ</span> <span class='ocrx_word' id='word_1_90' title='bbox 536 1385 838 1454; x_wconf 81' lang='grc' dir='ltr'>περιτομῆς</span> <span class='ocrx_word' id='word_1_91' title='bbox 868 1383 943 1454; x_wconf 79' lang='grc' dir='ltr'>μὴ</span> <span class='ocrx_word' id='word_1_92' title='bbox 982 1385 1450 1458; x_wconf 78' lang='grc' dir='ltr'>κᾳταδεξαμένους</span> <span class='ocrx_word' id='word_1_93' title='bbox 1487 1391 1585 1462; x_wconf 80' lang='grc' dir='ltr'>τὴν</span> <span class='ocrx_word' id='word_1_94' title='bbox 1612 1393 1698 1448; x_wconf 80' lang='grc' dir='ltr'><strong>διὰ</strong></span> <span class='ocrx_word' id='word_1_95' title='bbox 1727 1395 1863 1466; x_wconf 82' lang='grc' dir='ltr'>Χρι-</span> 
     </span>
    </p>
   </div>
   <div class='ocr_carea' id='block_1_16' title="bbox 276 1469 1858 1547">
    <p class='ocr_par' dir='ltr' id='par_1_16' title="bbox 276 1469 1858 1547">
     <span class='ocr_line' id='line_1_16' title="bbox 276 1469 1858 1547; baseline 0.012 -25"><span class='ocrx_word' id='word_1_96' title='bbox 276 1469 405 1524; x_wconf 82' lang='grc' dir='ltr'>στοῦ</span> <span class='ocrx_word' id='word_1_97' title='bbox 422 1470 606 1544; x_wconf 81' lang='grc' dir='ltr'>χάριν.</span> <span class='ocrx_word' id='word_1_98' title='bbox 630 1491 648 1523; x_wconf 83' lang='grc' dir='ltr'><strong>ι</strong></span> <span class='ocrx_word' id='word_1_99' title='bbox 673 1474 779 1527; x_wconf 80' lang='grc' dir='ltr'><strong>Καὶ</strong></span> <span class='ocrx_word' id='word_1_100' title='bbox 800 1474 896 1528; x_wconf 90' lang='grc' dir='ltr'><strong>νῦν</strong></span> <span class='ocrx_word' id='word_1_101' title='bbox 924 1475 1036 1546; x_wconf 89' lang='grc' dir='ltr'><strong>πῦρ</strong></span> <span class='ocrx_word' id='word_1_102' title='bbox 1065 1478 1190 1541; x_wconf 81' lang='grc' dir='ltr'>τοὺς</span> <span class='ocrx_word' id='word_1_103' title='bbox 1219 1479 1567 1547; x_wconf 78' lang='grc' dir='ltr'>ὑπεναντίους</span> <span class='ocrx_word' id='word_1_104' title='bbox 1596 1484 1768 1540; x_wconf 76' lang='grc' dir='ltr'>ἔδεται</span> <span class='ocrx_word' id='word_1_105' title='bbox 1787 1502 1800 1515; x_wconf 80' lang='grc'><strong><em>⁸</em></strong></span> <span class='ocrx_word' id='word_1_106' title='bbox 1839 1506 1858 1540; x_wconf 77' lang='grc' dir='ltr'><strong>ι</strong></span> 
     </span>
    </p>
   </div>
   <div class='ocr_carea' id='block_1_17' title="bbox 273 1560 1861 1650">
    <p class='ocr_par' dir='ltr' id='par_1_17' title="bbox 273 1560 1861 1650">
     <span class='ocr_line' id='line_1_17' title="bbox 273 1560 1861 1650; baseline 0.011 -36"><span class='ocrx_word' id='word_1_107' title='bbox 273 1560 355 1626; x_wconf 76' lang='grc' dir='ltr'>ὡς</span> <span class='ocrx_word' id='word_1_108' title='bbox 414 1561 482 1616; x_wconf 83' lang='grc' dir='ltr'>ἂν</span> <span class='ocrx_word' id='word_1_109' title='bbox 537 1564 813 1633; x_wconf 77' lang='grc' dir='ltr'>ἀποφάσει</span> <span class='ocrx_word' id='word_1_110' title='bbox 868 1566 1408 1641; x_wconf 77' lang='grc' dir='ltr'>ὐποδληθησομένους</span> <span class='ocrx_word' id='word_1_111' title='bbox 1461 1576 1526 1645; x_wconf 81' lang='grc' dir='ltr'><strong>τῇ</strong></span> <span class='ocrx_word' id='word_1_112' title='bbox 1592 1573 1861 1650; x_wconf 77' lang='grc' dir='ltr'><strong>λεγούσῃ·</strong></span> 
     </span>
    </p>
   </div>
   <div class='ocr_carea' id='block_1_18' title="bbox 279 1657 1866 1742">
    <p class='ocr_par' dir='ltr' id='par_1_18' title="bbox 279 1657 1866 1742">
     <span class='ocr_line' id='line_1_18' title="bbox 279 1657 1866 1742; baseline 0.01 -32"><span class='ocrx_word' id='word_1_113' title='bbox 279 1677 304 1710; x_wconf 75' lang='grc' dir='ltr'><strong>ο</strong></span> <span class='ocrx_word' id='word_1_114' title='bbox 333 1657 642 1728; x_wconf 77' lang='grc' dir='ltr'>Πορεύεσθε</span> <span class='ocrx_word' id='word_1_115' title='bbox 676 1661 756 1724; x_wconf 88' lang='grc' dir='ltr'><strong>εἰς</strong></span> <span class='ocrx_word' id='word_1_116' title='bbox 777 1663 838 1714; x_wconf 78' lang='grc' dir='ltr'><strong>τδ</strong></span> <span class='ocrx_word' id='word_1_117' title='bbox 868 1661 978 1734; x_wconf 89' lang='grc' dir='ltr'><strong>πῦρ</strong></span> <span class='ocrx_word' id='word_1_118' title='bbox 1017 1663 1077 1716; x_wconf 87' lang='grc' dir='ltr'>τὸ</span> <span class='ocrx_word' id='word_1_119' title='bbox 1126 1663 1340 1719; x_wconf 84' lang='grc' dir='ltr'>αἰώνιον</span> <span class='ocrx_word' id='word_1_120' title='bbox 1372 1667 1434 1720; x_wconf 82' lang='grc' dir='ltr'>τὸ</span> <span class='ocrx_word' id='word_1_121' title='bbox 1466 1670 1866 1742; x_wconf 75' lang='grc' dir='ltr'>ἡτοιμασμένον</span> 
     </span>
    </p>
   </div>
   <div class='ocr_carea' id='block_1_19' title="bbox 271 1748 1864 1836">
    <p class='ocr_par' dir='ltr' id='par_1_19' title="bbox 271 1748 1864 1836">
     <span class='ocr_line' id='line_1_19' title="bbox 271 1748 1864 1836; baseline 0.01 -34"><span class='ocrx_word' id='word_1_122' title='bbox 271 1748 355 1822; x_wconf 81' lang='grc' dir='ltr'>τῷ</span> <span class='ocrx_word' id='word_1_123' title='bbox 402 1751 640 1822; x_wconf 79' lang='grc' dir='ltr'>διαόόλῳ</span> <span class='ocrx_word' id='word_1_124' title='bbox 691 1755 786 1806; x_wconf 75' lang='grc' dir='ltr'>καὶ</span> <span class='ocrx_word' id='word_1_125' title='bbox 832 1756 946 1819; x_wconf 87' lang='grc' dir='ltr'>τοῖς</span> <span class='ocrx_word' id='word_1_126' title='bbox 983 1755 1234 1824; x_wconf 84' lang='grc' dir='ltr'>ἀγγέλοις</span> <span class='ocrx_word' id='word_1_127' title='bbox 1263 1760 1449 1813; x_wconf 82' lang='grc' dir='ltr'>αὐτοῦ.</span> <span class='ocrx_word' id='word_1_128' title='bbox 1493 1779 1513 1814; x_wconf 75' lang='grc' dir='ltr'><strong>ι</strong></span> <span class='ocrx_word' id='word_1_129' title='bbox 1562 1762 1777 1836; x_wconf 81' lang='grc' dir='ltr'>Ἐπειδὴ</span> <span class='ocrx_word' id='word_1_130' title='bbox 1803 1765 1864 1818; x_wconf 77' lang='grc' dir='ltr'>τὸ</span> 
     </span>
    </p>
   </div>
   <div class='ocr_carea' id='block_1_20' title="bbox 1964 581 3534 659">
    <p class='ocr_par' dir='ltr' id='par_1_20' title="bbox 1964 581 3534 659">
     <span class='ocr_line' id='line_1_20' title="bbox 1964 581 3534 659; baseline 0.007 -25"><span class='ocrx_word' id='word_1_131' title='bbox 1964 581 2133 648; x_wconf 88' lang='lat' dir='ltr'><strong>mine,</strong></span> <span class='ocrx_word' id='word_1_132' title='bbox 2157 581 2429 636; x_wconf 76' lang='lat' dir='ltr'><strong>excelsum</strong></span> <span class='ocrx_word' id='word_1_133' title='bbox 2485 581 2762 639; x_wconf 75' lang='lat' dir='ltr'><strong>brachium</strong></span> <span class='ocrx_word' id='word_1_134' title='bbox 2794 595 2980 651; x_wconf 89' lang='lat' dir='ltr'><strong>tuum,</strong></span> <span class='ocrx_word' id='word_1_135' title='bbox 3031 595 3084 641; x_wconf 86' lang='lat' dir='ltr'><strong>et</strong></span> <span class='ocrx_word' id='word_1_136' title='bbox 3118 603 3225 642; x_wconf 92' lang='lat' dir='ltr'><strong>non</strong></span> <span class='ocrx_word' id='word_1_137' title='bbox 3274 603 3534 659; x_wconf 71' lang='lat' dir='ltr'><strong>cognoveo</strong></span> 
     </span>
    </p>
   </div>
   <div class='ocr_carea' id='block_1_21' title="bbox 1967 673 3537 748">
    <p class='ocr_par' dir='ltr' id='par_1_21' title="bbox 1967 673 3537 748">
     <span class='ocr_line' id='line_1_21' title="bbox 1967 673 3537 748; baseline 0.006 -22"><span class='ocrx_word' id='word_1_138' title='bbox 1967 682 2093 727; x_wconf 90' lang='lat' dir='ltr'><strong>runt</strong></span> <span class='ocrx_word' id='word_1_139' title='bbox 2122 691 2136 728; x_wconf 91' lang='lat'><strong>:</strong></span> <span class='ocrx_word' id='word_1_140' title='bbox 2171 673 2407 729; x_wconf 86' lang='lat' dir='ltr'><strong>scientes</strong></span> <span class='ocrx_word' id='word_1_141' title='bbox 2431 685 2609 728; x_wconf 83' lang='lat' dir='ltr'><strong>autem</strong></span> <span class='ocrx_word' id='word_1_142' title='bbox 2639 677 2981 732; x_wconf 76' lang='lat' dir='ltr'><strong>erubesceut.</strong></span> <span class='ocrx_word' id='word_1_143' title='bbox 3016 698 3036 730; x_wconf 73' lang='grc' dir='ltr'><strong>ι</strong></span> <span class='ocrx_word' id='word_1_144' title='bbox 3079 679 3228 748; x_wconf 85' lang='lat' dir='ltr'><strong>hnpii</strong></span> <span class='ocrx_word' id='word_1_145' title='bbox 3252 683 3418 746; x_wconf 90' lang='lat' dir='ltr'><strong>enim,</strong></span> <span class='ocrx_word' id='word_1_146' title='bbox 3447 683 3537 736; x_wconf 84' lang='lat' dir='ltr'><strong>ab-</strong></span> 
     </span>
    </p>
   </div>
   <div class='ocr_carea' id='block_1_22' title="bbox 1961 767 3532 844">
    <p class='ocr_par' dir='ltr' id='par_1_22' title="bbox 1961 767 3532 844">
     <span class='ocr_line' id='line_1_22' title="bbox 1961 767 3532 844; baseline 0.005 -24"><span class='ocrx_word' id='word_1_147' title='bbox 1961 767 2092 834; x_wconf 83' lang='lat' dir='ltr'><strong>jecti</strong></span> <span class='ocrx_word' id='word_1_148' title='bbox 2123 781 2242 820; x_wconf 90' lang='lat' dir='ltr'><strong>cum</strong></span> <span class='ocrx_word' id='word_1_149' title='bbox 2278 767 2426 831; x_wconf 85' lang='lat' dir='ltr'><strong>sint,</strong></span> <span class='ocrx_word' id='word_1_150' title='bbox 2458 783 2521 823; x_wconf 89' lang='lat' dir='ltr'><strong>ac</strong></span> <span class='ocrx_word' id='word_1_151' title='bbox 2556 772 2740 839; x_wconf 85' lang='lat' dir='ltr'><strong>procul</strong></span> <span class='ocrx_word' id='word_1_152' title='bbox 2771 773 3078 838; x_wconf 73' lang='lat' dir='ltr'><strong>cognitione</strong></span> <span class='ocrx_word' id='word_1_153' title='bbox 3127 774 3217 828; x_wconf 90' lang='lat' dir='ltr'><strong>Dei</strong></span> <span class='ocrx_word' id='word_1_154' title='bbox 3255 775 3443 844; x_wconf 80' lang='lat' dir='ltr'><strong>positi,</strong></span> <span class='ocrx_word' id='word_1_155' title='bbox 3479 775 3532 828; x_wconf 93' lang='lat' dir='ltr'><strong>in</strong></span> 
     </span>
    </p>
   </div>
   <div class='ocr_carea' id='block_1_23' title="bbox 1971 858 3538 928">
    <p class='ocr_par' dir='ltr' id='par_1_23' title="bbox 1971 858 3538 928">
     <span class='ocr_line' id='line_1_23' title="bbox 1971 858 3538 928; baseline 0.005 -16"><span class='ocrx_word' id='word_1_156' title='bbox 1971 858 2206 915; x_wconf 86' lang='lat' dir='ltr'><strong>tenebris</strong></span> <span class='ocrx_word' id='word_1_157' title='bbox 2256 858 2372 928; x_wconf 84' lang='lat' dir='ltr'><strong>ejus</strong></span> <span class='ocrx_word' id='word_1_158' title='bbox 2421 859 2739 928; x_wconf 74' lang='lat' dir='ltr'><strong>ignorantia:</strong></span> <span class='ocrx_word' id='word_1_159' title='bbox 2770 863 3147 918; x_wconf 79' lang='lat' dir='ltr'><strong>volutabantur</strong></span> <span class='ocrx_word' id='word_1_160' title='bbox 3180 883 3196 919; x_wconf 88' lang='lat'><strong>:</strong></span> <span class='ocrx_word' id='word_1_161' title='bbox 3227 880 3414 920; x_wconf 89' lang='lat' dir='ltr'><strong>verum</strong></span> <span class='ocrx_word' id='word_1_162' title='bbox 3444 868 3538 920; x_wconf 84' lang='lat' dir='ltr'><strong>ad-</strong></span> 
     </span>
    </p>
   </div>
   <div class='ocr_carea' id='block_1_24' title="bbox 1972 950 3536 1024">
    <p class='ocr_par' dir='ltr' id='par_1_24' title="bbox 1972 950 3536 1024">
     <span class='ocr_line' id='line_1_24' title="bbox 1972 950 3536 1024; baseline 0.008 -27"><span class='ocrx_word' id='word_1_163' title='bbox 1972 951 2220 1004; x_wconf 74' lang='lat' dir='ltr'><strong>veniente</strong></span> <span class='ocrx_word' id='word_1_164' title='bbox 2255 950 2343 1003; x_wconf 86' lang='lat' dir='ltr'><strong>illa</strong></span> <span class='ocrx_word' id='word_1_165' title='bbox 2387 951 2677 1007; x_wconf 73' lang='lat' dir='ltr'><strong>universali</strong></span> <span class='ocrx_word' id='word_1_166' title='bbox 2733 955 3075 1024; x_wconf 77' lang='lat' dir='ltr'><strong>cognitione,</strong></span> <span class='ocrx_word' id='word_1_167' title='bbox 3117 957 3360 1012; x_wconf 77' lang='lat' dir='ltr'><strong>videntes</strong></span> <span class='ocrx_word' id='word_1_168' title='bbox 3410 957 3536 1012; x_wconf 83' lang='lat' dir='ltr'><strong>bra-</strong></span> 
     </span>
    </p>
   </div>
   <div class='ocr_carea' id='block_1_25' title="bbox 1969 1041 3536 1118">
    <p class='ocr_par' dir='ltr' id='par_1_25' title="bbox 1969 1041 3536 1118">
     <span class='ocr_line' id='line_1_25' title="bbox 1969 1041 3536 1118; baseline 0.004 -22"><span class='ocrx_word' id='word_1_169' title='bbox 1969 1041 2149 1096; x_wconf 87' lang='lat' dir='ltr'><strong>chiqu</strong></span> <span class='ocrx_word' id='word_1_170' title='bbox 2196 1042 2325 1096; x_wconf 90' lang='lat' dir='ltr'><strong>illud</strong></span> <span class='ocrx_word' id='word_1_171' title='bbox 2371 1043 2644 1098; x_wconf 80' lang='lat' dir='ltr'><strong>excelsum</strong></span> <span class='ocrx_word' id='word_1_172' title='bbox 2699 1045 2776 1106; x_wconf 92' lang='lat' dir='ltr'><strong>ii.</strong></span> <span class='ocrx_word' id='word_1_173' title='bbox 2809 1048 2899 1114; x_wconf 86' lang='lat' dir='ltr'><strong>qui</strong></span> <span class='ocrx_word' id='word_1_174' title='bbox 2939 1047 3068 1100; x_wconf 85' lang='lat' dir='ltr'><strong>olim</strong></span> <span class='ocrx_word' id='word_1_175' title='bbox 3095 1049 3216 1102; x_wconf 86' lang='lat' dir='ltr'><strong>e&#39;um</strong></span> <span class='ocrx_word' id='word_1_176' title='bbox 3243 1050 3395 1118; x_wconf 86' lang='lat' dir='ltr'><strong>quasi</strong></span> <span class='ocrx_word' id='word_1_177' title='bbox 3429 1065 3536 1104; x_wconf 83' lang='lat' dir='ltr'><strong>non</strong></span> 
     </span>
    </p>
   </div>
   <div class='ocr_carea' id='block_1_26' title="bbox 1966 1132 3538 1209">
    <p class='ocr_par' dir='ltr' id='par_1_26' title="bbox 1966 1132 3538 1209">
     <span class='ocr_line' id='line_1_26' title="bbox 1966 1132 3538 1209; baseline 0.006 -25"><span class='ocrx_word' id='word_1_178' title='bbox 1966 1133 2319 1185; x_wconf 75' lang='lat' dir='ltr'><strong>cxsistentem</strong></span> <span class='ocrx_word' id='word_1_179' title='bbox 2352 1132 2681 1204; x_wconf 75' lang='lat' dir='ltr'><strong>blasphemis</strong></span> <span class='ocrx_word' id='word_1_180' title='bbox 2733 1136 2894 1192; x_wconf 80' lang='lat' dir='ltr'><strong>dictis</strong></span> <span class='ocrx_word' id='word_1_181' title='bbox 2937 1136 3300 1205; x_wconf 90' lang='lat' dir='ltr'><strong>incessebant,</strong></span> <span class='ocrx_word' id='word_1_182' title='bbox 3330 1140 3538 1209; x_wconf 88' lang='lat' dir='ltr'><strong>pudore</strong></span> 
     </span>
    </p>
   </div>
   <div class='ocr_carea' id='block_1_27' title="bbox 1967 1220 2857 1280">
    <p class='ocr_par' dir='ltr' id='par_1_27' title="bbox 1967 1220 2857 1280">
     <span class='ocr_line' id='line_1_27' title="bbox 1967 1220 2857 1280; baseline 0.007 -6"><span class='ocrx_word' id='word_1_183' title='bbox 1967 1220 2146 1276; x_wconf 81' lang='lat' dir='ltr'><strong>atl‘ecti</strong></span> <span class='ocrx_word' id='word_1_184' title='bbox 2182 1223 2408 1278; x_wconf 67' lang='lat' dir='ltr'><strong>insaniae</strong></span> <span class='ocrx_word' id='word_1_185' title='bbox 2437 1224 2602 1280; x_wconf 69' lang='lat' dir='ltr'><strong>linem</strong></span> <span class='ocrx_word' id='word_1_186' title='bbox 2636 1225 2857 1280; x_wconf 83' lang='lat' dir='ltr'><strong>facient.</strong></span> 
     </span>
    </p>
   </div>
   <div class='ocr_carea' id='block_1_28' title="bbox 2043 1317 3537 1390">
    <p class='ocr_par' dir='ltr' id='par_1_28' title="bbox 2043 1317 3537 1390">
     <span class='ocr_line' id='line_1_28' title="bbox 2043 1317 3537 1390; baseline 0.005 -22"><span class='ocrx_word' id='word_1_187' title='bbox 2043 1336 2063 1368; x_wconf 73' lang='grc' dir='ltr'><strong>ι</strong></span> <span class='ocrx_word' id='word_1_188' title='bbox 2100 1317 2258 1371; x_wconf 87' lang='lat' dir='ltr'><strong>Zelus</strong></span> <span class='ocrx_word' id='word_1_189' title='bbox 2284 1318 2654 1386; x_wconf 84' lang='lat' dir='ltr'><strong>apprehendet</strong></span> <span class='ocrx_word' id='word_1_190' title='bbox 2677 1320 2926 1390; x_wconf 76' lang='lat' dir='ltr'><strong>populum</strong></span> <span class='ocrx_word' id='word_1_191' title='bbox 2959 1322 3308 1378; x_wconf 83' lang='lat' dir='ltr'><strong>ineruditum.</strong></span> <span class='ocrx_word' id='word_1_192' title='bbox 3336 1340 3355 1374; x_wconf 77' lang='grc' dir='ltr'><strong>ι</strong></span> <span class='ocrx_word' id='word_1_193' title='bbox 3396 1322 3537 1376; x_wconf 54' lang='lat' dir='ltr'><strong>Sub.</strong></span> 
     </span>
    </p>
   </div>
   <div class='ocr_carea' id='block_1_29' title="bbox 1967 1409 3534 1484">
    <p class='ocr_par' dir='ltr' id='par_1_29' title="bbox 1967 1409 3534 1484">
     <span class='ocr_line' id='line_1_29' title="bbox 1967 1409 3534 1484; baseline 0.003 -20"><span class='ocrx_word' id='word_1_194' title='bbox 1967 1409 2167 1464; x_wconf 88' lang='lat' dir='ltr'><strong>indicat</strong></span> <span class='ocrx_word' id='word_1_195' title='bbox 2209 1425 2303 1464; x_wconf 89' lang='lat' dir='ltr'><strong>eos</strong></span> <span class='ocrx_word' id='word_1_196' title='bbox 2339 1427 2406 1465; x_wconf 80' lang='lat' dir='ltr'><strong>ex</strong></span> <span class='ocrx_word' id='word_1_197' title='bbox 2455 1411 2871 1468; x_wconf 76' lang='lat' dir='ltr'><strong>circumcisione</strong></span> <span class='ocrx_word' id='word_1_198' title='bbox 2899 1453 2913 1477; x_wconf 91' lang='lat'><strong>,</strong></span> <span class='ocrx_word' id='word_1_199' title='bbox 2953 1413 3044 1484; x_wconf 91' lang='lat' dir='ltr'><strong>qui</strong></span> <span class='ocrx_word' id='word_1_200' title='bbox 3075 1414 3302 1482; x_wconf 80' lang='lat' dir='ltr'><strong>gratiam</strong></span> <span class='ocrx_word' id='word_1_201' title='bbox 3333 1413 3534 1468; x_wconf 83' lang='lat' dir='ltr'><strong>Christi</strong></span> 
     </span>
    </p>
   </div>
   <div class='ocr_carea' id='block_1_30' title="bbox 1969 1501 3538 1574">
    <p class='ocr_par' dir='ltr' id='par_1_30' title="bbox 1969 1501 3538 1574">
     <span class='ocr_line' id='line_1_30' title="bbox 1969 1501 3538 1574; baseline 0.003 -19"><span class='ocrx_word' id='word_1_202' title='bbox 1969 1515 2075 1555; x_wconf 92' lang='lat' dir='ltr'><strong>non</strong></span> <span class='ocrx_word' id='word_1_203' title='bbox 2107 1501 2336 1570; x_wconf 81' lang='lat' dir='ltr'><strong>amplexi</strong></span> <span class='ocrx_word' id='word_1_204' title='bbox 2385 1511 2547 1567; x_wconf 80' lang='lat' dir='ltr'><strong>sunt;</strong></span> <span class='ocrx_word' id='word_1_205' title='bbox 2593 1520 2612 1554; x_wconf 80' lang='grc' dir='ltr'><strong>ι</strong></span> <span class='ocrx_word' id='word_1_206' title='bbox 2646 1501 2712 1556; x_wconf 86' lang='lat' dir='ltr'><strong>Et</strong></span> <span class='ocrx_word' id='word_1_207' title='bbox 2747 1502 2862 1571; x_wconf 83' lang='lat' dir='ltr'><strong>jam</strong></span> <span class='ocrx_word' id='word_1_208' title='bbox 2905 1504 3042 1574; x_wconf 80' lang='lat' dir='ltr'><strong>ignis</strong></span> <span class='ocrx_word' id='word_1_209' title='bbox 3076 1504 3418 1558; x_wconf 83' lang='lat' dir='ltr'><strong>adversarios</strong></span> <span class='ocrx_word' id='word_1_210' title='bbox 3445 1503 3538 1559; x_wconf 84' lang='lat' dir='ltr'><strong>de-</strong></span> 
     </span>
    </p>
   </div>
   <div class='ocr_carea' id='block_1_31' title="bbox 1966 1594 3538 1666">
    <p class='ocr_par' dir='ltr' id='par_1_31' title="bbox 1966 1594 3538 1666">
     <span class='ocr_line' id='line_1_31' title="bbox 1966 1594 3538 1666; baseline 0.003 -22"><span class='ocrx_word' id='word_1_211' title='bbox 1966 1601 2154 1658; x_wconf 70' lang='lat' dir='ltr'><strong>vorat;</strong></span> <span class='ocrx_word' id='word_1_212' title='bbox 2199 1611 2218 1644; x_wconf 77' lang='grc' dir='ltr'><strong>ι</strong></span> <span class='ocrx_word' id='word_1_213' title='bbox 2279 1602 2466 1662; x_wconf 91' lang='lat' dir='ltr'><strong>utpote</strong></span> <span class='ocrx_word' id='word_1_214' title='bbox 2494 1594 2586 1664; x_wconf 90' lang='lat' dir='ltr'><strong>qui</strong></span> <span class='ocrx_word' id='word_1_215' title='bbox 2635 1596 2918 1650; x_wconf 74' lang='lat' dir='ltr'><strong>sententia:</strong></span> <span class='ocrx_word' id='word_1_216' title='bbox 2964 1595 3286 1666; x_wconf 88' lang='lat' dir='ltr'><strong>subjiciendi</strong></span> <span class='ocrx_word' id='word_1_217' title='bbox 3321 1597 3432 1650; x_wconf 86' lang='lat' dir='ltr'><strong>sint</strong></span> <span class='ocrx_word' id='word_1_218' title='bbox 3456 1596 3538 1648; x_wconf 82' lang='lat' dir='ltr'><strong>di-</strong></span> 
     </span>
    </p>
   </div>
   <div class='ocr_carea' id='block_1_32' title="bbox 1965 1686 3535 1758">
    <p class='ocr_par' dir='ltr' id='par_1_32' title="bbox 1965 1686 3535 1758">
     <span class='ocr_line' id='line_1_32' title="bbox 1965 1686 3535 1758; baseline 0.001 -18"><span class='ocrx_word' id='word_1_219' title='bbox 1965 1689 2134 1749; x_wconf 89' lang='lat' dir='ltr'><strong>ceuti,</strong></span> <span class='ocrx_word' id='word_1_220' title='bbox 2176 1704 2195 1738; x_wconf 80' lang='grc' dir='ltr'><strong>ι</strong></span> <span class='ocrx_word' id='word_1_221' title='bbox 2229 1686 2495 1741; x_wconf 86' lang='lat' dir='ltr'><strong>Discedite</strong></span> <span class='ocrx_word' id='word_1_222' title='bbox 2542 1691 2593 1740; x_wconf 93' lang='lat' dir='ltr'><strong>in</strong></span> <span class='ocrx_word' id='word_1_223' title='bbox 2650 1687 2829 1755; x_wconf 79' lang='lat' dir='ltr'><strong>ignem</strong></span> <span class='ocrx_word' id='word_1_224' title='bbox 2853 1696 3141 1754; x_wconf 67' lang='lat' dir='ltr'><strong>aeternum,</strong></span> <span class='ocrx_word' id='word_1_225' title='bbox 3173 1698 3535 1758; x_wconf 67' lang='lat' dir='ltr'><strong>[imparatum</strong></span> 
     </span>
    </p>
   </div>
   <div class='ocr_carea' id='block_1_33' title="bbox 1967 1778 3537 1849">
    <p class='ocr_par' dir='ltr' id='par_1_33' title="bbox 1967 1778 3537 1849">
     <span class='ocr_line' id='line_1_33' title="bbox 1967 1778 3537 1849; baseline 0.001 -19"><span class='ocrx_word' id='word_1_226' title='bbox 1967 1779 2183 1833; x_wconf 80' lang='lat' dir='ltr'><strong>diabolo</strong></span> <span class='ocrx_word' id='word_1_227' title='bbox 2215 1789 2268 1834; x_wconf 89' lang='lat' dir='ltr'><strong>et</strong></span> <span class='ocrx_word' id='word_1_228' title='bbox 2297 1780 2503 1848; x_wconf 81' lang='lat' dir='ltr'><strong>angelis</strong></span> <span class='ocrx_word' id='word_1_229' title='bbox 2527 1778 2645 1849; x_wconf 87' lang='lat' dir='ltr'><strong>ejus</strong></span> <span class='ocrx_word' id='word_1_230' title='bbox 2673 1780 2736 1833; x_wconf 83' lang='lat'><strong>&quot;.</strong></span> <span class='ocrx_word' id='word_1_231' title='bbox 2772 1799 2791 1832; x_wconf 70' lang='grc' dir='ltr'><strong>ι</strong></span> <span class='ocrx_word' id='word_1_232' title='bbox 2843 1778 2981 1847; x_wconf 84' lang='lat' dir='ltr'><strong>Quia</strong></span> <span class='ocrx_word' id='word_1_233' title='bbox 3031 1779 3204 1834; x_wconf 84' lang='lat' dir='ltr'><strong>lucem</strong></span> <span class='ocrx_word' id='word_1_234' title='bbox 3233 1796 3337 1834; x_wconf 84' lang='lat' dir='ltr'><strong>non</strong></span> <span class='ocrx_word' id='word_1_235' title='bbox 3379 1786 3537 1832; x_wconf 81' lang='lat' dir='ltr'><strong>acce-</strong></span> 
     </span>
    </p>
   </div>
   <div class='ocr_carea' id='block_1_34' title="bbox 274 1840 1858 1940">
    <p class='ocr_par' dir='ltr' id='par_1_34' title="bbox 274 1840 1858 1928">
     <span class='ocr_line' id='line_1_34' title="bbox 274 1840 1858 1928; baseline 0.011 -34"><span class='ocrx_word' id='word_1_236' title='bbox 274 1840 394 1910; x_wconf 72' lang='grc' dir='ltr'><strong>φῶς</strong></span> <span class='ocrx_word' id='word_1_237' title='bbox 431 1843 532 1896; x_wconf 76' lang='grc' dir='ltr'>οὐκ</span> <span class='ocrx_word' id='word_1_238' title='bbox 561 1841 831 1910; x_wconf 75' lang='grc' dir='ltr'>ἐδέξαντο,</span> <span class='ocrx_word' id='word_1_239' title='bbox 867 1847 1328 1920; x_wconf 77' lang='grc' dir='ltr'>παραδοθήσονται</span> <span class='ocrx_word' id='word_1_240' title='bbox 1360 1851 1438 1924; x_wconf 83' lang='grc' dir='ltr'>τῷ</span> <span class='ocrx_word' id='word_1_241' title='bbox 1476 1853 1611 1926; x_wconf 77' lang='grc' dir='ltr'>πυρὶ</span> <span class='ocrx_word' id='word_1_242' title='bbox 1658 1857 1752 1910; x_wconf 81' lang='grc' dir='ltr'><strong>καὶ</strong></span> <span class='ocrx_word' id='word_1_243' title='bbox 1783 1857 1858 1928; x_wconf 83' lang='grc' dir='ltr'><strong>τῷ</strong></span> 
     </span>
    </p>
   </div>
   <div class='ocr_carea' id='block_1_35' title="bbox 1965 1840 3024 1940">
    <p class='ocr_par' dir='ltr' id='par_1_35' title="bbox 1970 1870 3024 1940">
     <span class='ocr_line' id='line_1_35' title="bbox 1970 1870 3024 1940; baseline -0.002 -15"><span class='ocrx_word' id='word_1_244' title='bbox 1970 1880 2184 1940; x_wconf 85' lang='lat' dir='ltr'><strong>perunt,</strong></span> <span class='ocrx_word' id='word_1_245' title='bbox 2225 1871 2332 1940; x_wconf 78' lang='lat' dir='ltr'><strong>igni</strong></span> <span class='ocrx_word' id='word_1_246' title='bbox 2366 1888 2431 1925; x_wconf 91' lang='lat' dir='ltr'><strong>ac</strong></span> <span class='ocrx_word' id='word_1_247' title='bbox 2457 1870 2694 1926; x_wconf 86' lang='lat' dir='ltr'><strong>tenebris</strong></span> <span class='ocrx_word' id='word_1_248' title='bbox 2725 1874 3024 1926; x_wconf 86' lang='lat' dir='ltr'><strong>tradentur.</strong></span> 
     </span>
    </p>
   </div>
   <div class='ocr_carea' id='block_1_36' title="bbox 279 1933 488 1987">
    <p class='ocr_par' dir='ltr' id='par_1_36' title="bbox 279 1933 488 1987">
     <span class='ocr_line' id='line_1_36' title="bbox 279 1933 488 1987; baseline -0.005 -1"><span class='ocrx_word' id='word_1_249' title='bbox 279 1933 488 1987; x_wconf 75' lang='grc' dir='ltr'>σκότει.</span> 
     </span>
    </p>
   </div>
   <div class='ocr_carea' id='block_1_37' title="bbox 348 2023 1862 2108">
    <p class='ocr_par' dir='ltr' id='par_1_37' title="bbox 348 2023 1862 2108">
     <span class='ocr_line' id='line_1_37' title="bbox 348 2023 1862 2108; baseline 0.013 -32"><span class='ocrx_word' id='word_1_250' title='bbox 348 2041 370 2075; x_wconf 75' lang='grc' dir='ltr'><strong>ι</strong></span> <span class='ocrx_word' id='word_1_251' title='bbox 400 2023 576 2096; x_wconf 77' lang='grc' dir='ltr'>Κύριε</span> <span class='ocrx_word' id='word_1_252' title='bbox 637 2027 666 2079; x_wconf 97' lang='lat'><strong>6</strong></span> <span class='ocrx_word' id='word_1_253' title='bbox 709 2026 841 2091; x_wconf 84' lang='grc' dir='ltr'>Θεὸς</span> <span class='ocrx_word' id='word_1_254' title='bbox 879 2028 1054 2100; x_wconf 82' lang='grc' dir='ltr'>ἡμῶν,</span> <span class='ocrx_word' id='word_1_255' title='bbox 1091 2032 1312 2104; x_wconf 77' lang='grc' dir='ltr'>εἰρήνην</span> <span class='ocrx_word' id='word_1_256' title='bbox 1348 2033 1436 2099; x_wconf 86' lang='grc' dir='ltr'>δὸς</span> <span class='ocrx_word' id='word_1_257' title='bbox 1461 2037 1590 2108; x_wconf 75' lang='grc' dir='ltr'>ἡμῖν</span> <span class='ocrx_word' id='word_1_258' title='bbox 1616 2055 1630 2069; x_wconf 85' lang='grc'><strong>·</strong></span> <span class='ocrx_word' id='word_1_259' title='bbox 1684 2042 1862 2094; x_wconf 85' lang='grc' dir='ltr'>πάντα</span> 
     </span>
    </p>
   </div>
   <div class='ocr_carea' id='block_1_38' title="bbox 273 2111 1865 2204">
    <p class='ocr_par' dir='ltr' id='par_1_38' title="bbox 273 2111 1865 2204">
     <span class='ocr_line' id='line_1_38' title="bbox 273 2111 1865 2204; baseline 0.011 -38"><span class='ocrx_word' id='word_1_260' title='bbox 273 2111 384 2189; x_wconf 77' lang='grc' dir='ltr'><strong>γὰρ</strong></span> <span class='ocrx_word' id='word_1_261' title='bbox 439 2115 730 2179; x_wconf 80' lang='grc' dir='ltr'>ἀπέδωκας</span> <span class='ocrx_word' id='word_1_262' title='bbox 792 2120 943 2188; x_wconf 75' lang='grc' dir='ltr'>ἡμῖν.</span> <span class='ocrx_word' id='word_1_263' title='bbox 991 2120 1163 2193; x_wconf 84' lang='grc' dir='ltr'>Κύριε</span> <span class='ocrx_word' id='word_1_264' title='bbox 1211 2125 1240 2176; x_wconf 89' lang='lat'><strong>6</strong></span> <span class='ocrx_word' id='word_1_265' title='bbox 1280 2124 1412 2190; x_wconf 84' lang='grc' dir='ltr'>Θεὸς</span> <span class='ocrx_word' id='word_1_266' title='bbox 1449 2129 1625 2199; x_wconf 80' lang='grc' dir='ltr'>ἡμῶν,</span> <span class='ocrx_word' id='word_1_267' title='bbox 1664 2133 1865 2204; x_wconf 80' lang='grc' dir='ltr'>κτῆσαι</span> 
     </span>
    </p>
   </div>
   <div class='ocr_carea' id='block_1_39' title="bbox 273 2205 1862 2296">
    <p class='ocr_par' dir='ltr' id='par_1_39' title="bbox 273 2205 1862 2296">
     <span class='ocr_line' id='line_1_39' title="bbox 273 2205 1862 2296; baseline 0.014 -39"><span class='ocrx_word' id='word_1_268' title='bbox 273 2205 442 2276; x_wconf 72' lang='grc' dir='ltr'>ἡμᾶς.</span> <span class='ocrx_word' id='word_1_269' title='bbox 473 2206 668 2279; x_wconf 83' lang='grc' dir='ltr'>Κύριε,</span> <span class='ocrx_word' id='word_1_270' title='bbox 699 2209 856 2275; x_wconf 78' lang='grc' dir='ltr'>ἐκτὸς</span> <span class='ocrx_word' id='word_1_271' title='bbox 883 2211 975 2264; x_wconf 87' lang='grc' dir='ltr'><strong>σοῦ</strong></span> <span class='ocrx_word' id='word_1_272' title='bbox 1007 2212 1163 2267; x_wconf 83' lang='grc' dir='ltr'>ἄλλον</span> <span class='ocrx_word' id='word_1_273' title='bbox 1190 2217 1289 2270; x_wconf 81' lang='grc' dir='ltr'>οὐκ</span> <span class='ocrx_word' id='word_1_274' title='bbox 1316 2219 1537 2290; x_wconf 77' lang='grc' dir='ltr'>οἴδαμεν</span> <span class='ocrx_word' id='word_1_275' title='bbox 1555 2238 1570 2253; x_wconf 74' lang='grc' dir='ltr'><strong><em>ο</em></strong></span> <span class='ocrx_word' id='word_1_276' title='bbox 1603 2221 1662 2277; x_wconf 86' lang='grc' dir='ltr'><strong>τδ</strong></span> <span class='ocrx_word' id='word_1_277' title='bbox 1691 2225 1862 2296; x_wconf 73' lang='grc' dir='ltr'>ὄνομά</span> 
     </span>
    </p>
   </div>
   <div class='ocr_carea' id='block_1_40' title="bbox 275 2298 1865 2391">
    <p class='ocr_par' dir='ltr' id='par_1_40' title="bbox 275 2298 1865 2391">
     <span class='ocr_line' id='line_1_40' title="bbox 275 2298 1865 2391; baseline 0.014 -42"><span class='ocrx_word' id='word_1_278' title='bbox 275 2313 368 2391; x_wconf 69' lang='grc' dir='ltr'><strong>σου</strong></span> <span class='ocrx_word' id='word_1_279' title='bbox 398 2298 760 2391; x_wconf 77' lang='grc' dir='ltr'>ὀνομάζομεν.</span> <span class='ocrx_word' id='word_1_280' title='bbox 801 2323 819 2354; x_wconf 77' lang='grc' dir='ltr'><strong>ι</strong></span> <span class='ocrx_word' id='word_1_281' title='bbox 851 2305 1007 2360; x_wconf 78' lang='grc' dir='ltr'>Καλὰ</span> <span class='ocrx_word' id='word_1_282' title='bbox 1044 2309 1140 2379; x_wconf 81' lang='grc' dir='ltr'>μὲν</span> <span class='ocrx_word' id='word_1_283' title='bbox 1173 2309 1282 2382; x_wconf 83' lang='grc' dir='ltr'><strong>γάρ</strong></span> <span class='ocrx_word' id='word_1_284' title='bbox 1315 2312 1408 2365; x_wconf 79' lang='grc' dir='ltr'>καὶ</span> <span class='ocrx_word' id='word_1_285' title='bbox 1440 2313 1507 2368; x_wconf 74' lang='grc' dir='ltr'><strong>τά</strong></span> <span class='ocrx_word' id='word_1_286' title='bbox 1536 2314 1670 2370; x_wconf 77' lang='grc' dir='ltr'>ἄλλα</span> <span class='ocrx_word' id='word_1_287' title='bbox 1710 2321 1865 2391; x_wconf 83' lang='grc' dir='ltr'>ποιρά</span> 
     </span>
    </p>
   </div>
   <div class='ocr_carea' id='block_1_41' title="bbox 275 2387 1857 2484">
    <p class='ocr_par' dir='ltr' id='par_1_41' title="bbox 275 2387 1857 2484">
     <span class='ocr_line' id='line_1_41' title="bbox 275 2387 1857 2484; baseline 0.016 -44"><span class='ocrx_word' id='word_1_288' title='bbox 275 2387 368 2442; x_wconf 82' lang='grc' dir='ltr'><strong>σοῦ</strong></span> <span class='ocrx_word' id='word_1_289' title='bbox 405 2389 584 2444; x_wconf 84' lang='grc' dir='ltr'>πάντα</span> <span class='ocrx_word' id='word_1_290' title='bbox 607 2407 623 2422; x_wconf 72' lang='grc' dir='ltr'><strong>ο</strong></span> <span class='ocrx_word' id='word_1_291' title='bbox 651 2393 713 2446; x_wconf 76' lang='grc' dir='ltr'><strong>τὸ</strong></span> <span class='ocrx_word' id='word_1_292' title='bbox 743 2394 798 2447; x_wconf 78' lang='grc' dir='ltr'>δὲ</span> <span class='ocrx_word' id='word_1_293' title='bbox 824 2395 1083 2466; x_wconf 80' lang='grc' dir='ltr'>μέγιστον</span> <span class='ocrx_word' id='word_1_294' title='bbox 1101 2398 1272 2472; x_wconf 90' lang='grc' dir='ltr'>δῶρον</span> <span class='ocrx_word' id='word_1_295' title='bbox 1305 2404 1338 2474; x_wconf 76' lang='grc' dir='ltr'><strong>ἡ</strong></span> <span class='ocrx_word' id='word_1_296' title='bbox 1373 2404 1524 2476; x_wconf 85' lang='grc' dir='ltr'><strong>παρά</strong></span> <span class='ocrx_word' id='word_1_297' title='bbox 1559 2407 1674 2473; x_wconf 91' lang='grc' dir='ltr'>σοῦ,</span> <span class='ocrx_word' id='word_1_298' title='bbox 1708 2387 1857 2484; x_wconf 68' lang='grc' dir='ltr'>καίή</span> 
     </span>
    </p>
   </div>
   <div class='ocr_carea' id='block_1_42' title="bbox 274 2481 1920 2574">
    <p class='ocr_par' dir='ltr' id='par_1_42' title="bbox 274 2481 1920 2574">
     <span class='ocr_line' id='line_1_42' title="bbox 274 2481 1920 2574; baseline 0.016 -43"><span class='ocrx_word' id='word_1_299' title='bbox 274 2481 413 2574; x_wconf 79' lang='grc' dir='ltr'>πρὸς</span> <span class='ocrx_word' id='word_1_300' title='bbox 437 2483 629 2536; x_wconf 79' lang='grc' dir='ltr'>ἑαυτὸν</span> <span class='ocrx_word' id='word_1_301' title='bbox 665 2488 857 2559; x_wconf 82' lang='grc' dir='ltr'>εἰρήνη</span> <span class='ocrx_word' id='word_1_302' title='bbox 894 2491 1171 2562; x_wconf 79' lang='grc' dir='ltr'>τυγχάνει,</span> <span class='ocrx_word' id='word_1_303' title='bbox 1208 2493 1276 2548; x_wconf 77' lang='grc' dir='ltr'><strong>ἵν’</strong></span> <span class='ocrx_word' id='word_1_304' title='bbox 1307 2495 1656 2553; x_wconf 82' lang='grc' dir='ltr'>ἀστασίαστοι</span> <span class='ocrx_word' id='word_1_305' title='bbox 1691 2481 1860 2574; x_wconf 75' lang='grc' dir='ltr'>ὦμεν,</span> <span class='ocrx_word' id='word_1_306' title='bbox 1897 2489 1920 2504; x_wconf 22' lang='grc' dir='ltr'>Σ</span> 
     </span>
    </p>
   </div>
   <div class='ocr_carea' id='block_1_43' title="bbox 275 2573 1860 2667">
    <p class='ocr_par' dir='ltr' id='par_1_43' title="bbox 275 2573 1860 2667">
     <span class='ocr_line' id='line_1_43' title="bbox 275 2573 1860 2667; baseline 0.016 -42"><span class='ocrx_word' id='word_1_307' title='bbox 275 2573 370 2667; x_wconf 71' lang='grc' dir='ltr'><strong>καὶ</strong></span> <span class='ocrx_word' id='word_1_308' title='bbox 395 2574 727 2667; x_wconf 69' lang='grc' dir='ltr'>χρονεύουσα</span> <span class='ocrx_word' id='word_1_309' title='bbox 751 2581 884 2650; x_wconf 89' lang='grc' dir='ltr'>πρὸς</span> <span class='ocrx_word' id='word_1_310' title='bbox 907 2583 966 2634; x_wconf 86' lang='grc' dir='ltr'>σὲ</span> <span class='ocrx_word' id='word_1_311' title='bbox 994 2583 1284 2652; x_wconf 82' lang='grc' dir='ltr'>διαπαντὸς</span> <span class='ocrx_word' id='word_1_312' title='bbox 1305 2588 1620 2656; x_wconf 76' lang='grc' dir='ltr'>φυλάττοιτο</span> <span class='ocrx_word' id='word_1_313' title='bbox 1650 2573 1799 2665; x_wconf 72' lang='grc' dir='ltr'>ἡμῶν</span> <span class='ocrx_word' id='word_1_314' title='bbox 1826 2599 1860 2667; x_wconf 82' lang='grc' dir='ltr'><strong>ἡ</strong></span> 
     </span>
    </p>
   </div>
   <div class='ocr_carea' id='block_1_44' title="bbox 273 2662 1862 2755">
    <p class='ocr_par' dir='ltr' id='par_1_44' title="bbox 273 2662 1862 2755">
     <span class='ocr_line' id='line_1_44' title="bbox 273 2662 1862 2755; baseline 0.018 -41"><span class='ocrx_word' id='word_1_315' title='bbox 273 2662 442 2736; x_wconf 66' lang='grc' dir='ltr'>ψυχή.</span> <span class='ocrx_word' id='word_1_316' title='bbox 479 2665 651 2721; x_wconf 88' lang='grc' dir='ltr'>Τοῦτο</span> <span class='ocrx_word' id='word_1_317' title='bbox 680 2667 724 2721; x_wconf 84' lang='grc' dir='ltr'>δ’</span> <span class='ocrx_word' id='word_1_318' title='bbox 747 2669 812 2723; x_wconf 80' lang='grc' dir='ltr'>ἂν</span> <span class='ocrx_word' id='word_1_319' title='bbox 838 2671 1062 2740; x_wconf 81' lang='grc' dir='ltr'>γένοιτο,</span> <span class='ocrx_word' id='word_1_320' title='bbox 1097 2678 1146 2729; x_wconf 87' lang='grc' dir='ltr'><strong>εἰ</strong></span> <span class='ocrx_word' id='word_1_321' title='bbox 1174 2679 1488 2754; x_wconf 78' lang='grc' dir='ltr'>καταξιὼσῃ</span> <span class='ocrx_word' id='word_1_322' title='bbox 1520 2662 1705 2755; x_wconf 69' lang='grc' dir='ltr'>κτῆμα</span> <span class='ocrx_word' id='word_1_323' title='bbox 1739 2662 1862 2741; x_wconf 50' lang='grc' dir='ltr'>σαυλ</span> 
     </span>
    </p>
   </div>
   <div class='ocr_carea' id='block_1_45' title="bbox 273 2755 1860 2843">
    <p class='ocr_par' dir='ltr' id='par_1_45' title="bbox 273 2755 1860 2843">
     <span class='ocr_line' id='line_1_45' title="bbox 273 2755 1860 2843; baseline 0.016 -36"><span class='ocrx_word' id='word_1_324' title='bbox 273 2755 366 2809; x_wconf 83' lang='grc' dir='ltr'><strong>τοῦ</strong></span> <span class='ocrx_word' id='word_1_325' title='bbox 417 2757 550 2812; x_wconf 75' lang='grc' dir='ltr'>ἴδιον</span> <span class='ocrx_word' id='word_1_326' title='bbox 582 2760 835 2828; x_wconf 84' lang='grc' dir='ltr'>γενέσθαι</span> <span class='ocrx_word' id='word_1_327' title='bbox 869 2765 1047 2836; x_wconf 72' lang='grc' dir='ltr'>ἡμᾶς’</span> <span class='ocrx_word' id='word_1_328' title='bbox 1077 2770 1198 2823; x_wconf 75' lang='grc' dir='ltr'>ἐπεὶ</span> <span class='ocrx_word' id='word_1_329' title='bbox 1225 2772 1316 2824; x_wconf 71' lang='grc' dir='ltr'>καὶ</span> <span class='ocrx_word' id='word_1_330' title='bbox 1355 2775 1517 2843; x_wconf 76' lang='grc' dir='ltr'>ἡμεῖς</span> <span class='ocrx_word' id='word_1_331' title='bbox 1558 2777 1658 2830; x_wconf 85' lang='grc' dir='ltr'>οὐκ</span> <span class='ocrx_word' id='word_1_332' title='bbox 1702 2778 1860 2833; x_wconf 80' lang='grc' dir='ltr'>ἄλλον</span> 
     </span>
    </p>
   </div>
   <div class='ocr_carea' id='block_1_46' title="bbox 273 2846 1860 2945">
    <p class='ocr_par' dir='ltr' id='par_1_46' title="bbox 273 2846 1860 2945">
     <span class='ocr_line' id='line_1_46' title="bbox 273 2846 1860 2945; baseline 0.018 -48"><span class='ocrx_word' id='word_1_333' title='bbox 273 2846 394 2899; x_wconf 79' lang='grc' dir='ltr'>τινά</span> <span class='ocrx_word' id='word_1_334' title='bbox 423 2847 646 2921; x_wconf 79' lang='grc' dir='ltr'>οἴδαμεν</span> <span class='ocrx_word' id='word_1_335' title='bbox 678 2851 710 2922; x_wconf 80' lang='grc' dir='ltr'>ἣ</span> <span class='ocrx_word' id='word_1_336' title='bbox 746 2851 828 2918; x_wconf 79' lang='grc' dir='ltr'>σὲ,</span> <span class='ocrx_word' id='word_1_337' title='bbox 854 2856 949 2909; x_wconf 75' lang='grc' dir='ltr'>καὶ</span> <span class='ocrx_word' id='word_1_338' title='bbox 987 2859 1133 2931; x_wconf 85' lang='grc' dir='ltr'>μόνῳ</span> <span class='ocrx_word' id='word_1_339' title='bbox 1171 2861 1248 2934; x_wconf 81' lang='grc' dir='ltr'>τῷ</span> <span class='ocrx_word' id='word_1_340' title='bbox 1272 2864 1497 2936; x_wconf 85' lang='grc' dir='ltr'>ὀνόματί</span> <span class='ocrx_word' id='word_1_341' title='bbox 1530 2884 1624 2921; x_wconf 87' lang='grc' dir='ltr'><strong>σου</strong></span> <span class='ocrx_word' id='word_1_342' title='bbox 1663 2870 1860 2945; x_wconf 74' lang='grc' dir='ltr'>τεθαρ-</span> 
     </span>
    </p>
   </div>
   <div class='ocr_carea' id='block_1_47' title="bbox 274 2939 1859 3034">
    <p class='ocr_par' dir='ltr' id='par_1_47' title="bbox 274 2939 1859 3034">
     <span class='ocr_line' id='line_1_47' title="bbox 274 2939 1859 3034; baseline 0.017 -44"><span class='ocrx_word' id='word_1_343' title='bbox 274 2939 738 3034; x_wconf 30' lang='grc' dir='ltr'>ρήκαμέενίβυτε</span> <span class='ocrx_word' id='word_1_344' title='bbox 801 2947 982 3002; x_wconf 81' lang='grc' dir='ltr'>τοίνυν</span> <span class='ocrx_word' id='word_1_345' title='bbox 1046 2952 1236 3008; x_wconf 81' lang='grc' dir='ltr'>οὐδένα</span> <span class='ocrx_word' id='word_1_346' title='bbox 1295 2956 1479 3028; x_wconf 77' lang='grc' dir='ltr'>ἕτερον</span> <span class='ocrx_word' id='word_1_347' title='bbox 1516 2939 1859 3034; x_wconf 69' lang='grc' dir='ltr'>ἐκεκτήμεθα</span> 
     </span>
    </p>
   </div>
   <div class='ocr_carea' id='block_1_48' title="bbox 275 3028 1858 3118">
    <p class='ocr_par' dir='ltr' id='par_1_48' title="bbox 275 3028 1858 3118">
     <span class='ocr_line' id='line_1_48' title="bbox 275 3028 1858 3118; baseline 0.017 -38"><span class='ocrx_word' id='word_1_348' title='bbox 275 3028 332 3118; x_wconf 54' lang='grc' dir='ltr'><strong>ἀν</strong></span> <span class='ocrx_word' id='word_1_349' title='bbox 384 3029 476 3118; x_wconf 83' lang='grc' dir='ltr'><strong>τῷ</strong></span> <span class='ocrx_word' id='word_1_350' title='bbox 545 3031 646 3104; x_wconf 84' lang='grc' dir='ltr'><strong>βίῳ</strong></span> <span class='ocrx_word' id='word_1_351' title='bbox 706 3035 738 3107; x_wconf 75' lang='grc' dir='ltr'><strong>ἢ</strong></span> <span class='ocrx_word' id='word_1_352' title='bbox 807 3037 886 3103; x_wconf 83' lang='grc' dir='ltr'>σὲ,</span> <span class='ocrx_word' id='word_1_353' title='bbox 957 3040 1180 3106; x_wconf 80' lang='grc' dir='ltr'>εἰκότως</span> <span class='ocrx_word' id='word_1_354' title='bbox 1236 3045 1622 3118; x_wconf 79' lang='grc' dir='ltr'>ἀντιϐολοῦμεν</span> <span class='ocrx_word' id='word_1_355' title='bbox 1689 3028 1858 3108; x_wconf 76' lang='grc' dir='ltr'>κατα-</span> 
     </span>
    </p>
   </div>
   <div class='ocr_carea' id='block_1_49' title="bbox 275 3117 1856 3205">
    <p class='ocr_par' dir='ltr' id='par_1_49' title="bbox 275 3117 1856 3205">
     <span class='ocr_line' id='line_1_49' title="bbox 275 3117 1856 3205; baseline 0.018 -35"><span class='ocrx_word' id='word_1_356' title='bbox 275 3117 532 3190; x_wconf 81' lang='grc' dir='ltr'>ξιωθῆναι</span> <span class='ocrx_word' id='word_1_357' title='bbox 586 3121 685 3193; x_wconf 84' lang='grc' dir='ltr'><strong>τῆς</strong></span> <span class='ocrx_word' id='word_1_358' title='bbox 737 3125 836 3196; x_wconf 90' lang='grc' dir='ltr'><strong>σῆς</strong></span> <span class='ocrx_word' id='word_1_359' title='bbox 887 3129 1140 3197; x_wconf 83' lang='grc' dir='ltr'>γενέσθαι</span> <span class='ocrx_word' id='word_1_360' title='bbox 1192 3133 1406 3205; x_wconf 84' lang='grc' dir='ltr'>μερίδος</span> <span class='ocrx_word' id='word_1_361' title='bbox 1461 3139 1557 3191; x_wconf 76' lang='grc' dir='ltr'>καὶ</span> <span class='ocrx_word' id='word_1_362' title='bbox 1607 3141 1702 3193; x_wconf 88' lang='grc' dir='ltr'><strong>τοῦ</strong></span> <span class='ocrx_word' id='word_1_363' title='bbox 1762 3144 1856 3198; x_wconf 88' lang='grc' dir='ltr'><strong>σοῦ</strong></span> 
     </span>
    </p>
   </div>
   <div class='ocr_carea' id='block_1_50' title="bbox 277 3212 581 3284">
    <p class='ocr_par' dir='ltr' id='par_1_50' title="bbox 277 3212 581 3284">
     <span class='ocr_line' id='line_1_50' title="bbox 277 3212 581 3284; baseline 0.01 -19"><span class='ocrx_word' id='word_1_364' title='bbox 277 3212 500 3284; x_wconf 72' lang='grc' dir='ltr'>κλήρου.</span> <span class='ocrx_word' id='word_1_365' title='bbox 577 3232 581 3237; x_wconf 64' lang='lat'><strong>‘</strong></span> 
     </span>
    </p>
   </div>
   <div class='ocr_carea' id='block_1_51' title="bbox 348 3306 1856 3399">
    <p class='ocr_par' dir='ltr' id='par_1_51' title="bbox 348 3306 1856 3399">
     <span class='ocr_line' id='line_1_51' title="bbox 348 3306 1856 3399; baseline 0.017 -43"><span class='ocrx_word' id='word_1_366' title='bbox 348 3307 477 3399; x_wconf 15' lang='lat'><strong>(70?.</strong></span> <span class='ocrx_word' id='word_1_367' title='bbox 518 3306 576 3360; x_wconf 81' lang='grc' dir='ltr'>δὲ</span> <span class='ocrx_word' id='word_1_368' title='bbox 607 3311 790 3381; x_wconf 85' lang='grc' dir='ltr'>νεκροί</span> <span class='ocrx_word' id='word_1_369' title='bbox 816 3311 959 3383; x_wconf 81' lang='grc' dir='ltr'>ζωὴν</span> <span class='ocrx_word' id='word_1_370' title='bbox 994 3314 1054 3366; x_wconf 82' lang='grc' dir='ltr'><strong>ού</strong></span> <span class='ocrx_word' id='word_1_371' title='bbox 1085 3315 1160 3388; x_wconf 84' lang='grc' dir='ltr'>μὴ</span> <span class='ocrx_word' id='word_1_372' title='bbox 1195 3317 1398 3386; x_wconf 80' lang='grc' dir='ltr'>ἴδωσιν,</span> <span class='ocrx_word' id='word_1_373' title='bbox 1427 3322 1546 3376; x_wconf 70' lang='grc' dir='ltr'>οὐδὲ</span> <span class='ocrx_word' id='word_1_374' title='bbox 1594 3326 1768 3399; x_wconf 77' lang='grc' dir='ltr'>ἰατροὶ</span> <span class='ocrx_word' id='word_1_375' title='bbox 1795 3327 1856 3380; x_wconf 84' lang='grc' dir='ltr'><strong>ού</strong></span> 
     </span>
    </p>
   </div>
   <div class='ocr_carea' id='block_1_52' title="bbox 277 3394 1854 3482">
    <p class='ocr_par' dir='ltr' id='par_1_52' title="bbox 277 3394 1854 3482">
     <span class='ocr_line' id='line_1_52' title="bbox 277 3394 1854 3482; baseline 0.016 -34"><span class='ocrx_word' id='word_1_376' title='bbox 277 3394 352 3469; x_wconf 78' lang='grc' dir='ltr'>μὴ</span> <span class='ocrx_word' id='word_1_377' title='bbox 369 3398 739 3472; x_wconf 81' lang='grc' dir='ltr'>ἀναστήσωσι.</span> <span class='ocrx_word' id='word_1_378' title='bbox 773 3405 872 3459; x_wconf 87' lang='grc' dir='ltr'>Διά</span> <span class='ocrx_word' id='word_1_379' title='bbox 899 3406 1059 3460; x_wconf 90' lang='grc' dir='ltr'>τοῦτο</span> <span class='ocrx_word' id='word_1_380' title='bbox 1090 3409 1397 3480; x_wconf 80' lang='grc' dir='ltr'>ἀπήγαγες,</span> <span class='ocrx_word' id='word_1_381' title='bbox 1434 3416 1527 3468; x_wconf 80' lang='grc' dir='ltr'>καὶ</span> <span class='ocrx_word' id='word_1_382' title='bbox 1547 3394 1854 3482; x_wconf 82' lang='grc' dir='ltr'>ἀπώλεσας,</span> 
     </span>
    </p>
   </div>
   <div class='ocr_carea' id='block_1_53' title="bbox 277 3580 1858 3676">
    <p class='ocr_par' dir='ltr' id='par_1_53' title="bbox 277 3580 1858 3676">
     <span class='ocr_line' id='line_1_53' title="bbox 277 3580 1858 3676; baseline 0.017 -45"><span class='ocrx_word' id='word_1_383' title='bbox 277 3580 356 3633; x_wconf 75' lang='grc' dir='ltr'>σοὶ</span> <span class='ocrx_word' id='word_1_384' title='bbox 388 3582 585 3676; x_wconf 65' lang='grc' dir='ltr'>ἐσμεν,</span> <span class='ocrx_word' id='word_1_385' title='bbox 606 3583 800 3657; x_wconf 86' lang='grc' dir='ltr'>Κύριε,</span> <span class='ocrx_word' id='word_1_386' title='bbox 821 3588 915 3641; x_wconf 70' lang='grc' dir='ltr'><strong>κα)⁸</strong></span> <span class='ocrx_word' id='word_1_387' title='bbox 951 3592 1013 3644; x_wconf 80' lang='grc' dir='ltr'>σὺ</span> <span class='ocrx_word' id='word_1_388' title='bbox 1043 3592 1104 3644; x_wconf 90' lang='grc' dir='ltr'>τὸ</span> <span class='ocrx_word' id='word_1_389' title='bbox 1136 3594 1401 3668; x_wconf 78' lang='grc' dir='ltr'>ἡμέτερον</span> <span class='ocrx_word' id='word_1_390' title='bbox 1432 3599 1695 3672; x_wconf 79' lang='grc' dir='ltr'>ὑπάρχεις</span> <span class='ocrx_word' id='word_1_391' title='bbox 1721 3604 1858 3676; x_wconf 88' lang='grc' dir='ltr'>κτῆ-</span> 
     </span>
    </p>
   </div>
   <div class='ocr_carea' id='block_1_54' title="bbox 275 3673 1858 3757">
    <p class='ocr_par' dir='ltr' id='par_1_54' title="bbox 275 3673 1858 3757">
     <span class='ocr_line' id='line_1_54' title="bbox 275 3673 1858 3757; baseline 0.015 -34"><span class='ocrx_word' id='word_1_392' title='bbox 275 3687 348 3742; x_wconf 85' lang='grc' dir='ltr'><strong>μα</strong></span> <span class='ocrx_word' id='word_1_393' title='bbox 364 3689 378 3702; x_wconf 91' lang='grc'><strong>·</strong></span> <span class='ocrx_word' id='word_1_394' title='bbox 405 3673 457 3726; x_wconf 82' lang='lat' dir='ltr'><strong>oi</strong></span> <span class='ocrx_word' id='word_1_395' title='bbox 482 3673 538 3727; x_wconf 78' lang='grc' dir='ltr'>δὲ</span> <span class='ocrx_word' id='word_1_396' title='bbox 559 3678 677 3740; x_wconf 86' lang='grc' dir='ltr'>ταῖς</span> <span class='ocrx_word' id='word_1_397' title='bbox 699 3677 833 3749; x_wconf 81' lang='grc' dir='ltr'>πρὸς</span> <span class='ocrx_word' id='word_1_398' title='bbox 853 3679 1079 3735; x_wconf 86' lang='grc' dir='ltr'>θάνατον</span> <span class='ocrx_word' id='word_1_399' title='bbox 1113 3685 1406 3757; x_wconf 78' lang='grc' dir='ltr'>ἁμαρτίαις</span> <span class='ocrx_word' id='word_1_400' title='bbox 1435 3689 1662 3756; x_wconf 78' lang='grc' dir='ltr'>ἑαυτοὺς</span> <span class='ocrx_word' id='word_1_401' title='bbox 1684 3673 1858 3746; x_wconf 77' lang='grc' dir='ltr'>ἐκδόν-</span> 
     </span>
    </p>
   </div>
   <div class='ocr_carea' id='block_1_55' title="bbox 272 3766 1857 3855">
    <p class='ocr_par' dir='ltr' id='par_1_55' title="bbox 272 3766 1857 3855">
     <span class='ocr_line' id='line_1_55' title="bbox 272 3766 1857 3855; baseline 0.014 -38"><span class='ocrx_word' id='word_1_402' title='bbox 272 3781 380 3829; x_wconf 89' lang='grc' dir='ltr'>τες,</span> <span class='ocrx_word' id='word_1_403' title='bbox 414 3768 509 3820; x_wconf 76' lang='grc' dir='ltr'>καὶ</span> <span class='ocrx_word' id='word_1_404' title='bbox 538 3766 626 3820; x_wconf 81' lang='grc' dir='ltr'><strong>διά</strong></span> <span class='ocrx_word' id='word_1_405' title='bbox 650 3767 811 3823; x_wconf 91' lang='grc' dir='ltr'>τοῦτο</span> <span class='ocrx_word' id='word_1_406' title='bbox 829 3774 1015 3842; x_wconf 79' lang='grc' dir='ltr'>νεκροὶ</span> <span class='ocrx_word' id='word_1_407' title='bbox 1041 3774 1138 3838; x_wconf 85' lang='grc' dir='ltr'>τὰς</span> <span class='ocrx_word' id='word_1_408' title='bbox 1163 3775 1337 3847; x_wconf 76' lang='grc' dir='ltr'>ψυχάς</span> <span class='ocrx_word' id='word_1_409' title='bbox 1363 3781 1642 3852; x_wconf 88' lang='grc' dir='ltr'>γενόμενοι</span> <span class='ocrx_word' id='word_1_410' title='bbox 1661 3800 1674 3813; x_wconf 91' lang='grc'><strong>·</strong></span> <span class='ocrx_word' id='word_1_411' title='bbox 1714 3803 1732 3834; x_wconf 73' lang='grc' dir='ltr'><strong>ε</strong></span> <span class='ocrx_word' id='word_1_412' title='bbox 1755 3785 1857 3855; x_wconf 70' lang='grc' dir='ltr'>ψυ-</span> 
     </span>
    </p>
   </div>
   <div class='ocr_carea' id='block_1_56' title="bbox 271 3856 1854 3950">
    <p class='ocr_par' dir='ltr' id='par_1_56' title="bbox 271 3856 1854 3950">
     <span class='ocr_line' id='line_1_56' title="bbox 271 3856 1854 3950; baseline 0.016 -44"><span class='ocrx_word' id='word_1_413' title='bbox 375 3877 394 3908; x_wconf 77' lang='grc' dir='ltr'><strong>ι</strong></span> <span class='ocrx_word' id='word_1_414' title='bbox 433 3857 547 3930; x_wconf 89' lang='grc' dir='ltr'><strong>γάρ</strong></span> <span class='ocrx_word' id='word_1_415' title='bbox 588 3878 606 3910; x_wconf 77' lang='grc' dir='ltr'><strong>ι</strong></span> <span class='ocrx_word' id='word_1_416' title='bbox 646 3861 1058 3936; x_wconf 81' lang='grc' dir='ltr'>ἁμαρτάνουσα,</span> <span class='ocrx_word' id='word_1_417' title='bbox 1107 3867 1244 3940; x_wconf 81' lang='grc' dir='ltr'>αῦτη</span> <span class='ocrx_word' id='word_1_418' title='bbox 1273 3871 1660 3928; x_wconf 84' lang='grc' dir='ltr'>ἀποθανεῖται’</span> <span class='ocrx_word' id='word_1_419' title='bbox 1698 3895 1717 3928; x_wconf 75' lang='grc' dir='ltr'><strong>ι</strong></span> <span class='ocrx_word' id='word_1_420' title='bbox 1757 3880 1854 3950; x_wconf 82' lang='grc' dir='ltr'>τὴν</span> 
     </span>
    </p>
   </div>
   <div class='ocr_carea' id='block_1_57' title="bbox 270 3948 1858 4043">
    <p class='ocr_par' dir='ltr' id='par_1_57' title="bbox 270 3948 1858 4043">
     <span class='ocr_line' id='line_1_57' title="bbox 270 3948 1858 4043; baseline 0.016 -41"><span class='ocrx_word' id='word_1_421' title='bbox 270 3948 322 4002; x_wconf 78' lang='grc' dir='ltr'>δὲ</span> <span class='ocrx_word' id='word_1_422' title='bbox 347 3951 768 4043; x_wconf 77' lang='grc' dir='ltr'>ἐπηγγελμένην</span> <span class='ocrx_word' id='word_1_423' title='bbox 796 3958 907 4019; x_wconf 82' lang='grc' dir='ltr'>τοῖς</span> <span class='ocrx_word' id='word_1_424' title='bbox 934 3958 1110 4026; x_wconf 83' lang='grc' dir='ltr'>ἁγίοις</span> <span class='ocrx_word' id='word_1_425' title='bbox 1141 3961 1356 4017; x_wconf 86' lang='grc' dir='ltr'>αἰώνιον</span> <span class='ocrx_word' id='word_1_426' title='bbox 1384 3965 1527 4039; x_wconf 75' lang='grc' dir='ltr'>ζωὴν</span> <span class='ocrx_word' id='word_1_427' title='bbox 1568 3969 1669 4023; x_wconf 81' lang='grc' dir='ltr'><strong>οὐκ</strong></span> <span class='ocrx_word' id='word_1_428' title='bbox 1694 3948 1858 4043; x_wconf 67' lang='grc' dir='ltr'>ὄψον-ι</span> 
     </span>
    </p>
   </div>
   <div class='ocr_carea' id='block_1_58' title="bbox 270 4039 1852 4132">
    <p class='ocr_par' dir='ltr' id='par_1_58' title="bbox 270 4039 1852 4132">
     <span class='ocr_line' id='line_1_58' title="bbox 270 4039 1852 4132; baseline 0.015 -40"><span class='ocrx_word' id='word_1_429' title='bbox 270 4057 376 4105; x_wconf 88' lang='grc' dir='ltr'>ται,</span> <span class='ocrx_word' id='word_1_430' title='bbox 403 4042 525 4095; x_wconf 77' lang='grc' dir='ltr'>οὐδὲ</span> <span class='ocrx_word' id='word_1_431' title='bbox 571 4039 742 4116; x_wconf 74' lang='grc' dir='ltr'>ἰατροί</span> <span class='ocrx_word' id='word_1_432' title='bbox 779 4045 942 4127; x_wconf 87' lang='grc' dir='ltr'>ποθεν</span> <span class='ocrx_word' id='word_1_433' title='bbox 981 4049 1300 4117; x_wconf 77' lang='grc' dir='ltr'>ἐπιστάντες</span> <span class='ocrx_word' id='word_1_434' title='bbox 1332 4055 1472 4110; x_wconf 88' lang='grc' dir='ltr'><strong>κατά</strong></span> <span class='ocrx_word' id='word_1_435' title='bbox 1497 4058 1588 4112; x_wconf 76' lang='grc' dir='ltr'>τὸν</span> <span class='ocrx_word' id='word_1_436' title='bbox 1609 4059 1709 4130; x_wconf 87' lang='grc' dir='ltr'><strong>τῆς</strong></span> <span class='ocrx_word' id='word_1_437' title='bbox 1731 4039 1852 4132; x_wconf 80' lang='grc' dir='ltr'>κρί-</span> 
     </span>
    </p>
   </div>
   <div class='ocr_carea' id='block_1_59' title="bbox 269 4135 1876 4224">
    <p class='ocr_par' dir='ltr' id='par_1_59' title="bbox 269 4135 1876 4224">
     <span class='ocr_line' id='line_1_59' title="bbox 269 4135 1876 4224; baseline 0.015 -39"><span class='ocrx_word' id='word_1_438' title='bbox 269 4150 407 4198; x_wconf 88' lang='grc' dir='ltr'>σεως</span> <span class='ocrx_word' id='word_1_439' title='bbox 435 4135 626 4207; x_wconf 75' lang='grc' dir='ltr'>καιρὸν</span> <span class='ocrx_word' id='word_1_440' title='bbox 656 4137 972 4210; x_wconf 78' lang='grc' dir='ltr'>δυνήσονται</span> <span class='ocrx_word' id='word_1_441' title='bbox 995 4142 1177 4206; x_wconf 78' lang='grc' dir='ltr'>αὐτοῖς</span> <span class='ocrx_word' id='word_1_442' title='bbox 1200 4147 1560 4221; x_wconf 81' lang='grc' dir='ltr'>ἐπικουρῆσαι</span> <span class='ocrx_word' id='word_1_443' title='bbox 1588 4152 1725 4224; x_wconf 83' lang='grc' dir='ltr'>πρὸς</span> <span class='ocrx_word' id='word_1_444' title='bbox 1751 4172 1876 4218; x_wconf 50' lang='grc' dir='ltr'>σω-,</span> 
     </span>
    </p>
   </div>
   <div class='ocr_carea' id='block_1_60' title="bbox 276 4225 1852 4312">
    <p class='ocr_par' dir='ltr' id='par_1_60' title="bbox 276 4225 1852 4312">
     <span class='ocr_line' id='line_1_60' title="bbox 276 4225 1852 4312; baseline 0.015 -35"><span class='ocrx_word' id='word_1_445' title='bbox 276 4225 481 4297; x_wconf 76' lang='grc' dir='ltr'>τηρίαν,</span> <span class='ocrx_word' id='word_1_446' title='bbox 537 4227 645 4281; x_wconf 76' lang='grc' dir='ltr'>οὐδ’</span> <span class='ocrx_word' id='word_1_447' title='bbox 688 4228 754 4283; x_wconf 81' lang='grc' dir='ltr'>ἂν</span> <span class='ocrx_word' id='word_1_448' title='bbox 793 4232 1094 4305; x_wconf 82' lang='grc' dir='ltr'>ἀναστῆσαι</span> <span class='ocrx_word' id='word_1_449' title='bbox 1143 4236 1320 4290; x_wconf 81' lang='grc' dir='ltr'>αὐτῶν</span> <span class='ocrx_word' id='word_1_450' title='bbox 1354 4241 1454 4312; x_wconf 80' lang='grc' dir='ltr'>τὴν</span> <span class='ocrx_word' id='word_1_451' title='bbox 1492 4242 1718 4298; x_wconf 84' lang='grc' dir='ltr'>πτῶσιν.</span> <span class='ocrx_word' id='word_1_452' title='bbox 1745 4245 1852 4310; x_wconf 85' lang='grc' dir='ltr'><strong>Οὒς</strong></span> 
     </span>
    </p>
   </div>
   <div class='ocr_carea' id='block_1_61' title="bbox 269 4317 1851 4410">
    <p class='ocr_par' dir='ltr' id='par_1_61' title="bbox 269 4317 1851 4410">
     <span class='ocr_line' id='line_1_61' title="bbox 269 4317 1851 4410; baseline 0.015 -41"><span class='ocrx_word' id='word_1_453' title='bbox 269 4317 377 4410; x_wconf 76' lang='grc' dir='ltr'><strong>γάρ</strong></span> <span class='ocrx_word' id='word_1_454' title='bbox 411 4319 476 4372; x_wconf 75' lang='grc' dir='ltr'>σὺ</span> <span class='ocrx_word' id='word_1_455' title='bbox 506 4321 534 4372; x_wconf 91' lang='lat'><strong>6</strong></span> <span class='ocrx_word' id='word_1_456' title='bbox 561 4320 732 4391; x_wconf 79' lang='grc' dir='ltr'>μέγας</span> <span class='ocrx_word' id='word_1_457' title='bbox 761 4325 854 4376; x_wconf 74' lang='grc' dir='ltr'><strong>καὶ</strong></span> <span class='ocrx_word' id='word_1_458' title='bbox 883 4326 1109 4399; x_wconf 72' lang='grc' dir='ltr'>φοϐερὸς</span> <span class='ocrx_word' id='word_1_459' title='bbox 1143 4330 1235 4382; x_wconf 74' lang='grc' dir='ltr'>καὶ</span> <span class='ocrx_word' id='word_1_460' title='bbox 1258 4329 1464 4397; x_wconf 88' lang='grc' dir='ltr'>δίκαιος</span> <span class='ocrx_word' id='word_1_461' title='bbox 1494 4336 1686 4406; x_wconf 86' lang='grc' dir='ltr'>κρίτης</span> <span class='ocrx_word' id='word_1_462' title='bbox 1708 4353 1851 4410; x_wconf 84' lang='grc' dir='ltr'>παρ-</span> 
     </span>
    </p>
   </div>
   <div class='ocr_carea' id='block_1_62' title="bbox 269 4407 1849 4502">
    <p class='ocr_par' dir='ltr' id='par_1_62' title="bbox 269 4407 1849 4502">
     <span class='ocr_line' id='line_1_62' title="bbox 269 4407 1849 4502; baseline 0.015 -41"><span class='ocrx_word' id='word_1_463' title='bbox 269 4407 480 4476; x_wconf 85' lang='grc' dir='ltr'>έδωκας</span> <span class='ocrx_word' id='word_1_464' title='bbox 539 4413 802 4486; x_wconf 79' lang='grc' dir='ltr'>ἀπωλείᾳ,</span> <span class='ocrx_word' id='word_1_465' title='bbox 863 4417 946 4480; x_wconf 82' lang='grc' dir='ltr'><strong>τίς</strong></span> <span class='ocrx_word' id='word_1_466' title='bbox 1013 4420 1214 4492; x_wconf 86' lang='grc' dir='ltr'>ἰατρῶν</span> <span class='ocrx_word' id='word_1_467' title='bbox 1274 4422 1642 4481; x_wconf 81' lang='grc' dir='ltr'>διασώσασθαι</span> <span class='ocrx_word' id='word_1_468' title='bbox 1684 4407 1849 4502; x_wconf 71' lang='grc' dir='ltr'>δυνη-</span> 
     </span>
    </p>
   </div>
   <div class='ocr_carea' id='block_1_63' title="bbox 271 4515 825 4567">
    <p class='ocr_par' dir='ltr' id='par_1_63' title="bbox 271 4515 825 4567">
     <span class='ocr_line' id='line_1_63' title="bbox 271 4515 825 4567; baseline 0.007 -13"><span class='ocrx_word' id='word_1_469' title='bbox 271 4517 421 4555; x_wconf 87' lang='grc' dir='ltr'>σεται</span> <span class='ocrx_word' id='word_1_470' title='bbox 441 4519 456 4567; x_wconf 90' lang='lat'><strong>;</strong></span> <span class='ocrx_word' id='word_1_471' title='bbox 821 4515 825 4520; x_wconf 89' lang='lat'><strong><em>&#39;</em></strong></span> 
     </span>
    </p>
   </div>
   <div class='ocr_carea' id='block_1_64' title="bbox 343 4594 1846 4684">
    <p class='ocr_par' dir='ltr' id='par_1_64' title="bbox 343 4594 1846 4684">
     <span class='ocr_line' id='line_1_64' title="bbox 343 4594 1846 4684; baseline 0.015 -37"><span class='ocrx_word' id='word_1_472' title='bbox 343 4612 362 4646; x_wconf 75' lang='grc' dir='ltr'><strong>ι</strong></span> <span class='ocrx_word' id='word_1_473' title='bbox 397 4594 497 4648; x_wconf 77' lang='grc' dir='ltr'>Διά</span> <span class='ocrx_word' id='word_1_474' title='bbox 521 4596 676 4650; x_wconf 83' lang='grc' dir='ltr'>τοῦτο</span> <span class='ocrx_word' id='word_1_475' title='bbox 709 4600 992 4672; x_wconf 76' lang='grc' dir='ltr'>ἀπήγαγες</span> <span class='ocrx_word' id='word_1_476' title='bbox 1019 4603 1112 4656; x_wconf 76' lang='grc' dir='ltr'>καὶ</span> <span class='ocrx_word' id='word_1_477' title='bbox 1137 4604 1442 4671; x_wconf 82' lang='grc' dir='ltr'>ἀπώλεσας,</span> <span class='ocrx_word' id='word_1_478' title='bbox 1469 4611 1560 4664; x_wconf 75' lang='grc' dir='ltr'><strong>καὶ</strong></span> <span class='ocrx_word' id='word_1_479' title='bbox 1577 4607 1717 4684; x_wconf 85' lang='grc' dir='ltr'>ἦρας</span> <span class='ocrx_word' id='word_1_480' title='bbox 1739 4616 1846 4669; x_wconf 78' lang='grc' dir='ltr'>πᾶν</span> 
     </span>
    </p>
   </div>
   <div class='ocr_carea' id='block_1_65' title="bbox 267 4684 1846 4773">
    <p class='ocr_par' dir='ltr' id='par_1_65' title="bbox 267 4684 1846 4773">
     <span class='ocr_line' id='line_1_65' title="bbox 267 4684 1846 4773; baseline 0.013 -35"><span class='ocrx_word' id='word_1_481' title='bbox 267 4684 435 4757; x_wconf 74' lang='grc' dir='ltr'>ἄρσεν</span> <span class='ocrx_word' id='word_1_482' title='bbox 500 4687 696 4745; x_wconf 70' lang='grc' dir='ltr'>αὐτῶν.</span> <span class='ocrx_word' id='word_1_483' title='bbox 740 4710 758 4742; x_wconf 74' lang='grc' dir='ltr'><strong>ι</strong></span> <span class='ocrx_word' id='word_1_484' title='bbox 817 4693 962 4745; x_wconf 73' lang='grc' dir='ltr'>Ἀντὶ</span> <span class='ocrx_word' id='word_1_485' title='bbox 1021 4693 1080 4747; x_wconf 82' lang='grc' dir='ltr'>δὲ</span> <span class='ocrx_word' id='word_1_486' title='bbox 1141 4694 1258 4760; x_wconf 90' lang='grc' dir='ltr'>τοῦ,</span> <span class='ocrx_word' id='word_1_487' title='bbox 1317 4714 1336 4747; x_wconf 73' lang='grc' dir='ltr'><strong>ι</strong></span> <span class='ocrx_word' id='word_1_488' title='bbox 1394 4699 1486 4752; x_wconf 79' lang='grc' dir='ltr'>καὶ</span> <span class='ocrx_word' id='word_1_489' title='bbox 1544 4696 1685 4773; x_wconf 82' lang='grc' dir='ltr'>ἦρας</span> <span class='ocrx_word' id='word_1_490' title='bbox 1738 4707 1846 4758; x_wconf 82' lang='grc' dir='ltr'>πᾶν</span> 
     </span>
    </p>
   </div>
   <div class='ocr_carea' id='block_1_66' title="bbox 268 4779 1845 4867">
    <p class='ocr_par' dir='ltr' id='par_1_66' title="bbox 268 4779 1845 4867">
     <span class='ocr_line' id='line_1_66' title="bbox 268 4779 1845 4867; baseline 0.013 -38"><span class='ocrx_word' id='word_1_491' title='bbox 268 4779 433 4849; x_wconf 80' lang='grc' dir='ltr'>ἄρσεν</span> <span class='ocrx_word' id='word_1_492' title='bbox 467 4779 670 4843; x_wconf 78' lang='grc' dir='ltr'>αὐτῶν,</span> <span class='ocrx_word' id='word_1_493' title='bbox 715 4800 734 4833; x_wconf 76' lang='grc' dir='ltr'><strong>ι</strong></span> <span class='ocrx_word' id='word_1_494' title='bbox 781 4783 809 4835; x_wconf 91' lang='lat'><strong>6</strong></span> <span class='ocrx_word' id='word_1_495' title='bbox 848 4783 1161 4855; x_wconf 82' lang='grc' dir='ltr'>Σύμμαχος,</span> <span class='ocrx_word' id='word_1_496' title='bbox 1203 4807 1221 4838; x_wconf 74' lang='grc' dir='ltr'><strong>ι</strong></span> <span class='ocrx_word' id='word_1_497' title='bbox 1258 4791 1436 4842; x_wconf 78' lang='grc' dir='ltr'>πᾶσαν</span> <span class='ocrx_word' id='word_1_498' title='bbox 1479 4792 1578 4862; x_wconf 76' lang='grc' dir='ltr'>τὴν</span> <span class='ocrx_word' id='word_1_499' title='bbox 1625 4796 1845 4867; x_wconf 81' lang='grc' dir='ltr'>μνήμην</span> 
     </span>
    </p>
   </div>
   <div class='ocr_carea' id='block_1_67' title="bbox 267 4871 1856 4960">
    <p class='ocr_par' dir='ltr' id='par_1_67' title="bbox 267 4871 1856 4960">
     <span class='ocr_line' id='line_1_67' title="bbox 267 4871 1856 4960; baseline 0.012 -37"><span class='ocrx_word' id='word_1_500' title='bbox 267 4871 446 4924; x_wconf 76' lang='grc' dir='ltr'>αὐτῶν</span> <span class='ocrx_word' id='word_1_501' title='bbox 478 4888 492 4902; x_wconf 73' lang='grc' dir='ltr'><strong>ο</strong></span> <span class='ocrx_word' id='word_1_502' title='bbox 527 4892 544 4925; x_wconf 75' lang='grc' dir='ltr'><strong>ι</strong></span> <span class='ocrx_word' id='word_1_503' title='bbox 577 4874 676 4927; x_wconf 80' lang='grc' dir='ltr'><strong>ὁδὲ</strong></span> <span class='ocrx_word' id='word_1_504' title='bbox 717 4875 1055 4948; x_wconf 73' lang='grc' dir='ltr'>Ἀκύ).ας;κα“ι</span> <span class='ocrx_word' id='word_1_505' title='bbox 1077 4878 1385 4945; x_wconf 84' lang='grc' dir='ltr'>Θεοδοτίων,</span> <span class='ocrx_word' id='word_1_506' title='bbox 1422 4902 1440 4931; x_wconf 76' lang='grc' dir='ltr'><strong>ι</strong></span> <span class='ocrx_word' id='word_1_507' title='bbox 1481 4887 1588 4938; x_wconf 81' lang='grc' dir='ltr'>πᾶν</span> <span class='ocrx_word' id='word_1_508' title='bbox 1615 4887 1676 4940; x_wconf 85' lang='grc' dir='ltr'>τὸ</span> <span class='ocrx_word' id='word_1_509' title='bbox 1707 4907 1856 4960; x_wconf 24' lang='grc' dir='ltr'>μνη-ν</span> 
     </span>
    </p>
   </div>
   <div class='ocr_carea' id='block_1_68' title="bbox 268 4965 1847 5052">
    <p class='ocr_par' dir='ltr' id='par_1_68' title="bbox 268 4965 1847 5052">
     <span class='ocr_line' id='line_1_68' title="bbox 268 4965 1847 5052; baseline 0.012 -37"><span class='ocrx_word' id='word_1_510' title='bbox 268 4965 501 5033; x_wconf 77' lang='grc' dir='ltr'>μόσυνον</span> <span class='ocrx_word' id='word_1_511' title='bbox 539 4966 717 5020; x_wconf 74' lang='grc' dir='ltr'>αὐτῶν</span> <span class='ocrx_word' id='word_1_512' title='bbox 753 4987 770 5020; x_wconf 77' lang='grc' dir='ltr'><strong>ι</strong></span> <span class='ocrx_word' id='word_1_513' title='bbox 793 4970 1166 5040; x_wconf 81' lang='grc' dir='ltr'>ήρμήνευσαν.</span> <span class='ocrx_word' id='word_1_514' title='bbox 1195 4973 1342 5025; x_wconf 83' lang='grc' dir='ltr'>Ἔδει</span> <span class='ocrx_word' id='word_1_515' title='bbox 1369 4975 1476 5047; x_wconf 84' lang='grc' dir='ltr'><strong>γὰρ</strong></span> <span class='ocrx_word' id='word_1_516' title='bbox 1504 4979 1684 5032; x_wconf 81' lang='grc' dir='ltr'>πᾶσαν</span> <span class='ocrx_word' id='word_1_517' title='bbox 1717 4983 1847 5052; x_wconf 86' lang='grc' dir='ltr'>μνή-</span> 
     </span>
    </p>
   </div>
   <div class='ocr_carea' id='block_1_69' title="bbox 269 5057 1853 5143">
    <p class='ocr_par' dir='ltr' id='par_1_69' title="bbox 269 5057 1853 5143">
     <span class='ocr_line' id='line_1_69' title="bbox 269 5057 1853 5143; baseline 0.003 -34"><span class='ocrx_word' id='word_1_518' title='bbox 269 5071 375 5126; x_wconf 85' lang='grc' dir='ltr'><strong>μην</strong></span> <span class='ocrx_word' id='word_1_519' title='bbox 410 5057 610 5121; x_wconf 87' lang='grc' dir='ltr'>κακίας</span> <span class='ocrx_word' id='word_1_520' title='bbox 653 5058 883 5131; x_wconf 82' lang='grc' dir='ltr'>ἀρθῆναι</span> <span class='ocrx_word' id='word_1_521' title='bbox 927 5061 1066 5115; x_wconf 83' lang='grc' dir='ltr'><strong>κατά</strong></span> <span class='ocrx_word' id='word_1_522' title='bbox 1114 5061 1202 5116; x_wconf 73' lang='grc' dir='ltr'><strong>τὸν</strong></span> <span class='ocrx_word' id='word_1_523' title='bbox 1222 5065 1551 5137; x_wconf 84' lang='grc' dir='ltr'>δηλούμενον</span> <span class='ocrx_word' id='word_1_524' title='bbox 1600 5070 1698 5142; x_wconf 86' lang='grc' dir='ltr'><strong>τῆς</strong></span> <span class='ocrx_word' id='word_1_525' title='bbox 1731 5074 1853 5143; x_wconf 83' lang='grc' dir='ltr'>κρί-</span> 
     </span>
    </p>
   </div>
   <div class='ocr_carea' id='block_1_70' title="bbox 269 5150 1846 5230">
    <p class='ocr_par' dir='ltr' id='par_1_70' title="bbox 269 5150 1846 5230">
     <span class='ocr_line' id='line_1_70' title="bbox 269 5150 1846 5230; baseline 0.012 -31"><span class='ocrx_word' id='word_1_526' title='bbox 269 5163 404 5211; x_wconf 86' lang='grc' dir='ltr'>σεως</span> <span class='ocrx_word' id='word_1_527' title='bbox 461 5150 672 5220; x_wconf 78' lang='grc' dir='ltr'>καιρόν.</span> <span class='ocrx_word' id='word_1_528' title='bbox 714 5151 777 5204; x_wconf 85' lang='grc' dir='ltr'><strong>Εἰ</strong></span> <span class='ocrx_word' id='word_1_529' title='bbox 829 5152 885 5205; x_wconf 83' lang='grc' dir='ltr'>δὲ</span> <span class='ocrx_word' id='word_1_530' title='bbox 927 5151 1156 5222; x_wconf 83' lang='grc' dir='ltr'>λέγοιτο,</span> <span class='ocrx_word' id='word_1_531' title='bbox 1192 5175 1210 5206; x_wconf 78' lang='grc' dir='ltr'><strong>ι</strong></span> <span class='ocrx_word' id='word_1_532' title='bbox 1244 5159 1354 5211; x_wconf 75' lang='grc' dir='ltr'><strong>πᾶν</strong></span> <span class='ocrx_word' id='word_1_533' title='bbox 1391 5160 1555 5230; x_wconf 78' lang='grc' dir='ltr'>ἄρσεν</span> <span class='ocrx_word' id='word_1_534' title='bbox 1587 5162 1786 5228; x_wconf 82' lang='grc' dir='ltr'>αὐτῶν,</span> <span class='ocrx_word' id='word_1_535' title='bbox 1827 5183 1846 5217; x_wconf 69' lang='grc' dir='ltr'><strong>ι</strong></span> 
     </span>
    </p>
   </div>
   <div class='ocr_carea' id='block_1_71' title="bbox 224 5238 1851 5320">
    <p class='ocr_par' dir='ltr' id='par_1_71' title="bbox 224 5238 1851 5320">
     <span class='ocr_line' id='line_1_71' title="bbox 224 5238 1851 5320; baseline 0.014 -31"><span class='ocrx_word' id='word_1_536' title='bbox 224 5303 228 5307; x_wconf 24' lang='grc' dir='ltr'><strong><em>λ</em></strong></span> <span class='ocrx_word' id='word_1_537' title='bbox 275 5238 467 5310; x_wconf 74' lang='grc' dir='ltr'>πολλὴν</span> <span class='ocrx_word' id='word_1_538' title='bbox 500 5241 708 5309; x_wconf 83' lang='grc' dir='ltr'>εἰσάγει</span> <span class='ocrx_word' id='word_1_539' title='bbox 730 5243 828 5314; x_wconf 77' lang='grc' dir='ltr'>τὴν</span> <span class='ocrx_word' id='word_1_540' title='bbox 849 5245 1256 5319; x_wconf 77' lang='grc' dir='ltr'>φιλανθρωπίαν</span> <span class='ocrx_word' id='word_1_541' title='bbox 1289 5251 1317 5302; x_wconf 88' lang='lat'><strong>6</strong></span> <span class='ocrx_word' id='word_1_542' title='bbox 1347 5249 1502 5320; x_wconf 77' lang='grc' dir='ltr'>λόγος</span> <span class='ocrx_word' id='word_1_543' title='bbox 1521 5268 1536 5284; x_wconf 87' lang='grc'><strong>·</strong></span> <span class='ocrx_word' id='word_1_544' title='bbox 1573 5254 1648 5317; x_wconf 84' lang='grc' dir='ltr'>ὡς</span> <span class='ocrx_word' id='word_1_545' title='bbox 1671 5257 1851 5311; x_wconf 77' lang='grc' dir='ltr'>αὐτῶν</span> 
     </span>
    </p>
   </div>
   <div class='ocr_carea' id='block_1_72' title="bbox 212 5325 1850 5420">
    <p class='ocr_par' dir='ltr' id='par_1_72' title="bbox 212 5325 1850 5420">
     <span class='ocr_line' id='line_1_72' title="bbox 212 5325 1850 5420; baseline 0.014 -40"><span class='ocrx_word' id='word_1_546' title='bbox 212 5325 227 5343; x_wconf 59' lang='grc'><em>⁸</em></span> <span class='ocrx_word' id='word_1_547' title='bbox 270 5331 366 5400; x_wconf 79' lang='grc' dir='ltr'>μὲν</span> <span class='ocrx_word' id='word_1_548' title='bbox 390 5331 789 5404; x_wconf 78' lang='grc' dir='ltr'>ἡμαρτηκότων</span> <span class='ocrx_word' id='word_1_549' title='bbox 830 5336 904 5408; x_wconf 81' lang='grc' dir='ltr'>μὴ</span> <span class='ocrx_word' id='word_1_550' title='bbox 951 5338 1252 5408; x_wconf 80' lang='grc' dir='ltr'>μελλόντων</span> <span class='ocrx_word' id='word_1_551' title='bbox 1284 5343 1661 5413; x_wconf 73' lang='grc' dir='ltr'>ἀφανίζεσθαι,</span> <span class='ocrx_word' id='word_1_552' title='bbox 1712 5349 1850 5420; x_wconf 78' lang='grc' dir='ltr'>μηδὲ</span> 
     </span>
    </p>
   </div>
   <div class='ocr_carea' id='block_1_73' title="bbox 273 5425 1844 5511">
    <p class='ocr_par' dir='ltr' id='par_1_73' title="bbox 273 5425 1844 5511">
     <span class='ocr_line' id='line_1_73' title="bbox 273 5425 1844 5511; baseline 0.012 -35"><span class='ocrx_word' id='word_1_553' title='bbox 273 5426 344 5486; x_wconf 78' lang='grc' dir='ltr'><strong>είς</strong></span> <span class='ocrx_word' id='word_1_554' title='bbox 367 5425 428 5478; x_wconf 83' lang='grc' dir='ltr'>τὸ</span> <span class='ocrx_word' id='word_1_555' title='bbox 442 5426 704 5491; x_wconf 81' lang='grc' dir='ltr'>παντελὲς</span> <span class='ocrx_word' id='word_1_556' title='bbox 726 5429 1055 5487; x_wconf 75' lang='grc' dir='ltr'>ἀπόλλυσθαι</span> <span class='ocrx_word' id='word_1_557' title='bbox 1075 5451 1088 5464; x_wconf 91' lang='grc'><strong>·</strong></span> <span class='ocrx_word' id='word_1_558' title='bbox 1121 5435 1229 5490; x_wconf 87' lang='grc' dir='ltr'><strong>τῶν</strong></span> <span class='ocrx_word' id='word_1_559' title='bbox 1249 5435 1306 5490; x_wconf 86' lang='grc' dir='ltr'>δὲ</span> <span class='ocrx_word' id='word_1_560' title='bbox 1323 5441 1675 5511; x_wconf 81' lang='grc' dir='ltr'>γεννημάτων</span> <span class='ocrx_word' id='word_1_561' title='bbox 1702 5441 1844 5496; x_wconf 78' lang='grc' dir='ltr'>οὕτω</span> 
     </span>
    </p>
   </div>
   <div class='ocr_carea' id='block_1_74' title="bbox 274 5513 1840 5605">
    <p class='ocr_par' dir='ltr' id='par_1_74' title="bbox 274 5513 1840 5605">
     <span class='ocr_line' id='line_1_74' title="bbox 274 5513 1840 5605; baseline 0.013 -37"><span class='ocrx_word' id='word_1_562' title='bbox 274 5514 627 5588; x_wconf 64' lang='grc' dir='ltr'><strong>⁸Σινλλουμεὲνων,</strong></span> <span class='ocrx_word' id='word_1_563' title='bbox 685 5513 760 5574; x_wconf 83' lang='grc' dir='ltr'>ὧν</span> <span class='ocrx_word' id='word_1_564' title='bbox 806 5523 838 5592; x_wconf 87' lang='grc' dir='ltr'>ὴ</span> <span class='ocrx_word' id='word_1_565' title='bbox 897 5523 1042 5596; x_wconf 77' lang='grc' dir='ltr'>ψυχὴ</span> <span class='ocrx_word' id='word_1_566' title='bbox 1092 5527 1272 5582; x_wconf 69' lang='grc' dir='ltr'>αὐτῶν</span> <span class='ocrx_word' id='word_1_567' title='bbox 1329 5531 1625 5605; x_wconf 71' lang='grc' dir='ltr'>γεγέννηκε</span> <span class='ocrx_word' id='word_1_568' title='bbox 1694 5533 1840 5603; x_wconf 87' lang='grc' dir='ltr'>λογι-</span> 
     </span>
    </p>
   </div>
   <div class='ocr_carea' id='block_1_75' title="bbox 275 5607 1834 5697">
    <p class='ocr_par' dir='ltr' id='par_1_75' title="bbox 275 5607 1834 5697">
     <span class='ocr_line' id='line_1_75' title="bbox 275 5607 1834 5697; baseline 0.015 -40"><span class='ocrx_word' id='word_1_569' title='bbox 275 5607 417 5674; x_wconf 81' lang='grc' dir='ltr'>σμῶν</span> <span class='ocrx_word' id='word_1_570' title='bbox 441 5611 711 5683; x_wconf 80' lang='grc' dir='ltr'>πονηρῶν,</span> <span class='ocrx_word' id='word_1_571' title='bbox 740 5612 944 5668; x_wconf 86' lang='grc' dir='ltr'>τούτων</span> <span class='ocrx_word' id='word_1_572' title='bbox 973 5618 1275 5689; x_wconf 49' lang='grc' dir='ltr'>ἀλεανισμὸν</span> <span class='ocrx_word' id='word_1_573' title='bbox 1295 5623 1619 5695; x_wconf 71' lang='grc' dir='ltr'>γενήσεσθαί</span> <span class='ocrx_word' id='word_1_574' title='bbox 1651 5642 1834 5697; x_wconf 71' lang='grc' dir='ltr'>φησιν.</span> 
     </span>
    </p>
   </div>
   <div class='ocr_carea' id='block_1_76' title="bbox 335 5808 883 5869">
    <p class='ocr_par' dir='ltr' id='par_1_76' title="bbox 335 5808 883 5869">
     <span class='ocr_line' id='line_1_76' title="bbox 335 5808 883 5869; baseline 0.015 -8"><span class='ocrx_word' id='word_1_575' title='bbox 335 5808 371 5837; x_wconf 83' lang='lat'><strong>&quot;</strong></span> <span class='ocrx_word' id='word_1_576' title='bbox 409 5809 594 5864; x_wconf 68' lang='lat' dir='ltr'><strong>.‘inliit.</strong></span> <span class='ocrx_word' id='word_1_577' title='bbox 637 5829 760 5868; x_wconf 65' lang='grc' dir='ltr'>ην.</span> <span class='ocrx_word' id='word_1_578' title='bbox 803 5815 883 5869; x_wconf 76' lang='grc' dir='ltr'><strong>ΙΙ.</strong></span> 
     </span>
    </p>
   </div>
   <div class='ocr_carea' id='block_1_77' title="bbox 2037 2047 3535 2118">
    <p class='ocr_par' dir='ltr' id='par_1_77' title="bbox 2037 2047 3535 2118">
     <span class='ocr_line' id='line_1_77' title="bbox 2037 2047 3535 2118; baseline -0.001 -16"><span class='ocrx_word' id='word_1_579' title='bbox 2037 2048 2198 2104; x_wconf 75' lang='lat' dir='ltr'><strong>Vens.</strong></span> <span class='ocrx_word' id='word_1_580' title='bbox 2229 2049 2315 2114; x_wconf 80' lang='grc'><strong>12,</strong></span> <span class='ocrx_word' id='word_1_581' title='bbox 2354 2049 2441 2102; x_wconf 77' lang='grc'><strong>13.</strong></span> <span class='ocrx_word' id='word_1_582' title='bbox 2474 2067 2492 2100; x_wconf 80' lang='grc' dir='ltr'><strong>ι</strong></span> <span class='ocrx_word' id='word_1_583' title='bbox 2535 2049 2757 2103; x_wconf 87' lang='lat' dir='ltr'><strong>Domine</strong></span> <span class='ocrx_word' id='word_1_584' title='bbox 2791 2049 2931 2104; x_wconf 87' lang='lat' dir='ltr'><strong>Dens</strong></span> <span class='ocrx_word' id='word_1_585' title='bbox 2983 2059 3188 2116; x_wconf 86' lang='lat' dir='ltr'><strong>noster,</strong></span> <span class='ocrx_word' id='word_1_586' title='bbox 3235 2063 3420 2118; x_wconf 87' lang='lat' dir='ltr'><strong>pacem</strong></span> <span class='ocrx_word' id='word_1_587' title='bbox 3465 2047 3535 2101; x_wconf 80' lang='lat' dir='ltr'><strong>da</strong></span> 
     </span>
    </p>
   </div>
   <div class='ocr_carea' id='block_1_78' title="bbox 1964 2138 3536 2196">
    <p class='ocr_par' dir='ltr' id='par_1_78' title="bbox 1964 2138 3536 2196">
     <span class='ocr_line' id='line_1_78' title="bbox 1964 2138 3536 2196; baseline 0.001 -4"><span class='ocrx_word' id='word_1_588' title='bbox 1964 2141 2120 2195; x_wconf 86' lang='lat' dir='ltr'><strong>nobis</strong></span> <span class='ocrx_word' id='word_1_589' title='bbox 2152 2157 2166 2194; x_wconf 88' lang='lat'><strong>:</strong></span> <span class='ocrx_word' id='word_1_590' title='bbox 2195 2141 2374 2194; x_wconf 88' lang='lat' dir='ltr'><strong>omnia</strong></span> <span class='ocrx_word' id='word_1_591' title='bbox 2401 2140 2546 2196; x_wconf 89' lang='lat' dir='ltr'><strong>enim</strong></span> <span class='ocrx_word' id='word_1_592' title='bbox 2574 2141 2769 2195; x_wconf 88' lang='lat' dir='ltr'><strong>dedisti</strong></span> <span class='ocrx_word' id='word_1_593' title='bbox 2802 2141 2976 2195; x_wconf 89' lang='lat' dir='ltr'><strong>nobis.</strong></span> <span class='ocrx_word' id='word_1_594' title='bbox 3015 2140 3236 2194; x_wconf 86' lang='lat' dir='ltr'><strong>Domine</strong></span> <span class='ocrx_word' id='word_1_595' title='bbox 3268 2138 3410 2195; x_wconf 87' lang='lat' dir='ltr'><strong>Deus</strong></span> <span class='ocrx_word' id='word_1_596' title='bbox 3439 2154 3536 2193; x_wconf 83' lang='lat' dir='ltr'><strong>no-</strong></span> 
     </span>
    </p>
   </div>
   <div class='ocr_carea' id='block_1_79' title="bbox 1961 2228 3537 2299">
    <p class='ocr_par' dir='ltr' id='par_1_79' title="bbox 1961 2228 3537 2299">
     <span class='ocr_line' id='line_1_79' title="bbox 1961 2228 3537 2299; baseline 0.001 -17"><span class='ocrx_word' id='word_1_597' title='bbox 1961 2237 2097 2293; x_wconf 89' lang='lat' dir='ltr'><strong>ster,</strong></span> <span class='ocrx_word' id='word_1_598' title='bbox 2129 2229 2342 2299; x_wconf 89' lang='lat' dir='ltr'><strong>posside</strong></span> <span class='ocrx_word' id='word_1_599' title='bbox 2380 2244 2479 2285; x_wconf 89' lang='lat' dir='ltr'><strong>nos</strong></span> <span class='ocrx_word' id='word_1_600' title='bbox 2513 2247 2526 2284; x_wconf 91' lang='lat'><strong>:</strong></span> <span class='ocrx_word' id='word_1_601' title='bbox 2565 2228 2808 2295; x_wconf 89' lang='lat' dir='ltr'><strong>Domine,</strong></span> <span class='ocrx_word' id='word_1_602' title='bbox 2840 2242 2993 2284; x_wconf 82' lang='lat' dir='ltr'><strong>extra</strong></span> <span class='ocrx_word' id='word_1_603' title='bbox 3019 2238 3068 2282; x_wconf 85' lang='lat' dir='ltr'><strong>te</strong></span> <span class='ocrx_word' id='word_1_604' title='bbox 3096 2228 3260 2284; x_wconf 87' lang='lat' dir='ltr'><strong>alium</strong></span> <span class='ocrx_word' id='word_1_605' title='bbox 3296 2244 3404 2283; x_wconf 91' lang='lat' dir='ltr'><strong>non</strong></span> <span class='ocrx_word' id='word_1_606' title='bbox 3435 2244 3537 2283; x_wconf 84' lang='lat' dir='ltr'><strong>nu-</strong></span> 
     </span>
    </p>
   </div>
   <div class='ocr_carea' id='block_1_80' title="bbox 1963 2318 3539 2390">
    <p class='ocr_par' dir='ltr' id='par_1_80' title="bbox 1963 2318 3539 2390">
     <span class='ocr_line' id='line_1_80' title="bbox 1963 2318 3539 2390; baseline 0.003 -19"><span class='ocrx_word' id='word_1_607' title='bbox 1963 2318 2140 2374; x_wconf 88' lang='lat' dir='ltr'><strong>vimus</strong></span> <span class='ocrx_word' id='word_1_608' title='bbox 2177 2337 2191 2375; x_wconf 92' lang='lat'><strong>:</strong></span> <span class='ocrx_word' id='word_1_609' title='bbox 2230 2336 2424 2376; x_wconf 91' lang='lat' dir='ltr'><strong>nomen</strong></span> <span class='ocrx_word' id='word_1_610' title='bbox 2467 2329 2615 2376; x_wconf 90' lang='lat' dir='ltr'><strong>tuum</strong></span> <span class='ocrx_word' id='word_1_611' title='bbox 2657 2322 2996 2376; x_wconf 86' lang='lat' dir='ltr'><strong>invocamus.</strong></span> <span class='ocrx_word' id='word_1_612' title='bbox 3029 2321 3145 2374; x_wconf 82' lang='lat' dir='ltr'><strong>Alia</strong></span> <span class='ocrx_word' id='word_1_613' title='bbox 3176 2320 3374 2390; x_wconf 84' lang='lat' dir='ltr'><strong>quippe</strong></span> <span class='ocrx_word' id='word_1_614' title='bbox 3410 2335 3539 2375; x_wconf 80' lang='lat' dir='ltr'><strong>om-</strong></span> 
     </span>
    </p>
   </div>
   <div class='ocr_carea' id='block_1_81' title="bbox 1965 2410 3533 2483">
    <p class='ocr_par' dir='ltr' id='par_1_81' title="bbox 1965 2410 3533 2483">
     <span class='ocr_line' id='line_1_81' title="bbox 1965 2410 3533 2483; baseline -0.001 -19"><span class='ocrx_word' id='word_1_615' title='bbox 1965 2410 2052 2464; x_wconf 90' lang='lat' dir='ltr'><strong>nia</strong></span> <span class='ocrx_word' id='word_1_616' title='bbox 2081 2410 2180 2466; x_wconf 83' lang='lat' dir='ltr'><strong>abs</strong></span> <span class='ocrx_word' id='word_1_617' title='bbox 2215 2423 2265 2465; x_wconf 88' lang='lat' dir='ltr'><strong>te</strong></span> <span class='ocrx_word' id='word_1_618' title='bbox 2287 2413 2408 2465; x_wconf 89' lang='lat' dir='ltr'><strong>data</strong></span> <span class='ocrx_word' id='word_1_619' title='bbox 2439 2413 2644 2483; x_wconf 85' lang='lat' dir='ltr'><strong>optima</strong></span> <span class='ocrx_word' id='word_1_620' title='bbox 2669 2421 2796 2467; x_wconf 89' lang='lat' dir='ltr'><strong>sunt</strong></span> <span class='ocrx_word' id='word_1_621' title='bbox 2830 2431 2844 2467; x_wconf 88' lang='lat'><strong>:</strong></span> <span class='ocrx_word' id='word_1_622' title='bbox 2878 2413 2972 2468; x_wconf 91' lang='lat' dir='ltr'><strong>sed</strong></span> <span class='ocrx_word' id='word_1_623' title='bbox 2998 2413 3242 2468; x_wconf 91' lang='lat' dir='ltr'><strong>omnium</strong></span> <span class='ocrx_word' id='word_1_624' title='bbox 3269 2411 3533 2466; x_wconf 88' lang='lat' dir='ltr'><strong>donorum</strong></span> 
     </span>
    </p>
   </div>
   <div class='ocr_carea' id='block_1_82' title="bbox 1965 2503 3536 2575">
    <p class='ocr_par' dir='ltr' id='par_1_82' title="bbox 1965 2503 3536 2575">
     <span class='ocr_line' id='line_1_82' title="bbox 1965 2503 3536 2575; baseline 0.002 -19"><span class='ocrx_word' id='word_1_625' title='bbox 1965 2503 2260 2557; x_wconf 70' lang='lat' dir='ltr'><strong>maximum</strong></span> <span class='ocrx_word' id='word_1_626' title='bbox 2294 2512 2398 2570; x_wconf 88' lang='lat' dir='ltr'><strong>est,</strong></span> <span class='ocrx_word' id='word_1_627' title='bbox 2423 2520 2529 2572; x_wconf 80' lang='lat' dir='ltr'><strong>pax</strong></span> <span class='ocrx_word' id='word_1_628' title='bbox 2575 2504 2664 2559; x_wconf 90' lang='lat' dir='ltr'><strong>illa</strong></span> <span class='ocrx_word' id='word_1_629' title='bbox 2695 2519 2815 2575; x_wconf 72' lang='lat' dir='ltr'><strong>qua:</strong></span> <span class='ocrx_word' id='word_1_630' title='bbox 2846 2507 2944 2560; x_wconf 90' lang='lat' dir='ltr'><strong>abs</strong></span> <span class='ocrx_word' id='word_1_631' title='bbox 2977 2515 3029 2560; x_wconf 89' lang='lat' dir='ltr'><strong>te</strong></span> <span class='ocrx_word' id='word_1_632' title='bbox 3064 2503 3447 2574; x_wconf 78' lang='lat' dir='ltr'><strong>proﬁciscitur,</strong></span> <span class='ocrx_word' id='word_1_633' title='bbox 3481 2516 3536 2559; x_wconf 88' lang='lat' dir='ltr'><strong>et</strong></span> 
     </span>
    </p>
   </div>
   <div class='ocr_carea' id='block_1_83' title="bbox 1962 2595 3535 2664">
    <p class='ocr_par' dir='ltr' id='par_1_83' title="bbox 1962 2595 3535 2664">
     <span class='ocr_line' id='line_1_83' title="bbox 1962 2595 3535 2664; baseline 0.003 -18"><span class='ocrx_word' id='word_1_634' title='bbox 1962 2609 2121 2664; x_wconf 87' lang='lat' dir='ltr'><strong>quam</strong></span> <span class='ocrx_word' id='word_1_635' title='bbox 2150 2595 2428 2648; x_wconf 91' lang='lat' dir='ltr'><strong>nobiscum</strong></span> <span class='ocrx_word' id='word_1_636' title='bbox 2476 2595 2738 2650; x_wconf 87' lang='lat' dir='ltr'><strong>habemus</strong></span> <span class='ocrx_word' id='word_1_637' title='bbox 2765 2635 2780 2661; x_wconf 93' lang='lat'><strong>,</strong></span> <span class='ocrx_word' id='word_1_638' title='bbox 2816 2605 2876 2650; x_wconf 89' lang='lat' dir='ltr'><strong>ut</strong></span> <span class='ocrx_word' id='word_1_639' title='bbox 2922 2596 3038 2650; x_wconf 88' lang='lat' dir='ltr'><strong>sine</strong></span> <span class='ocrx_word' id='word_1_640' title='bbox 3074 2596 3303 2650; x_wconf 90' lang='lat' dir='ltr'><strong>tumultu</strong></span> <span class='ocrx_word' id='word_1_641' title='bbox 3331 2606 3386 2649; x_wconf 91' lang='lat' dir='ltr'><strong>et</strong></span> <span class='ocrx_word' id='word_1_642' title='bbox 3417 2611 3535 2651; x_wconf 78' lang='lat' dir='ltr'><strong>mu-</strong></span> 
     </span>
    </p>
   </div>
   <div class='ocr_carea' id='block_1_84' title="bbox 1963 2687 3534 2756">
    <p class='ocr_par' dir='ltr' id='par_1_84' title="bbox 1963 2687 3534 2756">
     <span class='ocr_line' id='line_1_84' title="bbox 1963 2687 3534 2756; baseline -0.001 -15"><span class='ocrx_word' id='word_1_643' title='bbox 1963 2690 2168 2742; x_wconf 87' lang='lat' dir='ltr'><strong>talione</strong></span> <span class='ocrx_word' id='word_1_644' title='bbox 2203 2689 2482 2756; x_wconf 83' lang='lat' dir='ltr'><strong>degamus,</strong></span> <span class='ocrx_word' id='word_1_645' title='bbox 2532 2701 2820 2756; x_wconf 87' lang='lat' dir='ltr'><strong>annuaque</strong></span> <span class='ocrx_word' id='word_1_646' title='bbox 2864 2698 3053 2742; x_wconf 87' lang='lat' dir='ltr'><strong>nostra</strong></span> <span class='ocrx_word' id='word_1_647' title='bbox 3079 2687 3173 2742; x_wconf 88' lang='lat' dir='ltr'><strong>tibi</strong></span> <span class='ocrx_word' id='word_1_648' title='bbox 3199 2701 3412 2756; x_wconf 87' lang='lat' dir='ltr'><strong>semper</strong></span> <span class='ocrx_word' id='word_1_649' title='bbox 3441 2701 3534 2739; x_wconf 89' lang='lat' dir='ltr'><strong>va-</strong></span> 
     </span>
    </p>
   </div>
   <div class='ocr_carea' id='block_1_85' title="bbox 1961 2777 3531 2846">
    <p class='ocr_par' dir='ltr' id='par_1_85' title="bbox 1961 2777 3531 2846">
     <span class='ocr_line' id='line_1_85' title="bbox 1961 2777 3531 2846; baseline -0.003 -14"><span class='ocrx_word' id='word_1_650' title='bbox 1961 2791 2092 2832; x_wconf 85' lang='lat' dir='ltr'><strong>cans</strong></span> <span class='ocrx_word' id='word_1_651' title='bbox 2121 2789 2388 2832; x_wconf 73' lang='lat' dir='ltr'><strong>servetur.</strong></span> <span class='ocrx_word' id='word_1_652' title='bbox 2422 2778 2478 2832; x_wconf 90' lang='lat' dir='ltr'><strong>ld</strong></span> <span class='ocrx_word' id='word_1_653' title='bbox 2525 2786 2703 2830; x_wconf 89' lang='lat' dir='ltr'><strong>autem</strong></span> <span class='ocrx_word' id='word_1_654' title='bbox 2759 2778 3040 2845; x_wconf 88' lang='lat' dir='ltr'><strong>inveniet,</strong></span> <span class='ocrx_word' id='word_1_655' title='bbox 3085 2777 3132 2832; x_wconf 92' lang='lat' dir='ltr'><strong>si</strong></span> <span class='ocrx_word' id='word_1_656' title='bbox 3179 2793 3276 2832; x_wconf 92' lang='lat' dir='ltr'><strong>nos</strong></span> <span class='ocrx_word' id='word_1_657' title='bbox 3307 2778 3422 2846; x_wconf 89' lang='lat' dir='ltr'><strong>ipse</strong></span> <span class='ocrx_word' id='word_1_658' title='bbox 3479 2777 3531 2830; x_wconf 86' lang='lat' dir='ltr'><strong>in</strong></span> 
     </span>
    </p>
   </div>
   <div class='ocr_carea' id='block_1_86' title="bbox 1961 2868 3534 2941">
    <p class='ocr_par' dir='ltr' id='par_1_86' title="bbox 1961 2868 3534 2941">
     <span class='ocr_line' id='line_1_86' title="bbox 1961 2868 3534 2941; baseline 0.003 -20"><span class='ocrx_word' id='word_1_659' title='bbox 1961 2869 2234 2939; x_wconf 87' lang='lat' dir='ltr'><strong>propriam</strong></span> <span class='ocrx_word' id='word_1_660' title='bbox 2270 2869 2362 2922; x_wconf 89' lang='lat' dir='ltr'><strong>tibi</strong></span> <span class='ocrx_word' id='word_1_661' title='bbox 2390 2868 2790 2938; x_wconf 87' lang='lat' dir='ltr'><strong>possessionem</strong></span> <span class='ocrx_word' id='word_1_662' title='bbox 2831 2868 3032 2925; x_wconf 88' lang='lat' dir='ltr'><strong>habere</strong></span> <span class='ocrx_word' id='word_1_663' title='bbox 3061 2870 3303 2939; x_wconf 85' lang='lat' dir='ltr'><strong>digneris</strong></span> <span class='ocrx_word' id='word_1_664' title='bbox 3346 2889 3360 2926; x_wconf 90' lang='lat'><strong>:</strong></span> <span class='ocrx_word' id='word_1_665' title='bbox 3405 2873 3534 2941; x_wconf 76' lang='lat' dir='ltr'><strong>quia</strong></span> 
     </span>
    </p>
   </div>
   <div class='ocr_carea' id='block_1_87' title="bbox 1963 2962 3534 3032">
    <p class='ocr_par' dir='ltr' id='par_1_87' title="bbox 1963 2962 3534 3032">
     <span class='ocr_line' id='line_1_87' title="bbox 1963 2962 3534 3032; baseline 0.001 -16"><span class='ocrx_word' id='word_1_666' title='bbox 1963 2977 2064 3018; x_wconf 91' lang='lat' dir='ltr'><strong>nos</strong></span> <span class='ocrx_word' id='word_1_667' title='bbox 2109 2978 2212 3017; x_wconf 93' lang='lat' dir='ltr'><strong>non</strong></span> <span class='ocrx_word' id='word_1_668' title='bbox 2252 2962 2418 3017; x_wconf 90' lang='lat' dir='ltr'><strong>alium</strong></span> <span class='ocrx_word' id='word_1_669' title='bbox 2453 2962 2704 3017; x_wconf 89' lang='lat' dir='ltr'><strong>novimus</strong></span> <span class='ocrx_word' id='word_1_670' title='bbox 2731 2970 2926 3032; x_wconf 63' lang='lat' dir='ltr'><strong>praeter</strong></span> <span class='ocrx_word' id='word_1_671' title='bbox 2973 2971 3062 3029; x_wconf 92' lang='lat' dir='ltr'><strong>te,</strong></span> <span class='ocrx_word' id='word_1_672' title='bbox 3095 2971 3151 3017; x_wconf 91' lang='lat' dir='ltr'><strong>et</strong></span> <span class='ocrx_word' id='word_1_673' title='bbox 3202 2963 3254 3017; x_wconf 90' lang='lat' dir='ltr'><strong>in</strong></span> <span class='ocrx_word' id='word_1_674' title='bbox 3289 2963 3406 3018; x_wconf 88' lang='lat' dir='ltr'><strong>solo</strong></span> <span class='ocrx_word' id='word_1_675' title='bbox 3437 2979 3534 3018; x_wconf 87' lang='lat' dir='ltr'><strong>no-</strong></span> 
     </span>
    </p>
   </div>
   <div class='ocr_carea' id='block_1_88' title="bbox 1963 3052 3538 3124">
    <p class='ocr_par' dir='ltr' id='par_1_88' title="bbox 1963 3052 3538 3124">
     <span class='ocr_line' id='line_1_88' title="bbox 1963 3052 3538 3124; baseline 0.001 -16"><span class='ocrx_word' id='word_1_676' title='bbox 1963 3053 2108 3109; x_wconf 86' lang='lat' dir='ltr'><strong>mine</strong></span> <span class='ocrx_word' id='word_1_677' title='bbox 2141 3065 2232 3109; x_wconf 92' lang='lat' dir='ltr'><strong>tuo</strong></span> <span class='ocrx_word' id='word_1_678' title='bbox 2257 3054 2598 3109; x_wconf 88' lang='lat' dir='ltr'><strong>conlidimus.</strong></span> <span class='ocrx_word' id='word_1_679' title='bbox 2623 3052 2758 3108; x_wconf 90' lang='lat' dir='ltr'><strong>Cum</strong></span> <span class='ocrx_word' id='word_1_680' title='bbox 2789 3053 2953 3124; x_wconf 76' lang='lat' dir='ltr'><strong>igitur</strong></span> <span class='ocrx_word' id='word_1_681' title='bbox 2980 3054 3034 3108; x_wconf 92' lang='lat' dir='ltr'><strong>in</strong></span> <span class='ocrx_word' id='word_1_682' title='bbox 3062 3055 3168 3108; x_wconf 90' lang='lat' dir='ltr'><strong>vita</strong></span> <span class='ocrx_word' id='word_1_683' title='bbox 3201 3064 3387 3109; x_wconf 89' lang='lat' dir='ltr'><strong>nostra</strong></span> <span class='ocrx_word' id='word_1_684' title='bbox 3423 3071 3538 3109; x_wconf 85' lang='lat' dir='ltr'><strong>non</strong></span> 
     </span>
    </p>
   </div>
   <div class='ocr_carea' id='block_1_89' title="bbox 1963 3143 3542 3215">
    <p class='ocr_par' dir='ltr' id='par_1_89' title="bbox 1963 3143 3542 3215">
     <span class='ocr_line' id='line_1_89' title="bbox 1963 3143 3542 3215; baseline 0 -17"><span class='ocrx_word' id='word_1_685' title='bbox 1963 3144 2126 3199; x_wconf 90' lang='lat' dir='ltr'><strong>alium</strong></span> <span class='ocrx_word' id='word_1_686' title='bbox 2161 3160 2322 3215; x_wconf 88' lang='lat' dir='ltr'><strong>quam</strong></span> <span class='ocrx_word' id='word_1_687' title='bbox 2363 3154 2412 3199; x_wconf 90' lang='lat' dir='ltr'><strong>te</strong></span> <span class='ocrx_word' id='word_1_688' title='bbox 2443 3145 2884 3213; x_wconf 86' lang='lat' dir='ltr'><strong>possederimus;</strong></span> <span class='ocrx_word' id='word_1_689' title='bbox 2910 3143 3035 3214; x_wconf 87' lang='lat' dir='ltr'><strong>jure</strong></span> <span class='ocrx_word' id='word_1_690' title='bbox 3060 3153 3542 3215; x_wconf 66' lang='lat' dir='ltr'><strong>rogamus,uttua:</strong></span> 
     </span>
    </p>
   </div>
   <div class='ocr_carea' id='block_1_90' title="bbox 1962 3238 2990 3308">
    <p class='ocr_par' dir='ltr' id='par_1_90' title="bbox 1962 3238 2990 3308">
     <span class='ocr_line' id='line_1_90' title="bbox 1962 3238 2990 3308; baseline 0.001 -16"><span class='ocrx_word' id='word_1_691' title='bbox 1962 3238 2224 3308; x_wconf 75' lang='lat' dir='ltr'><strong>portionis</strong></span> <span class='ocrx_word' id='word_1_692' title='bbox 2249 3247 2300 3290; x_wconf 88' lang='lat' dir='ltr'><strong>et</strong></span> <span class='ocrx_word' id='word_1_693' title='bbox 2324 3238 2488 3292; x_wconf 88' lang='lat' dir='ltr'><strong>sortis</strong></span> <span class='ocrx_word' id='word_1_694' title='bbox 2516 3253 2637 3290; x_wconf 85' lang='lat' dir='ltr'><strong>esse</strong></span> <span class='ocrx_word' id='word_1_695' title='bbox 2666 3252 2990 3293; x_wconf 84' lang='lat' dir='ltr'><strong>mereamur.</strong></span> 
     </span>
    </p>
   </div>
   <div class='ocr_carea' id='block_1_91' title="bbox 2032 3321 3537 3390">
    <p class='ocr_par' dir='ltr' id='par_1_91' title="bbox 2032 3321 3537 3390">
     <span class='ocr_line' id='line_1_91' title="bbox 2032 3321 3537 3390; baseline 0.003 -14"><span class='ocrx_word' id='word_1_696' title='bbox 2032 3321 2194 3378; x_wconf 69' lang='lat' dir='ltr'><strong>Vens.</strong></span> <span class='ocrx_word' id='word_1_697' title='bbox 2239 3326 2321 3376; x_wconf 77' lang='lat' dir='ltr'><strong>M.</strong></span> <span class='ocrx_word' id='word_1_698' title='bbox 2376 3341 2394 3374; x_wconf 80' lang='grc' dir='ltr'><strong>ι</strong></span> <span class='ocrx_word' id='word_1_699' title='bbox 2452 3321 2650 3377; x_wconf 82' lang='lat' dir='ltr'><strong>Murtui</strong></span> <span class='ocrx_word' id='word_1_700' title='bbox 2695 3334 2875 3378; x_wconf 89' lang='lat' dir='ltr'><strong>autem</strong></span> <span class='ocrx_word' id='word_1_701' title='bbox 2908 3324 3076 3380; x_wconf 89' lang='lat' dir='ltr'><strong>vitam</strong></span> <span class='ocrx_word' id='word_1_702' title='bbox 3113 3341 3218 3380; x_wconf 92' lang='lat' dir='ltr'><strong>non</strong></span> <span class='ocrx_word' id='word_1_703' title='bbox 3252 3326 3537 3390; x_wconf 84' lang='lat' dir='ltr'><strong>videbunt,</strong></span> 
     </span>
    </p>
   </div>
   <div class='ocr_carea' id='block_1_92' title="bbox 1930 3415 3534 3503">
    <p class='ocr_par' dir='ltr' id='par_1_92' title="bbox 1930 3415 3534 3503">
     <span class='ocr_line' id='line_1_92' title="bbox 1930 3415 3534 3503; baseline 0.002 -34"><span class='ocrx_word' id='word_1_704' title='bbox 1930 3429 2138 3503; x_wconf 36' lang='lat' dir='ltr'><strong>Ineque</strong></span> <span class='ocrx_word' id='word_1_705' title='bbox 2171 3415 2364 3469; x_wconf 84' lang='lat' dir='ltr'><strong>medici</strong></span> <span class='ocrx_word' id='word_1_706' title='bbox 2402 3415 2769 3470; x_wconf 86' lang='lat' dir='ltr'><strong>suscitahunt.</strong></span> <span class='ocrx_word' id='word_1_707' title='bbox 2801 3415 2922 3472; x_wconf 86' lang='lat' dir='ltr'><strong>Ideo</strong></span> <span class='ocrx_word' id='word_1_708' title='bbox 2970 3417 3243 3472; x_wconf 75' lang='lat' dir='ltr'><strong>abduxisti</strong></span> <span class='ocrx_word' id='word_1_709' title='bbox 3271 3457 3286 3484; x_wconf 89' lang='lat'><strong>,</strong></span> <span class='ocrx_word' id='word_1_710' title='bbox 3321 3429 3377 3474; x_wconf 87' lang='lat' dir='ltr'><strong>et</strong></span> <span class='ocrx_word' id='word_1_711' title='bbox 3408 3434 3534 3489; x_wconf 85' lang='lat' dir='ltr'><strong>pcr-</strong></span> 
     </span>
    </p>
   </div>
   <div class='ocr_carea' id='block_1_93' title="bbox 1839 3503 3539 3576">
    <p class='ocr_par' dir='ltr' id='par_1_93' title="bbox 1839 3503 3539 3576">
     <span class='ocr_line' id='line_1_93' title="bbox 1839 3503 3539 3576; baseline 0.004 -17"><span class='ocrx_word' id='word_1_712' title='bbox 1839 3552 1854 3576; x_wconf 83' lang='lat'><strong>,</strong></span> <span class='ocrx_word' id='word_1_713' title='bbox 1959 3505 2166 3569; x_wconf 86' lang='lat' dir='ltr'><strong>didisti,</strong></span> <span class='ocrx_word' id='word_1_714' title='bbox 2195 3513 2252 3559; x_wconf 90' lang='lat' dir='ltr'><strong>et</strong></span> <span class='ocrx_word' id='word_1_715' title='bbox 2283 3503 2552 3560; x_wconf 86' lang='lat' dir='ltr'><strong>sustulisti</strong></span> <span class='ocrx_word' id='word_1_716' title='bbox 2589 3519 2753 3560; x_wconf 89' lang='lat' dir='ltr'><strong>omne</strong></span> <span class='ocrx_word' id='word_1_717' title='bbox 2803 3506 3102 3562; x_wconf 90' lang='lat' dir='ltr'><strong>masculum</strong></span> <span class='ocrx_word' id='word_1_718' title='bbox 3131 3521 3342 3562; x_wconf 89' lang='lat' dir='ltr'><strong>eorum.</strong></span> <span class='ocrx_word' id='word_1_719' title='bbox 3372 3527 3392 3562; x_wconf 74' lang='grc'><strong>»</strong></span> <span class='ocrx_word' id='word_1_720' title='bbox 3424 3507 3539 3566; x_wconf 76' lang='lat' dir='ltr'><strong>Nos</strong></span> 
     </span>
    </p>
   </div>
   <div class='ocr_carea' id='block_1_94' title="bbox 1957 3595 3531 3669">
    <p class='ocr_par' dir='ltr' id='par_1_94' title="bbox 1957 3595 3531 3669">
     <span class='ocr_line' id='line_1_94' title="bbox 1957 3595 3531 3669; baseline 0.004 -20"><span class='ocrx_word' id='word_1_721' title='bbox 1957 3595 2199 3665; x_wconf 87' lang='lat' dir='ltr'><strong>quidem,</strong></span> <span class='ocrx_word' id='word_1_722' title='bbox 2233 3595 2333 3659; x_wconf 89' lang='lat' dir='ltr'><strong>ait,</strong></span> <span class='ocrx_word' id='word_1_723' title='bbox 2361 3595 2435 3649; x_wconf 91' lang='lat' dir='ltr'><strong>tui</strong></span> <span class='ocrx_word' id='word_1_724' title='bbox 2464 3610 2653 3650; x_wconf 87' lang='lat' dir='ltr'><strong>sumus</strong></span> <span class='ocrx_word' id='word_1_725' title='bbox 2674 3633 2690 3662; x_wconf 92' lang='lat'><strong>,</strong></span> <span class='ocrx_word' id='word_1_726' title='bbox 2719 3596 2944 3651; x_wconf 88' lang='lat' dir='ltr'><strong>Domine</strong></span> <span class='ocrx_word' id='word_1_727' title='bbox 2965 3639 2982 3665; x_wconf 88' lang='lat'><strong>,</strong></span> <span class='ocrx_word' id='word_1_728' title='bbox 3017 3606 3071 3652; x_wconf 91' lang='lat' dir='ltr'><strong>et</strong></span> <span class='ocrx_word' id='word_1_729' title='bbox 3099 3607 3154 3653; x_wconf 93' lang='lat' dir='ltr'><strong>tu</strong></span> <span class='ocrx_word' id='word_1_730' title='bbox 3183 3608 3368 3654; x_wconf 90' lang='lat' dir='ltr'><strong>nostra</strong></span> <span class='ocrx_word' id='word_1_731' title='bbox 3403 3615 3531 3669; x_wconf 84' lang='lat' dir='ltr'><strong>pos-</strong></span> 
     </span>
    </p>
   </div>
   <div class='ocr_carea' id='block_1_95' title="bbox 1956 3687 3533 3758">
    <p class='ocr_par' dir='ltr' id='par_1_95' title="bbox 1956 3687 3533 3758">
     <span class='ocr_line' id='line_1_95' title="bbox 1956 3687 3533 3758; baseline 0.002 -15"><span class='ocrx_word' id='word_1_732' title='bbox 1956 3688 2132 3744; x_wconf 86' lang='lat' dir='ltr'><strong>sessio</strong></span> <span class='ocrx_word' id='word_1_733' title='bbox 2163 3702 2261 3753; x_wconf 85' lang='lat' dir='ltr'><strong>es;</strong></span> <span class='ocrx_word' id='word_1_734' title='bbox 2293 3687 2388 3757; x_wconf 89' lang='lat' dir='ltr'><strong>qui</strong></span> <span class='ocrx_word' id='word_1_735' title='bbox 2422 3702 2553 3742; x_wconf 79' lang='lat' dir='ltr'><strong>vero</strong></span> <span class='ocrx_word' id='word_1_736' title='bbox 2579 3701 2700 3744; x_wconf 87' lang='lat' dir='ltr'><strong>sese</strong></span> <span class='ocrx_word' id='word_1_737' title='bbox 2733 3691 2974 3758; x_wconf 84' lang='lat' dir='ltr'><strong>peccatis</strong></span> <span class='ocrx_word' id='word_1_738' title='bbox 3001 3691 3068 3746; x_wconf 93' lang='lat' dir='ltr'><strong>ad</strong></span> <span class='ocrx_word' id='word_1_739' title='bbox 3115 3702 3346 3748; x_wconf 89' lang='lat' dir='ltr'><strong>mortem</strong></span> <span class='ocrx_word' id='word_1_740' title='bbox 3375 3694 3533 3749; x_wconf 69' lang='lat' dir='ltr'><strong>dedi-</strong></span> 
     </span>
    </p>
   </div>
   <div class='ocr_carea' id='block_1_96' title="bbox 1956 3779 3538 3851">
    <p class='ocr_par' dir='ltr' id='par_1_96' title="bbox 1956 3779 3538 3851">
     <span class='ocr_line' id='line_1_96' title="bbox 1956 3779 3538 3851; baseline 0.004 -17"><span class='ocrx_word' id='word_1_741' title='bbox 1956 3779 2171 3849; x_wconf 87' lang='lat' dir='ltr'><strong>derunt,</strong></span> <span class='ocrx_word' id='word_1_742' title='bbox 2239 3779 2470 3851; x_wconf 79' lang='lat' dir='ltr'><strong>ideoque</strong></span> <span class='ocrx_word' id='word_1_743' title='bbox 2523 3780 2813 3836; x_wconf 84' lang='lat' dir='ltr'><strong>animabus</strong></span> <span class='ocrx_word' id='word_1_744' title='bbox 2875 3785 3084 3837; x_wconf 81' lang='lat' dir='ltr'><strong>mortui</strong></span> <span class='ocrx_word' id='word_1_745' title='bbox 3133 3795 3257 3839; x_wconf 91' lang='lat' dir='ltr'><strong>sunt</strong></span> <span class='ocrx_word' id='word_1_746' title='bbox 3328 3803 3342 3840; x_wconf 91' lang='lat'><strong>:</strong></span> <span class='ocrx_word' id='word_1_747' title='bbox 3407 3801 3538 3841; x_wconf 78' lang='lat' dir='ltr'><strong>naut</strong></span> 
     </span>
    </p>
   </div>
   <div class='ocr_carea' id='block_1_97' title="bbox 1959 3872 3534 3948">
    <p class='ocr_par' dir='ltr' id='par_1_97' title="bbox 1959 3872 3534 3948">
     <span class='ocr_line' id='line_1_97' title="bbox 1959 3872 3534 3948; baseline 0.006 -23"><span class='ocrx_word' id='word_1_748' title='bbox 1959 3891 1978 3924; x_wconf 76' lang='grc' dir='ltr'><strong>ι</strong></span> <span class='ocrx_word' id='word_1_749' title='bbox 2005 3872 2186 3926; x_wconf 89' lang='lat' dir='ltr'><strong>anima</strong></span> <span class='ocrx_word' id='word_1_750' title='bbox 2204 3888 2324 3942; x_wconf 76' lang='lat' dir='ltr'><strong>qua:</strong></span> <span class='ocrx_word' id='word_1_751' title='bbox 2344 3875 2673 3944; x_wconf 86' lang='lat' dir='ltr'><strong>peccaverit,</strong></span> <span class='ocrx_word' id='word_1_752' title='bbox 2706 3874 2820 3944; x_wconf 87' lang='lat' dir='ltr'><strong>ipsa</strong></span> <span class='ocrx_word' id='word_1_753' title='bbox 2841 3876 3102 3931; x_wconf 86' lang='lat' dir='ltr'><strong>morietur</strong></span> <span class='ocrx_word' id='word_1_754' title='bbox 3125 3894 3138 3930; x_wconf 88' lang='lat'><strong>:</strong></span> <span class='ocrx_word' id='word_1_755' title='bbox 3161 3895 3181 3931; x_wconf 71' lang='grc' dir='ltr'><strong>ι</strong></span> <span class='ocrx_word' id='word_1_756' title='bbox 3206 3879 3534 3948; x_wconf 83' lang='lat' dir='ltr'><strong>promissam</strong></span> 
     </span>
    </p>
   </div>
   <div class='ocr_carea' id='block_1_98' title="bbox 1955 3964 3538 4038">
    <p class='ocr_par' dir='ltr' id='par_1_98' title="bbox 1955 3964 3538 4038">
     <span class='ocr_line' id='line_1_98' title="bbox 1955 3964 3538 4038; baseline 0 -19"><span class='ocrx_word' id='word_1_757' title='bbox 1955 3964 2157 4020; x_wconf 80' lang='lat' dir='ltr'><strong>sanctis</strong></span> <span class='ocrx_word' id='word_1_758' title='bbox 2189 3973 2448 4019; x_wconf 68' lang='lat' dir='ltr'><strong>aeternam</strong></span> <span class='ocrx_word' id='word_1_759' title='bbox 2481 3966 2644 4019; x_wconf 84' lang='lat' dir='ltr'><strong>vitam</strong></span> <span class='ocrx_word' id='word_1_760' title='bbox 2680 3981 2784 4020; x_wconf 92' lang='lat' dir='ltr'><strong>non</strong></span> <span class='ocrx_word' id='word_1_761' title='bbox 2818 3966 3099 4030; x_wconf 72' lang='lat' dir='ltr'><strong>videbunt,</strong></span> <span class='ocrx_word' id='word_1_762' title='bbox 3131 3984 3304 4038; x_wconf 90' lang='lat' dir='ltr'><strong>neque</strong></span> <span class='ocrx_word' id='word_1_763' title='bbox 3334 3969 3538 4026; x_wconf 16' lang='lat' dir='ltr'><strong>medici.</strong></span> 
     </span>
    </p>
   </div>
   <div class='ocr_carea' id='block_1_99' title="bbox 1953 4058 3534 4131">
    <p class='ocr_par' dir='ltr' id='par_1_99' title="bbox 1953 4058 3534 4131">
     <span class='ocr_line' id='line_1_99' title="bbox 1953 4058 3534 4131; baseline 0.003 -19"><span class='ocrx_word' id='word_1_764' title='bbox 1953 4058 2318 4128; x_wconf 86' lang='lat' dir='ltr'><strong>undecunque</strong></span> <span class='ocrx_word' id='word_1_765' title='bbox 2363 4059 2628 4114; x_wconf 86' lang='lat' dir='ltr'><strong>accedant</strong></span> <span class='ocrx_word' id='word_1_766' title='bbox 2664 4058 2856 4129; x_wconf 83' lang='lat' dir='ltr'><strong>judicii</strong></span> <span class='ocrx_word' id='word_1_767' title='bbox 2931 4069 3212 4130; x_wconf 84' lang='lat' dir='ltr'><strong>tempore,</strong></span> <span class='ocrx_word' id='word_1_768' title='bbox 3273 4073 3534 4131; x_wconf 90' lang='lat' dir='ltr'><strong>poterunt</strong></span> 
     </span>
    </p>
   </div>
   <div class='ocr_carea' id='block_1_100' title="bbox 1953 4150 3529 4225">
    <p class='ocr_par' dir='ltr' id='par_1_100' title="bbox 1953 4150 3529 4225">
     <span class='ocr_line' id='line_1_100' title="bbox 1953 4150 3529 4225; baseline 0.001 -17"><span class='ocrx_word' id='word_1_769' title='bbox 1953 4151 2088 4222; x_wconf 84' lang='lat' dir='ltr'><strong>ipsis</strong></span> <span class='ocrx_word' id='word_1_770' title='bbox 2115 4164 2271 4221; x_wconf 88' lang='lat' dir='ltr'><strong>opem</strong></span> <span class='ocrx_word' id='word_1_771' title='bbox 2301 4151 2367 4205; x_wconf 89' lang='lat' dir='ltr'><strong>ad</strong></span> <span class='ocrx_word' id='word_1_772' title='bbox 2400 4151 2630 4206; x_wconf 80' lang='lat' dir='ltr'><strong>salutem</strong></span> <span class='ocrx_word' id='word_1_773' title='bbox 2671 4150 2922 4206; x_wconf 74' lang='lat' dir='ltr'><strong>conferre</strong></span> <span class='ocrx_word' id='word_1_774' title='bbox 2945 4191 2966 4217; x_wconf 86' lang='lat'><strong>,</strong></span> <span class='ocrx_word' id='word_1_775' title='bbox 2995 4169 3168 4225; x_wconf 84' lang='lat' dir='ltr'><strong>neque</strong></span> <span class='ocrx_word' id='word_1_776' title='bbox 3194 4169 3288 4210; x_wconf 90' lang='lat' dir='ltr'><strong>eos</strong></span> <span class='ocrx_word' id='word_1_777' title='bbox 3310 4155 3379 4210; x_wconf 89' lang='lat' dir='ltr'><strong>ab</strong></span> <span class='ocrx_word' id='word_1_778' title='bbox 3407 4157 3529 4210; x_wconf 76' lang='lat' dir='ltr'><strong>exi-</strong></span> 
     </span>
    </p>
   </div>
   <div class='ocr_carea' id='block_1_101' title="bbox 1955 4243 3633 4318">
    <p class='ocr_par' dir='ltr' id='par_1_101' title="bbox 1955 4243 3633 4318">
     <span class='ocr_line' id='line_1_101' title="bbox 1955 4243 3633 4318; baseline 0.004 -20"><span class='ocrx_word' id='word_1_779' title='bbox 1955 4245 2030 4298; x_wconf 88' lang='lat' dir='ltr'><strong>tio</strong></span> <span class='ocrx_word' id='word_1_780' title='bbox 2055 4243 2346 4298; x_wconf 87' lang='lat' dir='ltr'><strong>suscitare.</strong></span> <span class='ocrx_word' id='word_1_781' title='bbox 2374 4244 2432 4298; x_wconf 86' lang='lat' dir='ltr'><strong>Si</strong></span> <span class='ocrx_word' id='word_1_782' title='bbox 2463 4243 2683 4314; x_wconf 85' lang='lat' dir='ltr'><strong>quidem</strong></span> <span class='ocrx_word' id='word_1_783' title='bbox 2712 4259 2851 4311; x_wconf 89' lang='lat' dir='ltr'><strong>quos</strong></span> <span class='ocrx_word' id='word_1_784' title='bbox 2880 4253 2935 4299; x_wconf 92' lang='lat' dir='ltr'><strong>tu</strong></span> <span class='ocrx_word' id='word_1_785' title='bbox 2959 4284 2976 4310; x_wconf 90' lang='lat'><strong>,</strong></span> <span class='ocrx_word' id='word_1_786' title='bbox 3006 4262 3233 4318; x_wconf 83' lang='lat' dir='ltr'><strong>magne,</strong></span> <span class='ocrx_word' id='word_1_787' title='bbox 3267 4248 3535 4304; x_wconf 61' lang='lat' dir='ltr'><strong>terribilis.</strong></span> <span class='ocrx_word' id='word_1_788' title='bbox 3631 4269 3633 4271; x_wconf 56' lang='grc' dir='ltr'><strong>ί</strong></span> 
     </span>
    </p>
   </div>
   <div class='ocr_carea' id='block_1_102' title="bbox 1951 4335 3534 4411">
    <p class='ocr_par' dir='ltr' id='par_1_102' title="bbox 1951 4335 3534 4411">
     <span class='ocr_line' id='line_1_102' title="bbox 1951 4335 3534 4411; baseline 0.004 -20"><span class='ocrx_word' id='word_1_789' title='bbox 1951 4345 2007 4392; x_wconf 90' lang='lat' dir='ltr'><strong>et</strong></span> <span class='ocrx_word' id='word_1_790' title='bbox 2046 4335 2194 4407; x_wconf 88' lang='lat' dir='ltr'><strong>juste</strong></span> <span class='ocrx_word' id='word_1_791' title='bbox 2221 4335 2396 4392; x_wconf 71' lang='lat' dir='ltr'><strong>Iudex</strong></span> <span class='ocrx_word' id='word_1_792' title='bbox 2425 4376 2441 4402; x_wconf 94' lang='lat'><strong>,</strong></span> <span class='ocrx_word' id='word_1_793' title='bbox 2471 4337 2730 4407; x_wconf 85' lang='lat' dir='ltr'><strong>perniciei</strong></span> <span class='ocrx_word' id='word_1_794' title='bbox 2782 4338 3050 4394; x_wconf 87' lang='lat' dir='ltr'><strong>tradidisti</strong></span> <span class='ocrx_word' id='word_1_795' title='bbox 3077 4380 3094 4406; x_wconf 91' lang='lat'><strong>,</strong></span> <span class='ocrx_word' id='word_1_796' title='bbox 3124 4340 3247 4411; x_wconf 84' lang='lat' dir='ltr'><strong>quis</strong></span> <span class='ocrx_word' id='word_1_797' title='bbox 3276 4341 3534 4397; x_wconf 86' lang='lat' dir='ltr'><strong>medicus.</strong></span> 
     </span>
    </p>
   </div>
   <div class='ocr_carea' id='block_1_103' title="bbox 1952 4429 2440 4500">
    <p class='ocr_par' dir='ltr' id='par_1_103' title="bbox 1952 4429 2440 4500">
     <span class='ocr_line' id='line_1_103' title="bbox 1952 4429 2440 4500; baseline 0 -16"><span class='ocrx_word' id='word_1_798' title='bbox 1952 4442 2168 4484; x_wconf 83' lang='lat' dir='ltr'><strong>servare</strong></span> <span class='ocrx_word' id='word_1_799' title='bbox 2193 4429 2440 4500; x_wconf 71' lang='lat' dir='ltr'><strong>poterit?</strong></span> 
     </span>
    </p>
   </div>
   <div class='ocr_carea' id='block_1_104' title="bbox 1878 4533 1995 4597">
    <p class='ocr_par' dir='ltr' id='par_1_104' title="bbox 1878 4533 1995 4597">
     <span class='ocr_line' id='line_1_104' title="bbox 1878 4533 1995 4597; baseline 0.009 -60"><span class='ocrx_word' id='word_1_800' title='bbox 1878 4539 1930 4597; x_wconf 63' lang='grc' dir='ltr'><strong><em>υ</em></strong></span> <span class='ocrx_word' id='word_1_801' title='bbox 1989 4533 1995 4538; x_wconf 82' lang='grc'><strong>.</strong></span> 
     </span>
    </p>
   </div>
   <div class='ocr_carea' id='block_1_105' title="bbox 2032 4609 3528 4682">
    <p class='ocr_par' dir='ltr' id='par_1_105' title="bbox 2032 4609 3528 4682">
     <span class='ocr_line' id='line_1_105' title="bbox 2032 4609 3528 4682; baseline 0.007 -20"><span class='ocrx_word' id='word_1_802' title='bbox 2032 4627 2048 4662; x_wconf 86' lang='grc' dir='ltr'><strong>ι</strong></span> <span class='ocrx_word' id='word_1_803' title='bbox 2090 4609 2214 4666; x_wconf 81' lang='lat' dir='ltr'><strong>ideo</strong></span> <span class='ocrx_word' id='word_1_804' title='bbox 2243 4609 2516 4667; x_wconf 75' lang='lat' dir='ltr'><strong>abduxisti</strong></span> <span class='ocrx_word' id='word_1_805' title='bbox 2550 4621 2604 4666; x_wconf 88' lang='lat' dir='ltr'><strong>et</strong></span> <span class='ocrx_word' id='word_1_806' title='bbox 2635 4613 2956 4682; x_wconf 83' lang='lat' dir='ltr'><strong>perdidisti,</strong></span> <span class='ocrx_word' id='word_1_807' title='bbox 2997 4624 3050 4669; x_wconf 78' lang='lat' dir='ltr'><strong>et</strong></span> <span class='ocrx_word' id='word_1_808' title='bbox 3080 4615 3351 4672; x_wconf 76' lang='lat' dir='ltr'><strong>sustulisti</strong></span> <span class='ocrx_word' id='word_1_809' title='bbox 3367 4634 3528 4672; x_wconf 88' lang='lat' dir='ltr'><strong>omne</strong></span> 
     </span>
    </p>
   </div>
   <div class='ocr_carea' id='block_1_106' title="bbox 1955 4700 3526 4769">
    <p class='ocr_par' dir='ltr' id='par_1_106' title="bbox 1955 4700 3526 4769">
     <span class='ocr_line' id='line_1_106' title="bbox 1955 4700 3526 4769; baseline 0.006 -15"><span class='ocrx_word' id='word_1_810' title='bbox 1955 4700 2255 4756; x_wconf 88' lang='lat' dir='ltr'><strong>masculum</strong></span> <span class='ocrx_word' id='word_1_811' title='bbox 2304 4716 2512 4757; x_wconf 89' lang='lat' dir='ltr'><strong>eorum.</strong></span> <span class='ocrx_word' id='word_1_812' title='bbox 2563 4721 2582 4756; x_wconf 86' lang='grc'><strong>›</strong></span> <span class='ocrx_word' id='word_1_813' title='bbox 2615 4702 2723 4769; x_wconf 79' lang='lat' dir='ltr'><strong>Pro</strong></span> <span class='ocrx_word' id='word_1_814' title='bbox 2754 4704 2843 4768; x_wconf 86' lang='lat' dir='ltr'><strong>illo</strong></span> <span class='ocrx_word' id='word_1_815' title='bbox 2873 4717 3052 4760; x_wconf 77' lang='lat' dir='ltr'><strong>autem</strong></span> <span class='ocrx_word' id='word_1_816' title='bbox 3082 4745 3098 4768; x_wconf 92' lang='lat'><strong>,</strong></span> <span class='ocrx_word' id='word_1_817' title='bbox 3133 4724 3153 4758; x_wconf 81' lang='grc' dir='ltr'><strong>ι</strong></span> <span class='ocrx_word' id='word_1_818' title='bbox 3183 4718 3236 4764; x_wconf 91' lang='lat' dir='ltr'><strong>et</strong></span> <span class='ocrx_word' id='word_1_819' title='bbox 3258 4710 3526 4764; x_wconf 78' lang='lat' dir='ltr'><strong>sustulisti</strong></span> 
     </span>
    </p>
   </div>
   <div class='ocr_carea' id='block_1_107' title="bbox 1951 4789 3522 4870">
    <p class='ocr_par' dir='ltr' id='par_1_107' title="bbox 1951 4789 3522 4870">
     <span class='ocr_line' id='line_1_107' title="bbox 1951 4789 3522 4870; baseline 0.005 -24"><span class='ocrx_word' id='word_1_820' title='bbox 1951 4792 2112 4847; x_wconf 70' lang='lat' dir='ltr'><strong>olliii‘e</strong></span> <span class='ocrx_word' id='word_1_821' title='bbox 2143 4791 2441 4848; x_wconf 88' lang='lat' dir='ltr'><strong>masculum</strong></span> <span class='ocrx_word' id='word_1_822' title='bbox 2481 4810 2667 4850; x_wconf 92' lang='lat' dir='ltr'><strong>eorum</strong></span> <span class='ocrx_word' id='word_1_823' title='bbox 2696 4836 2711 4861; x_wconf 92' lang='lat'><strong>,</strong></span> <span class='ocrx_word' id='word_1_824' title='bbox 2755 4816 2774 4848; x_wconf 72' lang='grc' dir='ltr'><strong>ι</strong></span> <span class='ocrx_word' id='word_1_825' title='bbox 2811 4789 3169 4870; x_wconf 81' lang='lat' dir='ltr'><strong>Symmachus</strong></span> <span class='ocrx_word' id='word_1_826' title='bbox 3196 4839 3211 4863; x_wconf 85' lang='lat'><strong>,</strong></span> <span class='ocrx_word' id='word_1_827' title='bbox 3252 4818 3270 4852; x_wconf 78' lang='grc' dir='ltr'><strong>ι</strong></span> <span class='ocrx_word' id='word_1_828' title='bbox 3307 4815 3522 4857; x_wconf 87' lang='lat' dir='ltr'><strong>omnem</strong></span> 
     </span>
    </p>
   </div>
   <div class='ocr_carea' id='block_1_108' title="bbox 1953 4887 3521 4960">
    <p class='ocr_par' dir='ltr' id='par_1_108' title="bbox 1953 4887 3521 4960">
     <span class='ocr_line' id='line_1_108' title="bbox 1953 4887 3521 4960; baseline 0.006 -21"><span class='ocrx_word' id='word_1_829' title='bbox 1953 4887 2271 4940; x_wconf 84' lang='lat' dir='ltr'><strong>memoriam</strong></span> <span class='ocrx_word' id='word_1_830' title='bbox 2327 4902 2544 4955; x_wconf 86' lang='lat' dir='ltr'><strong>eorum;</strong></span> <span class='ocrx_word' id='word_1_831' title='bbox 2583 4908 2602 4940; x_wconf 73' lang='grc' dir='ltr'><strong>ι</strong></span> <span class='ocrx_word' id='word_1_832' title='bbox 2640 4890 2835 4960; x_wconf 82' lang='lat' dir='ltr'><strong>Aquila</strong></span> <span class='ocrx_word' id='word_1_833' title='bbox 2893 4907 3020 4946; x_wconf 77' lang='lat' dir='ltr'><strong>vero</strong></span> <span class='ocrx_word' id='word_1_834' title='bbox 3067 4902 3124 4947; x_wconf 90' lang='lat' dir='ltr'><strong>et</strong></span> <span class='ocrx_word' id='word_1_835' title='bbox 3171 4892 3471 4949; x_wconf 84' lang='lat' dir='ltr'><strong>Thcodotio</strong></span> <span class='ocrx_word' id='word_1_836' title='bbox 3508 4936 3521 4959; x_wconf 91' lang='lat'><strong>,</strong></span> 
     </span>
    </p>
   </div>
   <div class='ocr_carea' id='block_1_109' title="bbox 1956 4979 3527 5056">
    <p class='ocr_par' dir='ltr' id='par_1_109' title="bbox 1956 4979 3527 5056">
     <span class='ocr_line' id='line_1_109' title="bbox 1956 4979 3527 5056; baseline 0.006 -26"><span class='ocrx_word' id='word_1_837' title='bbox 1956 4996 1975 5030; x_wconf 79' lang='grc' dir='ltr'><strong>ι</strong></span> <span class='ocrx_word' id='word_1_838' title='bbox 2014 4993 2174 5032; x_wconf 91' lang='lat' dir='ltr'><strong>omne</strong></span> <span class='ocrx_word' id='word_1_839' title='bbox 2206 4979 2518 5035; x_wconf 87' lang='lat' dir='ltr'><strong>memoriale</strong></span> <span class='ocrx_word' id='word_1_840' title='bbox 2547 4996 2758 5047; x_wconf 90' lang='lat' dir='ltr'><strong>eorum,</strong></span> <span class='ocrx_word' id='word_1_841' title='bbox 2797 5001 2818 5034; x_wconf 76' lang='grc' dir='ltr'><strong>ι</strong></span> <span class='ocrx_word' id='word_1_842' title='bbox 2851 4983 3188 5056; x_wconf 85' lang='lat' dir='ltr'><strong>interpretati</strong></span> <span class='ocrx_word' id='word_1_843' title='bbox 3220 4995 3367 5043; x_wconf 88' lang='lat' dir='ltr'><strong>sunt.</strong></span> <span class='ocrx_word' id='word_1_844' title='bbox 3420 4986 3527 5040; x_wconf 72' lang='grc' dir='ltr'><strong>ΡΜ·</strong></span> 
     </span>
    </p>
   </div>
   <div class='ocr_carea' id='block_1_110' title="bbox 1947 5073 3524 5148">
    <p class='ocr_par' dir='ltr' id='par_1_110' title="bbox 1947 5073 3524 5148">
     <span class='ocr_line' id='line_1_110' title="bbox 1947 5073 3524 5148; baseline 0.006 -24"><span class='ocrx_word' id='word_1_845' title='bbox 1947 5079 2066 5125; x_wconf 87' lang='lat' dir='ltr'><strong>erat</strong></span> <span class='ocrx_word' id='word_1_846' title='bbox 2094 5073 2238 5126; x_wconf 90' lang='lat' dir='ltr'><strong>enim</strong></span> <span class='ocrx_word' id='word_1_847' title='bbox 2271 5084 2573 5129; x_wconf 89' lang='lat' dir='ltr'><strong>memorato</strong></span> <span class='ocrx_word' id='word_1_848' title='bbox 2616 5074 2804 5143; x_wconf 85' lang='lat' dir='ltr'><strong>judicii</strong></span> <span class='ocrx_word' id='word_1_849' title='bbox 2844 5088 3084 5148; x_wconf 86' lang='lat' dir='ltr'><strong>tempore</strong></span> <span class='ocrx_word' id='word_1_850' title='bbox 3109 5120 3124 5142; x_wconf 90' lang='lat'><strong>,</strong></span> <span class='ocrx_word' id='word_1_851' title='bbox 3153 5093 3370 5134; x_wconf 66' lang='lat' dir='ltr'><strong>ouantem</strong></span> <span class='ocrx_word' id='word_1_852' title='bbox 3425 5097 3524 5134; x_wconf 87' lang='lat' dir='ltr'><strong>ue-</strong></span> 
     </span>
    </p>
   </div>
   <div class='ocr_carea' id='block_1_111' title="bbox 1948 5163 3520 5235">
    <p class='ocr_par' dir='ltr' id='par_1_111' title="bbox 1948 5163 3520 5235">
     <span class='ocr_line' id='line_1_111' title="bbox 1948 5163 3520 5235; baseline 0.005 -19"><span class='ocrx_word' id='word_1_853' title='bbox 1948 5163 2132 5230; x_wconf 70' lang='lat' dir='ltr'><strong>quitite</strong></span> <span class='ocrx_word' id='word_1_854' title='bbox 2168 5167 2488 5220; x_wconf 88' lang='lat' dir='ltr'><strong>memoriam</strong></span> <span class='ocrx_word' id='word_1_855' title='bbox 2517 5167 2583 5222; x_wconf 90' lang='lat' dir='ltr'><strong>de</strong></span> <span class='ocrx_word' id='word_1_856' title='bbox 2614 5169 2792 5222; x_wconf 89' lang='lat' dir='ltr'><strong>medio</strong></span> <span class='ocrx_word' id='word_1_857' title='bbox 2819 5169 2956 5223; x_wconf 89' lang='lat' dir='ltr'><strong>tolli.</strong></span> <span class='ocrx_word' id='word_1_858' title='bbox 2994 5171 3146 5235; x_wconf 85' lang='lat' dir='ltr'><strong>Quod</strong></span> <span class='ocrx_word' id='word_1_859' title='bbox 3179 5171 3222 5224; x_wconf 88' lang='lat' dir='ltr'><strong>si</strong></span> <span class='ocrx_word' id='word_1_860' title='bbox 3252 5171 3520 5235; x_wconf 75' lang='lat' dir='ltr'><strong>dicamus,</strong></span> 
     </span>
    </p>
   </div>
   <div class='ocr_carea' id='block_1_112' title="bbox 1954 5246 3520 5332">
    <p class='ocr_par' dir='ltr' id='par_1_112' title="bbox 1954 5246 3520 5332">
     <span class='ocr_line' id='line_1_112' title="bbox 1954 5246 3520 5332; baseline 0.007 -24"><span class='ocrx_word' id='word_1_861' title='bbox 1954 5273 1974 5306; x_wconf 81' lang='grc' dir='ltr'><strong>ι</strong></span> <span class='ocrx_word' id='word_1_862' title='bbox 2003 5270 2165 5311; x_wconf 90' lang='lat' dir='ltr'><strong>omne</strong></span> <span class='ocrx_word' id='word_1_863' title='bbox 2201 5246 2500 5312; x_wconf 75' lang='lat' dir='ltr'><strong>masculum</strong></span> <span class='ocrx_word' id='word_1_864' title='bbox 2537 5276 2750 5326; x_wconf 88' lang='lat' dir='ltr'><strong>eorum,</strong></span> <span class='ocrx_word' id='word_1_865' title='bbox 2794 5280 2813 5314; x_wconf 78' lang='grc' dir='ltr'><strong>ι</strong></span> <span class='ocrx_word' id='word_1_866' title='bbox 2849 5277 3098 5330; x_wconf 80' lang='lat' dir='ltr'><strong>magnam</strong></span> <span class='ocrx_word' id='word_1_867' title='bbox 3149 5277 3327 5318; x_wconf 82' lang='lat' dir='ltr'><strong>sermo</strong></span> <span class='ocrx_word' id='word_1_868' title='bbox 3377 5277 3520 5332; x_wconf 79' lang='lat' dir='ltr'><strong>pra:-</strong></span> 
     </span>
    </p>
   </div>
   <div class='ocr_carea' id='block_1_113' title="bbox 1950 5349 3518 5426">
    <p class='ocr_par' dir='ltr' id='par_1_113' title="bbox 1950 5349 3518 5426">
     <span class='ocr_line' id='line_1_113' title="bbox 1950 5349 3518 5426; baseline 0.004 -22"><span class='ocrx_word' id='word_1_869' title='bbox 1950 5349 2054 5404; x_wconf 79' lang='lat' dir='ltr'><strong>fcrt</strong></span> <span class='ocrx_word' id='word_1_870' title='bbox 2093 5352 2508 5418; x_wconf 88' lang='lat' dir='ltr'><strong>humanitatem,</strong></span> <span class='ocrx_word' id='word_1_871' title='bbox 2562 5354 2720 5423; x_wconf 83' lang='lat' dir='ltr'><strong>quasi</strong></span> <span class='ocrx_word' id='word_1_872' title='bbox 2749 5354 2958 5412; x_wconf 89' lang='lat' dir='ltr'><strong>scilicet</strong></span> <span class='ocrx_word' id='word_1_873' title='bbox 2984 5372 3089 5411; x_wconf 89' lang='lat' dir='ltr'><strong>non</strong></span> <span class='ocrx_word' id='word_1_874' title='bbox 3122 5356 3222 5425; x_wconf 89' lang='lat' dir='ltr'><strong>ipsi</strong></span> <span class='ocrx_word' id='word_1_875' title='bbox 3259 5367 3518 5426; x_wconf 84' lang='lat' dir='ltr'><strong>peccato-</strong></span> 
     </span>
    </p>
   </div>
   <div class='ocr_carea' id='block_1_114' title="bbox 1954 5443 3517 5516">
    <p class='ocr_par' dir='ltr' id='par_1_114' title="bbox 1954 5443 3517 5516">
     <span class='ocr_line' id='line_1_114' title="bbox 1954 5443 3517 5516; baseline 0.003 -19"><span class='ocrx_word' id='word_1_876' title='bbox 1954 5459 2041 5498; x_wconf 86' lang='lat' dir='ltr'><strong>res</strong></span> <span class='ocrx_word' id='word_1_877' title='bbox 2068 5443 2280 5500; x_wconf 90' lang='lat' dir='ltr'><strong>delendi</strong></span> <span class='ocrx_word' id='word_1_878' title='bbox 2311 5461 2375 5502; x_wconf 89' lang='lat' dir='ltr'><strong>ac</strong></span> <span class='ocrx_word' id='word_1_879' title='bbox 2421 5445 2662 5502; x_wconf 62' lang='lat' dir='ltr'><strong>futtilitus</strong></span> <span class='ocrx_word' id='word_1_880' title='bbox 2713 5447 2969 5516; x_wconf 56' lang='lat' dir='ltr'><strong>perandi</strong></span> <span class='ocrx_word' id='word_1_881' title='bbox 3000 5449 3134 5515; x_wconf 89' lang='lat' dir='ltr'><strong>sint,</strong></span> <span class='ocrx_word' id='word_1_882' title='bbox 3182 5449 3278 5504; x_wconf 88' lang='lat' dir='ltr'><strong>sed</strong></span> <span class='ocrx_word' id='word_1_883' title='bbox 3325 5463 3517 5504; x_wconf 87' lang='lat' dir='ltr'><strong>eorum</strong></span> 
     </span>
    </p>
   </div>
   <div class='ocr_carea' id='block_1_115' title="bbox 1949 5532 3542 5611">
    <p class='ocr_par' dir='ltr' id='par_1_115' title="bbox 1949 5532 3542 5611">
     <span class='ocr_line' id='line_1_115' title="bbox 1949 5532 3542 5611; baseline 0.005 -23"><span class='ocrx_word' id='word_1_884' title='bbox 1949 5536 2088 5590; x_wconf 69' lang='lat' dir='ltr'><strong>fetus</strong></span> <span class='ocrx_word' id='word_1_885' title='bbox 2115 5574 2130 5600; x_wconf 91' lang='lat'><strong>,</strong></span> <span class='ocrx_word' id='word_1_886' title='bbox 2167 5551 2303 5606; x_wconf 87' lang='lat' dir='ltr'><strong>quos</strong></span> <span class='ocrx_word' id='word_1_887' title='bbox 2348 5552 2534 5592; x_wconf 90' lang='lat' dir='ltr'><strong>eorum</strong></span> <span class='ocrx_word' id='word_1_888' title='bbox 2564 5540 2747 5611; x_wconf 80' lang='lat' dir='ltr'><strong>anima</strong></span> <span class='ocrx_word' id='word_1_889' title='bbox 2781 5539 2992 5608; x_wconf 88' lang='lat' dir='ltr'><strong>peperit</strong></span> <span class='ocrx_word' id='word_1_890' title='bbox 3015 5532 3043 5604; x_wconf 83' lang='lat'><strong>,</strong></span> <span class='ocrx_word' id='word_1_891' title='bbox 3090 5541 3240 5596; x_wconf 79' lang='lat' dir='ltr'><strong>mala:</strong></span> <span class='ocrx_word' id='word_1_892' title='bbox 3268 5540 3542 5596; x_wconf 78' lang='lat' dir='ltr'><strong>videlicet.</strong></span> 
     </span>
    </p>
   </div>
   <div class='ocr_carea' id='block_1_116' title="bbox 1947 5627 3064 5698">
    <p class='ocr_par' dir='ltr' id='par_1_116' title="bbox 1947 5627 3064 5698">
     <span class='ocr_line' id='line_1_116' title="bbox 1947 5627 3064 5698; baseline 0.004 -16"><span class='ocrx_word' id='word_1_893' title='bbox 1947 5627 2322 5698; x_wconf 79' lang='lat' dir='ltr'><strong>cogitationes,</strong></span> <span class='ocrx_word' id='word_1_894' title='bbox 2355 5629 2422 5684; x_wconf 90' lang='lat' dir='ltr'><strong>de</strong></span> <span class='ocrx_word' id='word_1_895' title='bbox 2459 5630 2634 5686; x_wconf 81' lang='lat' dir='ltr'><strong>medio</strong></span> <span class='ocrx_word' id='word_1_896' title='bbox 2661 5629 2907 5686; x_wconf 70' lang='lat' dir='ltr'><strong>tollenda:</strong></span> <span class='ocrx_word' id='word_1_897' title='bbox 2935 5631 3064 5687; x_wconf 90' lang='lat' dir='ltr'><strong>sint.</strong></span> 
     </span>
    </p>
   </div>
  </div>
