3984 6512
448 360 559 415 273

452 572 591 627 mala
637 572 885 643 gloriosis
936 581 1113 627 terrm.
1166 574 1391 628 Domine
1417 616 1431 638 ,
1474 575 1526 630 in
1561 577 1907 633 tribulatione
1942 594 2025 633 re-

450 665 657 717 cordati
690 679 877 717 sumus
906 662 981 717 tui
1020 686 1033 719 :
1072 666 1123 718 in
1159 666 1508 722 tribulatione
1536 684 1699 738 parva
1741 671 2022 741 disciplina

451 763 547 807 tua
573 754 749 808 nobis.
791 772 809 805 ι
846 755 1111 822 Quoniam
1144 757 1466 813 universalis
1490 759 1681 828 judicii
1706 762 1879 816 locum
1904 779 2027 818 con-

452 844 743 912 templatur
771 845 1060 913 propheta,
1092 862 1189 901 ceu
1218 847 1423 916 judicio
1457 864 1715 919 prarscus,
1760 867 1822 906 ac
1850 853 2024 907 tribu.

452 934 562 989 nali
597 934 688 989 Dei
741 946 963 1003 astans;
1003 952 1101 1007 pro
1128 939 1444 994 conditione
1469 957 1647 996 rerum
1677 959 1810 1012 quas
1840 945 1979 997 videt
2005 983 2023 1010 ,

446 1026 608 1081 modo
640 1028 951 1093 confitetur,
982 1033 1144 1087 modo
1173 1041 1448 1101 precatur,
1484 1036 1642 1088 modo
1670 1038 1871 1105 gratias
1892 1037 2021 1104 agit,

444 1132 571 1173 mox
597 1117 775 1189 dignis
808 1134 837 1172 a
874 1120 982 1175 Deo
1017 1137 1115 1191 pro
1165 1124 1359 1178 merito
1396 1124 1602 1181 dandas
1638 1129 2025 1183 retributiones

435 1218 687 1267 .cnarrat.
735 1209 859 1266 litae
910 1227 1075 1282 porro
1109 1216 1290 1269 omnia
1345 1216 1501 1269 nobis
1534 1232 1630 1285 per
1685 1216 2021 1287 Seripturam

444 1315 598 1354 suam
628 1300 805 1369 oﬂert,
842 1312 901 1355 ut
930 1304 1298 1370 instituamur,
1329 1308 1505 1363 edocti
1541 1310 1721 1362 omnia
1758 1325 1878 1379 qua:
1910 1309 2024 1379 ipse

443 1405 515 1447 cx
545 1393 710 1448 divini
743 1394 979 1462 Spiritus
1009 1397 1369 1453 illustratione
1418 1412 1662 1455 noverat.
1715 1401 1781 1455 Et
1831 1418 1972 1455 nunc
2005 1443 2019 1467 ,

445 1484 660 1557 inquit,
703 1488 967 1555 Domine,
1004 1505 1131 1545 cum
1164 1502 1374 1561 tempus
1410 1494 1622 1548 adesset
1646 1535 1661 1555 ,
1710 1492 1762 1547 in
1797 1505 2021 1564 angusta

450 1588 508 1633 et
538 1587 687 1634 arcta
718 1583 801 1633 via
844 1580 1175 1643 incedentes,
1195 1597 1291 1652 pro
1315 1583 1513 1651 pietate
1537 1586 2019 1639 concertabamus:

445 1686 633 1726 verum
684 1671 738 1726 in
774 1669 1062 1727 afﬂictione
1114 1674 1204 1728 illa
1242 1714 1255 1736 ,
1311 1690 1649 1745 nequaquam
1681 1693 1897 1733 eramus
1946 1679 2020 1732 tui

445 1765 794 1819 immemores
824 1782 841 1819 :
874 1766 967 1820 sed
995 1767 1370 1823 recordatione
1412 1768 1486 1821 tui
1531 1770 1870 1823 corroborati
1930 1786 2025 1840 pa-

1122 359 1399 419 EUSEBII
1440 362 1911 422 CASSARIENSIS
1944 366 2093 423 OPP.
2134 366 2315 423 PARS
2352 363 2443 422 tn.
2481 396 2551 407 —
2584 364 2999 424 EXEGETICA.
3599 362 3711 421 £76

521 473 693 534 Vens.
740 478 807 534 15
836 517 851 542 ,
896 477 984 535 16.
1022 495 1041 531 ι
1081 478 1229 533 Adde
1256 479 1335 535 eis
1365 483 1500 535 maia
1529 524 1544 546 ,
1596 483 1822 540 Domine
1845 527 1858 549 ,
1889 487 2025 540 adde
2052 490 2097 546 Α

2203 502 2223 537 ι
2252 484 2495 556 Πρόσθες
2525 485 2707 547 αὐτοῖς
2743 484 2910 545 κακὰ,
2934 481 3129 553 Κύριε,
3161 479 3396 551 πρόσθες
3428 478 3575 539 κακά
3606 482 3716 543 τοῖς

2128 577 2358 642 ἐνδόξοις
2383 578 2481 648 τῆς
2508 578 2632 648 γῆς.
2662 576 2856 647 Κύριε,
2899 577 2956 628 ὲν
2990 573 3165 643 θλίψει
3196 572 3548 644 ἐμνήσθημεν
3584 590 3679 626 σου
3699 590 3714 602 ’

2127 669 2183 721 ἐν
2212 667 2386 736 θλίψει
2432 668 2605 737 μικρᾷ
2649 666 2681 736 ἡ
2720 666 2938 719 παιδεία
2985 682 3076 718 σου
3122 666 3275 735 ἡμῖν.
3310 681 3328 715 ι
3371 664 3587 734 Ἐπειδὴ
3626 664 3719 715 τὸν

2127 758 2255 829 περὶ
2286 759 2386 828 τῆς
2412 757 2642 810 καθόλου
2676 757 2911 828 κρίσεως
2938 757 3100 809 τόπον
3128 755 3323 825 θεωρεῖ
3351 757 3379 808 ό
3406 757 3717 826 προφήτης,

2126 852 2326 905 ὡσανεὶ
2383 849 2570 921 παρὼν
2625 853 2689 921 τῇ
2733 849 2931 921 κρίσει,
2966 850 3059 903 καὶ
3100 848 3175 918 τῷ
3211 847 3417 918 βήματι
3450 847 3542 900 τοῦ
3577 846 3718 901 Θεοῦ

2126 942 2435 1015 παρεστὼς,
2465 944 2549 1011 ἐφ’
2571 936 2651 1005 οἷς
2677 944 2802 1014 ὁρᾷ,
2832 942 2961 995 ποτὲ
2988 942 3085 1012 μὲν
3120 941 3542 1012 ἐξομολογετται,
3586 939 3719 993 ποτὲ

2125 1036 2181 1089 δὲ
2218 1035 2468 1098 ἱκετεύει,
2499 1034 2629 1087 ποτὲ
2657 1034 2711 1087 δὲ
2734 1035 3062 1105 εὐχαριστεῖ,
3088 1032 3215 1085 ποτὲ
3243 1032 3417 1096 δὲτὰς
3446 1030 3719 1103 ἀποθησο-

2130 1126 2296 1197 μὲνας
2340 1126 2443 1177 ὑπὸ
2492 1125 2583 1178 τοῦ
2632 1124 2767 1177 Θεοῦ
2804 1124 3037 1193 ἀμοιϐὰς
3073 1124 3185 1186 τοῖς
3218 1122 3387 1188 ἀξίοις
3420 1122 3716 1194 διέρχεται.

2125 1219 2308 1273 Πάντα
2348 1218 2403 1270 δὲ
2450 1216 2622 1270 ταῦτα
2646 1217 2732 1269 διὰ
2764 1216 2863 1286 τῆς
2892 1214 3055 1269 αὑτοῦ
3085 1215 3305 1286 Γραφῆς
3336 1214 3430 1267 καὶ
3454 1216 3587 1285 ἡμῖν
3617 1230 3719 1266 πα-

2128 1311 2430 1382 ραδίδωσιν,
2480 1312 2555 1373 ὡς
2606 1310 2671 1362 ἂν
2712 1307 3110 1378 παιδευοίμεθα
3145 1307 3519 1377 διδασκόμενοι
3553 1306 3716 1361 πάνθ’

2125 1400 2223 1453 ὅσα
2278 1400 2371 1452 καὶ
2424 1399 2585 1462 αὐτὸς
2635 1400 2698 1451 ὲκ
2741 1399 2840 1468 τῆς
2887 1396 2980 1449 τοῦ
3026 1396 3169 1449 θείου
3220 1395 3537 1465 Πνεύματος
3592 1398 3719 1450 ἑπι-

2125 1491 2382 1562 λάμψεως
2401 1491 2560 1560 ἔγνω.
2589 1490 2698 1543 Καὶ
2724 1489 2818 1543 νῦν
2851 1485 2965 1551 οὖν,
2998 1489 3181 1558 φησιν,
3212 1488 3298 1541 ὅτε
3326 1488 3515 1558 καιρὸς
3544 1484 3634 1559 ἦν,
3668 1482 3716 1542 ὧ

2126 1584 2318 1654 Κύριε,
2353 1584 2451 1655 τὴν
2504 1583 2694 1653 στενὴν
2741 1581 2835 1635 καί
2879 1582 2977 1652 τὴν
3025 1580 3391 1649 τεθλιμμένην
3435 1578 3716 1642 ὁδεύοντες

2126 1675 2264 1747 ὑπὲρ
2286 1676 2383 1745 τῆς
2410 1674 2692 1737 εὐσεϐείας
2719 1673 3123 1744 ἠγωνιζόμεθα⁸
3157 1672 3293 1743 πλὴν
3322 1672 3414 1725 καὶ
3444 1674 3500 1724 ὲν
3522 1671 3710 1744 ἐκείνῃ

2124 1767 2189 1835 τῇ
2230 1763 2405 1832 θλίψει
2442 1764 2543 1817 οὐκ
2595 1760 2737 1834 ἦμέν
2798 1780 2890 1816 σου
2934 1764 3276 1834 ἀμνήμονες·
3327 1763 3418 1815 ὑπ’
3455 1762 3625 1833 αὐτῆς
3655 1762 3713 1816 δὲ

446 1858 643 1911 tientcr
692 1856 1020 1923 ferebamus,
1068 1858 1143 1912 ita
1176 1869 1235 1913 ut
1264 1860 1603 1924 diceremus,
1643 1877 1661 1912 ι
1700 1860 2019 1918 Tribnlatio-

2129 1858 2221 1927 τῆς
2267 1858 2365 1927 σῆς
2417 1859 2636 1929 μνήμης
2672 1857 3064 1928 δυναμούμενοι
3120 1856 3402 1928 καρτερῶς
3443 1857 3715 1927 ὑπεμένο-

444 1964 568 2002 nem
603 1949 892 2018 patientes,
929 1949 1025 2005 sed
1054 1966 1161 2005 non
1214 1951 1513 2021 angustiati
1544 1969 1558 2016 ;
1591 1955 2020 2020 persecutionem

442 2040 701 2107 ferentes,
732 2043 826 2097 sed
855 2056 959 2097 non
988 2042 1264 2107 derelicti;
1303 2042 1515 2111 dcjecti,
1549 2043 1642 2098 sed
1687 2060 1790 2098 non
1841 2047 2021 2115 perdi-

446 2131 483 2187 ti
509 2131 574 2188 “.
606 2152 625 2187 ι
660 2131 773 2187 liae
804 2147 935 2202 ergo
957 2132 1278 2187 calamitate
1306 2133 1605 2200 erudimur,
1638 2136 1869 2189 scientes
1895 2135 2020 2204 quia

445 2237 608 2292 quem
642 2222 816 2294 diligit
848 2224 1013 2287 Deus,
1034 2220 1282 2293 castigat.

516 2403 684 2459 Vens.
715 2405 801 2472 i7,
830 2405 918 2461 i8.
953 2423 971 2458 ι
1009 2406 1075 2461 Et
1103 2407 1244 2462 sicut
1284 2408 1601 2476 parturiens
1629 2410 2025 2478 appropinquat

443 2497 510 2555 ad
537 2506 772 2566 partum,
797 2507 849 2552 et
876 2498 929 2552 in
961 2499 1146 2554 dolore
1175 2515 1273 2554 suo
1303 2499 1535 2554 clamat:
1570 2502 1649 2553 sic
1679 2500 1803 2554 facti
1838 2516 2025 2556 sumus

442 2586 652 2647 Dilecto
676 2596 788 2643 tuo.
817 2588 1043 2657 Propter
1074 2590 1316 2644 timorem
1348 2600 1519 2654 tuum,
1547 2591 1786 2649 Domine.
1824 2590 1878 2644 in
1905 2602 2024 2646 ute-

442 2692 510 2731 ro
536 2680 845 2750 accepimus
866 2721 883 2747 ,
919 2692 973 2736 et
1006 2684 1391 2751 parturivimus
1420 2726 1434 2750 ,
1478 2695 1531 2739 et
1561 2687 1867 2755 peperimus
1911 2688 2018 2757 spi-

442 2771 609 2824 ritum
631 2770 820 2827 salutis
848 2782 951 2827 tua:
973 2814 988 2836 ,
1023 2789 1181 2843 quem
1216 2777 1444 2831 fecimus
1477 2777 1529 2831 in
1576 2786 1739 2832 terra.
1784 2777 1898 2833 Non
1932 2794 2024 2833 ca-

442 2861 656 2928 demus,
681 2863 775 2918 sed
802 2865 997 2920 cadent
1019 2880 1209 2921 omnes
1234 2867 1567 2924 habitatores
1599 2879 1777 2925 terrae.
1806 2890 1823 2923 ι
1845 2870 2023 2938 Quare

444 2972 656 3013 onmem
685 2958 922 3015 laborem
952 2963 1305 3026 sustinentes,
1340 2964 1544 3020 similes
1569 2980 1787 3020 eramus
1810 2966 2019 3020 mulieri

441 3048 806 3114 parturienti,
848 3058 900 3103 et
931 3049 1225 3106 clamorem
1260 3055 1529 3109 emittenti
1552 3097 1568 3123 ,
1617 3058 1741 3126 quia
1777 3058 1851 3121 id,
1878 3058 2019 3126 quod

442 3140 495 3192 in
528 3148 715 3194 ventre
748 3151 1017 3209 movetur,
1054 3142 1107 3197 in
1139 3144 1310 3199 lucem
1335 3147 1561 3202 enixura
1593 3158 1676 3203 est
1706 3168 1719 3202 :
1755 3148 1829 3202 ita
1849 3158 1904 3203 et
1924 3164 2020 3203 nos

410 3240 690 3298 'respectu
722 3229 912 3287 Dilecti
964 3234 1038 3288 tui
1088 3235 1286 3291 fuimus
1321 3256 1333 3291 :
1368 3254 1490 3292 nam
1526 3240 1859 3309 unigenitum
1886 3240 2020 3295 Vero

442 3320 567 3373 hum
604 3330 751 3377 tuum
787 3323 931 3387 intus
958 3324 1009 3378 in
1040 3328 1218 3381 anima
1243 3328 1527 3395 habentes,
1559 3347 1770 3386 necnon
1800 3331 2018 3386 insitum

441 3413 541 3467 abs
591 3424 644 3468 te
691 3416 849 3470 nobis
880 3416 1117 3472 divinum
1175 3420 1462 3487 timorem,
1516 3438 1579 3479 ac
1609 3436 2020 3492 perseveranter

442 3504 703 3569 ferentes,
734 3522 838 3561 non
878 3523 974 3577 spe
1000 3508 1136 3578 lapsi
1166 3526 1393 3579 sumus;
1435 3515 1529 3568 sed
1560 3518 1866 3584 peperimus
1908 3516 2019 3587 spi-

444 3596 605 3649 ritum
636 3598 851 3652 salutis.
891 3598 1022 3652 Nam
1074 3600 1197 3656 ﬁnis
1237 3603 1328 3657 ille
1385 3603 1574 3657 Dilecti
1610 3606 1683 3658 tui
1721 3614 1776 3660 et
1810 3606 2019 3659 timoris

442 3688 557 3751 ejus
582 3696 792 3757 partus,
830 3689 1053 3760 Spiritus
1084 3694 1254 3747 nostri
1287 3703 1433 3750 satus
1459 3704 1613 3758 erat;
1656 3710 1815 3767 quem
1854 3696 2016 3765 spiri-

445 3790 557 3831 tum
593 3786 652 3832 ut
679 3778 969 3844 edidimus,
1006 3783 1259 3838 omnibus
1286 3784 1474 3839 orbem
1527 3784 1889 3840 incolentibus
1917 3787 2016 3841 ho-

445 3870 681 3923 minibus
708 3881 893 3925 notum
925 3872 1181 3940 fecimus;
1228 3886 1282 3930 ut
1330 3886 1387 3930 et
1428 3876 1529 3945 ipsi
1570 3876 1697 3932 hinc
1721 3880 1918 3944 edocti,
1952 3894 2019 3934 ex

443 3960 785 4017 :emulatione
819 3967 1156 4032 parturiendi
1197 3983 1225 4022 a
1259 3967 1455 4022 timore
1510 3978 1601 4022 tuo
1628 4010 1642 4033 ,
1674 3978 1728 4023 et
1774 3972 2016 4040 pariendi

442 4051 689 4105 eumdem
744 4053 1030 4123 spiritum,
1084 4057 1369 4112 utilitatem
1410 4058 1733 4128 percipiant.
1799 4060 2016 4115 Etenim

442 4143 532 4211 qui
563 4144 704 4199 hunc
737 4144 927 4201 salutis
975 4149 1227 4217 spiritum
1280 4166 1385 4203 non
1419 4152 1810 4220 conceperint,
1844 4168 2019 4223 neque

443 4237 770 4304 pepererint,
798 4252 919 4291 cum
947 4237 1186 4307 alioquin
1213 4239 1427 4293 steriles
1453 4250 1506 4293 et
1538 4240 1860 4298 infructuosi
1887 4245 2014 4310 sint,

440 4346 469 4381 ιι
503 4343 599 4398 spe
646 4329 698 4383 in
733 4338 782 4384 te
813 4331 1047 4399 reposita
1089 4330 1341 4384 excident
1384 4348 1400 4383 :
1450 4332 1539 4400 qui
1583 4342 1762 4388 autem
1802 4350 1866 4388 ex
1895 4349 2019 4403 por-

443 4420 586 4476 tione
617 4433 706 4476 tua
740 4433 906 4490 sunt,
953 4424 1154 4492 quique
1183 4433 1403 4493 propter
1436 4432 1488 4477 te
1527 4439 1890 4479 :erumnarum
1922 4443 2019 4496 ge-

2128 1962 2256 2017 μεν·
2281 1946 2420 2000 ῶστε
2447 1947 2624 2017 λέγειν
2688 1963 2707 1999 ι
2735 1946 3070 2017 Θλιϐόμενοι,
3108 1946 3221 1999 ἀλλ’
3259 1947 3320 1999 οὐ
3349 1944 3715 2017 στενοχωρού-

2128 2055 2275 2111 μενοι
2297 2056 2309 2068 ·
2333 2038 2669 2111 διωκόμενοι,
2690 2039 2925 2098 ἀλλ’,οὑκ
2951 2038 3551 2109 ὲγκαταλιμπανόμενοι
3571 2055 3585 2069 ·
3610 2056 3717 2094 κα-

2124 2129 2536 2201 ταϐαλλόμενοι,
2578 2130 2691 2184 ἀλλ’
2734 2132 2835 2183 οὐκ
2868 2129 3244 2201 ἀπολλύμενοι.
3300 2150 3318 2182 ›
3361 2132 3459 2185 Διά
3506 2130 3713 2200 ταύτης

2122 2222 2385 2291 γοῦν·τῆς
2408 2222 2640 2291 θλίψεως
2663 2221 3051 2292 παιδευόμεθα,
3078 2222 3297 2285 εἰδότες,
3325 2223 3405 2274 ὅτι
3430 2222 3489 2274 ὃν
3518 2222 3709 2293 ἀγαπᾷ

2124 2314 2347 2385 Κύριος,
2375 2312 2639 2367 παιδεύει.

2201 2423 2219 2454 ι
2250 2404 2360 2456 Καὶ
2390 2404 2464 2467 ὡς
2500 2406 2534 2476 ἡ
2570 2404 2836 2473 ὠδίνουσα
2868 2404 3073 2473 ἐγγίζει
3118 2403 3211 2457 τοῦ
3246 2407 3442 2467 τεκεῖν,
3481 2403 3574 2458 καὶ
3612 2404 3708 2457 ἐπὶ

2122 2498 2187 2566 τῇ
2248 2495 2394 2548 ὠδῖνι
2434 2496 2608 2566 αὐτῆς
2650 2497 2949 2567 ὲκέκραγεν
2974 2514 2989 2527 θ
3038 2496 3210 2559 οὕτως
3264 2497 3597 2568 ἐγενήθημεν
3630 2496 3709 2566 τῷ

2136 2588 2428 2659 Ἀγαπητῷ
2452 2606 2565 2643 σου.
2596 2589 2694 2642 Διά
2729 2591 2815 2643 τὸν
2849 2590 3009 2659 φόϐον
3046 2608 3159 2653 σου,
3189 2589 3383 2660 Κύριε,
3419 2590 3475 2640 ὲν
3509 2588 3709 2658 γαστρὶ

2126 2679 2409 2751 ἐλάϐομεν,
2434 2681 2528 2733 καὶ
2562 2681 2923 2752 ὠδινήσαμεν,
2946 2682 3039 2735 καὶ
3073 2681 3331 2751 ἐτέκομεν
3360 2679 3574 2750 πνεῦμα
3602 2697 3712 2732 σω-

2122 2772 2315 2842 τηρίας
2347 2789 2462 2836 σου,
2502 2771 2531 2825 ὃ
2563 2772 2895 2844 ἐποιήσαμεν
2921 2772 3011 2826 ἐπὶ
3046 2773 3145 2841 τῆς
3174 2773 3294 2847 γῆς.
3328 2772 3402 2823 Οὐ
3440 2769 3714 2841 πεσούμε-

2123 2860 2209 2924 θα,
2268 2860 2401 2915 ἀλλά
2455 2862 2741 2917 πεσοῦνται
2789 2865 2987 2927 πάντες
3028 2864 3075 2915 οἱ
3100 2862 3435 2926 ἐνοικοῦντες
3475 2862 3567 2915 ἐπὶ
3603 2860 3707 2932 τῆς

2124 2957 2243 3025 γῆς.
2284 2974 2302 3006 ι
2334 2956 2424 3008 Διὸ
2462 2957 2640 3011 πάντα
2680 2958 2838 3011 πόνον
2883 2956 3262 3027 ὑπομένοντες,
3299 2956 3534 3019 ἐοικότες
3562 2951 3707 3026 ἦμεν

2121 3048 2386 3122 ῶδινούσῃ
2432 3050 2671 3117 γυναικὶ,
2725 3052 2818 3103 καὶ
2869 3050 2996 3121 βοὰς
3034 3050 3269 3122 ἀφιούσῃ
3317 3048 3444 3121 περὶ
3475 3047 3604 3102 αὐτὸ
3646 3047 3710 3101 τδ

2130 3140 2343 3211 μέλλειν
2380 3143 2443 3195 τὸ
2472 3143 2613 3196 κατὰ
2640 3142 2876 3215 γαστρὸς
2907 3144 3223 3215 κινούμενον
3273 3143 3353 3206 εἰς
3406 3141 3523 3211 φῶς
3573 3158 3710 3213 προσ

2121 3233 2276 3300 ἀγειν
2295 3249 2309 3263 ·
2339 3232 2481 3287 οὕτω
2519 3235 2627 3307 γὰρ
2663 3236 2757 3289 καὶ
2784 3237 2943 3305 ἡμεῖς
2969 3235 3195 3307 ἐγενήθη
3221 3235 3319 3305 μὲν
3336 3233 3411 3304 τῷ
3442 3233 3518 3304 σῷ
3547 3233 3713 3301 Ἀγα-

2122 3323 2278 3395 πητῷ
2299 3341 2312 3353 ο
2344 3325 2433 3378 τὸν
2468 3326 2577 3397 γὰρ
2615 3330 2875 3398 μονογενῆ
2915 3344 3005 3379 σου
3033 3327 3201 3396 Λόγον
3228 3326 3376 3379 ἔνδον
3410 3327 3620 3396 ἔχοντες
3646 3328 3707 3378 ἐν

2122 3420 2185 3487 τῇ
2227 3417 2434 3470 ἑαυτῶν
2468 3417 2637 3489 ψυχῇ,
2674 3421 2767 3472 καῖ
2800 3420 2887 3472 τὸν
2915 3422 2977 3472 ἐκ
3009 3419 3101 3472 σοῦ
3127 3419 3543 3488 κατασπαρέντα
3572 3420 3706 3489 ἡμῖν

2123 3506 2301 3560 ἔνθεον
2334 3506 2515 3574 φόϐον,
2544 3509 2638 3560 καὶ
2669 3508 2731 3579 δὴ
2762 3510 3220 3580 καρτερήσαντες,
3261 3509 3359 3561 οὐκ
3392 3507 3707 3576 ὲσςράλημεν

2121 3599 2219 3669 τῆς
2249 3599 2480 3662 ἐλπίδος,
2512 3598 2626 3652 ἀλλ’
2656 3601 2913 3671 ὲτέκομεν
2944 3599 3160 3669 πνεῦμα
3196 3602 3493 3671 σωτηρίας.
3538 3600 3707 3662 Τέλος

2122 3691 2231 3761 γὰρ
2268 3692 2364 3762 τῆς
2388 3694 2633 3763 κυήσεως
2676 3692 2768 3744 τοῦ
2815 3693 3123 3762 Ἀγαπητοῦ
3157 3710 3247 3746 σου
3292 3693 3386 3745 καὶ
3415 3692 3505 3745 τοῦ
3536 3692 3703 3761 φόϐου

2123 3782 2286 3835 αύτοῦ
2328 3785 2361 3855 ἡ
2396 3784 2635 3855 σωτηρία
2660 3780 2727 3855 ἦν
2749 3784 2842 3837 τοῦ
2872 3786 3138 3856 ἡμετέρου
3171 3785 3501 3855 πνεύματος.
3525 3785 3707 3858 Ὅπερ

2123 3876 2589 3945 ἀπο-γεννήσαντες
2648 3879 2879 3948 φανερὸν
2942 3880 3355 3948 κατεστήσαμεν
3401 3870 3533 3930 πᾶσι
3592 3881 3709 3941 τοῖς

2123 3968 2215 4019 ἐπὶ
2246 3968 2345 4037 τῆς
2378 3970 2480 4039 γῆς
2509 3969 2851 4022 κατοικοῦσιν
2884 3970 3210 4041 ἀνθρώποις,
3236 3971 3309 4034 ὡς
3334 3970 3399 4023 ἂν
3431 3970 3522 4022 καὶ
3553 3969 3708 4022 αὐτοὶ

2126 4058 2389 4129 μαθόντες
2438 4061 2766 4131 ὼςεληθεῖεν
2817 4061 2904 4114 διὰ
2948 4061 3040 4114 τοῦ
3086 4060 3325 4131 ζηλῶσαι
3371 4061 3574 4131 κυῆσαι
3611 4062 3710 4114 καὶ

2122 4150 2319 4213 αὐτοὺς
2353 4152 2459 4204 ἀπὸ
2484 4152 2577 4204 τοῦ
2614 4153 2800 4221 φόϐου,
2843 4155 2935 4207 καὶ
2966 4156 3250 4206 ἀποτεκεῖν
3287 4154 3348 4206 τὸ
3384 4153 3513 4206 αὐτὸ
3544 4152 3709 4206 πνεῦο

2127 4260 2217 4311 μα.
2268 4244 2329 4295 Οἱ
2382 4244 2488 4313 γὰρ
2542 4246 2615 4315 μὴ
2668 4243 2829 4298 τοῦτο
2876 4244 3132 4308 λαϐόντες
3177 4244 3311 4316 μηδὲ
3349 4245 3600 4307 τεκόντες
3645 4244 3707 4297 τὸ

2125 4333 2342 4405 πνεῦμα
2374 4336 2472 4405 τῆς
2505 4335 2798 4407 σωτηρίας,
2834 4335 3009 4398 ἄλλως
3043 4336 3098 4389 δὲ
3132 4336 3313 4404 ἄγονοι
3341 4337 3433 4389 καὶ
3467 4337 3707 4408 ἄκαρποι

2124 4425 2420 4495 γενόμενοι,
2450 4428 2542 4479 καὶ
2565 4427 2923 4481 ἐκπεσοῦνται
2945 4430 3045 4498 τῆς
3071 4428 3220 4499 παρά
3256 4426 3349 4481 σοῦ
3385 4427 3598 4491 ἐλπίδος
3617 4445 3631 4459 ’
3657 4428 3707 4480 οἱ

442 4530 544 4569 nus
573 4530 734 4571 omne
759 4516 997 4572 tolerant
1025 4556 1039 4579 ,
1070 4516 1281 4569 etiamsi
1323 4532 1494 4585 usque
1522 4518 1589 4572 ad
1619 4529 1848 4572 mortem
1880 4535 2013 4573 con-

2129 4518 2177 4570 δέ
2226 4534 2290 4585 γε
2323 4522 2420 4589 τῆς
2442 4518 2539 4587 σῆς
2578 4518 2791 4589 μερίδος
2816 4519 2989 4582 ὄντες,
3029 4522 3076 4572 οἱ
3109 4519 3197 4572 διὰ
3231 4520 3289 4571 σὲ
3324 4521 3503 4572 πᾶσαν
3530 4519 3707 4589 θλίψιν

442 4618 521 4685 tra
554 4618 833 4678 peccatum
870 4609 1308 4663 concertaverint
1334 4648 1349 4673 ,
1383 4624 1410 4659 a
1447 4609 1554 4664 vita
1582 4650 1599 4679 ,
1645 4626 1763 4681 qua:
1793 4614 1933 4685 apud
1965 4622 2017 4669 te

439 4679 543 4765 est,
570 4715 910 4769 nequaquam
938 4700 1210 4753 labentur.

511 4876 676 4937 V'Etts.
708 4882 794 4939 19,
845 4899 865 4932 ι
904 4880 1206 4947 Resurgent
1243 4881 1441 4934 mortui
1471 4920 1484 4943 ,
1542 4892 1595 4935 et
1628 4882 2015 4935 excitabuntur

438 4980 531 5047 qui
564 4990 686 5033 sunt
724 4979 777 5033 in
807 4977 1175 5032 monumentis
1200 5018 1214 5041 ,
1243 4988 1299 5030 et
1329 4978 1661 5032 laetabuntur
1682 4978 1773 5048 qui
1806 4978 2011 5031 suntin

437 5082 583 5126 terra
616 5089 631 5125 :
664 5086 753 5125 ros
791 5069 935 5123 enim
968 5108 985 5133 ,
1035 5068 1127 5136 qui
1162 5084 1187 5119 a
1226 5078 1278 5123 te
1306 5079 1429 5131 est,
1478 5070 1682 5124 medela
1716 5070 1848 5137 ipsis
1882 5077 1965 5121 est
1997 5084 2012 5120 :
2042 5074 2051 5085 '

439 5171 585 5216 terra
608 5170 789 5216 autem
822 5157 1111 5228 impiorum
1155 5160 1336 5213 cadet.
1395 5180 1412 5212 ι
1466 5162 1772 5229 ltesurgent
1816 5159 2015 5227 quippe

437 5254 673 5314 mortui;
701 5251 816 5305 sive
850 5250 1144 5303 secundum
1174 5252 1444 5321 Aquilam,
1478 5271 1496 5303 ι
1533 5251 1726 5306 Vivent
1750 5252 1841 5321 qui
1866 5264 2015 5303 mor-

442 5350 515 5398 ιιιί
574 5346 785 5398 fuerant
835 5341 950 5408 tui;
993 5361 1011 5395 ι
1052 5342 1167 5398 sive
1217 5346 1508 5401 secundum
1540 5344 1925 5417 Symmachum
1960 5350 2015 5394 et

438 5435 865 5491 Tllett'iOIiﬂneﬂl
891 5476 906 5500 ,
952 5452 969 5488 ι
1008 5433 1202 5490 Vivont
1235 5440 1429 5493 mortui
1479 5439 1576 5493 tui.
1624 5456 1643 5491 ι
1684 5435 1882 5490 Morini
1916 5448 2013 5486 au-

441 5538 546 5579 tum
578 5526 692 5590 ejus
720 5524 942 5594 quinam
977 5526 1198 5592 fuerint,
1233 5529 1334 5582 nisi
1371 5529 1542 5583 sancti
1572 5528 1688 5595 eius
1718 5534 2012 5595 martyres.

438 5618 528 5681 ςιιξ
568 5616 653 5671 alii
692 5631 719 5670 a
751 5617 1024 5687 praedictis
1045 5618 1272 5675 mortuis
1302 5630 1451 5691 sunt,
1480 5619 1546 5675 de
1573 5618 1774 5691 quibus
1806 5612 2010 5671 dictum

546 5812 553 5822 '
595 5794 632 5850 ιι
666 5794 786 5850 Cur.
824 5812 896 5862 tv,
926 5796 976 5851 9.

2127 4610 2535 4679 ὑπομείναντες,
2604 4612 2650 4662 εί
2712 4610 2806 4663 καὶ
2868 4610 3029 4682 μέχρι
3069 4610 3295 4663 θανάτου
3350 4610 3707 4677 ἀγωνίσαιντο

2127 4702 2263 4773 πρὸς
2313 4701 2412 4770 τὴν
2462 4702 2752 4773 ἁμαρτίαν,
2808 4702 3058 4772 οὐδαμῶς
3108 4703 3204 4775 τῆς
3250 4701 3399 4775 παρὰ
3447 4702 3527 4754 σοὶ
3562 4700 3706 4773 ζωῆς

2125 4794 2305 4846 ἁποπε
2316 4793 2547 4846 σοῦνται.

2203 4905 2219 4934 ι
2274 4887 2690 4957 Ἀναστήσονται
2718 4888 2769 4939 οἱ
2800 4887 3001 4958 νεκροὶ,
3045 4887 3137 4939 καὶ
3168 4886 3546 4957 ἐγερθήσονται
3571 4887 3619 4937 οἱ
3650 4888 3707 4938 ὲν

2122 4979 2236 5039 τοῖς
2280 4977 2584 5047 μνημείοις,
2634 4978 2728 5031 καὶ
2771 4978 3234 5047 εὐφρανθήσονται
3286 4981 3331 5031 οἱ
3382 4980 3437 5031 ἐν
3488 4981 3552 5049 τῇ
3596 4981 3703 5048 γῇο

2124 5071 2157 5139 ἡ
2185 5068 2291 5139 γὰρ
2329 5069 2515 5140 δρόσος
2549 5071 2581 5139 ἡ
2622 5070 2773 5140 παρά
2818 5068 2909 5122 σοῦ
2959 5070 3094 5140 ῖαμα
3132 5071 3313 5133 αὐτοῖς
3354 5072 3503 5121 ἐστιν
3527 5084 3542 5099 ·
3584 5070 3616 5139 ἡ
3650 5070 3707 5122 δὲ

2124 5162 2193 5231 γῆ
2236 5159 2345 5212 τῶν
2382 5160 2591 5213 ἀσεϐῶν
2638 5164 2899 5214 πεσεῖται.
2954 5181 2971 5212 ι
3037 5163 3457 5233 Ἀναστήσονται
3500 5161 3608 5232 γὰρ
3658 5161 3707 5213 οἱ

2122 5252 2324 5321 νεκφὶ,
2358 5252 2388 5322 ἦ
2421 5252 2562 5305 κατὰ
2590 5252 2679 5305 τὸν
2725 5252 2974 5317 Ἀκύλαν,
3018 5274 3035 5303 ι
3076 5256 3337 5324 Ζὴσονται
3371 5254 3419 5305 οἱ
3471 5252 3701 5305 τεθνεῶ-

2122 5341 2212 5404 τές
2255 5358 2367 5403 σου,
2422 5361 2439 5391 ι
2482 5342 2513 5411 ἢ
2556 5342 2696 5396 κατὰ
2738 5343 2826 5395 τὸν
2871 5344 3167 5415 Σύμμαχον
3210 5343 3305 5396 καὶ
3352 5342 3705 5403 Θεοδοτίωνα,

2129 5451 2147 5483 ι
2191 5434 2451 5503 Ζήσονται
2498 5436 2547 5486 οἱ
2583 5436 2764 5508 νεκροί
2814 5452 2929 5489 σου.
2966 5456 2982 5487 ι
3029 5436 3231 5507 Νεκροὶ
3273 5435 3327 5487 δὲ
3362 5433 3525 5486 αὐτοῦ
3562 5432 3706 5497 τίνες

2123 5522 2188 5575 ἂν
2222 5520 2349 5586 εἶεν,
2400 5524 2432 5594 ἦ
2480 5528 2527 5578 οἱ
2579 5526 2722 5595 ἅγιοι
2772 5528 2935 5581 αὑτοῦ
2991 5527 3283 5599 μάρτυρες,
3329 5525 3505 5597 ’ἑτεροι
3553 5525 3705 5586 ὄντες

2126 5615 2276 5688 παρὰ
2307 5616 2432 5679 τοὺς
2469 5616 2756 5687 λεχθέντας
2785 5620 3031 5690 νεκροῦς,
3071 5620 3195 5691 περὶ
3228 5612 3301 5672 ὧν
3332 5614 3534 5689 εἴρητο·
3579 5634 3597 5667 ι
3640 5613 3704 5668 Oi
