3984 6508
284 326 389 406 ’τι

1211 332 1717 410 οονΜεΝτΑιιιΑ
1756 351 1824 407 ιιι
1862 343 2239 426 ιεΑιΑΜ.ῖ,-ὶ’
2274 352 2430 410 CAP.
2462 328 2664 412 'xxvr;

3441 353 3549 412 978

282 464 343 519 ἃ
376 464 562 535 νεκροὶ
585 464 728 538 ζωὴν
756 466 819 519 ού
851 468 924 538 μὴ
958 467 1160 532 ἴδωσιν,
1189 469 1311 522 οὐδὲ
1346 471 1521 541 ἰατροὶ
1548 470 1607 522 ού
1643 470 1717 542 μὴ
1753 471 1871 523 ἁνα-

1979 470 2172 538 fuerat,
2211 490 2231 524 ι
2274 470 2471 529 Mortui
2499 482 2682 528 autem
2727 470 2893 528 vitam
2921 486 3027 528 non
3064 468 3341 537 videbunt,
3373 488 3549 543 neque

290 557 622 628 στήσονταις
655 575 673 609 ι
719 556 857 610 Ἀλλ’
885 559 1081 612 ἐκεῖνοι
1111 559 1210 631 μὲν
1238 556 1379 630 ἦσαν
1412 563 1613 631 νεκροὶ,
1641 561 1709 613 τὰ
1736 562 1871 632 πρὸς

283 647 515 702 θάνατον
538 650 938 721 ἡμαρτηκότες,
972 652 1019 704 oi
1049 650 1105 704 δέ
1136 651 1321 723 νεκροὶ
1358 653 1454 706 τοῦ
1488 652 1691 723 Κυρίου
1725 654 1774 704 οἱ
1804 652 1870 705 δι’

281 739 448 792 αὐτὸν
480 741 661 795 πᾶσαν
692 739 869 810 θλίψιν
900 742 1003 806 ἕως
1036 742 1265 796 θάνατον
1298 743 1680 814 ὑπομένοντες.
1729 744 1873 797 Ἀντὶ

276 828 340 884 δὲ
366 829 485 895 τοῦ,
526 850 547 882 ι
589 832 995 904 ἐγερθήσονται,
1040 854 1056 884 ι
1095 836 1144 887 οἱ
1176 834 1357 889 λοιποὶ
1387 836 1759 907 ἡρμήνευσαν,
1798 837 1873 900 ὡς

279 924 665 995 κοιμηθέντων
697 925 898 988 αὐτῶν,
932 928 1053 997 οὐχ).
1097 927 1155 980 δὲ
1194 927 1525 981 τεθνεώτων.
1562 929 1652 980 Διὸ
1697 930 1725 980 ὁ
1766 928 1872 980 τῶν

278 1015 456 1082 ἁγίων
489 1014 718 1080 θάνατος
764 1018 1020 1089 κοίμησις
1052 1018 1396 1090 ὀνομάζεται.
1440 1018 1769 1082 Ἀκολούθως
1814 1019 1872 1072 δὲ

278 1109 348 1177 τῇ
379 1108 637 1179 κοιμήσει
661 1111 694 1180 ὴ
722 1109 1016 1174 ἀνάστασις
1048 1110 1379 1182 ἐξυπνισμὸς
1408 1110 1474 1164 ἂν
1508 1110 1744 1182 λεχθείη.
1782 1112 1873 1164 Διὸ

281 1198 427 1254 κατὰ
470 1201 599 1264 τοὺς
646 1200 863 1266 λοιποὺς
900 1202 1240 1273 ἐρμηνευτὰς
1284 1202 1774 1275 ἐξυπνισθήσεσθαι
1822 1204 1873 1257 oi.

276 1293 340 1343 ἐν
369 1294 486 1355 τοῖς
522 1292 804 1364 μνημείοις
836 1294 977 1347 κατὰ
1003 1294 1065 1347 τὸ
1095 1295 1307 1366 πρῶτον
1342 1296 1613 1367 εἴρηνται’
1643 1296 1783 1350 κατὰ
1816 1298 1872 1350 δὲ

278 1383 341 1435 τὺ
367 1381 647 1454 δεύτερον,
677 1404 695 1435 ‹
719 1384 1155 1453 ἁγαλλιάσονται,
1196 1405 1215 1439 ι
1251 1387 1282 1457 ἧ
1312 1407 1331 1438 ι
1361 1388 1656 1453 αῖνέσουσι,
1686 1408 1705 1441 ι
1734 1389 1874 1443 κατὰ

278 1473 367 1528 τὸν
406 1474 713 1547 ’Λκύλαν,ἢ
743 1493 761 1527 ι
790 1476 1132 1544 ἁλαλάξουσι,
1170 1498 1189 1530 ι
1215 1479 1357 1533 κατὰ
1400 1479 1490 1532 τὸν
1522 1479 1869 1535 Θεοδοτίωνα.

279 1566 483 1636 Δρόσος
520 1567 552 1636 ὴ
585 1566 678 1621 ἐπὶ
708 1569 809 1639 γῆς
838 1568 1100 1622 κατιοῦσα
1137 1571 1320 1642 ἠρέμα
1349 1572 1443 1625 καὶ
1466 1571 1655 1642 πράως
1682 1572 1873 1644 ἐκτρέ-

278 1672 369 1724 φει
400 1657 495 1709 καὶ
521 1655 704 1723 αῦεειν
725 1662 869 1712 ποιεῖ
889 1659 957 1712 τὰ
982 1660 1377 1733 ἐναποκείμενα
1397 1663 1533 1733 αὐτῇ
1562 1662 1868 1733 σπέρματα·

275 1746 367 1801 τὸν
394 1748 563 1803 αὑτὸν
594 1750 796 1821 τρόπον
827 1754 859 1821 ἡ
896 1752 1046 1824 παρὰ
1073 1753 1166 1807 σοῦ
1200 1753 1388 1825 δρόσος
1426 1754 1563 1825 ἴαμα
1595 1756 1689 1807 καὶ
1726 1755 1871 1826 ζωὴν

277 1838 371 1893 καὶ
408 1840 687 1910 σωτηρίαν
726 1840 948 1913 παρέξει
981 1846 1093 1906 τοῖς
1127 1845 1235 1907 σοῖς
1269 1846 1502 1915 νεκροῖς,
1534 1836 1610 1897 ὧν
1665 1855 1731 1898 τα
1765 1843 1872 1896 σώ-

281 1945 432 2000 ματα
476 1930 623 1984 κατὰ
654 1934 846 2003 καιρὸν
882 1935 974 1987 ἐπὶ
1023 1934 1124 2004 τῆς
1155 1934 1259 2005 γῆς
1287 1934 1526 2006 ἐσπάρη.
1568 1935 1681 1988 Οὐκ
1713 1935 1779 1987 ἂν
1813 1935 1872 1988 δὲ

280 2020 554 2092 ἁμάρτοις
578 2022 742 2076 αὑτὸν
770 2019 909 2079 εἷναι
939 2025 1127 2097 δρόσον
1148 2024 1320 2093 λέγων
1356 2025 1449 2078 τὸν
1483 2026 1747 2096 μονογενῆ
1780 2025 1872 2079 τοῦ

277 2111 413 2165 Θεοῦ
458 2113 655 2182 Λόγον,
707 2116 787 2182 ὃς,
834 2116 1132 2181 ἐπιστάξας
1178 2116 1278 2181 τὰς
1330 2117 1522 2170 ἐαυτοῦ
1577 2117 1875 2182 ζωοποιοὺς

283 2202 557 2270 σταγόνας
587 2206 700 2269 τοῖς
729 2205 896 2259 αὑτοῦ
926 2208 1159 2277 νεκροῖς,
1194 2204 1329 2276 ὁμοῦ
1375 2206 1470 2259 καὶ⁹
1523 2205 1665 2259 ἴασιν
1699 2206 1875 2277 ἁμαρ-

278 2295 560 2365 τημάτων,
585 2298 639 2350 ετ
665 2298 767 2351 πού
798 2316 851 2351 τι
885 2300 1064 2363 αὐτοῖς
1084 2299 1201 2353 κατ’
1229 2297 1516 2370 ἄνθρωπον
1549 2298 1876 2369 πεπλημμέ-

279 2385 431 2457 λητο,
484 2385 714 2458 παρέξει
762 2388 897 2459 ὁμοῦ
945 2390 1042 2442 καὶ
1094 2388 1393 2442 ἀνάστασιν
1439 2388 1532 2442 καὶ
1577 2389 1871 2460 σωτηρίαν,

280 2478 379 2532 καὶ
428 2475 574 2549 ζωὴν
612 2477 830 2533 αἰώνιον
879 2481 1061 2545 αὐτοῖς
1102 2481 1441 2553 δωρήσεται⁹
1490 2479 1605 2534 ἁλλ’
1639 2480 1758 2551 οὐχὶ
1805 2481 1875 2534 τά

281 2566 391 2624 τῶν
418 2568 637 2624 ἀσεϐῶν
672 2570 917 2624 τοιαῦτα.

360 2769 379 2801 ι
406 2747 599 2814 Βάδιζε
621 2790 635 2815 ,
665 2750 694 2803 ὁ
723 2750 849 2815 λαός
885 2769 1005 2823 μου·
1044 2753 1248 2807 εἴσελθε
1279 2754 1358 2817 εἰς
1383 2752 1452 2805 τὰ
1471 2751 1694 2823 ταμιεῖά
1722 2765 1869 2803 σουί

293 2842 366 2913 μὴ
395 2841 763 2914 περιεργάζου
795 2842 866 2897 τὰ
897 2846 1234 2918 πορρωτάτω
1258 2846 1595 2916 τυγχάνοντα
1626 2844 1733 2898 τῶν
1766 2844 1873 2897 σῶν

284 2936 567 3008 ταμιείων.
590 2955 609 2987 ι
634 2937 978 2991 Ἀπόκλεισον
1018 2938 1117 3009 τὴν
1168 2937 1336 3010 θύραν
1370 2955 1461 2990 σου
1482 2954 1496 2968 ο
1532 2936 1873 3008 ἁποκρύδηθι

291 3028 485 3101 μικρὸν
513 3029 657 3095 ὅσον,
680 3030 785 3095 ἕως
809 3030 875 3085 ἂν
909 3031 1206 3104 παρέλθῃὴ
1240 3030 1376 3102 ὀργὴ
1405 3030 1628 3103 Κυρίου.
1661 3050 1681 3080 ι
1718 3028 1873 3084 Μετὰ

287 3124 381 3196 τὴν
426 3122 779 3177 διδασκαλίαν
816 3124 915 3195 τῆς
955 3124 1063 3177 τῶν
1104 3123 1314 3195 νεκρῶν
1363 3122 1734 3185 ἀναστάσεως,
1793 3121 1869 3185 ὡς

290 3217 662 3289 περιεστῶτας
723 3215 1052 3288 ἔμπροσθεν,
1123 3216 1218 3269 καὶ
1274 3216 1366 3268 ἐπὶ
1426 3214 1487 3268 τὸ
1548 3215 1679 3268 αὐτὸ
1732 3213 1873 3285 μετὰ

289 3309 385 3382 τὴν
433 3310 731 3364 ἀνάστασιν
774 3308 1146 3380 συνηγμένους
1185 3308 1310 3371 τοὺς
1358 3308 1545 3375 ἁγίους
1593 3306 1686 3359 τοῦ
1735 3305 1871 3359 Θεοῦ

285 3400 625 3474 θεασάμενον
665 3403 727 3456 τὸ
778 3402 993 3473 πνεῦμα
1050 3400 1111 3454 τὸ
1161 3400 1518 3473 προφητικὸν,
1572 3399 1763 3454 ἔπειτα
1814 3399 1875 3464 ἐξ

284 3496 472 3567 ἐτέρου
508 3495 707 3566 μέρους
736 3494 835 3566 τὴν
868 3493 1127 3547 ἐπιοῦσαν
1154 3496 1267 3557 τοῖς
1294 3491 1546 3545 ἀσεϐέσιν
1574 3491 1743 3563 ὀργὴν
1772 3508 1873 3545 κα-

284 3585 578 3655 τανοῆσαν,
608 3583 681 3655 τῷ
714 3584 955 3655 τάγματι
981 3583 1091 3636 τῶν
1120 3582 1289 3652 ἁγίων
1320 3585 1631 3655 προσφωνεῖ
1663 3583 1875 3652 ἀποχωο

286 3679 401 3748 ρεῖν
439 3676 577 3749 πρὸς
625 3676 797 3749 βραχὺ
830 3676 925 3730 τοῦ
959 3676 1173 3748 μακρὰν
1212 3674 1575 3747 κρύπτεσθαι,
1612 3674 1687 3738 ὡς
1736 3674 1872 3746 μηδέ

286 3767 526 3840 θεωροὺς
570 3767 672 3835 τῆς
709 3767 816 3820 τῶν
861 3767 1073 3820 ἁσεὸῶν
1116 3766 1363 3835 γίνεσθαι
1414 3764 1711 3828 ἀπωλείας.
1762 3763 1871 3817 Τα-

288 3862 441 3931 μιεῖα
465 3859 523 3912 δέ
551 3858 647 3912 τοῦ
677 3857 806 3912 λαοῦ
831 3859 926 3913 τοῦ
947 3858 1081 3911 Θεοῦ
1106 3859 1163 3911 αἱ
1197 3857 1389 3910 πολλαὶ
1415 3855 1566 3928 παρὰ
1590 3856 1668 3926 τῷ
1697 3855 1873 3927 Πατρὶ

283 3952 613 4022 τυγχάνουσι
651 3951 838 4022 μοναὶ,
866 3950 1081 4020 ἑκάστῳ
1112 3951 1353 4020 τάγματι
1385 3949 1492 4003 τῶν
1526 3948 1697 4017 ἁγίων
1731 3948 1874 4002 κατὰ

284 4043 504 4097 δικαίαν
536 4042 672 4097 Θεοῦ
724 4043 904 4115 κρίσιν
937 4042 1334 4113 ἀφωρισμέναι.
1373 4042 1465 4104 Εἰς
1500 4040 1650 4093 ταῦτ’
1683 4035 1776 4093 οὖν
1804 4039 1875 4092 τὰ

289 4137 371 4191 σοὶ
391 4136 885 4207 παρεσκευασμένα
916 4134 1139 4206 ταμιεῖά
1166 4151 1282 4197 σου,
1309 4135 1492 4204 φησὶν,
1515 4135 1543 4186 ό
1566 4132 1698 4204 ἐμὸς
1723 4132 1871 4195 λαὸς,

286 4227 516 4289 εἴσελθε,
550 4227 645 4281 καὶ
681 4225 1001 4280 ἀπόκλεισον
1032 4225 1131 4297 τὴν
1165 4225 1334 4297 θύραν
1369 4242 1483 4278 σου.

362 4336 381 4370 ι
433 4318 566 4372 Ἰδοὺ
596 4316 706 4390 γὰρ
738 4317 942 4389 Κύριος
974 4316 1084 4371 ἀπὸ
1115 4316 1204 4369 τοῦ
1235 4318 1392 4386 ἁγίου
1427 4318 1622 4385 ἐπάγει
1650 4316 1748 4386 τὴν
1784 4315 1871 4386 ὀρ-

286 4412 390 4485 γὴν
425 4412 519 4464 ἐπὶ
557 4412 683 4474 τοὺς
714 4408 1056 4473 ἐνοικοῦντας
1088 4410 1181 4462 ἐπὶ
1208 4409 1308 4480 τῆς
1335 4408 1459 4477 γῆς.
1500 4428 1517 4459 ι
1558 4404 1870 4478 Παρελθούο

1977 562 2167 617 medici
2193 561 2570 617 suscitabunt?
2601 580 2621 613 ι
2655 561 2760 616 Sed
2791 561 2865 617 illi
2895 563 3115 632 quidem
3146 561 3343 617 mortui
3370 574 3548 628 erant,

1974 655 2065 723 qui
2096 654 2163 709 ad
2193 663 2423 708 mortem
2459 665 2838 723 peccaverant.
2885 654 3080 710 Mortui
3122 664 3302 711 autem
3335 654 3548 712 Domini

1974 756 2099 801 sunt
2142 745 2179 800 ii
2215 746 2305 815 qui
2348 753 2576 816 pr0pter
2633 760 2756 801 eum
2790 760 3005 802 omnem
3057 745 3424 802 calamitatem
3477 747 3547 803 ad

1975 847 2206 892 mortem
2238 852 2410 907 usque
2439 846 2569 893 sunt
2612 837 2879 908 perpessi.
2912 838 3021 893 Pro
3048 838 3139 892 illo
3170 846 3375 905 autem,
3407 857 3428 893 ι
3459 853 3552 895 ex-

1974 932 2305 995 citabuntur,
2336 948 2354 981 »
2378 929 2571 1000 reliqui
2604 930 3053 1000 interpretantur,
3081 947 3145 987 ac
3168 933 3215 987 si
3248 932 3548 998 dormiant,

1975 1040 2037 1077 ac
2063 1039 2168 1077 non
2207 1023 2404 1077 mortui
2455 1022 2588 1077 sint.
2622 1022 2984 1088 Quamobrem
3021 1032 3331 1080 sanctorum
3362 1038 3547 1088 mors.

1975 1130 2199 1170 somnus
2231 1113 2556 1185 appellatur.
2593 1114 3007 1185 Consequenter
3058 1125 3241 1170 autem
3288 1115 3357 1170 ad
3405 1130 3553 1171 som-

1976 1224 2126 1273 num,
2157 1206 2512 1273 resurrectio,
2547 1206 2890 1274 experrectio
2922 1221 3043 1261 esse
3065 1207 3296 1261 dicatur.
3353 1205 3552 1273 Quam-

1975 1300 2161 1354 obrem
2200 1300 2500 1354 secundum
2530 1298 2769 1369 reliquos
2798 1299 3126 1369 interpretes
3151 1338 3169 1365 ,
3200 1305 3552 1369 experrectu-

1976 1408 2068 1448 ros
2103 1406 2224 1447 esse
2278 1394 2368 1459 qui
2427 1392 2478 1445 in
2533 1391 2899 1446 monumentis
2932 1399 3060 1445 sunt
3102 1390 3281 1459 primo
3312 1389 3549 1455 dicitur;

1974 1485 2213 1540 secundo
2241 1491 2420 1537 autent
2457 1499 2475 1534 ι
2512 1482 2877 1549 Ιαξιεὺυηιυτς
2914 1500 2934 1534 ι
2974 1483 3111 1550 sive,
3136 1500 3157 1535 ι
3180 1480 3494 1546 laudabunt,
3528 1498 3549 1532 ι

1977 1587 2035 1629 ut
2065 1574 2250 1642 Aquila
2280 1592 2294 1641 ;
2344 1574 2482 1640 sive,
2518 1592 2537 1626 ι
2571 1573 2905 1642 jubilabunt,
2946 1592 2965 1626 ι
3008 1582 3065 1629 ut
3100 1572 3396 1629 Theodotio
3427 1589 3575 1627 verr

1977 1666 2062 1721 tit.
2100 1665 2209 1719 Ros
2243 1673 2424 1719 autem
2456 1665 2510 1718 in
2534 1674 2735 1719 terram
2774 1664 3054 1735 delapsus,
3090 1665 3292 1719 sensim
3321 1663 3560 1734 placide.

1975 1775 2081 1829 que
2112 1759 2306 1828 injecta
2339 1758 2412 1813 ibi
2439 1758 2644 1812 semina
2673 1757 2882 1813 enutrit
2925 1766 2980 1812 et
3024 1771 3337 1812 accrescere
3375 1756 3549 1811 facit:

1976 1850 2278 1918 eodemque
2309 1850 2469 1903 modo
2499 1863 2588 1903 ros
2629 1850 2727 1904 abs
2764 1859 2815 1904 te
2846 1849 3123 1919 prodiens,
3156 1848 3441 1916 medelam,
3467 1848 3551 1903 vi-

1979 1952 2086 1996 tam
2115 1952 2171 1998 et
2202 1941 2431 1996 salutem
2465 1941 2695 1996 mortuis
2742 1939 2931 1995 afferet
2968 1941 3072 1994 tuis
3097 1981 3113 2007 ,
3164 1954 3393 2011 quorum
3425 1955 3549 1996 cor-

1975 2048 2105 2103 pora
2139 2034 2304 2088 variis
2334 2034 2667 2103 temporibus
2715 2033 2768 2087 in
2800 2042 2999 2088 terram
3037 2032 3180 2088 velut
3208 2033 3416 2088 semina
3464 2031 3553 2100 ja-

1977 2132 2064 2177 cta
2101 2123 2320 2178 fuerint.
2359 2121 2546 2194 Neque
2579 2138 2743 2193 porro
2782 2124 3123 2180 aberraveris
3149 2163 3164 2189 ,
3199 2122 3245 2177 si
3293 2123 3442 2178 dicas
3472 2124 3554 2192 ip-

1976 2231 2094 2269 sum
2131 2216 2469 2285 unigenitum
2502 2214 2597 2271 Dei
2634 2213 2868 2270 Verbum
2900 2230 3073 2270 rorem
3096 2230 3237 2281 esse,
3269 2215 3412 2286 quod
3434 2225 3554 2286 guto

1978 2307 2118 2361 tulas
2144 2320 2273 2360 suas
2303 2304 2535 2361 mortuis
2563 2303 2677 2359 suis
2715 2302 2983 2360 instillare
3011 2303 3223 2360 faciens
3247 2346 3262 2371 ,
3308 2317 3415 2357 una
3470 2318 3555 2357 re-

1977 2397 2213 2452 medium
2244 2396 2507 2466 peccatis,
2533 2396 2577 2450 si
2616 2395 2748 2466 quid
2777 2396 2846 2452 ab
2874 2396 2983 2451 illis
3010 2396 3325 2451 humanitus
3360 2409 3554 2466 pecca-

1979 2500 2089 2543 tum
2117 2529 2133 2554 ,
2178 2503 2242 2543 ac
2271 2487 2732 2543 resurrectionem
2756 2528 2771 2553 ,
2805 2487 3034 2542 salutem
3065 2496 3121 2542 et
3157 2489 3322 2543 vitam
3351 2485 3554 2557 sempi-

1977 2593 2188 2640 temam
2223 2582 2353 2650 ipsis
2385 2579 2650 2640 conferet.
2677 2580 2750 2636 At
2781 2595 2871 2636 res
2904 2579 3192 2651 impiorum
3221 2595 3330 2635 non
3362 2580 3552 2636 eodem

1975 2676 2136 2729 modo
2159 2690 2219 2730 se
2251 2676 2473 2731 habent.

2049 2769 2215 2823 Vsus.
2243 2769 2332 2823 20.
2372 2786 2391 2819 ι
2432 2767 2600 2834 Vade,
2632 2767 2862 2837 populus
2909 2780 3062 2820 meus
3096 2784 3109 2820 :
3146 2766 3287 2821 intra
3321 2767 3375 2820 in
3401 2765 3554 2823 cubi-

1976 2861 2097 2917 cula
2131 2872 2260 2928 tua;
2299 2879 2319 2914 ι
2359 2876 2426 2927 ne
2458 2861 2731 2916 curiosius
2776 2859 3022 2929 inquiras
3064 2874 3128 2914 ea
3158 2899 3173 2923 ,
3203 2874 3322 2927 quae
3367 2859 3554 2928 procul

1977 2952 2241 3009 cubiculis
2292 2952 2401 3007 tuis
2445 2960 2752 3008 versantur.
2806 2968 2825 3003 ι
2878 2947 3085 3006 Claude
3122 2948 3318 3002 ostium
3356 2957 3549 3001 tuum:

1977 3045 2316 3101 abscondere
2392 3044 2666 3117 paululum
2738 3041 3269 3115 quantulumcunque
3305 3078 3323 3106 ,
3382 3040 3554 3095 donec

1900 3184 1941 3241 Ο
1979 3146 2327 3207 pertranseat
2351 3140 2431 3195 ira
2462 3135 2699 3192 Domini.
2741 3153 2760 3188 ι
2798 3134 2926 3189 Post
2962 3132 3180 3189 allatam
3209 3132 3273 3187 de
3310 3146 3553 3188 resurre-

1979 3232 2162 3287 ctione
2224 3242 2567 3287 mortuorum
2617 3228 2944 3290 doctrinam,
2992 3237 3212 3281 sanctos
3264 3224 3404 3291 Dei,
3458 3224 3552 3295 qui

1979 3335 2136 3377 antea
2184 3324 2691 3386 circumsteterant,
2722 3320 2911 3375 eodem
2945 3319 2999 3372 in
3036 3318 3156 3373 loco
3189 3327 3411 3373 coactos
3433 3327 3554 3387 post

1978 3412 2432 3467 resurrectionem
2462 3411 2654 3466 videns
2680 3409 3028 3480 propheticus
3084 3408 3327 3478 spiritus.
3357 3409 3553 3462 deinde

1975 3518 2105 3558 vero
2132 3504 2235 3557 alia
2267 3518 2334 3558 ex
2361 3512 2513 3574 parte
2546 3501 2919 3556 Imminentem
2959 3489 3302 3570 impiis’iram
3334 3499 3554 3569 conspiv

1976 3606 2149 3661 catus,
2191 3606 2506 3651 sanctorum
2547 3603 2749 3649 cretum
2790 3592 2859 3648 ad
2884 3592 3154 3647 modicum
3202 3601 3415 3662 tempus
3461 3606 3551 3645 se.

1976 3688 2171 3743 cedere
2202 3702 2267 3742 ac
2297 3685 2489 3756 procul
2519 3698 2641 3740 sese
2668 3683 2947 3738 occultare
2978 3692 3182 3748 monet,
3211 3700 3277 3739 ne
3309 3684 3417 3738 sint
3452 3683 3552 3737 im-

1979 3780 2190 3847 piorum
2225 3777 2490 3847 perniciei
2518 3784 2878 3845 spectatores.
2927 3774 3185 3830 Cubicula
3214 3790 3339 3831 vero
3371 3773 3552 3844 populi

1980 3870 2096 3938 Dei,
2128 3871 2396 3942 intelligas
2426 3883 2546 3924 esse
2577 3866 2774 3921 multas
2796 3868 2938 3935 apud
2968 3866 3187 3922 Patrem
3213 3866 3550 3933 mansiones,

1969 3964 2119 4034 justo
2157 3964 2246 4019 Dei
2274 3962 2478 4035 judicio
2516 3958 2745 4030 singulis
2797 3959 3075 4014 ordinibus
3123 3957 3440 4013 destinatas.
3490 3955 3553 4011 lu

1979 4057 2093 4112 haec
2138 4056 2323 4125 igitur,
2356 4053 2553 4123 popule
2585 4052 2698 4117 mi,
2745 4059 2931 4121 parata
2965 4049 3065 4104 tibi
3089 4047 3337 4103 cubicula
3374 4046 3553 4116 ingre-

1978 4150 2128 4214 dere,
2161 4158 2215 4202 et
2244 4147 2435 4201 claude
2460 4145 2654 4201 ostium
2687 4154 2858 4198 tuum.

2051 4305 2218 4359 Vsus.
2247 4304 2340 4361 9.1.
2377 4322 2396 4355 ι
2448 4302 2585 4359 Ecce
2618 4300 2765 4357 enim
2794 4299 3054 4356 Dominus
3089 4298 3153 4352 de
3183 4306 3372 4353 sancto
3403 4297 3557 4352 induo

1981 4399 2057 4454 cit
2087 4399 2222 4453 iram
2256 4398 2428 4466 super’
2454 4396 2793 4451 habitatores
2823 4402 3005 4449 terrae.
3056 4412 3075 4446 ι
3110 4391 3405 4461 Postquam
3458 4404 3555 4444 au-

290 4520 389 4574 σης
439 4502 495 4556 δὲ
546 4502 740 4572 αὐτῆς,
782 4502 1129 4565 ἀναπετάσας
1178 4500 1365 4553 λοιπὸν
1392 4499 1492 4563 τὰς
1522 4497 1630 4551 τῶν
1671 4496 1868 4552 σαυτοῦ

1982 4502 2086 4547 tem
2115 4490 2202 4545 illa
2227 4488 2608 4560 pertransierit
2631 4530 2645 4556 ,
2686 4486 2942 4544 reseratis
2968 4484 3186 4541 demum
3213 4480 3444 4538 cubiculi
3479 4481 3557 4536 tui

286 4596 554 4668 ταμιείων
588 4594 783 4657 πύλας,
831 4592 969 4664 μετὰ
998 4593 1201 4662 πολλῆς
1240 4591 1486 4656 ἐξουσίας
1521 4590 1615 4642 καὶ
1654 4590 1871 4660 παρρη-

1979 4582 2178 4653 ianuis,
2212 4590 2480 4652 potestate
2501 4588 2559 4636 et
2585 4580 2780 4636 ﬁducia
2820 4577 2989 4634 multa
3022 4578 3320 4632 instructus
3360 4574 3513 4645 prodi
3534 4613 3553 4639 ,

287 4692 409 4754 σίας
431 4688 619 4761 πρόῖοι
639 4688 730 4741 τὸν
752 4686 869 4740 νέον
891 4686 1209 4740 ἐποπτεύων
1242 4684 1433 4744 αἰῶνα,
1460 4685 1553 4739 καὶ
1575 4681 1672 4754 τὴν
1697 4683 1868 4752 ἐπηγ-

285 4782 556 4853 γελμένην
591 4798 674 4834 σοι
705 4777 978 4849 βασιλείαν
1002 4777 1095 4830 τοῦ
1130 4775 1286 4830 Θεοῦ.
1332 4793 1350 4827 ι
1394 4775 1502 4831 Καὶ
1532 4772 1866 4841 ἁνακαλύψει

286 4878 320 4947 ἡ
348 4874 422 4944 γῆ
452 4872 512 4927 τὸ
544 4866 682 4944 αἷμα
715 4871 903 4942 αὐτῆς,
940 4870 1036 4922 καὶ
1067 4869 1128 4922 οὐ
1162 4866 1531 4935 κατακαλύψει
1576 4868 1702 4928 τοὺς
1735 4867 1865 4935 ἀνη-

290 4966 590 5039 ρημένους⁶
630 4985 649 5018 ι
701 4964 777 5027 ὡς
822 4962 1026 5034 μηδένα
1069 4960 1252 5016 λαθεῖν
1298 4960 1407 5014 τῶν
1436 4959 1601 5013 πάλαι
1634 4960 1693 5011 ἐν
1728 4959 1865 5027 αὐτῇ

288 5060 386 5121 τὰς
417 5056 598 5128 ψυχὰς
629 5054 987 5129 ἀνῃρημένων
1009 5053 1095 5108 διὰ
1126 5053 1234 5109 τῶν
1264 5052 1401 5124 πρὸς
1424 5051 1651 5105 θάνατον
1690 5051 1869 5121 ἁμαρ-

288 5152 545 5221 τημάτων
564 5165 577 5180 ⁸
608 5149 701 5202 ἐπὶ
731 5148 905 5218 τούτῳ
943 5146 1051 5218 γὰρ
1073 5147 1172 5218 τὴν
1198 5146 1371 5218 ὀργὴν
1403 5142 1624 5208 ἐπάξειν
1657 5141 1871 5214 εἴρηται

288 5244 316 5295 ὁ
346 5241 495 5305 Θεός·
522 5241 691 5313 ὀργῆς
728 5238 961 5293 ἐνταῦθα
984 5237 1391 5309 ὀνομαζομένης
1419 5233 1527 5287 τῶν
1560 5235 1678 5295 ταῖς
1710 5230 1869 5284 κολά-

293 5351 406 5387 σεσι
436 5330 864 5402 διακονουμένων
888 5329 1154 5398 ἀγγέλων.
1178 5326 1289 5399 (50)
1311 5327 1473 5398 Δηλοῖ
1490 5326 1547 5379 δὲ
1561 5324 1645 5378 διὰ
1667 5322 1868 5376 τούτων

292 5426 387 5494 τὴν
417 5424 524 5477 τῶν
573 5424 742 5491 ἁγίων
774 5420 868 5475 τοῦ
894 5419 1028 5474 Θεοῦ
1060 5420 1337 5490 ἀναίρεσιν
1368 5418 1459 5471 καὶ⁸
1484 5415 1552 5470 τὰ
1584 5415 1690 5469 τῶν
1728 5432 1867 5486 μαρι

293 5514 467 5586 τύρων
501 5514 726 5585 αἵματα,
760 5512 888 5583 περὶ
920 5504 995 5565 ὧν
1026 5512 1119 5566 καὶ
1144 5510 1385 5582 Μωῦσῆς
1416 5510 1472 5561 ὲν
1510 5507 1717 5579 μεγάλῃ

296 5608 515 5677 γράφων
546 5607 721 5675 ἓλεγε’
755 5624 773 5656 ι
817 5606 937 5660 ’Ότι
968 5604 1027 5658 τὸ
1058 5598 1194 5676 αἷμα
1228 5602 1335 5657 τῶν
1371 5602 1499 5657 υίῶν
1544 5599 1705 5655 αὐτοῦ
1732 5597 1871 5652 ἐκδιο

370 5781 477 5842 (30)
516 5782 637 5837 llzcc
672 5781 1051 5841 llierouvmus.

1980 4690 2176 4730 novum
2224 4672 2481 4729 saeculum
2510 4681 2905 4745 conspecturus
2926 4713 2943 4737 ,
2975 4683 3183 4725 necnon
3225 4667 3553 4739 promissum

1979 4768 2073 4823 tibi
2100 4781 2323 4837 regnum
2378 4764 2493 4821 Dei.
2539 4782 2559 4817 ‹
2611 4765 2679 4820 Ει
2730 4764 2993 4820 revelabit
3048 4772 3190 4818 terra
3232 4762 3552 4831 sanguinem

1978 4875 2158 4923 suum,
2188 4869 2241 4915 et
2274 4874 2379 4915 non
2410 4857 2706 4913 abscondet
2741 4856 3093 4919 interfectos;
3131 4874 3151 4910 ι
3187 4854 3258 4909 ita
3294 4864 3355 4907 ut
3393 4867 3556 4907 nemo

1981 4952 2145 5008 lateat
2177 4967 2365 5006 eorum
2396 4991 2411 5017 ,
2447 4950 2531 5021 qui
2554 4951 2681 5005 olim
2710 4950 2761 5005 in
2795 4966 2853 5006 ea
2885 4948 3182 5006 secundum
3211 4946 3447 5001 animam
3483 4946 3554 5000 ob

1980 5054 2200 5114 peccata
2244 5044 2310 5098 ad
2363 5052 2594 5099 mortem
2644 5042 2914 5098 interfecti
2964 5040 3289 5097 fuere:bac
3311 5037 3456 5092 enim
3486 5040 3559 5092 de

1979 5152 2139 5193 causa
2173 5137 2306 5191 iram
2342 5135 2659 5190 iuducturus
2689 5150 2841 5189 suam
2894 5134 3034 5187 Deus
3065 5130 3285 5184 dicitur.
3322 5128 3420 5184 llic
3450 5129 3557 5184 sei.

1979 5228 2107 5284 licet
2140 5229 2218 5282 ira
2264 5237 2525 5282 vocantur
2574 5225 2750 5294 angeli
2804 5222 3098 5278 inferenda:
3151 5218 3343 5273 ultioni
3392 5219 3554 5273 mini-

1977 5330 2238 5376 strantes.
2291 5318 2386 5375 His
2417 5332 2581 5388 porro
2643 5314 2911 5386 significat
2968 5320 3282 5368 sanctocum
3316 5310 3409 5366 Dei
3458 5328 3557 5367 ne-

1975 5430 2135 5478 cem,
2193 5422 2247 5466 et
2309 5422 2607 5483 martyrum
2665 5409 2979 5480 sanguinem
3021 5449 3034 5471 ,
3092 5404 3160 5460 de
3195 5405 3391 5475 quibus
3440 5404 3558 5462 ita‘o

1977 5508 2029 5563 in
2072 5522 2267 5579 magno
2316 5507 2528 5562 cantico
2585 5504 2773 5559 scribit
2843 5501 3099 5572 Moyses,
3158 5517 3177 5553 ι
3241 5499 3377 5568 Quia
3435 5516 3557 5556 sane

1981 5602 2196 5675 guinem
2247 5602 2477 5658 filiorum
2509 5612 2721 5656 suorum
2785 5594 3077 5655 ulciscatur
3109 5605 3165 5653 et
3218 5594 3563 5661 vindicabit,
