3984 6508
441 314 549 370 9.79

1109 311 1380 390 EUSEBII
1417 311 1887 376 CESARIENSIS
1920 312 2071 370 OPP'.
2113 313 2292 370 PARS
2330 314 2417 370 fil.
2458 345 2528 356 —
2564 313 2982 372 EXEGETICA.

3581 320 3688 376 230

441 445 496 489 et
520 431 776 488 ultionem
806 432 1064 506 retribuet
1091 432 1326 489 inimicis
1351 472 1384 498 ,.
1404 443 1459 490 et
1479 431 1788 488 .odientibus
1828 448 1888 488 se
1925 450 2000 489 re-

2119 439 2313 498 κεῖται,
2356 435 2450 489 καὶ
2495 436 2787 508 ἐκδικήσει,
2833 438 2922 490 καὶ
2957 437 3333 493 ἀνταποδὼσει
3376 439 3530 513 δίκην
3577 445 3689 508 τοῖς

447 525 645 581 tribuet
675 525 741 580 ".
1349 577 1353 582 .

988 617 1216 674 CAPUT
1250 615 1462 672 XXV".

513 711 676 770 Vsus.
716 712 769 766 1.
802 729 821 762 ι
860 710 1040 766 ln‘die
1067 711 1153 766 illa
1207 711 1426 765 inducet
1455 711 1595 766 Deus
1625 711 1860 781 gladium
1893 729 2016 768 san-

442 814 615 869 ctum,
647 820 898 873 magnum
927 813 980 859 et
1005 805 1238 859 validum
1272 819 1433 874 super
1457 804 1769 872 draconem,
1803 821 2018 875 serpen-

439 913 546 956 tem
592 900 889 972 fugientem
917 941 932 964 ,
971 915 1137 969 super
1164 900 1458 955 draconem
1485 908 1790 968 serpentem
1818 909 2018 953 tortuo-

435 1009 579 1059 sum,
608 1003 663 1048 et
689 995 907 1049 occidet
936 994 1255 1049 draconem.
1289 993 1451 1064 Virga
1481 993 1664 1062 itaque
1715 991 1835 1058 Dei,
1869 999 2013 1044 recta

433 1102 559 1142 cum
587 1087 679 1154 sit,
706 1098 756 1141 et
787 1087 1131 1157 castigationi
1163 1097 1314 1156 apta,
1349 1087 1643 1140 secundum
1679 1081 1830 1149 illud,
1855 1103 1873 1135 ι
1899 1082 2016 1136 Vir-

433 1192 498 1246 ga
529 1177 887 1242 rectitudinis,
920 1179 1067 1248 virga
1095 1178 1245 1247 regni
1275 1177 1349 1232 tui
1383 1177 1457 1242 ’°,
1495 1195 1513 1229 ι
1554 1177 1620 1232 iis
1645 1179 1734 1246 qui
1766 1176 1818 1228 in
1855 1174 2015 1230 rebus

436 1268 702 1339 medelam
740 1271 1153 1325 admittentibus
1185 1278 1480 1340 peccaruut
1501 1311 1516 1336 ,
1546 1278 1798 1325 servatur
1825 1271 1890 1335 ad
1931 1269 2014 1335 ip-

435 1375 619 1416 sorum
659 1361 1094 1431 castigationem,
1120 1361 1556 1418 emendationem
1588 1371 1644 1418 et
1688 1363 1754 1416 ad
1803 1361 2011 1415 utilita-

433 1462 542 1506 tem
572 1453 805 1522 prolata.
844 1453 944 1520 Qui
990 1464 1171 1509 autem
1225 1455 1356 1510 nihil
1394 1465 1600 1510 rectum
1625 1495 1640 1521 ,
1685 1469 2012 1523 mquumque

383 1581 400 1598 ρ
432 1545 568 1600 nihil
602 1544 785 1611 habet,
829 1547 921 1601 sed
968 1547 1188 1600 omnino
1224 1547 1461 1602 deflexus
1485 1558 1541 1602 et
1577 1558 1853 1602 tortuosus
1884 1557 1965 1601 est
1991 1591 2005 1613 ,

433 1654 500 1692 ac
531 1649 749 1708 pectore
783 1648 1074 1703 ventreque
1103 1639 1250 1693 lmmi
1291 1651 1502 1706 reptat,
1531 1641 1881 1709 omniumque
1918 1655 2011 1708 pe-

432 1731 594 1787 dilms
644 1732 710 1784 ad
755 1731 1250 1800 supplantationem
1299 1742 1354 1787 et
1384 1733 1747 1802 dejectionem
1782 1733 2008 1787 insidias

2118 525 2350 598 ἐχθροῖς,
2386 527 2479 580 καὶ
2514 530 2626 590 τοῖς
2653 527 2900 598 μισοῦσιν
2929 528 3316 584 ἀνταποδώσει.
3350 550 3369 582 ι

2611 631 3002 685 ΚΕΦΛΛΑΙΟΝ
3036 633 3161 685 ΚΖ’.

2190 743 2210 774 ι
2259 725 2348 778 Ἐν
2373 727 2439 795 τῇ
2465 725 2647 795 ἡμέρα
2674 723 2855 795 ἐκείνῃ
2881 725 3068 790 ἐπάξει
3094 727 3121 778 6
3145 720 3274 788 Θεὸς
3299 725 3395 796 τὴν
3418 725 3690 796 μάχαιραν

2115 817 2211 886 τὴν
2237 815 2416 883 ἁγίαν,
2452 815 2549 885 τὴν
2577 815 2819 887 μεγάλην
2845 817 2937 869 καὶ
2952 815 3048 888 τὴν
3075 802 3296 887 ἰσχυρὰν
3330 817 3422 868 ἐπὶ
3449 816 3538 868 τὴν
3562 817 3690 887 δράδ

2115 923 2298 970 κοντα,
2324 907 2415 960 τὸν
2438 905 2558 975 ὅφιν
2583 907 2869 975 φεύγοντα,
2901 909 2992 961 ἐπὶ
3013 908 3102 960 τὸν
3124 909 3393 980 δράκοντα
3411 908 3531 977 opu;
3561 925 3688 962 axo-

2116 996 2248 1060 λιὸν,
2285 998 2378 1050 καὶ
2404 997 2584 1050 ἀνελεῖ
2604 999 2693 1051 τὸν
2721 999 3006 1069 δράκοντα.
3040 1019 3058 1050 ι
3089 1000 3151 1051 Ἡ
3180 1000 3277 1070 μὲν
3308 995 3399 1052 οὖν
3432 1000 3527 1052 τοῦ
3550 1000 3688 1056 Θεοῦ

2115 1087 2332 1160 ῥάϐδος,
2385 1087 2569 1144 εὐθεῖά
2609 1108 2692 1154 τις
2729 1088 2863 1143 οὖσα
2903 1090 2997 1143 καὶ
3040 1089 3374 1161 παιδευτικὴ,
3421 1091 3561 1144 κατά
3601 1090 3685 1155 τὸ,

2120 1195 2137 1226 ι
2163 1179 2381 1242 Ῥάόδος
2407 1178 2698 1250 εὐθύτητος
2719 1184 2752 1252 ἡ
2777 1180 2969 1252 ῥάϐδος
2980 1181 3077 1252 τῆς
3097 1180 3370 1251 βασιλείας
3393 1181 3505 1234 σοῦ·
3535 1201 3554 1233 ι
3575 1185 3691 1246 τοῖς

2117 1268 2308 1337 ἰάσιμα
2325 1270 2666 1340 ἡμαρτηκόσι
2681 1277 2974 1342 τετήρηται
2991 1272 3070 1334 είς
3097 1271 3374 1324 παίδευσιν
3397 1271 3576 1324 αὐτῶν
3595 1273 3690 1326 καὶ

2112 1356 2394 1427 βελτίωσιν
2417 1360 2509 1411 καὶ
2527 1359 2703 1430 ψυχῆς
2722 1361 2982 1428 ὠφέλειαν
3000 1363 3403 1432 προσαγομένη·
3423 1365 3451 1415 6
3469 1361 3526 1415 δέ
3550 1360 3690 1433 μηδὲ

2111 1451 2268 1523 ὀρθὸν
2293 1452 2427 1522 μη.δέ
2457 1453 2583 1506 εὐθὺ
2611 1452 3095 1523 κεκτημένος,δλος
3120 1451 3176 1505 δὲ
3203 1452 3376 1505 διόλου
3399 1452 3686 1524 καμπύλος

2111 1547 2204 1598 καὶ
2230 1545 2457 1610 σκολιὸς,
2479 1547 2649 1616 χαμαί
2667 1563 2724 1599 τε
2743 1547 2833 1600 ἐπὶ
2851 1546 2912 1599 τὸ
2938 1546 3129 1616 στῆθος
3149 1547 3241 1598 καὶ
3256 1547 3459 1599 κοιλίαν
3475 1547 3684 1618 ἕρπων,

2110 1637 2410 1709 ἐφεδρεύων
2441 1655 2499 1692 τε
2529 1643 2640 1703 τοῖς
2680 1639 2896 1692 πάντων
2925 1639 3080 1692 ποσὶν
3110 1640 3202 1692 ἐπὶ
3229 1639 3291 1692 τὸ
3308 1637 3572 1704 σκελίζειν
3595 1639 3689 1693 καὶ

2109 1729 2463 1784 καταϐάλλειν
2495 1731 2711 1794 αὐτοὺς,
2751 1729 2887 1800 μετά
2940 1730 3145 1793 πάντας
3197 1732 3323 1792 τοὺς
3366 1729 3582 1794 ἀσεϐεῖς
3623 1734 3689 1802 τῇ

431 1819 674 1886 molitur,
726 1832 846 1891 post
880 1822 1074 1891 impios
1105 1838 1294 1878 omnes
1317 1863 1334 1890 ,
1365 1825 1540 1894 gravi,
1567 1840 1764 1894 magno
1792 1825 2000 1879 valido.

2113 1823 2325 1894 σκληρᾷ
2358 1823 2461 1875 καὶ.
2487 1821 2696 1893 μεγάλῃ
2732 1823 2819 1875 καὶ
2877 1823 3072 1893 ἰσχυρᾷ
3097 1822 3340 1893 μαχαίρᾳ
3381 1821 3689 1894 παραδοθήσ-

429 1926 538 1981 que
575 1912 752 1982 gladio
781 1914 1046 1976 tradetur,
1083 1930 1242 1984 quem
1278 1917 1376 1986 ipsi
1407 1917 1508 1971 soli
1542 1933 1768 1988 magnus
1805 1918 1893 1974 ille
1923 1916 2011 1973 Ju-

429 2006 532 2059 dex
563 2005 897 2060 reconditum
922 2019 972 2060 et
1007 2019 1249 2078 paratum
1285 2011 1499 2066 habuit.
1532 2011 1783 2068 Gladium
1812 2014 1899 2068 hic
1923 2029 2010 2070 vo-

430 2107 517 2152 cat
549 2097 771 2153 ultionis
808 2099 1060 2156 cﬂ‘ectum
1097 2120 1110 2155 :
1143 2118 1302 2171 quem
1357 2105 1484 2158 item
1529 2113 1781 2161 sanctum
1834 2107 2004 2170 dicit.

430 2206 549 2244 eum
580 2199 641 2246 ut
671 2191 942 2248 minarum
971 2203 1234 2250 terrorem
1281 2195 1487 2262 leniat,
1513 2207 1626 2252 tum
1660 2206 1719 2252 ut
1759 2199 2010 2252 ostendat

429 2297 523 2338 eos
567 2285 659 2354 qui
703 2285 968 2354 supplicio
1003 2285 1333 2355 afficientur,
1379 2306 1486 2344 non
1537 2290 1601 2345 ad
1636 2291 1861 2346 exitium
1893 2306 2008 2363 ver-

429 2381 621 2434 tendos
646 2416 666 2446 ,
699 2381 793 2434 sed
827 2379 1240 2450 castigationem
1271 2383 1400 2451 ipsis
1432 2384 1739 2440 sanctitatis
1775 2399 2004 2438 causam

431 2472 670 2525 futuram
696 2487 835 2526 esse.
860 2473 929 2526 At
957 2473 1100 2528 enim
1137 2474 1277 2529 Deus
1303 2477 1432 2530 dum
1463 2479 1718 2548 castigat,
1749 2492 1854 2531 non
1881 2492 2004 2548 per-

433 2562 588 2626 dere,
623 2563 718 2618 sed
741 2579 835 2617 eos
863 2565 952 2633 qui
982 2575 1372 2622 convertuntur
1397 2571 1686 2625 emendare
1714 2579 1770 2624 et
1804 2569 2004 2625 sancti-

429 2653 594 2708 ficare
611 2665 880 2724 peroptat.

502 2743 666 2801 Vens.
704 2747 828 2801 2-4.
875 2767 893 2799 ι
923 2747 979 2802 In
1023 2748 1111 2804 illa
1146 2749 1234 2805 die
1271 2751 1425 2805 vinea
1479 2751 1707 2820 pulchra
1743 2751 2001 2808 :deside-

429 2838 567 2891 rium
622 2839 848 2893 cauemli
883 2849 1072 2894 contra
1125 2840 1292 2898 illam.
1351 2842 1464 2912 Ego
1513 2843 1708 2898 civitas
1768 2842 1996 2909 munita,

427 2930 619 2986 civitas
665 2932 910 2996 obsessa,
967 2931 1170 2993 frustra
1219 2943 1403 3002 potum
1446 2935 1588 2989 dabo
1617 2934 1689 2989 illi
1719 2953 1732 2988 :
1759 2935 2000 3002 capietur

425 3021 571 3075 cnim
599 3033 782 3086 noctu,
812 3023 898 3078 die
934 3032 1116 3079 autem
1149 3025 1307 3079 cadet
1354 3041 1544 3081 murus
1575 3027 1714 3096 ejus.
1758 3024 1874 3079 Non
1915 3032 1997 3078 est

425 3127 546 3181 qua:
573 3127 674 3167 non
711 3114 1134 3184 apprehenderit
1167 3129 1308 3170 eam.
1343 3116 1473 3182 Quis
1503 3128 1665 3187 ponet
1696 3134 1781 3173 me
1809 3128 1996 3173 custo-

424 3208 546 3258 dem
579 3203 743 3259 culmi
779 3207 830 3258 iu
858 3207 1032 3275 agro?
1072 3217 1297 3276 propter
1329 3208 1606 3263 inimicam
1638 3211 1781 3264 hanc
1827 3209 1996 3278 repuli

425 3311 566 3352 eam.
592 3294 718 3351 Ideo
749 3296 876 3350 fecit
909 3299 1167 3354 Dominus
1189 3301 1370 3354 omnia
1395 3316 1515 3370 quae
1532 3303 1815 3370 disposuit.
1842 3303 2002 3358 Com-

427 3387 584 3441 busta
607 3402 748 3442 sum.
786 3406 805 3440 ι
863 3388 987 3445 Ιιειιο
1034 3406 1196 3460 porro
1229 3403 1313 3447 est
1363 3394 1492 3448 dicti
1519 3396 1786 3450 sententia
1815 3413 1828 3450 :
1857 3398 1996 3452 Num

425 3478 625 3532 malum
653 3496 750 3550 pro
790 3481 936 3537 malo
959 3483 1208 3551 gentibus
1251 3485 1639 3554 reddiderunt,
1677 3490 1768 3558 qui
1805 3505 1995 3558 pacem

429 3572 534 3628 illis
595 3572 998 3642 praedicabant?
1076 3574 1141 3629 lli
1193 3577 1337 3631 enim
1396 3578 1821 3647 insequebantur
1879 3599 1994 3649 eos,

426 3663 607 3733 plagis
637 3665 801 3718 etiam
834 3665 1067 3732 additis;
1115 3667 1189 3720 illi
1238 3684 1365 3722 vero
1415 3670 1781 3739 pulcherrima
1843 3673 1994 3743 ipsis.

424 3768 619 3823 pacem
684 3755 895 3811 scilicet
950 3760 1364 3813 annuntiabant.
1430 3759 1568 3816 Num
1631 3763 1794 3833 igitur
1844 3767 1993 3835 paria

422 3848 766 3916 patiebantur
795 3849 1022 3917 gentiles
1053 3850 1150 3915 illi,
1193 3852 1318 3905 dum
1347 3853 1496 3922 pacis
1523 3870 1801 3923 prati-ones
1853 3858 1994 3927 inju-

425 3938 523 3992 riis
577 3937 894 3993 aﬂlccrent?
941 3939 1314 3994 Vet'berabant
1371 3943 1539 4006 enim,
1600 3960 1700 4000 nec
1755 3946 1992 4000 vicissim

422 4046 452 4078 ν
475 4030 751 4100 ιριιιιιὺαιιι
773 4047 786 4095 ;
809 4032 1130 4088 occidebant
1157 4049 1261 4088 nec
1285 4035 1676 4092 occidebantur
1705 4054 1720 4092 :
1754 4053 1998 4107 pugnan-

422 4132 505 4176 tes
533 4131 715 4178 autem
748 4133 802 4178 et
822 4126 1112 4194 opprobria
1142 4125 1458 4191 inferentes,
1489 4128 1636 4196 ipsos
1668 4130 1995 4186 divexabant

421 4221 582 4280 atque
611 4211 922 4282 pellebant:
974 4215 1050 4268 illi
1099 4231 1230 4269 vero
1285 4232 1391 4271 non
1451 4229 1745 4284 cessantes,
1808 4235 1992 4289 pacem

420 4303 556 4370 ipsis
587 4313 641 4358 et
674 4304 811 4358 bona
835 4305 1180 4360 nuntiabant.
1212 4306 1388 4372 Quare
1417 4310 1596 4363 subdit
1627 4327 1642 4360 :

488 4485 655 4542 Vens.
696 4486 812 4541 5-8.
859 4487 1223 4543 «Clamabunt
1251 4489 1587 4544 habitatores
1616 4491 1733 4558 ejus
1762 4510 1774 4544 :
1805 4490 1993 4544 Facia-
2026 4513 2066 4570 υ

417 4593 540 4632 mus
569 4592 759 4646 pacem
792 4594 914 4632 eum
945 4594 1032 4645 eo,
1067 4579 1332 4634 faciamus
1375 4595 1560 4647 pacem
1597 4599 1611 4634 :
1642 4585 1733 4649 qui
1768 4585 1990 4636 veniunt

416 4670 513 4724 filii
540 4669 709 4726 Jacoh
751 4671 1153 4740 germinabunt,
1203 4684 1260 4728 et
1295 4672 1506 4728 florebit
1539 4675 1701 4729 Israel
1733 4693 1747 4729 :
1779 4685 1834 4730 et
1885 4677 1988 4729 im-

415 4761 654 4830 plebitur
685 4771 830 4817 terra
861 4761 1042 4819 fructu
1073 4765 1210 4833 ejus.
1255 4765 1392 4818 Num
1436 4766 1576 4819 sicut
1619 4767 1732 4837 ipse
1761 4783 1990 4836 percus-

415 4855 509 4921 sit,
565 4864 618 4910 et
673 4855 787 4924 ipse
840 4855 1094 4911 similiter
1152 4859 1522 4927 percutietur?
1577 4867 1630 4913 et
1674 4861 1816 4913 sicut
1873 4860 1990 4928 ipse

414 4948 638 5011 occidit,
665 4948 737 5001 ita
762 4947 1075 5003 occidetur?
1098 4948 1351 5020 Pugnans
1375 4961 1432 5002 et
1467 4949 1800 5017 exprobrans
1827 4951 1992 5005 euut-

417 5046 492 5092 tet
520 5051 636 5092 eos.
667 5037 857 5093 Nonne
881 5049 933 5092 tu
961 5054 1108 5102 eras,
1139 5039 1230 5108 qui
1264 5041 1617 5095 meditabaris
1635 5041 1831 5111 spiritu
1852 5042 1988 5097 duro

415 5125 724 5182 interficere
752 5143 846 5182 eos
876 5129 1066 5198 spiritu
1106 5129 1394 5182 furoris?»
1434 5129 1562 5184 llaec
1609 5132 1754 5186 enim
1808 5132 1984 5187 medi-

412 5218 664 5274 tabantur
703 5220 776 5275 illi
828 5237 893 5277 ex
935 5222 1183 5293 gentibus
1227 5220 1491 5287 infideles,
1531 5223 1762 5291 «spiritu
1801 5225 1936 5278 duro
1962 5243 1982 5277 ι

411 5320 600 5366 contra
660 5312 931 5383 apostolos
971 5312 1172 5366 Christi
1230 5315 1514 5383 occupati,
1549 5316 1788 5385 nihilque
1838 5317 1984 5372 aliud

411 5405 735 5474 cogitantes,
767 5422 926 5476 quam
963 5407 1231 5476 quomodo
1267 5407 1458 5463 eodem
1485 5410 1677 5479 spiritu
1706 5411 1985 5467 interfice-

412 5508 530 5552 rent
555 5512 671 5552 eos.
700 5496 808 5552 Sed
837 5498 1092 5567 quoniam
1144 5501 1399 5555 :erumnis
1440 5501 1745 5571 lmjusmodi
1797 5504 1981 5560 affecti

415 5587 510 5655 illi,
558 5607 578 5640 ι
603 5603 668 5643 ex
697 5587 865 5644 Jacob
907 5592 1300 5662 germinantes,
1353 5601 1404 5647 et
1446 5606 1512 5649 ex
1553 5594 1718 5652 Israel
1763 5595 1983 5653 efﬂore-

476 5768 517 5798 "
553 5770 884 5833 Uettt.sxxn,
931 5772 1010 5825 $5.
1090 5774 1133 5805 ‘°
1165 5772 1302 5826 Psal.
1333 5789 1474 5836 XLIV,
1503 5772 1552 5826 7.

2113 1930 2284 1976 σεται,
2322 1914 2388 1984 ἥν
2417 1913 2565 1984 αὐτῷ
2591 1915 2735 1986 μόνῳ
2777 1917 2806 1967 6
2851 1915 3022 1985 μέγας
3066 1915 3258 1986 κριτὴς
3309 1914 3686 1985 ἐταμιεύσατο.

2109 2006 2402 2076 Μάχαιραν
2445 2007 2679 2061 ἐνταῦθα
2718 2008 2864 2075 λέγει
2897 2010 2996 2078 τὴν
3037 2008 3314 2078 ἐνέργειαν
3363 2008 3465 2077 τῆς
3508 2007 3687 2076 δίκης·

2110 2099 2246 2152 άλλά
2275 2102 2366 2153 καὶ
2399 2101 2560 2169 ἁγίαν
2593 2101 2765 2164 καλεῖ,
2800 2099 2934 2170 όμοῦ
2979 2100 3075 2170 μὲν
3109 2099 3600 2170 παραμυθούμενος
3628 2098 3690 2152 τὸ

2109 2191 2335 2262 φοϐερὸν
2374 2193 2472 2263 τῆς
2505 2192 2755 2260 ἀπειλῆς,
2790 2190 2926 2262 ὁμοῦ
2959 2191 3016 2244 δὲ
3049 2193 3142 2244 καὶ
3177 2191 3411 2254 δεικνὺς,
3463 2191 3540 2254 ὡς
3586 2191 3688 2245 οὐκ

2108 2285 2187 2347 εἰς
2218 2283 2492 2338 ἀπώλειαν
2524 2281 2988 2355 καταστρέψωσιν
3010 2287 3058 2337 ot
3083 2283 3501 2356 τιμωρούμενοι·
3525 2284 3668 2352 ἁγιω

2109 2376 2274 2446 σύνης
2294 2393 2353 2429 τε
2384 2377 2564 2441 αὐτοῖς
2586 2379 2758 2430 αἴτιον
2773 2369 2937 2430 ’ἔσται
2967 2375 3303 2448 μετανοοῦσι.
3328 2377 3438 2430 Καὶ
3457 2376 3565 2447 γὰρ
3584 2376 3686 2429 οὐκ

2107 2469 2364 2522 ἀπολέσαι
2408 2469 2658 2539 βούλεται
2699 2470 2729 2521 6
2779 2469 2912 2532 Θεὸς
2951 2469 3238 2532 παιδεύων,
3285 2467 3422 2522 ἀλλά
3447 2467 3685 2540 καθᾶραι

2108 2563 2200 2615 καί
2231 2563 2452 2632 ἁγιάσαι
2482 2563 2933 2633 ἐπιστρέψαντας.

2177 2762 2195 2794 ι
2242 2741 2318 2814 Τῇ
2367 2744 2548 2814 ἡμέρα
2597 2744 2778 2815 ἐκείνη
2827 2743 3085 2813 ἀμπελὼν
3125 2739 3308 2807 καλὸς,
3359 2743 3682 2816 ἐπιθύμημα

2103 2834 2354 2906 ἐξάρχειν
2389 2838 2507 2888 κατ’
2543 2836 2732 2906 αὐτῆς.
2783 2836 2924 2904 Ἐγὼ
2972 2835 3125 2898 πόλις
3165 2835 3360 2907 ὀχυρὰ,
3407 2837 3560 2901 πόλις
3592 2853 3681 2890 ποι

2101 2929 2480 3001 λιορκουμένη,
2545 2929 2720 2999 μάτην
2769 2928 2936 2981 ποτιῶ
2992 2928 3160 2999 αὐτὴν
3185 2945 3198 2958 ·
3265 2927 3526 2982 ἁλώσεται
3571 2930 3681 3001 γάρ

2101 3021 2312 3084 νυκτὸς,
2364 3021 2575 3092 ἡμέρας
2616 3020 2672 3073 δὲ
2713 3022 2955 3073 πεσεῖται
2995 3020 3058 3072 τὸ
3102 3023 3280 3090 τεῖχος
3329 3020 3516 3091 αὐτῆς.
3567 3021 3680 3074 οὐκ

2104 3111 2248 3166 ἔστιν
2292 3115 2325 3183 ἢ
2359 3113 2458 3165 ούκ
2488 3110 2780 3165 ἐπελάδετο
2814 3111 3005 3179 αὐτῆς.
3041 3109 3136 3173 Τίς
3179 3127 3247 3181 με
3288 3109 3441 3182 θήσει
3475 3111 3680 3180 φυλάσ-

2103 3222 2216 3258 σειν
2255 3205 2504 3274 καλάμην
2549 3205 2606 3255 ἐν
2648 3201 2837 3274 ἀγρῷ;
2887 3202 2973 3256 διά
3020 3202 3117 3273 τὴν
3166 3202 3428 3274 πολεμίαν
3474 3205 3678 3275 ταύτην

2097 3297 2339 3368 ὴθέτηκα
2401 3297 2586 3367 αὑτήν.
2635 3296 2825 3349 Τοίνυν
2866 3296 2956 3349 διά
3001 3295 3160 3349 τοῦτο
3202 3297 3425 3367 ἐποίησε
3475 3294 3680 3370 Κύριος

2099 3391 2274 3443 πάντα
2295 3391 2393 3444 ὃσα
2425 3387 2700 3454 συνέταξε.
2730 3388 3183 3458 Κατακέκαυμαι.
3219 3408 3234 3439 ι
3275 3389 3332 3442 Ὀ
3353 3388 3408 3442 δὲ
3431 3388 3557 3452 νοῦς
3582 3388 3678 3443 τοῦ

2097 3482 2254 3550 λόγου
2291 3480 2529 3544 τοιοῦτός
2561 3483 2710 3533 ἐστι·
2747 3481 2838 3551 Μή
2874 3497 2925 3533 τι
2967 3481 3137 3533 κακὸν
3197 3481 3319 3533 ἀντὶ
3359 3481 3530 3534 κακοῦ
3564 3483 3678 3544 τοῖς

2099 3571 2305 3624 ἐθνεσιν
2344 3570 2662 3624 ἀπεδίδοσαν
2708 3573 2755 3624 οἱ
2801 3571 3164 3641 κηρύττοντες
3206 3573 3388 3634 αὐτοῖς
3420 3572 3678 3644 εἰρήνην;

2099 3664 2162 3716 Οί
2199 3662 2296 3732 μέν
2326 3661 2434 3732 γὰρ
2463 3662 2686 3716 ἐδίωκον
2727 3663 2924 3725 αὐτοὺς
2971 3665 3066 3716 καὶ
3105 3662 3319 3734 πληγάς
3357 3661 3636 3726 ἐπιθέντες
3661 3679 3677 3694 ο

2097 3753 2145 3807 οἰ
2178 3753 2232 3805 δὲ
2261 3753 2328 3806 τὰ
2356 3753 2616 3806 κάλλιστα
2649 3755 2832 3818 αὐτοῖς
2855 3756 2954 3824 τὴν
2981 3756 3203 3826 εἰρήνην
3235 3755 3671 3828 εὐηγγελίζοντο.

2095 3848 2238 3917 Μήτι
2286 3843 2378 3900 οὖν
2425 3848 2494 3898 τά
2535 3845 2624 3900 ἶσα
2672 3846 2908 3917 ἔπασχον
2941 3850 2990 3900 οἱ
3037 3848 3095 3911 ἐξ
3144 3847 3334 3911 ἐθνῶν,
3370 3848 3677 3913 ἀδικοῦντες

2095 3939 2222 4000 τοὺς
2261 3938 2360 4009 τῆς
2392 3940 2617 4009 εἰρήνης
2660 3940 2941 4010 κήρυκας;
2977 3941 3244 3992 Ἐτυπτον
3278 3940 3408 4010 γὰρ,
3452 3941 3547 3993 καὶ
3577 3943 3676 3994 ούκ

2095 4029 2503 4094 ἀντετύπτοντο,
2526 4033 2620 4083 καὶ
2657 4029 2911 4102 ἀνῄρουν,
2958 4030 3070 4083 ἀλλ’
3105 4033 3204 4085 ούκ
3250 4032 3675 4106 ἀντανῃροῦντο·

2097 4121 2191 4173 καὶ
2239 4122 2532 4192 μαχόμενοι
2577 4121 2635 4175 δὲ
2680 4124 2771 4175 καὶ
2809 4122 3174 4188 ὀνειδίζοντες,
3213 4123 3434 4177 ἐδίωκον
3479 4125 3675 4187 αὐτοὺς

2097 4215 2190 4266 καὶ
2235 4214 2651 4281 ἐξαπέστελλον·
2679 4217 2727 4268 οί
2766 4215 2821 4267 δέ
2860 4216 2959 4268 οὐκ
2991 4216 3297 4288 ἀνεχώρουν
3336 4217 3428 4270 τοῦ
3467 4219 3564 4289 τὴν
3595 4221 3674 4271 εἰ-

2098 4309 2268 4378 ρήνην
2307 4309 2399 4359 καὶ
2430 4306 2524 4359 τοῦ
2559 4308 2626 4360 τά
2657 4307 2839 4375 ἀγαθά
2867 4309 3047 4371 αὐτοῖς
3083 4308 3549 4376 εὐαγγελίζεσθαι.
3585 4311 3674 4364 Διὺ

2097 4398 2361 4466 ἐπιλέγει·

2173 4508 2190 4539 ι
2230 4491 2520 4561 Βοήσονται
2565 4493 2610 4543 οἰ
2659 4492 2992 4556 ἐνοικοῦντες
3039 4493 3108 4547 ἐν’
3145 4495 3307 4566 αὐτῇ·
3360 4497 3672 4567 ποιήσωμεν

2097 4583 2320 4652 εἰρήνην
2356 4582 2527 4652 αὐτῷ,
2561 4584 2875 4654 ποιήσωμεν
2905 4587 3152 4656 εἰρήνην·
3189 4588 3238 4638 οἱ
3269 4588 3552 4657 ἐρχόμενοι
3589 4589 3670 4642 τέο

2098 4691 2202 4727 κνα
2251 4673 2445 4727 Ίακὼδ
2480 4675 2796 4746 βλαστήσει,
2843 4679 2937 4730 καὶ
2967 4677 3248 4748 ἐξανθήσει
3305 4679 3539 4752 Ἰσραὴλ,
3579 4681 3669 4736 καὶ

2096 4764 2537 4835 ἐμπλησθήσεται
2581 4769 2614 4838 ἡ
2649 4771 2937 4840 οἰκουμένη
2973 4769 3062 4823 τοῦ
3107 4771 3318 4840 καρποῦ
3361 4771 3545 4826 αὑτοῦ.
3581 4775 3672 4848 Μὴ

2098 4856 2175 4918 ὡς
2205 4857 2366 4920 αὐτὸς
2390 4857 2646 4924 ἐπάταξε,
2673 4863 2766 4914 καὶ
2786 4862 2948 4926 αὐτὸς
2973 4862 3143 4926 οῦτως
3168 4863 3501 4935 πληγήσεται
3521 4883 3535 4896 ⁸
3576 4870 3672 4921 καὶ

2097 4948 2174 5010 ῶς
2205 4949 2368 5012 αὐτὸς
2398 4950 2624 5016 ἀνεῖλεν,
2665 4951 2838 5016 οὕτως
2868 4954 3314 5029 ἀναιρεθήσεται;
3348 4959 3670 5030 Μαχόμενος

2100 5040 2192 5092 καὶ
2219 5039 2492 5105 ὀνειδίζων
2517 5044 2865 5108 ἐξαποστελεῖ
2889 5047 3102 5110 αύτούς.
3134 5050 3208 5101 Οὐ
3241 5049 3304 5101 σὺ
3339 5044 3481 5120 ἦσθα
3513 5049 3669 5120 μελε-

2097 5129 2208 5183 τῶν
2249 5131 2326 5203 τῷ
2354 5133 2723 5207 πνεύματιτῷ
2767 5136 3004 5208 σκληρῷ,
3030 5139 3238 5192 ἀνελεῖν
3274 5141 3469 5204 αὐτοὺς
3506 5143 3670 5194 πνεύ-

2099 5238 2228 5292 ματι
2277 5223 2480 5294 θυμοῦ;
2529 5243 2546 5274 ι
2599 5225 2782 5279 Ταῦτα
2835 5226 2942 5298 γάρ
2981 5227 3247 5298 ἐμελέτων
3292 5230 3341 5282 οἱ
3388 5227 3447 5293 ἐξ
3498 5227 3670 5280 ἐθνῶν

2094 5316 2310 5369 ἄπιστοι
2353 5317 2491 5370 κατά
2527 5317 2635 5369 τῶν
2681 5319 2988 5372 ἀποστόλων
3031 5320 3125 5373 τοῦ
3166 5321 3400 5392 Χριστοῦ
3449 5340 3467 5371 ι
3508 5320 3672 5376 πνεύο

2098 5425 2226 5479 ματι
2263 5409 2481 5480 σκληρῴ
2512 5429 2530 5461 ι
2581 5409 2952 5480 κατεχόμενοι,
2995 5414 3089 5465 καὶ
3131 5415 3280 5466 οὐδὲν
3321 5415 3506 5484 ἓτερον
3553 5414 3668 5468 δια-

2093 5501 2392 5574 νοούμενοι,
2445 5504 2478 5574 ἢ
2517 5505 2662 5568 ὅπως
2711 5505 2971 5560 ἀνέλωσιν
3027 5508 3222 5572 αὐτοὺς
3263 5509 3342 5580 τῷ
3385 5511 3442 5562 ἐν
3484 5510 3670 5574 αὐτοῖς

2095 5596 2384 5668 πνεύματι.
2429 5597 2565 5651 Ἀλλ’
2615 5599 2797 5674 ἐπειδὴ
2838 5600 3059 5655 τοιαῦτα
3089 5603 3385 5672 πάσχοντες
3407 5605 3453 5657 οἰ
3484 5605 3547 5657 ἐκ
3569 5602 3666 5658 τοῦ
