3984 6508
235 373 342 432 εει

1180 368 1683 427 COMMENTARIA
1722 366 1791 422 1N
1825 364 2087 437 ISAIAM.
2128 392 2198 403 -—
2235 361 2389 421 CAP.
2433 357 2645 415 XXV“.

3427 356 3535 411 πε

248 495 457 551 Ἰακὼϐ
498 496 921 567 βλαστήσαντες,
966 498 1061 550 καὶ
1103 499 1167 551 ὲκ
1212 497 1308 551 τοῦ
1354 497 1572 570 Ἰσραὴλ
1617 497 1825 567 ἐξανθήε

1950 500 2189 550 scentes.
2218 508 2235 541 ι
2273 486 2455 543 omnia
2487 485 2703 540 fortiter
2727 485 2765 550 ιι
2792 482 3038 538 ferebant
3063 499 3082 533 ι
3114 488 3335 551 propter
3380 480 3535 536 Chri-

238 605 466 652 σαντες,
500 607 520 639 ο
564 588 757 659 ἕτερον
794 590 973 643 πάντα
1006 591 1270 658 γενναίως
1303 590 1392 645 διὰ
1433 591 1523 644 τὸν
1573 590 1839 663 Χριστόν·

233 679 439 735 τούτου
475 682 639 752 χάριν
675 680 936 749 ἐπιλέγει·

316 792 336 821 ι
381 774 486 826 Διά
525 774 690 827 τοῦτο
718 774 1215 847 ἁφαιρεθήσεταιή
1258 777 1454 848 ἀνομία
1502 776 1718 839 Ἰακὼϐ,
1749 776 1843 830 καὶ

232 863 404 918 τοῦτό
462 866 614 918 ἐστιν
666 867 699 935 ἡ
751 866 970 935 εὐλογία
1009 868 1198 928 αὐτοῦ,
1247 870 1376 924 ὃταν
1421 868 1706 940 ἀφέλωμαι
1744 868 1841 939 τὴν

233 957 525 1029 ἁμαρτίαν
560 958 747 1020 αὐτοῦ,
795 960 922 1014 ὅταν
957 960 1088 1015 θῶσι
1114 961 1321 1027 πάντας
1352 963 1477 1025 τοὺς
1518 961 1700 1022 λίθους
1735 960 1842 1015 τῶν

236 1049 449 1122 βωμῶν
484 1053 1026 1122 κατακεκομμένους,
1058 1054 1134 1120 ὼς
1163 1055 1348 1108 κονίαν
1381 1054 1603 1125 λεπτὴν,
1637 1054 1731 1108 καὶ
1777 1054 1839 1107 ού

237 1142 317 1215 μὴ
374 1142 540 1215 μείνῃ
592 1142 662 1195 τὰ
696 1142 888 1216 δένδρα
925 1144 1125 1210 αὐτῶν,
1172 1147 1267 1200 καὶ
1307 1146 1375 1199 τὰ
1416 1145 1611 1198 εἴδωλα
1657 1143 1840 1197 αὐτῶν

234 1235 657 1305 ὲκκεκομμένα,
681 1232 871 1306 ὥσπερ
904 1235 1107 1307 δρυμὸς
1157 1238 1392 1309 μακράν.
1430 1256 1446 1287 ι
1494 1236 1537 1287 Τ
1539 1235 1677 1289 αὕτα
1707 1234 1836 1306 γὰρ,

235 1328 433 1399 φησὶν,
470 1326 621 1381 αἴτια
652 1328 940 1398 γενήσεται
974 1329 1073 1399 τῆς
1134 1329 1385 1398 ἀφέσεως
1416 1328 1525 1381 τῶν
1552 1328 1838 1399 ἁμαρτιῶν

249 1418 477 1481 Ἰακὼϐ,
529 1420 624 1473 καὶ⁸
670 1419 757 1473 διΞι
804 1420 975 1474 ταῦτα
1023 1422 1114 1474 ἐπ’
1148 1421 1312 1475 αὑτὸν
1344 1420 1462 1491 ἥξει
1514 1422 1546 1492 ἡ
1595 1420 1836 1490 εὐλογία,

231 1510 663 1583 ἀφαιρουμένης
707 1511 871 1564 αὑτοῦ
913 1514 1010 1581 τῆς
1043 1511 1338 1582 ἁμαρτίας.
1377 1510 1687 1581 Σωθήσεται
1730 1510 1839 1581 γὰρ

232 1601 325 1655 διὰ
368 1602 477 1672 τῆς
507 1603 875 1672 τεκνογονίας,
922 1602 1019 1656 ἐὰν
1052 1603 1278 1673 μείνωσι
1321 1604 1378 1655 ἐν
1420 1606 1484 1674 τῇ
1530 1603 1711 1656 πίστει
1744 1603 1839 1655 καὶ

232 1693 430 1765 ἀγάπῃ
453 1694 549 1747 καὶ
572 1693 828 1764 ἁγιασμῷ
849 1694 986 1764 μετὰ
1008 1694 1380 1766 σωφροσύνης,
1403 1695 1545 1748 κατὰ
1568 1695 1657 1748 τὸν
1686 1694 1840 1748 Ἀπό-

234 1787 453 1841 στολον·
506 1787 799 1841 ἀκόλουθόν
830 1790 945 1841 ἐστι
976 1789 1187 1842 καὶτὸν
1238 1788 1429 1842 Ἰακὼϐ
1466 1790 1631 1842 τέκνα
1668 1809 1684 1840 t
1721 1790 1839 1859 βλα·

1945 596 2128 649 stum;
2161 582 2281 639 ideo
2314 578 2601 649 subiungit
2629 596 2646 633 :

2016 760 2182 816 Vens.
2224 759 2277 815 9.
2324 777 2342 810 ι
2368 756 2664 824 Propterea
2711 753 2993 809 auferetur
3034 753 3303 824 iniquitas
3339 746 3535 813 Jacob,

1942 866 1997 911 et
2022 856 2133 909 luce
2162 854 2265 908 crit
2296 849 2604 906 benedictio
2644 846 2797 916 ejus,
2834 863 2959 903 eum
3008 847 3292 901 abstulero
3336 862 3534 916 percu.

1946 959 2056 1002 tum
2093 947 2230 1015 ejus,
2255 945 2472 1015 quando
2504 945 2789 1012 posuerint
2817 957 3010 995 otnues
3032 941 3239 1011 lapides
3273 940 3531 998 altarium

1943 1041 2234 1100 contritus.
2276 1037 2431 1110 quasi
2476 1038 2716 1092 cinerem
2752 1034 3021 1089 minutum
3056 1044 3157 1090 :et
3201 1051 3307 1088 non
3343 1046 3535 1086 mane-

1944 1133 2076 1187 bunt
2108 1134 2333 1186 arbores
2364 1146 2555 1184 eorum
2594 1169 2611 1192 ,
2643 1139 2697 1181 ct
2724 1128 2863 1181 idola
2898 1143 3087 1181 eorum
3129 1129 3311 1183 excisa
3334 1168 3348 1189 ,
3380 1126 3533 1196 ipiasi

1942 1228 2072 1280 silva
2109 1226 2315 1295 procul.
2344 1242 2363 1276 ι
2410 1222 2557 1288 ΙΙςΡς,
2591 1222 2805 1292 inquit,
2847 1221 2897 1276 iu
2932 1237 3096 1274 causa
3138 1230 3297 1273 erunt
3345 1220 3534 1276 remis.

1942 1323 2111 1378 siouis
2164 1331 2515 1389 peccatorum
2567 1316 2737 1372 Iacob
2772 1334 2785 1372 :
2816 1327 2871 1371 et
2938 1317 3131 1370 eadem
3195 1318 3263 1370 de
3332 1330 3533 1379 causa,

1942 1415 2121 1469 deleto
2151 1423 2371 1483 peceaio
2395 1411 2534 1480 ejus,
2574 1409 2881 1464 benedictio
2920 1422 3083 1474 super
3122 1407 3275 1461 illum
3331 1407 3534 1463 veniet.

1940 1506 2074 1562 Nam
2094 1510 2163 1563 ob
2187 1509 2418 1561 tiliorum
2450 1507 2889 1576 procreationem
2923 1504 3257 1569 servabitur,
3283 1505 3326 1557 si
3354 1514 3532 1558 tamen

1942 1598 2015 1652 illi
2050 1601 2344 1652 manserint
2389 1598 2442 1651 in
2490 1597 2627 1661 fide,
2676 1597 2971 1650 dilectione
3002 1609 3057 1650 et
3090 1598 3534 1652 sanctiﬁcatione

1939 1704 2061 1742 cum
2096 1690 2481 1759 temperantia,
2514 1674 2811 1743 secundum
2839 1690 3157 1758 Apostolum
3195 1708 3209 1743 :
3245 1707 3309 1744 ac
3340 1706 3533 1746 consc-

1904 1790 2111 1848 ‘tpteus
2163 1791 2247 1834 est
2286 1779 2548 1835 Jaciibnm
2602 1780 2741 1834 lilios
2796 1799 2814 1832 ι
2842 1782 3265 1850 germinantem,
3304 1804 3322 1837 ι
3372 1795 3427 1837 et
3473 1786 3525 1839 in

234 1880 542 1951 στήσαντα,
574 1899 592 1931 ι
621 1880 827 1933 καὶτὸν
853 1880 1091 1934 τοιοῦτον
1116 1881 1325 1953 καρπὸν
1361 1900 1378 1931 ι
1416 1881 1783 1953 ἐξανθήσαντα
1808 1902 1825 1933 ι

1935 1872 2210 1941 copiosum
2258 1874 2500 1927 lructum
2558 1891 2577 1924 ι
2610 1873 3075 1939 emorcscentent,
3106 1894 3124 1929 ι
3168 1877 3237 1931 ob
3289 1878 3526 1931 ﬁliorum

230 1970 320 2024 διὰ
358 1971 469 2041 τῆς
508 1971 715 2025 τούτων
761 1972 964 2043 ἀρετῆς
996 1973 1325 2043 κοινωνῆσαι
1369 1974 1546 2026 αύτῶν
1587 1977 1650 2045 τῇ
1682 1975 1834 2027 εὐλο-

231 2061 349 2132 γία.
384 2062 658 2132 Σημαίνει
690 2063 747 2115 δὲ
785 2064 813 2116 ὁ
846 2061 1002 2131 λόγος
1035 2064 1260 2129 πολλοὺς
1300 2064 1389 2117 διὰ
1415 2065 1515 2134 τῆς
1546 2065 1832 2119 ἀποστολι-

230 2153 337 2222 κῆς
367 2154 597 2224 χάριτος
630 2156 724 2209 καὶ
748 2154 858 2208 τῶν
884 2155 1024 2209 κατά
1056 2156 1235 2227 σάρκα
1264 2156 1622 2226 γειτνιώντων
1651 2159 1833 2223 αὐτοῖς

232 2244 606 2318 σωθήσεσθαι.

305 2363 325 2396 ι
360 2344 442 2398 Τὸ
471 2341 897 2412 κατοικούμενον
939 2342 1188 2413 ποίμνιον
1228 2342 1510 2414 ἀνειμένον
1548 2342 1719 2405 ἔσται,
1756 2342 1833 2407 ὼς

230 2437 491 2508 ποίμνιον
524 2432 1039 2505 καταλελειμμένον.
1078 2435 1187 2487 Καὶ
1237 2433 1387 2487 ἔσται
1424 2434 1591 2488 πολὺν
1641 2435 1830 2507 χρόνον

228 2531 307 2592 είς
372 2527 654 2599 βόσκημα.
715 2528 809 2580 καὶ
866 2528 984 2579 ἐκεῖ
1041 2526 1450 2580 ἀναπαύσονται
1500 2528 1746 2598 ποίμνια.
1806 2546 1824 2578 ι

239 2619 401 2673 Ἐπεὶ
466 2619 543 2690 μὴ
600 2618 974 2689 ἐϐουλήθησαν
1006 2618 1097 2671 τὸν
1136 2619 1297 2672 καλὸν
1338 2619 1570 2689 ποιμένα
1600 2619 1831 2691 παραδέ-

225 2712 453 2779 ξασθαι,
495 2712 589 2766 τὸν
616 2711 776 2765 θέντα
806 2711 904 2782 τὴν
943 2712 1136 2764 ἑαυτοῦ
1166 2711 1343 2782 ψυχὴν
1371 2713 1510 2784 ὑπὲρ
1543 2711 1650 2765 τῶν
1692 2730 1827 2783 προ·

225 2805 443 2858 δάτων·
476 2804 669 2875 διόπερ
699 2805 731 2874 ή
763 2802 920 2874 χώρα
941 2803 1043 2873 τῆς
1072 2803 1247 2874 ψυχῆς
1273 2804 1451 2858 αὐτῶν
1479 2805 1631 2858 ἔσται
1660 2805 1828 2859 πολὺν

225 2897 422 2967 χρόνον
456 2896 539 2958 εἰς
572 2894 844 2965 βόσκημα,
879 2893 953 2957 ὼς
1002 2894 1341 2965 πληροῦσθαι
1382 2898 1463 2959 είς
1509 2897 1705 2960 αὐτοὺς
1744 2896 1825 2959 τὸ,

229 3011 247 3039 σ
286 2989 601 3059 ἐλυμήνατο
642 2989 813 3059 αὐτὴν
849 2983 912 3052 ὗς
949 2990 1012 3042 ἐκ
1041 2988 1271 3063 δρυμοῦ,
1296 2989 1391 3043 καὶ
1429 2988 1609 3060 μονιὺς
1640 2990 1827 3058 ἄγριος

225 3098 423 3135 κατενε
434 3081 650 3151 μήσατο
677 3082 870 3153 αὐτὴν.
888 3103 906 3135 ›

298 3195 316 3226 ι
350 3176 467 3229 Καὶ
505 3174 645 3245 μετὰ
692 3176 884 3247 χρόνον
909 3177 1009 3230 ούκ
1039 3175 1191 3230 ἔσται
1225 3176 1283 3229 ἐν
1312 3175 1448 3246 αὐτῇ
1478 3176 1585 3228 πᾶν
1618 3171 1824 3246 χλωρὸν

221 3267 310 3321 διὰ
342 3268 407 3320 τὸ
430 3266 786 3337 ξηρανθῖγιαι.
821 3286 838 3319 ι
867 3298 933 3308 -
956 3287 973 3319 ι
999 3268 1165 3330 Ἐκεῖ,
1200 3268 1383 3336 φησὶν,
1410 3266 1820 3321 ἀναπαύσονται

224 3359 294 3415 τὰ
320 3359 577 3431 ποίμνια,
616 3379 632 3411 ι
672 3359 829 3430 δῆλον
854 3359 910 3414 δὲ
942 3361 1023 3413 ὅτι
1068 3362 1115 3413 οί
1153 3359 1581 3423 καταϐόσκοντες
1609 3361 1702 3413 καὶ
1734 3358 1825 3412 λυοι

227 3455 549 3523 μαινόμενοι
593 3453 781 3523 αὐτὴν.
821 3453 913 3515 Εἰς
945 3453 1212 3521 τοσαύτην
1258 3452 1315 3505 δὲ
1354 3453 1823 3523 περιτραπήσεται

221 3544 490 3617 ἐρημίαν,
545 3543 621 3608 ὡς
674 3543 841 3613 μηδὲν
883 3544 1093 3614 χλωρὸν
1137 3546 1193 3598 ὲν
1243 3545 1379 3616 αὐτῇ
1422 3542 1700 3615 ὑπάρξαιο
1745 3543 1824 3597 διὸ

223 3636 481 3690 λέλεκται
500 3653 514 3667 ο
549 3656 567 3684 α
594 3637 701 3689 Καὶ
721 3638 820 3690 ούκ
856 3636 1008 3689 ἔσται
1034 3637 1090 3688 ὲν
1130 3636 1279 3707 αὐτῷ
1309 3637 1536 3708 χλωρόν.
1563 3637 1822 3700 Γυναῖκες

224 3731 521 3801 ἐρχόμεναι
550 3729 672 3783 ἀπὸ
711 3730 858 3794 θέας,
898 3729 1072 3783 δεύτεο
1103 3730 1164 3783 ού
1194 3730 1302 3801 γὰρ
1345 3730 1472 3794 λαός
1506 3733 1651 3783 ἐστιν
1684 3729 1822 3799 ἔχων

226 3821 467 3876 σύνεσιν.
511 3841 529 3873 ι
569 3822 836 3886 Γυναῖκας
873 3822 1243 3883 ἀνακαλεῖται,
1278 3822 1354 3884 ὡς
1383 3821 1594 3891 ἀνδρῶν
1632 3821 1705 3891 μὴ
1736 3821 1823 3874 εὑ-

227 3914 572 3987 ρισκομένων
610 3914 666 3965 ἐν
696 3914 877 3977 αὐτοῖς
914 3913 1079 3979 ἀξίων
1113 3912 1407 3984 σωτηρίας.
1450 3913 1541 3966 Διὸ
1576 3915 1693 3976 ταῖς
1726 3930 1822 3981 γυ-

224 4008 372 4074 ναιξὶ
407 4006 845 4079 παρακελεύεται
886 4005 1139 4059 σπεύδειν
1178 4007 1271 4059 καὶ
1304 4007 1459 4075 ἥκειν
1492 4008 1573 4071 εἰς
1610 4022 1821 4077 μαρτυ-

225 4098 351 4171 ρίαν
373 4098 484 4152 ἀπδ
507 4098 633 4161 θέας
661 4096 769 4151 τῶν
799 4097 1116 4168 παραδόξων
1143 4097 1235 4150 καὶ
1263 4095 1581 4168 θαυμασίων
1614 4096 1818 4169 ἔργων.

220 4191 300 4254 ὡς
341 4190 407 4244 ἂν
435 4189 687 4244 ἐλθοῦσαι
734 4190 1028 4260 φωτίσαιεν
1066 4189 1157 4242 τὸν
1191 4191 1248 4242 ὲν
1300 4189 1475 4260 σκότῳ
1512 4189 1821 4261 καθήμενον

223 4281 351 4337 λαὸν
381 4284 475 4337 καὶ
512 4283 610 4352 τὴν
648 4282 800 4336 πόλιν
829 4282 1009 4335 αὐτῶν
1048 4283 1149 4354 τὴν
1183 4282 1510 4354 ἀφειμένην.
1545 4282 1637 4335 Διὸ
1676 4281 1821 4335 κατὰ

222 4376 317 4429 τὸν
344 4375 578 4428 Ἀκύλαν
607 4376 823 4448 εἴρηται
843 4393 856 4405 ·
892 4395 909 4425 t
949 4376 1209 4438 Γυναῖκες
1242 4374 1530 4444 ἐρχόμεναι
1558 4373 1822 4442 φωτίζου-

224 4487 314 4523 σιν
332 4470 503 4539 αύτήν
526 4486 539 4499 ·
564 4488 582 4521 ι
618 4469 758 4521 κατά
787 4468 843 4522 δὲ
871 4468 962 4521 τὸν
988 4467 1301 4539 Σύμμαχον,
1329 4485 1345 4515 t
1371 4467 1629 4530 Γυναῖκες
1660 4466 1818 4538 ἐρχό-

1938 1965 2187 2019 virtutem
2230 1961 2282 2017 in
2318 1976 2526 2034 partem
2561 1966 2959 2021 benedictionis
2993 1968 3199 2022 venire.
3245 1968 3524 2025 Iudicatur

1936 2068 2113 2112 autem
2145 2059 2344 2113 inultos
2377 2060 2850 2129 perapostolicam
2898 2061 3152 2129 gratiam,
3201 2070 3257 2115 et
3298 2076 3393 2128 per
3430 2076 3525 2116 eos

1935 2152 2022 2218 qui
2070 2152 2198 2221 ipsis
2225 2167 2392 2207 carne
2447 2153 2735 2223 propinqui
2779 2162 2929 2217 sunt,
2966 2151 3196 2207 salutem
3248 2168 3521 2208 consecu-

1936 2253 2086 2297 turos
2113 2260 2253 2299 esse.

2006 2334 2171 2390 Vens.
2232 2338 2315 2392 l0.
2390 2355 2409 2389 ι
2448 2337 2765 2392 llabitatum
2828 2335 2969 2389 ovile
3028 2337 3312 2390 remissum
3379 2337 3520 2406 erit,

1934 2430 2076 2484 sicut
2117 2429 2257 2483 ovile
2297 2430 2638 2485 ilerelirtunt.
2676 2430 2742 2484 Et
2782 2430 2884 2484 eiit
2937 2429 3108 2482 multo
3171 2440 3415 2499 tempore
3466 2430 3520 2486 in

1933 2537 2149 2590 pascua,
2201 2532 2253 2575 el
2296 2524 2367 2575 ibi
2420 2522 2765 2590 reipiiescent
2822 2537 3077 2591 gregem:
3135 2520 3273 2589 Quia
3321 2522 3520 2578 bonum

1934 2612 2079 2666 illum
2134 2622 2403 2682 pastorem
2461 2616 2712 2683 ai-cipere
2772 2614 3097 2689 noluerunt,
3134 2616 3224 2683 apii
3278 2617 3518 2670 animam

1930 2720 2088 2758 suam
2144 2709 2323 2775 posuit
2378 2722 2475 2775 pro
2520 2708 2717 2761 ovilms
2751 2707 2901 2768 suis;
2968 2706 3088 2761 ideo
3142 2723 3274 2775 ager
3322 2708 3517 2762 animae

1930 2811 2119 2851 eorum
2157 2798 2314 2867 longo
2364 2809 2609 2869 tempore
2659 2800 2711 2853 in
2754 2800 3011 2868 pabulum
3051 2800 3191 2865 erit;
3240 2800 3311 2853 ita
3357 2812 3416 2855 ut
3465 2802 3518 2856 in

1932 2890 2065 2960 ipsis
2111 2892 2401 2963 impleatur
2455 2896 2559 2947 hoc
2616 2894 2842 2956 dicttnn,
2909 2891 3340 2945 «exterminavit
3397 2909 3517 2946 eam

1929 3000 2061 3053 aper
2110 2987 2176 3039 de
2225 2986 2394 3052 silva,
2469 2996 2525 3041 et
2580 2986 2875 3057 singularis
2921 2984 3075 3040 ferus
3126 2985 3389 3056 depastus
3434 2994 3520 3041 est

1930 3090 2047 3129 eam
2079 3076 2145 3130 ⁸⁸.
2174 3096 2193 3128 ι

2003 3167 2162 3222 Vens.
2205 3168 2294 3224 ll.
2340 3188 2359 3220 ι
2388 3168 2454 3223 Ει
2495 3179 2614 3239 post
2644 3180 2856 3239 tempus
2885 3187 2991 3226 non
3026 3172 3129 3227 erit
3156 3171 3210 3227 in
3242 3188 3304 3229 ea
3337 3187 3511 3229 omne

1932 3262 2121 3327 viride,
2150 3278 2214 3316 eo
2237 3262 2377 3331 quod
2404 3264 2678 3318 exsiccata
2703 3264 2793 3320 sit.
2826 3284 2844 3317 ι
2873 3294 2943 3306 --
2965 3264 3128 3328 «Illic,
3162 3266 3257 3327 ait.
3304 3266 3515 3333 requie-

1928 3370 2083 3412 scent
2111 3374 2323 3429 greges.
2355 3379 2373 3408 ι
2408 3360 2442 3413 ii
2472 3360 2727 3414 videlicet
2767 3361 2858 3429 qui
2907 3362 3079 3427 ipsam
3127 3365 3423 3431 depaSeunt
3460 3373 3516 3417 et

1926 3452 2313 3507 exterminant.
2346 3451 2399 3506 In
2430 3462 2634 3507 tantant
2669 3468 2831 3520 porro
2873 3456 3184 3509 vastitatem
3228 3455 3503 3520 deveniet,

1926 3552 1983 3595 ut
2035 3542 2283 3598 ﬂoridum
2334 3545 2466 3599 nihil
2509 3545 2562 3600 in
2612 3545 2698 3598 illa
2770 3547 3056 3614 Supersit:
3093 3562 3263 3616 quare
3313 3544 3517 3601 dieitur

1932 3654 1951 3687 ι
1980 3634 2046 3688 Et
2077 3652 2180 3690 nou
2214 3638 2316 3693 erit
2347 3639 2399 3693 in
2446 3639 2532 3691 illa
2576 3638 2768 3692 viride.
2830 3638 3084 3695 Mulieres
3146 3639 3427 3694 venientes
3472 3655 3504 3695 a

1925 3729 2252 3795 spectaculo,
2279 3732 2461 3784 adeste
2484 3748 2498 3787 :
2525 3746 2630 3784 non
2658 3732 2804 3786 enim
2829 3740 2914 3786 est
2935 3732 3164 3800 populus
3188 3734 3278 3800 qui
3309 3732 3511 3787 habeat

1927 3820 2356 3887 intelligentiam.
2394 3840 2412 3874 ι
2475 3821 2726 3877 Mulieres
2767 3832 2981 3885 evocat,
3014 3839 3079 3878 ac
3129 3824 3173 3878 si
3220 3825 3360 3878 inter
3406 3839 3501 3878 eos

1926 3914 2025 3967 viri
2054 3929 2155 3967 non
2184 3914 2529 3983 reperiantur
2565 3916 2741 3970 salute
2772 3916 2937 3983 digni.
2976 3914 3338 3982 Quamobrem
3384 3931 3506 3969 niu-

1930 4006 2086 4062 lieres
2116 4017 2392 4062 maturare
2417 4009 2591 4076 jubet,
2637 4019 2693 4062 et
2729 4009 2996 4063 accedere
3026 4009 3094 4060 ad
3130 4005 3505 4061 testimonium

1926 4099 1991 4153 de
2019 4100 2361 4155 mirabilibus
2405 4101 2513 4154 illis
2541 4109 2597 4154 et
2643 4100 2977 4169 prodigiosis
3026 4101 3286 4169 operibus
3329 4100 3511 4153 feren-

1926 4192 2088 4255 dum;
2166 4200 2224 4245 ut
2287 4192 2611 4246 accedentes
2677 4191 2783 4245 ilbe
2846 4190 3101 4259 populum
3154 4190 3205 4245 in
3267 4189 3510 4244 tenebris

1925 4283 2221 4345 sedentem,
2270 4292 2325 4336 et
2369 4298 2558 4337 eormn
2606 4284 2795 4337 urbem
2832 4282 3151 4337 derelictam
3201 4280 3500 4336 illustrent.

1925 4374 2105 4441 Quare
2130 4374 2424 4429 secundum
2443 4375 2695 4443 Aquilam
2720 4374 2944 4438 dicitur,
2977 4375 3221 4429 mulieres
3250 4376 3509 4429 venientes

1922 4466 2222 4519 illuminant
2247 4484 2400 4532 eam;
2436 4469 2732 4523 secundum
2777 4467 3165 4537 Symmachum
3208 4483 3359 4535 vero,
3388 4484 3509 4522 tmt-

230 4577 389 4631 μεναι
424 4560 518 4613 καὶ
564 4560 819 4630 δηλούσαι
852 4561 1044 4631 αὑτήν.
1086 4580 1103 4609 ι
1150 4559 1283 4612 Τίνα
1317 4558 1373 4612 δὲ
1412 4560 1600 4631 αὐτὴν,
1648 4559 1680 4629 ἦ
1720 4559 1818 4630 τὴν

1934 4558 2074 4611 'ieres
2099 4560 2360 4613 venientes
2385 4570 2432 4613 et
2470 4561 2762 4613 indicantes
2782 4577 2918 4615 eam.
2948 4559 3081 4615 Eam
3114 4576 3269 4625 vero,
3308 4577 3500 4629 quam,

226 4651 489 4724 ἀνωτέρω
517 4652 797 4722 λεχθεῖσαν
849 4652 1036 4715 πόλιν;
1070 4652 1197 4723 περὶ
1242 4646 1309 4724 ἧς
1341 4651 1546 4722 εἴρητο·
1605 4670 1622 4701 t
1657 4652 1816 4715 Πόλις

226 4746 336 4816 γὰρ
368 4744 705 4817 ὠχυρωμένη
736 4744 938 4815 ἠλμόνη
968 4744 1124 4815 καλὴ,
1156 4746 1249 4797 καὶ
1282 4746 1497 4813 ἀφεῖται
1530 4745 1623 4797 καὶ
1651 4746 1816 4811 ἐγκα-

226 4838 573 4893 ταλέλειπται
606 4838 681 4899 ὡς
712 4836 935 4908 ἔρημος.
980 4857 996 4889 ι
1031 4837 1214 4889 Ταῦτα
1251 4836 1309 4889 δὲ
1343 4835 1649 4907 ἐπληροῦτο
1678 4836 1815 4906 πρὸς

224 4929 369 4995 λέξιν
398 4930 493 4981 καὶ
524 4927 660 4997 πρὸς
688 4927 927 4998 ἱστορίαν
955 4928 1097 4981 κατά
1121 4927 1219 4999 τὴν
1247 4926 1339 4979 τοῦ
1374 4926 1624 4997 Σωτῆρος
1658 4925 1812 4996 ἡμῶν

225 5022 542 5084 ἀνάστασιν,
580 5022 637 5073 ὲν
676 5014 740 5086 ᾧ,
790 5020 931 5074 κατά
969 5022 1065 5091 μὲν
1108 5020 1198 5072 τὸν
1232 5019 1528 5081 Ματθαῖον,
1579 5038 1596 5069 ι
1631 5015 1811 5072 ἹΙσαν

222 5115 338 5167 ἐκεῖ
364 5116 621 5181 γυναῖκες
650 5112 841 5165 πολλαὶ
866 5111 973 5165 ἀπὸ
1004 5110 1220 5183 μακρὰν
1254 5109 1573 5181 θεωροῦσαι,
1609 5109 1812 5174 αἵτινες

223 5205 598 5275 ἠκολούθησαν
648 5204 796 5275 αὐτῷ
835 5206 941 5258 ἀπὸ
989 5204 1088 5274 τῆς
1134 5202 1423 5265 Γαλιλαίας
1468 5202 1810 5260 διακονοῦσαι

223 5296 386 5367 αὐτῷ’
425 5298 483 5349 ἐν
523 5291 611 5360 αἷς
650 5292 718 5367 ἦν
754 5296 943 5368 Μαρία
990 5298 1024 5367 ἡ
1068 5294 1424 5365 Μαγδαληνὴ,
1477 5294 1572 5348 καὶ
1622 5296 1810 5365 Μαρία

233 5385 512 5450 Ἰακώϐου,
538 5390 635 5442 καὶ
670 5390 827 5459 Ἰωσῆ
875 5390 1077 5459 μήτηρ,
1118 5388 1212 5441 καὶ
1241 5390 1272 5458 ή
1310 5388 1492 5458 μήτηρ
1527 5388 1635 5439 τῶν
1677 5387 1809 5440 υἱῶν

224 5477 540 5531 Ζεϐεδαίου·
584 5497 601 5528 ι
644 5476 788 5530 κατὰ
811 5476 867 5531 δὲ
905 5478 996 5530 τὸν
1035 5478 1284 5531 Λουκᾶν⁹
1334 5496 1351 5528 ι
1386 5474 1809 5547 Κατακολουθή-

227 5584 385 5623 σασαι
417 5569 475 5624 δὲ
519 5569 777 5639 γυναῖκές
809 5585 956 5633 τινες
984 5564 1146 5641 ἦσαν,
1164 5569 1579 5640 συνεληλυθυῖαι
1614 5570 1679 5621 ἐκ
1709 5569 1810 5638 τῆς

224 5660 511 5727 Γαλιλαίας
543 5661 713 5733 αὐτῷ,
753 5680 772 5713 ι
804 5660 901 5716 καὶ
933 5661 1000 5714 τὰ
1029 5660 1175 5730 ἑξῆς.
1202 5680 1220 5711 ι
1265 5661 1363 5715 Διά
1413 5660 1570 5715 τοῦτο
1616 5662 1677 5714 ού
1732 5661 1806 5733 μὴ

296 5842 335 5871 ⁹¹
378 5841 514 5897 Psal.
549 5855 735 5907 Lxxix,
765 5842 849 5897 Η.
929 5842 974 5872 ’⁸
1006 5838 1194 5895 Matth.
1230 5854 1397 5903 xxm.
1430 5839 1516 5893 55.

1926 4650 2025 4704 nisi
2067 4666 2228 4719 supra
2288 4664 2643 4707 memoratam
2690 4653 2968 4707 civitatem
3017 4652 3087 4708 de
3138 4668 3245 4723 qua
3302 4655 3505 4709 dictum

1921 4750 2025 4804 est,
2062 4759 2081 4793 t
2105 4742 2312 4799 Civitas
2335 4744 2479 4799 enim
2515 4746 2719 4798 munita
2749 4745 2861 4799 sola
2893 4744 3119 4813 pulchra
3139 4785 3154 4804 .
3190 4756 3245 4799 et
3275 4744 3502 4799 dimitti-

1924 4842 2009 4885 tur
2066 4843 2121 4886 et
2160 4834 2431 4889 deseritur
2468 4844 2728 4903 tanquam
2781 4834 3055 4889 solitudo?
3085 4854 3104 4887 ι
3160 4834 3284 4891 llaec
3319 4846 3498 4888 autem

1920 4924 2215 4977 secundum
2269 4924 2504 4980 litteram
2552 4934 2609 4979 et
2652 4924 2939 4979 historiam
2982 4925 3204 4994 impleta
3260 4935 3388 4979 snut
3444 4926 3495 4978 in

1922 5015 2227 5073 Servatoris
2294 5018 2461 5072 nostri
2529 5018 2985 5080 resurrectione.
3047 5031 3157 5085 quo
3225 5024 3501 5085 tempore,

1918 5111 2215 5166 secundum
2246 5109 2589 5175 Mattbatum,
2641 5127 2665 5164 ¢
2694 5111 2859 5165 Erant
2894 5111 2964 5164 ilii
3013 5109 3271 5164 mulieres
3314 5107 3499 5162 multa:

1922 5202 2133 5270 alonge
2182 5204 2564 5270 respicientes,
2616 5218 2741 5273 qua:
2780 5212 2978 5257 secntze
3031 5200 3247 5254 fuerant
3291 5214 3417 5253 eum
3469 5215 3499 5252 a

1918 5293 2174 5356 Galilzea,
2230 5294 2604 5349 ministrantes
2643 5295 2737 5348 ei:
2772 5296 2915 5347 inter
2959 5303 3100 5361 quas
3151 5299 3271 5346 crat
3329 5288 3498 5343 Maria

1920 5384 2254 5452 Magdalene,
2277 5396 2331 5439 et
2355 5384 2517 5439 Maria
2545 5383 2756 5450 Jacobi,
2783 5396 2836 5440 et
2863 5382 2987 5440 .lose
3014 5391 3213 5443 mater.
3244 5391 3300 5435 et
3326 5390 3500 5433 mater

1920 5476 2149 5531 filiorum
2203 5476 2446 5532 Zebedaei
2501 5478 2585 5543 ";
2622 5497 2642 5533 ι
2710 5476 3007 5561 secundpm
3072 5475 3275 5531 Lucam
3340 5489 3496 5540 vero,

1918 5567 2218 5623 subsecutae
2263 5578 2442 5624 autem
2490 5570 2747 5623 mulieres
2777 5566 3048 5637 quaedam.
3100 5582 3221 5639 qua:
3257 5583 3381 5624 cum
3431 5580 3500 5624 eo

1917 5670 2178 5715 venerant
2236 5661 2300 5718 de
2356 5660 2577 5719 Galilaea
2616 5662 2693 5735 p”,
2724 5679 2743 5713 ι
2796 5672 2905 5717 etc.
2971 5680 2989 5714 ι
3022 5660 3317 5734 Ρτονιοι-οιι
3386 5675 3493 5719 non

1598 5839 1643 5872 "
1673 5836 1804 5893 Luc.
1850 5854 2007 5901 xxiii.
2044 5839 2133 5895 εδ.
