3984 6518
510 401 618 456 283

1219 393 1486 451 EUSEBII
1527 393 2006 451 CASSARIENSIS
2043 395 2079 450 Ο

2186 436 2195 450 .
2235 393 2415 449 rans
2453 393 2541 449 ιιι.
2579 351 2658 436 -’
2687 378 3109 448 EXEGETICA.

3673 388 3780 440 284

512 515 880 580 miserebitur,
907 515 994 585 qui
1025 510 1151 569 fecit
1187 529 1304 580 eos,
1335 523 1393 570 et
1425 514 1515 585 qui
1554 513 1809 570 formavit
1843 532 1939 572 eos
1984 533 2079 572 non

2193 516 2509 588 οἰκτειρήσῖι
2552 518 2580 568 ὀ
2613 515 2844 584 ποιήσας
2873 513 3090 575 αὐτοὺς.
3116 511 3238 564 eos:
3269 512 3298 563 ό
3331 509 3538 572 πλάσας
3579 509 3813 605 αὖτοὺςξ
3849 542 3852 546 .

511 608 877 664 miserebitur.
904 625 922 660 ι
957 606 1368 678 Ilissignitlcari
1399 607 1637 662 arbitror
1658 608 1856 662 bellum
1884 607 2102 666 Iudaeis

465 755 468 758 .
509 699 566 756 in
588 699 998 755 Palmstinorum
1027 711 1207 772 gente,
1227 700 1571 771 posteditum
1597 713 1793 757 contra
1815 702 2088 758 Christum

507 791 742 856 facinus,
771 791 1001 845 illatum.

580 879 747 935 Vsus.
789 881 876 936 12.
926 899 944 932 ι
975 881 1040 936 Ει
1075 882 1182 936 erit
1213 879 1267 937 in
1305 882 1392 938 die
1417 883 1504 939 illa
1525 925 1540 950 ,
1569 885 1855 941 concludet
1884 885 2024 941 Deus
2057 903 2088 942 a

508 969 652 1026 fossa
683 970 944 1038 ﬂuminis,
967 987 1142 1042 usque
1167 973 1234 1026 ad
1259 972 1716 1030 Rhinocoruram.
1752 975 1862 1030 Vos
1905 988 2086 1032 autem

506 1073 836 1134 congregate
863 1064 1144 1133 sigillatitn
1189 1064 1329 1120 filios
1376 1065 1560 1121 Israel.
1591 1087 1611 1120 ι
1647 1066 1741 1122 Est
1787 1068 1888 1123 hoc
1936 1069 2089 1139 Oppi.

503 1153 632 1209 dum
668 1154 734 1208 ad
779 1165 1019 1212 montem
1080 1156 1225 1210 inter
1275 1156 1571 1228 [Egyptum
1622 1168 1677 1213 et
1738 1158 2085 1215 Palaestinam

503 1247 688 1302 situm.
716 1246 1060 1319 Quapropter
1097 1251 1396 1305 secundum
1445 1251 1685 1322 reliquos
1729 1252 2085 1323 interpretes,

508 1353 530 1388 ι
567 1335 710 1389 intra
781 1345 1079 1392 torrentem
1139 1335 1441 1410 Egyptiﬁ
1497 1341 1704 1394 dictum
1756 1351 1862 1396 est.
1919 1342 2084 1411 Queis

502 1427 904 1495 subiudicatur,
944 1437 1004 1483 ut
1043 1427 1168 1500 .jam
1198 1423 1334 1495 dixi,
1386 1431 1587 1486 bellum
1628 1430 1831 1488 Iudaeis
1877 1435 1931 1490 in
1979 1433 2084 1490 Pa-

509 1519 848 1574 imstiuorum‘
877 1530 1037 1591 gente
1066 1521 1280 1592 positis,
1315 1521 1679 1578 inferendum.

575 1607 738 1668 Vens.
783 1611 870 1666 13.
915 1631 936 1666 ε
967 1613 1032 1668 Et
1077 1613 1184 1668 erit
1245 1614 1300 1668 in
1351 1615 1438 1669 die
1469 1615 1594 1679 illa,
1645 1616 1901 1684 clangent
1955 1618 2081 1673 tuha

503 1715 720 1771 magna,
745 1712 801 1758 et
835 1705 1056 1759 venient
1081 1706 1171 1775 qui
1200 1705 1475 1776 perierant
1501 1708 1554 1761 in
1586 1709 1809 1778 regione
1837 1711 2084 1781 Assyriu-

502 1810 648 1859 rum,
697 1804 752 1849 et
794 1797 885 1865 qui
918 1797 1201 1865 perierant
1245 1798 1300 1852 in
1351 1797 1586 1870 Egypto
1622 1814 1637 1853 :
1669 1811 1725 1856 et
1773 1803 2083 1857 adorabunt

2191 609 2254 661 οὑ
2294 609 2368 678 μὴ
2405 607 2618 680 ἐλεήσῃ.
2661 625 2678 658 ι
2732 600 2900 675 Οἶμαι
2931 603 2988 656 δὲ
3028 602 3114 656 διὰ
3151 601 3357 655 τούτων
3414 605 3779 670 σημαινεσθαι

2190 701 2283 752 τὸν
2312 699 2609 753 ἐπελθόντα
2647 701 2758 762 τοῖς
2806 697 3074 760 Ἰουδαίοις
3119 695 3352 767 πόλεμον
3391 693 3532 748 κατά
3563 694 3625 746 τὸ
3666 694 3780 746 Πα-

2189 792 2478 845 λαιστίνων
2508 789 2678 853 ἔθνος,
2716 789 2852 861 μετά
2877 790 2976 860 τὴν
3010 788 3151 842 κατὰ
3176 787 3410 859 Χριστοῦ
3439 786 3666 858 τόλμαν.

2267 904 2284 936 ι
2323 886 2433 938 Καὶ
2459 883 2612 936 ἔσται
2641 884 2695 934 ὲν
2722 884 2787 952 τῇ
2811 883 2993 953 ἡμέρᾳ
3021 881 3224 952 ἐκείνῃ,
3260 877 3564 950 συμφράξει
3593 879 3621 931 ό
3643 877 3782 943 Θεὸς

2190 976 2300 1030 ἀπὸ
2330 976 2431 1046 τῆς
2463 974 2729 1047 διώρυγος
2759 973 2853 1026 τοῦ
2901 972 3146 1044 ποταμοῦ
3181 973 3285 1035 ἓως
3325 971 3776 1042 Ῥινοκορούρων.

2201 1065 2390 1136 Ὑμεῖς
2413 1065 2470 1118 δὲ
2493 1065 2827 1133 συναγάγετε
2858 1065 2997 1117 κατὰ
3029 1065 3119 1117 ἕνα
3155 1064 3280 1126 τοὺς
3301 1064 3451 1126 υἱοὺς
3485 1061 3720 1133 Ἰσραήλ.
3753 1079 3775 1114 ι

2189 1143 2351 1220 Πόλις
2377 1158 2434 1209 δὲ
2466 1157 2601 1228 αὕτη
2651 1158 2798 1210 ἐστὶν
2829 1157 2972 1226 ἀμφὶ
3003 1155 3097 1209 τοῦ
3125 1155 3284 1227 ὅρους
3309 1153 3403 1207 τοῦ
3433 1154 3636 1225 μεταξὺ
3675 1153 3780 1224 τῆς

2188 1248 2466 1317 Αἰγύπτου
2514 1250 2607 1301 καὶ
2655 1248 2755 1318 τῆς
2796 1245 3160 1315 Παλαιστίνης
3199 1245 3448 1316 κειμένη.
3491 1244 3582 1298 Διὸ
3632 1243 3780 1298 κατὰ

2187 1343 2312 1404 τοὺς
2357 1341 2574 1404 λοιποὺς
2617 1338 2975 1411 ὲρμηνευτάς,
3024 1357 3042 1389 ι
3081 1336 3188 1390 ἔσω
3216 1337 3309 1390 τοῦ
3346 1336 3649 1408 χειμάρρου
3685 1336 3781 1389 Αι-

2186 1432 2416 1500 γύπτου,
2454 1451 2471 1483 ι
2504 1431 2748 1502 εἴρηται⁸
2784 1429 3179 1501 αἰνιττομένου,
3211 1428 3287 1492 ὼς
3313 1428 3467 1500 ἔφην,
3494 1427 3589 1482 τοῦ
3613 1428 3779 1496 λόγου

2185 1524 2277 1576 τὸν
2317 1523 2678 1594 γενησόμενον
2708 1521 2848 1576 κατά
2902 1519 3168 1575 Ἰουδαίων
3203 1519 3436 1590 πόλεμον
3469 1520 3525 1571 ἐν
3559 1517 3638 1588 τῷ
3667 1517 3782 1570 Πα-

2189 1611 2476 1666 λαιστίνων
2517 1613 2679 1668 ἔθνει.
2721 1630 2739 1663 ι
2788 1612 2898 1664 Καὶ
2942 1610 3092 1664 ἔσται
3136 1612 3192 1664 ὲν
3226 1614 3289 1682 τῇ
3335 1609 3518 1683 ἡμέρᾳ
3563 1610 3776 1682 ἐκείνῃ,

2189 1702 2479 1756 σαλπιοῦσι
2506 1705 2573 1774 τῇ
2628 1702 2888 1772 σάλπιγγι
2933 1705 3000 1774 τῇ
3052 1699 3284 1773 μεγάλη,
3328 1701 3423 1755 καὶ
3462 1700 3684 1771 ἥξουσιν
3725 1702 3778 1755 οἱ

2185 1797 2512 1866 ἀπολόμενοι
2559 1797 2615 1848 ὲν
2647 1797 2713 1866 τῇ
2750 1793 2905 1866 χώρᾳ
2932 1794 3041 1848 τῶν
3094 1793 3394 1866 Ἀσσυρίων
3431 1795 3522 1846 καλ⁵
3556 1795 3605 1846 οἱ
3639 1795 3779 1848 ἀπο-

502 1879 787 1942 Dominum
833 1899 995 1958 super
1031 1898 1269 1944 montem
1325 1901 1576 1945 sanctum
1609 1892 1662 1946 in
1694 1891 2018 1947 Jerusalem.
2056 1912 2075 1943 ι

2186 1887 2400 1960 λὸμενοι
2434 1891 2492 1941 ὲν
2537 1885 2817 1958 Αίγύπτῳο
2867 1887 2963 1940 καὶ
2996 1888 3432 1958 προσκυνήσουσι
3461 1886 3539 1956 τῷ
3583 1887 3780 1959 Κυρίῳ

502 1977 877 2046 Expetendum
903 1980 1051 2035 enim
1092 1989 1198 2045 est,
1230 1991 1287 2034 ut
1317 1981 1401 2036 vel
1429 1999 1567 2038 unus
1597 1999 1811 2048 eorum,
1842 1987 1924 2041 vel
1951 1987 2074 2049 duo,

500 2065 584 2119 vel
612 2065 817 2138 aliquot
853 2084 1022 2139 parvo
1055 2085 1285 2125 numero
1319 2087 1416 2141 per
1463 2073 1704 2145 singulas
1748 2078 1943 2143 urbes,
1988 2086 2081 2131 aut

497 2173 599 2228 per
633 2159 876 2231 singulas
896 2172 1087 2232 gentes
1115 2163 1350 2218 salutem
1398 2165 1702 2221 obtineant.
1745 2167 1856 2224 IIos
1899 2169 2084 2238 itaque

499 2251 780 2322 sigillatitu
816 2251 1145 2326 congregate
1181 2274 1196 2312 :
1231 2258 1454 2328 reliquis
1497 2276 1624 2316 vero
1663 2262 1918 2330 gentibus
1958 2265 2084 2318 tuba

501 2355 899 2414 magna'canel,
931 2363 994 2402 ac
1009 2364 1134 2403 cum
1161 2349 1401 2407 clamore
1427 2353 1704 2423 loquetur,
1734 2356 2084 2412 audientibus

499 2437 772 2492 universis
799 2438 1132 2495 hominibus.
1181 2441 1566 2514 Egyptiorum
1598 2448 1818 2502 nomine
1849 2448 2077 2503 idolola-

500 2539 614 2584 tras
651 2544 843 2586 omnes
891 2532 1127 2600 indicat;
1164 2548 1260 2602 per
1309 2539 1562 2608 Assyrios
1609 2551 1823 2603 autem,
1870 2541 2083 2598 lsraelis

499 2621 772 2686 inimicos,
796 2625 888 2695 qui
917 2623 1231 2682 Iudaeorum
1254 2630 1532 2700 regionem
1553 2631 1885 2687 obsederunt
1912 2649 1926 2686 :
1958 2650 2080 2689 nam

497 2715 826 2786 evangelica:
870 2717 1014 2774 illius
1064 2733 1193 2774 vere
1245 2735 1456 2792 magna:
1503 2725 1646 2780 tubae
1691 2724 2083 2795 prtedicatioue

499 2803 605 2862 illis
633 2807 937 2875 enuntiata,
969 2810 1060 2880 qui
1086 2812 1228 2882 apud
1259 2823 1452 2884 gentes
1488 2814 1820 2880 idololatrte,
1855 2827 1907 2872 et
1953 2817 2080 2872 olim

499 2893 707 2951 lmimici
731 2907 786 2952 et
814 2899 1002 2956 hostes
1050 2901 1366 2958 Israeliticae
1405 2904 1684 2975 religionis
1717 2916 1908 2972 erant,
1949 2922 2081 2962 con-

497 2988 644 3042 versi
689 2989 756 3042 ad
791 2989 960 3045 Deum
1001 2994 1304 3061 accedent;
1345 2995 1418 3049 ita
1468 3005 1527 3050 ut
1581 2997 1618 3051 li
1671 2997 1764 3067 qui
1809 2997 2081 3067 quondam

500 3073 768 3133 idolorum
793 3081 942 3136 cultu
974 3091 1031 3137 et
1061 3097 1251 3141 errore
1291 3086 1488 3157 perditi
1521 3096 1676 3140 erant
1698 3131 1715 3154 ,
1759 3088 2082 3155 resipiscen-

497 3177 588 3223 tcs
608 3178 662 3223 et
685 3170 750 3224 ad
783 3171 876 3226 Dei
905 3177 1274 3244 cognitionem
1306 3186 1640 3233 maturantes
1660 3221 1674 3244 ,
1718 3179 1950 3234 salutem
1985 3193 2081 3248 per

501 3259 775 3316 Christum
804 3264 1041 3321 oblatam
1067 3271 1476 3324 nanciscantur.

2188 1980 2282 2032 ἐπὶ
2309 1980 2369 2034 τὸ
2412 1980 2536 2052 ὅρος
2564 1980 2625 2031 τὸ
2666 1979 2818 2047 ἆγιον
2855 1980 2913 2032 ἐν
2970 1978 3342 2051 Ἰερουσαλήμ.
3383 1998 3401 2031 ι
3467 1979 3782 2050 Ἀγαπητδν

2187 2069 2296 2140 γὰρ
2318 2069 2380 2122 τὸ
2412 2069 2516 2121 κᾶν
2553 2069 2669 2132 ἕνα,
2701 2069 2734 2138 ἢ
2769 2068 2863 2121 καὶ
2885 2067 3154 2139 δεύτερον,
3187 2067 3278 2121 καί
3302 2085 3452 2132 τινας
3480 2068 3780 2142 εὐαριθμή·

2185 2179 2311 2225 τους
2335 2160 2394 2225 ἐξ
2418 2159 2598 2214 αὐτῶν
2625 2161 2745 2214 καθ’
2777 2162 3012 2231 ἑκάστην
3036 2161 3188 2214 πόλιν
3213 2161 3245 2233 ἢ
3270 2162 3364 2214 καὶ
3391 2160 3513 2214 καθ’
3539 2161 3780 2217 ἕκαστον

2185 2254 2337 2318 ἔθνος
2370 2254 2657 2319 σώζεσθαι.
2690 2254 2926 2319 Τούτους
2959 2254 3056 2326 μὲν
3097 2251 3190 2309 οὖν
3238 2255 3378 2308 κατὰ
3410 2255 3506 2308 ἕνα
3539 2257 3780 2326 συναγά-

2185 2364 2340 2415 γετε·
2376 2351 2488 2411 τοῖς
2521 2349 2577 2400 δὲ
2617 2348 2824 2412 λοιποῖς
2865 2348 3042 2402 ἔθνεσι
3086 2347 3346 2417 σάλπιγγι
3379 2349 3628 2402 σαλπίσει
3680 2365 3779 2420 μευ

2182 2441 2346 2511 γάλῃ,
2389 2439 2481 2493 τοῦ
2516 2440 2673 2510 λόγου
2715 2440 2946 2511 βοῶντος
2989 2442 3068 2505 είς
3109 2439 3434 2505 ἐξάκουστον
3466 2442 3633 2494 πᾶσιν
3677 2441 3778 2494 ἀν·-

2185 2531 2444 2604 θρώποις.
2493 2535 2758 2606 Σημαίνει
2804 2535 2858 2587 δὲ
2888 2534 2974 2588 διὰ
3015 2535 3112 2606 μὲν
3143 2535 3251 2588 τῶν
3285 2535 3617 2604 Αἰγυπτίων,
3645 2535 3777 2600 τοὺς

2183 2624 2575 2698 είδωλολάτρας
2616 2627 2846 2692 πάντας,
2895 2625 2983 2680 διὰ
3027 2627 3083 2681 δὲ
3122 2626 3232 2680 τῶν
3295 2628 3595 2699 Ἀσσυρίων
3647 2629 3776 2692 τοὺς

2185 2717 2477 2788 πολεμίους
2511 2717 2606 2772 τοῦ
2652 2719 2889 2791 Ἰσραὴλ,
2932 2720 3058 2782 τοὺς
3101 2719 3466 2792 πολιορκητὰς
3494 2720 3593 2791 τῆς
3643 2719 3777 2773 Ἰου-

2181 2806 2345 2860 δαίων
2375 2807 2558 2882 χώρας
2583 2810 2925 2881 γενομένους,
2956 2805 3037 2874 οἷς
3066 2810 3158 2863 τοῦ
3181 2810 3339 2879 λόγου
3358 2810 3446 2864 διὰ
3488 2811 3588 2881 τῆς
3611 2811 3778 2881 εὐαγο

2183 2899 2408 2970 γελικῆς
2453 2898 2751 2968 σάλπιγγος
2787 2901 2886 2972 τῆς
2929 2898 3005 2963 ὡς
3055 2899 3272 2971 ἀληθῶς
3316 2899 3556 2970 μεγάλης
3597 2897 3777 2972 κηρύ-

2186 2987 2394 3054 ξαντος,
2425 2991 2824 3060 μεταϐαλόντες
2842 2994 2889 3045 οί
2917 2994 2973 3044 ὲν
2997 2995 3112 3056 τοῖς
3136 2992 3344 3046 ἔθνεσιν
3363 2992 3775 3065 εἰδωλολάτραι,

2185 3081 2280 3134 καὶ
2306 3081 2353 3132 ot
2386 3081 2552 3134 πάλαι
2583 3081 2788 3153 ἐχθροὶ,
2824 3083 2917 3135 καὶ
2944 3084 2992 3136 οἱ
3026 3082 3274 3154 πολέμιοι
3297 3083 3399 3153 τῆς
3419 3081 3512 3136 τοῦ
3556 3082 3774 3155 Ἰσραὴλ

2186 3170 2515 3235 θεοσεϐείας,
2544 3171 2731 3243 ἥξουσι
2757 3173 2894 3243 πρὸς
2921 3172 3012 3224 τὸν
3043 3171 3174 3226 Θεὸν
3217 3171 3663 3242 ἐπιστρέψαντες,
3695 3170 3776 3236 ὡς

2181 3268 2310 3330 τοὺς
2353 3267 2520 3321 πάλαι
2572 3267 2918 3331 ἀπολωλότας
2972 3268 3029 3318 ὲν
3070 3268 3135 3338 τῇ
3172 3265 3274 3336 τῆς
3325 3264 3776 3333 είδωλολατρείας

503 3352 696 3430 πλάνῃ,
727 3359 1162 3432 μεταϐληθέντας
1187 3365 1279 3417 καὶ
1307 3361 1646 3427 σπεύσαντας
1671 3363 1845 3417 ἐλθεῖν
1868 3364 1959 3416 ἐπὶ
1981 3363 2079 3434 τὴν
2111 3361 2205 3415 τοῦ
2235 3361 2370 3415 Θεοῦ
2389 3362 2608 3432 γνῶσιν,
2639 3363 2734 3416 καὶ
2761 3362 2862 3432 τῆς
2877 3360 2964 3414 διὰ
2994 3358 3230 3430 Χριστοῦ
3255 3357 3525 3428 σωτηρίας
3547 3357 3762 3427 τυχεῖν,

1029 3452 1258 3510 CAPUT
1309 3453 1546 3510 XXVIII.

568 3538 732 3597 VERS.
775 3543 828 3597 I.
873 3560 892 3594 ι
918 3541 1008 3600 Va:
1051 3559 1266 3601 coronm
1310 3548 1703 3619 contumeliae,
1755 3547 2080 3603 mercenarii

501 3633 826 3702 Ephraimn
886 3635 985 3692 Hic
1032 3637 1456 3705 Pliarismorum,
1507 3657 1842 3696 summorum
1897 3656 2080 3697 sacer-

501 3727 709 3793 ilotum,
751 3737 806 3783 et
861 3730 1194 3802 reliquorum
1239 3732 1450 3789 Judaici
1515 3736 1700 3806 populi
1767 3735 2074 3806 principum

501 3829 816 3872 consessum
848 3821 1158 3878 subiudicat
1190 3842 1205 3880 :
1239 3838 1376 3895 quos
1421 3839 1486 3879 ex
1525 3826 1756 3880 diversis
1795 3828 2080 3882 ordinibus

501 3913 554 3961 et
589 3907 941 3978 dignitatibus
965 3912 1019 3967 in
1045 3930 1210 3968 unum
1245 3926 1486 3984 coactos,
1524 3933 1738 3972 corona:
1772 3927 2077 3988 comparat,

500 4013 606 4052 non
633 3999 855 4056 honoris
890 4013 983 4057 aut
1019 4005 1233 4075 gloriae,
1280 4011 1378 4064 sed
1424 4011 1772 4065 contumelia:
1812 4021 1866 4065 et
1915 4012 2077 4066 dede-

501 4093 667 4148 coris.
708 4095 886 4162 Quare
915 4099 1014 4165 ait,
1045 4119 1064 4151 c
1103 4099 1192 4156 Va:
1219 4117 1436 4157 corona:
1467 4105 1847 4168 coutumelim;
1881 4123 1900 4157 ι
1962 4105 2078 4160 sive

499 4187 796 4241 secundum
841 4191 1080 4263 reliquos
1140 4192 1491 4267 interpretes.
1555 4197 1827 4252 «Corona:
1879 4212 2074 4266 super—

499 4278 667 4333 biae.»
713 4278 848 4335 Nam
884 4285 1102 4354 superbi
1137 4287 1359 4355 quidam
1410 4296 1599 4352 erant,
1653 4299 1971 4358 arrogantes
2023 4297 2077 4343 et

500 4368 694 4435 insani,
764 4372 817 4426 in
857 4388 1091 4443 quorum
1152 4369 1758 4434 numero'mcrcenarii
1821 4380 2072 4448 Ephraim

500 4461 974 4528 computabantur.
1007 4463 1202 4522 Iudam
1251 4478 1402 4524 certe
1429 4469 1761 4538 proditorem
1811 4485 1878 4522 cx
1929 4469 2072 4522 tribu

501 4547 763 4616 Ephraim
815 4550 986 4609 fuisse
1047 4554 1220 4612 fertur
1267 4576 1282 4610 :
1325 4574 1486 4627 quem
1517 4559 1637 4613 ideo
1677 4560 2072 4612 mercenarium

501 4648 675 4704 vocat,
733 4639 860 4711 quia
892 4645 1144 4712 pactione
1180 4649 1426 4717 pecuniae
1476 4648 1542 4702 ad
1595 4649 1911 4718 magistrum
1948 4664 2073 4716 pro-

501 4729 737 4785 dendum
783 4733 1044 4792 inductus
1083 4737 1266 4794 fuerit.
1335 4739 1504 4794 «Flos
1548 4739 1748 4795 cadens
1789 4741 1854 4794 de
1901 4742 2070 4810 gloria

2685 3455 3081 3508 ΚΕΦΑΛΑΙΟΝ
3135 3453 3268 3506 KH'.

2263 3567 2278 3598 ι
2315 3549 2450 3602 Οὐαὶ
2511 3548 2588 3620 τῷ
2654 3543 2900 3618 στεφάνῳ
2963 3548 3062 3618 τῆς
3121 3546 3350 3618 ὓΰρεως,
3403 3545 3452 3598 οἱ
3508 3543 3775 3615 μισθωτοὶ

2178 3639 2439 3712 Ἐφραίμ.
2472 3660 2489 3692 ι
2528 3640 2906 3693 Αἱνίττεταιδὲ
2939 3639 2998 3693 τὸ
3030 3638 3302 3709 συνέδριον
3331 3637 3439 3689 τῶν
3465 3635 3774 3709 Φαρισαίων

2178 3731 2272 3783 καὶ
2292 3731 2595 3802 ἀρχιερέων
2619 3731 2714 3785 καὶ
2741 3731 2851 3785 τῶν
2875 3731 3077 3785 λοιπῶν
3094 3732 3371 3803 ἀρχόντων
3389 3729 3481 3784 τοῦ
3504 3730 3774 3784 Ἰουδαίων

2177 3822 2327 3876 λαοῦ’
2364 3823 2477 3886 οὓς,
2506 3826 2570 3877 ἐκ
2601 3823 2874 3896 διαφόρων
2900 3823 3226 3894 ἀξιωμάτων
3261 3822 3610 3887 συνελθόντας
3635 3825 3775 3881 κατά

2177 3914 2237 3966 τὸ
2282 3915 2433 3977 αὐτὸ,
2478 3917 2724 3987 στεφάνῳ
2776 3914 3134 3988 παραϐάλλει,
3171 3915 3231 3966 οὐ
3265 3914 3431 3985 τιμῆς
3463 3930 3606 3977 τινος
3652 3913 3772 3966 οὐδὲ

2176 4005 2355 4077 δόξης,
2392 4007 2503 4060 ἀλλ’
2542 4007 2751 4079 ὕϐρεως
2778 4009 2872 4062 καὶ
2897 4007 3141 4077 ἀτιμίας.
3167 4007 3257 4059 Διό
3274 4023 3458 4078 φησιν,
3493 4025 3511 4057 ι
3549 4005 3771 4076 Οὐαὶτῷ

2180 4100 2428 4171 στεφάνῳ
2476 4101 2574 4171 τῆς
2606 4100 2838 4171 ὕϐρεως,
2877 4118 2894 4150 ι
2947 4098 2980 4169 ἢ
3017 4097 3158 4152 κατὰ
3209 4102 3332 4161 τοὺς
3362 4097 3578 4161 λοιποὺς
3605 4099 3774 4169 ἑρμη-

2175 4191 2388 4255 νευτάς,
2427 4211 2444 4242 ι
2477 4192 2555 4262 τῷ
2589 4192 2838 4262 στεφάνῳ
2865 4193 2964 4262 τῆς
2988 4191 3381 4264 ὑπερηφανίας.
3410 4209 3428 4241 ι
3458 4190 3771 4261 Ὑπερήφα-

2175 4299 2254 4338 νοι
2286 4284 2394 4354 γάρ
2435 4301 2582 4346 τινες
2616 4279 2781 4354 ἦσαν,
2814 4282 3071 4348 ἀλαζόνες
3108 4301 3167 4336 τε
3198 4285 3291 4337 καλ¹
3322 4282 3770 4354 ἀπονενοημένοι,

2175 4377 2233 4428 ὲν
2253 4371 2334 4440 οἷς
2361 4376 2604 4448 ὑπῆρχον
2625 4377 2717 4430 καὶ
2740 4378 2790 4430 οἱ
2816 4376 3076 4448 μισθωτοί
3093 4375 3186 4430 τοῦ
3204 4377 3442 4448 Ἐφραῒμ
3477 4376 3610 4447 (51).
3627 4375 3770 4428 Ἐλέα-

2178 4485 2303 4536 γετο
2335 4469 2390 4522 δὲ
2426 4469 2628 4524 Ἰούδας
2686 4471 2714 4522 ὁ
2753 4469 3016 4542 προδότης
3066 4471 3130 4523 ἐκ
3175 4468 3346 4541 φυλῆς
3388 4469 3626 4542 Ἑφραῒμ
3673 4486 3769 4538 γε-

2175 4560 2410 4627 γονέναιο
2450 4559 2719 4630 μισθωτὸν
2766 4560 2822 4612 δὲ
2878 4560 3053 4626 καλεῖ,
3106 4560 3181 4623 ὼς
3233 4561 3297 4613 ἂν
3332 4559 3770 4632 ἐξηγορασμένον

2177 4651 2453 4723 χρήμασιν
2500 4652 2592 4704 ἐπὶ
2645 4653 2705 4705 τὸ
2762 4652 3052 4724 προδοῦναι
3113 4653 3202 4706 τὸν
3261 4653 3596 4706 διδάσκαλον.
3642 4669 3662 4704 ι
3695 4652 3770 4706 Τὸ

2176 4742 2335 4805 ἄνθος
2364 4743 2425 4796 τὸ
2452 4743 2683 4796 ἐκπεσὸν
2715 4743 2814 4815 τῆς
2864 4741 3022 4815 δόξης
3088 4744 3178 4796 ἐπὶ
3227 4744 3327 4814 τῆς
3381 4743 3622 4814 κορυφῆς
3673 4743 3768 4796 τοῦ

498 4836 664 4892 super
725 4827 982 4882 verticem
1047 4831 1246 4884 montis
1301 4833 1540 4901 pinguis,
1588 4832 1679 4900 qui
1737 4832 1872 4885 cbrii
1945 4833 2073 4886 estis

2186 4832 2336 4904 ὅρους
2363 4833 2456 4886 τοῦ
2506 4833 2708 4904 παχέος
2771 4836 2820 4888 οἱ
2876 4833 3166 4905 μεθύοντες
3227 4835 3353 4888 ἄνευ
3411 4836 3574 4888 οἴνου.
3612 4853 3631 4886 ι
3665 4835 3770 4888 Με-

499 4914 705 4984 absque
743 4916 892 4974 vino.
919 4937 940 4972 ι
969 4918 1105 4975 Nam
1135 4921 1322 4992 gloria:
1376 4921 1656 4991 apostolici
1711 4922 1864 4976 chori
1899 4925 2072 4992 parti-

500 5021 651 5077 ceps,
683 5008 944 5068 inclinato
976 5014 1043 5068 ad
1088 5029 1203 5068 rem
1234 5013 1526 5082 pessimam
1571 5014 1775 5081 animo,
1821 5012 1918 5069 llos
1967 5015 2077 5084 glo-

501 5099 596 5153 ria:
621 5101 818 5158 cadens
838 5103 1064 5160 eﬂ‘ectus
1093 5115 1199 5160 est.
1224 5105 1350 5161 Flos
1369 5115 1548 5160 autem
1573 5117 1628 5160 et
1654 5121 1880 5175 germen
1916 5109 2077 5176 paulo

500 5199 629 5246 ante
658 5194 991 5251 vocabantur
1011 5197 1244 5268 apostoli
1271 5197 1600 5264 Salvatoris,
1633 5199 1723 5252 ubi
1762 5198 2071 5261 dicebatur,

506 5284 682 5342 «Filii
727 5287 896 5347 Jacob
949 5291 1352 5363 germinabunt,
1407 5302 1462 5346 et
1506 5290 1721 5345 ﬂorehit
1775 5291 1966 5358 Israel,
2021 5301 2076 5344 et

502 5379 816 5452 implebitur
843 5394 986 5440 terra
1017 5384 1195 5439 fructu
1241 5384 1378 5452 ejus.
1418 5402 1436 5436 ι
1473 5382 1678 5439 Verum
1717 5384 1802 5439 his
1827 5384 2075 5453 delapsus

501 5473 784 5541 propheta,
810 5474 910 5532 llos
942 5476 1126 5547 gloria:
1155 5476 1413 5533 decidens
1445 5479 1622 5534 dictus
1652 5485 1756 5532 est.
1792 5477 1886 5532 llis
1911 5491 2073 5544 porro

500 5563 878 5634 signiﬁcantur
903 5569 938 5624 ii
960 5570 1051 5640 qui
1081 5580 1370 5640 aggravata
1401 5572 1580 5626 anima
1609 5578 1757 5635 sunt,
1785 5569 1851 5623 de
1875 5566 2073 5638 quibus

576 5697 1368 5780 (3I)_Aititem_IIier0nymps
1409 5707 1602 5763 Judam
1646 5705 1956 5780 Iscariotem
2013 5719 2074 5758 ex

506 5769 648 5823 tribu
674 5769 936 5842 'Epllraim
964 5773 1154 5841 fuisse,
1194 5769 1253 5832 ἐκ
1287 5769 1539 5842 Eusebio,
1592 5788 1650 5832 ut
1695 5777 1905 5830 videtur
1960 5790 2077 5828 mu-

509 5849 706 5896 tuatus.
771 5840 1148 5917 Similiterque
1183 5865 1302 5919 qua:
1352 5840 1576 5906 inferius
1622 5851 1685 5906 de
1726 5845 2075 5903 Gethsomani

2180 4922 2394 4994 τασχὼν
2419 4925 2528 4997 γὰρ
2558 4927 2655 4997 τῆς
2678 4925 2835 4999 δόξης
2860 4927 2952 4981 τοῦ
2980 4925 3337 4982 ἀποστολικοῦ
3359 4927 3540 4999 χοροῦ,
3572 4927 3658 4980 διὰ
3673 4931 3769 4998 τῆς

2187 5018 2276 5070 ἐπὶ
2308 5017 2367 5070 τὸ
2390 5022 2568 5090 χεῖρον
2606 5019 2801 5092 ῥοπῆς,
2829 5022 3016 5090 γέγονε
3051 5021 3112 5074 τὸ
3137 5020 3298 5083 ἄνθος
3317 5019 3378 5072 τὸ
3405 5019 3635 5073 ἐκπεσὸν
3668 5020 3766 5089 τῆς

2183 5109 2361 5180 δόξης.
2399 5111 2593 5176 ’Λνθος
2631 5111 2687 5164 δὲ
2710 5113 2804 5165 καὶ
2831 5111 3059 5181 βλαστὸς
3084 5111 3262 5183 μικρῷ
3292 5109 3526 5181 πρόσθεν
3558 5109 3770 5180 ὠνομά-

2184 5201 2338 5266 ζοντο
2361 5205 2409 5256 οἱ
2444 5202 2836 5256 ἀπόστολοιτοῦ
2864 5204 3132 5275 Σωτῆρος,
3167 5203 3225 5255 ὲν
3243 5196 3324 5266 οἷς
3357 5202 3590 5270 ἐλέγετο·
3624 5220 3642 5252 ι
3671 5200 3769 5254 Τέ-

2183 5309 2286 5346 κνα
2330 5293 2521 5347 Ἰακὼὸ
2564 5295 2874 5364 βλαστήσει,
2920 5295 3014 5348 καὶ
3054 5292 3339 5364 ὲξανθήσει
3375 5292 3611 5364 Ἰσραὴλ,
3674 5291 3768 5345 καὶ

2181 5386 2548 5457 πλησθήσεται
2583 5389 2615 5457 ἡ
2657 5388 2948 5459 οἰκουμένη
2977 5387 3067 5440 τοῦ
3095 5385 3309 5458 καρποῦ
3341 5384 3526 5439 αὑτοῦ.
3566 5403 3584 5436 ι
3629 5382 3766 5435 Ἀλλ’

2180 5477 2245 5527 ὲκ
2277 5473 2478 5529 τούτων
2504 5477 2532 5528 ό
2556 5478 2836 5549 προφήτης
2864 5479 3132 5541 ἐκπεσὼν,
3160 5477 3220 5529 τὸ
3243 5475 3400 5539 ἀνθος
3443 5476 3504 5528 τὸ
3537 5473 3767 5528 ἐκπεσὸν

2179 5569 2278 5642 τῆς
2299 5568 2456 5640 δόξης
2473 5571 2704 5643 εἴρηται.
2727 5571 2801 5643 Ση
2811 5571 2987 5642 μαίνει
3019 5570 3076 5624 δὲ
3093 5565 3245 5634 οὗτος
3277 5570 3307 5622 ό
3337 5567 3492 5637 λόγος
3517 5568 3578 5620 τὸ
3603 5567 3766 5639 σπέρ-

2187 5706 2459 5771 dicuntur,
2498 5707 2852 5782 Hieronymus
2878 5709 3054 5766 all'ert.
3105 5706 3217 5764 Vox
3269 5715 3447 5763 autem
3497 5703 3761 5760 Ilcbruica

2187 5791 2260 5834 est
2282 5788 2628 5839 D’Z’ZK’WN‘J.
2764 5801 2771 5809 ’
