3984 6508
242 369 367 428 ess

1176 370 1677 426 COMMENTARIA
1717 372 1782 423 IN
1824 372 2079 424 ISAtAu.
2114 395 2181 406 —
2214 372 2369 421 Lar.
2414 373 2644 419 sunt.

3406 381 3525 441 286

254 502 336 555 μα
364 480 477 537 τῶν
525 483 625 555 τὴν
654 482 834 558 ψυχὴν
868 486 1337 557 πεπαχυμμένων,
1369 488 1496 559 περὶ
1533 480 1608 539 ὧν
1637 485 1841 556 ἐλέχθη

1962 483 2161 537 dictum
2212 491 2317 548 est,
2387 498 2407 533 ι
2438 480 2798 535 lnerassatum
2874 484 2957 531 est
3016 474 3159 529 enim
3208 488 3305 528 cor
3346 473 3522 543 populi

256 594 278 627 ι
327 574 642 647 Ἐπαχύνθη
674 576 841 648 γὰρὴ
874 577 1070 649 καρδία
1095 576 1190 631 τοῦ
1226 577 1356 632 λαοῦ
1378 578 1590 633 τούτου.
1627 597 1646 631 ι
1669 577 1849 631 Ἦσαν

248 667 437 721 τοίνυν
470 667 659 741 ὥσπερ
694 686 777 732 τις
801 669 1011 740 κορυφὴ
1039 669 1197 740 ὅρους
1225 670 1318 723 τοῦ
1347 671 1549 741 παχέος
1579 671 1628 723 οἱ
1657 671 1851 741 ἄρχον-

246 779 343 823 τες
366 760 464 813 τοῦ
496 762 933 832 πεπαχυμμένου
952 761 1103 826 λαοῦ,
1131 762 1340 835 κεφαλὴ
1365 764 1721 833 τυγχάνοντες
1746 761 1847 814 a6-

245 853 383 917 τῶν,
418 849 501 916 οἷς
526 854 775 924 συνήφθη
799 853 860 906 τὸ
894 852 1053 916 ἄνθος
1085 853 1144 906 τὸ
1176 855 1407 908 ἐκπεσὸν
1442 856 1541 924 τῆς
1560 854 1735 925 δόξης·
1769 853 1849 906 διὸ

244 947 620 1011 ταλανίζεται.
666 948 811 999 Ἀντὶ
865 947 922 1000 δὲ
970 946 1089 1011 τοῦ,
1140 966 1159 999 t
1203 948 1295 1000 ἐπὶ
1327 947 1429 1017 τῆς
1462 948 1703 1019 κορυφῆς
1750 946 1846 999 τοῦ

243 1037 415 1107 ὅρους
434 1036 529 1089 τοῦ
560 1038 781 1108 παχέος,
819 1058 837 1089 ι
862 1040 890 1090 6
914 1039 1012 1108 μὲν
1046 1037 1295 1101 ’Δκύλας,
1325 1057 1343 1088 ‹
1372 1038 1652 1110 φάραγγος
1676 1042 1849 1117 ῥυπα-

247 1128 409 1201 ριῶν,
445 1148 464 1182 ι
503 1130 533 1182 6
562 1129 620 1183 δὲ
648 1131 964 1201 Σύμμαχος,
996 1150 1014 1181 ι
1058 1130 1335 1202 φάραγγος
1357 1132 1645 1201 πιοτήτων,
1678 1150 1696 1181 ι
1730 1131 1757 1181 6
1789 1130 1847 1183 δὲ

243 1221 570 1286 Θεοδοτίων,
613 1241 632 1274 ‹
668 1222 952 1295 φάραγγος
986 1222 1207 1287 πιόνων,
1253 1242 1270 1274 ι
1304 1223 1677 1294 ήρμήνευσαν·
1729 1224 1762 1292 ὴ
1791 1221 1845 1274 δὲ

258 1315 532 1388 Ἐϐραῖκὴ
582 1318 757 1388 φωνὴ,
822 1336 841 1368 ‹
883 1317 1218 1389 Γηθσημανὶ,
1278 1336 1297 1368 ι
1358 1315 1621 1388 περιέχει.
1669 1317 1845 1386 Ὅπερ

244 1409 467 1480 ἤκουσά
493 1426 640 1473 τινος
680 1410 788 1463 τῶν
816 1412 1097 1483 ἡμετέρων
1125 1410 1427 1483 ἀγαπητῶν
1457 1409 1846 1479 διασαφοῦντος

244 1500 344 1554 καὶ
394 1500 651 1569 λέγοντος
697 1502 789 1555 τὸν
823 1503 986 1556 τόπον
1026 1499 1164 1556 εἶναι
1192 1504 1284 1556 τὸν
1320 1505 1376 1556 ἐν
1405 1502 1485 1572 τῷ
1527 1501 1844 1573 Εὐαγγελίῳ

252 1612 270 1642 ι
319 1592 642 1665 Γεθσημανὶ
695 1613 713 1644 ι
748 1594 1157 1665 ὠνομασμένον,
1193 1594 1320 1648 ἔνθα
1348 1597 1376 1648 ὁ
1404 1593 1669 1672 πρςδότης
1706 1592 1842 1663 μετὰ

244 1684 341 1739 τώ
377 1687 649 1755 στεφάνου
667 1688 766 1758 τῆς
798 1685 1008 1760 ὕϐρεως
1032 1687 1271 1741 ἐπελθὼν
1299 1685 1375 1759 τῷ
1396 1687 1634 1760 Σωτῆρι,
1659 1684 1729 1740 τὰ
1746 1686 1844 1758 τῆς

244 1779 542 1850 προδοσίας
571 1780 890 1851 εἰργάσατο.

1951 574 2113 645 huius
2143 575 2212 630 “.
2238 593 2259 627 ι
2304 573 2479 629 Erant
2511 573 2693 640 itaque
2728 586 2827 626 ceu
2862 568 3132 637 quoddam
3172 565 3372 621 montis
3401 564 3519 633 piu-

1950 670 2068 739 guis
2102 682 2385 731 cacumen,
2421 665 2693 735 principes
2722 661 2902 733 populi
2964 659 3310 730 impinguali,
3353 661 3523 723 caput

1950 762 2200 816 videlicet
2220 775 2432 823 eorum,
2460 758 2657 827 quibus
2700 756 2798 810 llos
2839 754 3025 825 gloria:
3069 753 3327 807 decidens
3382 764 3520 803 cou-

1943 855 2167 925 junctus
2208 863 2323 918 est;
2360 854 2482 906 ideo
2528 851 2763 904 miseros
2794 848 2913 902 illos
2941 846 3220 915 prmdicat.
3277 842 3383 896 Pro
3430 838 3521 894 illo

1949 956 2150 1011 autem,
2183 965 2203 1000 ι
2234 960 2396 1017 super
2422 943 2686 998 verticem
2729 940 2930 995 montis
2959 938 3199 1009 pinguis,
3223 955 3243 987 ι
3300 930 3519 1001 Aquila,

1953 1056 1972 1091 ι
2002 1038 2164 1093 vallis
2215 1036 2549 1100 sordium”
2606 1033 2996 1104 Symmachus,
3040 1028 3237 1082 «vallis
3288 1027 3518 1095 pingue—

1947 1129 2167 1197 diuum;
2199 1149 2218 1182 ι
2251 1128 2575 1193 Theodotio,
2617 1143 2637 1178 ι
2668 1124 2825 1178 vallis
2847 1122 3149 1194 pinguium,
3182 1140 3202 1172 ι
3252 1120 3521 1187 interpre-

1950 1222 2046 1275 tati
2083 1230 2242 1287 sunt;
2287 1219 2559 1275 liehraica
2608 1225 2788 1272 autem
2835 1215 3013 1279 lectio,
3053 1231 3071 1264 ι
3099 1208 3515 1270 Οειιιεειηιιιιί,ο

1945 1312 2282 1368 circumfert.
2306 1313 2481 1379 Quam
2511 1324 2697 1365 vocem
2722 1306 2906 1362 audivi
2931 1304 3240 1374 quempiam
3261 1316 3293 1355 e
3310 1298 3521 1354 dilectis

1946 1404 2167 1470 nostris,
2216 1404 2283 1458 de
2314 1403 2452 1469 loco,
2502 1400 2596 1471 qui
2630 1400 2683 1454 in
2724 1394 3015 1466 Evangelia
3068 1410 3087 1445 ι
3117 1387 3464 1447 Gethsemani
3494 1404 3516 1440 ι

1945 1497 2162 1563 dicitur,
2191 1493 2576 1566 explicantem,
2627 1490 2716 1545 ubi
2758 1489 3008 1558 proditor
3038 1500 3160 1540 eum
3204 1482 3293 1537 illa
3328 1488 3522 1535 contu-

1946 1591 2120 1645 mellae
2183 1603 2383 1645 corona
2445 1585 2796 1642 Servatorem
2863 1579 3092 1643 adiens,
3152 1572 3518 1645 proditionem

1944 1683 2094 1740 fecit.

323 1889 341 1920 α
383 1836 538 1924 Ἰδοὺ.
560 1836 778 1941 ἰσχυρὸν
820 1870 915 1923 καὶ
947 1869 1203 1941 σκληρὸν,
1232 1870 1259 1922 6
1289 1869 1458 1939 θυμὸς
1488 1868 1715 1938 Κυρίου,
1766 1867 1841 1932 ὡς

2014 1864 2181 1922 Vens.
2218 1864 2275 1919 2.
2324 1885 2343 1913 ι
2367 1862 2509 1917 Ecce
2540 1859 2681 1914 forte
2714 1864 2770 1911 et
2817 1853 3050 1916 durum,
3107 1848 3258 1901 furor
3309 1842 3520 1941 Domini

242 1960 460 2031 χάλαζα
488 1960 912 2031 καταφερομένη
946 1960 1045 2013 οὐκ
1077 1960 1274 2031 ἔχουσα
1305 1960 1534 2030 σκέπην,
1564 1959 1656 2031 βίᾳ
1684 1977 1845 2013 κατα-

244 2051 551 2123 φερομένη·
587 2051 663 2115 ὡς
691 2050 885 2116 ὓδατος
914 2052 1049 2106 πολὺ
1086 2051 1287 2121 πλῆθος
1322 2049 1483 2122 σύρον
1518 2049 1722 2122 χώραν,
1773 2054 1839 2123 τῇ

241 2148 312 2214 γῇ
344 2144 569 2215 ποιήσει
590 2144 891 2215 ἀνάπαυμα
923 2147 1042 2207 ταῖς
1058 2142 1264 2214 χερσίνο
1301 2161 1319 2193 ³
1365 2141 1521 2195 Οὕτω
1541 2142 1650 2213 γὰρ
1672 2142 1842 2214 θυμὸς

245 2237 480 2309 Κυρίου,
520 2238 673 2307 φησι,
709 2237 851 2290 κατὰ
868 2236 1073 2289 τούτων
1101 2233 1278 2288 αὐτῶν
1310 2233 1587 2287 ἐλεύσεται
1616 2233 1724 2287 τῶν
1748 2252 1843 2305 με-

241 2326 485 2382 θυόντων
512 2329 639 2383 ἄνευ
669 2327 836 2382 οἴνου·
867 2327 943 2391 ὡς
968 2325 1179 2397 χαλάζῃ
1209 2325 1672 2397 παραϐάλλεσθαι,
1700 2326 1842 2380 κατὰ

244 2419 496 2489 κεφαλῆς
528 2418 738 2492 ἀνδρῶν
766 2419 867 2472 οὐκ
908 2418 1138 2489 ἐχούσης
1155 2419 1365 2491 σκέπην
1397 2418 1836 2491 καταρασσούσῃ.

244 2510 408 2564 οὔτω
425 2528 543 2573 πως
568 2510 658 2563 τὸν
682 2510 852 2580 θυμὸν
888 2508 982 2563 τοῦ
1011 2509 1145 2563 Θεοῦ
1179 2508 1320 2562 κατὰ
1364 2508 1472 2562 τῶν
1497 2509 1840 2581 δηλουμένων

243 2601 710 2674 ἑπενεχθήσεσθαί
725 2619 881 2673 φησι.

317 2714 338 2747 ι
380 2694 495 2750 Καὶ
558 2698 671 2758 τοῖς
721 2696 849 2748 ποσὶ
913 2695 1430 2767 καταπατηθήσεται
1490 2697 1518 2749 6
1579 2696 1841 2765 στέφανος

245 2786 484 2859 ὕϐρεως,
511 2789 559 2841 oi
603 2786 862 2858 μισθωτοὶ
887 2786 982 2840 τοῦ
1013 2789 1275 2860 Ἐφραῖμ.
1312 2807 1330 2839 ι
1369 2787 1543 2841 Πάλαι
1580 2788 1679 2858 μὲν
1729 2788 1839 2861 γὰρ

244 2873 388 2949 ἦσαν
418 2878 682 2948 στέφανος
714 2879 923 2951 ὕϐρεως
954 2882 1033 2944 είς
1058 2880 1121 2933 τὸ
1150 2878 1390 2953 ὑϐρίζειν
1416 2880 1837 2952 παρατεταγμέ-

246 2989 347 3025 νοι·
380 2971 464 3025 διὸ
502 2973 598 3025 καὶ
636 2972 897 3042 στέφανος
923 2971 1298 3045 ὑπερηφανίας
1319 2971 1582 3041 ἐλέγοντο·
1608 2971 1760 3035 τέλος
1783 2971 1839 3026 δὲ

247 3064 448 3128 αὐτοὺς
487 3063 806 3134 διαλήψεται
837 3064 1099 3128 τοιοῦτον,
1129 3064 1206 3128 ὡς
1254 3063 1702 3135 καταπατηθῆναι
1743 3064 1840 3117 αύ-

245 3158 391 3221 τούς·
424 3157 506 3211 διὸ
534 3157 631 3210 καὶ
660 3156 1120 3230 κατεπατήθησαν
1155 3156 1259 3211 ὑπό
1284 3173 1344 3209 τε
1373 3155 1482 3208 τῶν
1511 3155 1839 3211 καταδουλω-

250 3251 502 3321 σαμένων
536 3251 734 3314 αὐτοὺς
769 3250 1063 3322 πολεμίων·
1119 3251 1168 3304 οἶ
1217 3251 1312 3302 καὶ
1342 3247 1440 3320 τὴν
1476 3247 1628 3303 πόλιν
1661 3248 1838 3304 αὐτῶν

247 3342 463 3407 ἑαυτοῖς
491 3344 779 3415 καταπατή
789 3360 934 3415 ματα
960 3344 1313 3414 πεποιήκασι.

322 3544 341 3575 ι
372 3524 487 3577 Καὶ
519 3523 673 3577 ἔσται
715 3525 774 3578 τὸ
807 3526 967 3589 ἄνθος
998 3528 1059 3580 τὸ
1086 3528 1318 3582 ἐκπεσὸν
1351 3529 1448 3599 τῆς
1478 3527 1690 3592 ἐλπίδος
1742 3528 1841 3597 τῆς

248 3612 406 3684 δόξης
451 3616 541 3665 ἐπ’
571 3615 740 3685 ἄκρου
773 3616 867 3669 τοῦ
888 3616 1048 3687 ὅρους
1072 3618 1165 3671 τοῦ
1199 3618 1425 3691 ὑψηλοῦ·
1443 3620 1518 3682 ὡς
1534 3620 1841 3692 πρόδρομος

253 3706 439 3758 σύκου·
478 3704 601 3759 ἰδὼν
650 3707 802 3772 αὐτὸ,
852 3709 982 3779 πρὶν
1034 3710 1112 3772 είς
1142 3711 1240 3782 τὴν
1272 3714 1429 3783 χεῖρα
1462 3711 1626 3765 αὑτοῦ
1657 3712 1839 3765 λαϐεῖν

250 3797 404 3862 αὐτὸ,
442 3796 659 3868 θελήσει
703 3796 833 3852 αὐτὸ
870 3803 1179 3855 καταπιεῖν.
1226 3820 1243 3852 ι
1295 3803 1546 3866 Τοιοῦτος
1574 3802 1631 3855 δέ
1656 3820 1740 3868 τις
1770 3798 1839 3874 ἦν

247 3891 276 3941 6
313 3887 538 3952 Ἰούδας,
574 3886 733 3951 ἄνθος
769 3888 868 3959 μὲν
900 3888 1158 3958 γεγονὼς,
1189 3890 1323 3942 ἀλλά
1353 3891 1598 3945 ἐκπεσὼν
1631 3893 1729 3962 τῆς
1756 3891 1841 3944 έλ-

250 3978 403 4043 πίδος
430 3977 567 4049 όμοῦ
600 3980 694 4031 καὶ
727 3981 824 4048 τῆς
855 3980 1031 4050 δόξης.
1071 3982 1182 4035 Καὶ
1222 3982 1391 4034 πάλαι
1429 3983 1524 4052 μὲν
1555 3982 1838 4053 τυγχάνων

250 4074 439 4127 ἐπάνω
470 4072 628 4143 ὄρους
653 4072 745 4125 τοῦ
778 4073 1006 4144 ὑψηλοῦ,
1037 4075 1163 4144 περὶ
1195 4068 1254 4128 οὗ
1281 4075 1484 4145 προῖὼν
1512 4076 1540 4126 6
1560 4079 1841 4148 προφήτης

254 4165 441 4234 φησίν·
471 4184 488 4215 ι
516 4166 772 4237 Ἐπ’λδρος
796 4164 996 4236 ὑψηλὸν
1024 4165 1275 4236 ἀνάϐηθι,
1301 4169 1329 4220 6
1354 4167 1839 4237 εὐαγγελιζόμενος

253 4256 412 4317 Σιών.
447 4277 466 4308 ι
522 4257 681 4310 Ἀλλὰ
713 4259 904 4326 γέγονε
950 4258 1186 4321 τοιοῦτός
1242 4276 1347 4322 τις,
1380 4259 1455 4322 ὡς
1508 4259 1838 4329 ὁμοιωθῆναι

254 4351 545 4425 προδρόμῳ
576 4350 763 4414 σύκου,
815 4351 1011 4424 καρπῴ
1044 4353 1479 4423 άτελεσφορήτῳ,
1520 4353 1706 4424 ὡραίῳ
1740 4352 1838 4423 μὲν

255 4446 347 4497 καὶ
374 4444 526 4515 καλῷ
557 4446 624 4515 τῇ
671 4443 789 4513 θέᾳ,
832 4445 1089 4515 ἀχρήστῳ
1121 4443 1177 4496 δὲ
1209 4443 1381 4507 ἄλλως
1422 4443 1509 4497 διὰ
1562 4445 1623 4497 τὸ
1652 4443 1839 4507 ἀτελὲς

1943 1957 2085 2012 sicut
2134 1954 2341 2026 grando
2405 1950 2625 2020 delapsa
2684 1962 2790 2002 non
2853 1943 3062 1999 habens
3120 1933 3518 1996 umbraculum,

1942 2064 2063 2118 quae
2086 2048 2354 2102 violenter
2395 2044 2598 2099 decidit
2634 2057 2649 2100 ς
2681 2040 2822 2094 sicut
2848 2050 3003 2105 aqua:
3045 2033 3126 2086 vis
3172 2041 3365 2099 magna
3403 2035 3519 2079 tra-

1944 2140 2080 2195 hens
2114 2139 2387 2208 regionem
2423 2148 2438 2188 :
2476 2135 2529 2188 in
2565 2142 2710 2187 terra
2736 2129 2898 2184 faciet
2929 2124 3164 2195 quietem
3192 2118 3460 2173 manibus.
3494 2131 3517 2167 ι

1942 2229 2042 2296 Ita,
2083 2228 2280 2297 inquit,
2310 2225 2462 2280 furor
2491 2222 2701 2279 Domini
2737 2234 2831 2275 eos
2868 2218 2961 2287 qui
2991 2215 3125 2270 ebrii
3163 2219 3289 2268 sunt
3319 2209 3523 2277 absque

1941 2324 2089 2387 vino,
2141 2322 2431 2375 invasurus
2488 2326 2608 2379 est,
2663 2322 2723 2368 ut
2770 2308 3021 2383 grandiui
3074 2310 3420 2375 comparetur
3467 2300 3519 2354 in

1942 2416 2115 2486 Capita
2140 2416 2379 2468 virorum
2411 2417 2719 2480 legumento
2752 2403 2997 2460 carentia
3025 2399 3255 2468 delapsa:
3290 2415 3303 2450 :
3329 2393 3518 2448 eodem

1942 2510 2101 2564 modo
2146 2509 2383 2562 furorem
2420 2502 2513 2559 Dei
2567 2498 2882 2557 memoratis
2926 2491 3238 2550 hominibus
3278 2486 3520 2541 inferen-

1942 2604 2066 2657 dum
2095 2601 2357 2672 praedicit.

2016 2693 2177 2748 Vens.
2217 2693 2271 2747 5.
2318 2710 2336 2743 ι
2368 2690 2434 2745 Ει
2461 2688 2690 2759 pedibus
2718 2682 3128 2741 conculcabitur
3152 2689 3354 2732 corona
3389 2687 3521 2727 con-

1942 2787 2215 2857 tunpliaz,
2270 2781 2593 2840 mercenarii
2646 2779 2971 2850 Ephraim.»
3048 2772 3189 2827 Olim
3250 2764 3520 2835 siquidem

1940 2893 2137 2935 corona
2168 2874 2511 2933 contumeliae
2532 2880 2726 2937 erant,
2760 2870 2826 2925 ad
2869 2866 3209 2924 inferendam
3236 2867 3521 2916 contume-

1939 2971 2067 3026 liam
2116 2970 2405 3033 instructi;
2457 2974 2789 3038 quapropter
2825 2974 3023 3017 corona
3079 2958 3208 3011 item
3255 2949 3521 3022 superbia

1939 3061 2307 3128 vocabantur;
2347 3059 2469 3115 talis
2503 3067 2682 3112 autem
2717 3055 2840 3111 finis
2871 3060 3236 3123 occupaturus
3274 3060 3367 3101 eos
3400 3053 3519 3104 est.

1940 3164 1999 3208 ut
2027 3152 2416 3209 conculcentnr
2444 3168 2459 3205 :
2491 3158 2546 3205 et
2581 3162 2714 3203 sane
2742 3142 3049 3202 conculcati
3080 3148 3206 3196 sunt
3238 3139 3306 3192 ab
3332 3135 3518 3191 inimi-

1942 3248 2041 3311 cis,
2076 3245 2168 3316 qui
2211 3245 2354 3315 ipsos
2383 3243 2434 3297 in
2470 3240 2790 3297 servitutem
2824 3238 3151 3306 redegerunt
3183 3250 3196 3287 :
3227 3230 3319 3299 qui
3351 3227 3516 3281 etiam

1939 3340 2216 3395 civitatem
2260 3349 2447 3393 eorum
2485 3333 2754 3388 calcaneis
2798 3329 2913 3384 suis
2958 3324 3311 3383 obterendum
3356 3333 3517 3373 cura-

1942 3443 2085 3489 runt.

2012 3524 2173 3578 Vens.
2228 3521 2279 3576 ι.
2340 3539 2359 3573 ι
2387 3519 2452 3575 Ει
2500 3517 2606 3574 erit
2654 3514 2755 3570 flos
2789 3513 2879 3584 qui
2915 3507 3114 3565 decidit
3166 3505 3231 3562 de
3264 3515 3360 3572 spe
3400 3498 3519 3571 glo-

1943 3620 2058 3681 riae,
2106 3617 2160 3671 in
2211 3614 2415 3669 vertice
2464 3609 2664 3665 montis
2718 3603 2956 3669 excelsi;
3006 3601 3148 3656 sicut
3198 3600 3520 3666 praematura

1942 3713 2121 3775 ficus;
2167 3708 2259 3779 qui
2300 3705 2498 3761 viderit
2548 3718 2703 3767 eam,
2747 3699 3060 3770 priusquam
3111 3698 3289 3747 sumat
3333 3699 3520 3779 manu,

1942 3803 2118 3870 cupiet
2154 3777 2271 3856 eam
2307 3800 2588 3854 devorare.
2624 3812 2642 3846 ι
2700 3790 2847 3846 Talis
2877 3797 2997 3844 erat
3042 3783 3234 3848 Judas,
3295 3779 3385 3850 qui
3421 3777 3521 3870 llus

1943 3869 2073 3947 sane
2099 3891 2305 3957 fuerat;
2350 3902 2539 3944 verum
2565 3888 2629 3940 de
2661 3899 2757 3954 spe
2788 3880 2951 3937 simul
2982 3889 3032 3934 et
3079 3880 3143 3932 de
3170 3874 3349 3945 gloria
3373 3869 3522 3926 deci-

1939 3987 2039 4041 dit.
2075 3985 2140 4039 Et
2164 3984 2291 4038 olim
2323 3981 2541 4052 quidem
2578 3992 2740 4047 supra
2789 3982 3026 4029 montem
3066 3967 3341 4025 excelsum
3378 3970 3519 4027 erat,

1941 4080 2005 4133 de
2056 4092 2162 4145 Quo
2214 4078 2269 4131 in
2300 4072 2683 4144 fsequentibus
2734 4068 2999 4138 propheta
3064 4063 3235 4125 dicit,
3297 4055 3519 4124 (Supra

1942 4179 2177 4223 montem
2204 4167 2480 4222 excelsum
2522 4161 2754 4218 ascende
2774 4200 2789 4225 ,
2829 4160 2919 4230 qui
2944 4155 3286 4223 evangelizas
3314 4151 3465 4205 Sion.
3493 4165 3515 4201 ι

1946 4261 2139 4313 Verum
2172 4258 2258 4312 ille
2288 4257 2409 4311 talis
2446 4255 2643 4318 evasit,
2678 4264 2737 4306 ut
2771 4260 3113 4322 prasmatura:
3145 4245 3269 4299 fleui
3298 4255 3522 4313 compa-

1944 4361 2179 4415 raretur,
2214 4347 2532 4415 imperfecto
2578 4344 2788 4401 scilicet
2835 4340 3074 4403 fructui;
3120 4336 3364 4405 specioso
3394 4332 3519 4404 qui»

1945 4448 2064 4502 :lem
2101 4460 2165 4499 ac
2207 4443 2378 4498 forma
2430 4439 2679 4512 pulchro,
2735 4435 2831 4491 sed
2866 4432 3002 4489 alias
3047 4428 3265 4492 inutili,
3296 4427 3421 4497 quia
3450 4422 3521 4479 ob

252 4535 344 4589 τοῦ
382 4536 520 4607 πρὸς
548 4535 753 4607 τροφὴν
782 4536 1089 4606 ἐπιτηδείου
1124 4535 1359 4608 καρποῦ.
1412 4537 1503 4589 Διὸ
1537 4537 1840 4608 πρόδρομον

1948 4537 2407 4608 imperfectionem
2460 4533 2695 4589 nondum
2743 4528 2858 4603 esui
2914 4535 3071 4595 aptus
3123 4521 3331 4576 fructus
3376 4525 3517 4572 erat.

254 4629 416 4682 αὑτὸν
455 4629 748 4700 γενόμενον
790 4627 1115 4698 τεθεαμένος
1140 4630 1169 4681 6
1200 4628 1307 4682 τῶν
1340 4628 1519 4681 καλῶν
1549 4628 1836 4699 βάσκανος,

252 4722 579 4793 προήρπασε
614 4719 869 4784 σπεύσας·
927 4720 1004 4783 ὡς
1058 4719 1279 4792 θελῆσαι
1340 4722 1501 4775 αὑτὸν
1553 4724 1839 4775 καταπιεῖν

251 4816 380 4887 πρὶν
414 4813 448 4884 ἢ
481 4813 579 4884 τῆς
611 4813 793 4884 χειρὸς
817 4811 1188 4867 ἐπιλαϐέσθαι·
1214 4812 1357 4866 οὕτω
1394 4812 1523 4881 γοῦν
1562 4812 1720 4865 αύτὸν
1747 4813 1838 4865 καὶ

250 4906 514 4960 κατέπιεν
548 4904 667 4975 ίσχύ
677 4922 793 4968 σας.
1588 4910 1595 4917 “

326 5019 345 5051 ε
388 4999 471 5071 Τῇ
505 5000 692 5070 ἡμέρᾳ
720 4998 904 5071 ἐκείνῃ
958 4996 1113 5051 ἔσται
1148 4997 1353 5069 Κύριος
1383 4996 1608 5052 Σαϐαὼθ
1656 5001 1684 5051 6
1724 4997 1841 5050 στέ-

248 5110 419 5161 φανος
459 5092 559 5163 τῆς
588 5091 820 5155 ἐλπίδος,
856 5094 883 5145 6
932 5090 1159 5154 πλακεὶς
1191 5090 1287 5161 τῆς
1341 5090 1516 5159 δόξης,
1554 5089 1630 5160 τῷ
1677 5108 1843 5144 κατα-

247 5184 526 5255 λειφθέντι
577 5184 672 5238 τοῦ
702 5183 852 5237 λαοῦ.
888 5183 1424 5255 Καταλειφθήσονται
1456 5184 1513 5237 δὲ
1540 5184 1633 5236 ἐπὶ
1677 5183 1840 5237 πνεύ-

252 5293 384 5346 ματι
414 5274 652 5347 κρίσεως
686 5276 779 5328 ἐπὶ
808 5274 1011 5347 κρίσιν,
1053 5275 1149 5327 καὶ
1203 5276 1353 5344 ἰσχὺν
1399 5274 1713 5328 κωλυόντων
1749 5276 1843 5328 ἁν-

250 5368 410 5421 ελεῑν.
451 5387 470 5418 ι
502 5367 672 5437 Δῆλον
700 5368 756 5421 δὲ
784 5368 865 5420 ὅτι
890 5370 1001 5430 τοῖς
1035 5364 1455 5437 περιλειφθεῖσιν
1489 5368 1552 5419 ὲκ
1598 5367 1698 5437 τῆς
1742 5365 1835 5419 τοῦ

251 5460 454 5523 παντὸς
488 5458 619 5513 λαοῦ
649 5459 942 5522 ἀπωλείας·
973 5454 1115 5512 οὗτοι
1135 5458 1191 5512 δὲ
1221 5454 1360 5529 ἦσαν
1385 5459 1436 5511 oi
1458 5458 1551 5511 τοῦ
1589 5459 1837 5529 Σωτῆρος

251 5550 539 5606 ἀπόστολοι
555 5569 614 5605 τε
648 5554 741 5605 καὶ
768 5551 1024 5624 μαθηταί·
1055 5550 1215 5604 αὐτὸν
1249 5550 1354 5621 γὰρ
1381 5550 1595 5605 ἔσεσθαι
1614 5550 1703 5604 τὸν
1722 5550 1834 5605 Κύ-

260 5661 369 5715 ριον
403 5645 666 5726 στέφανον
694 5644 907 5709 ἐλπίδος
929 5642 1341 5713 ἐπαγγέλλεται.

260 5823 302 5856 ’⁸
332 5824 496 5881 Matth
558 5842 677 5883 xm.
712 5826 797 5880 lii.

1946 4631 2304 4700 Quamobrem
2352 4635 2735 4697 praematurum
2779 4634 2902 4676 eum
2957 4615 3310 4684 conspicatus
3350 4612 3521 4665 bono-

1948 4740 2064 4777 rum
2095 4722 2310 4777 invidus
2356 4720 2479 4780 ille,
2525 4716 2847 4772 festinanter
2888 4708 3187 4782 pmripuit,
3231 4707 3304 4760 ita
3348 4713 3405 4757 ut
3436 4702 3520 4757 vel

1946 4830 2233 4885 antequam
2264 4813 2417 4869 illum
2451 4825 2612 4865 manu
2647 4816 2888 4878 caperet,
2935 4804 3196 4859 devorare
3222 4796 3384 4853 vellet
3418 4814 3433 4850 :
3467 4804 3522 4850 et

1942 4911 2022 4965 sic
2055 4924 2179 4964 vere
2199 4906 2503 4969 devoravit,
2539 4905 2664 4974 quia
2695 4899 2983 4972 prmvaluit
3014 4897 3139 4968 ipsi.

2016 4999 2158 5055 Vens
2214 5000 2269 5065 5,
2316 4998 2372 5058 6.
2434 5016 2453 5050 σ
2486 4996 2539 5053 In
2579 4996 2669 5050 die
2708 4994 2799 5049 illa
2836 4992 2942 5048 erit
2992 4988 3249 5045 Dominus
3279 4981 3518 5039 Sabaoth

1938 5109 2139 5149 corona
2196 5096 2331 5161 spei,
2379 5106 2498 5162 quae
2555 5086 2882 5158 complicata
2931 5091 3017 5139 est
3066 5079 3249 5151 gloriae
3304 5075 3520 5130 residuo

1940 5185 2136 5256 populi.
2198 5184 2592 5255 Relinqueutur
2643 5188 2824 5234 autem
2862 5178 2916 5233 in
2976 5174 3168 5244 spiritu
3223 5166 3415 5238 iudicii
3462 5166 3517 5222 in

1936 5276 2196 5345 judicium
2240 5284 2293 5330 et
2344 5273 2718 5329 fortitudinem
2768 5269 3070 5325 vetantium
3126 5261 3456 5319 interficere.
3494 5279 3515 5314 ι

1946 5368 2202 5422 Videlicet
2229 5367 2294 5421 iis
2331 5366 2422 5436 qui
2450 5381 2481 5420 a
2517 5364 2681 5419 totius
2707 5360 2887 5433 populi
2917 5357 3086 5414 exitio
3114 5352 3476 5411 remanserint
3504 5369 3518 5405 :

1946 5459 1996 5512 hi
2039 5470 2217 5515 autem
2263 5468 2420 5514 erant
2475 5455 2702 5527 apostoli
2760 5463 2816 5510 et
2854 5449 3102 5521 discipuli
3168 5444 3515 5503 Salvatoris:

1949 5550 2119 5619 ipsum
2147 5552 2342 5621 quippe
2378 5549 2660 5607 Dominum
2692 5559 2951 5604 coronam
2983 5540 3098 5613 spei
3129 5538 3370 5597 futurum
3403 5552 3522 5594 esse

1949 5642 2253 5713 pollicetur.
