3984 6508
477 374 580 426 237

546 490 715 545 Vens.
768 490 829 542 7..

474 590 794 637 erraverunt
828 586 1049 647 propter
1096 578 1349 643 siceram,
1374 596 1394 631 ι
1453 593 1616 648 quam
1663 580 1858 649 reliqtit
1892 580 2061 634 inter-

476 684 679 743 pretes,
724 686 745 722 ι
774 670 1131 732 ebrietatem,
1166 688 1185 721 ι
1246 680 1597 724 vocaverunt.
1652 668 1728 724 Ne
1767 671 1890 734 quis
1932 686 2061 725 vero

476 777 620 833 putet
683 762 867 814 vinum
922 770 977 815 ct
1011 761 1335 815 ebrietatem
1392 762 1446 816 iu
1498 764 1703 834 vulgari
1761 779 1921 818 sensu
1974 765 2061 820 hic

475 852 721 922 intelligi,
762 853 1016 907 cautione
1044 854 1293 921 superius
1340 864 1425 908 est
1471 869 1601 908 usus
1641 856 1859 921 dicens,
1916 874 1937 909 ι
1966 858 2056 924 qui

474 947 607 1000 ehrii
637 946 767 999 estis
810 946 1016 1015 absque
1047 946 1192 1003 vino.
1224 965 1242 999 ι
1288 946 1447 1001 Aliud
1491 948 1674 1016 itaque
1704 948 1889 1001 viuum
1917 957 2057 1015 erat,

474 1039 584 1095 alia
645 1038 820 1093 Sicera
874 1040 988 1092 sive
1031 1039 1293 1103 ebrietas,
1354 1055 1473 1108 qua:
1508 1040 1654 1108 ipsos
1704 1040 1758 1093 in
1816 1054 2057 1095 errorem

475 1132 710 1187 induxit.
742 1150 762 1183 ι
788 1131 1060 1185 Sacerdos
1095 1140 1150 1186 et
1192 1132 1453 1201 propheta
1493 1141 1675 1186 mente
1707 1142 2061 1188 excesserunt

474 1236 701 1295 propter
753 1224 987 1278 siceram
1027 1224 1323 1293 :absorpti
1382 1234 1512 1280 sunt
1548 1234 1772 1292 propter
1824 1225 2007 1279 vinum
2042 1245 2056 1281 :

475 1318 851 1372 titubavernnt
908 1319 977 1371 ab
1047 1317 1312 1373 ebrietate
1348 1357 1364 1385 ,
1408 1328 1735 1372 erraverunt
1771 1336 1784 1371 :
1820 1317 1924 1374 hoc
1977 1329 2059 1373 est

474 1409 723 1479 phasnta.
761 1427 779 1461 ι

545 1497 710 1553 Vens.
766 1499 820 1554 8.
888 1517 907 1551 ι
939 1497 1248 1554 Maletlictio
1280 1500 1560 1554 devorabit
1597 1501 1702 1556 hoc
1734 1502 2055 1557 consilium:

472 1589 577 1646 hoc
631 1593 776 1647 enim
816 1593 1105 1647 consilium
1173 1604 1399 1662 propter
1451 1594 1757 1649 avaritiam.
1789 1613 1807 1647 ι
1869 1595 2057 1649 Visum

468 1684 615 1737 enim
672 1698 796 1737 vere
822 1694 939 1737 erat
974 1699 1036 1739 ac
1090 1691 1430 1753 phantasma,
1477 1688 1620 1757 quod
1674 1688 1745 1741 illi
1789 1704 1978 1743 omnes
2005 1698 2059 1741 et

475 1771 758 1828 confertim
796 1773 887 1827 tali
937 1785 1120 1828 essent
1159 1772 1355 1829 affectu
1381 1814 1396 1836 ,
1444 1791 1509 1828 ac
1549 1775 1834 1829 consilium
1892 1790 2055 1846 grave

1181 372 1264 426 EL'
1278 370 1451 424 SEBII
1487 369 1969 426 οιδλῐιιιιτιειε
2006 371 2050 426 ο

2200 369 2380 425 PARS
2420 371 2504 426 ill.
2548 402 2618 412 —
2652 368 3065 426 EXEGETICA.

883 485 992 541 illi
1062 487 1205 541 enim
1270 488 1397 541 vino
1457 486 1720 543 scelerate
1776 495 2128 558 egeruntzA

3633 369 3743 425 283

2230 505 2252 540 ι
2286 480 2445 540 οὗτοι
2473 488 2578 559 γὰρ
2606 486 2735 557 οἴνῳ
2765 485 3287 556 πεπλημμελημένοι
3315 478 3489 547 εξσίν·,
3506 485 3745 557 ἐπλανή-

2164 577 2335 650 θησαν
2380 577 2467 631 διὰ
2522 579 2581 631 τὸ
2614 579 2826 649 σίκερα·
2869 597 2887 631 ι
2925 582 3062 648 ὅπερ
3103 578 3152 630 οἱ
3198 578 3372 631 λοιποὶ
3410 579 3747 648 ἐρμηνευται

2167 688 2186 721 ι
2223 669 2474 740 μέθυσμα
2504 689 2521 720 ι
2543 669 2853 740 ὠνόμασαν.
2874 669 2991 722 Ἵνα
3021 668 3078 721 δὲ
3115 669 3187 739 μή
3210 683 3293 730 τις
3321 662 3462 721 οἶνον
3483 665 3748 721 ὑπολάϐοι

2161 763 2256 815 καὶ
2290 760 2546 832 μέθυσμα
2559 761 2620 815 τὸ
2637 761 2939 833 προχείρως
2972 760 3277 829 νοούμενον,
3301 758 3747 831 προησφαλίσατο

2159 853 2418 924 ἀνωτέρω
2443 852 2634 919 εἰπὼν,
2660 872 2680 904 ι
2721 855 2769 906 οί
2808 851 3096 924 μεθύοντες
3121 852 3247 905 ἄνευ
3275 851 3438 928 οἴνου.
3480 869 3497 902 ι
3532 849 3748 904 Οὐκοῦν

2159 941 2346 1015 ἕτερος
2394 940 2463 1015 ἦν
2492 940 2645 1009 οὗτος
2677 946 2704 998 6
2729 941 2892 1009 οἶνος,
2921 944 3015 1001 καὶ
3041 943 3167 997 ἄλλο
3199 942 3260 996 τὸ
3291 942 3622 1021 καλούμενον
3657 942 3746 996 σίο-

2161 1053 2319 1108 κερα,
2350 1038 2382 1107 ἢ
2419 1038 2480 1091 τὸ
2523 1038 2798 1110 μέθυσμα,
2852 1038 2918 1091 δι’
2954 1032 3015 1091 οῦ
3048 1036 3116 1090 τὰ
3162 1036 3260 1107 τῆς
3318 1035 3526 1107 πλάνης
3558 1034 3749 1097 αὐτοῖς

2159 1129 2371 1197 γέγονε.
2407 1148 2426 1181 ι
2479 1130 2678 1201 Ἱερεύς
2709 1132 2803 1184 καὶ
2836 1132 3118 1201 προφήτης
3143 1128 3436 1201 ἐξέστησαν
3463 1129 3551 1182 διὰ
3576 1129 3639 1182 τὸ
3666 1128 3749 1181 σί-

2160 1238 2317 1292 κερα·
2353 1222 2728 1293 κατεπόθησαν
2750 1222 2837 1276 διὰ
2862 1223 2952 1276 τὸν
2982 1220 3143 1284 οἶνον,
3169 1221 3488 1293 ἐσείσθησαν
3506 1220 3613 1275 ἀπὸ
3643 1220 3749 1291 τῆς

2162 1312 2355 1384 μέθης,
2390 1314 2792 1385 ἐπλανήθησαν·
2831 1316 3078 1368 τουτέστι
3114 1314 3324 1386 φάσμα.
3361 1333 3380 1366 ι

2235 1511 2255 1543 ι
2298 1493 2429 1565 Ἀρὰ
2458 1494 2633 1548 ἔδεται
2666 1494 2868 1568 ταύτην
2889 1496 2987 1567 τὴν
3011 1495 3225 1565 βουλήν·
3261 1494 3399 1567 αῦτη
3435 1494 3591 1567 γὰρὴ
3623 1495 3750 1566 βου-

2158 1584 2223 1657 λὴ
2269 1587 2431 1640 ἕνεκα
2483 1587 2809 1656 πλεονεξίας.
2852 1609 2870 1641 ι
2903 1590 3100 1660 Φάσμα
3131 1589 3238 1661 γάρ
3280 1584 3348 1660 ἦν
3378 1587 3594 1659 άληθῶς
3649 1589 3751 1643 καὶ

2159 1679 2452 1748 φάντασμα
2487 1678 2545 1732 τὸ
2584 1680 2793 1744 πάντας
2815 1681 3012 1743 αὐτοὺς
3044 1679 3255 1752 ἀθρόως
3286 1678 3356 1732 τὰ
3386 1678 3619 1733 τοσαῦτα
3642 1694 3752 1733 παο

2159 1768 2272 1823 θεῖν
2310 1771 2403 1825 καὶ
2417 1770 2478 1823 τὸ
2503 1770 2697 1843 βουλὴν
2726 1771 3113 1841 βουλεύσασθαι
3141 1771 3320 1841 δεινὴν
3350 1770 3445 1825 καὶ
3468 1770 3645 1833 ἄθεον,
3678 1771 3750 1841 ἣν

473 1865 809 1934 impiumque
842 1865 1092 1920 iniisscttt
1113 1908 1128 1933 ,
1164 1865 1305 1935 quod
1340 1866 1431 1920 Dei
1458 1866 1764 1921 maledictio
1797 1842 2050 1921 ittvasura

2159 1863 2576 1935 καταλήψεταιὴ
2604 1868 2670 1919 ἐκ
2692 1864 2785 1918 τοῦ
2810 1864 2943 1917 Θεοῦ
2970 1865 3098 1937 ἀρά.
3138 1864 3341 1928 Ἰούδας
3377 1863 3475 1935 μὲν
3491 1859 3582 1917 οὖν
3609 1878 3748 1933 χρη-

474 1968 577 2011 est.
609 1955 778 2012 Judas
827 1957 989 2023 igitur
1020 1959 1263 2029 pecunia.
1299 1969 1353 2013 et
1378 1958 1620 2013 avaritia:
1665 1974 1827 2013 causa
1861 1960 2053 2014 Salva-

474 2056 645 2102 torem
679 2048 916 2119 prodidit
952 2066 965 2103 :
995 2049 1190 2118 reliqui
1229 2064 1359 2102 vero
1404 2064 1525 2119 qua:
1570 2065 1634 2104 ex
1678 2051 1874 2121 populo
1917 2053 2056 2107 rele-

473 2141 661 2195 rebaut
729 2140 1092 2196 emolumenta
1162 2143 1546 2206 vindicantes,
1627 2158 1692 2198 ac
1748 2147 2054 2215 suspicione

474 2226 735 2299 permoti.
773 2245 841 2285 ne
876 2230 1077 2284 Christi
1107 2231 1331 2284 verbum
1382 2232 1529 2300 ipsos
1562 2233 1869 2304 principatu
1900 2249 2056 2289 ever-

473 2330 634 2384 teret.
666 2322 1129 2392 cormpirationcm
1174 2324 1225 2378 in
1261 2323 1410 2378 illmn
1456 2323 1798 2392 coullarunt;
1837 2342 1941 2398 qua
1989 2329 2055 2383 de

472 2427 635 2466 causa
665 2413 893 2482 dicitur,
938 2433 956 2467 ι
982 2413 1095 2470 lloc
1135 2416 1279 2470 enim
1311 2417 1595 2472 consilium
1628 2428 1849 2489 propter
1880 2422 2056 2474 avari-

473 2515 626 2560 tiam.
655 2522 674 2556 ι

546 2595 711 2650 Vens.
738 2594 792 2652 9.
828 2614 846 2649 ι
875 2596 975 2654 Cui
1020 2598 1462 2654 annuntiavimus
1494 2600 1679 2655 mala?
1725 2601 1790 2657 Et
1832 2604 1919 2657 cui
1959 2620 2057 2658 an-

475 2687 845 2743 nuntiavimus
882 2688 1172 2743 nuntium?
1196 2692 1287 2759 qui
1320 2692 1491 2747 avulsi
1526 2703 1648 2748 sunt
1693 2711 1723 2747 a
1760 2694 1920 2760 lacte,
1960 2698 2052 2767 qui

474 2777 734 2833 abstracti
772 2789 899 2835 sunt
935 2781 1004 2835 ah
1045 2784 1232 2837 ubere.
1282 2801 1301 2837 ι
1356 2784 1652 2855 Postquam
1707 2789 2052 2857 prophetiam

471 2868 538 2925 de
580 2885 782 2925 corona
816 2874 1105 2943 superbiae,
1138 2891 1202 2931 ac
1230 2876 1299 2931 de
1335 2878 1562 2948 reliQuis
1593 2880 1899 2949 subjnuctis
1957 2883 2053 2937 tle-

469 2961 789 3032 scripserat,
840 2980 1054 3020 rursum
1088 2969 1153 3020 ad
1186 2969 1544 3035 apostolicum
1578 2974 1827 3027 ordinem
1849 2976 2051 3030 transi-

472 3065 582 3107 tum
641 3053 787 3122 l'acit,
839 3056 996 3131 cujus
1067 3058 1181 3127 ipse
1233 3059 1498 3117 Dominus
1549 3061 1788 3120 Sabaoth
1851 3081 2054 3122 corona

2162 1955 2349 2026 μάτων
2365 1955 2548 2008 ἕνεκεν
2582 1955 2795 2026 καὶτῆς
2817 1956 3019 2009 τούτων
3052 1953 3363 2020 πλεονεξίας
3393 1953 3485 2007 τὸν
3513 1952 3749 2024 Σωτῆρα

2158 2049 2468 2121 παρεδίδου·
2496 2049 2546 2102 oi
2579 2048 2636 2101 δὲ
2668 2048 2867 2110 λοιποὶ,
2924 2046 3377 2127 μεταποιούμενοι
3407 2045 3505 2114 τῆς
3536 2032 3599 2097 ἐκ
3650 2042 3749 2097 τοῦ

2156 2137 2285 2192 λαοῦ
2312 2137 2642 2205 πλεονεξίας,
2668 2137 2764 2190 καὶ
2802 2136 2872 2207 μή
2905 2152 2980 2208 πη
3010 2138 3038 2188 6
3074 2133 3309 2206 Χριστοῦ
3333 2133 3489 2202 λόγος
3524 2130 3751 2186 καθέλοι

2157 2231 2355 2294 αὐτοὺς
2369 2231 2469 2301 τῆς
2495 2228 2670 2301 ἀρχῆς
2696 2226 3059 2301 ὑφορώμενοι,
3078 2228 3175 2298 τὴν
3207 2228 3326 2281 κατ’
3359 2224 3523 2280 αὐτοῦ
3543 2224 3749 2295 σκευὴν

2156 2320 2469 2393 ἐτύρευσαν·
2507 2319 2587 2373 διὸ
2631 2318 2865 2391 εἴρηται·
2907 2337 2925 2369 ι
2973 2317 3120 2389 Αῦτη
3147 2317 3255 2391 γὰρ
3285 2320 3312 2390 ἡ
3346 2317 3508 2389 βουλὴ
3550 2316 3746 2370 ἕνεκεν

2158 2411 2484 2477 πλεονεξίας.
2517 2430 2536 2465 ι

2230 2637 2257 2675 ο
2287 2622 2402 2674 Τίνι
2437 2618 2838 2691 ἀνηγγείλαμεν
2865 2617 3039 2679 κακὰ,
3066 2614 3160 2668 καὶ
3197 2614 3303 2667 τίνι
3341 2611 3747 2683 ἁνηγγείλαμεν

2157 2711 2445 2781 ἀγγελίανς
2480 2712 2526 2763 oi
2568 2704 3168 2778 άπογεγαλακτισμὲνοι
3217 2704 3324 2759 ἀπὸ
3353 2703 3645 2772 γάλακτος,
3689 2704 3747 2755 οί

2157 2803 2569 2875 ἀπεσπασμένοι
2608 2802 2714 2856 ἀπ’)
2739 2798 2965 2873 μαστοῦ.
2998 2819 3016 2851 ι
3054 2797 3369 2870 Διαγράψας
3397 2798 3425 2850 6
3455 2796 3610 2864 λόγος
3640 2794 3745 2867 τὴν

2158 2897 2284 2967 περὶ
2312 2894 2406 2949 τοῦ
2444 2893 2710 2963 στεφάνου
2758 2892 2857 2963 τῆς
2890 2891 3099 2963 ὕϐρεως
3123 2890 3218 2943 καὶ
3244 2888 3352 2942 τῶν
3386 2887 3510 2958 ἑξῆς
3540 2888 3746 2955 ἐπενη-

2157 2989 2433 3059 νεγμένων
2458 2986 2812 3058 προφητείαν,
2835 2983 3145 3055 μεταϐαίνει
3180 2982 3340 3036 πάλιν
3364 2983 3453 3034 ἐπὶ
3470 2980 3528 3033 τὺ
3553 2980 3744 3049 τάγμα

2157 3082 2216 3135 τὸ
2254 3080 2631 3143 ἁποστολικὸν,
2666 3074 2724 3133 οὗ
2755 3078 2972 3146 ἐλέγετο
3001 3072 3135 3130 εἶναι
3170 3075 3330 3139 αὐτὸς
3353 3077 3380 3128 ό
3401 3072 3601 3145 Κύριος
3637 3073 3744 3126 Σα-

470 3147 607 3214 spei.
648 3157 700 3202 et
734 3149 871 3203 tiara
906 3151 1092 3221 gloria:
1140 3168 1262 3209 esse
1303 3156 1608 3211 dicebatur.
1653 3158 1811 3215 llnnc
1860 3176 2043 3229 porro,

2159 3170 2302 3226 ϐαὼθ
2338 3172 2599 3240 στέφανος
2630 3168 2840 3232 ἐλπίδος
2876 3168 2968 3221 καὶ
3015 3166 3226 3238 κίδαρις
3252 3164 3425 3238 δόξης.
3460 3164 3567 3217 Καὶ
3598 3162 3743 3216 διδά-

473 3238 729 3294 videlicet
759 3243 1117 3310 apostolicum
1161 3246 1413 3310 chorum.
1453 3248 1613 3303 docet
1658 3252 1915 3306 Dominus
1951 3253 2052 3308 Sa-

474 3328 668 3399 baoth,
696 3341 755 3387 ut
786 3335 852 3388 ad
894 3351 1166 3392 atrtuunas
1197 3338 1298 3393 sibi
1328 3348 1551 3410 propter
1574 3340 1780 3398 Christi
1825 3348 2050 3400 verbum

473 3423 789 3481 iulerendas
850 3443 909 3483 se
957 3440 1287 3499 praeparent.
1351 3431 1698 3504 Quapropter
1754 3451 1849 3490 ceu
1909 3439 2053 3506 ipsos

470 3517 799 3586 compellans
828 3520 924 3584 ait,
956 3539 975 3573 ι
1006 3521 1102 3576 Cui
1131 3524 1584 3582 annuntiavimus
1627 3529 1815 3583 mala?
1869 3530 1933 3585 Et
1960 3531 2049 3585 cui

471 3609 913 3666 annuntiavitnus
964 3615 1257 3669 nuntium?
1311 3631 1377 3671 ac
1426 3618 1473 3673 si
1523 3622 1769 3688 apertius
1818 3623 2048 3688 diceret,

468 3698 604 3766 Quis
636 3699 834 3756 alacris
866 3713 922 3758 et
961 3716 1242 3777 promptus
1278 3716 1363 3763 est
1398 3709 1465 3762 ad
1514 3714 1875 3779 prmuuntiata
1908 3714 2047 3768 mala

466 3790 792 3849 subeunda?
817 3794 949 3850 Mala
978 3812 1142 3866 porro
1162 3800 1214 3854 iu
1245 3804 1518 3856 communi
1551 3814 1728 3871 vocat,
1751 3808 2046 3874 :erumnas,

468 3891 526 3936 et
560 3893 780 3953 uetera,
815 3903 933 3956 qua:
965 3890 1138 3946 tristia
1169 3903 1509 3962 reputantur,
1548 3895 1762 3954 labores
1814 3900 2046 3966 scilicet,

469 3974 804 4035 amictioues
852 3982 1072 4050 pietatis
1120 4000 1283 4041 causa
1331 4000 1633 4059 susceptas.
1679 3991 1785 4047 \‘os
1845 3997 2044 4050 etenim

469 4069 749 4138 apostolos
807 4087 988 4129 sermo
1038 4078 1266 4147 respicit
1296 4096 1310 4135 :
1340 4082 1452 4136 lucc
1486 4084 1640 4139 vobis
1677 4084 1858 4139 futura
1886 4088 2047 4157 polli-

466 4175 675 4217 cemur.
706 4161 839 4218 Nam
868 4182 990 4221 cum
1022 4167 1257 4224 infantes
1278 4174 1494 4238 essetis,
1525 4192 1880 4233 matnmarom
1911 4181 2050 4237 lacte

466 4254 679 4318 nutriti.
726 4257 865 4312 nihil
916 4258 1070 4316 vobis
1119 4263 1296 4320 simile
1345 4267 1699 4335 imminebat,
1748 4273 1817 4326 ob
1873 4276 2047 4330 tetatis

466 4346 832 4412 spiritualiter
860 4364 1099 4421 accepta:
1132 4355 1579 4415 itttmalurilalctn
1609 4380 1707 4417 :ac
1738 4366 2044 4435 hujttsutmii

468 4444 598 4492 tunc
630 4441 822 4504 eratis.
852 4444 951 4498 sub
981 4444 1099 4516 lege
1133 4447 1331 4518 Moysis
1362 4466 1461 4505 ceu
1495 4456 1785 4527 pa‘dagogo
1814 4473 2044 4513 versan-

2156 3282 2274 3318 σκει
2326 3263 2513 3317 τοῦτον
2547 3262 2709 3326 αὐτὸς
2754 3262 2784 3313 6
2834 3260 3039 3332 Κύριος
3077 3256 3328 3321 Σαϐαὼθ,
3360 3257 3502 3326 λέγω
3536 3255 3599 3327 δὴ
3646 3256 3744 3309 τὸν

2152 3357 2506 3413 ἁποστολικὺν
2565 3355 2724 3425 χορδν
2770 3352 3284 3426 παρασκευάζεσθαι
3344 3350 3481 3422 πρὸς
3533 3349 3742 3419 θλίψεις

2156 3449 2454 3522 μελλούσας
2487 3451 2671 3512 αὐτοῖς
2709 3447 3010 3517 ἐπάγεσθαι
3051 3446 3138 3499 διὰ
3173 3446 3261 3499 τὸν
3288 3442 3523 3515 Χριστοῦ
3560 3442 3740 3510 λόγον.

2152 3541 2245 3595 Διὸ
2277 3539 2466 3610 ὥσπερ
2512 3539 2799 3609 ἐπιφωνῶν
2839 3539 3021 3601 αὐτοῖς
3044 3536 3212 3606 λέγει·
3254 3557 3272 3587 ι
3312 3536 3429 3589 Τίνι
3483 3534 3740 3605 ἀνηγγείο

2152 3630 2322 3702 λαμεν
2356 3630 2533 3694 κακᾶς
2569 3629 2663 3683 καὶ
2692 3629 2799 3682 τίνι
2837 3626 3243 3697 άνηγγείλαμεν
3268 3622 3563 3693 ἀγγελίανς
3607 3641 3625 3672 ι
3663 3621 3738 3685 ὡς

2152 3723 2200 3774 εί
2226 3722 2554 3794 σαφέστερον
2587 3722 2759 3790 ἔλεγε·
2792 3720 2886 3785 Τίς
2906 3719 3012 3791 ἄρα
3030 3718 3308 3790 πρόθυμος
3336 3714 3739 3788 παραδέξασθαι

2152 3817 2220 3872 τὰ
2245 3816 2686 3888 ἐπαγγελλόμενα
2720 3814 2900 3879 κακὰς
2930 3813 3091 3867 Κακά
3121 3811 3177 3864 δὲ
3214 3810 3467 3881 ὀνομάζει
3502 3810 3737 3863 κοινοτέ-

2157 3926 2263 3981 ρως
2278 3909 2374 3972 τὰς
2410 3909 2761 3980 περιστάσεις
2792 3907 2885 3960 καὶ
2907 3906 2973 3960 τὰ
2995 3906 3322 3977 νομιζόμενα
3355 3902 3591 3974 λυπηρά·
3613 3902 3738 3964 τοὺς

2154 3999 2349 4063 πόνους
2394 3998 2593 4069 δηλαδὴ
2638 3998 2729 4052 καὶ
2770 3998 2869 4061 τὰς
2901 3997 3106 4066 θλίψεις
3134 3998 3231 4059 τὰς
3265 3996 3403 4067 ὑπὲρ
3433 3992 3736 4056 εὐσεϐείας.

2152 4090 2294 4162 Πρὸς
2332 4092 2474 4160 ὑμᾶς
2503 4090 2610 4160 γὰρ
2651 4091 2777 4153 τοὺς
2828 4089 3157 4151 ἀποστόλους
3189 4088 3334 4141 ἐστὶν
3357 4090 3384 4141 6
3412 4086 3587 4155 λόγος,
3642 4087 3732 4139 καὶ

2149 4180 2320 4235 ταῦτα
2346 4180 2472 4253 περὶ⁹
2513 4180 2667 4251 ὑμῶν
2721 4179 3145 4250 ἐπαγγέλλομεν.
3192 4179 3320 4231 Ὅτε
3356 4178 3453 4248 μὲν
3480 4177 3586 4247 γὰρ
3635 4172 3734 4247 ἦτε

2148 4274 2350 4346 νήπιοι,
2385 4274 2584 4327 ὡσανεὶ
2617 4272 2722 4326 ὑπὸ
2749 4271 2935 4343 μαζῶν
2967 4271 3289 4343 τρεφόμενοι
3313 4267 3737 4337 γάλακτι,ούδέν

2149 4360 2217 4437 ἦν
2251 4366 2379 4436 ύμῖν
2413 4364 2759 4435 ἐπικείμενον
2801 4362 3037 4416 τοιοῦτον
3070 4362 3158 4416 διὰ
3192 4362 3253 4416 τὸ
3282 4360 3469 4424 ἀτελὲς
3492 4360 3590 4432 τῆς
3610 4376 3736 4431 νοη-

2148 4455 2250 4523 τῆς
2265 4455 2500 4526 ἡλικίας·
2537 4453 2766 4508 τοιοῦτοι
2787 4453 2843 4506 δὲ
2863 4451 3222 4523 τυγχάνοντες
3245 4452 3294 4504 ci
3325 4450 3429 4503 ὑπὸ
3461 4449 3738 4519 παιδαγω-

469 4540 570 4592 tes,
597 4530 711 4585 sive
736 4533 909 4602 prima
946 4537 1047 4606 piae
1078 4540 1339 4597 doctrina:
1380 4545 1719 4602 institutione
1766 4554 1920 4618 quasi
1963 4553 2039 4604 la-

2159 4548 2241 4617 τὸν
2256 4547 2347 4600 τὸν
2377 4548 2653 4610 Μωῦσὲως
2670 4546 2852 4616 νόμον,
2885 4545 2993 4597 εἴτε
3011 4543 3273 4614 γαλουχού
3283 4560 3432 4614 μενοι
3455 4544 3570 4605 ταῖς
3592 4541 3737 4614 πρώ-

465 4633 554 4676 ctc
601 4622 788 4679 refecti
819 4641 835 4691 ;
869 4644 1012 4683 nunc
1055 4643 1234 4687 autem
1282 4651 1404 4690 cum
1439 4639 1491 4690 in
1524 4640 1845 4707 perlectiore
1884 4653 2044 4700 :etate

464 4731 493 4768 a
519 4716 791 4785 raedagogi
822 4735 952 4774 cura
979 4725 1180 4787 educti,
1202 4728 1266 4779 ad
1294 4729 1680 4797 perfectiorem
1720 4735 2039 4800 magistrum

464 4810 825 4876 secesseritis,
879 4828 909 4865 a
962 4813 1117 4885 legali
1180 4817 1320 4876 lacte
1364 4822 1610 4888 abducti,
1654 4833 1708 4877 et
1755 4840 1785 4878 a
1825 4829 2038 4892 matris,

463 4902 578 4954 sive
627 4897 835 4956 Judaici
911 4912 968 4958 et
1023 4910 1270 4978 corporei
1337 4911 1538 4978 cultus,
1588 4914 1713 4969 sinu
1778 4917 2037 4972 abstracti

461 4990 617 5047 estis.

532 5176 698 5234 Vens.
721 5180 905 5237 {0-12.
942 5203 961 5233 ο
994 5184 1420 5242 Trilmlationem
1448 5190 2036 5257 supertrilmlationem

461 5283 738 5339 exspecta,
775 5289 925 5344 spem
957 5291 1122 5347 super
1153 5294 1300 5348 spem
1336 5299 1349 5336 :
1386 5281 1562 5335 adhuc
1600 5297 1815 5350 parum,
1860 5286 2037 5339 adhuc

461 5377 687 5431 parum:
723 5369 1279 5439 prupterdespectum
1313 5371 1600 5436 labiormn,
1655 5390 1750 5443 per
1799 5375 2036 5445 linguam

461 5455 664 5511 aliam°
718 5460 842 5529 quia
881 5460 1172 5531 loquentur
1224 5465 1422 5534 populo
1471 5464 1618 5529 huic,
1661 5468 1909 5522 dicentes
1966 5468 2039 5533 ei,

398 5616 404 5621 η
462 5545 702 5619 Requies
743 5553 1027 5610 esurienti.
1063 5564 1117 5608 et
1155 5554 1270 5611 haec
1320 5565 1403 5611 est
1437 5559 1715 5623 contritio,
1752 5568 1807 5614 et
1852 5560 2042 5617 uolue-

464 5652 591 5701 mut
641 5643 851 5702 audire.
897 5663 915 5697 ι
964 5640 1093 5703 llaec
1145 5650 1444 5712 apostolico
1480 5649 1647 5705 choro
1674 5652 1948 5718 dicuntur,
1984 5663 2039 5709 et

2146 4655 2266 4702 ταις
2289 4639 2618 4705 εἰσαγωγαῖς
2640 4637 2732 4689 τοῦ
2750 4634 3032 4698 θεοσεϐοῦς
3058 4634 3235 4702 λόγου·
3268 4632 3362 4687 νῦν
3386 4632 3442 4686 δὲ
3466 4634 3575 4696 ὅτε,
3608 4649 3736 4705 προ·

2148 4729 2410 4799 κόψαντες
2425 4732 2488 4800 τῇ
2514 4729 2719 4800 ἡλικία,
2744 4729 2835 4782 τοῦ
2860 4728 2955 4799 μὲν
2981 4725 3327 4794 παιδαγωγοῦ
3354 4725 3729 4798 ἀπηλλάγητε,

2143 4818 2223 4889 τῷ
2254 4819 2308 4872 δὲ
2332 4818 2519 4890 τελείῳ
2549 4820 2849 4889 διδασκάλῳ
2882 4816 3336 4890 προσεληλύθατε,
3365 4818 3732 4886 ἀπογαλακτι-

2144 4914 2363 4977 σθέντες
2416 4913 2523 4966 ἀπὸ
2572 4912 2796 4985 νομικοῦ
2831 4913 3098 4981 γάλακτος
3143 4916 3237 4967 καὶ
3290 4911 3731 4975 ἀποσπασθέντες

2139 5007 2215 5071 ὡς
2263 5008 2371 5061 ἀπὸ
2404 4992 2610 5079 μητρὸς
2658 5008 2760 5079 τῆς
2806 5008 3100 5078 Ἰουδαϊκῆς
3151 5010 3242 5063 καὶ
3277 5008 3590 5079 σωματικῆς
3636 5008 3731 5062 λα-

2141 5099 2348 5170 τρείας.

2218 5212 2235 5244 ι
2277 5193 2465 5263 Θλίψιν
2487 5195 2575 5247 ἐπὶ
2608 5192 2784 5261 θλίψιν
2814 5193 3132 5265 προσδέχου,
3176 5192 3363 5246 ἐλπίδα
3394 5192 3478 5245 ἐπ’
3515 5192 3725 5246 ἐλπίδα·

2140 5288 2222 5341 ἔτι
2266 5288 2476 5360 μικρὸν,
2507 5287 2587 5340 ἔτι
2623 5287 2836 5359 μικρόν·
2877 5286 2965 5341 διὰ
3008 5286 3310 5357 φαυλισμδν
3345 5286 3588 5359 χειλέων,
3642 5285 3730 5341 διὰ

2142 5382 2391 5450 γλώσσης
2422 5379 2630 5450 ἐτέρας·
2654 5379 2734 5432 ὅτι
2758 5378 3050 5449 λαλήσουσι
3083 5378 3160 5450 τῷ
3191 5379 3302 5451 λαῷ
3335 5378 3508 5449 τούτῳ
3534 5378 3725 5447 λέγον-

2140 5487 2231 5535 τες
2272 5470 2437 5542 αὐτῷ·
2499 5472 2822 5543 Ἀνάπαυμα
2854 5471 2931 5543 τῷ
2991 5472 3273 5537 πεινῶντι,
3333 5472 3426 5525 καὶ
3468 5469 3629 5523 τοῦτο
3665 5468 3727 5522 τὸ

2144 5562 2475 5635 σύντριμμα,
2512 5564 2605 5616 καὶ
2624 5563 2724 5616 οῦκ
2745 5563 3015 5636 ἠθέλησαν
3054 5563 3271 5617 ἀκούειν
3300 5563 3431 5633 (33).
3455 5582 3473 5611 ι
3495 5562 3725 5629 Λέγεται

2141 5652 2197 5706 δέ
2241 5653 2415 5707 ταῦτα
2461 5654 2597 5727 πρὸς
2628 5655 2716 5707 τὸν
2748 5656 2910 5729 χορὸν
2942 5656 3033 5708 τὸν
3066 5655 3418 5709 ἀποστολικὸν
3445 5655 3538 5709 καὶ
3590 5670 3725 5725 προς

538 5739 1067 5840 iﬁlllierouymus,
1116 5777 1135 5809 ι
1182 5757 1443 5840 [toti-uitur
1490 5770 1670 5840 autem
1733 5764 1799 5820 ad
1859 5763 2084 5819 chorum
2129 5766 2507 5834 apostolicum,
2549 5768 2899 5838 omniumque
2940 5768 3299 5835 credentium,
3334 5788 3353 5822 ι
3410 5778 3494 5825 etc
3525 5811 3539 5836 ,
3598 5786 3719 5840 qui:

470 5817 557 5877 ille
583 5825 694 5889 pari
725 5817 904 5895 modo:
942 5830 1034 5883 sed
1053 5817 1405 5899 paucioribus
1427 5834 1692 5889 enuntiat.
