3984 6512
242 395 359 450 139

1174 396 1687 452 COMMENTABIA
1733 397 1795 451 IN
1836 397 2096 452 iSAIAM.
2136 427 2205 441 σ-
2241 403 2396 451 CAP.
2441 403 2677 453 XXVIII.

3425 410 3533 461 που

244 517 465 579 πάντας
481 515 609 579 τοὺς
629 516 708 586 τῷ
737 515 990 585 σωτηρίῳ
1012 514 1328 587 Εὐαγγελίῳ
1352 517 1844 588 μαθητευσμένους.

1958 514 2213 569 omnibus
2235 515 2326 584 qui
2352 514 2605 569 salutaris
2646 514 2923 584 Evangelii
2970 515 3257 587 disciplina
3292 519 3528 573 lttstituti

238 608 318 663 σο
350 608 438 662 δεῖ
467 607 524 661 δέ
558 610 617 662 ἐν
642 611 761 670 ταῖς
786 606 1027 677 θλίψεσιν
1054 609 1262 662 ἑαυτῶν
1284 610 1383 682 τὴν
1410 610 1681 682 σωτηρίαν
1716 611 1840 664 ἁπο-

238 697 559 768 γινώσκειν,
592 699 669 763 ὡς
696 701 754 752 ἐν
785 698 962 770 θλίψει
1001 701 1230 754 πάντοτε
1263 702 1678 773 προσδοκῶντας
1722 702 1841 756 Eos-

235 791 391 848 σθαι·
418 794 547 848 ὅσον
592 793 702 864 γὰρ
745 792 918 858 οὔπω,
964 797 1323 868 παυσαμένης
1354 798 1453 867 τῆς
1486 796 1736 866 θλίψεως,
1770 798 1838 851 τά

233 888 302 939 ἐκ
330 883 548 954 ταύτης
604 878 765 955 ὑμᾶς
797 883 1027 956 βραϐεῖα
1059 886 1380 953 διαδέξεται,
1432 888 1659 960 νικητὰς
1700 890 1839 943 ἀπο-

232 972 570 1043 φανθέντας,
602 974 698 1027 καὶ
716 974 810 1027 τὸν
840 975 1103 1044 στέφανον
1127 976 1229 1046 τῆς
1255 975 1467 1041 ἐλπίδος
1484 977 1575 1032 τὸν
1609 978 1840 1034 πλακὲν-

230 1081 301 1120 τα
314 1066 424 1137 τῆς
452 1066 615 1136 δόξης
634 1065 1100 1137 ἀναδησαμένους.
1130 1068 1331 1140 Διόπερ
1353 1068 1542 1121 ἐλπίδα
1559 1069 1645 1123 ἐπ’
1663 1070 1836 1125 ἐλπίδι

229 1156 460 1223 ἐπάγει,
490 1157 551 1210 ού
580 1156 719 1227 μετά
748 1158 957 1228 μακρὸν
972 1157 1249 1229 διάστημα
1267 1159 1365 1228 τῆς
1394 1158 1643 1229 θλίψεως·
1662 1160 1835 1233 βραχὺ

229 1247 341 1319 γάρ
376 1264 432 1300 τι
470 1247 623 1302 ἔσται
673 1248 737 1301 τὸ
772 1248 997 1319 μεταξύ·
1033 1249 1115 1302 διό
1147 1265 1335 1321 φησιν,
1388 1269 1403 1303 ι
1447 1251 1570 1304 Ἔτι
1616 1254 1832 1323 μικρόν·

238 1332 307 1387 Ἡ
349 1352 372 1386 ι
440 1333 555 1408 γὰρ
605 1354 623 1385 t
664 1334 843 1405 θλίψις
897 1336 1173 1408 ὑπομονὴν
1231 1338 1656 1411 κατεργάζεται·
1698 1345 1732 1414 ἡ
1779 1343 1836 1397 δὲ

227 1426 489 1498 ὑπομονὴ
535 1426 783 1501 δοκιμήν·
818 1429 851 1499 ἡ
882 1428 940 1483 δὲ
971 1428 1166 1501 δοκιμὴ
1195 1430 1404 1485 ἐλπίδα·
1432 1435 1464 1504 ή
1492 1433 1548 1487 δὲ
1570 1433 1724 1499 ἐλπὶς
1773 1436 1833 1489 οὐ

228 1515 615 1587 καταισχύνει.
660 1536 679 1570 t
727 1519 1078 1584 Φαυλίζοντες
1111 1520 1216 1593 γὰρ
1250 1522 1394 1592 ὑμᾶς
1441 1526 1490 1577 οί
1540 1522 1832 1591 θλίϐοντες,

227 1605 324 1659 καὶ
376 1606 760 1677 χλευάζοντες,
814 1608 1179 1682 λοιδοροῦντες
1226 1613 1320 1666 καὶ
1363 1612 1831 1686 βλασφημοῦντες,

224 1697 575 1753 διατελοῦσιν
608 1700 923 1774 ἀλλοιιιτέρςγ⁵
940 1702 1160 1777 γλώσσῃ
1192 1705 1481 1776 χρώμενοι.
1516 1700 1615 1760 Ὧν
1638 1707 1719 1759 δεῖ
1736 1726 1835 1760 κα-

226 1793 527 1861 ταφρονεῖν
559 1790 649 1845 διὰ
677 1791 776 1863 τὴν
809 1792 889 1847 ἔτι
924 1792 1119 1866 μικρὸν
1161 1794 1545 1868 διαδεξομὲνην
1576 1798 1720 1869 ὑμᾶς
1744 1797 1832 1851 ι).-

222 1880 383 1935 πεδα.

300 2039 320 2070 ι
361 2020 480 2073 Καὶ
506 2019 660 2075 ἔσται
684 2020 867 2086 αὐτοῖς
886 2021 949 2076 τὸ
978 2021 1156 2093 λόγιον
1190 2023 1285 2079 τοῦ
1320 2022 1478 2091 Θεοῦ,
1529 2028 1707 2098 θλίψις
1740 2031 1833 2083 ἐπὶ

222 2111 431 2182 θλίψει,
468 2112 627 2177 ἐλπὶς
666 2114 753 2167 ἐπ’
796 2113 990 2168 ἐλπίδι·
1015 2115 1093 2169 ἔτι
1132 2117 1346 2188 μικρὸν,
1382 2118 1462 2171 ἔτι
1495 2121 1707 2191 μικρὸν·
1747 2120 1833 2173 ἵνα

225 2203 581 2275 πορευθῶσιν
600 2207 680 2269 εἰς
709 2205 775 2258 τὰ
794 2206 989 2271 ὀπίσω,
1026 2210 1120 2262 καὶ
1148 2208 1552 2274 κινδυνεύσωσι,
1585 2211 1677 2264 καὶ
1713 2228 1834 2265 συν-

224 2295 621 2367 τριϐήσωνται,
645 2298 739 2351 καὶ
758 2297 1094 2355 ἁλὼσωνται.
1122 2319 1139 2351 ι
1161 2302 1441 2356 Δείκνυσιν
1469 2304 1497 2356 ό
1530 2302 1684 2372 λόγος
1707 2305 1833 2369 τοὺς

222 2392 289 2444 ἐκ
344 2390 663 2462 περιτομῆς
700 2392 985 2456 ἀπίστους,
1044 2394 1093 2447 οἳ
1136 2394 1197 2447 ού
1234 2394 1554 2466 θελήσουσιν
1589 2395 1824 2449 ἀκούειν.

222 2482 437 2554 Διόπερ
456 2500 474 2534 ι
492 2484 708 2550 Ἔσται,
737 2485 891 2557 φησὶ,
912 2483 971 2538 τὸ
997 2485 1175 2553 λόγιον
1202 2488 1407 2559 Κυρίου
1429 2489 1630 2553 αὐτοῖς,
1656 2488 1831 2558 θλίψις

226 2573 317 2627 ἐπὶ
370 2574 578 2645 θλίψει.
613 2594 632 2627 ι
688 2578 751 2630 Ui
785 2578 894 2649 γὰρ
945 2576 1018 2649 μὴ
1056 2578 1405 2650 βουληθέντες
1456 2579 1545 2634 διὰ
1596 2579 1831 2652 Χριστὸν

228 2666 538 2731 θλίϐεσθαι,
569 2669 703 2742 μηδὲ
736 2670 834 2741 τὴν
870 2671 1062 2744 στενὴν
1091 2673 1184 2725 καὶ
1204 2672 1569 2744 τεθλιμμένην
1589 2674 1826 2729 ὁδεῦσαι·

224 2759 323 2831 τὴν
344 2761 616 2816 πλατεῖαν
635 2762 692 2816 δὲ
724 2763 813 2816 καὶ
832 2762 1141 2835 εὐρύχωρον
1166 2763 1517 2829 ἀπελθόντες,
1537 2782 1604 2817 πε
1613 2764 1830 2819 σοῦνται

225 2854 304 2918 είς
325 2852 403 2906 τὰ
436 2853 616 2908 ὀπίσω
649 2856 742 2909 καὶ
774 2856 1245 2927 συντριϐήσονται,
1272 2856 1368 2909 καλ⁵
1401 2856 1826 2919 κινδυνεύσουσι,

225 2947 317 2999 καὶ
335 2945 665 3001 ἁλώσονται.
702 2946 887 3001 Ταῦτα
942 2947 1052 3021 γὰρ
1081 2948 1258 3002 πάντα
1286 2947 1586 3013 διαδέξεται
1634 2949 1832 3013 αὐτοὺς

226 3038 301 3107 μὴ
333 3037 707 3109 βουληθέντας
735 3039 796 3092 τὸ
844 3039 1143 3111 προλεχθὲν
1173 3040 1354 3109 λόγιον
1387 3041 1591 3113 Κυρίου
1646 3058 1827 3113 παρα-

222 3127 509 3195 δέξασθαι·
546 3129 758 3207 ἑαυτοῖς
779 3129 834 3182 δέ
859 3129 1121 3194 πτώσεως
1151 3131 1246 3185 καὶ
1282 3131 1573 3203 συντριϐἧτ⁸
1598 3132 1830 3203 γενομέ-

222 3239 347 3281 νους
384 3221 620 3285 αἰτίους.

293 3356 315 3389 ι
344 3337 451 3390 Διὰ
481 3336 641 3390 τοῦτο
670 3336 939 3391 ἀκούσατε
960 3338 1115 3407 λόγον
1142 3339 1368 3410 Κυρίου,
1400 3339 1829 3412 ἄνδρεςτεθλιμ-

223 3441 403 3493 μενοι,
432 3428 531 3480 καὶ
566 3429 613 3481 oi
648 3427 907 3501 ἄρχοντες
926 3428 1020 3481 τοῦ
1052 3428 1181 3483 λαοῦ
1214 3430 1403 3484 τούτου
1425 3430 1519 3484 τοῦ
1543 3433 1602 3485 ἐν
1642 3432 1833 3503 Ἰερου·

223 3520 433 3591 σαλὴμ.
473 3540 494 3571 ι
534 3522 744 3574 Ὄντων
801 3522 908 3595 γὰρ
944 3522 1035 3575 καὶ
1068 3522 1242 3576 ἄλλων
1273 3521 1584 3593 χλευαστῶν
1618 3522 1827 3594 ἀνδρῶν

220 3613 328 3667 τῶν
357 3614 496 3686 παρ’
522 3615 747 3686 Ἕλλησι
780 3611 1142 3689 διασυρόντων
1164 3616 1255 3669 τὸν
1271 3615 1506 3689 Χριστοῦ
1533 3617 1707 3687 λόγον·
1741 3618 1827 3670 ἵνα

223 3708 295 3780 μή
332 3725 423 3770 τις
457 3708 705 3782 ὑπολάϐῃ
733 3708 860 3780 περὶ
878 3708 1165 3780 ἐτέρωντὰ
1192 3708 1528 3780 προκείμενα
1549 3708 1824 3779 λέγεσθαι,

221 3798 480 3873 ἀκριϐῶς
515 3801 609 3854 καὶ
642 3800 956 3870 ἀναγκαίως
996 3800 1339 3872 προσέθηκεν
1386 3799 1469 3865 τὺ,
1504 3802 1553 3853 oi
1583 3801 1827 3867 ἐξουσιά-

220 3895 410 3961 (avra;
436 3891 533 3945 τοῦ
566 3891 695 3945 λαοῦ
721 3890 932 3944 τούτου.
965 3891 1073 3944 Καὶ
1101 3890 1398 3963 ἐπειδήπερ
1430 3892 1524 3946 καὶ
1551 3892 1708 3956 ἐκτὸς
1730 3894 1827 3965 τῆς

229 3984 595 4055 Ἰερουσαλὴμ
636 3979 777 4055 ἦσαν
826 3982 1044 4044 πλείους
1087 3981 1193 4035 ἀνά
1222 3983 1398 4035 πᾶσαν
1431 3983 1529 4055 τὴν
1569 3982 1826 4037 Ἰουδαίαν

222 4078 318 4133 καὶ
349 4075 645 4129 Γαλιλαίαν
677 4075 1019 4147 προεστῶτες
1065 4073 1159 4127 τοῦ
1204 4072 1357 4137 λαοῦ,
1405 4075 1826 4146 ἐπισημαίνεται

221 4167 475 4241 ἀκριϐῶς
535 4167 672 4239 πρὸς
718 4167 904 4230 ποίους
963 4166 1229 4241 ἄρχοντας
1263 4166 1357 4219 καὶ
1411 4167 1825 4233 ἐξουσιάζοντας

222 4261 315 4315 τοῦ
354 4259 487 4313 λαοῦ
510 4259 683 4312 ταῦτα
703 4259 930 4328 γένοιτο.

295 4394 316 4425 ι
366 4375 489 4427 Ὀτι
524 4374 737 4426 εἴπατε·
800 4373 1166 4444 Ἑποιήσαμεν
1215 4373 1480 4445 διαθήκην
1536 4372 1674 4443 μετά
1730 4372 1824 4425 τοῦ

221 4464 375 4528 ᾅδου,
413 4466 509 4517 καὶ
547 4463 682 4534 μετά
703 4464 795 4517 τοῦ
832 4463 1064 4518 θανάτου
1100 4463 1395 4533 συνθήκας.
1426 4463 1694 4532 Καταιγὶς
1725 4479 1823 4532 φε-

223 4558 431 4629 ρομένη
460 4557 556 4610 ἐὰν
586 4554 853 4627 παρέλθῃ,
876 4556 934 4609 ού
971 4557 1046 4628 μὴ
1078 4555 1285 4631 ἐπέλθῃ
1319 4557 1592 4628 ἐφ’ήμᾶς·
1620 4555 1822 4627 ἐθήκα-

1951 618 2098 663 sunt.
2142 606 2197 661 In
2245 607 2516 677 angustiis
2549 618 2729 660 autem
2773 610 2839 661 de
2888 608 3065 663 salute
3094 609 3389 679 desperare
3421 624 3528 663 non

1948 709 2185 769 oportet,
2222 716 2287 755 ac
2312 701 2356 754 si
2391 713 2611 769 semper
2643 715 2741 755 vos
2768 703 2954 755 eodem
2985 701 3036 755 in
3071 710 3213 756 statu
3237 716 3531 757 mansuros

1949 793 2283 862 exspectetis
2338 810 2353 847 :
2405 793 2811 861 quamprimum
2864 793 3033 855 enim,
3086 804 3333 848 cessante
3392 792 3530 849 allii-

1948 886 2152 950 ctione,
2185 885 2303 955 ejus
2319 900 2417 938 vos
2438 883 2657 952 przemia
2687 884 2983 954 excipient,
3016 899 3136 938 cunt
3172 885 3408 940 victores
3433 887 3527 939 dc-

1945 977 2160 1043 ciarali,
2214 992 2413 1032 corona
2451 977 2588 1044 spei,
2647 990 2766 1044 qua:
2815 975 3002 1045 gloria:
3050 977 3370 1045 cmnpiicata
3419 986 3529 1041 est,

1948 1069 2342 1124 redimientini.
2396 1068 2659 1136 Quocirca
2712 1081 2863 1135 spent
2905 1083 3067 1137 supra
3110 1084 3259 1136 spettt
3300 1069 3532 1141 ingerit,

1944 1176 2053 1215 non
2087 1170 2208 1230 post
2241 1160 2465 1214 multum
2511 1160 2753 1229 elapsum
2788 1159 2873 1213 alii
2898 1160 3097 1215 etionis
3126 1170 3372 1231 tempus:
3410 1178 3529 1216 mo-

1945 1252 2127 1305 dicunt
2160 1252 2307 1307 enim
2338 1250 2500 1320 spatii
2542 1252 2883 1307 intercedet:
2926 1266 3097 1321 quare
3137 1253 3237 1317 ait,
3293 1252 3527 1308 tAdlntc

1946 1346 2214 1399 modicum
2243 1360 2257 1409 ;
2289 1362 2306 1396 ι
2334 1360 2457 1398 natn
2494 1362 2513 1395 t
2548 1345 2824 1398 tribulatio
2884 1344 3200 1413 patientiam
3237 1355 3533 1412 operatur;

1942 1437 2205 1505 patientia
2239 1451 2392 1500 vero,
2444 1438 2820 1506 probationem
2848 1452 2864 1502 ;
2910 1435 3157 1506 probatio
3186 1450 3335 1505 spem
3366 1454 3381 1501 ;
3408 1451 3532 1505 spec

1943 1540 2125 1583 autem
2168 1544 2273 1583 non
2310 1527 2692 1584 confundit".
2721 1547 2740 1581 ι
2780 1528 3059 1598 Siquidem
3092 1529 3126 1581 ii
3163 1528 3252 1597 qui
3278 1543 3374 1582 vos
3394 1545 3531 1582 :erno

1942 1622 2087 1676 mnis
2118 1631 2396 1690 premunt,
2430 1631 2767 1691 contemptu,
2800 1623 2933 1687 risu,
2962 1620 3249 1683 conviciis,
3278 1619 3529 1689 blasphe-

1944 1716 2048 1769 mis
2095 1716 2257 1770 dictis
2307 1730 2401 1769 vos
2454 1715 2758 1779 incessunt,
2820 1714 2999 1771 aliena
3046 1722 3267 1767 utentes
3324 1712 3529 1782 lingua.

1945 1802 2094 1870 Quos
2127 1806 2196 1860 ob
2236 1820 2383 1873 Spem
2431 1819 2527 1857 vos
2568 1804 2973 1872 quamprimum
3008 1813 3389 1873 excepturum,
3429 1804 3527 1859 de-

1864 1905 1905 1960 B
1936 1896 2147 1965 spectui
2179 1896 2429 1951 ltabeatis
2466 1898 2706 1966 oportet.

2009 2023 2179 2079 Vens.
2216 2025 2306 2079 15.
2344 2043 2362 2076 ι
2396 2024 2465 2080 Et
2494 2026 2598 2081 erit
2636 2024 2717 2080 eis
2751 2038 2934 2079 sermo
2961 2023 3079 2087 Dei,
3116 2025 3398 2079 tribulatio
3433 2040 3529 2080 su-

1934 2130 2036 2187 per
2087 2115 2521 2181 tribulationem,
2578 2130 2701 2185 spes
2764 2130 2927 2183 super
2984 2130 3170 2183 spem:
3220 2117 3398 2169 adltuc
3431 2130 3528 2185 pa-

1937 2219 2078 2271 rum,
2110 2207 2285 2259 adltuc
2314 2222 2543 2275 parum;
2582 2217 2640 2257 ut
2683 2206 2884 2259 abeant
2930 2216 3255 2269 retrorsum,
3290 2217 3344 2260 et
3381 2208 3528 2276 peri-

1935 2297 2197 2351 clitentur
2219 2335 2234 2361 ,
2273 2309 2325 2351 et
2361 2307 2739 2363 conterantur,
2778 2307 2832 2351 et
2861 2298 3172 2365 capiantur.
3200 2317 3219 2351 ι
3260 2297 3354 2351 llis
3388 2300 3527 2355 indi-

1934 2399 2133 2443 cantur
2163 2390 2422 2445 increduli
2469 2405 2538 2444 οι
2580 2389 3025 2452 circumcisione,
3063 2392 3153 2457 qui
3188 2392 3381 2445 audire
3421 2407 3522 2445 no-

1935 2481 2069 2535 lettt.
2125 2481 2494 2548 Quamobretn
2539 2482 2639 2544 ait,
2682 2500 2701 2532 t
2731 2481 2844 2534 Erit
2881 2482 3011 2551 ipsis
3053 2498 3237 2536 sermo
3286 2482 3521 2546 Domini,

1936 2572 2211 2627 tribulatio
2267 2588 2430 2641 Super
2475 2574 2902 2628 tribulationem.
2944 2592 2963 2625 ι
3032 2574 3133 2638 Qui
3192 2576 3336 2629 enint
3386 2573 3523 2629 ami-

1935 2668 2174 2719 ctionetn
2214 2678 2435 2735 propter
2474 2666 2752 2719 Cltristutn
2798 2666 3138 2720 subeundam
3190 2666 3522 2731 detrectant,

1933 2767 1988 2809 et
2022 2757 2073 2809 in
2106 2767 2331 2827 angusta
2370 2768 2631 2827 aretaque
2683 2759 2765 2810 via
2801 2758 3055 2812 incedere
3090 2758 3301 2821 nolunt,
3327 2760 3424 2814 sed
3469 2761 3522 2814 itt

1934 2846 2096 2900 latam
2139 2858 2191 2900 et
2233 2851 2525 2917 spatiosam
2584 2850 2809 2914 abeunt,
2854 2861 3159 2903 retrorsum
3217 2854 3417 2907 cadent
3466 2862 3525 2907 et

1934 2949 2308 3006 conterentur,
2362 2941 2839 3009 perieiitabuutur,
2906 2952 2963 2995 et.
3026 2943 3333 3011 capientur.
3394 2944 3523 3001 Ha'c

1934 3035 2133 3103 quippe
2164 3035 2344 3088 omnia
2373 3036 2497 3089 illos
2528 3038 2824 3105 excipient,
2859 3040 3003 3106 quod
3043 3040 3365 3106 prmdietutn
3403 3056 3523 3094 ser-

1934 3141 2155 3179 monem
2201 3126 2416 3181 Domini
2468 3128 2722 3197 amplecti
2765 3130 3164 3196 rernsaverint,
3210 3145 3275 3184 ac
3304 3132 3522 3187 contriv

1938 3218 2103 3273 tionis
2138 3230 2394 3275 auctores
2418 3212 2683 3290 sibiipsis
2717 3220 2937 3277 fuerint.

2014 3331 2174 3386 Vens.
2216 3332 2302 3387 Ii.
2352 3350 2371 3386 ι
2420 3332 2721 3403 Propterea
2772 3338 2956 3391 audite
3011 3338 3236 3393 verbum
3278 3338 3520 3409 Domini,

1933 3424 2035 3479 viri
2074 3425 2338 3491 ttibttlati,
2377 3437 2425 3482 et
2460 3429 2737 3499 principes
2771 3431 2953 3500 populi
2984 3431 3166 3502 bnjns,
3203 3435 3296 3502 qni
3331 3444 3417 3487 est
3467 3436 3520 3487 in

1930 3520 2256 3580 Jt‘rIISﬂitBIII.
2302 3545 2321 3577 ι
2368 3525 2585 3583 Etenim
2623 3546 2746 3584 enm
2801 3530 2890 3585 alii
2932 3532 3205 3588 derisores
3238 3533 3339 3587 viri
3385 3533 3518 3596 sint,

1930 3615 2021 3684 qui
2059 3618 2197 3685 apud
2234 3615 2452 3673 Graecos
2488 3618 2691 3674 Christi
2733 3636 3040 3675 sermonem
3097 3624 3417 3686 traducunt,
3452 3640 3519 3678 ne

1931 3705 2054 3773 quis
2106 3706 2480 3775 suspicaretur
2521 3712 2637 3764 inec
2684 3708 2749 3762 ad
2789 3711 2928 3765 alios
2956 3722 3227 3778 spectare.
3261 3727 3521 3769 accurate

1930 3811 1994 3850 ac
2018 3799 2331 3852 necessario
2366 3799 2585 3866 adjecit,
2616 3804 2879 3872 principes
2920 3804 3081 3875 hujus
3110 3807 3314 3872 populi.
3372 3807 3519 3873 Quo-

1931 3889 2077 3941 niam
2114 3904 2242 3943 vero
2279 3902 2434 3946 extra
2467 3891 2895 3965 Hierosolymam
2933 3912 3025 3966 per
3060 3908 3226 3950 totaut
3270 3896 3514 3952 Iudaeam

1930 3994 1979 4035 et
1997 3982 2301 4047 Galilmatn,
2324 3984 2416 4037 alii
2439 4002 2603 4047 quam
2627 3986 3010 4055 plnritnierant
3031 3991 3208 4058 populi
3230 3991 3467 4059 prafoeti
3498 4008 3514 4057 ;

1931 4075 2179 4143 apposite
2216 4076 2491 4146 signiﬁcat
2520 4081 2585 4132 ad
2612 4094 2748 4148 quos
2782 4078 3056 4149 principes
3078 4091 3131 4135 et
3164 4084 3519 4153 magistratus

1933 4165 2113 4235 populi
2149 4166 2261 4221 lucc
2286 4168 2645 4238 respicerent.

2004 4362 2165 4419 Vsus.
2205 4366 2293 4422 l5.
2335 4384 2355 4420 ι
2379 4368 2516 4434 Quia
2554 4368 2809 4426 dixistis:
2844 4370 3095 4428 Fecimus
3127 4384 3516 4433 leuamentum

1927 4471 2051 4511 cum
2080 4456 2315 4527 inferno,
2350 4474 2403 4514 et
2431 4477 2554 4516 cum
2587 4474 2761 4520 morte
2790 4478 2972 4532 pacta.
3011 4463 3250 4520 l'rocella
3294 4469 3515 4524 irruens

1927 4551 1970 4603 si
2005 4551 2307 4615 transierit,
2345 4568 2450 4607 tton
2478 4556 2657 4609 veniet
2686 4571 2849 4626 super
2878 4572 3013 4615 nos:
3049 4559 3328 4627 posuimus
3366 4577 3514 4615 llll'll-

358 4622 554 4719 ψεῦδος
584 4622 684 4720 τὴν
724 4622 913 4701 ἐλπίδα
948 4622 1127 4719 ημίύν,
1160 4622 1373 4719 κατ..-τῷ
1398 4622 1584 4720 ψεύδει
1616 4622 1823 4702 σκεπα-

1940 4640 2145 4696 tiacinnt
2177 4658 2325 4712 spetn
2360 4654 2633 4710 nostram,
2665 4656 2718 4700 et
2754 4648 3042 4701 mendacio
3084 4659 3449 4720 protegetunr.
3490 4670 3514 4705 δ

224 4741 561 4815 σθησόμεθα.
607 4760 625 4791 ι
670 4740 887 4811 Ἐπειδὴ
912 4742 1092 4794 τοίνυν
1142 4741 1316 4795 ταῦτα
1349 4741 1701 4813 διενοήθησαν
1728 4742 1823 4795 καὶ

222 4834 477 4906 ἀλλήλοις
522 4829 809 4904 ὡμίλησαν
843 4834 893 4886 οἱ
930 4832 1321 4904 προλεχθὼτες
1364 4832 1681 4905 χλευασταὶ,
1730 4832 1822 4887 τὸν

225 4926 328 4997 μὲν
358 4923 598 4995 Χριστοῦ
626 4923 784 4993 λόγον
814 4923 1197 4995 χλευάσαντες,
1234 4924 1329 4978 καὶ
1355 4924 1731 4996 διασύραντες,
1753 4923 1822 4978 δι’

221 5013 285 5075 οὗ
333 5017 701 5083 ἐδιδάσκοντο,
758 5016 833 5078 ὡς
889 5016 999 5070 δέοι
1034 5016 1231 5081 αὐτοὺς
1279 5016 1459 5087 θλίψιν
1514 5016 1609 5070 ἐπὶ
1642 5016 1822 5087 θλίψιν

225 5107 554 5180 προσδοκᾷν,
590 5110 685 5162 καὶ
712 5107 813 5179 τὴν
847 5107 934 5161 ἐπ’
967 5107 1108 5179 αὐτῇ
1140 5104 1329 5159 ἐλπίδα
1364 5108 1452 5159 ἐπ’
1481 5105 1676 5159 ἐλπίδι·
1704 5105 1823 5160 ἐλό-

227 5216 379 5269 ιενοι
413 5199 471 5254 δὲ
505 5198 689 5270 φιλίαν
740 5199 1068 5253 σπείσασθαι
1114 5198 1250 5271 πρὸς
1296 5198 1389 5253 τὸν
1450 5196 1683 5252 θάνατον
1724 5199 1819 5254 καὶ

226 5293 363 5366 πρὸς
382 5293 477 5347 τὸν
509 5280 665 5365 ᾅδην,
689 5291 1033 5363 καταφυγὴν,
1081 5289 1242 5345 τοῦτο
1284 5288 1611 5362 πράξαντες,
1647 5305 1820 5361 προσ-

226 5386 492 5457 εδόκησαν
518 5384 643 5441 οὔτε
673 5385 906 5456 θλίψεως
942 5382 1397 5456 πειραθήσεσθαι,
1432 5382 1556 5438 οὔτε
1587 5382 1820 5456 λυπηρῷ

224 5496 329 5533 τινι
358 5481 454 5533 καὶ
486 5478 643 5549 ἀηδεῖ
677 5475 1111 5549 τεριπεσεῐσθαι·
1144 5477 1195 5530 εί
1222 5475 1278 5530 δέ
1306 5473 1548 5547 συμϐαίη
1586 5475 1819 5547 μάλιστά

226 5569 347 5625 τινά
372 5569 536 5624 ποθεν
576 5567 976 5633 ἐπικλύζουσαν
1008 5568 1067 5635 ἐξ
1114 5568 1496 5639 ἀντικειμένης
1537 5566 1818 5638 δυνάμεως

228 5657 435 5721 ἐπιέναι
488 5658 590 5711 οὐκ
621 5657 708 5710 ἐπ’
736 5657 931 5723 αὐτοὺς
963 5656 1114 5726 ἥξειν
1138 5656 1408 5711 ὑπέλαϐον
1437 5655 1599 5713 διὰτὸ
1633 5656 1815 5722 φίλους

298 5866 342 5897 ⁸⁵
374 5865 529 5920 Ront.
570 5866 691 5929 ηδ,
723 5865 769 5920 ι.

1930 4733 2064 4803 Quia
2119 4735 2282 4805 igitur
2328 4739 2612 4791 memorati
2672 4738 2943 4794 derisores
3010 4740 3126 4796 haec
3184 4744 3513 4814 cogitarunt,

1932 4826 2044 4880 ltrcc
2077 4828 2216 4882 inter
2254 4844 2313 4882 se
2352 4830 2604 4884 collocuti
2632 4841 2780 4897 sunt,
2810 4832 3011 4887 Cbristi
3041 4850 3351 4889 sermonem
3387 4837 3512 4889 irrio

1932 4921 2140 4985 dentes,
2200 4938 2432 4993 cumque
2482 4923 2854 4987 traducentes,
2890 4941 2919 4978 a
2971 4940 3078 4995 quo
3119 4928 3513 4991 edocebantur,

1930 5024 2187 5081 oportere
2219 5031 2314 5069 eos
2346 5015 2752 5070 tribulationem
2784 5033 2948 5086 super
2976 5016 3386 5072 tribulationem
3414 5034 3513 5072 ex-

1930 5096 2201 5173 spectare,
2251 5120 2318 5162 ac
2365 5118 2766 5176 consequenter
2815 5121 2968 5177 Spem
3014 5122 3178 5177 super
3211 5122 3363 5176 spent
3396 5124 3513 5159 ma-

1932 5212 2102 5261 nere;
2152 5198 2227 5253 illi
2275 5209 2467 5254 contra
2513 5200 2580 5253 ad
2631 5199 2927 5255 amicitiam
2979 5214 3103 5253 cum
3131 5207 3307 5252 morte
3342 5206 3399 5251 et
3427 5196 3513 5252 in-

1930 5284 2085 5341 I'erno
2118 5288 2411 5343 iucundam
2464 5289 2697 5345 arbitrio
2737 5305 2836 5344 suo
2886 5288 3132 5352 deducti,
3166 5303 3233 5341 ac
3269 5286 3377 5342 tale
3409 5287 3512 5343 sibi

1927 5380 2233 5450 perlugium
2265 5382 2689 5445 constituentes,
2713 5389 3123 5449 exsltectarnnt,
3154 5394 3211 5433 se
3238 5395 3512 5449 nunquam

1927 5469 1981 5525 in
2011 5471 2220 5525 tristem
2274 5471 2738 5544 injucundumqne
2788 5486 2976 5525 casum
3033 5470 3307 5540 lapsuros,
3338 5484 3512 5542 neque

1928 5564 2335 5620 tribulationem
2367 5576 2700 5635 expertnros
2724 5580 2878 5619 esse:
2911 5563 3056 5635 quod
3088 5564 3133 5619 si
3168 5565 3509 5634 contingeret

1926 5658 2242 5727 aiiouando,
2276 5659 2646 5717 adversariam
2675 5659 2971 5715 euamdam
3005 5658 3263 5715 virtutem
3312 5657 3485 5714 irrum
