3984 6512
484 403 589 462 29f

1157 398 1426 458 EUSEBll
1460 386 1945 457 'czssamsusm
1983 396 2135 456 om”.
2178 400 2359 455 rans
2400 400 2488 455 ιιι.
2527 431 2589 439 .-
2635 400 3046 456 exsomnes.

3651 400 3760 459 293

486 535 636 593 pere,
693 535 795 576 non
854 519 906 573 in
955 533 1013 573 se
1064 529 1347 574 venturam
1396 534 1516 575 esse
1558 520 1873 589 sperabant,
1924 522 2055 590 quot

2169 518 2309 574 εἶναι
2342 524 2408 593 τῇ
2460 522 2814 595 ἀντικειμένῃ
2851 522 3077 593 δυνάμει
3109 522 3204 575 καὶ
3238 521 3384 594 αὐτῷ
3413 520 3491 594 τῷ
3520 521 3760 596 θανάτῳ,

487 613 588 683 ipsi
627 613 953 668 adversaria:
1001 614 1260 682 potestati
1316 621 1369 666 et
1419 611 1580 666 morti
1628 612 2064 681 amicitiajuncti

484 716 707 761 essent:
738 706 859 761 ideo
890 725 909 757 ι
939 706 1141 767 audite,
1170 724 1187 758 ι
1228 704 1424 774 inquit,
1466 722 1485 756 ι
1515 705 1739 759 verbum
1776 704 2005 758 Domini.
2042 725 2059 756 ο

557 797 718 851 Vens.
750 796 839 850 16.
880 814 901 848 ι
928 796 1221 865 Propterea
1275 796 1388 851 lucc
1429 796 1561 851 dicit
1592 796 1896 852 Dominus:
1930 797 2067 852 Ecce

480 900 582 956 ego
605 887 892 942 immittam
940 889 991 942 in
1039 887 1387 942 fundamenta
1435 888 1566 942 Sion
1593 888 1825 958 lapidem
1861 891 2067 960 pretio-

480 992 624 1045 sum,
677 979 933 1046 electum,
985 981 1323 1051 angularem,
1380 980 1760 1036 honorabilem
1792 982 1843 1035 in
1873 981 2066 1037 funda-

480 1084 659 1128 menta
693 1073 850 1141 ejus:
887 1084 941 1128 et
971 1074 1063 1143 qui
1092 1074 1392 1128 crediderit
1435 1074 1489 1129 in
1537 1089 1623 1140 eo,
1684 1090 1789 1130 non
1823 1074 2067 1129 confun-

480 1164 665 1222 detur.
709 1184 729 1218 ι
792 1166 902 1221 Vos
955 1166 1175 1234 quidem
1223 1166 1454 1234 primum
1501 1168 1656 1221 vobis
1713 1169 2063 1236 przedicatam

481 1259 713 1328 gratiam
754 1273 863 1313 non
896 1257 1219 1327 suscepistis
1255 1275 1269 1313 :
1306 1273 1404 1327 ego
1435 1273 1564 1312 vero
1608 1257 1846 1328 lapidem
1885 1276 2062 1314 meum

480 1350 778 1419 pretiosum
823 1359 878 1405 et
922 1351 1299 1406 bonorabilem
1351 1351 1404 1404 in
1461 1350 1672 1420 angulis
1700 1354 2062 1418 constituens,

477 1441 750 1496 excelsum
788 1456 940 1506 eum,
974 1441 1265 1506 illustrem,
1307 1443 1671 1513 omnibusque
1721 1444 1844 1498 aliis
1892 1448 2067 1499 mani-

476 1531 673 1587 festum
713 1532 935 1598 faciam,
978 1543 1037 1587 ut
1065 1534 1314 1605 quisquis
1348 1534 1399 1588 in
1428 1535 1598 1604 ipsum
1643 1537 1957 1604 crediderit,
2000 1555 2065 1593 ne

476 1637 571 1692 spe
606 1623 841 1678 labatur.
894 1624 1051 1679 Hunc
1094 1640 1260 1694 porro
1309 1626 1541 1694 lapidem
1594 1627 1648 1682 in
1696 1629 2065 1684 fundamentis

478 1714 609 1768 Sion
656 1730 715 1770 se
745 1716 1049 1785 positurum
1101 1718 1412 1787 pollicetur,
1448 1719 1593 1791 quod
1649 1722 1813 1776 etiam
1859 1723 2058 1790 effecit,

475 1822 601 1861 cum
635 1808 738 1864 boc
762 1809 968 1864 dictum
1018 1810 1332 1881 complevit,
1383 1830 1401 1864 ι
1435 1811 1611 1883 Supra
1656 1824 1864 1883 petram
1890 1818 2058 1870 mdili-

477 1900 611 1956 cabo
651 1901 951 1958 Ecclesiam
985 1919 1161 1957 meam
1196 1904 1264 1959 ".
1297 1924 1316 1957 ι
1354 1904 1489 1959 Nam
1529 1916 1768 1961 montem
1797 1908 1927 1963 Sion
1965 1925 2062 1979 pro

474 1995 785 2064 evangelica
813 1995 1222 2064 praedicatione,
1260 2006 1315 2050 et
1348 2013 1446 2066 pro
1478 1996 1719 2052 Ecclesia
1756 2013 1918 2067 supra
1940 2016 2060 2054 eam

474 2085 698 2140 fundata
749 2087 1073 2158 plerumque
1119 2090 1457 2157 accepimus.
1509 2087 1668 2143 Hunc
1718 2106 1882 2159 porro
1924 2091 2061 2161 lapi—

473 2178 595 2233 dem
626 2180 949 2249 pretiosum.
997 2179 1231 2235 electum
1272 2189 1327 2234 et
1375 2179 1750 2235 honorabilem
1785 2184 1837 2235 in
1869 2181 2061 2236 funda-

472 2282 652 2327 menta
710 2271 963 2327 Ecclesia:
1003 2288 1065 2327 se
1118 2272 1422 2341 positurum
1476 2273 1782 2342 promittit;
1828 2272 2061 2343 indeque

470 2371 555 2416 est
591 2365 734 2433 quod
786 2364 1066 2434 angularis
1100 2372 1156 2418 et
1189 2380 1439 2419 summus
1485 2365 1772 2436 angularis
1810 2377 2056 2423 vocetur.

471 2453 776 2511 ﬂumanum
808 2467 990 2510 autem
1027 2456 1329 2511 Salvatoris
1386 2456 1557 2510 nostri
1606 2471 1806 2526 corpus
1840 2457 1921 2511 sic
1958 2472 2057 2511 vo-

474 2549 593 2604 cari
631 2550 825 2618 potuit.
854 2548 1138 2618 quoniam.
1192 2548 1495 2602 secundum
1532 2547 1836 2617 Danielem,
1872 2565 1890 2597 ι
1923 2546 2060 2615 lapis

468 2638 684 2696 excisus
710 2640 829 2695 sine
861 2642 1136 2702 manibus,
1176 2659 1197 2693 ι
1236 2640 1388 2695 visus
1415 2639 1552 2706 fuit;
1586 2640 1659 2694 ita
1693 2649 1751 2694 ut
1781 2639 1916 2707 lapis
1940 2642 2059 2708 qui-

470 2732 591 2787 dem
616 2748 713 2802 pro
744 2733 982 2787 humano
1010 2746 1259 2801 corpore,
1293 2746 1449 2787 mons
1480 2746 1580 2801 pro
1603 2729 1907 2785 Salvatoris
1938 2731 2053 2786 dei-

470 2833 602 2890 tate,
639 2824 999 2896 intelligatur.

539 2915 706 2974 Vsus.
738 2919 826 2975 17.
863 2937 881 2970 ι
910 2916 977 2971 Ει
1005 2933 1202 2989 ponam
1230 2917 1497 2985 judicium
1530 2917 1582 2971 in
1619 2932 1801 2989 spem:
1846 2916 2059 2972 miseri-

468 3009 656 3064 cordia
683 3017 869 3064 autem
918 3025 1037 3063 mea
1084 3009 1139 3063 in
1190 3010 1473 3077 pondera;
1509 3002 1565 3063 et
1598 3010 1693 3078 qui
1729 3009 1894 3063 ﬁditis
1941 3008 2089 3065 fru-

469 3112 578 3155 stra
611 3102 918 3166 ineudacio,
970 3102 1099 3171 quia
1156 3116 1263 3155 non
1321 3101 1679 3170 pertransibit
1722 3115 1818 3156 vos
1846 3110 2055 3172 tempe-

392 3238 397 3243 .
468 3201 604 3257 stas.
638 3211 657 3245 ι
702 3192 1014 3247 Secundum
1044 3192 1283 3261 reliquos
1322 3186 1504 3247 autem
1542 3196 1876 3262 interpretes
1910 3213 1929 3246 ‹
1962 3197 2053 3264 qui
2082 3225 2125 3282 ε

469 3286 663 3348 credit,
701 3301 806 3339 non
850 3283 1152 3339 festinabit.
1188 3305 1207 3337 ι
1246 3284 1383 3339 Nam
1430 3286 1523 3355 qui
1574 3287 1771 3350 credit,
1802 3302 2054 3355 perseve-

466 3388 653 3433 ranter
683 3386 823 3447 aget,
852 3393 965 3431 rem
998 3378 1164 3432 verbo
1196 3378 1522 3449 promissam
1572 3388 1917 3447 exspectans.
1953 3379 2052 3436 Hic

470 3486 598 3525 vero
631 3471 768 3540 lapis
799 3470 982 3537 fuerit,
1019 3470 1243 3540 ipsaque
1272 3479 1424 3540 petra
1458 3470 1526 3525 de
1553 3484 1660 3540 qua
1701 3470 1954 3525 Salvator
1975 3471 2054 3525 di-

467 3562 649 3627 ccbat,
692 3583 709 3615 ι
747 3563 923 3632 Super
972 3563 1110 3617 hanc
1158 3573 1366 3632 pelram
1414 3562 1697 3619 :ediﬁcabo
1749 3564 2051 3619 Ecclesium

466 3670 666 3710 meam.
704 3674 723 3707 ι
758 3654 857 3709 llic
892 3654 1050 3724 lapis,
1080 3655 1164 3708 vel
1198 3669 1319 3709 cum
1342 3654 1636 3724 judicabit,
1669 3673 1923 3728 magnam
1962 3659 2050 3723 iis,

469 3748 536 3804 de
565 3746 764 3817 quibus
799 3746 1067 3815 judicium
1120 3748 1448 3815 instituitur,
1481 3765 1634 3820 spem
1670 3751 1888 3817 aﬂ‘eret,
1923 3753 2051 3821 quia

467 3844 593 3915 ipsi,
616 3842 925 3914 iustissimo
959 3844 1198 3913 pondere
1241 3852 1298 3897 ct
1342 3857 1621 3908 mensura,
1676 3842 2051 3899 misericordia

464 3937 819 4009 adiungitur;
852 3935 1206 4004 quamobrem
1242 3934 1446 3988 dicitur
1473 3950 1487 3987 :

540 4030 700 4085 Vens.
738 4029 825 4083 18.
869 4046 887 4080 ι
923 4027 1295 4082 Misericordia
1333 4036 1517 4078 autem
1551 4038 1669 4078 mea
1701 4023 1754 4077 in
1786 4024 2047 4094 pondera.

462 4124 531 4181 Et
571 4141 676 4179 non
704 4122 915 4177 auferet
963 4121 1116 4176 vobis
1163 4128 1554 4176 testamentum
1586 4118 1807 4174 mortis;
1845 4131 1900 4171 et
1922 4132 2049 4186 spes

463 4225 645 4272 vestra
685 4215 738 4269 in
773 4214 1072 4280 infernum,
1105 4228 1211 4266 non
1246 4210 1628 4281 permanebit:
1684 4210 1921 4278 procella
1954 4226 2047 4266 ve-

463 4309 619 4365 niens
647 4308 691 4363 si
722 4306 1026 4372 transierit,
1071 4305 1228 4360 eritis
1264 4305 1338 4358 illi
1390 4305 1444 4357 in
1492 4304 1981 4358 conculcatiouetn.
2015 4321 2034 4355 ι

461 4401 541 4460 Ne
565 4417 663 4455 vos
697 4400 797 4470 ipsi
838 4398 1145 4469 decipiatis,
1207 4396 1405 4466 inquit,
1446 4395 1741 4449 dicentes:
1781 4398 2048 4461 Quoniam

463 4495 658 4552 mortis
692 4491 853 4546 amici
886 4505 1117 4555 ,sumus,
1167 4503 1274 4542 non
1309 4489 1476 4541 irruct
1508 4486 1561 4539 in
1589 4501 1688 4540 nos
1734 4496 2046 4555 tempestas,

2171 615 2355 686 φησὶν,
2392 634 2410 666 ι
2442 614 2712 669 ἀκούσατε
2746 615 2903 684 λόγον
2934 615 3161 686 Κυρίου.
3204 633 3226 668 ι

2245 816 2263 847 ι
2292 796 2393 850 Διά
2411 797 2568 851 τοῦτο
2591 797 2717 851 τάδε
2761 796 2910 866 λέγει
2942 797 3162 871 Κύριος·
3202 798 3335 853 Ἰδοὺ
3373 798 3484 870 ἐγὼ
3534 800 3768 872 ἐμδαλῶ

2168 891 2247 954 είς
2273 891 2341 943 τά
2371 890 2596 962 θεμέλια
2630 891 2771 946 Σιὼν
2794 891 2940 946 λίθον
2970 892 3256 965 πολυτελῆ,
3288 893 3565 958 ἐκλεκτὸν,
3590 896 3765 966 ἀκρο-

2168 986 2441 1052 γωνιαῖον,
2495 983 2714 1055 ἔντιμον
2764 985 2935 1049 είςτὰ
2985 984 3211 1057 θεμέλια
3242 986 3432 1056 αὐτῆς·
3468 988 3561 1041 καὶ
3592 990 3622 1041 6
3669 1006 3766 1040 πι-

2170 1074 2375 1128 στεύων
2409 1076 2495 1128 ἐπ’
2527 1075 2700 1147 αὐτῷ,
2732 1077 2793 1129 οὑ
2828 1076 2903 1148 μὴ
2938 1078 3327 1149 καταισχυνθῇ.
3366 1097 3384 1130 ι
3446 1079 3635 1150 Ὑμεῖς
3660 1080 3765 1149 μὲν

2166 1168 2228 1219 οὐ
2260 1167 2629 1238 παρεδέξασθε
2674 1168 2776 1239 τὴν
2804 1168 3037 1238 πρώτως
3063 1171 3192 1240 ὑμῖν
3221 1168 3765 1238 κατεπαΠελθεῖσαν

2168 1257 2349 1328 χάριν·
2399 1256 2508 1325 ἐγὼ
2556 1257 2611 1309 δὲ
2646 1257 2736 1311 τὸν
2769 1260 3008 1330 ἐμαυτοῦ
3033 1259 3181 1313 λίθον
3220 1260 3311 1314 τὸν
3342 1259 3604 1331 πολυτελῆ
3662 1260 3763 1313 καὶ

2165 1350 2346 1420 τίμιον
2375 1353 2432 1403 ἐν
2467 1351 2832 1423 άκρογωνίαις
2870 1352 3109 1418 ἀναθεὶς,
3136 1352 3341 1423 ὑψηλὸν
3363 1354 3458 1406 καί⁸
3490 1355 3759 1424 ἐπιφανῆ,

2168 1446 2388 1507 καὶτοῖς
2410 1443 2590 1508 ἄλλοις
2613 1447 2779 1498 πᾶσιν
2814 1444 3037 1514 ἔκδηλον
3066 1448 3298 1515 ποιήσω,
3332 1447 3480 1509 ὅπως
3508 1449 3617 1511 πᾶς
3666 1449 3764 1519 ἐπ’Δ

2168 1534 2328 1586 αὐτὸν
2363 1534 2635 1588 πιστεύων
2688 1534 2762 1606 μὴ
2813 1535 3022 1607 ἐκπέσῃ
3054 1535 3152 1605 τῆς
3184 1535 3418 1600 ἐλπίδος.
3454 1534 3657 1588 Τοῦτον
3699 1536 3762 1590 δὲ

2166 1626 2256 1679 τὸν
2282 1627 2428 1680 λίθον
2445 1626 2840 1696 ἐπαγγέλλεται
2867 1626 3052 1698 θήσειν
3082 1628 3162 1690 είς
3188 1627 3257 1680 τὰ
3290 1626 3517 1698 θεμέλια
3550 1628 3712 1692 Σιὼν,
3732 1628 3764 1681 ὅ

2164 1719 2229 1791 δὴ
2285 1721 2377 1773 καὶ
2423 1720 2569 1791 ἔργῳ
2602 1721 2922 1790 πεποίηκεν,
2971 1717 3140 1772 εἰπὼν
3173 1720 3266 1772 καὶ
3313 1719 3631 1784 ἐπιτελέσας
3672 1720 3761 1785 τὸ,

2172 1831 2190 1861 ι
2228 1810 2350 1864 Ἐπὶ
2370 1811 2468 1883 τὴν
2496 1812 2703 1883 πέτραν
2726 1810 3065 1882 οἰκοδομήσω
3088 1828 3189 1881 μου
3218 1811 3315 1883 τὴν
3344 1812 3687 1884 Ἐκκλησίαν.
3733 1831 3759 1866 ι

2097 1883 2137 1937 Β
2166 1899 2305 1953 Σιὼν
2349 1900 2459 1973 γὰρ
2504 1901 2630 1975 ὅρος
2674 1903 2735 1956 τὸ
2778 1902 3131 1971 εὐαγγελικδν
3177 1906 3461 1975 κήρυγμα,
3514 1883 3609 1957 καὶ
3663 1905 3763 1958 ἐπὶ

2163 1993 2339 2065 τούτῳ
2372 1992 2845 2065 τεθεμελιωμένην
2890 1994 3215 2066 Ἐκκλησίαν
3250 1996 3510 2061 πολλάκις
3548 1996 3758 2069 ἐξειλή-

2164 2100 2362 2155 φαμεν.
2395 2084 2670 2156 Πολυτελῆ
2698 2085 2756 2139 δὲ
2780 2087 2910 2139 ὄντα
2932 2086 3025 2139 τὸν
3075 2086 3219 2140 λίθον
3245 2086 3434 2140 τοῦτον
3463 2088 3556 2141 καὶ
3598 2087 3763 2141 ἐκλε-

2164 2175 2289 2228 κτὸν
2327 2177 2418 2229 καὶ
2458 2175 2639 2246 τίμιον
2675 2175 2862 2247 θήσειν
2895 2179 2975 2240 είς
3018 2176 3085 2229 τὰ
3127 2175 3351 2246 θεμέλια
3383 2177 3480 2248 τῆς,
3524 2178 3758 2249 Ἐκκλη-

2164 2268 2283 2331 σίας
2315 2269 2736 2340 ἐπαγγέλλεται·
2771 2268 3020 2322 ἐντεῦθεν
3073 2272 3325 2338 γωνιαῖος
3376 2270 3470 2323 καὶ
3504 2271 3754 2341 ἀκρογω-

2160 2363 2329 2423 νιαῖος
2356 2361 2634 2430 κέκληται.
2676 2362 2776 2431 Εἴη
2808 2361 2852 2413 δ’
2885 2361 2951 2414 ἂν
2974 2360 3035 2413 τὸ
3074 2360 3410 2433 ἀνθρώπινον
3442 2363 3535 2416 τοῦ
3570 2364 3754 2435 Σωτῆ-

2169 2469 2261 2523 ρος
2291 2455 2323 2523 ἠ
2334 2452 2450 2521 μῶν
2481 2452 2651 2516 οὕτως
2683 2453 3071 2524 ὠνομασμένον
3106 2453 3284 2524 σῶμα·
3314 2455 3437 2507 ἐπεὶ
3482 2456 3576 2509 καὶ
3608 2458 3756 2510 κατὰ

2162 2546 2254 2598 τὸν
2290 2546 2512 2618 Δανιὴλ,
2546 2565 2563 2598 ι
2609 2546 2752 2610 λίθος
2788 2546 3018 2617 τμηθεὶς
3055 2549 3183 2602 ἄνευ
3219 2548 3417 2622 χειρῶν
3459 2568 3476 2600 ι
3517 2552 3753 2622 ἑωρᾶτο·

2159 2637 2308 2691 λίθου
2340 2639 2438 2710 μὲν
2463 2637 2557 2693 τοῦ
2592 2639 2935 2711 ἀνθρωπίνου
2961 2642 3252 2712 νοουμένου
3283 2641 3554 2713 σώματος·
3586 2644 3755 2716 ὅρους

2159 2731 2215 2783 δὲ
2248 2732 2348 2802 τῆς
2382 2733 2520 2786 κατὰ
2543 2733 2633 2785 τὸν
2666 2733 2896 2803 Σωτῆρα
2931 2733 3207 2805 θεότητος.

2235 2934 2253 2962 ε
2296 2913 2405 2965 Καὶ
2433 2910 2586 2984 θήσω
2634 2913 2813 2983 κρίσιν
2854 2913 2934 2975 εἰς
2985 2912 3206 2965 ἐλπίδα·
3240 2914 3277 2983 ἠ
3302 2912 3359 2965 δὲ
3397 2910 3747 2983 ἐλεημοσύνη

2162 3021 2263 3075 μου
2299 3006 2379 3066 είς
2411 3004 2712 3074 σταθμοὺς,
2743 3005 2837 3057 καὶ
2876 3005 2927 3057 οἱ
2958 3003 3279 3069 πεποιθότες
3315 3005 3494 3075 μάτην
3536 3004 3747 3073 ψεύδει,

2157 3097 2241 3150 ὅτι
2285 3098 2347 3150 οὐ
2394 3099 2471 3168 μὴ
2516 3097 2769 3171 παρέλθῃ
2800 3097 2944 3167 ὑμᾶς
2973 3098 3245 3166 καταιγίς.
3288 3117 3305 3149 ι
3336 3097 3494 3151 Κατά
3530 3097 3587 3150 δὲ
3620 3098 3755 3160 τοὺς

2158 3190 2379 3254 λοιποὺς
2409 3190 2774 3262 ἐρμηνευτὰς,
2797 3211 2814 3241 ι
2839 3194 2866 3245 6
2894 3191 3165 3245 πιστεύων
3203 3190 3265 3244 ού
3296 3191 3540 3245 σπεύσει.
3577 3211 3594 3242 ι
3620 3192 3750 3244 Μα-

2163 3282 2500 3355 κροθυμήσει
2550 3283 2659 3355 γὰρ
2690 3285 2719 3337 6
2755 3284 3047 3348 πιστεύων,
3099 3284 3409 3355 περιμένων
3442 3283 3537 3336 τοῦ
3583 3282 3754 3351 λόγου

2161 3376 2262 3446 τὴν
2295 3375 2647 3445 ἐπαγγελίαν.
2683 3371 2852 3440 Οῦτος
2881 3377 2925 3429 δ’
2950 3376 3017 3430 ἂν
3051 3376 3134 3448 εἴη
3163 3378 3191 3429 6
3217 3376 3384 3440 λίθος,
3428 3378 3457 3429 6
3497 3375 3659 3438 αὑτός
3686 3392 3747 3428 τε

2162 3464 2369 3537 πέτρα,
2416 3466 2543 3537 περὶ
2569 3460 2636 3537 ἧς
2668 3468 2696 3519 6
2725 3467 2916 3538 Σωτὴρ
2954 3466 3105 3536 ἔλεγε
3130 3483 3146 3499 ο
3180 3485 3197 3517 ι
3249 3467 3371 3518 Ἐπὶ
3406 3465 3504 3538 τὴν
3538 3466 3757 3536 πέτραν

2159 3556 2363 3627 ταύτην
2397 3558 2736 3628 οἰκοδομήσω
2786 3575 2884 3629 μου
2920 3558 3019 3628 τὴν
3056 3558 3404 3629 Ἐκκλησίαν.
3442 3578 3461 3610 ι
3502 3552 3665 3620 Οὗτος
3720 3558 3752 3611 6

2160 3650 2304 3714 λίθος
2335 3652 2427 3704 καὶ
2454 3651 2656 3723 κρίνων
2703 3651 2915 3719 ἀγαθάς
2959 3651 3186 3722 παρέξει
3240 3653 3354 3715 τοῖς
3402 3653 3749 3724 κρινομένοις

2159 3743 2405 3806 ἐλπίδας,
2438 3743 2626 3815 ἐπειδὴ
2676 3744 2942 3814 συνῆπται
3003 3742 3157 3813 αὐτῷ
3209 3742 3549 3815 ἐλεημοσύνη
3605 3748 3754 3816 μετὰ

2157 3835 2498 3890 δικαιοτάτου
2533 3836 2776 3908 σταθμοῦ
2806 3837 2903 3891 καὶ
2931 3837 3131 3908 μέτρου
3157 3853 3169 3865 ·
3199 3835 3280 3888 διὸ
3309 3835 3581 3890 λέλεκταισ

2235 4055 2255 4088 ι
2289 4037 2420 4090 Ἡδὲ
2444 4037 2779 4109 ἐλεημοσύνη
2807 4057 2906 4111 μου
2930 4056 3009 4103 εις
3033 4040 3326 4109 σταθμούς.
3348 4041 3437 4113 Μὴ
3455 4043 3550 4096 καὶ
3569 4042 3755 4115 άφὲλῃ

2159 4125 2313 4197 ὑμῶν
2345 4125 2444 4197 τὴν
2489 4126 2753 4199 διαθήκην
2784 4128 2877 4180 τοῦ
2910 4128 3141 4181 θανάτου
3166 4142 3179 4157 ⁸
3220 4130 3367 4200 καὶὴ
3398 4129 3551 4195 ἐλπὶς
3591 4130 3748 4202 ὑμῶν

2156 4221 2190 4292 ἡ
2223 4220 2357 4291 πρὸς
2396 4221 2486 4274 τὸν
2526 4221 2656 4293 ᾅδην
2686 4223 2745 4275 ού
2781 4220 2854 4294 μὴ
2885 4223 3139 4294 ἐμμείνῃ.
3168 4224 3435 4292 Καταιγὶς
3470 4227 3753 4299 φερομένη

2157 4312 2251 4364 ἐὰν
2281 4312 2503 4386 ἐπέλθῃ,
2540 4314 2730 4366 ἔσεσθε
2753 4315 2892 4385 αὐτῇ
2924 4320 3004 4377 εἰς
3039 4315 3439 4386 καταπάτημα.
3468 4336 3486 4368 ι
3519 4317 3615 4388 Μὴ
3635 4319 3747 4390 γὰρ

2156 4403 2399 4467 ἑαυτοὺς,
2430 4405 2612 4473 φησὶν,
2650 4404 2893 4457 ἁπατᾶτε
2929 4404 3496 4476 φάσκοντες’Ἑπειδὴ
3530 4406 3609 4477 τῷ
3644 4407 3743 4461 θα-

2156 4493 2300 4563 νάτῳ
2331 4494 2717 4566 ἐφιλιὼθημεν,
2740 4496 2801 4549 ού
2843 4495 2915 4567 μὴ
2940 4496 3143 4570 ἐπέλθῃ
3175 4497 3259 4567 ἐφ’
3290 4498 3437 4568 ἡμᾶς
3463 4500 3738 4568 καταιγὶς,

464 4605 566 4644 nec
595 4586 870 4656 quidpiam
905 4582 1109 4638 doloris
1138 4580 1504 4651 experiemur.
1535 4575 1757 4641 Verum,
1777 4580 1911 4633 beas
1933 4595 2048 4651 vos,

2167 4585 2275 4639 πύδέ
2325 4586 2775 4658 πειραθησόμεθά
2814 4604 2960 4651 τινος
3016 4586 3284 4659 λυπηροῦ.
3330 4588 3582 4642 Ἀκούετε
3635 4588 3746 4657 γὰρ

460 4680 571 4750 iam
603 4679 786 4734 audite
816 4686 872 4731 et
904 4673 1155 4739 ediscite,
1183 4671 1276 4742 qui
1313 4670 1603 4725 mendacio
1634 4669 1818 4736 fiditis,
1845 4669 2051 4724 dicitis-

460 4787 593 4847 que,
659 4787 678 4822 ι
735 4768 1023 4825 Posuimus
1078 4763 1424 4821 mendacium
1473 4779 1622 4835 spem
1674 4774 1942 4829 nostram,
1996 4773 2052 4819 et

464 4862 751 4921 mendacio
809 4870 1157 4933 protegemur
1189 4875 1204 4924 ;
1242 4878 1261 4911 ι
1309 4857 1546 4929 procella
1600 4857 1907 4927 irrumpens
1950 4873 2050 4912 ne-

464 4970 738 5029 quaquam
793 4969 886 5010 vos
936 4951 1278 5025 prateribit;
1314 4951 1411 5005 sed
1444 4961 1680 5004 vestrum
1709 4965 1832 5003 cum
1876 4959 2051 5003 morte

464 5057 682 5120 pactum
712 5045 945 5110 auferet,
991 5059 1056 5099 ae
1105 5058 1231 5115 spes
1279 5052 1482 5107 vestra,
1516 5056 1678 5111 quam
1733 5041 1787 5095 in
1838 5040 2050 5096 inferno

465 5141 760 5211 repositam
794 5137 1098 5203 habebatis,
1149 5153 1255 5193 non
1310 5135 1571 5191 manebit.
1616 5133 1899 5205 Siquidem
1949 5134 2051 5186 im-

465 5233 672 5290 becilla:
700 5234 779 5288 rei
816 5246 911 5288 vos
940 5230 1379 5295 concredidistis,
1412 5244 1536 5283 eum
1572 5227 1625 5281 in
1672 5233 1846 5280 morte
1877 5236 1935 5279 et
1969 5224 2050 5277 in-

465 5326 620 5383 ferno
646 5341 798 5395 spem
829 5334 1067 5380 vestram
1104 5324 1461 5396 apposuistis.

542 5416 702 5472 Vsus.
733 5415 914 5481 19,20.
953 5434 972 5468 ι
1003 5414 1140 5472 Cum
1175 5416 1481 5480 transierit,
1518 5412 1669 5468 tollet
1699 5426 1791 5465 vos
1823 5428 1838 5463 :
1871 5423 2047 5474 mane,

466 5522 646 5571 mane,
680 5508 935 5563 transibit
970 5508 1023 5563 in
1068 5509 1176 5571 die,
1215 5520 1272 5562 et
1306 5508 1359 5561 in
1397 5515 1557 5561 nocte
1585 5506 1690 5558 erit
1725 5518 1851 5572 spes
1884 5502 2043 5556 mala.

465 5596 667 5653 Discite
699 5606 758 5652 ut
784 5598 1038 5653 audiatis.
1092 5599 1152 5653 In
1190 5597 1457 5667 angustiis
1495 5598 1654 5666 positi
1707 5613 1812 5651 non
1860 5611 2049 5665 possu-

465 5704 585 5747 mus
630 5704 926 5759 pugnare:
984 5690 1085 5760 ipsi
1132 5701 1313 5745 autem
1371 5688 1570 5744 infirmi
1612 5705 1824 5755 sumus,
1864 5700 1919 5743 ut
1952 5701 2046 5745 vos

462 5784 889 5859 eongregemini.
937 5801 955 5833 ι
1002 5781 1136 5835 Nam
1197 5784 1240 5838 si
1305 5779 1644 5851 voluissetis,
1694 5784 1745 5838 in
1800 5782 2046 5852 portione

541 5895 586 5930 ⁸⁸
615 5894 807 5954 Matth.
860 5909 970 5955 xvi.
999 5892 1082 5947 l8.

2156 4680 2405 4733 ἐντεῦθεν
2434 4679 2534 4751 ἤδη
2580 4681 2672 4734 καὶ
2705 4680 3027 4751 μανθάνετε,
3069 4674 3113 4733 ὦ
3158 4674 3305 4734 οῦτοι
3340 4681 3390 4733 οἱ
3422 4679 3747 4743 πεποιθότες

2155 4768 2231 4839 τῷ
2268 4769 2450 4837 ψεύδει
2492 4770 2585 4823 καὶ
2629 4770 2932 4842 εἰρηκότες.
2975 4789 2995 4822 ι
3048 4770 3362 4842 Ἑθήκαμεν
3407 4770 3603 4840 ψεῦδος
3646 4770 3744 4841 τὴν

2156 4862 2345 4916 ἐλπίδα
2374 4863 2551 4934 ἡμῶν,
2584 4866 2678 4918 καὶ
2704 4864 2783 4936 τῷ
2814 4864 2999 4935 ψεύδει
3034 4864 3529 4937 σκεπασθησόμεθα
3549 4881 3563 4895 '
3597 4883 3617 4917 ι
3662 4865 3745 4919 ὅτι

2157 4956 2409 5024 κπαιγὶς
2453 4956 2799 5028 παρελθοῦσα
2845 4957 2906 5010 οῦ
2949 4956 3348 5028 παρελεύσεται
3394 4956 3539 5029 ὑμᾶς
3564 4973 3580 4986 ”
3606 4956 3744 5010 ἀλλᾶ

2155 5045 2344 5115 ἀφελεῖ
2370 5048 2524 5120 ὑμῶν
2548 5050 2650 5121 τὴν
2689 5049 2827 5121 πρὸς
2856 5049 2949 5103 τὸν
2984 5048 3216 5103 θάνατον
3247 5049 3544 5121 συνθήκην,
3575 5050 3672 5102 καὶ
3709 5052 3742 5118 ἡ

2157 5140 2310 5206 ἐλπὶς
2339 5142 2493 5214 ὑμῶν
2521 5146 2554 5216 ἠ
2589 5143 2725 5216 πρὸς
2751 5143 2844 5198 τὸν
2878 5142 3013 5215 ᾅδην
3041 5143 3104 5197 οῦ
3149 5143 3223 5216 μὴ
3247 5143 3503 5216 ἐμμείνῃ.
3550 5141 3745 5212 Σαθρῷ

2157 5233 2267 5307 γὰρ
2298 5238 2584 5309 πράγματι
2617 5240 2843 5305 ἑαυτοὺς
2872 5238 3254 5302 ἐπιστεύσατε,
3276 5237 3492 5308 θανάτῳ
3521 5236 3615 5290 καὶ
3641 5223 3748 5308 ᾂδῃ

2158 5323 2255 5390 τὰς
2285 5327 2557 5398 ὑμετέρας
2583 5327 2800 5393 ἐλπίδας
2820 5328 3247 5409 ἀναρτήσαντες.

2236 5437 2254 5469 ι
2289 5419 2456 5471 Ὅταν
2473 5419 2744 5494 παρέλθῃ,
2777 5421 3009 5493 λήψεται
3032 5421 3202 5492 ὑμᾶς*
3247 5419 3394 5492 προιῖ
3420 5417 3565 5490 πρωῒ
3603 5434 3739 5488 παρ-

2157 5509 2437 5565 ελεύσεται
2471 5512 2709 5583 ἡμέρας,
2738 5514 2833 5567 καί
2867 5515 2926 5567 ἐν
2953 5514 3111 5566 νυκτὶ
3140 5513 3291 5566 ἐσται
3318 5511 3471 5575 ἐλπὶς
3499 5510 3732 5581 πονηρά.

2154 5598 2370 5654 Μάθετε
2398 5602 2636 5656 ἀκούειν.
2669 5604 3187 5678 Στενοχωρούμενοι,
3220 5604 3283 5656 οὐ
3326 5600 3601 5673 δυνάμεθα
3630 5599 3733 5672 μά-

2155 5690 2345 5761 χεσθαι
2364 5710 2377 5724 ·
2407 5693 2561 5749 αὐτοὶ
2589 5695 2645 5749 δὲ
2671 5695 3006 5767 ἀσθενοῦμεν
3035 5696 3129 5750 τοῦ
3165 5697 3307 5765 ὑμᾶς
3332 5692 3685 5762 συναῐοῆναι·
3716 5712 3734 5743 ⁹

2158 5786 2220 5841 ΕΞ
2256 5788 2363 5861 γὰρ
2395 5789 2637 5863 ἐθέλητε,
2668 5793 2759 5845 καὶ
2788 5792 2845 5845 ἐν
2869 5793 2932 5860 τῇ
2971 5788 3144 5861 μερίδι
3181 5788 3270 5841 τεῦ
3299 5787 3431 5840 Θεοῦ
3468 5782 3737 5855 συναχθὴ-
