3984 6508
231 402 346 467 :93

1163 395 1668 452 COMMENTARIA
1709 393 1776 447 IN
1820 393 2075 449 ISAIAM.
2117 423 2186 442 —.
2224 392 2374 447 CAP.
2418 391 2653 454 XXVI“,

3397 392 3503 450 295

233 510 418 573 σεσθι,
452 509 549 562 καὶ
582 509 681 562 οὐκ
713 507 1041 577 ἀσθενήσετι
1073 507 1212 576 ὑπερ
1250 505 1532 570 εὐσεϐείας
1552 505 1820 573 ,ἀγωνιζό-

1930 504 2021 558 Dci
2054 503 2371 573 congregati
2406 501 2670 567 fuissetis,
2710 515 2809 557 nec
2854 502 2910 556 in
2957 514 3135 573 pugna
3170 514 3268 570 pro
3302 500 3503 571 pietate

233 619 388 672 μενοι
412 618 424 629 ·
454 602 553 653 ὲπε
564 601 643 671 ιδὴ
663 600 719 653 δὲ
740 600 957 663 ἓκοντες
982 598 1061 669 τῷ
1084 599 1301 671 Θανάτῳ
1327 600 1422 652 καὶ
1447 597 1526 668 τῷ
1560 598 1660 669 ᾅδῃ
1694 600 1820 651 ἑαυ-

227 694 361 758 τοὺς
391 690 910 764 προσεκληρὼσατε,
937 690 1255 760 γινώσκετε,
1289 691 1370 743 δτι
1399 689 1499 760 ήδη
1528 690 1657 760 ὑμῖν
1690 691 1821 740 ἐπε-

225 783 486 837 λεύσεται
511 782 672 845 αὐτὸς
694 783 723 834 ὁ
744 781 966 852 Κύριος,
984 782 1204 849 ἐπάγων
1227 779 1348 834 καθ’
1367 779 1519 850 ὑμῶν
1545 778 1713 851 ὀργὴν
1736 778 1824 831 διά

225 875 297 927 τά
330 873 711 945 προλεχθέντα
740 873 936 926 πάντα.

304 1007 325 1040 ι
371 988 590 1058 Ὠσπερ
616 986 741 1057 ὅρος
774 986 986 1039 ἀσεϐῶν
1022 987 1388 1056 ἀναστήσεται
1438 984 1642 1057 Κύριος
1666 1025 1677 1047 ,
1728 986 1823 1038 καί

224 1080 386 1135 [erat
420 1082 480 1132 ὲν
506 1082 575 1150 τῇ
610 1078 856 1149 φάραγγι
885 1077 1144 1131 Γαϐαώνο
1198 1079 1335 1150 μετὰ
1384 1077 1555 1147 θυμοῦ
1606 1082 1821 1147 ποιήσει

223 1171 296 1223 τὰ
328 1168 473 1240 ἔργα
507 1168 695 1232 αὐτοῦ,
733 1168 962 1239 πικρίας
992 1168 1173 1239 ἔργον.
1215 1188 1233 1220 ι
1266 1168 1499 1239 Πικρίας
1525 1168 1661 1240 ἔργα
1707 1172 1822 1232 τοῖς

223 1264 505 1335 δεηθεῖσιν
522 1262 712 1334 ὥσπερ
735 1261 1006 1315 ἀντιδότου
1026 1262 1227 1332 πικρᾶς
1241 1260 1329 1313 διὰ
1345 1260 1443 1333 τὴν
1458 1260 1822 1331 ὑποκειμένην

223 1358 412 1411 αὐτῶν
443 1360 511 1428 τῇ
542 1356 685 1427 ψυχῇ
706 1355 923 1408 κακίαν.
939 1355 1139 1425 Πικρία
1161 1354 1216 1406 δὲ
1236 1353 1331 1406 καὶ
1349 1353 1486 1425 ὀργὴ
1503 1354 1596 1407 καὶ
1626 1354 1819 1424 θυμὸς,

224 1452 321 1505 καὶ
351 1450 422 1504 τά
444 1449 667 1505 τοιαῦτα
693 1448 961 1518 λεγόμενα
988 1448 1079 1500 ἐπὶ
1107 1445 1240 1501 Θεοῦ
1261 1445 1411 1500 οὐδὲν
1444 1446 1627 1516 ἕτερον
1660 1446 1692 1516 ἢ
1722 1446 1821 1511 τὰς

225 1540 375 1595 κατά
401 1539 515 1593 τῶν
546 1537 758 1593 ἀσεϐῶν
780 1537 1031 1601 κολάσεις
1055 1537 1153 1600 τὰς
1178 1537 1244 1589 ὲκ
1275 1533 1368 1588 τοῦ
1398 1534 1544 1587 θείου
1572 1535 1825 1605 δικαστη-

228 1634 353 1705 ρίου
376 1632 815 1703 ἐπελευσομένοις
832 1630 988 1684 εἴωθε
1011 1629 1317 1700 σημαίνειν.
1340 1647 1358 1678 ι
1383 1628 1441 1681 '0
1466 1627 1522 1680 δὲ
1539 1627 1708 1697 θυμὸς
1725 1630 1821 1680 αὐε-

225 1725 323 1778 τοῧ
379 1724 681 1795 ἀλλοτρίως
738 1724 1014 1794 χρήσεται,
1067 1720 1229 1791 καὶὴ
1272 1722 1476 1792 σαπρία
1510 1719 1674 1773 αὑτοῦ
1726 1720 1819 1772 ἀλ-

225 1818 418 1890 λοτρία
437 1834 451 1847 ·
489 1837 509 1869 ι

298 1947 323 1981 ‹
362 1929 476 1981 Καὶ
520 1929 679 1998 ὑμεῖς
724 1927 798 1999 μὴ
836 1925 1248 1998 εὐφρανθείητε,
1278 1925 1411 1996 μηδὲ
1443 1925 1816 1995 ίσχυσάτωσαν

225 2018 382 2090 ὑμῶν
393 2020 446 2072 οἱ
460 2018 668 2089 δεσμοί·
686 2018 819 2071 διότι
838 2016 1290 2087 συντετελεσμένα
1302 2016 1396 2069 καί
1408 2032 1593 2069 συντετ
1600 2034 1673 2087 μη
1682 2015 1818 2086 μένα

226 2112 540 2184 πράγματα
574 2111 783 2181 ηκουσα
794 2109 942 2181 παρὰ
954 2108 1161 2180 Κυρίου
1179 2106 1427 2169 Σαϐαὼθ,
1444 2106 1479 2161 ἃ
1496 2108 1711 2178 ποιήσει
1725 2109 1819 2160 ἐπὶ

225 2206 409 2256 πᾶσαν
426 2204 529 2275 τὴν
544 2202 668 2272 γῆν.
692 2221 710 2251 ι
732 2202 882 2271 Μηδὲ
907 2200 1279 2271 ἰσχυσάτωσαν
1293 2201 1342 2252 οἱ
1363 2199 1520 2263 πόδες
1546 2198 1719 2270 ὑμῶν,
1738 2193 1819 2262 οἷς

226 2294 563 2364 κατεδήσατε
596 2294 821 2357 ἑαυτοὺς
853 2292 1120 2363 διαθήκην
1149 2290 1390 2363 μετάτοῦ
1415 2291 1646 2345 θανάτου
1663 2307 1819 2362 ποιη-

226 2387 457 2455 σάμενοι
485 2386 577 2438 καὶ
603 2384 742 2455 μετὰ
773 2383 865 2438 τοῦ
884 2384 1009 2457 ᾅδου
1042 2384 1343 2456 συνθήκαςσ
1365 2384 1478 2438 ἀλλ’
1507 2386 1560 2437 εἴ
1583 2402 1667 2446 τις
1690 2385 1817 2453 ὑμῖν

226 2479 343 2529 ἐστι
376 2476 658 2546 σωτηρίας
683 2475 861 2539 ἐλπὶς,
893 2474 1227 2548 διαρῤήξατε
1258 2474 1386 2538 τοὺς
1420 2474 1557 2546 πρὸς
1589 2474 1681 2527 τὸν
1723 2474 1818 2527 θά-

230 2583 389 2620 νατον
434 2564 698 2632 δεσμούς’
730 2566 1057 2635 ἀναχωρείτε
1091 2563 1147 2617 δὲ
1184 2564 1278 2618 καὶ
1312 2564 1413 2635 τῆς
1455 2564 1817 2636 νομιζομένης

228 2656 356 2724 ὑμῖν
388 2652 752 2724 εὐφροσύνης,
786 2653 886 2722 τῆς
919 2670 980 2706 τε
1010 2652 1345 2725 προσκαίρου
1391 2653 1673 2708 παύσασθε
1699 2652 1825 2725 ἡδο-.

228 2747 348 2817 νῆς·
393 2745 601 2798 τούτων
624 2745 732 2814 γάρ
763 2745 945 2797 ὁποῖον
965 2744 1116 2796 ἔσται
1151 2744 1213 2795 τὸ
1236 2743 1389 2806 τέλος
1435 2743 1816 2814 μεμαθήκατε.

226 2837 418 2894 Ταῦτα
450 2837 508 2890 δὲ
544 2838 618 2908 μὴ
646 2837 905 2908 νομίσητε
943 2836 1123 2905 λέγειν
1168 2835 1268 2906 ἐμὲ
1300 2835 1392 2889 τὸν
1422 2837 1746 2908 προφήτηνο
1781 2835 1818 2889 ἂ

228 2930 338 3001 γὰρ
365 2931 581 3001 ηκουσα
606 2928 783 2999 ψυχῆς
820 2932 956 2999 ἀκοῇ
1004 2928 1287 2999 εἰρηκότος
1314 2926 1409 2980 τοῦ
1455 2928 1665 2998 Κυρίου
1710 2928 1823 2980 Σα-.

224 3022 400 3086 δαὼθ,
451 3021 606 3074 ταῦθ’
631 3022 760 3092 ὑμῖν
816 3020 1160 3091 μεταδέδωκα
1184 3035 1197 3049 ·
1235 3018 1510 3091 ἠϐουλήθη
1541 3018 1651 3091 γὰρ
1675 3020 1820 3090 ὑμᾶς

228 3117 307 3188 μὴ
328 3117 549 3184 ἀγνοεῖν
584 3114 651 3168 τά
679 3113 807 3185 παρ’
836 3113 984 3185 αὐτῷ
1015 3112 1374 3185 κεκρυμμένα
1404 3113 1497 3165 καὶ
1535 3113 1818 3183 ὡρισμένα

226 3209 318 3261 καὶ
344 3210 756 3279 συντεταγμένα
785 3210 1109 3278 πράγματα.

302 3322 321 3354 ι
378 3301 732 3365 Ἐνωτίζεσθε
776 3303 864 3355 καὶ
894 3300 1115 3354 ἀκούετε
1142 3300 1243 3369 τῆς
1271 3298 1454 3370 φωνῆς
1492 3315 1592 3369 μου
1616 3314 1629 3326 ·
1657 3312 1822 3368 προσ-

228 3402 386 3467 έχετε
420 3398 517 3449 καὶ
546 3394 769 3448 ἀκούετε
795 3396 921 3457 τοὺς
938 3394 1128 3462 λόγους
1153 3410 1273 3463 μου.
1313 3411 1330 3442 ι
1362 3390 1460 3443 Διά
1495 3390 1594 3461 μὲν
1634 3388 1729 3442 τοῦ
1753 3390 1820 3459 τῇ

228 3492 380 3561 ¹φωνῇ
408 3491 477 3558 τῇ
500 3488 565 3540 δι’
583 3488 742 3560 ἀέρος
760 3486 1036 3558 φερομένῃ
1054 3486 1121 3538 τὰ
1142 3479 1257 3537 ὦτα
1280 3483 1538 3554 παρέχειν
1553 3480 1613 3533 τὸ
1634 3480 1822 3533 ἐνωτί-

228 3579 417 3644 ζεσθαι
450 3577 625 3648 δηλῶν
651 3595 663 3607 ’
691 3576 778 3630 διὰ
800 3577 854 3630 δὲ
882 3576 976 3629 τοῦ
1014 3574 1230 3628 ἀκούειν
1256 3576 1351 3626 καὶ
1374 3572 1688 3643 πειθαρχεῖν
1712 3574 1821 3634 τοῖς

227 3686 353 3740 Αεγο
361 3671 543 3741 μένοις
568 3669 627 3722 τὸ
660 3668 896 3722 ἀκούειν·
922 3667 1009 3720 διὰ
1033 3667 1088 3720 δὲ
1101 3665 1192 3719 τοῦ
1206 3668 1345 3718 νοεῖν
1363 3667 1473 3729 τοῖς
1490 3663 1822 3734 σημαινομέ-

228 3780 339 3827 νοις
364 3764 459 3833 νοη
469 3762 728 3833 μασι,τὴν
749 3760 1024 3833 προσοχὴν
1039 3759 1134 3811 καὶ
1150 3758 1249 3828 τὴν
1268 3756 1502 3827 θεωρίαν
1519 3755 1815 3826 σημαίνων.

303 3875 324 3905 c
372 3855 468 3925 Μὴ
522 3853 649 3924 ὅλην
708 3853 807 3923 τὴν
868 3852 1082 3923 ἡμέραν
1141 3847 1457 3921 ἀροτριάσει
1517 3845 1819 3919 ἀροτριῶν;

228 3947 260 4018 ἦ
294 3947 502 4017 σπόρον
554 3944 960 4017 προετοιμάσει,
1014 3942 1140 4013 πρὶν
1192 3938 1528 4012 ἐργάσασθαι
1556 3938 1654 4009 τὴν
1680 3930 1819 4010 γῆνς

228 4040 345 4108 Οὐχ
396 4039 528 4089 ὅταν
554 4035 787 4107 ὁμαλίσῃ
822 4034 881 4087 τὸ
911 4034 1204 4104 πρόσωπον
1229 4031 1417 4102 αὐτῆς,
1455 4030 1578 4083 τότε
1608 4030 1821 4101 σπείρει

233 4128 434 4200 μικρὸν
462 4126 742 4198 μελάνθιον
761 4125 793 4196 ἣ
812 4124 1070 4195 κύμινον;
1092 4122 1188 4175 καὶ
1210 4122 1368 4176 πάλιν
1395 4121 1608 4191 σπείρει
1626 4120 1820 4191 πυρὸν,

231 4222 327 4274 καὶ
356 4218 572 4292 κριθὴν,
600 4219 695 4272 καὶ
728 4216 961 4287 κέγχρον
988 4215 1082 4268 καὶ
1112 4213 1238 4278 ζέαν
1268 4216 1325 4266 ἐν
1344 4215 1457 4275 τοῖς
1478 4211 1651 4283 ὁρίοις
1678 4227 1769 4263 σου
1803 4226 1818 4275 ;

233 4315 323 4366 καὶ
361 4311 699 4382 παιδευθήσῃ
729 4308 955 4380 κρίματι
997 4305 1133 4360 Θεοῦ
1161 4323 1275 4366 σου,
1320 4304 1414 4358 καλ⁹
1447 4300 1818 4374 εὐφρανθήσῃ.

237 4409 313 4460 Οὐ
355 4406 465 4477 γάρ
499 4402 637 4475 μετά
670 4401 1036 4473 σκληρότητος
1068 4397 1391 4467 καθαίρεται
1422 4394 1484 4447 τὸ
1513 4392 1818 4463 μελάνθιον,

234 4500 355 4553 οὐδὲ
382 4496 577 4569 τροχὸς
620 4492 836 4565 ἀμάξης
863 4490 1107 4564 περιάξει
1141 4489 1234 4541 ἐπὶ
1284 4488 1346 4539 τὸ
1386 4484 1645 4555 κύμινονο
1685 4482 1820 4536 ἀλλά

239 4588 418 4659 ῥάϐδῳ
454 4585 765 4639 τινάσσεται
789 4583 849 4635 τὸ
882 4578 1189 4652 μελάνθιον,
1223 4576 1285 4629 τὸ
1320 4574 1376 4628 δὲ
1416 4573 1640 4643 κύμινον
1681 4572 1819 4642 μετά

237 4681 400 4752 ἄρτου
432 4678 793 4751 βρωθήσεται.
834 4694 852 4726 ι
881 4670 995 4727 Εἶθ’
1024 4670 1381 4739 ὑποδείγματι
1423 4665 1685 4736 κέχρηται
1727 4682 1824 4732 φυ-

240 4771 404 4844 σικῷο
434 4772 510 4834 ὼς
547 4769 658 4839 γάρ
687 4767 786 4837 τῆς
812 4764 953 4818 κατά
980 4764 1078 4834 τὴν
1123 4760 1306 4833 χώραν
1332 4760 1606 4830 γεωργίαις
1638 4759 1823 4830 ἕτερός

233 4868 377 4918 ἐστιν
411 4861 651 4932 ὁκαιρὸς
680 4858 775 4913 τοῦ
806 4856 972 4930 ἀροῦν
1008 4854 1106 4926 τὴν
1147 4852 1351 4925 χώραν,
1384 4852 1478 4904 κοιλ⁵
1514 4851 1698 4922 ἔτερος
1729 4849 1822 4903 τοῦ

233 4958 479 5029 σπείρειν
514 4953 836 5024 σπέρματα,
875 4951 940 5019 τῇ
987 4944 1339 5015 ὑποκειμένῃ.
1364 4941 1821 5029 γῇνκατάλληλαζ

399 5045 471 5098 τὰ
506 5042 645 5096 αὐτὰ
678 5041 772 5094 καὶ
818 5040 847 5090 ὁ
890 5037 999 5089 τῶν
1043 5032 1232 5104 ψυχῶν
1264 5028 1505 5101 γεωργὸς
1546 5027 1641 5080 τοῦ
1687 5026 1821 5080 Θεοῦ

229 5142 428 5211 Λόγος,
457 5135 603 5191 κατά
636 5135 735 5206 μὲν
767 5132 860 5186 τὸν
906 5126 1209 5198 ἐπιτήδειον
1240 5122 1432 5193 καιρὸν
1459 5119 1557 5182 τὰς
1595 5118 1703 5171 τῶν
1730 5120 1823 5171 ἁν-

229 5235 473 5311 θρώπων
509 5229 688 5299 ψυχὰς
716 5223 967 5281 νεοῠσθαι
1015 5220 1298 5293 βούλεται,
1338 5214 1427 5311 διά
1458 5213 1559 5283 τῆς
1601 5211 1824 5311 λογικῆς

227 5305 585 5386 διδασκαλίας
643 5318 934 5391 σχιζούσης
980 5316 1073 5368 καὶ
1119 5307 1529 5382 ἀνατεμνούσης
1575 5305 1710 5367 τοὺς
1763 5305 1824 5357 ὲν

233 5418 390 5488 βάθει
415 5411 830 5487 κρυπτομένους
856 5405 1147 5476 λογισμοὺς
1175 5400 1255 5471 τῷ
1272 5399 1366 5454 τοῦ
1390 5398 1549 5466 λόγου
1577 5394 1815 5488 ἀρότρῳ.

232 5486 322 5565 Διὸ
343 5506 677 5581 προστάττει
703 5501 904 5569 λέγων’
946 5518 962 5549 ι
996 5495 1254 5549 Νειῦσατε
1284 5493 1503 5552 ἑαυτοῖς
1540 5486 1814 5581 verbium,

235 5607 327 5658 καὶ
510 5599 773 5668 σπείρητε
802 5595 889 5645 ἐπ’
918 5588 1199 5651 ἀκάνθαις.
1234 5606 1253 5637 ι
1280 5580 1551 5639 fama»
1589 5578 1647 5633 δὲ
1683 5580 1819 5672 ὁμα-
1858 5618 1859 5621 η

234 5694 389 5765 licita
421 5670 485 5744 τὸ
507 5687 748 5758 ὡσπερεὶ
778 5682 1067 5755 πρόσωπον
1085 5679 1182 5748 τῆς
1202 5674 1403 5765 ψυχῆς,
1424 5673 1605 5765 ardori;
1627 5670 1826 5765 κακίας

237 5759 677 5854 περιαιρεθείσης
732 5774 833 5842 τῆς
868 5770 1034 5824 πάλαι
1064 5769 1120 5820 ὲν
1169 5767 1305 5835 αὐτῇ
1356 5760 1609 5816 ἀκανθῶν
1662 5759 1818 5828 δίκην

241 5878 481 5947 φυείσης,
508 5868 811 5945 τηνικαῦτα
852 5863 1202 5930 καταλλήλως
1244 5863 1309 5929 τῇ
1345 5858 1453 5914 τῶν
1483 5855 1814 5931 ὑποδεχομέ-

1927 595 2245 650 sustinenda
2300 594 2501 648 infirmi
2560 593 2794 661 essetis;
2864 593 2987 662 quia
3050 607 3182 647 vero
3252 591 3504 649 lubenter

1922 689 2081 742 morti
2115 698 2169 741 et
2205 686 2415 741 inferno
2448 700 2541 740 vos
2606 684 2909 748 dedidistis,
2942 683 3136 739 scitote
3171 680 3284 751 jam
3325 683 3502 752 ipsum

1924 779 2210 834 Dominum
2263 794 2360 832 vos
2426 777 2736 830 invasurum
2793 791 2940 840 esse,
2998 786 3059 830 ut.
3097 777 3167 831 ob
3200 787 3499 833 memorata

1922 872 2102 926 omnia
2140 873 2276 926 iram
2307 882 2362 924 et
2388 870 2647 924 ultionem
2680 868 2877 922 inferat
2903 868 3076 922 vobis.

1992 1007 2158 1062 Vens.
2181 1007 2272 1063 21.
2305 1024 2324 1059 ι
2357 1005 2511 1061 Sicut
2554 1020 2712 1059 mons
2760 1004 3048 1075 impiorum
3077 1014 3366 1073 consurget
3390 1005 3500 1061 Do-

1922 1100 2125 1163 minus,
2155 1112 2210 1154 et
2236 1099 2341 1153 erit
2375 1098 2428 1152 in
2459 1098 2599 1151 valle
2628 1097 2895 1152 Gabaon:
2940 1113 3062 1151 cum
3113 1096 3301 1152 furore
3339 1098 3503 1154 facie:

1920 1205 2084 1260 opera
2113 1206 2231 1254 sua,
2264 1189 2649 1244 amaritudinis
2674 1205 2828 1258 opus.
2859 1208 2878 1242 ι
2915 1190 3313 1245 Amaritudinis
3335 1205 3501 1260 opera

1922 1284 1989 1337 iis
2014 1282 2241 1351 inﬂiget,
2270 1282 2360 1351 qui
2388 1282 2459 1337 ob
2508 1282 2724 1336 insitam
2774 1281 2968 1336 anima:
3014 1282 3299 1347 malitiam,
3343 1284 3497 1353 quasi

1920 1377 2118 1429 acerbo
2149 1375 2387 1429 remedio
2417 1391 2553 1443 opus
2585 1376 2810 1429 habent.
2849 1374 3127 1429 Caeterum
3170 1374 3497 1438 amaritudo,

1922 1465 1999 1521 ira
2026 1477 2081 1522 et
2111 1468 2282 1534 furor,
2314 1478 2369 1522 et
2399 1467 2595 1521 similia
2650 1467 2717 1522 de
2764 1466 2874 1520 Deo
2918 1466 3151 1537 prolata,
3191 1466 3325 1521 nihil
3354 1466 3499 1521 aliud

1922 1558 2235 1628 significare
2269 1559 2465 1621 solent,
2511 1573 2674 1627 quam
2718 1573 2748 1611 a
2804 1558 2989 1611 divino
3017 1559 3274 1613 tribunali
3303 1560 3504 1615 immit-

1922 1653 2085 1706 tenda
2122 1652 2301 1722 impiis
2328 1650 2613 1721 supplicia.
2662 1669 2681 1701 ι
2728 1650 2899 1705 Furor
2930 1661 3111 1705 autem
3165 1650 3282 1719 ejus
3322 1652 3501 1710 alieno

1921 1734 2079 1801 tundo
2110 1756 2314 1810 utetur,
2338 1754 2392 1800 et
2416 1745 2592 1799 caries
2618 1744 2736 1814 ejus
2765 1744 2939 1797 aliena
2963 1760 2977 1797 :
3010 1761 3030 1795 ι

1992 1931 2160 1986 Vens.
2193 1930 2282 1985 22.
2316 1949 2339 1981 ‹
2369 1929 2437 1983 Et
2480 1944 2572 1984 vos
2614 1928 2785 1983 nolite
2828 1926 3020 1992 laetari,
3055 1940 3233 1996 neque
3279 1926 3502 1984 conforc

1920 2032 2107 2079 tentur
2132 2024 2346 2079 vincula
2380 2032 2591 2078 vestra:
2622 2022 2745 2090 quia
2772 2030 3183 2077 consummatas
3223 2028 3278 2074 et
3299 2020 3499 2076 abbre-

1920 2116 2094 2170 viatas
2128 2130 2213 2170 res
2248 2114 2428 2168 audivi
2481 2128 2511 2166 a
2560 2114 2789 2167 Domino
2835 2112 3073 2167 Sabaoth
3105 2130 3120 2167 :
3166 2126 3306 2183 quas
3336 2112 3504 2167 faciet

1920 2224 2084 2278 super
2117 2208 2428 2261 universam
2462 2217 2683 2260 terram.
2715 2222 2734 2257 ι
2784 2203 2969 2274 Neque
2991 2201 3369 2258 conforteutur
3407 2216 3503 2273 po-

1919 2301 2016 2354 des
2046 2301 2234 2363 vestri,
2259 2299 2481 2368 quibus,
2518 2298 2657 2352 inito
2705 2311 2826 2352 cum
2856 2307 3031 2351 morte
3062 2293 3295 2363 findere,
3321 2304 3378 2351 et
3409 2309 3503 2366 pa-

1920 2391 2100 2446 ctione
2142 2407 2265 2445 cnm
2302 2390 2523 2445 inferno
2552 2390 2717 2457 facta,
2762 2404 2861 2446 vos
2905 2388 3208 2460 colligastis
3251 2407 3266 2445 :
3317 2388 3413 2444 sed
3455 2389 3500 2444 si

1920 2501 2024 2555 qua
2054 2486 2204 2540 vobis
2228 2500 2353 2555 spes
2386 2483 2579 2539 salutis
2601 2484 2864 2554 supersit,
2889 2482 3127 2553 rumpite
3163 2480 3357 2536 mortis
3384 2480 3504 2535 vin-

1920 2578 2077 2634 cula:
2127 2579 2193 2633 ab
2220 2593 2308 2645 ea,
2337 2592 2499 2647 quam
2542 2576 2790 2631 laetitiam
2831 2575 3158 2645 opinamini,
3199 2573 3501 2639 abscedite,

1922 2680 2283 2741 teniporanea:
2308 2670 2600 2739 voluptatis
2625 2670 2787 2724 ﬁne‘m
2817 2669 3013 2724 facite:
3037 2669 3231 2725 borum
3266 2680 3504 2738 namque

1920 2763 2010 2833 qni
2039 2763 2256 2818 futurus
2286 2763 2410 2817 linis
2431 2762 2503 2816 sit
2526 2762 2853 2817 edidicistis.
2884 2760 3155 2817 Caeterum
3194 2776 3265 2817 ne
3302 2760 3504 2830 putetis

1921 2869 2007 2908 me
2030 2855 2355 2924 prophetam
2386 2854 2577 2908 istlizec
2605 2853 2790 2908 dicere
2816 2869 2831 2907 :
2866 2868 2992 2907 nam
3023 2868 3144 2922 qua:
3180 2853 3378 2907 anima:
3402 2868 3505 2910 atl-

1923 2946 2072 3000 ribus
2093 2945 2402 3016 loquentem
2434 2946 2724 3001 Dominum
2755 2944 2998 3001 Sabaoth
3030 2947 3237 3011 audivi,
3272 2946 3387 3003 haec
3413 2961 3497 3001 vo

1919 3039 2003 3093 bis
2037 3040 2374 3095 renuntiavi:
2408 3038 2525 3108 ipse
2551 3039 2752 3109 quippe
2781 3038 2994 3095 occulta
3026 3048 3082 3094 et
3106 3049 3312 3094 statuta
3343 3039 3413 3094 ab
3443 3053 3503 3094 se

1923 3133 2137 3187 decreta
2162 3147 2194 3187 a
2223 3131 2378 3187 vobis
2411 3148 2519 3186 non
2548 3131 2790 3201 ignorari
2818 3130 3064 3201 expetiit.

1996 3291 2162 3347 Vens.
2202 3291 2295 3346 23.
2343 3293 2628 3345 «Auribus
2676 3290 2939 3361 percipite
2986 3298 3042 3345 et
3098 3288 3284 3343 audite
3313 3304 3502 3347 vocem

1925 3398 2141 3439 meam:
2172 3386 2437 3440 attendite
2471 3396 2519 3441 et
2553 3385 2736 3440 audite
2759 3385 2924 3441 verba
2965 3398 3104 3438 mea.
3142 3402 3162 3437 ι
3201 3384 3310 3440 Per
3347 3386 3500 3452 illud,

1930 3491 1949 3525 ι
1984 3475 2206 3531 auribus
2230 3479 2532 3548 percipere,
2559 3496 2577 3530 ι
2611 3478 2726 3532 voci
2756 3494 2852 3545 per
2878 3493 3007 3531 aera
3032 3477 3156 3532 late
3181 3493 3342 3534 aures
3370 3496 3505 3550 prae-

1924 3567 2073 3630 bere,
2111 3570 2420 3640 significat;
2460 3586 2557 3639 per
2593 3571 2723 3626 illud
2757 3579 2967 3635 autem,
3004 3589 3023 3621 c
3054 3570 3265 3636 audire,
3300 3590 3320 3623 ι
3359 3572 3505 3629 dicta

1924 3663 2232 3718 auscultare
2248 3663 2423 3733 iisque
2440 3664 2663 3733 obsequi
2686 3662 3072 3718 :attentioncnt
3104 3672 3279 3717 autem
3301 3673 3356 3719 et
3384 3680 3506 3734 spe-

1924 3767 2246 3824 culationem
2277 3779 2436 3824 vocat
2452 3770 2847 3824 declaratarum
2871 3784 3050 3823 rerum
3071 3768 3502 3841 intelligentiam.

1998 3861 2371 3919 Vanam-27.
2407 3881 2427 3915 ι
2455 3861 2726 3932 Numquid
2753 3871 2868 3918 tota
2893 3864 2981 3917 die
3005 3861 3206 3927 arabit,
3229 3863 3323 3933 qui
3351 3866 3507 3919 arat?

1923 3963 2014 4006 aut
2043 3969 2227 4009 semen
2254 3956 2605 4025 praeparabit,
2631 3965 2925 4027 antequam
2963 3964 3221 4025 operetur
3259 3964 3459 4011 terrain
3482 3959 3507 4013 ?

1922 4044 2111 4101 Nonne
2143 4064 2265 4102 cum
2295 4049 2596 4117 aequaverit
2625 4049 2976 4118 superﬁciem
3003 4048 3141 4116 ejus,
3171 4059 3302 4103 tunc
3341 4050 3507 4104 semio

1924 4140 2073 4195 nabit
2126 4156 2349 4211 parvum
2398 4156 2655 4210 papaver,
2697 4150 2795 4195 aut
2834 4140 3110 4212 cyminum
3144 4139 3168 4193 ἲ
3208 4150 3263 4195 et
3287 4156 3503 4196 rursum

1924 4233 2214 4288 seminabit
2270 4234 2537 4299 triticum,
2591 4243 2646 4289 et
2704 4234 2995 4299 hordeum,
3052 4241 3110 4286 et
3157 4232 3393 4299 milium,
3449 4245 3505 4288 et

1923 4340 2151 4410 speltam
2216 4340 2267 4395 in
2324 4340 2527 4396 finibus
2574 4340 2723 4395 tuis?
2753 4339 2821 4394 Et
2855 4339 3124 4394 erudieris
3165 4337 3375 4408 judicio
3406 4339 3500 4395 Dei

1926 4432 2023 4499 tui,
2054 4442 2107 4486 et
2146 4432 2434 4488 laetaberis.
2494 4430 2607 4487 Non
2646 4433 2792 4487 enim
2828 4447 2954 4487 cum
3007 4432 3209 4486 duritia
3238 4445 3504 4503 purgatur

1853 4544 1894 4598 ο
1926 4542 2183 4596 papaver,
2216 4541 2392 4597 neque
2428 4535 2544 4581 rota
2584 4525 2811 4596 plaustri
2839 4524 3082 4580 volvetur
3128 4540 3296 4594 super
3331 4524 3505 4597 cymi-

1925 4634 2083 4685 num;
2134 4620 2226 4674 sed
2267 4620 2417 4688 virga
2453 4618 2731 4673 excutitur
2780 4631 3045 4687 papaver:
3078 4616 3351 4687 cyminum
3402 4629 3503 4671 au-

1927 4722 2035 4768 tem
2062 4728 2185 4768 cum
2217 4728 2358 4783 pane
2382 4712 2721 4767 comedetur.
2755 4730 2775 4763 ι
2811 4708 3054 4764 Naturali
3098 4708 3293 4763 deinde
3316 4723 3505 4763 exem-

1926 4807 2014 4878 plo
2070 4809 2279 4863 utitur:
2340 4805 2797 4876 quemadmodum
2854 4802 2998 4857 enim
3047 4802 3101 4856 in
3144 4800 3500 4871 agricultura,

1927 4902 2072 4958 aliud
2120 4912 2334 4972 tempus
2363 4898 2550 4955 arandi
2581 4913 2767 4968 agrum
2802 4905 2908 4962 est,
2941 4895 3088 4949 aliud
3115 4907 3248 4948 vero
3295 4891 3501 4949 semina

1927 4996 2164 5051 subacta:
2196 5003 2356 5049 terrae
2383 4991 2740 5062 congruentia
2758 4987 2998 5061 jaciendi
3021 5002 3036 5053 ;
3058 4984 3249 5041 eadem
3279 4997 3504 5055 prorsus

1925 5105 2134 5173 ratione
2189 5104 2495 5157 animarum
2547 5098 2805 5171 agricola,
2858 5096 2953 5153 Dei
2990 5091 3254 5158 Verbum,
3294 5089 3503 5178 animas

1926 5200 2209 5257 hominum
2254 5196 2424 5261 arari,
2453 5208 2520 5250 ac
2547 5208 2647 5261 per
2667 5189 3047 5248 rationabilem
3085 5184 3394 5241 doctrinam
3432 5181 3505 5235 la-

1929 5304 2103 5350 tentes
2130 5294 2239 5347 iino
2262 5298 2485 5361 pectore
2516 5285 2876 5357 cogitationes
2902 5279 3056 5336 verbi
3088 5286 3275 5331 aratro
3304 5272 3501 5329 sulcari

1925 5388 2150 5460 expetit.
2194 5383 2559 5452 Quamobrem
2607 5379 2681 5433 ita
2720 5374 2964 5447 pra-cipit
2999 5388 3014 5423 :
3046 5388 3066 5421 ο
3090 5367 3298 5460 Νονοιε
3344 5363 3504 5419 nobis

1925 5458 2164 5543 novalia,
2192 5488 2248 5532 et
2284 5492 2351 5531 ne
2378 5474 2644 5530 seininate
2675 5485 2838 5539 supra
2879 5465 3088 5536 spinas.
3124 5480 3143 5514 ι
3200 5458 3501 5528 Postquam

1926 5582 2104 5635 autem
2142 5569 2230 5623 illa
2261 5567 2456 5621 anima:
2486 5563 2651 5618 veluti
2678 5559 2993 5632 superﬁcies
3027 5554 3369 5624 complanata
3396 5558 3501 5615 est,

1932 5664 2141 5720 sublata
2178 5660 2346 5727 omni,
2392 5657 2520 5713 olim
2572 5658 2625 5710 in
2665 5670 2728 5710 ea
2762 5655 3044 5722 spinarum
3104 5650 3279 5705 instar
3327 5643 3505 5713 pullu-

1926 5757 2095 5821 lante,
2130 5755 2370 5825 nequitia
2411 5770 2427 5817 ;
2486 5762 2613 5805 time
2660 5749 2873 5802 ratione
2924 5745 3110 5802 habita
3171 5734 3506 5797 discriminis

1927 5867 2114 5912 eorum
2150 5853 2241 5923 qui
2285 5864 2471 5909 semen
2508 5847 2808 5915 excipiunt,
2842 5844 3045 5900 semina
3074 5838 3252 5906 iacit;
3283 5834 3337 5893 in
3369 5831 3507 5889 alios
3588 5880 3591 5881 ν
