3984 6508
259 388 364 444 297

1176 387 1678 449 COMMENTARIA
1715 387 1782 441 IN
1820 387 2078 442 ιδΑι-Αιι.
2120 419 2190 429 --
2221 385 2377 444 CAP.
2421 385 2608 441 XXIX.

3419 388 3523 446 ὶθὸ

259 507 574 578 ἐπολέμησε
601 505 790 570 ΔΔαυΐδ,
823 507 913 562 ὅτε
963 508 1068 562 ὑπὸ
1131 507 1448 578 ἀλλοφύλοις
1479 502 1567 579 ἦν.
1613 504 1842 558 Δύναται

1950 515 2094 558 ctum
2124 504 2314 568 fuisse,
2351 521 2371 554 ε
2405 517 2501 570 per
2533 516 2693 573 quam
2734 501 3063 572 expugnavit
3107 501 3296 564 David.
3338 523 3356 555 »
3391 505 3525 560 l-llml

259 599 316 652 δὲ
340 599 440 652 καὶ
464 599 589 651 ἀντὶ
614 597 729 664 τοῦ,
757 618 777 650 ί
807 599 872 652 δι’
898 600 964 669 ἥν
991 599 1296 671 ἐπολέμησε
1327 599 1507 663 Δαυῒδ,
1535 618 1552 649 ι
1570 596 1844 665 λέγεσθαι.

257 689 332 742 Τὸ
357 688 439 752 δὲ,
475 707 495 738 ‹
541 689 885 756 Συναγάγετε
924 689 1260 760 γεννήματα,
1307 708 1326 740 ι
1355 689 1519 760 φησίν
1543 705 1558 720 ·
1581 689 1714 742 -ὃσον
1741 688 1848 759 γὰρ

256 777 418 832 οῦπω
450 779 855 850 στερηθήσεσθε
885 779 1641 852 πάσηςλογικῆςτροφῆς.Ὣς
1660 775 1847 833 ἐτιοῦν

257 869 458 940 καιρός
478 872 615 932 ἐστι,
637 869 909 940 χρήσασθε
922 873 1034 934 τοῖς
1053 871 1314 934 ἐνιαυτοῖς
1327 871 1540 935 τούτοις
1559 871 1698 942 πρὸς
1707 869 1850 940 ὠφέ-

256 962 410 1014 λειαν
434 961 548 1014 τῶν
577 961 859 1033 ὑμετέρων
879 963 1065 1034 ψυχῶν
1086 981 1101 996 ⁸
1128 965 1220 1020 καί
1245 982 1333 1036 μοι
1355 964 1504 1018 δοκεῖ
1527 964 1616 1017 διὰ
1642 964 1848 1018 τούτων

255 1053 595 1106 αἰνίττεσθαι
631 1053 721 1107 τὸν
769 1054 958 1126 χρόνον
1007 1054 1099 1109 τοῦ
1153 1056 1420 1127 σωτηρίου
1469 1054 1844 1126 κηρύγματος,

256 1143 384 1197 καθ⁶
413 1145 475 1197 ὃν
499 1145 845 1216 ἐπιδημήσας
864 1145 1045 1210 αὐτοῖς
1062 1146 1092 1198 6
1113 1146 1323 1217 Σωτὴρ,
1347 1147 1641 1218 ἐκήρυττεν
1665 1146 1846 1198 ἐνιαυ-

254 1234 348 1287 τὸν
375 1235 593 1307 Κυρίου
620 1235 806 1291 δεκτὸν
847 1237 941 1289 καὶ⁸
981 1236 1197 1308 ἡμέραν
1225 1236 1650 1300 άνταποδόσεως.
1692 1237 1846 1306 Τάχα

251 1327 313 1380 δὲ
339 1330 440 1382 καὶ
466 1329 720 1401 δεύτερον
743 1330 926 1393 αὐτοῖς
955 1329 1217 1391 ἐνιαυτὸν,
1245 1329 1276 1400 ἦ
1304 1330 1399 1383 καὶ
1429 1329 1613 1401 τρίτον
1638 1328 1847 1400 ὡμιλην

255 1420 372 1484 κὼς
413 1422 686 1489 φαίνεται.
727 1422 897 1475 Αὐτὸν
939 1417 1030 1475 οὖν
1070 1411 1275 1474 ἐκεῖνον
1316 1421 1438 1474 καθ’
1479 1421 1540 1474 ὃν
1585 1425 1847 1493 παρεῖχεν

256 1515 447 1578 αὐτοῖς
473 1514 545 1567 τὰ
582 1517 710 1586 περὶ
752 1517 850 1586 τῆς
872 1514 981 1569 τῶν
1010 1514 1254 1585 οὐρανῶν
1283 1513 1562 1584 βασιλείας
1594 1514 1848 1586 μαθήμα-

256 1622 342 1667 τα,
364 1605 649 1676 σημαίνων
681 1606 812 1677 φησί
831 1623 844 1636 ο
877 1627 895 1657 ‹
921 1607 1261 1675 Συναγάγετε
1292 1607 1637 1678 γεννήματα,
1669 1608 1849 1659 ἐνιαυ-

256 1693 349 1747 τὸν
377 1697 471 1748 ἐπ’
500 1695 743 1748 ἐνιαυτὸν
776 1695 1036 1764 φάγεσθε.
1065 1715 1084 1746 ι

330 1809 354 1840 ι
410 1788 682 1858 Ἐκθλίψω
704 1789 812 1860 γὰρ
854 1789 1059 1860 Ἀριὴλ,
1094 1788 1188 1843 καὶ
1220 1788 1373 1842 ἔσται
1411 1787 1584 1858 αὐτῆς
1615 1790 1648 1859 ἡ
1696 1789 1848 1860 ἰσχὺς

1950 613 2076 649 vero
2099 636 2115 659 ,
2155 614 2176 648 ι
2211 605 2534 665 eongregate
2561 594 2804 660 fructus,
2837 615 2856 648 ι
2896 595 3001 650 hoc
3051 609 3216 652 sensu
3247 597 3415 653 dicit:
3445 602 3522 654 si-

1948 689 2167 758 quidem
2211 689 2517 758 proximum
2548 697 2629 741 est
2674 697 2734 742 ut
2765 688 3071 743 rationabili
3117 690 3240 744 cibo
3265 691 3521 746 carentis.

1951 778 2082 832 Dum
2121 779 2291 850 igitur
2323 789 2534 848 tempus
2556 790 2664 844 est,
2711 779 2862 836 hisee
2907 781 3065 835 annis
3097 782 3163 836 ad
3215 783 3526 837 animarum

1949 879 2245 925 vestrarum
2277 871 2565 927 utilitatem
2601 871 2840 925 [ruimini
2868 889 2883 926 :
2914 873 3154 942 mihique
3184 875 3524 932 videturbis

1949 960 2290 1015 snbindicare
2315 961 2570 1016 salutaris
2595 963 2995 1030 praedicationis
3011 973 3366 1034 tempus,qno
3379 968 3524 1037 apud

1946 1050 2067 1128 illos
2093 1053 2470 1123 peregrinatus
2505 1052 2785 1118 Salvator,
2828 1055 3148 1123 przedicavit
3175 1073 3375 1112 annum
3409 1059 3520 1115 Do.

1948 1142 2078 1195 mini
2108 1143 2499 1212 acceptabilem
2526 1154 2585 1200 et
2618 1154 2829 1215 tempus
2878 1147 3378 1208 retributionis..Et
3412 1149 3522 1207 for-

1949 1239 2100 1287 tasse
2131 1233 2361 1292 alterum
2391 1251 2593 1289 annum
2621 1276 2638 1302 ,
2676 1237 2784 1291 itno
2805 1237 2946 1291 forte
2979 1237 3198 1295 tertium
3226 1278 3241 1304 ,
3267 1253 3389 1294 cum
3417 1239 3524 1294 illis

1947 1334 2298 1378 conversatus
2336 1324 2598 1382 videatur.
2643 1322 2795 1379 illum
2848 1325 3030 1393 itaque
3080 1325 3253 1394 ipsum
3290 1340 3522 1390 annum,

1947 1429 2056 1484 quo
2078 1415 2208 1484 ipsis
2223 1416 2289 1469 de
2317 1430 2484 1484 regno
2508 1415 2768 1470 ctelorum
2791 1415 3040 1471 instituta
3065 1415 3524 1486 disciplinamque

1949 1505 2191 1569 tradidit,
2225 1505 2544 1576 signiﬁcans
2573 1505 2683 1570 ait,
2715 1523 2735 1556 ι
2769 1506 3109 1575 Congregate
3133 1507 3385 1575 tractus,
3419 1523 3522 1563 an-

1947 1613 2076 1652 num
2101 1612 2264 1668 supra
2293 1612 2496 1654 annum
2528 1598 2847 1655 comedetis.
2885 1617 2905 1652 ι
3432 1581 3436 1586 δ

2018 1778 2182 1832 Vens.
2209 1779 2327 1833 2-5.
2365 1798 2383 1830 ι
2416 1777 2659 1850 Aﬂiigam
2693 1780 2838 1836 enim
2865 1779 3033 1846 Ariel,
3060 1787 3115 1836 et
3139 1781 3244 1838 erit
3271 1780 3389 1850 eius
3414 1779 3523 1837 for-

256 1877 352 1930 καὶ
379 1877 411 1928 6
445 1875 674 1938 πλοῦτος
702 1877 842 1948 ἐμοί.
886 1877 997 1930 Καὶ
1041 1876 1306 1932 κυκλώσω
1347 1877 1424 1942 ὡς
1443 1876 1606 1931 Δαυῒδ
1633 1878 1726 1931 ἐπὶ
1756 1879 1836 1942 σὲ,

1950 1869 2113 1922 litndo
2143 1879 2198 1923 et
2235 1869 2440 1924 divitiae
2469 1869 2621 1925 mihi.
2672 1870 2738 1924 Et
2768 1871 3116 1930 circumdabo
3157 1879 3212 1927 te
3243 1871 3388 1927 sicut
3418 1872 3524 1926 Da-

258 1969 355 2022 καὶ
396 1967 550 2037 βαλῶ
585 1970 666 2032 είς
697 1970 936 2040 χάρακα,
984 1969 1078 2023 καὶ
1101 1969 1458 2042 οἰκοδομήσω,
1485 1969 1634 2041 θήσω
1656 1970 1748 2024 ἐπὶ
1783 1971 1845 2023 σὲ

259 2055 532 2127 πύργους.
566 2057 677 2109 Καὶ
704 2056 1196 2129 ταπεινωθήσονται
1222 2061 1272 2112 οἱ
1303 2058 1448 2128 λόγοι
1485 2077 1601 2121 σου,
1633 2061 1734 2114 καὶ
1763 2062 1845 2126 είς

257 2149 357 2218 τὴν
381 2147 492 2218 γῆν
523 2148 572 2200 οἱ
614 2147 763 2216 λόγοι
801 2165 894 2201 σου
935 2149 1200 2204 δύσονται.
1231 2150 1341 2204 Καὶ
1367 2150 1521 2204 ἔσται
1548 2151 1624 2215 ὡς
1649 2153 1699 2205 oi
1733 2170 1847 2222 φω-

257 2240 482 2304 νοῦντες
521 2240 587 2294 ἐκ
621 2241 722 2310 τῆς
757 2242 860 2312 γῆς
886 2245 918 2313 ὴ
955 2244 1104 2314 φωνή
1137 2261 1252 2309 σου,
1280 2244 1376 2298 καὶ
1397 2244 1534 2316 πρὸς
1561 2247 1624 2297 τὸ
1651 2244 1846 2315 ἔδαφος

257 2333 293 2403 ἡ
319 2334 477 2403 φωνή
521 2350 614 2385 σου
643 2333 954 2405 ἀσθενήσει.
997 2336 1110 2388 Καὶ
1143 2335 1297 2390 ἔσται
1327 2335 1401 2400 ὡς
1435 2337 1712 2408 κονιορτὸς
1739 2337 1847 2390 ἀπὸ

257 2423 460 2497 τροχοῦ
497 2427 525 2478 ὀ
550 2423 780 2489 πλοῦτος
818 2425 925 2479 τῶν
972 2426 1206 2490 ἀσεϐῶν,
1254 2428 1349 2481 καὶ
1389 2427 1464 2491 ὡς
1491 2427 1651 2498 χνοῦς
1686 2428 1848 2502 φερό-

261 2530 426 2583 μενος
489 2514 551 2567 τὸ
598 2514 802 2585 πλῆθος
852 2516 962 2570 τῶν
1005 2518 1578 2573 καταδυναστευόντων
1619 2537 1700 2583 σε,
1754 2521 1847 2574 καὶ

257 2605 418 2658 ἐσται
442 2606 522 2668 ὡς
545 2606 749 2679 στιγμὴ
780 2609 1123 2681 παραχρῆμα
1153 2609 1306 2681 παρὰ
1330 2610 1533 2682 Κυρίου
1559 2611 1840 2666 Σαϐαὼθ.»

261 2695 479 2767 Ὥσπερ
511 2696 620 2767 γάρ
654 2713 782 2749 ποτε
823 2699 852 2750 6
903 2697 1064 2752 Δαυΐό
1098 2697 1448 2770 παρεμϐολὴν
1492 2700 1622 2772 περὶ
1663 2700 1725 2753 σὲ
1746 2700 1847 2772 τὴν

292 2783 631 2856 Ιερουσαλὴμ
654 2784 954 2851 ἐκύκλωσε,
985 2787 1076 2840 ὅτε
1092 2785 1408 2854 ἀλλοφύλων
1423 2781 1585 2857 ἦσθα,
1600 2787 1706 2839 καὶ
1728 2786 1848 2839 ἐπο-

253 2874 476 2947 latinas
517 2892 578 2928 σε
611 2875 766 2928 πόλιν
817 2871 980 2930 οὖσαν
1033 2877 1381 2947 ἀλλοφύλωνο
1428 2877 1570 2931 οὕτω
1631 2877 1786 2948 κάγὼ
1817 2881 1846 2932 ὁ

263 2967 437 3022 ταῦτα
453 2967 626 3037 λέγων
652 2967 855 3039 Κύριος
880 2969 974 3022 νῦν
992 2985 1050 3021 σε
1074 2968 1354 3024 κυκλώσω.
1384 2969 1718 3040 Ἀλλοφύλων
1738 2970 1846 3043 γὰρ

262 3062 578 3132 οἰκητήριον
623 3061 872 3130 γέγονας,
922 3061 1271 3134 πληρωθεῖσα
1307 3063 1496 3117 ,κακῶν
1541 3064 1842 3136 ἀρχόντων.

269 3155 444 3226 "Amp
481 3153 784 3226 ἐπληροῦτο
810 3155 948 3226 μετὰ
979 3155 1048 3209 τὰ
1071 3155 1411 3228 τολμηθέντα
1443 3160 1558 3222 τοῖς
1590 3158 1690 3230 τὴν
1741 3159 1841 3212 ἰε-

265 3247 549 3320 ρουσαλὴμ
579 3247 788 3300 οἰκοῦσι
822 3246 964 3300 κατὰ
1003 3247 1098 3301 τοῦ
1150 3248 1399 3320 Σωτῆρος
1426 3251 1460 3320 ή
1470 3249 1586 3319 μῶν
1612 3248 1841 3303 ἀκολού-

266 3336 394 3402 θως,
424 3328 517 3401 ὡς’
536 3337 630 3390 καὶ
665 3336 825 3401 αὐτὸς
847 3340 886 3392 ιὸ
922 3339 1144 3413 Σωτὴρ,
1190 3340 1674 3410 ἀποκλαυσάμενος
1718 3340 1843 3394 τότε

262 3429 362 3499 τὴν
389 3428 767 3501 Ἰερουσαλὴμ,
801 3429 1214 3502 ἀναγέγραπται
1243 3431 1507 3503 είρηκώςσ
1536 3450 1554 3482 ι
1586 3432 1649 3486 El.
1670 3430 1843 3501 ἔγνως

267 3521 361 3574 καὶ
389 3521 467 3574 σύ
495 3538 556 3591 γε
589 3520 658 3575 τὰ
683 3521 820 3593 πρὸς
853 3522 1072 3593 εἰρήνην
1110 3540 1224 3585 σου,
1263 3524 1346 3577 ὃτι
1391 3523 1611 3594 ἥξουσιν
1639 3523 1847 3595 ἡμέραι

265 3614 358 3666 ἐπὶ
404 3613 495 3678 σὲ,
549 3614 643 3670 καὶ
685 3614 1132 3686 παρεμϐαλοῦσιν
1177 3617 1272 3670 ἐπὶ
1310 3616 1370 3670 σὲ
1411 3617 1460 3668 οἱ
1511 3615 1696 3688 ἐχθροί
1749 3633 1844 3670 σου

267 3705 506 3776 χάρακα,
531 3706 624 3757 καὶ
652 3703 992 3759 κυκλώσουσί
1034 3723 1122 3770 σε,
1159 3707 1252 3760 καὶ
1285 3707 1366 3770 εἰς
1393 3705 1492 3777 τὴν
1521 3706 1627 3776 γῆν
1661 3705 1847 3774 ἐδαφι-

267 3797 462 3869 σθήσῃ.
494 3817 514 3850 ι
1630 3802 1642 3823 ⁸

341 3910 359 3942 ι
396 3892 702 3962 Ἐπισκοπὴ
725 3890 836 3962 γὰρ
867 3891 1021 3948 ἔσται
1049 3891 1187 3962 μετὰ
1205 3890 1454 3963 βροντῆς,
1475 3890 1572 3944 καὶ
1594 3890 1843 3963 σεισμοῦ,

268 3981 362 4035 καὶ
401 3982 587 4052 φωνῆς
624 3982 885 4052 μεγάλης,
929 3981 1183 4050 καταιγὶς
1233 3980 1663 4053 φερομένη,ςκα“ι
1712 3978 1848 4050 φλὸξ

265 4073 436 4143 πυρὸς
464 4073 839 4128 κατεσθίουσα.
884 4092 902 4124 ι
930 4075 1006 4126 Δι’
1031 4066 1106 4127 ὧν
1137 4073 1357 4144 ᾐνίξατο
1393 4072 1469 4136 ὡς
1487 4073 1594 4144 ἄρα
1620 4072 1715 4128 καὶ
1746 4090 1850 4126 πυ-

268 4167 557 4238 ρίκαυστος
572 4169 864 4238 γενήσεται
887 4168 920 4238 ἡ
949 4168 1122 4231 πόλις,
1157 4167 1361 4221 ἄνωθεν
1381 4169 1446 4221 ἐκ
1459 4165 1596 4220 Θεοῦ
1619 4166 1845 4238 βροντῆς

263 4260 356 4314 καὶ
385 4259 612 4330 σεισμοῦ
652 4261 748 4313 καὶ
773 4260 1082 4328 καταιγὶδος
1115 4260 1235 4313 κατ’
1261 4259 1436 4328 αὐτῆς
1470 4258 1805 4330 ἐνεχθείσης.

337 4369 356 4403 ε
389 4353 500 4405 Καὶ
526 4351 680 4405 ἔσται
710 4352 784 4415 ὼς
818 4351 847 4403 6
877 4351 1334 4422 ἐνυπνιαζόμενος
1355 4352 1411 4406 ἐν
1444 4349 1596 4421 ὕπνῳ
1619 4351 1648 4404 ὁ
1680 4347 1845 4406 πλοῦ-

262 4460 351 4507 τος
386 4443 556 4498 ἐθνῶν
595 4443 836 4509 πάντων,
875 4445 990 4498 ὅσοι
1031 4442 1472 4514 ἐπεστράτευσαν
1504 4441 1599 4496 ἐπὶ
1632 4440 1841 4512 Ἀριὴλ,

1947 1959 2058 2022 vid,
2086 1968 2142 2014 et
2167 1958 2379 2030 cingam
2415 1967 2467 2013 te
2499 1958 2664 2024 vallo,
2683 1969 2740 2014 et
2759 1971 3063 2023 exstruam,
3082 1967 3136 2014 et
3165 1974 3362 2028 ponam
3389 1972 3524 2012 con-

1947 2055 2030 2102 tra
2059 2057 2109 2103 te
2137 2057 2333 2104 turres.
2369 2048 2434 2102 Et
2467 2048 2898 2102 humiliabuntur
2937 2063 3219 2104 sermones
3250 2049 3348 2112 tui,
3382 2055 3437 2102 et
3467 2047 3524 2102 in

1951 2146 2150 2193 terram
2184 2138 2440 2194 subibunt
2461 2138 2634 2192 verba
2663 2147 2775 2192 tua.
2812 2136 2880 2191 Et
2904 2137 3011 2192 erit
3031 2147 3290 2207 tanquam
3315 2135 3406 2205 qui
3445 2135 3522 2190 lo-

1946 2238 2188 2299 qnuntnr
2222 2229 2290 2284 de
2329 2238 2473 2283 terra
2501 2243 2604 2284 vox
2656 2236 2744 2281 tua
2772 2269 2788 2296 ,
2832 2235 2886 2283 et
2916 2228 2984 2283 ad
3029 2228 3396 2298 pavimentum
3422 2241 3527 2282 vox

1949 2328 2037 2376 tua
2083 2320 2449 2380 inﬁrmabitur
2486 2335 2504 2387 ;
2546 2329 2611 2381 et
2654 2328 2815 2375 erunt
2855 2328 3110 2389 tanquam
3139 2319 3315 2390 pulvis
3345 2327 3528 2374 arcta

1935 2410 2148 2466 divitia;
2197 2411 2509 2481 impiorum,
2535 2420 2593 2467 et
2645 2411 2788 2467 sicut
2828 2409 3014 2465 favilla
3038 2419 3312 2466 commota
3335 2408 3525 2466 multi-

1950 2505 2077 2558 tudo
2103 2518 2288 2560 eorum
2321 2504 2499 2573 quite
2523 2503 2811 2572 subigent:
2853 2512 2908 2558 et
2946 2503 3054 2560 erit
3101 2512 3357 2574 tanquam
3387 2518 3528 2574 puu-

1945 2605 2095 2650 ctmn
2129 2595 2416 2651 confestim
2453 2611 2483 2648 a
2525 2596 2755 2651 Domino
2785 2594 3062 2654 Sabaoth.
3110 2613 3129 2646 i
3161 2593 3528 2662 Quemadmo-

1937 2687 2072 2742 dum
2102 2686 2245 2742 enim
2275 2687 2443 2744 David
2475 2687 2744 2756 quondam
2768 2697 2950 2742 castra
2976 2696 3170 2743 contra
3195 2694 3274 2752 te,
3300 2684 3527 2758 Jerusa-

1948 2776 2074 2844 lem,
2107 2775 2314 2846 posuit,
2345 2788 2505 2845 teque
2530 2777 2914 2839 circumsedit,
2945 2792 3070 2836 cnm
3101 2775 3154 2830 in
3189 2775 3527 2845 alienigena-

1948 2883 2068 2923 rum
2095 2867 2300 2927 ditione
2323 2881 2495 2934 esses,
2521 2877 2681 2938 teque
2709 2868 3072 2936 expugnavit;
3099 2867 3178 2922 sic
3208 2876 3266 2920 et
3282 2882 3404 2938 ego,
3430 2867 3526 2936 qui

1945 2959 2062 3015 haec
2087 2959 2295 3029 loquor,
2325 2958 2605 3028 Dominus,
2639 2976 2782 3016 nunc
2817 2971 2867 3014 te
2899 2957 3182 3015 obsidebo.
3215 2958 3350 3016 Nam
3374 2958 3520 3015 salie-

1949 3049 2268 3118 nigenarum
2323 3048 2654 3105 domicilium
2701 3051 2959 3114 evasisti,
3008 3047 3271 3118 improbis
3320 3049 3523 3119 repleta

1947 3147 2303 3218 principibus.
2334 3147 2464 3216 ρυω
2486 3147 2703 3218 impleta
2729 3155 2875 3213 sunt,
2890 3154 3024 3217 post
3051 3154 3420 3217 perpetratum
3439 3207 3442 3212 _
3459 3147 3526 3202 at-

1945 3241 2414 3314 Jerosolymitanis
2439 3250 2639 3298 contra.
2651 3240 2989 3298 Salvatorem
3020 3248 3265 3296 nostrum
3279 3239 3530 3303 facinus;

1947 3336 2088 3391 sicut
2122 3336 2250 3406 ipse
2291 3334 2557 3394 Servator
2585 3333 3016 3404 Hierosolymam
3065 3331 3352 3402 deplorans
3399 3341 3527 3386 tunc

1947 3427 2152 3484 dixisse
2179 3425 2374 3500 legitur
2401 3441 2418 3481 :
2456 3446 2473 3478 ι
2495 3425 2568 3482 Si
2600 3425 2948 3498 cognovisses
2979 3433 3037 3480 et
3067 3432 3145 3490 tu,
3189 3437 3310 3494 qua:
3333 3423 3399 3476 ad
3431 3438 3529 3491 pa-

1946 3535 2068 3577 cem
2109 3530 2278 3589 tuam,
2311 3521 2435 3591 quia
2465 3519 2684 3576 venient
2711 3519 2829 3575 dies
2854 3517 2926 3574 .in
2976 3527 3050 3583 te,
3108 3526 3168 3573 et
3215 3516 3525 3574 circumda-

1945 3615 2082 3671 bunt
2114 3625 2167 3671 te
2209 3614 2413 3670 inimici
2449 3614 2523 3668 tui
2558 3612 2723 3680 vallo,
2771 3621 2829 3669 et
2855 3610 3181 3669 nbsidebunt
3233 3618 3288 3664 te
3313 3648 3330 3673 .
3361 3615 3421 3663 et
3456 3608 3526 3662 ad

1949 3720 2154 3764 terram
2185 3708 2456 3798 dejicieris
2481 3709 2548 3761 ³⁸.
2592 3725 2613 3760 ι

2021 3886 2183 3944 Vnus.
2215 3889 2269 3943 6.
2313 3907 2332 3941 ‹
2381 3889 2632 3945 Visitatio
2667 3890 2811 3946 enim
2857 3889 2964 3945 erit
3007 3904 3130 3944 cum
3179 3890 3417 3954 tonitru,
3469 3900 3528 3945 et

1939 3987 2109 4035 terrm
2144 3989 2314 4047 motu,
2341 3990 2403 4036 et
2433 3996 2564 4038 voce
2607 3995 2806 4051 magna
2853 3998 2869 4036 :
2920 3979 3154 4050 procella
3201 3981 3439 4048 irruens,
3472 3991 3528 4035 et

1935 4071 2165 4127 ﬂamma
2191 4071 2652 4141 ignisdevorans.
2691 4091 2710 4124 ι
2744 4071 2910 4138 Queis
2939 4070 3251 4126 subindicat
3278 4071 3528 4126 incendio

1948 4162 2337 4217 absumendam
2367 4162 2934 4226 urbem,_immittente
2958 4159 3310 4218 Deosursum
3334 4171 3526 4218 contra

1951 4251 2096 4306 illam
2129 4252 2357 4316 tonitru,
2389 4258 2548 4306 terra:
2586 4261 2789 4306 motum
2825 4260 2882 4306 et
2911 4251 3229 4319 procellam.

2022 4340 2190 4397 Vens.
2232 4341 2287 4407 7,
2319 4341 2375 4398 8.
2419 4359 2440 4392 ι
2476 4340 2541 4395 Et
2573 4349 2733 4396 erunt
2759 4349 3014 4411 tanquam
3068 4340 3161 4410 qui
3203 4342 3439 4398 somniatI
3467 4345 3527 4398 in

1947 4451 2140 4492 somno
2173 4449 2304 4506 Opes
2349 4436 2586 4506 gentium
2617 4434 2899 4498 omnium,
2943 4443 3211 4504 quotquot
3259 4435 3528 4492 militave-

261 4536 354 4588 καὶ
387 4533 592 4597 πάντες
619 4534 668 4588 oi
702 4534 1164 4607 στρατευσάμενοι
1194 4533 1288 4587 ἐπὶ
1335 4531 1716 4604 Ἰερουσαλὴμ,
1751 4532 1842 4588 καὶ

1955 4538 2080 4586 runt
2130 4530 2393 4584 adversus
2455 4526 2646 4590 Ariel,
2699 4535 2761 4582 et
2814 4535 3079 4597 quotquot
3155 4527 3528 4583 militaverunt

259 4626 461 4690 πάντες
505 4626 555 4679 οἱ
591 4625 920 4696 συνηγμένοι
968 4626 1056 4678 ἐπ’
1086 4623 1291 4694 αὐτὴν,
1339 4623 1434 4676 καὶ
1468 4623 1518 4676 oi
1564 4621 1839 4685 θλίϐοντες

1950 4616 2211 4674 adversus
2262 4613 2602 4681 Jerusalem,
2669 4623 2724 4671 et
2800 4615 3077 4680 universi,
3145 4615 3241 4686 qui
3279 4631 3524 4686 congre-

257 4721 449 4790 αὑτήν.
499 4719 610 4772 Καὶ
656 4717 870 4770 ἔσονται
915 4717 990 4780 ὡς
1027 4717 1076 4770 οἱ
1114 4717 1173 4768 ἐν
1216 4716 1370 4786 ὕπνῳ
1406 4716 1654 4778 πίνοντες
1679 4754 1694 4778 ,
1743 4713 1839 4766 καὶ

254 4812 548 4874 ἐσθίοντες,
581 4810 674 4865 καὶ
703 4808 1131 4876 ἐξαναστάντων,
1170 4807 1396 4878 μάταιον
1427 4808 1607 4865 αὐτῶν
1640 4808 1702 4860 τὸ
1749 4807 1836 4862 ἐν·

255 4903 466 4958 ὑπνιον.
512 4900 623 4954 Καὶ
685 4899 744 4952 ὃν
798 4899 998 4971 τρόπον
1047 4899 1424 4964 ἐνυπνιάζεται
1455 4901 1485 4952 ό
1524 4899 1692 4969 διψῶν
1742 4899 1838 4952 καὶ

253 4995 448 5059 πίνων,
476 4992 576 5047 καὶ
599 4991 903 5059 ἐξαναστὰς
933 4990 1012 5045 ἐτι
1043 4991 1171 5063 διψᾷ
1189 5009 1204 5021 ·
1239 4994 1273 5062 ἡ
1305 4991 1362 5045 δὲ
1388 4990 1535 5062 ψυχὴ
1559 4989 1724 5044 αὐτοῦ
1757 4991 1838 5054 εἰς

255 5087 413 5140 κενὸν
457 5086 719 5157 ἧλπιιιέν⁸
757 5085 931 5149 οὕτως
985 5084 1138 5138 ἐσται
1168 5085 1197 5137 6
1233 5083 1460 5148 πλοῦτος
1505 5083 1615 5136 τῶν
1663 5081 1837 5136 ἐθνῶν

255 5179 498 5241 πάντων,
530 5178 645 5230 ὅσοι
677 5176 1104 5247 ἐξεστράτευσαν
1138 5176 1232 5228 ἐπὶ
1266 5175 1328 5228 τὸ
1356 5174 1481 5246 ὅρος
1516 5172 1676 5232 Σιών.
1703 5191 1722 5224 i
1753 5172 1834 5225 Δι’

253 5266 328 5326 ὧν
358 5270 583 5342 ᾐνίξατο
605 5270 703 5340 τὴν
729 5269 1024 5322 ἀπόλαυσιν
1050 5268 1153 5339 τῆς
1180 5270 1236 5321 ἐν
1267 5267 1341 5337 τῷ
1367 5267 1467 5338 βίῳ
1491 5265 1665 5336 τούτῳ
1701 5281 1833 5337 τρυ-

255 5362 361 5433 φῆς
391 5362 502 5416 τῶν
549 5360 874 5432 Ῥωμαϊκῶν
910 5359 1206 5433 ἀρχόντων.
1250 5351 1412 5413 Οὗτοι
1458 5359 1565 5431 γὰρ
1605 5353 1746 5428 ἦσαν
1785 5358 1836 5411 οἱ

256 5452 352 5524 τὴν
379 5453 618 5524 ἐσχάτην
641 5452 952 5524 πολιορκίαν
978 5450 1348 5519 ἐπαγαγόντες
1364 5453 1430 5520 τῇ
1453 5447 1830 5521 Ἰερουσαλήμ.

270 5545 466 5616 Ἐχρῆν
485 5544 594 5614 γὰρ
606 5544 752 5614 ἡμᾶς
771 5543 866 5598 καὶ
890 5560 957 5595 πε
967 5542 1019 5613 pi
1033 5541 1214 5595 αὐτῶν
1230 5559 1282 5595 τι
1305 5541 1517 5613 μαθεῖν,
1532 5540 1629 5594 καὶ
1647 5539 1834 5592 ὁποῖον

260 5637 407 5693 ἐσται
437 5637 534 5693 καὶ
555 5637 616 5690 τὸ
653 5637 827 5690 αὐτῶν
856 5635 1008 5698 τέλος
1039 5635 1370 5707 διδαχθῆναι.
1414 5635 1582 5706 Φησὶν
1612 5627 1704 5686 οὖν
1744 5631 1834 5686 τὸν

342 5837 385 5869 ’⁸
417 5837 550 5892 Luc.
586 5852 697 5895 MK,
727 5835 813 5890 43.

586 5931 853 5990 PATROL.
903 5930 1017 5990 Gn.
1067 5929 1302 5990 XXIV.

1945 4709 2056 4779 gati
2098 4718 2225 4764 sunt
2255 4709 2516 4764 adversus
2534 4722 2657 4764 eam
2681 4748 2699 4776 ,
2725 4718 2781 4762 et
2805 4709 2898 4778 qui
2927 4708 3238 4766 amiserunt
3281 4724 3423 4771 eam.
3458 4711 3524 4764 Et

1947 4810 2109 4854 erunt
2142 4802 2282 4856 sicut
2309 4800 2400 4868 qui
2432 4800 2486 4858 in
2522 4801 2725 4856 somnis
2764 4801 2955 4857 bibunt
2979 4811 3034 4856 et
3061 4800 3392 4866 comedunt;
3421 4802 3520 4858 scil

1943 4909 2066 4948 eum
2099 4905 2494 4960 surrexerunt,
2523 4908 2724 4950 vanum
2767 4903 2851 4949 est
2880 4895 3160 4952 somnium
3193 4909 3408 4954 eorum.
3457 4894 3522 4948 Et

1945 4988 2087 5043 sicut
2107 4989 2203 5058 qui
2237 5003 2330 5059 per
2361 4989 2626 5043 somnium
2657 4988 2797 5046 bibit
2824 4998 2879 5044 et
2899 4988 3229 5050 comedit,et
3253 5002 3374 5043 cum
3403 5002 3523 5042 sur-

1951 5080 2114 5146 rexit.
2140 5079 2318 5137 adhuc
2343 5079 2498 5140 sitit:
2523 5080 2708 5136 anima
2736 5091 2918 5136 autem
2947 5078 3065 5150 ejus
3099 5077 3298 5133 frustra
3327 5092 3519 5146 spera-

1941 5171 2057 5238 vit;
2088 5171 2168 5228 sic
2199 5171 2595 5228 erunt’divitia:
2626 5173 2870 5241 gentium
2899 5171 3144 5230 omnium
3171 5208 3189 5233 ,
3217 5183 3342 5236 quae
3374 5167 3519 5231 mili-

1947 5269 2198 5318 taverunt
2221 5271 2413 5318 contra
2440 5272 2677 5318 montem
2709 5262 2863 5320 Sion.
2879 5282 2897 5315 ι
2921 5261 3016 5316 llis
3035 5261 3390 5320 .adutnbravit
3408 5258 3490 5316 Bo
3515 5288 3522 5297 -

1947 5369 2228 5408 manorum
2262 5355 2564 5426 principum
2599 5355 2649 5408 in
2683 5356 2782 5410 bac
2811 5355 2920 5408 vita
2952 5353 3255 5422 voluptates
3281 5361 3337 5407 et
3361 5366 3516 5420 opes.

1943 5447 2007 5501 lli
2038 5447 2237 5517 quippe
2269 5457 2430 5510 erant
2471 5447 2562 5516 qui
2585 5455 2899 5506 extremam
2941 5444 3329 5516 Hierosolyma:
3359 5446 3518 5502 'obsi-

1943 5539 2157 5593 dioncm
2184 5540 2534 5597 induxerunt.
2562 5539 3001 5593 Consentaneum
3033 5537 3232 5607 quippe
3262 5547 3406 5600 erat.
3453 5547 3513 5590 ut

1945 5629 2230 5700 quidpiam-
2257 5629 2478 5694 ad;illos
2520 5639 2774 5700 spectans
2803 5629 3192 5697 edoceretnur,
3227 5644 3326 5686 ucc
3353 5629 3517 5700 iguov

3121 5917 3194 5976 10
