3984 6506
499 371 607 428 299

1176 363 1443 422 EUSEBII
1479 361 1957 420 CAESARIENSIS
1993 360 2144 417 ΟΡΡ.
2186 359 2366 416 PARS
2403 359 2488 416 ιιι.
2530 392 2597 403 ——
2633 360 3047 418 EXEGETICA.

3637 359 3748 415 300

491 483 737 545 raremus
762 487 883 557 quis
909 486 1120 540 illorum
1147 485 1362 538 futurus
1387 481 1510 537 linis
1544 483 1636 538 sit.
1660 481 1748 536 Ait
1773 493 1901 550 ergo
1927 494 2058 548 opes

2169 477 2389 532 πλοῦτον
2414 478 2510 532 καὶ
2541 477 2640 550 τὴν
2662 479 2872 550 τρυφὴν
2895 479 3072 532 αὐτῶν
3105 479 3268 551 μέχρι
3301 479 3397 550 τῆς
3435 479 3746 552 ἐνεστώσης

482 583 894 650 voluptatesque
919 591 1108 632 eorum
1151 577 1202 630 in
1240 577 1340 630 hac
1366 582 1572 629 tantum
1606 579 1713 628 vita
1751 583 2054 636 manentes,

485 678 707 746 perinde
735 689 794 729 se
819 673 1022 728 habere
1061 680 1224 740 atque
1273 669 1480 725 somnia
1532 666 1940 733 dormientium,
1965 666 2055 735 qui

483 765 874 836 imaginatione
897 765 1185 831 duntaxat,
1209 761 1296 816 illa
1322 775 1442 831 quae
1472 759 1746 815 somniant
1772 774 1830 814 se
1857 757 2056 812 habere

483 870 674 930 putant
707 876 723 915 :
762 859 922 914 talem
946 858 1144 928 quippe
1170 871 1293 912 esse
1325 853 1486 925 hujus
1518 855 1700 908 mundi
1741 853 2052 907 divitiarum

465 954 844 1025 ,phantasiam.
899 950 1034 1004 Nam
1086 959 1208 1020 post
1260 958 1582 1018 praiseutem
1652 945 1816 1000 vitam
1857 958 2053 998 vanum

485 1047 751 1102 somnium
783 1045 852 1099 ab
905 1043 1036 1113 ipsis
1080 1041 1552 1113 deprehendetur,
1598 1039 1885 1108 inanisque
1929 1035 2054 1091 linis

485 1140 797 1212 voluptatis,
830 1153 934 1208 qua
963 1151 1023 1192 se
1052 1135 1158 1190 l‘rui
1193 1134 1618 1190 arbitrabantur.

559 1233 719 1289 Vens.
759 1231 911 1295 9,10.
951 1248 971 1282 ι
1003 1228 1227 1284 Deficite
1249 1238 1306 1282 et
1328 1224 1717 1296 obstupescite,
1739 1234 1792 1279 et
1820 1223 2056 1278 inebrie‘

486 1324 638 1388 mini,
669 1337 772 1376 non
798 1322 998 1384 sicera,
1031 1330 1206 1388 neque
1241 1316 1389 1380 vino,
1425 1315 1551 1384 quia
1582 1314 1789 1383 potavit
1824 1327 1919 1366 vos
1944 1310 2054 1367 Do-

485 1415 664 1468 minus
693 1411 884 1482 spiritu
915 1406 1347 1481 compunctiortis
1375 1422 1390 1460 :
1428 1412 1482 1458 et
1512 1401 1726 1456 claudet
1750 1400 1937 1455 oculos
1963 1413 2055 1453 eo-

485 1524 631 1572 rum,
660 1517 715 1562 et
745 1504 1128 1576 prophetarum
1159 1512 1368 1562 eorum,
1403 1507 1458 1551 et
1504 1494 1806 1564 principum
1842 1505 2051 1554 eorum,

484 1601 576 1671 qui
609 1600 791 1654 vident
820 1593 1155 1650 abscondita.
1195 1609 1214 1644 ι
1241 1591 1378 1658 Quia
1411 1597 1736 1659 prmsentem
1767 1584 2052 1640 Dominum

485 1691 760 1747 hominem
789 1688 991 1744 factum
1023 1683 1306 1740 audientes
1327 1721 1344 1747 ,
1378 1695 1488 1734 non
1537 1677 1920 1734 intellexerunt
1941 1713 1958 1740 ,
1991 1685 2055 1726 ac

469 1785 731 1840 'videntes
759 1780 929 1837 oculis
949 1818 967 1844 ,
1003 1777 1198 1832 animae
1223 1773 1340 1828 visu
1372 1785 1478 1827 non
1508 1774 1928 1839 conspexerunt,
1959 1779 2054 1817 au-

2159 570 2302 642 ζωῆς
2322 570 2670 642 ὑπάρχουσαν
2702 572 3063 636 ὲοικέναιτοῖς
3098 572 3239 624 κατὰ
3263 575 3378 636 τοῖς
3399 572 3588 637 ὕπνοις
3627 575 3744 645 (53)
3767 629 3769 632 ι

2157 660 2536 732 ὀνειρώττουσι
2580 663 2672 715 καὶ
2698 662 2860 733 μέχρι
2880 662 2973 716 τοῦ
3007 663 3183 716 δοκεῖν
3210 663 3544 735 διακατέχειν
3570 666 3748 720 ταῦτα

2158 752 2472 822 νομίζουσι’
2497 753 2751 824 τοιαύτην
2767 754 2874 826 γὰρ
2891 750 3140 827 εἶναιτὴν
3162 754 3254 808 τοῦ
3294 756 3561 827 παρόντος
3586 757 3749 811 πλού-

2157 861 2248 896 του
2279 844 2598 912 φαντασίαν.
2625 844 2781 900 Μετά
2810 845 2921 918 γὰρ
2945 849 3037 900 τὸν
3066 848 3338 902 ἐνεστῶτα
3365 847 3480 917 βίον
3512 849 3747 921 μάταιον

2156 936 2340 1000 αὐτοῖς
2383 937 2738 1009 εὑρεθήσεται
2773 939 2837 992 τὺ
2886 940 3172 1005 ἐνύπνιον,
3227 942 3324 996 καὶ
3379 940 3442 994 τδ
3477 941 3633 1006 τέλος
3675 937 3748 1013 ἧς

2157 1029 2405 1100 ἐνόμιζον
2427 1030 2721 1086 ἀπολαύειν
2745 1032 2978 1104 τρυφῆς.

2234 1228 2251 1259 ‹
2275 1209 2569 1281 Ἐκλυθῆτε
2609 1212 2702 1264 καὶ
2749 1213 3001 1286 ἔκστητε,
3055 1214 3149 1268 καὶ
3194 1215 3605 1288 κραιπαλὴσατε
3645 1216 3752 1270 οὐκ

2156 1300 2264 1354 ἀπὸ
2302 1302 2512 1374 σίκερα,
2531 1303 2654 1358 οὐδὲ
2685 1304 2791 1358 ἀπὸ
2821 1307 2992 1360 οἴνουο
3035 1307 3116 1360 ὅτι
3151 1307 3440 1361 πεπότικεν
3467 1309 3612 1378 ὑμᾶς
3633 1307 3752 1361 Κύ-

2161 1407 2272 1463 ριος
2296 1394 2566 1464 πνεύματι
2585 1395 2928 1461 κατανύξεως
2947 1414 2960 1428 °
2989 1397 3085 1450 καὶ
3106 1398 3384 1469 καμμύσει
3407 1399 3531 1462 τοὺς
3549 1398 3754 1467 ὀφθαλ-

2159 1485 2294 1556 μοὺς
2327 1486 2527 1552 αὐτῶν,
2572 1489 2666 1541 καὶ
2690 1488 2800 1542 τῶν
2830 1490 3127 1562 προφητῶν
3155 1491 3352 1558 αὐτῶν,
3393 1492 3486 1544 καὶ
3509 1489 3618 1544 τῶν
3646 1492 3754 1564 ἀρ-

2157 1576 2360 1647 χόντων
2388 1576 2589 1642 αὐτῶν,
2616 1579 2666 1632 οι
2702 1579 2936 1650 ὁρῶντες
2965 1580 3033 1634 τὰ
3065 1581 3305 1653 κρυπτά.
3333 1602 3352 1634 ι
3391 1581 3751 1654 Ἐπειδήπερ,

2154 1667 2242 1721 ὅτε
2270 1667 2453 1738 παρῆν
2481 1669 2662 1734 αὐτοῖς
2700 1670 3125 1744 ἐνανθρωπήσας
3165 1673 3193 1725 ό
3250 1673 3473 1744 Κύριος,
3509 1673 3646 1743 ἀκοῇ
3677 1673 3753 1726 ἀ-

2155 1762 2406 1828 κούοντες
2455 1764 2642 1830 αὑτοῦ,
2682 1766 2742 1819 ού
2794 1767 3068 1830 συνίεσαν,
3112 1768 3205 1821 καὶ
3244 1767 3532 1837 βλέποντες
3580 1767 3754 1821 αὑτὸν

484 1890 680 1946 resque
707 1887 862 1938 snas,
893 1886 960 1927 ne
986 1869 1268 1932 audirent,
1301 1870 1690 1934 aggravarunt,
1721 1858 1928 1930 potabit
1961 1871 2054 1912 eos

2169 1853 2476 1946 EpOalpoi’c,
2516 1858 2582 1927 τῇ
2617 1856 2805 1928 ὁράσει
2833 1856 2932 1927 τῆς
2969 1857 3144 1928 ψυχῆς
3181 1858 3280 1928 οὐχ
3311 1856 3518 1928 ἐώρων,
3548 1857 3644 1911 καὶ
3677 1857 3756 1912 τὰ

486 1968 746 2025 Dominus
775 1965 967 2036 spiritu
999 1958 1455 2033 compunctionis.

555 2150 717 2206 Vens.
752 2150 839 2206 ll.
880 2167 898 2199 ι
919 2147 985 2202 Et
1011 2152 1170 2200 erunt
1190 2141 1341 2197 vobis
1372 2142 1488 2195 haec
1515 2136 1697 2194 omnia
1715 2135 1898 2201 verba,
1915 2133 2058 2188 velut

481 2256 764 2299 sermones
790 2238 913 2294 libri
957 2234 1156 2306 signati
1200 2231 1394 2301 hujus,
1424 2243 1583 2299 quem
1609 2226 1656 2282 si
1684 2227 1815 2280 dent
1847 2223 2054 2279 homini

465 2333 675 2390 scienti
698 2327 1224 2394 litteras,dicentcs:
1257 2321 1398 2392 Lege
1426 2322 1560 2386 haec,
1594 2317 1755 2380 dicet,
1786 2314 1904 2370 Non
1931 2329 2053 2385 pos-

483 2440 602 2480 sum
639 2423 816 2490 legere
850 2438 865 2487 ;
896 2419 1142 2490 signatus
1172 2415 1320 2470 enim
1373 2420 1476 2468 est.
1519 2429 1539 2463 ι
1587 2408 1660 2465 De
1705 2409 1775 2463 iis
1810 2407 1900 2477 qui
1952 2405 2054 2462 sub

460 2515 601 2570 'hzec
631 2510 811 2584 pepuli
853 2525 919 2566 ex
961 2506 1380 2564 circumcisione
1420 2500 1660 2574 praefecti
1702 2499 1869 2554 futuri
1901 2505 2050 2562 sunt,

483 2607 661 2678 pergit
688 2601 1008 2658 vaticinari:
1041 2619 1059 2651 ι
1096 2599 1160 2654 Ει
1191 2605 1354 2653 erunt
1385 2595 1540 2650 vobis
1577 2592 1758 2649 omnia
1790 2591 1953 2646 verba
1986 2589 2053 2643 li-

461 2699 568 2755 'bri
605 2717 624 2750 ι
655 2715 669 2753 :
697 2711 815 2766 quae
849 2709 978 2750 sane
1024 2693 1099 2748 illi
1144 2707 1249 2746 non
1296 2687 1691 2758 intelligebaut.
1737 2683 1884 2738 Nihil
1907 2684 2050 2737 enim

485 2787 804 2844 dilferebant
831 2785 920 2839 illa
954 2785 1020 2840 ab
1049 2783 1453 2852 obsignatorum
1484 2778 1672 2849 sigillis
1692 2818 1707 2844 ,
1741 2777 1813 2830 ita
1863 2787 1920 2830 ut
1947 2789 2054 2828 non

458 2884 669 2946 posset
697 2872 1006 2928 Judaaorum
1051 2871 1191 2924 ullus
1232 2869 1438 2938 scripta
1477 2867 1802 2936 perlegere;
1850 2865 1921 2920 ita
1951 2865 2056 2918 illis

486 2965 700 3033 ignotos
744 2963 860 3017 fore
903 2963 979 3016 ait
1032 2960 1373 3032 propheticus
1430 2972 1743 3021 sermones,
1790 2956 1902 3012 sive
1947 2955 2053 3011 illis

457 3067 582 3108 rore
606 3053 1040 3123 pronuntientur,
1072 3052 1184 3106 sive
1200 3065 1384 3106 eorum
1411 3064 1635 3119 prorsus
1657 3049 1891 3118 imperiti
1919 3051 2049 3103 sint.

2157 1938 2272 1999 ὦτα
2296 1945 2474 2000 αὐτῶν
2504 1945 2772 2018 ἐϐάρυναν
2799 1947 2894 2001 τοῦ
2927 1948 3002 2020 μὴ
3034 1947 3271 2016 ἀκούειν,
3308 1948 3517 2002 ποτίσει
3550 1948 3756 2014 αὐτοὺς

2160 2038 2363 2109 Κύριος
2386 2039 2657 2110 πνεύματι
2687 2039 3052 2106 κατανύξεως.

2237 2150 2255 2181 ι
2281 2132 2390 2184 Kal
2410 2130 2623 2186 ἔσονται
2657 2133 2786 2204 ύμῖν
2809 2132 2877 2187 τὰ
2911 2134 3133 2205 ῥήματα
3167 2135 3344 2189 πάντα
3372 2133 3566 2195 ταῦτα,
3600 2134 3678 2198 ὼς
3701 2134 3755 2186 οῖ

2160 2222 2308 2290 λόγοι
2337 2221 2432 2276 τοῦ
2489 2221 2694 2293 βιϐλίου
2748 2224 2841 2278 τοῦ
2873 2227 3309 2297 ἐσφραγισμένου
3359 2225 3570 2290 τούτου,
3601 2225 3631 2278 ὃ
3650 2225 3757 2279 ἐὰν

2159 2314 2322 2368 δῶσιν
2353 2315 2483 2369 αύτὸ
2521 2314 2792 2388 ἀνθρώπῳ
2831 2318 3178 2389 ἐπισταμένῳ
3227 2318 3532 2389 γράμματα
3558 2318 3756 2388 λέγον-

2161 2421 2271 2468 τες
2312 2405 2608 2473 Ἀνάγνωθι
2631 2405 2802 2460 ταῦτα
2825 2449 2839 2472 ,
2870 2408 2964 2461 καὶ
2985 2408 3118 2478 ἐρεῖ,
3149 2408 3222 2460 Ού
3245 2407 3477 2479 δύναμαι
3502 2408 3757 2477 ἀναγνῶ-

2163 2514 2283 2551 ναι·
2320 2497 2681 2568 ἐσφράγισται
2715 2501 2844 2572 γάρ.
2878 2518 2897 2552 ι
2933 2501 3066 2571 Περὶ
3088 2500 3196 2554 τῶν
3240 2501 3378 2572 μετά
3409 2499 3581 2554 ταῦτα
3612 2518 3756 2572 προ-

2165 2590 2382 2644 εστάναι
2428 2589 2727 2646 δοκούντων
2756 2591 2850 2646 τοῦ
2884 2593 2947 2646 ἐκ
2989 2593 3292 2665 περιτομῆς
3320 2593 3450 2648 λαοῦ
3475 2593 3757 2666 διέρχεται

2165 2681 2463 2747 θεσπίζων·
2507 2701 2526 2734 ι
2556 2685 2665 2738 Kal
2692 2684 2905 2739 ἔσονται
2937 2686 3067 2756 ύμῖν
3097 2685 3275 2740 πάντα
3306 2685 3373 2739 τά
3406 2687 3627 2758 ῥήματα
3653 2685 3755 2738 τοῦ

2164 2773 2386 2843 βιϐλίου,
2412 2793 2431 2826 ι
2482 2774 2544 2828 οὑ
2606 2775 2712 2846 μὴν
2759 2776 2851 2829 καὶ
2881 2776 3150 2840 συνιέντες
3202 2775 3376 2830 αύτά⁹
3427 2775 3590 2846 μηδὲν
3637 2774 3756 2846 γὰρ

2161 2865 2434 2938 διαφέρειν
2510 2867 2649 2922 αὐτὰ
2693 2869 2802 2920 τῶν
2852 2868 3412 2940 κατεσφραγισμένων
3464 2870 3754 2939 σφραγῖσι,

2160 2959 2294 3029 πρὸς
2305 2958 2366 3012 τὸ
2383 2959 2456 3031 μὴ
2469 2959 2727 3013 δύνασθαί
2741 2978 2861 3014 τινα
2882 2961 2972 3014 τὸν
2993 2961 3105 3033 (54)
3124 2963 3187 3014 ἐκ
3207 2961 3302 3015 τοῦ
3327 2961 3594 3015 Ἰουδαίων
3615 2959 3754 3013 λαοῦ

2156 3053 2225 3105 τὰ
2253 3053 2680 3124 ἐγγεγραμμένα
2724 3049 3122 3123 διαγινώσκειν·
3163 3055 3332 3119 οὕτως
3358 3057 3540 3120 αὐτοῖς
3569 3055 3756 3124 ἀγνώ-

488 3164 645 3208 στους
678 3145 894 3200 ἔσεσθαι
922 3147 1048 3209 τοὺς
1075 3144 1446 3216 προφητικοὺς
1484 3143 1676 3212 λόγους
1702 3143 1802 3196 κᾶν
1821 3161 1878 3196 τε
1904 3144 2307 3217 ἁπαγγέλληται
2325 3148 2509 3211 αὐτοῖς
2531 3148 2639 3202 ἀπὸ
2666 3150 2952 3221 στόματος,
2971 3151 3071 3206 κάν
3084 3168 3142 3204 τε
3160 3151 3374 3222 ἄπειροι
3389 3145 3519 3205 ὦσιν
3545 3151 3752 3207 αὐτῶν.

565 3238 724 3294 Vens.
757 3238 841 3293 12.
885 3257 903 3288 ι
946 3238 1008 3291 Et
1034 3237 1252 3291 dabitur
1282 3236 1372 3291 hic
1409 3235 1544 3291 liber
1575 3236 1630 3290 in
1662 3251 1852 3290 manus
1881 3237 2055 3291 homi-
2084 3247 2129 3306 ί)

488 3333 576 3389 nis
602 3330 894 3386 nescientis
925 3330 1169 3384 litteras:
1197 3335 1252 3383 et
1274 3328 1417 3381 dicet
1444 3327 1516 3392 ei,
1552 3326 1693 3396 Lege
1725 3328 1861 3394 hoc;
1890 3338 1944 3383 et
1979 3329 2061 3383 di-

487 3433 607 3488 cet,
641 3421 756 3476 Non
799 3435 1020 3489 possum
1060 3419 1274 3490 legere,
1309 3418 1490 3473 nescio
1535 3418 1765 3474 litteras.
1820 3438 1839 3471 ι
1875 3419 2058 3476 Talem

491 3518 725 3570 futuram
756 3513 834 3567 ait
863 3511 1235 3582 propheticam
1272 3520 1530 3580 mentem,
1561 3527 1669 3566 non
1698 3513 1912 3581 quidem
1932 3513 2062 3569 'om-

491 3608 681 3669 nibus,
723 3607 817 3660 sed
851 3605 918 3659 iis
952 3613 1197 3667 tantum,
1236 3603 1302 3657 de
1340 3603 1537 3672 quibus
1576 3605 1689 3661 haec
1715 3606 2057 3661 vaticinatur.

489 3699 624 3754 Nam
657 3697 842 3751 sedulo
871 3697 1272 3751 animadvertas
1296 3711 1403 3764 qua
1432 3697 1644 3752 ratione
1670 3698 1901 3766 dicatur,
1943 3719 1961 3751 ι
1996 3699 2062 3754 Ει

491 3797 651 3844 erunt
682 3788 832 3841 vobis
854 3788 967 3842 haec
981 3788 1142 3842 verba
1169 3804 1183 3854 ;
1211 3806 1228 3838 ›
1255 3787 1406 3842 vobis
1441 3788 1648 3844 scilicet
1679 3791 2058 3859 pracsentibus,

488 3881 813 3946 videntibus,
862 3891 916 3934 et
946 3880 1309 3935 audientibus.
1347 3879 1561 3935 Judaaos
1600 3890 1779 3938 autem
1814 3883 2059 3953 alloque-

491 3975 685 4040 batur,
720 3973 875 4043 queis
907 3973 1149 4042 ignotam
1180 3985 1305 4028 esse
1342 3973 1642 4043 praphetiaz
1679 3984 1916 4030 mentem
1961 3977 2060 4030 sub

491 4064 606 4118 hinc
643 4065 862 4128 edocet,
893 4079 1014 4119 cum
1063 4063 1174 4117 hare
1202 4063 1412 4132 adjicit,
1457 4081 1476 4114 ι
1520 4064 1585 4118 Et
1623 4065 1844 4120 audient
1889 4066 1940 4120 in
1978 4066 2062 4121 die

459 4158 579 4212 dlla
612 4157 758 4212 surdi
787 4156 946 4211 verba
977 4156 1121 4221 libri,
1159 4165 1215 4210 et
1242 4155 1382 4212 oculi
1411 4169 1678 4212 cmcorum
1706 4158 1985 4224 videbunt,
2007 4167 2064 4214 et

493 4249 864 4304 cxsultabunt.
905 4268 924 4300 ι

571 4428 732 4481 Vens.
777 4427 960 4490 13,”.
996 4445 1014 4478 ι
1053 4428 1110 4481 Et
1158 4426 1293 4482 dixit
1319 4427 1578 4486 Dominus
1608 4448 1624 4484 :
1659 4431 2064 4502 Appropinquat

494 4521 628 4577 mihi
655 4521 878 4591 populus
899 4519 986 4576 hic
1000 4535 1093 4575 ore
1116 4541 1213 4578 suo
1229 4565 1244 4590 ,
1261 4536 1315 4580 et
1332 4524 1491 4579 labiis
1507 4525 1618 4578 suis
1647 4525 1916 4580 honorant
1942 4542 2060 4580 me:

2236 3261 2252 3291 ι
2273 3242 2381 3294 Kal
2399 3241 2681 3312 δοθήσεται
2728 3241 2788 3294 τὸ
2807 3240 3007 3310 βιϐλίον
3033 3242 3192 3294 τοῦτο
3213 3243 3292 3306 εἰς
3319 3244 3504 3312 χεῖρας
3536 3242 3757 3314 ἀνθρὼ-

2164 3353 2264 3388 που
2298 3336 2372 3407 μὴ
2411 3336 2776 3408 ἐπισταμένου
2808 3337 3113 3408 γράμματα
3134 3355 3148 3368 °
3180 3339 3272 3392 καὶ
3302 3340 3418 3410 ἐρεῖ
3443 3338 3613 3410 αύτῷ,
3658 3341 3756 3392 Ἀ-

2162 3427 2395 3497 νὰγνωοι
2418 3428 2575 3482 τοῦτο
2594 3446 2606 3458 ο
2644 3429 2736 3480 καὶ
2765 3431 2901 3500 ἐρεῖ,
2926 3430 3000 3482 Ού
3033 3429 3265 3502 δύναμαι
3295 3431 3623 3500 ἀναγνῶναι,
3647 3434 3757 3486 οὐκ

2161 3521 2460 3591 ἐπίσταμαι
2490 3522 2813 3591 γράμματα.
2839 3542 2857 3572 ι
2889 3521 3141 3578 Τοιοῦτον
3164 3523 3220 3577 δὲ
3249 3523 3467 3578 ἔσεσθαι
3495 3525 3586 3578 τὸν
3616 3542 3757 3597 προ-

2163 3615 2390 3685 φητικὸν
2427 3614 2570 3679 νοῦν,
2605 3615 2666 3667 ού
2697 3617 2862 3668 πᾶσιν
2901 3614 3228 3688 ἀνθρώποις,
3271 3616 3403 3670 ἀλλὰ
3438 3617 3618 3688 μόνοις
3647 3618 3756 3670 αύ-

2162 3708 2292 3769 τοίς,
2325 3705 2459 3776 πρὸς
2487 3704 2578 3768 οὓς
2606 3705 2778 3759 ταῦτα
2811 3705 3146 3771 ἐθεσπίζετο.
3176 3729 3193 3758 ε
3222 3709 3463 3780 Πρόσχες
3493 3709 3601 3782 γὰρ
3631 3712 3756 3764 ἐπι-

2165 3797 2341 3868 μελῶς
2358 3800 2503 3862 ὅπως
2519 3800 2732 3870 εἴρηται
2752 3816 2766 3829 ·
2798 3800 2937 3853 «Καὶ
2957 3799 3107 3853 ἐσται
3127 3801 3252 3871 ὑμῖν
3280 3801 3349 3854 τά
3376 3804 3592 3873 ῥήματα
3619 3801 3756 3856 ταῦ-

2161 3906 2230 3941 τα
2249 3906 2262 3918 °
2289 3911 2307 3942 ι
2331 3891 2460 3960 ύμῖν
2491 3891 2599 3960 γάρ
2625 3907 2756 3961 φησι
2786 3894 2898 3955 τοῖς
2928 3892 3185 3963 παροῦσι,
3223 3894 3316 3946 καὶ
3348 3894 3534 3965 ὁρῶσι,
3565 3898 3659 3949 καὶ
3687 3899 3755 3950 ἀ-

2163 3979 2430 4035 κούουσιν.
2475 3998 2494 4030 ι
2519 3979 2577 4033 Ὀ
2628 3980 2684 4032 δὲ
2717 3980 2871 4047 λόγος
2903 3977 2971 4052 ἦν
3019 3982 3155 4052 πρὸς
3188 3983 3494 4047 Ἰουδαίους,
3530 3979 3612 4048 οἷς
3655 3987 3752 4038 τὸν

2163 4068 2287 4122 νοῦν
2320 4072 2417 4140 τῆς
2451 4070 2786 4140 προφητείας
2815 4071 3089 4138 ἄγνωστον
3123 4075 3472 4138 ὑποκαταϐὰς
3507 4076 3754 4130 διδάσκει

2162 4161 2228 4216 δι’
2262 4155 2337 4216 ὧν
2367 4163 2644 4231 ἐπιλέγει·
2683 4184 2701 4214 ι
2723 4166 2834 4217 Kal
2859 4165 3180 4219 ἀκούσονται
3213 4169 3269 4220 ἐν
3289 4170 3354 4239 τῇ
3389 4169 3573 4240 ἡμέρᾳ
3603 4171 3754 4223 ἐκεί-

2164 4271 2230 4326 νῃ
2259 4257 2435 4326 κωφοὶ
2462 4255 2651 4325 λόγους
2687 4257 2914 4328 βιϐλίου,
2947 4260 3038 4313 καὶ
3065 4260 3330 4332 ὀφθαλμοὶ
3354 4261 3569 4330 τυφλῶν
3591 4263 3754 4331 wou-

2164 4364 2272 4411 ται,
2305 4349 2395 4402 καὶ
2425 4349 2861 4418 ἀγαλλιάσονται.
2895 4371 2914 4403 ι

2244 4459 2261 4491 ι
2285 4441 2394 4494 Kal
2422 4437 2541 4494 εἷπε
2585 4442 2789 4513 Κύριος
2813 4459 2826 4472 ·
2886 4441 3121 4511 Ἐγγίζει
3151 4461 3241 4514 μοι
3265 4447 3293 4498 ό
3327 4444 3453 4507 λαὸς
3495 4437 3651 4509 οὗτος
3693 4447 3753 4500 ἐν

2167 4533 2244 4603 τῷ
2279 4533 2506 4605 στόματι
2539 4535 2725 4596 αὐτοῦ,
2754 4535 2848 4588 καὶ
2884 4537 2942 4589 ἐν
2965 4539 3079 4599 τοῖς
3110 4536 3340 4606 χείλεσιν
3367 4537 3546 4590 αὐτῶν
3573 4539 3721 4608 τιμῶ

492 4629 588 4668 cor
617 4623 796 4667 autem
815 4628 1008 4668 eorum
1039 4615 1194 4687 longe
1222 4628 1301 4672 est
1323 4633 1352 4672 a
1373 4633 1478 4671 me.
1508 4616 1734 4672 Frustra
1758 4628 1940 4673 autem
1967 4633 2059 4675 co-

2169 4628 2220 4680 σί
2253 4644 2351 4697 με’
2379 4603 2420 4697 ήὴ
2459 4627 2517 4680 δέ
2555 4627 2751 4700 καρδία
2783 4629 2963 4683 αὐτῶν
3004 4603 3194 4700 πόρρω
3221 4630 3414 4700 ἀπέχει
3460 4631 3555 4683 ἀπ’
3591 4603 3748 4703 ἐμοῦ.

493 4707 609 4760 lunt
644 4721 749 4769 me,
775 4707 1031 4762 docentes
1056 4720 1329 4778 prmcepta
1354 4709 1660 4776 hominum,
1677 4719 1840 4779 atque
1864 4713 2065 4768 doctri-

496 4813 614 4852 nas.
637 4797 950 4865 Propterea,
967 4813 1094 4854 ecce
1119 4799 1367 4868 adjiciam
1393 4808 1450 4853 ut
1468 4799 1788 4856 transferam
1808 4805 2065 4874 populum

495 4889 660 4954 hunc,
692 4900 746 4943 et
769 4890 1097 4944 transferam
1126 4905 1273 4944 cum.
1310 4909 1329 4940 ι
1363 4888 1429 4943 Et
1458 4891 1585 4960 quia
1614 4892 1938 4962 sapientiam
1971 4897 2066 4951 ho-

496 4985 699 5038 minum
729 4984 1046 5052 praeferunt,
1073 4985 1197 5037 dum
1227 4985 1444 5038 interim
1471 4988 1789 5054 sapientiam
1819 5000 1873 5042 et
1901 4994 2063 5046 verba

494 5091 612 5129 mea
643 5087 1004 5142 aversantur;
1043 5076 1176 5129 alias
1195 5091 1323 5130 vero
1350 5079 1612 5145 quasdam
1641 5081 1914 5136 seniorum
1949 5099 2067 5138 suo-

487 5183 614 5221 rum
643 5169 958 5223 traditiones
980 5208 995 5230 ,
1032 5181 1096 5220 ac
1140 5166 1184 5221 si
1230 5167 1559 5236 sapientium
1588 5171 1824 5226 virorum
1859 5185 2061 5241 essent,

493 5271 904 5338 consectantur,
928 5258 1052 5314 ideo
1081 5258 1392 5328 Scripturas
1421 5261 1638 5330 quidem
1671 5279 1820 5320 meas
1849 5281 1955 5321 non
1985 5269 2066 5322 in-

493 5353 739 5423 telligent
799 5370 814 5407 :
888 5371 906 5402 ι
963 5352 1074 5420 Ego
1146 5367 1277 5407 vero
1341 5354 1664 5424 sapientiam
1737 5361 2061 5429 sapientium

493 5445 706 5498 illorum
747 5442 1008 5513 perdam,
1042 5451 1096 5496 et
1145 5442 1486 5511 prudentiam
1535 5447 1861 5514 prudentum
1903 5449 2065 5504 abro-

491 5539 650 5606 gabo.
687 5555 706 5588 ι

569 5627 732 5681 Vens.
763 5623 853 5682 15.
887 5643 906 5676 ι
939 5624 1029 5681 Vae
1061 5627 1153 5696 qui
1188 5629 1510 5698 profundum
1543 5634 1826 5688 consilium
1859 5632 2064 5702 ineunt,

494 5729 545 5772 et
578 5736 683 5771 non
718 5733 812 5786 per
854 5718 1038 5774 Deum.
1073 5717 1164 5774 Va:
1196 5723 1286 5790 qui
1335 5723 1387 5777 in
1433 5724 1752 5780 abscondito
1777 5725 2066 5781 consilium

568 5833 679 5905 (55)
700 5830 1125 5908 Legeaatatobg
1143 5833 1360 5905 ὕπνους,
1378 5837 1460 5894 vel
1480 5837 1662 5912 ἐντοῖς
1685 5836 1887 5902 ὕπνοις.
1910 5837 2065 5894 Ευιτ.

2163 4718 2355 4788 Μάτην
2384 4718 2441 4773 δὲ
2465 4719 2711 4774 σέϐονταί
2737 4739 2824 4791 με,
2847 4720 3191 4785 διδάσκοντες
3212 4723 3517 4792 ἐντάλματα
3541 4722 3752 4795 ἀνθρώ-

2167 4830 2283 4865 πων
2317 4813 2412 4866 καὶ
2437 4813 2804 4877 διδασκαλίας.
2830 4814 2928 4868 Διά
2978 4814 3136 4867 τοῦτο
3170 4815 3278 4868 ἰδοὺ
3312 4815 3606 4887 προσθήσω
3655 4817 3749 4870 τοῦ

2169 4902 2478 4972 μεταθεῖναι
2504 4907 2594 4958 τὸν
2622 4905 2750 4959 λαὸν
2783 4905 2990 4970 τοῦτον,
3043 4907 3137 4960 καὶ
3186 4908 3476 4980 μεταθήσω
3511 4910 3695 4964 αὐτόν.
3725 4932 3744 4962 ι

2168 4993 2278 5045 Kal
2311 4993 2496 5064 ἐπειδὴ
2551 4997 2744 5064 σοφίαν
2777 4997 3080 5069 ἀνθρώπων
3109 4999 3521 5071 προϐάλλονται,
3561 5002 3662 5073 τὴν
3692 5005 3749 5055 ὲ-

2170 5087 2276 5156 μὴν
2309 5087 2406 5157 μὲν
2431 5088 2866 5159 ἀποστρέφοντες
2915 5091 3106 5158 σοφίαν
3150 5093 3242 5144 καὶ
3273 5093 3364 5148 τὸν
3409 5094 3540 5166 ἐμὸν
3568 5094 3748 5164 λόγον,

2165 5177 2358 5248 ἐτέρας
2381 5178 2439 5231 δέ
2467 5197 2615 5243 τινας
2642 5177 2971 5252 παραδόσεις
2997 5183 3103 5237 τῶν
3131 5187 3261 5256 παρ’
3296 5188 3476 5250 αὐτοῖς
3507 5191 3748 5259 πρεσϐυ-

2164 5269 2358 5339 τέρων,
2386 5269 2574 5342 ῶσπερ
2627 5271 2792 5323 τινῶν
2845 5271 3023 5342 σοφῶν
3048 5276 3364 5346 κατέχοντες
3384 5293 3397 5306 ο
3421 5276 3611 5330 τούτου
3653 5278 3751 5348 χά-

2165 5379 2249 5432 ριν
2277 5361 2376 5426 τὰς
2410 5363 2508 5432 μὲν
2544 5362 2684 5433 ἐμὰς
2731 5365 2770 5417 Γ
2778 5366 2952 5437 ραφάς
2991 5367 3052 5420 ού
3093 5370 3434 5438 συνήσουσιν.
3466 5388 3483 5419 ι
3507 5369 3650 5436 Ἐγὼ
3690 5371 3747 5422 δὲ

2163 5453 2324 5516 αὐτὸς
2361 5454 2470 5508 τῶν
2511 5456 2689 5525 σοφῶν
2715 5457 2892 5510 αὐτῶν
2929 5458 3026 5529 τὴν
3059 5461 3249 5529 σοφίαν
3281 5461 3487 5528 ἀπολῶ,
3517 5464 3609 5516 καὶ
3648 5464 3746 5535 τὴν

2164 5544 2377 5598 σύνεσιν
2405 5546 2512 5598 τῶν
2540 5547 2774 5600 συνετῶν
2806 5549 3076 5622 ἀθετήσω.
3100 5572 3116 5601 ι

2238 5657 2255 5688 ι
2281 5637 2417 5691 Ούαὶ
2447 5639 2496 5692 οἱ
2514 5638 2732 5708 βαθεῖαν
2756 5640 2948 5712 βουλὴν
2970 5641 3266 5707 ποιοῦντες,
3296 5645 3388 5698 καὶ
3409 5644 3470 5698 ού
3484 5644 3570 5698 διά
3585 5645 3741 5700 Θεοῦ.

2162 5726 2298 5781 Οὐαὶ
2319 5727 2366 5779 οἱ
2399 5728 2456 5779 ἐν
2475 5733 2654 5799 κρυφῇ
2685 5731 2878 5803 βουλὴν
2908 5732 3206 5797 ποιοῦντες,
3237 5735 3330 5790 καὶ
3358 5735 3508 5791 ἔσται
3529 5738 3588 5792 ἐν
3617 5737 3740 5793 σκό-

2235 5842 2346 5914 (54)
2386 5838 2550 5902 Ροιιό
2579 5845 2860 5918 legendum
2899 5848 3023 5904 τῶν.
3055 5848 3212 5907 Eutr.
