3984 6510
283 367 382 426 301

1183 363 1683 423 COMMENTARIA
1722 362 1790 418 IN
1831 361 2084 420 ISAIAM.
2126 399 2194 410 —-
2229 368 2384 425 CAP.
2427 369 2618 426 XXIX.

3423 376 3526 430 362

284 489 459 544 τειτά
491 488 628 562 ἔργα
674 489 880 543 αὐτῶν·
916 490 1008 543 καὶ
1033 489 1239 560 ἐροῦσι,
1263 489 1360 552 Τίς
1389 488 1631 559 ἑώρακεν
1671 486 1855 557 quae;

1966 487 2162 548 ineunt,
2187 499 2240 543 et
2263 501 2422 544 erunt
2450 491 2501 544 iu
2529 490 2765 547 tenebris
2791 505 2951 560 opera
2980 505 3166 547 eorum
3191 508 3204 546 :
3235 502 3286 547 et
3322 493 3523 557 dicent,

284 582 376 634 καὶ
402 580 486 644 τίς
519 581 666 651 ἡμᾶς
705 579 990 648 γνώσεται,
1017 579 1051 650 ἢ
1075 579 1112 634 ὃ.
1165 580 1327 651 ἡμεῖς
1356 579 1648 649 ποιοῦμενς
1679 604 1697 628 ι
1743 572 1855 630 Εἶτ’

283 672 582 743 ἐπειδήπερ
604 671 872 724 θεοσεϐεῖν
898 670 1352 742 ἐπαγγελλόμενοι
1383 673 1496 734 τοῖς
1523 669 1775 740 χείλεσιν,
1799 671 1858 723 ἐν

280 764 358 835 τῷ
395 764 628 836 κρυπτῷ
658 765 726 818 τὰ
762 764 1010 836 χείριστα
1039 763 1438 835 διεπράττοντο,
1494 763 1858 834 φαρμακείαις

282 858 378 909 κα.)⁸
400 857 786 928 ἀκαθαρσίαις,
822 857 916 910 καὶ
939 856 1125 920 ἄλλαις
1167 855 1387 926 μυρίαις
1409 853 1686 926 ἀθεμίτοις
1714 854 1857 924 πρά-

281 947 396 1012 ξεσι
419 948 827 1020 συμφυρόμενοι
851 962 865 979 ·
893 949 1025 1001 πᾶσι
1043 947 1101 1001 δὲ
1123 946 1333 1010 τούτοις
1356 947 1660 1018 ἐνεχείρουν
1684 945 1760 1010 ὡς
1783 945 1858 1018 μὴ

279 1041 586 1113 ἐφορῶντος
625 1040 721 1096 τοῦ
750 1041 886 1094 Θεοῦ
905 1058 918 1072 ο
947 1040 1170 1104 είκότως
1203 1039 1400 1104 αὐτοὺς
1428 1038 1700 1104 ταλανίζει
1729 1037 1861 1094 ταῦ-

278 1151 346 1186 τα
369 1133 548 1202 λέγων
565 1151 581 1166 ·

356 1245 374 1276 ι
401 1227 519 1296 Οὐχ
558 1224 635 1288 ὼς
661 1224 830 1296 πηλὸς
860 1222 953 1278 τοῦ
991 1223 1280 1296 κεραμέως
1321 1223 1738 1296 λογισθήσεσθε;
1767 1222 1858 1296 Μὴ

280 1319 395 1388 ἐρεῖ
425 1319 487 1371 τὸ
517 1315 744 1388 πλάσμα
774 1317 852 1388 τῷ
904 1316 1168 1371 πλάσαντι
1214 1316 1366 1382 αὐτὸ,
1400 1318 1478 1370 Ού
1510 1317 1572 1370 σύ
1607 1333 1674 1388 με
1697 1315 1861 1370 ἐπλα-

282 1427 406 1475 σαςς
438 1409 557 1480 ἢτδ
576 1409 786 1482 ποίημα
803 1409 879 1480 τῷ
901 1409 1206 1482 ποιήσαντι,
1232 1409 1307 1464 Ού
1332 1409 1565 1473 συνετῶς
1587 1427 1653 1480 με
1677 1410 1861 1481 ἐποίη-

283 1519 415 1568 σας;
446 1521 466 1554 ι
501 1501 565 1554 El
598 1500 706 1572 γάρ
749 1501 814 1571 δὴ
847 1500 1045 1565 πάντες
1076 1500 1352 1573 άνθρωποι
1389 1500 1545 1573 πηλῷ
1571 1503 1860 1575 κεραμέως

278 1591 540 1662 ἐοίκαμεν
571 1591 659 1644 διά
673 1591 733 1644 τὸ
755 1591 976 1663 πήλινον
1006 1593 1162 1664 ἡμῶν
1184 1592 1363 1664 σῶμα,
1397 1592 1513 1656 πῶς
1542 1594 1639 1663 οὐχ
1669 1592 1858 1646 ἕπεται

279 1687 442 1747 νοεῖν,
473 1685 556 1738 ὅτι
584 1683 661 1756 μὴ
686 1684 908 1738 δυνατὸν
940 1683 1122 1738 λαθεῖν
1149 1685 1242 1740 τὸν
1275 1684 1522 1756 ποιητὴν,
1552 1685 1741 1750 ὁποίας
1770 1687 1861 1757 ἐρ-

279 1775 474 1844 γασίας
497 1776 732 1848 ὑπάρχει
759 1775 820 1828 τὸ
850 1777 940 1829 ὑπ’
970 1775 1133 1830 αὑτοῦ
1154 1775 1548 1848 πεποιημένον;
1578 1778 1674 1840 Τίς
1704 1777 1860 1831 δύνα-

279 1885 388 1932 ται,
421 1868 455 1938 ἢ
484 1868 572 1932 τίς
593 1867 852 1939 τολμήσει
878 1867 1063 1937 φάναι,
1089 1869 1170 1921 ὅτι
1197 1869 1271 1940 μὴ
1297 1871 1326 1922 6
1349 1869 1476 1934 Θεὸς
1508 1871 1667 1924 αὑτὸν
1692 1870 1853 1924 ἐπλα-

282 1976 412 2025 σενς
446 1962 512 2014 Ei
543 1961 602 2014 δὲ
627 1961 728 2015 οὐκ
761 1961 828 2014 ἂν
855 1959 995 2014 εἴποι
1025 1959 1198 2016 ταῦτά
1227 1978 1357 2016 ποτε
1386 1962 1514 2032 περὶ
1556 1962 1649 2016 τοῦ
1686 1980 1854 2036 κερα-

284 2051 429 2120 μέως
460 2053 490 2104 ὁ
521 2048 877 2120 ὑποκείμενος
907 2049 1057 2121 αύτῷ
1084 2050 1272 2123 πηλὸς,
1310 2051 1484 2122 δῆλον,
1518 2052 1594 2116 ὡς
1636 2053 1853 2123 μάταιοι

282 2145 483 2208 πάντες
513 2145 564 2196 oi
596 2143 741 2197 ἔνδον
767 2145 834 2214 τῇ
871 2144 1016 2214 ψυχῇ
1046 2143 1225 2198 αὐτῶν
1269 2142 1461 2215 βουλὴν
1493 2143 1710 2214 βαθεῖαν
1742 2145 1854 2199 δια-

281 2234 582 2306 νοούμενοι,
625 2235 720 2288 καὶ
770 2234 862 2288 τὸν
901 2235 1031 2288 Θεὸν
1077 2236 1310 2306 οἰόμενοι
1341 2235 1558 2304 ἀγνοεῖν
1579 2236 1649 2290 τὰ
1692 2237 1749 2290 ὲν
1778 2236 1856 2307 τῷ

284 2326 460 2396 σκότῳ
493 2325 842 2397 πραττόμενα
871 2325 1052 2388 αὐτοῖς
1075 2325 1230 2397 ἔργα.

358 2436 378 2470 ι
402 2420 601 2473 Οὐκέτι
633 2417 824 2489 μικρὸν
853 2419 950 2472 καὶ
985 2419 1404 2491 μετατεθήσεται
1433 2419 1462 2474 6
1497 2419 1746 2484 Λίϐανος,
1780 2420 1856 2484 ὡς

284 2510 346 2562 τὸ
374 2511 501 2581 ὅρος
530 2510 592 2564 τὸ
614 2507 853 2580 Χέρμελ,
877 2509 970 2563 καὶ
1000 2509 1061 2563 τὸ
1107 2510 1325 2581 Χέρμελ
1353 2512 1433 2574 είς
1479 2509 1679 2581 δρυμὸν
1711 2510 1858 2579 λογι-

290 2602 540 2673 σθήσεται
565 2618 580 2666 ;
607 2621 626 2654 ι
662 2600 888 2654 Λίϐανον
914 2599 1010 2671 μὲν
1041 2599 1133 2655 τὸν
1162 2601 1222 2666 ἐξ
1253 2601 1420 2655 ἐθνῶν
1446 2602 1592 2666 λαὸν,
1624 2601 1858 2674 Κάρμη-

289 2693 448 2748 λονδὲ
473 2694 536 2748 τδ
549 2693 814 2748 Ἰουδαίων
847 2693 996 2756 ἔθνος
1019 2693 1150 2765 (55).
1173 2694 1428 2748 Ἕσεσθαι
1446 2695 1624 2748 τοίνυν
1645 2711 1859 2768 προφη-

289 2787 431 2839 τεύει
456 2787 516 2839 τὸ
538 2787 636 2858 μὲν
678 2785 943 2840 Ἰουδαίων
984 2785 1134 2850 ἔθνος
1165 2780 1274 2839 οἷόν
1310 2803 1432 2841 τινα
1460 2787 1661 2858 δρυμὸν
1684 2787 1857 2855 ξύλων

291 2879 492 2949 ἀγρίων
524 2879 618 2932 καὶ
661 2877 943 2949 ἀκάρπων·
995 2878 1086 2932 τὸν
1126 2878 1183 2932 δὲ
1215 2877 1381 2932 πάλαι
1425 2878 1615 2950 δρυμῷ
1647 2879 1857 2934 ἐοικότα

292 2967 537 3029 Λίϐανον,
567 2965 656 3019 τὸν
688 2965 747 3031 ἐξ
778 2966 944 3020 ἐθνῶν
997 2965 1144 3031 λαὸν,
1195 2969 1376 3032 ὁποῖος
1402 2963 1469 3038 ἦν
1503 2985 1633 3022 ποτε
1659 2970 1689 3021 ὁ
1731 2969 1860 3022 Ἰου-

291 3056 448 3111 δαίων
469 3057 617 3122 λαδς,
651 3057 1071 3129 πεπληρωμένος
1099 3058 1325 3131 δένδρων
1351 3059 1568 3129 ἀγαθῶν
1600 3062 1693 3115 καὶ
1719 3079 1857 3115 παν-

292 3151 445 3204 τοίων
477 3150 658 3220 φυτῶν
681 3168 742 3204 τε
764 3151 856 3205 καὶ
879 3149 1123 3222 καρπῶν.

365 3350 383 3383 ι
406 3331 516 3384 Καὶ
544 3330 862 3385 ἀκούσονται
888 3332 945 3384 ἐν
977 3335 1042 3404 τῇ
1063 3333 1242 3404 ἡμέρᾳ
1269 3333 1448 3405 ἐκείνῃ
1475 3334 1648 3403 κωφοὶ
1673 3333 1859 3401 λόγους

293 3423 519 3493 βιϐλίου,
557 3426 651 3478 καὶ
676 3426 723 3477 οἱ
744 3425 802 3479 ἐν
825 3424 905 3496 τῷ
943 3425 1142 3492 σκότει,
1174 3427 1268 3480 καὶ
1289 3428 1336 3480 οἱ
1373 3429 1429 3481 ἐν
1461 3430 1528 3498 τῇ
1553 3426 1774 3498 ὁμίχλῃο
1805 3427 1860 3477 6-

290 3517 525 3586 φθαλμοὶ
555 3516 768 3586 τυφλῶν
807 3517 1043 3584 ὄψονται,
1077 3538 1094 3568 ι
1140 3519 1304 3582 Ποίας
1340 3519 1396 3572 δὲ
1435 3518 1694 3590 βίϐλου,ἢ
1727 3519 1858 3574 ταύ-

287 3627 386 3681 της
407 3609 578 3678 αὐτῆς
593 3609 692 3679 τῆς
717 3611 850 3680 μετὰ
863 3614 1069 3681 χεῖρας,
1090 3613 1219 3681 περὶ
1244 3605 1310 3682 ἧς
1334 3611 1589 3683 ἀνωτέρω
1609 3612 1822 3680 ἐλέγετο
1841 3630 1854 3643 ο

298 3721 316 3754 t
340 3703 500 3774 Ὑμῖν
531 3703 601 3756 τὰ
633 3705 851 3775 ῥήματα
870 3703 1040 3758 ταῦτα
1071 3705 1268 3772 πάντα,
1311 3707 1386 3770 ὡς
1411 3709 1459 3760 οἱ
1487 3706 1633 3776 λόγοι
1662 3707 1755 3761 τοῦ
1777 3708 1858 3778 βι-

291 3796 437 3848 ϐλίου
462 3794 556 3849 τοῦ
588 3797 1020 3866 ἐσφραγισμένου
1043 3798 1250 3853 τούτου.
1273 3819 1292 3852 ι
1341 3799 1500 3854 Ἀλλά
1526 3799 1603 3870 τῷ
1638 3800 1736 3870 μέν
1765 3818 1860 3855 πο-

291 3905 347 3940 τε
379 3887 680 3959 Καρμήλῳ,
708 3888 1090 3960 μεταϐληθέντι
1123 3890 1181 3943 δὲ
1213 3891 1292 3954 είς
1323 3891 1547 3963 δρυμὸν,
1577 3892 1785 3946 ἔσονται
1808 3896 1857 3946 οἱ

291 3978 434 4047 λόγοι
477 3978 573 4032 τοῦ
618 3978 822 4049 βιϐλίου
873 3981 970 4050 τῆς
1020 3983 1351 4052 προφητείας
1397 3985 1856 4056 ἐσφραγισμένοι·

290 4075 399 4135 τοῖς
427 4071 485 4125 δὲ
515 4071 680 4125 πάλαι
713 4072 932 4140 τυφλοῖς
974 4073 1068 4126 καὶ
1097 4075 1152 4126 ἐν
1181 4073 1259 4144 τῷ
1285 4073 1473 4146 δρυμῷ
1505 4073 1600 4129 τοῦ
1628 4076 1858 4132 Λιϐάνου

289 4162 707 4233 λελογισμένοις,
746 4162 1153 4234 μεταϐληθεῖσιν
1177 4163 1270 4218 ἐπὶ
1293 4165 1353 4218 τὸ
1377 4165 1580 4238 ἥμερον
1614 4167 1708 4220 καὶ
1729 4184 1862 4238 καρ-

291 4255 547 4325 ποφόρον,
596 4254 850 4308 ἀκουστοὶ
893 4255 1210 4326 γενήσονται
1257 4257 1307 4310 οἱ
1360 4256 1504 4326 λόγοι
1527 4257 1634 4310 τῶν
1689 4257 1845 4311 θείων

290 4349 630 4421 γραμμάτων
649 4366 662 4379 ·
701 4349 792 4402 καὶ
827 4349 878 4401 οἱ
907 4348 1072 4402 πάλαι
1093 4347 1148 4401 δὲ
1177 4348 1327 4413 ὄντες
1363 4351 1420 4403 ἐν
1450 4348 1528 4418 τῷ
1564 4349 1745 4402 σκότει
1772 4349 1864 4403 καὶ

289 4445 346 4494 ἐν
381 4444 447 4512 τῇ
497 4441 715 4514 ὁμίχλῃ,
745 4439 883 4492 ὥστε
915 4440 989 4512 μὴ
1020 4440 1234 4511 βλέπειν
1261 4444 1399 4511 μήτε
1431 4439 1691 4506 συνιέναι,
1725 4440 1860 4510 μήτε

1958 578 2089 642 Quis
2117 579 2249 634 vidit
2276 595 2376 636 nos
2408 581 2432 634 ?
2464 589 2557 636 aut
2586 581 2709 650 quis
2757 596 2859 636 nos
2907 592 3232 652 cognoscet,
3279 592 3374 637 aut
3409 598 3528 652 quae

1959 683 2058 724 nos
2089 670 2358 726 facimus?
2389 690 2409 722 ι
2440 671 2642 727 Deinde
2674 671 2800 740 quia
2834 687 2896 728 se
2935 673 3101 727 Deum
3143 674 3321 730 colere
3369 674 3529 728 labiis

1958 759 2294 830 proﬁtentes,
2345 761 2400 815 in
2443 761 2657 818 occulto
2693 761 2926 831 pessima
2973 778 3202 835 qumque
3242 775 3529 834 perpetra-

1956 851 2108 916 bant,
2142 853 2196 906 in
2222 850 2516 918 veneﬁciis,
2563 852 2938 917 immunditiis,
2973 864 3031 908 et
3077 855 3350 910 sexcentis
3404 853 3529 907 aliis

1959 944 2180 1001 nefariis
2203 944 2372 1014 gestis
2396 957 2516 1001 sese
2532 942 2868 1000 volutantes:
2906 946 3127 1015 hmcque
3152 946 3334 1002 omnia
3368 944 3524 1016 quasi

1958 1054 2070 1094 non
2117 1039 2478 1110 prospiciente
2527 1039 2638 1096 Deo
2673 1040 3050 1112 peragebant;
3097 1041 3223 1112 jure
3270 1041 3390 1098 illos
3438 1039 3526 1096 his
3598 1031 3601 1034 ’

1960 1129 2140 1186 verbis
2165 1129 2396 1186 miseros
2421 1130 2754 1201 depmdicat
2792 1149 2807 1186 :

2033 1220 2194 1276 Vsus.
2225 1222 2313 1276 16.
2352 1239 2372 1274 ι
2408 1221 2596 1279 Nonne
2626 1233 2685 1278 ut
2714 1223 2886 1279 lutum
2919 1222 3066 1294 ﬁguli
3099 1222 3530 1294 reputabimini‘!

1958 1309 2096 1365 Num
2129 1311 2274 1366 dicet
2305 1311 2618 1380 ﬁgmentum
2644 1313 2818 1369 lictori
2860 1327 2979 1380 suo,
3007 1312 3089 1368 Tu
3115 1329 3200 1368 me
3223 1327 3330 1369 non
3366 1313 3526 1368 ﬁnxi-

1958 1402 2070 1459 Sli?
2099 1411 2194 1457 aut
2230 1417 2367 1472 opus
2421 1401 2621 1473 opiﬁci,
2640 1403 2718 1459 Tu
2747 1421 2832 1459 me
2858 1421 2964 1461 non
2994 1406 3264 1475 sapienter
3281 1404 3519 1462 fecisti?»

1960 1493 2028 1547 At
2054 1494 2198 1548 enim
2234 1496 2278 1549 si
2319 1509 2507 1551 omnes
2547 1495 2790 1550 homines
2829 1496 2898 1550 ob
2928 1495 3132 1552 luteum
3166 1510 3365 1566 corpus
3409 1495 3522 1551 luto

1961 1587 2106 1658 ﬁguli
2133 1587 2338 1646 similes
2363 1603 2573 1652 sumus.
2603 1589 2700 1661 qui
2723 1604 2834 1658 non
2855 1600 3251 1659 consequenter
3276 1599 3524 1660 putemus

1961 1691 2065 1732 non
2086 1689 2243 1747 posse
2267 1677 2510 1747 opiﬁcem
2544 1678 2735 1746 latere,
2759 1695 2893 1751 quas
2908 1691 3251 1751 operatzones
3269 1680 3387 1738 edat
3404 1680 3526 1749 opi~

1961 1769 2149 1826 ﬁcium
2187 1771 2384 1825 suum?
2416 1771 2548 1838 Quis
2573 1771 2754 1828 dicere
2779 1774 2950 1844 possit
2976 1774 3056 1828 vel
3080 1775 3292 1838 audeat,
3327 1789 3387 1830 se
3416 1789 3522 1830 non

1959 1874 1990 1915 a
2023 1861 2130 1916 Deo
2151 1861 2489 1918 eﬁorinatum
2515 1865 2667 1920 esse?
2688 1866 2840 1931 Quod
2872 1866 2915 1920 si
2949 1866 3000 1918 id
3036 1865 3198 1936 ligulo
3221 1866 3522 1936 subjectum

1960 1951 2062 2023 ipsi
2100 1952 2271 2008 lutum
2317 1968 2593 2025 nunquam
2622 1955 2857 2023 dixerit;
2894 1955 3068 2025 palam
3107 1969 3254 2013 certe
3284 1965 3366 2012 est
3396 1956 3523 2012 futi-

1958 2043 2040 2104 les
2075 2055 2130 2100 et
2173 2060 2341 2102 vanos
2378 2061 2503 2102 esse
2536 2062 2725 2104 omnes
2766 2050 2854 2119 qui
2901 2049 3050 2105 intus
3085 2048 3138 2104 in
3182 2051 3367 2104 animo
3397 2064 3524 2120 pro-

1959 2136 2122 2196 funda
2148 2136 2368 2192 consilia
2416 2138 2625 2203 ineunt,
2652 2148 2708 2194 et
2747 2154 2869 2209 quae
2901 2139 3002 2210 ipsi
3041 2140 3092 2194 in
3125 2139 3360 2198 tenebris
3384 2139 3523 2196 [κοίη

1960 2244 2094 2284 nora
2130 2231 2318 2293 edunt,
2355 2230 2521 2285 Deum
2564 2231 2817 2302 ignorare
2853 2233 3187 2289 existimant.

2033 2399 2197 2456 Vens.
2240 2402 2326 2457 17.
2371 2421 2391 2455 ι
2438 2402 2629 2461 Nonne
2663 2407 2838 2481 adhuc
2875 2407 3167 2477 paululum,
3201 2419 3257 2464 et
3293 2411 3523 2467 transfe-

1961 2501 2112 2548 retur
2144 2492 2382 2550 Libanus
2419 2497 2562 2551 sicut
2599 2512 2753 2553 mons
2792 2498 3058 2561 Chermel.
3092 2510 3146 2554 et
3183 2500 3430 2559 Chermel
3470 2507 3525 2561 in

1962 2585 2155 2641 saltum
2195 2588 2532 2658 reputabitur
2566 2590 2591 2644 ἵ
2634 2609 2654 2644 ι
2712 2590 2976 2646 Libanum
3017 2594 3229 2663 quidem
3271 2597 3522 2667 populum

1961 2691 2029 2734 ex
2069 2679 2338 2749 gentibus,
2367 2680 2672 2737 Carmelum
2713 2698 2840 2738 vero
2874 2682 3154 2739 Judaieam
3186 2697 3398 2756 gentem
3433 2703 3528 2742 vo-

1963 2781 2072 2826 cat.
2113 2769 2224 2827 Ceu
2253 2775 2540 2840 quemdam
2587 2773 2786 2828 saltum
2826 2776 3119 2845 agrestium
3147 2788 3203 2832 et
3231 2777 3529 2834 infructuo-

1963 2878 2143 2918 sarum
2173 2865 2428 2919 arborum
2457 2863 2572 2919 fore
2597 2863 2880 2919 Judaicum
2905 2865 3523 2935 p0pulumvaticinatur.

1963 2958 2225 3013 Libanum
2262 2967 2461 3023 autem,
2484 2960 2576 3028 qui
2612 2959 2739 3013 olim
2786 2961 2943 3014 saltui
2971 2960 3163 3017 similis
3191 2973 3329 3025 erat,
3359 2977 3526 3031 popu-

1963 3049 2073 3104 lum
2099 3049 2352 3105 videlicet
2379 3064 2446 3104 ex
2473 3051 2747 3120 gentibus,
2790 3050 3028 3106 futurum
3059 3052 3155 3114 ait,
3186 3053 3360 3122 qualis
3393 3053 3524 3107 olim

1963 3148 2080 3193 erat
2123 3137 2378 3194 Judaicus
2424 3142 2687 3209 populus,
2745 3141 2960 3210 plenum
3013 3143 3170 3200 bonis
3219 3126 3522 3208 arboribus,

1960 3231 2308 3302 omniumque
2333 3247 2586 3303 generum
2620 3231 2821 3300 plantis
2842 3242 2888 3286 et
2917 3232 3202 3290 fructibus.

2030 3321 2194 3378 Vens.
2226 3322 2310 3378 18.
2349 3342 2367 3376 ι
2402 3322 2466 3377 Ει
2490 3322 2709 3377 audient.
2747 3323 2800 3377 in
2829 3324 3036 3379 die'illa
3063 3325 3210 3380 surdi
3240 3341 3523 3382 sermones

1961 3414 2106 3478 libri,
2135 3427 2188 3471 et
2225 3417 2316 3486 qui
2358 3417 2409 3470 in
2451 3417 2724 3481 tenebris,
2763 3428 2817 3472 et
2855 3419 2944 3486 qui
2981 3419 3034 3471 in
3076 3417 3341 3488 caligine;
3379 3417 3523 3472 oculi
3625 3401 3634 3410 ’

1961 3522 2225 3563 caecorum
2282 3507 2559 3560 videbunt.
2613 3526 2632 3558 ι
2677 3506 2842 3576 Cujus
2896 3506 3064 3570 libri,
3109 3507 3212 3560 nisi
3268 3506 3514 3576 hujusce,

1960 3614 2117 3668 quem
2159 3612 2267 3666 pra:
2309 3597 2552 3652 manibus
2588 3596 2883 3662 habemus,
2925 3600 2991 3653 de
3029 3613 3136 3666 quo
3175 3613 3336 3666 supra
3375 3597 3522 3652 dice-

1960 3692 2152 3756 batur,
2193 3710 2211 3742 ι
2251 3690 2416 3745 Vobis
2453 3691 2614 3744 verba
2654 3690 2768 3744 haec
2803 3689 2982 3744 omnia
3008 3729 3024 3754 ,
3064 3688 3211 3744 velut
3247 3703 3526 3744 sermones

1961 3786 2158 3856 signati
2199 3786 2322 3840 libri
2374 3785 2572 3854 hujus?
2611 3803 2629 3837 ι
2669 3782 2866 3839 Verum
2909 3783 2958 3838 ei
3005 3783 3096 3852 qui
3145 3782 3271 3838 olim
3313 3783 3524 3850 quidem

1962 3879 2261 3946 Carmelus,
2293 3880 2387 3933 sed
2415 3879 2526 3948 jam
2553 3886 2791 3932 mutatus
2814 3886 2896 3932 est
2925 3878 2977 3930 in
3004 3875 3222 3942 Salium,
3245 3883 3408 3930 erunt
3434 3876 3527 3927 bu-

1957 3972 2111 4041 jusce
2158 3971 2280 4026 libri
2331 3981 2386 4025 et
2438 3970 2736 4040 prophetia:
2779 3983 3058 4025 sermones
3109 3967 3374 4038 obsignati
3403 3983 3417 4031 ;
3448 3966 3525 4020 illi

1962 4076 2092 4116 vero
2129 4059 2222 4130 qui
2259 4061 2386 4117 olim
2425 4063 2574 4124 caici,
2614 4070 2668 4114 et
2705 4060 2759 4113 in
2797 4058 2934 4113 Saltu
2974 4056 3165 4111 Libani
3206 4055 3528 4124 reputaban-

1965 4161 2052 4205 tur
2090 4167 2231 4215 esse,
2272 4160 2558 4220 postquam
2607 4148 2676 4204 ad
2721 4159 3055 4202 mansuetum
3089 4156 3144 4200 et
3185 4145 3525 4200 fructuosum

1963 4254 2168 4296 morem
2186 4241 2424 4294 translati
2440 4239 2658 4304 fuerint,
2677 4238 2982 4294 divinarum
2999 4237 3209 4306 Scriptu
3219 4251 3274 4289 ra
3284 4250 3398 4288 rum
3412 4249 3528 4290 ser-

1965 4349 2154 4390 mones
2186 4334 2446 4400 audient;
2487 4343 2541 4388 et
2576 4334 2665 4404 qui
2700 4331 2827 4387 olim
2861 4332 2914 4386 in
2947 4330 3183 4386 tenebris
3215 4340 3271 4384 et
3297 4329 3529 4400 caligine

1965 4428 2342 4492 versabantur,
2400 4427 2473 4481 ita
2505 4437 2561 4479 ut
2604 4440 2706 4479 non
2737 4424 3014 4486 viderent,
3049 4437 3222 4492 neque
3265 4421 3530 4490 intellige-

289 4503 452 4598 νοεῖν,
492 4503 943 4601 δίά”τὸ”τυφλοὺξ
970 4503 1112 4601 ἐχειν
1157 4503 1283 4593 τοὺς
1323 4503 1856 4601 δφθαλμοὺς,ϋούτοι,

1969 4528 2106 4585 rent,
2143 4535 2316 4588 neque
2339 4519 2674 4586 cogitarent,
2705 4520 2830 4584 quia
2863 4515 3034 4569 oculis
3063 4517 3192 4570 caeci
3215 4523 3373 4570 erant
3399 4554 3414 4579 ,
3441 4513 3527 4568 in-

289 4625 588 4700 παραδόξου
623 4625 921 4698 μεταϐολῆς
952 4623 1286 4689 ἀξιωθέντες,
1326 4622 1519 4693 θεωροὶ
1544 4623 1858 4694 γενήσονται

289 4721 393 4774 τῶν
410 4721 659 4772 ἐναποκει
665 4716 838 4788 μένων
853 4717 910 4769 ἐν
920 4719 1030 4778 τοῖς
1050 4713 1212 4779 θείοις
1225 4713 1509 4787 γράμμασι
1532 4729 1703 4785 μυστη
1713 4714 1860 4786 ρίων.

362 4832 381 4864 ι
401 4812 512 4866 Καὶ
546 4809 960 4879 ἀγαλλιάσονται
984 4808 1186 4878 πτωχοὶ
1217 4806 1304 4860 διὰ
1341 4806 1542 4878 Κύριον
1565 4806 1622 4859 ἐν
1661 4805 1858 4877 εὐφρο-

291 4904 442 4976 σύνῃ,
488 4902 582 4956 καὶ
624 4903 675 4955 οἱ
729 4899 1129 4970 ἀπηλπισμένοι
1178 4897 1284 4951 τῶν
1321 4897 1620 4968 ἀνθρώπων
1647 4897 1858 4970 ἐμπλη-

291 4997 577 5068 σθήσονται
605 4993 959 5066 εὐφροσύνης.
987 5013 1006 5045 ι
1063 4992 1156 5056 Τίς
1183 4992 1288 5063 γὰρ
1327 4992 1420 5046 καὶ
1460 4992 1706 5064 διενοήθη
1743 4993 1859 5047 πώ-

291 5107 416 5142 ποτε
439 5091 566 5152 τοὺς
589 5090 654 5141 ἐκ
685 5087 932 5159 πατέρων
951 5086 1358 5158 είδωλολάτρας,
1381 5087 1573 5150 ἀθέους
1588 5088 1744 5151 ὄντας
1765 5088 1858 5140 καὶ

290 5181 500 5246 ἀσεϐεῖς
548 5182 641 5233 καὶ
672 5179 979 5250 ἀλλοτρίους
1033 5178 1130 5249 τῆς
1172 5177 1423 5247 γνώσεως
1458 5178 1550 5232 τοῦ
1597 5178 1750 5243 Θεοῦ,
1784 5180 1863 5242 είς

287 5274 537 5344 τοιαύτην
568 5271 718 5343 ἥξειν
749 5269 968 5334 ἐλπίδα;
1003 5271 1190 5339 Ὅμως
1222 5271 1264 5323 δ’
1295 5266 1385 5324 οὖν
1431 5271 1522 5323 καὶ
1555 5289 1572 5320 t
1605 5272 1654 5322 οί
1690 5271 1863 5342 ἀπηλ-

290 5365 560 5435 πισμένοι,
644 5363 795 5432 φησὶ,
850 5360 958 5414 τῶν
1001 5361 1302 5433 ἀνθρώπων
1375 5361 1851 5433 ἐμπλησθήσονται

289 5457 644 5528 εὐφροσύνης.
668 5476 686 5507 r

275 5603 279 5607 _
359 5570 378 5601 ι
403 5549 678 5613 Ἐξὲλιπεν
701 5548 920 5617 ἄνομος,
957 5547 1050 5600 καὶ
1091 5544 1336 5600 ἀπώλετο
1370 5546 1736 5617 ὑπερήφανος,
1765 5544 1856 5597 καὶ

291 5640 758 5714 ἑξωλοθρεύθησαν
793 5640 843 5691 οἱ
877 5636 1201 5707 άνομοῦντες
1239 5637 1331 5689 ἐπὶ
1364 5637 1547 5708 κακία.
1577 5657 1593 5688 ι
1640 5636 1856 5688 Τούτων

1965 4621 2277 4680 exspectata
2309 4610 2607 4664 mutatione
2645 4607 2883 4677 dignati,
2917 4608 3294 4678 mysteriorum
3333 4606 3388 4661 in
3436 4619 3527 4661 sa-

1967 4706 2076 4760 cris
2109 4703 2304 4760 litteris
2337 4701 2740 4763 reconditorum
2767 4700 3136 4773 speculatores
3168 4709 3349 4754 erunt.

2035 4795 2202 4852 Vens.
2251 4796 2340 4853 l9:
2409 4816 2428 4848 ι
2469 4796 2535 4849 Ει
2582 4796 2930 4851 ολειιιιουυιιι
2975 4811 3236 4866 pauperes
3306 4803 3531 4865 propter

1967 4888 2250 4944 Dominum
2279 4890 2330 4944 in
2367 4889 2572 4956 lmtitia,
2613 4900 2667 4944 et
2689 4905 2783 4960 spe
2834 4889 3076 4945 destituti
3122 4889 3390 4952 homines,
3427 4886 3528 4940 im-

1966 4981 2255 5051 plebuntur
2282 4982 2486 5037 ltetitia.
2525 5001 2544 5034 ι
2575 4981 2706 5048 Quis
2761 4981 2902 5035 enim
2948 4995 3187 5049 unquam
3237 4979 3529 5049 cogitasset

1968 5087 2082 5138 eos,
2117 5075 2208 5142 qui
2241 5090 2271 5127 a
2302 5074 2598 5143 majoribus
2631 5071 2946 5135 idololatrre,
2984 5071 3126 5124 athei
3155 5080 3209 5122 et
3235 5069 3418 5137 impii,
3451 5078 3528 5120 at-

1967 5183 2072 5236 que
2100 5184 2129 5220 a
2161 5167 2253 5222 Dei
2283 5167 2590 5236 cognitione
2615 5165 2774 5221 alieni
2816 5174 3002 5228 erant,
3053 5171 3253 5215 tantam
3284 5160 3334 5213 in
3377 5175 3525 5229 spem

1967 5271 2225 5315 venturos
2243 5258 2408 5315 fuisse
2425 5261 2446 5313 ?
2463 5261 2735 5320 Attamen,
2761 5257 2856 5322 ait,
2876 5257 3036 5310 etiam
3057 5255 3116 5316 ii,
3137 5253 3227 5322 qui
3253 5271 3269 5302 ι
3300 5267 3394 5320 spe
3437 5254 3529 5306 de-

1969 5354 2144 5408 stituti
2174 5361 2331 5407 erant
2361 5353 2626 5413 homines,
2665 5349 3031 5418 implebuntur
3063 5345 3263 5396 laetitia.
3311 5363 3329 5394 ι

2031 5529 2321 5591 νευεέὲθ.
2354 5554 2372 5585 ι
2414 5534 2624 5589 Deiecit
2665 5533 2901 5600 iniquus,
2945 5539 3000 5584 et
3035 5511 3197 5599 periit
3241 5528 3525 5614 superbus,

1963 5639 2020 5684 et
2050 5630 2210 5685 deleti
2260 5637 2388 5682 sunt
2431 5625 2615 5695 inique
2669 5633 2890 5693 agentes
2943 5638 3054 5692 prae
3087 5621 3314 5677 malitia.
3365 5639 3383 5672 ι
3434 5618 3528 5674 His

288 5733 683 5787 ἀπολαύσουσιν
719 5724 863 5785 οὗτοι
906 5729 1124 5794 πάντες,
1157 5729 1342 5797 ἐπειδὴ
1375 5732 1403 5783 6
1433 5729 1597 5784 πάλαι
1642 5727 1857 5800 κρατῶν

1966 5721 2212 5778 fruentur
2247 5719 2302 5775 bi
2336 5732 2558 5785 omnes,
2584 5716 2710 5788 quia
2743 5715 2788 5771 is
2826 5715 2918 5787 qui
2960 5715 3090 5772 olim
3137 5713 3425 5784 imperium
3474 5720 3530 5764 et

357 5847 471 5919 (55)
513 5849 710 5905 Dccsse
740 5844 955 5902 videtur
991 5841 1208 5916 aliquod
1245 5844 1492 5911 verbum,
1528 5857 1580 5898 v.
1605 5857 1682 5913 g.,
1712 5840 1857 5896 καλεῖ

1966 5853 2074 5896 οιτ.
