3984 6504
450 364 554 415 503

1114 361 1380 417 EUSEBll
1419 358 1902 415 C/ESARIENSIS
1940 357 2093 414 OPP.
2132 357 2317 414 PARS
2354 358 2444 415 Ill.
2485 394 2554 403 -—-
2590 360 3002 419 EXEGETICA.

3622 367 3729 421 504

450 474 790 545 tyrannidem
821 476 869 529 in
888 490 988 531 eos
1013 478 1313 541 obtinebat,
1346 480 1561 547 iniquus
1588 489 1640 532 et
1675 480 1873 548 impius
1902 481 2022 549 qni-

2131 478 2311 531 αύτῶν
2357 479 2451 531 καὶ
2488 480 2787 548 τυραννῶν,
2855 481 3053 550 ἄνομος
3091 498 3173 545 τις
3222 481 3317 534 καὶ
3368 482 3571 553 ἀσεϐὴς
3624 484 3727 553 ἀρ-

447 568 571 621 dam
602 568 885 637 princeps,
923 567 1174 623 diabolus
1209 571 1474 638 inquam,
1523 570 1726 626 defecit
1765 584 1819 626 et
1866 573 2030 642 periit

446 659 607 732 longe
635 660 912 731 depulsus,
950 662 1217 729 superbus
1246 663 1353 723 ille.
1386 664 1481 732 qui
1512 664 1641 718 olim
1664 664 1811 734 ipsos
1833 666 1886 718 in
1915 679 2027 719 ser-

446 754 673 807 vitutem
706 754 1009 824 redegerat.
1036 753 1147 809 lmo
1161 756 1325 809 etiam
1349 756 1440 823 qui
1460 757 1560 811 sub
1588 757 1831 827 eoimpie
1850 759 2028 811 clini-

447 860 552 913 que
572 845 824 915 agebant,
846 846 1004 901 deleti
1020 855 1177 912 sunt;
1212 847 1435 916 maligni
1455 848 1705 904 videlicet
1734 850 2023 905 daemones.

516 936 683 992 Vens.
712 936 802 991 2|.
842 956 861 989 ι
901 937 1001 1004 Qui
1034 953 1267 1007 peccare
1290 939 1501 994 faciunt
1534 940 1782 995 homines
1825 941 1879 994 in
1914 956 2029 997 ser-

443 1043 627 1083 mone.
663 1029 865 1084 Omnes
902 1038 1084 1083 autem
1117 1038 1410 1101 arguentes
1445 1031 1497 1085 in
1533 1032 1705 1101 portis
1732 1031 2027 1088 offendicu-

446 1120 557 1175 lum
590 1132 795 1192 ponent
842 1139 857 1174 :
894 1122 1150 1192 quoniam
1190 1124 1547 1178 detorserunt
1586 1124 1654 1179 ad
1686 1122 1887 1195 iniusta
1938 1126 2029 1196 ju-

442 1222 610 1267 stum.
649 1232 670 1265 ›
707 1212 839 1268 Nam
874 1214 1154 1283 prophetis
1184 1230 1243 1270 se
1274 1231 1456 1270 coram
1499 1218 1855 1288 arguentibus
1880 1258 1896 1283 ,
1938 1233 2025 1273 se-

442 1320 552 1377 que
581 1321 609 1359 a
646 1308 909 1377 peccandi
935 1308 1329 1363 consuetudine
1362 1310 1737 1364 avertentibus
1757 1351 1773 1373 ,
1805 1310 2030 1380 laqueos

445 1398 759 1464 tendebant,
785 1400 1103 1456 occasiones
1134 1401 1390 1456 adversus
1412 1414 1507 1456 cos
1537 1411 1837 1470 captantes,
1872 1412 1929 1458 ut
1950 1405 2032 1475 ip-

441 1503 536 1544 sos
574 1490 882 1558 perderent.

516 1581 684 1637 Vens.
730 1583 925 1649 22,25.
973 1602 991 1635 ι
1045 1583 1341 1654 Propterea
1397 1584 1513 1641 ha-c
1576 1587 1707 1642 dicit
1768 1588 2031 1645 Dominus

440 1692 607 1746 super
641 1678 859 1733 domum
896 1677 1087 1742 Jacob,
1129 1691 1291 1746 quam
1317 1678 1596 1749 separavit
1620 1694 1687 1734 ex
1719 1679 2024 1735 Abraham:

442 1768 560 1823 Non
599 1784 741 1823 nunc
778 1767 1141 1823 confundetur
1170 1766 1377 1835 Jacob,
1432 1784 1608 1840 neque
1648 1785 1791 1826 nunc
1826 1771 2021 1827 faciem

442 1859 675 1913 mutabit
705 1876 718 1910 :
745 1860 841 1912 sed
890 1858 1111 1927 quando
1150 1859 1414 1915 videbunt
1474 1861 1569 1915 filii
1609 1875 1799 1916 eorum
1854 1876 2021 1933 opera
2054 1840 2098 1895 Β

441 1967 588 2017 mea,
626 1959 849 2021 propter
883 1966 970 2006 me
1007 1954 1427 2009 sanctiﬁcabunt
1472 1969 1669 2009 nomen
1718 1970 1933 2022 meum,
1967 1964 2024 2012 et

442 2043 862 2101 sanetillcabunt
883 2041 1148 2101 Sanctum
1175 2046 1366 2113 Jacob,
1398 2057 1453 2100 et
1477 2046 1644 2103 Deum
1671 2047 1834 2103 lsrael
1867 2049 2025 2104 time-

439 2138 594 2192 bunt.
639 2158 658 2191 ι
698 2137 804 2194 Vos
827 2139 969 2202 dico,
1002 2141 1220 2193 domum
1245 2136 1412 2193 Jacob
1442 2148 1663 2194 vocatos
1704 2158 1720 2195 :
1762 2156 1925 2210 quam
1967 2149 2024 2195 ut

438 2232 696 2302 religioso
742 2232 833 2287 illo
883 2231 1200 2286 Abrahamo
1270 2231 1545 2301 indignam
1622 2233 1925 2302 separavit,
1970 2242 2026 2287 et

438 2326 648 2381 alienos
683 2326 807 2380 illos
850 2325 1035 2395 posuit
1068 2323 1245 2388 Deus;
1290 2324 1416 2393 quia
1465 2339 1525 2380 se
1564 2340 1671 2380 non
1712 2326 2024 2379 Abrahamc

441 2419 633 2488 dignos
679 2433 798 2474 esse
853 2418 1114 2487 operibus
1176 2416 1528 2474 exhibebant.
1592 2416 1659 2469 At
1720 2418 1865 2470 enim
1927 2417 2020 2471 lilii

440 2512 676 2566 Abrahae
702 2512 960 2581 operibus
987 2522 1289 2565 noscuntur
1310 2550 1325 2575 ,
1360 2519 1418 2563 ut
1447 2510 1631 2565 docuit
1654 2510 1913 2565 Servator
1936 2510 2024 2565 his

440 2602 655 2658 verbis:
697 2622 714 2654 ι
758 2602 812 2657 Si
870 2602 966 2656 ﬁlii
1024 2602 1255 2656 Abrahzc
1307 2600 1518 2664 essetis,
1572 2615 1739 2669 opera
1794 2600 2025 2657 Abrahze

438 2688 779 2745 faceretis".
817 2706 835 2741 ι
872 2686 1155 2754 Quodnam
1204 2700 1340 2739 vero
1391 2695 1604 2755 tempus
1652 2683 1784 2738 illud
1833 2684 2020 2748 luerit,

436 2781 541 2835 nisi
571 2794 678 2850 quo
711 2778 875 2834 verba
908 2792 1026 2834 mea
1057 2778 1515 2847 complebuntur,
1554 2793 1675 2834 cum
1715 2777 1811 2834 filii
1854 2779 2023 2834 vestri

437 2872 773 2942 alienigenas
798 2880 855 2927 et
886 2870 1072 2941 generi
1104 2879 1289 2926 vestro
1313 2881 1606 2927 extraneos
1644 2884 1842 2928 nomen
1877 2870 2025 2927 celeo

436 2961 600 3015 brare
634 2975 811 3015 meum
849 2959 1151 3015 videbunt?
1180 2961 1333 3016 Tunc
1384 2961 1530 3015 enim
1562 2961 1664 3031 ipsi
1710 2961 1804 3016 lilii
1850 2962 2025 3017 vestri

436 3051 832 3106 confundentur
855 3061 911 3107 et
933 3053 1258 3107 erubescent
1280 3092 1295 3117 ,
1325 3053 1651 3122 stopendam
1696 3051 1847 3107 illam
1878 3067 2017 3123 gen-

436 3145 573 3198 tium
606 3145 960 3199 mutationem
997 3154 1322 3207 cernentes,
1368 3143 1781 3214 conspicatique
1829 3143 2023 3199 alieni-

435 3251 602 3309 genas
659 3236 907 3291 homines
962 3234 1224 3291 Sanctum
1286 3236 1452 3292 Israel
1504 3245 1559 3290 et
1622 3238 1790 3291 Deum
1851 3234 2021 3292 Jacob

436 3329 803 3394 sanctificare,
833 3344 898 3383 ac
927 3329 1020 3383 Dei
1056 3329 1435 3386 universorum
1468 3329 1664 3385 timore
1692 3325 1854 3385 allici.

505 3513 672 3571 Vens.
696 3515 787 3569 Ἡ.
834 3532 854 3566 ι
886 3514 950 3569 Ει
980 3513 1157 3570 scient
1180 3515 1271 3583 qui
1305 3524 1487 3569 errant
1527 3514 1726 3585 spiritu
1750 3553 1767 3582 ,
1817 3513 2018 3570 intelli-

436 3606 675 3677 gentiam
720 3625 734 3660 :
771 3607 860 3676 qui
896 3617 1079 3660 autem
1118 3607 1537 3661 obmurmurant
1564 3647 1578 3673 ,
1627 3607 1840 3663 discent
1892 3607 2021 3662 obe-

440 3699 725 3766 dientiam,
750 3710 807 3753 et
836 3698 1031 3770 linguae
1057 3696 1423 3752 balbutientes
1461 3697 1671 3752 discent
1723 3696 1869 3767 loqui
1918 3713 2020 3768 pa-

438 3806 576 3847 cem.
617 3810 638 3843 ι
671 3790 894 3861 Linguze
936 3789 1317 3856 balbutientes,
1348 3804 1467 3858 quae
1504 3790 1637 3844 nihil
1676 3791 1856 3857 clare,
1883 3790 2019 3846 nihil

438 3899 566 3941 vere
616 3883 761 3953 loqui
816 3890 1092 3953 poterant,
1151 3881 1215 3935 ad
1252 3889 1501 3935 naturam
1538 3896 1801 3952 regressae
1835 3896 2015 3945 suam,

437 3974 743 4031 clarissime
770 3972 1080 4042 loquentur,
1124 3970 1275 4042 pacis
1315 3985 1602 4026 sermones
1647 3970 1891 4037 edoctae;
1925 3979 2017 4023 ut-

435 4076 565 4138 pote
602 4080 722 4136 quae
761 4074 816 4121 et
848 4063 990 4120 bello
1024 4062 1248 4129 liberm,
1277 4072 1333 4117 et
1358 4077 1545 4132 pacem
1588 4076 1713 4117 cum
1753 4061 1863 4117 Deo
1894 4076 2016 4115 am-

436 4161 608 4230 plexa:
634 4159 759 4214 sint.

1020 4248 1249 4305 CAPUT
1283 4247 1451 4303 XXX.

511 4346 675 4401 Vsus.
709 4346 825 4401 l-S.
861 4343 972 4411 Vaz,
1013 4344 1105 4399 filii
1143 4345 1451 4399 desertores
1474 4381 1491 4407 ,
1542 4341 1674 4396 dicit
1732 4339 2011 4397 Dominus.

437 4440 646 4495 lniistis
678 4438 987 4502 consilium,
1016 4451 1119 4490 non
1150 4451 1245 4505 per
1269 4452 1354 4490 me
1397 4453 1411 4502 ;
1448 4443 1500 4489 et
1539 4442 1697 4503 pacta
1724 4472 1739 4497 ,
1787 4446 1891 4486 non
1920 4445 2017 4502 per

2132 587 2263 637 χων,
2302 569 2442 638 λέγω
2488 570 2552 641 δὴ
2602 570 2765 633 αὐτὸς
2806 572 2836 621 6
2887 570 3150 639 διάϐολος,
3199 571 3447 637 ἐξέλιπεν
3484 572 3580 626 καὶ
3618 573 3730 624 ἀπα

2130 658 2299 713 ώλετο
2314 662 2531 731 μακρὰν
2556 661 2823 731 διωχθεὶς,
2841 663 2869 714 ὁ
2892 662 3059 715 πάλαι
3080 662 3627 734 καταδουλωσάμενος
3637 662 3732 718 αὐ-

2129 754 2255 816 τοὺς
2271 754 2446 825 ὑπερή
2454 772 2636 823 φανος’
2656 754 2792 809 ἀλλά
2807 758 2962 810 καὶοί
2980 756 3084 809 ὑπὸ
3097 756 3272 827 τούτῳ
3288 756 3615 821 ἀσεϐοῦντες
3630 757 3729 811 ἐπὶ

2129 844 2312 917 ἀδικίᾳ
2356 845 2850 918 ἐξωλοθρεύθησαν,
2882 847 3081 920 δηλαδὴ
3114 849 3163 901 οἰ
3190 848 3416 919 πονηροὶ
3445 831 3749 919 δαίμονες)

2207 955 2223 986 ι
2252 937 2315 989 Οἱ
2372 936 2652 1002 ποιοῦντες
2700 938 3020 1010 ἀνθρώπους
3073 939 3407 1010 ἁμαρτάνειν
3449 940 3508 992 ἐν
3552 940 3721 1011 λόγῳ.

2130 1027 2344 1092 Πάντας
2358 1028 2415 1082 δέ
2443 1030 2571 1093 τοὺς
2601 1031 2925 1100 ἐλέγχοντας
2954 1032 3012 1085 ὲν
3041 1030 3237 1094 πύλαις
3268 1031 3603 1103 πρόσκομμα
3623 1031 3725 1103 θή-

2132 1138 2312 1174 σουσιν
2332 1138 2344 1150 ·
2376 1121 2459 1173 ὅτι
2505 1120 2842 1190 ἐπλαγίασαν
2901 1123 2987 1174 ἐπ’
3016 1122 3222 1186 ἀδίκοις
3272 1122 3498 1177 δίκαιον.
3526 1141 3545 1174 ι
3580 1124 3725 1188 Τοὺς

2128 1212 2238 1285 γὰρ
2263 1215 2547 1284 προφήτας
2574 1215 2654 1277 εἰς
2688 1214 2978 1283 πρόσωπον
3015 1215 3211 1279 αὐτοὺς
3250 1215 3591 1286 ἐλέγχοντας,
3627 1218 3726 1271 καὶ

2128 1304 2236 1358 τῶν
2288 1304 2705 1375 ἁμαρτημάτων
2742 1305 3172 1377 ἐπιστρέφοντας
3205 1307 3344 1378 ('56),
3376 1307 3719 1377 ἐπαγίδευον,

2129 1395 2302 1460 λαϐὰς
2323 1398 2443 1450 κατ’
2462 1397 2641 1451 αὐτῶν
2658 1396 2984 1468 θηρώμενοι,
3001 1398 3149 1462 ὅπως
3173 1400 3367 1463 αὐτοὺς
3387 1400 3721 1457 ἀπολέσωσι.

2207 1598 2226 1631 ι
2247 1579 2347 1634 Διὰ
2384 1580 2542 1634 τοῦτο
2573 1580 2698 1635 τάδε
2740 1581 2887 1651 λέγει
2918 1581 3121 1651 Κύριος
3156 1581 3250 1634 ἐπὶ
3278 1581 3370 1635 τὸν
3423 1576 3572 1636 οἷκον
3614 1583 3724 1636 Ἰα-

2129 1670 2265 1738 κὼϐ,
2291 1672 2353 1726 ὃν
2379 1672 2655 1744 ἀφώρισεν
2686 1672 2746 1737 ἐξ
2783 1673 3036 1745 Ἀϐραάμ
3053 1691 3065 1703 ·
3085 1674 3161 1727 Οὐ
3187 1673 3283 1728 νῦν
3297 1674 3723 1746 αἰσχυνθήσεται

2126 1764 2346 1831 Ἰακὼϐ,
2391 1767 2513 1820 οὐδὲ
2565 1766 2659 1821 νῦν
2720 1766 2782 1820 τὸ
2808 1768 3108 1838 πρόσωπον
3152 1768 3485 1838 μεταϐαλεῖ·
3525 1769 3642 1823 ἀλλ’
3667 1769 3728 1822 ὅ-

2124 1879 2222 1916 ταν
2250 1861 2401 1915 ῖδωσι
2428 1860 2497 1914 τὰ
2520 1861 2685 1914 τέκνα
2711 1860 2891 1915 αὐτῶν
2918 1860 2989 1913 τὰ
3008 1859 3145 1932 ἔργα
3171 1878 3293 1932 μου,
3327 1860 3397 1913 δι’
3434 1860 3537 1931 ἐμὲ
3559 1862 3725 1929 ἁγιά-

2127 1970 2280 2007 σουσι
2304 1953 2366 2005 τὸ
2393 1952 2567 2023 ὄνομά
2586 1970 2723 2023 μου,
2753 1953 2851 2006 xal
2878 1952 3165 2022 ἁγιάσουσι
3179 1952 3270 2006 τὸν
3287 1953 3475 2021 ’Ἀγιον
3498 1952 3721 2018 Ἰακὼϐ,

2125 2043 2336 2098 καὶτὸν
2359 2044 2493 2097 Θεὸν
2548 2043 2643 2097 τοῦ
2686 2044 2901 2118 Ἰσραὴλ
2951 2045 3371 2117 φοϐηθήσονται.
3393 2063 3412 2097 ι
3457 2045 3634 2117 Ὑμᾶς
3663 2045 3724 2100 δὲ

2123 2138 2287 2205 λέγω,
2318 2138 2410 2191 τὸν
2469 2137 2804 2209 καλούμενον
2855 2135 3001 2191 οἰκον
3041 2138 3255 2205 Ἰακὼϐ,
3305 2136 3367 2192 ὃν
3417 2140 3518 2192 οὐκ
3568 2138 3724 2207 ἀξιον

2123 2231 2252 2285 ὄντα
2295 2229 2391 2283 τοῦ
2438 2229 2718 2299 θεοφιλοῦς
2762 2230 2971 2283 ἐκείνου
3014 2230 3265 2303 Ἀϐραὰμ
3320 2231 3586 2302 ἀφώρισε,
3625 2232 3723 2286 καὶ

2123 2321 2567 2393 ἀπηλλοτρίωσεν
2597 2322 2795 2385 αὐτοὺς
2828 2324 2856 2375 6
2885 2319 3037 2385 Θεὸς,
3063 2321 3154 2375 διὰ
3195 2322 3253 2375 τὸ
3288 2323 3363 2394 μὴ
3388 2326 3505 2386 τοῖς
3536 2324 3722 2396 ἔργοις

2122 2411 2306 2478 ἀξίους
2337 2413 2431 2465 τοῦ
2471 2412 2719 2484 Ἀϐραὰμ
2742 2412 3084 2483 καταστῆσαι
3113 2414 3359 2479 ἑαυτούς.
3392 2414 3474 2469 Τὰ
3495 2415 3605 2488 γὰρ
3632 2417 3723 2470 τέ.

2123 2520 2228 2557 κνα
2252 2502 2347 2557 τοῦ
2388 2505 2638 2577 Ἀϐραὰμ
2666 2504 2755 2558 διὰ
2788 2505 2897 2559 τῶν
2925 2505 3100 2579 ἔργων
3133 2507 3473 2578 γνωρίζεται,
3506 2508 3723 2571 ώςηέδί-

2121 2596 2279 2661 δαξεν
2309 2599 2337 2650 6
2366 2597 2555 2670 Σωτὴρ
2590 2595 2757 2651 εἰπών
2776 2614 2789 2627 ·
2842 2618 2859 2649 ι
2886 2597 2949 2651 Εἰ
2982 2598 3149 2653 τέκνα
3180 2599 3277 2653 τοῦ
3320 2601 3570 2673 Ἀϐραὰμ
3597 2598 3720 2673 ἦτε,

2120 2688 2190 2742 τά
2218 2687 2354 2759 ἔργα
2384 2690 2478 2743 τοῦ
2525 2690 2778 2761 Ἀϐραὰμ
2808 2691 3063 2747 ἐποιεῖτε.
3093 2712 3112 2745 ι
3149 2693 3246 2756 Τίς
3283 2693 3327 2748 δ’
3350 2694 3418 2747 ἂν
3445 2694 3530 2767 εἴη
3565 2691 3722 2761 οὗτος

2122 2784 2150 2835 6
2174 2784 2383 2855 καιρὸς,
2415 2782 2448 2854 ἢ
2483 2783 2627 2855 ὁτῆς
2656 2783 2937 2848 ἐκϐάσεως
2962 2783 3069 2838 τῶν
3098 2783 3246 2854 ἐμῶν
3272 2782 3467 2854 λόγων,
3506 2787 3628 2840 καθ’
3661 2787 3723 2841 ὃν

2121 2875 2190 2929 τὰ
2217 2876 2382 2929 τέκνα
2410 2874 2480 2928 τὰ
2514 2875 2757 2947 ὑμέτερα
2794 2876 2919 2939 τοὺς
2942 2875 3246 2944 ἀλλογενεῖς
3284 2877 3381 2931 καί⁸
3408 2876 3721 2949 ἀλλοτρίους

2122 2967 2215 3021 τοῦ
2248 2967 2520 3039 ἡμετέρου
2549 2966 2739 3037 γένους
2767 2967 2989 3037 ὄψονται
3018 2966 3339 3034 δοξάζοντας
3364 2970 3424 3023 τὸ
3450 2971 3586 3042 ἐμὸν
3604 2972 3723 3026 ὅνο-

2129 3074 2242 3129 μα;
2274 3059 2409 3112 Τότε
2438 3059 2548 3131 γὰρ
2577 3057 2720 3111 αὐτὰ
2749 3057 2817 3110 τὰ
2845 3058 3093 3130 ὑμέτερα
3120 3060 3284 3113 τέκνα
3313 3061 3718 3133 καταισχυνθή-

2124 3168 2278 3207 σεται
2307 3152 2403 3205 κα¹ι
2441 3152 2895 3225 διατραπήσεται,
2935 3153 3148 3225 ὁρῶντα
3191 3156 3253 3209 τὸ
3282 3156 3587 3228 παράδοξον
3616 3158 3720 3229 τῆς

2123 3244 2229 3298 τῶν
2256 3244 2425 3299 ἐθνῶν
2463 3245 2786 3316 μεταϐολῆς,
2815 3244 2910 3299 καὶ
2938 3246 3015 3309 ὡς
3036 3246 3319 3318 ἀλλόφυλοί
3354 3266 3495 3313 τινες
3528 3249 3720 3322 ἄνδρες

2130 3333 2222 3386 τὸν
2242 3334 2430 3403 ’Ἀγιον
2446 3334 2539 3388 τοῦ
2576 3336 2790 3408 Ἰσραὴλ
2818 3338 2914 3392 καὶ
2941 3337 3032 3391 τὸν
3059 3338 3190 3392 Θεὸν
3205 3338 3298 3393 τοῦ
3338 3339 3531 3394 Ἰακὼϐ
3561 3342 3721 3410 ἁγιά-

2123 3424 2294 3490 ζουσι,
2310 3428 2405 3480 καὶ
2425 3427 2588 3497 φόϐον
2601 3428 2957 3483 ἀναλάϐονται
2975 3430 3087 3501 ('57)
3103 3430 3197 3483 τοῦ
3215 3431 3306 3485 ἐπὶ
3325 3430 3716 3489 πάντωνθεοῦ.

2199 3537 2218 3569 ι
2244 3520 2354 3572 Καὶ
2384 3518 2683 3588 γνώσονται
2708 3522 2758 3574 οἰ
2798 3522 3142 3594 πλανώμενοι
3166 3524 3242 3595 τῷ
3271 3524 3542 3597 πνεύματι
3602 3527 3722 3582 σύν-

2123 3627 2239 3665 εσιν
2261 3629 2274 3641 ·
2320 3612 2371 3664 οἱ
2400 3612 2459 3665 δὲ
2484 3613 2846 3682 γογγύζοντες
2878 3615 3212 3690 μαθήσονται
3270 3618 3585 3686 ὑπακούειν,
3619 3620 3720 3674 καὶ

2122 3706 2179 3756 αἰ
2219 3703 2459 3773 γλῶσσαι
2494 3708 2552 3760 αἰ
2583 3707 2927 3777 ψελλιζουσαι
2982 3710 3316 3783 μαθήσονται
3360 3712 3539 3767 λαλεῖν
3565 3714 3721 3785 εἰρή-

2122 3812 2240 3867 νην.
2269 3816 2286 3847 i
2335 3798 2400 3850 Δί
2431 3799 2675 3867 γλῶσσαι
2711 3802 2767 3854 αἰ
2807 3800 3151 3872 ψελλίζουσαι
3183 3803 3279 3857 καὶ
3322 3805 3486 3876 μηδὲν
3517 3807 3719 3877 τρανὸν

2126 3888 2261 3960 μηδὲ
2289 3890 2489 3961 ἀληθὲς
2518 3893 2695 3947 λαλεῖν
2728 3894 3042 3966 δυνάμεναι,
3084 3897 3166 3959 εἰς
3186 3896 3248 3949 τὸ
3274 3896 3415 3951 κατὰ
3440 3897 3602 3967 φύσιν
3622 3897 3716 3950 ἐλ-

2123 3978 2337 4049 θοῦσαι,
2376 3986 2697 4056 τρανώτατα
2724 3988 3039 4057 λαλήσουσι,
3084 3987 3350 4058 μαθοῦσαι
3382 3990 3603 4060 εἰρήνης
3627 3990 3721 4043 λό-

2120 4087 2271 4139 γους,
2296 4074 2374 4138 ὡς
2398 4076 2479 4143 ,ἂν
2516 4079 2716 4142 παντὸς
2752 4079 3165 4151 ἀπηλλαγμέναι
3205 4080 3463 4152 πολέμου,
3495 4082 3590 4135 καί
3614 4095 3717 4154 την

2120 4164 2259 4235 πρὸς
2292 4166 2427 4221 Θεὸν
2456 4170 2680 4242 εἰρήνην
2707 4170 3115 4242 ἀσπασάμεναι.

2659 4264 3058 4317 ΚΕΦΛΛΑΙΟΝ
3086 4264 3164 4317 A'.

2196 4371 2214 4405 t
2237 4353 2374 4407 Οὐαὶ
2398 4354 2565 4407 τέκνα
2594 4353 2917 4416 ἀποστάται,
2944 4353 3091 4422 λέγει
3121 4353 3341 4425 Κύριος.
3388 4355 3713 4427 Ἐποιήσατε

2122 4446 2335 4519 βουλὴν,
2361 4448 2422 4501 οὐ
2443 4448 2510 4502 δι’
2536 4446 2693 4517 ἐμοῦ,
2724 4448 2817 4501 καὶ
2848 4447 3139 4518 συνθήκας,
3168 4446 3229 4500 οὐ
3249 4445 3336 4500 διὰ
3353 4445 3445 4499 τοῦ
3471 4446 3716 4519 πνεῦμα.

435 4530 689 4603 spiritum
716 4542 926 4591 meum;
954 4534 1013 4579 ιιι
1046 4525 1316 4579 adderetis
1344 4531 1565 4593 peccata
1599 4522 1838 4591 peccatis
1880 4539 1895 4575 :
1923 4521 2015 4590 qui

2131 4540 2213 4604 τός
2245 4557 2369 4611 μου,
2390 4540 2706 4611 προσθεῖναι
2748 4540 3027 4613 ἁμαρτίας
3076 4538 3162 4607 ἐφ’
3201 4537 3494 4610 ἁμαρτίας,
3526 4540 3577 4592 οἰ
3604 4556 3712 4593 πο-

436 4624 646 4680 vadunt
703 4630 760 4675 et
832 4619 1168 4673 descendunt
1231 4616 1285 4670 in
1338 4616 1663 4686 Egyptum,
1704 4626 1791 4667 me
1838 4622 2016 4668 autem

437 4733 545 4774 non
573 4716 1003 4783 interrogarunt,
1027 4720 1086 4763 ut
1112 4708 1371 4763 auxilium
1397 4709 1633 4761 habeant
1658 4722 1687 4760 a
1709 4704 2015 4772 Pharaone,

437 4822 495 4869 et
536 4816 888 4882 protegantur
921 4806 988 4860 ab
1034 4802 1328 4875 Egyptiis.
1360 4801 1478 4855 Erit
1529 4800 1675 4855 enim
1708 4799 1865 4856 vobis
1894 4814 2019 4870 pro-

437 4908 606 4965 lectio
640 4904 942 4959 Pharaonis
974 4903 1029 4957 in
1076 4899 1475 4960 confusionem,
1512 4906 1566 4951 et
1615 4898 1680 4952 iis
1707 4897 1801 4967 qui
1848 4898 2019 4951 contio

437 5005 575 5057 dunt
620 4999 676 5056 in
730 4997 1006 5068 Egypto,
1044 4992 1443 5064 opprobrium:
1476 4990 1733 5059 quoniam
1784 5000 1914 5045 sunt
1964 4990 2018 5044 in

438 5092 573 5147 Tani
595 5091 888 5162 principes,
912 5087 1085 5159 angeli
1110 5086 1257 5142 mali.
1287 5083 1508 5138 Frustra
1534 5084 1859 5138 laborabunt
1879 5085 2021 5154 apud

437 5187 722 5256 populum,
748 5183 840 5253 qui
867 5182 947 5237 eis
979 5194 1084 5234 non
1113 5177 1355 5246 proderit
1382 5177 1449 5230 ad
1480 5176 1744 5231 auxilium
1770 5218 1785 5242 ,
1829 5178 1924 5233 sed
1952 5177 2019 5230 ad

441 5268 817 5332 confusionem
840 5282 895 5328 et
914 5270 1288 5341 opprobrium.
1322 5286 1341 5317 ι
1379 5272 1577 5336 Aperte
1604 5268 1868 5332 declarat,
1892 5278 2022 5323 tunc

439 5368 721 5422 daemonas
765 5363 822 5418 in
871 5362 1107 5430 Aigypto
1150 5357 1338 5420 fuisse,
1390 5373 1529 5427 quos
1573 5360 1800 5429 angelos
1848 5359 2022 5414 malos

438 5464 752 5525 nuncupat,
787 5451 878 5523 qui
906 5448 1076 5503 multa
1125 5448 1493 5515 operabantur
1554 5449 1607 5504 in
1655 5449 1749 5504 illa
1798 5448 2020 5522 Egypti

438 5551 659 5605 civitate
704 5562 825 5617 qua:
864 5543 1065 5598 dicitur
1083 5540 1251 5596 Tanis
1277 5584 1292 5607 ,
1326 5543 1415 5599 ubi
1448 5544 1540 5599 illo
1587 5552 1828 5614 tempore
1871 5546 2018 5615 regia

507 5668 551 5697 ’⁷
575 5666 737 5721 Joan.
764 5680 881 5728 vni,
905 5661 994 5716 59.

508 5763 620 5831 (36)
665 5760 875 5831 Mallem
908 5757 1085 5831 legere
1112 5759 1575 5831 ἀποστρέφοντας.
1606 5762 1765 5817 Ent'r.

2130 4632 2409 4704 ρευόμενοι
2451 4632 2757 4703 καταϐῆναι
2807 4634 2885 4697 εἰς
2916 4632 3209 4701 Αἴγυπτον,
3250 4632 3349 4704 ἐμὲ
3380 4632 3437 4685 δὲ
3480 4632 3582 4685 οὐκ
3613 4633 3715 4685 ἐπ-

2122 4720 2438 4793 ηρώτησαν,
2481 4722 2574 4776 τοῦ
2607 4722 2865 4794 βοηθῆναι
2890 4723 2995 4776 ὑπὸ
3037 4720 3257 4792 Φαραὼ,
3281 4721 3376 4775 καὶ
3398 4721 3713 4791 σκεπασθῆ-

2128 4827 2215 4868 ναι
2266 4814 2371 4867 ὑπὸ
2396 4814 2728 4883 Αἰγυπτίων.
2777 4814 2967 4868 Ἔσται
2997 4814 3105 4884 γὰρ
3143 4814 3271 4884 ὑμῖν
3301 4812 3474 4883 σκέπη
3512 4811 3713 4885 Φαραὼ

2130 4908 2207 4969 εἰς
2240 4906 2521 4978 αἰσχύνην,
2558 4910 2653 4961 καὶ
2684 4911 2796 4972 τοῖς
2832 4906 3144 4961 πεποιθόσιν
3170 4907 3256 4959 ἐπ’
3280 4905 3555 4973 Αἴγυπτον
3580 4906 3711 4960 ὄνει-

2127 4995 2249 5058 δοςσ
2291 4997 2373 5049 ὅτι
2430 4998 2568 5051 εἰσὶν
2601 5001 2660 5051 ἐν
2689 4998 2851 5052 Τάνει
2883 4997 3135 5067 ἀρχηγοὶ,
3190 4995 3410 5064 ἄγγελοι
3459 4996 3706 5067 πονηροί.

2128 5087 2321 5158 Μάτην
2347 5089 2669 5142 κοπιάσουσι
2692 5088 2829 5160 πρὸς
2855 5088 3004 5149 λαὸν,
3030 5086 3087 5149 ὃς
3101 5087 3201 5139 οὐκ
3223 5085 3493 5156 ὠφελήσει
3512 5085 3711 5147 αὐτοὺς

2127 5179 2209 5241 εἰς
2240 5177 2514 5251 βοήθειαν,
2544 5180 2679 5233 ἀλλὰ
2703 5182 2783 5243 εἰς
2810 5180 3069 5250 αἰσχύνην
3098 5181 3190 5233 καὶ
3218 5179 3435 5242 ὄνειδος.
3464 5198 3483 5231 ι
3515 5178 3708 5247 Σαφῶς

2130 5273 2373 5342 παριστᾷ
2401 5273 2679 5341 γεγονέναι
2717 5273 2837 5326 τότε
2890 5272 3019 5344 παρ’
3062 5272 3381 5340 Αἰγυπτίοις
3414 5270 3706 5341 δαίμονας,

2128 5364 2391 5431 ἀγγέλους
2420 5366 2684 5437 πονηροὺς
2708 5363 2962 5436 ὀνομάζει
2987 5365 3202 5431 αὐτοὺς,
3232 5367 3280 5418 οἳ
3304 5364 3536 5434 μάλιστα
3558 5365 3708 5435 ἐνήρο

2128 5472 2257 5523 γουν
2282 5456 2349 5509 τὰ
2381 5458 2548 5511 πολλὰ
2574 5460 2631 5511 ἐν
2670 5460 2735 5528 τῇ
2764 5458 3070 5531 καλουμένῃ
3104 5457 3256 5511 πόλει
3293 5458 3391 5529 τῆς
3428 5455 3706 5524 Αἰγύπτου

2127 5548 2313 5613 Τάνει,
2335 5550 2464 5604 ἔνθα
2475 5551 2535 5603 τὸ
2553 5550 2819 5621 βασίλειον
2835 5550 2930 5605 τοῦ
2948 5550 3146 5622 Φαραὼ
3169 5549 3289 5604 κατ’
3305 5551 3482 5603 ἐκεῖνο
3500 5548 3705 5621 ἵδρυτο.

509 5824 623 5904 (57)
670 5833 782 5889 Vox
837 5824 1194 5885 ἀναλάϐονται
1235 5824 1419 5890 merus
1474 5824 1558 5892 est
1595 5832 1999 5899 barbarismus,

2140 5844 2201 5887 us
2231 5829 2349 5887 loco
2384 5828 2664 5900 legendum
2706 5829 3201 5901 ἀναλαμϐάνονται.
3246 5824 3409 5883 Eutr.
