  <div class='ocr_page' id='page_1' title='image "/cluster/home/n/w/nwhite01/storage/ocr_20150623/24/hvd.32044019207729/158.png"; bbox 0 0 3984 6510; ppageno 0'>
   <div class='ocr_carea' id='block_1_1' title="bbox 274 466 399 524">
    <p class='ocr_par' dir='ltr' id='par_1_1' title="bbox 274 466 399 524">
     <span class='ocr_line' id='line_1_1' title="bbox 274 466 399 524; baseline -0.016 0"><span class='ocrx_word' id='word_1_1' title='bbox 274 466 399 524; x_wconf 75' lang='grc'><strong>505</strong></span> 
     </span>
    </p>
   </div>
   <div class='ocr_carea' id='block_1_2' title="bbox 1224 463 2640 541">
    <p class='ocr_par' dir='ltr' id='par_1_2' title="bbox 1224 463 2640 541">
     <span class='ocr_line' id='line_1_2' title="bbox 1224 463 2640 541; baseline 0.005 -12"><span class='ocrx_word' id='word_1_2' title='bbox 1224 463 1723 530; x_wconf 76' lang='lat' dir='ltr'><strong>COMMENTARIA</strong></span> <span class='ocrx_word' id='word_1_3' title='bbox 1763 475 1828 529; x_wconf 83' lang='lat' dir='ltr'><strong>IN</strong></span> <span class='ocrx_word' id='word_1_4' title='bbox 1871 474 2129 533; x_wconf 79' lang='lat' dir='ltr'><strong>ISAlAM.</strong></span> <span class='ocrx_word' id='word_1_5' title='bbox 2170 507 2240 541; x_wconf 71' lang='grc' dir='ltr'><strong>τ</strong></span> <span class='ocrx_word' id='word_1_6' title='bbox 2276 476 2432 540; x_wconf 82' lang='lat' dir='ltr'><strong>CAP.</strong></span> <span class='ocrx_word' id='word_1_7' title='bbox 2476 480 2640 536; x_wconf 77' lang='lat' dir='ltr'><strong>xxx;</strong></span> 
     </span>
    </p>
   </div>
   <div class='ocr_carea' id='block_1_3' title="bbox 3449 492 3554 545">
    <p class='ocr_par' dir='ltr' id='par_1_3' title="bbox 3449 492 3554 545">
     <span class='ocr_line' id='line_1_3' title="bbox 3449 492 3554 545; baseline -0.01 0"><span class='ocrx_word' id='word_1_8' title='bbox 3449 492 3554 545; x_wconf 75' lang='grc'><strong>506</strong></span> 
     </span>
    </p>
   </div>
   <div class='ocr_carea' id='block_1_4' title="bbox 276 573 1852 677">
    <p class='ocr_par' dir='ltr' id='par_1_4' title="bbox 276 573 1851 666">
     <span class='ocr_line' id='line_1_4' title="bbox 276 573 1851 666; baseline 0.006 -27"><span class='ocrx_word' id='word_1_9' title='bbox 276 587 434 658; x_wconf 73' lang='grc' dir='ltr'>Πλὴν</span> <span class='ocrx_word' id='word_1_10' title='bbox 468 588 611 643; x_wconf 80' lang='grc' dir='ltr'><strong>ἀλλά</strong></span> <span class='ocrx_word' id='word_1_11' title='bbox 650 588 744 644; x_wconf 75' lang='grc' dir='ltr'><strong>καὶ</strong></span> <span class='ocrx_word' id='word_1_12' title='bbox 773 580 944 656; x_wconf 72' lang='grc' dir='ltr'>οὗτύῖ,</span> <span class='ocrx_word' id='word_1_13' title='bbox 980 580 1165 660; x_wconf 64' lang='grc' dir='ltr'>φησὶν,</span> <span class='ocrx_word' id='word_1_14' title='bbox 1220 592 1270 644; x_wconf 82' lang='grc' dir='ltr'>οἱ</span> <span class='ocrx_word' id='word_1_15' title='bbox 1305 573 1365 645; x_wconf 71' lang='grc' dir='ltr'>ἐν</span> <span class='ocrx_word' id='word_1_16' title='bbox 1424 594 1587 649; x_wconf 85' lang='grc' dir='ltr'>Τάνει</span> <span class='ocrx_word' id='word_1_17' title='bbox 1620 596 1851 666; x_wconf 80' lang='grc' dir='ltr'><strong>ἀρχηγοὶ</strong></span> 
     </span>
    </p>
   </div>
   <div class='ocr_carea' id='block_1_5' title="bbox 1962 573 3556 677">
    <p class='ocr_par' dir='ltr' id='par_1_5' title="bbox 1980 594 3556 677">
     <span class='ocr_line' id='line_1_5' title="bbox 1980 594 3556 677; baseline 0.009 -28"><span class='ocrx_word' id='word_1_18' title='bbox 1980 594 2284 651; x_wconf 77' lang='lat' dir='ltr'><strong>Pharamiis</strong></span> <span class='ocrx_word' id='word_1_19' title='bbox 2315 605 2454 653; x_wconf 90' lang='lat' dir='ltr'><strong>erat.</strong></span> <span class='ocrx_word' id='word_1_20' title='bbox 2480 598 2751 653; x_wconf 84' lang='lat' dir='ltr'><strong>Caeterum</strong></span> <span class='ocrx_word' id='word_1_21' title='bbox 2778 601 2835 654; x_wconf 98' lang='lat' dir='ltr'><strong>hi</strong></span> <span class='ocrx_word' id='word_1_22' title='bbox 2864 617 3113 671; x_wconf 89' lang='lat' dir='ltr'><strong>quoque,</strong></span> <span class='ocrx_word' id='word_1_23' title='bbox 3147 599 3221 657; x_wconf 82' lang='lat' dir='ltr'><strong>ait</strong></span> <span class='ocrx_word' id='word_1_24' title='bbox 3240 644 3256 669; x_wconf 93' lang='lat'><strong>,</strong></span> <span class='ocrx_word' id='word_1_25' title='bbox 3281 604 3556 677; x_wconf 78' lang='lat' dir='ltr'><strong>principes</strong></span> 
     </span>
    </p>
   </div>
   <div class='ocr_carea' id='block_1_6' title="bbox 273 685 1879 759">
    <p class='ocr_par' dir='ltr' id='par_1_6' title="bbox 273 685 1879 759">
     <span class='ocr_line' id='line_1_6' title="bbox 273 685 1879 759; baseline 0.003 -20"><span class='ocrx_word' id='word_1_26' title='bbox 273 686 510 753; x_wconf 69' lang='grc' dir='ltr'>ἄγγελοι</span> <span class='ocrx_word' id='word_1_27' title='bbox 566 686 794 756; x_wconf 73' lang='grc' dir='ltr'>πονηροὶ</span> <span class='ocrx_word' id='word_1_28' title='bbox 823 685 973 739; x_wconf 83' lang='grc' dir='ltr'>οὐδὲν</span> <span class='ocrx_word' id='word_1_29' title='bbox 1001 685 1373 756; x_wconf 78' lang='grc' dir='ltr'><strong>ὠφελήσουσιν</strong></span> <span class='ocrx_word' id='word_1_30' title='bbox 1398 690 1477 752; x_wconf 75' lang='grc' dir='ltr'><strong>εις</strong></span> <span class='ocrx_word' id='word_1_31' title='bbox 1514 690 1573 741; x_wconf 84' lang='grc' dir='ltr'><strong>τὸ</strong></span> <span class='ocrx_word' id='word_1_32' title='bbox 1602 688 1879 759; x_wconf 82' lang='grc' dir='ltr'><strong>ἐπαμῦναι</strong></span> 
     </span>
    </p>
   </div>
   <div class='ocr_carea' id='block_1_7' title="bbox 270 776 1879 851">
    <p class='ocr_par' dir='ltr' id='par_1_7' title="bbox 270 776 1879 851">
     <span class='ocr_line' id='line_1_7' title="bbox 270 776 1879 851; baseline 0.004 -24"><span class='ocrx_word' id='word_1_33' title='bbox 270 778 399 841; x_wconf 82' lang='grc' dir='ltr'>τοῖς</span> <span class='ocrx_word' id='word_1_34' title='bbox 434 776 848 849; x_wconf 79' lang='grc' dir='ltr'>προσφυγοῦσιν</span> <span class='ocrx_word' id='word_1_35' title='bbox 873 778 1074 843; x_wconf 81' lang='grc' dir='ltr'>αὐτοῖς,</span> <span class='ocrx_word' id='word_1_36' title='bbox 1104 778 1197 831; x_wconf 78' lang='grc' dir='ltr'><strong>καὶ</strong></span> <span class='ocrx_word' id='word_1_37' title='bbox 1214 778 1310 849; x_wconf 83' lang='grc' dir='ltr'>τὴν</span> <span class='ocrx_word' id='word_1_38' title='bbox 1334 776 1393 843; x_wconf 84' lang='grc' dir='ltr'><strong>ὲξ</strong></span> <span class='ocrx_word' id='word_1_39' title='bbox 1416 778 1595 832; x_wconf 78' lang='grc' dir='ltr'>αὐτῶν</span> <span class='ocrx_word' id='word_1_40' title='bbox 1628 779 1879 851; x_wconf 87' lang='grc' dir='ltr'>βοήθειαν</span> 
     </span>
    </p>
   </div>
   <div class='ocr_carea' id='block_1_8' title="bbox 270 868 1876 944">
    <p class='ocr_par' dir='ltr' id='par_1_8' title="bbox 270 868 1876 944">
     <span class='ocr_line' id='line_1_8' title="bbox 270 868 1876 944; baseline 0.004 -24"><span class='ocrx_word' id='word_1_41' title='bbox 270 868 815 941; x_wconf 74' lang='grc' dir='ltr'>ἀνακαλεσαμένοις.</span> <span class='ocrx_word' id='word_1_42' title='bbox 862 870 972 923; x_wconf 75' lang='grc' dir='ltr'>Καὶ</span> <span class='ocrx_word' id='word_1_43' title='bbox 1000 871 1182 934; x_wconf 81' lang='grc' dir='ltr'>αὐτοῖς</span> <span class='ocrx_word' id='word_1_44' title='bbox 1214 871 1393 942; x_wconf 79' lang='grc' dir='ltr'><strong>ἔργοις</strong></span> <span class='ocrx_word' id='word_1_45' title='bbox 1433 872 1733 944; x_wconf 78' lang='grc' dir='ltr'><strong>ἐπληροῦτο</strong></span> <span class='ocrx_word' id='word_1_46' title='bbox 1754 874 1876 927; x_wconf 81' lang='grc' dir='ltr'>καθ’</span> 
     </span>
    </p>
   </div>
   <div class='ocr_carea' id='block_1_9' title="bbox 264 961 1874 1036">
    <p class='ocr_par' dir='ltr' id='par_1_9' title="bbox 264 961 1874 1036">
     <span class='ocr_line' id='line_1_9' title="bbox 264 961 1874 1036; baseline 0.004 -23"><span class='ocrx_word' id='word_1_47' title='bbox 264 961 333 1013; x_wconf 81' lang='grc' dir='ltr'><strong>ὅν</strong></span> <span class='ocrx_word' id='word_1_48' title='bbox 390 962 585 1033; x_wconf 83' lang='grc' dir='ltr'>χρόνον</span> <span class='ocrx_word' id='word_1_49' title='bbox 627 964 657 1014; x_wconf 85' lang='grc' dir='ltr'><strong>ό</strong></span> <span class='ocrx_word' id='word_1_50' title='bbox 700 962 808 1015; x_wconf 85' lang='grc' dir='ltr'>τῶν</span> <span class='ocrx_word' id='word_1_51' title='bbox 859 963 1215 1018; x_wconf 87' lang='grc' dir='ltr'>Βαϐυλωνίων</span> <span class='ocrx_word' id='word_1_52' title='bbox 1250 964 1523 1035; x_wconf 79' lang='grc' dir='ltr'>βασιλεὺς,</span> <span class='ocrx_word' id='word_1_53' title='bbox 1566 966 1874 1036; x_wconf 85' lang='grc' dir='ltr'>ὑποχείριον</span> 
     </span>
    </p>
   </div>
   <div class='ocr_carea' id='block_1_10' title="bbox 267 1053 1871 1127">
    <p class='ocr_par' dir='ltr' id='par_1_10' title="bbox 267 1053 1871 1127">
     <span class='ocr_line' id='line_1_10' title="bbox 267 1053 1871 1127; baseline 0.002 -22"><span class='ocrx_word' id='word_1_54' title='bbox 267 1055 654 1124; x_wconf 73' lang='grc' dir='ltr'><strong>ποιησάμενος</strong></span> <span class='ocrx_word' id='word_1_55' title='bbox 709 1053 807 1125; x_wconf 82' lang='grc' dir='ltr'>τὴν</span> <span class='ocrx_word' id='word_1_56' title='bbox 839 1054 1130 1123; x_wconf 72' lang='grc' dir='ltr'>Αἴγυπτον,</span> <span class='ocrx_word' id='word_1_57' title='bbox 1179 1056 1241 1108; x_wconf 87' lang='grc' dir='ltr'><strong>οὑ</strong></span> <span class='ocrx_word' id='word_1_58' title='bbox 1278 1057 1469 1127; x_wconf 81' lang='grc' dir='ltr'>μόνους</span> <span class='ocrx_word' id='word_1_59' title='bbox 1524 1057 1871 1125; x_wconf 74' lang='grc' dir='ltr'>Αἰγυπτίους,</span> 
     </span>
    </p>
   </div>
   <div class='ocr_carea' id='block_1_11' title="bbox 262 1146 1871 1221">
    <p class='ocr_par' dir='ltr' id='par_1_11' title="bbox 262 1146 1871 1221">
     <span class='ocr_line' id='line_1_11' title="bbox 262 1146 1871 1221; baseline 0.002 -21"><span class='ocrx_word' id='word_1_60' title='bbox 262 1147 416 1200; x_wconf 86' lang='grc' dir='ltr'><strong>ἀλλά</strong></span> <span class='ocrx_word' id='word_1_61' title='bbox 445 1148 540 1201; x_wconf 83' lang='grc' dir='ltr'><strong>καὶ</strong></span> <span class='ocrx_word' id='word_1_62' title='bbox 559 1146 670 1201; x_wconf 85' lang='grc' dir='ltr'>τῶν</span> <span class='ocrx_word' id='word_1_63' title='bbox 704 1147 970 1201; x_wconf 81' lang='grc' dir='ltr'><strong>Ἰουδαίων</strong></span> <span class='ocrx_word' id='word_1_64' title='bbox 991 1148 1117 1211; x_wconf 84' lang='grc' dir='ltr'>τοὺς</span> <span class='ocrx_word' id='word_1_65' title='bbox 1144 1148 1465 1221; x_wconf 81' lang='grc' dir='ltr'>πρόσφυγας</span> <span class='ocrx_word' id='word_1_66' title='bbox 1489 1148 1687 1213; x_wconf 82' lang='grc' dir='ltr'>αὐτοὺς</span> <span class='ocrx_word' id='word_1_67' title='bbox 1715 1166 1871 1218; x_wconf 90' lang='grc' dir='ltr'>γενο-</span> 
     </span>
    </p>
   </div>
   <div class='ocr_carea' id='block_1_12' title="bbox 266 1240 1876 1313">
    <p class='ocr_par' dir='ltr' id='par_1_12' title="bbox 266 1240 1876 1313">
     <span class='ocr_line' id='line_1_12' title="bbox 266 1240 1876 1313; baseline 0.001 -20"><span class='ocrx_word' id='word_1_68' title='bbox 266 1240 496 1310; x_wconf 76' lang='grc' dir='ltr'>μένους,</span> <span class='ocrx_word' id='word_1_69' title='bbox 526 1240 781 1312; x_wconf 84' lang='grc' dir='ltr'>πολεμῶν</span> <span class='ocrx_word' id='word_1_70' title='bbox 806 1241 941 1311; x_wconf 77' lang='grc' dir='ltr'>ὁμοῦ</span> <span class='ocrx_word' id='word_1_71' title='bbox 979 1241 1487 1313; x_wconf 81' lang='grc' dir='ltr'>ἐξηνδραποδίσατο.</span> <span class='ocrx_word' id='word_1_72' title='bbox 1515 1242 1587 1295; x_wconf 83' lang='grc' dir='ltr'><strong>Τὸ</strong></span> <span class='ocrx_word' id='word_1_73' title='bbox 1615 1242 1876 1313; x_wconf 84' lang='grc' dir='ltr'>τηνικαῦ-</span> 
     </span>
    </p>
   </div>
   <div class='ocr_carea' id='block_1_13' title="bbox 258 1333 1871 1407">
    <p class='ocr_par' dir='ltr' id='par_1_13' title="bbox 258 1333 1871 1407">
     <span class='ocr_line' id='line_1_13' title="bbox 258 1333 1871 1407; baseline 0.003 -23"><span class='ocrx_word' id='word_1_74' title='bbox 258 1350 337 1385; x_wconf 86' lang='grc' dir='ltr'><strong>τα</strong></span> <span class='ocrx_word' id='word_1_75' title='bbox 366 1334 479 1405; x_wconf 72' lang='grc' dir='ltr'><strong>γὰρ</strong></span> <span class='ocrx_word' id='word_1_76' title='bbox 507 1336 541 1404; x_wconf 86' lang='grc' dir='ltr'><strong>ή</strong></span> <span class='ocrx_word' id='word_1_77' title='bbox 572 1335 665 1386; x_wconf 81' lang='grc' dir='ltr'>ἐπὶ</span> <span class='ocrx_word' id='word_1_78' title='bbox 696 1333 898 1404; x_wconf 81' lang='grc' dir='ltr'>Φαραὼ</span> <span class='ocrx_word' id='word_1_79' title='bbox 925 1334 1033 1387; x_wconf 82' lang='grc' dir='ltr'><strong>τῶν</strong></span> <span class='ocrx_word' id='word_1_80' title='bbox 1080 1335 1346 1389; x_wconf 83' lang='grc' dir='ltr'>Ἰουδαίων</span> <span class='ocrx_word' id='word_1_81' title='bbox 1382 1336 1537 1399; x_wconf 73' lang='grc' dir='ltr'>ἐλπὶς</span> <span class='ocrx_word' id='word_1_82' title='bbox 1575 1336 1654 1399; x_wconf 87' lang='grc' dir='ltr'><strong>είς</strong></span> <span class='ocrx_word' id='word_1_83' title='bbox 1678 1335 1871 1407; x_wconf 74' lang='grc' dir='ltr'>αἰσχύ-</span> 
     </span>
    </p>
   </div>
   <div class='ocr_carea' id='block_1_14' title="bbox 259 1426 1334 1499">
    <p class='ocr_par' dir='ltr' id='par_1_14' title="bbox 259 1426 1334 1499">
     <span class='ocr_line' id='line_1_14' title="bbox 259 1426 1334 1499; baseline 0 -20"><span class='ocrx_word' id='word_1_84' title='bbox 259 1444 371 1499; x_wconf 86' lang='grc' dir='ltr'><strong>νην</strong></span> <span class='ocrx_word' id='word_1_85' title='bbox 402 1427 501 1479; x_wconf 80' lang='grc' dir='ltr'><strong>καὶ</strong></span> <span class='ocrx_word' id='word_1_86' title='bbox 526 1426 726 1489; x_wconf 73' lang='grc' dir='ltr'>ὄνειδος</span> <span class='ocrx_word' id='word_1_87' title='bbox 750 1426 934 1489; x_wconf 78' lang='grc' dir='ltr'>αὐτοῖς</span> <span class='ocrx_word' id='word_1_88' title='bbox 968 1426 1334 1498; x_wconf 81' lang='grc' dir='ltr'><strong>περιετράπη.</strong></span> 
     </span>
    </p>
   </div>
   <div class='ocr_carea' id='block_1_15' title="bbox 345 1516 1866 1591">
    <p class='ocr_par' dir='ltr' id='par_1_15' title="bbox 345 1516 1866 1591">
     <span class='ocr_line' id='line_1_15' title="bbox 345 1516 1866 1591; baseline 0.002 -22"><span class='ocrx_word' id='word_1_89' title='bbox 345 1519 458 1571; x_wconf 78' lang='grc' dir='ltr'><strong>«Ἦ</strong></span> <span class='ocrx_word' id='word_1_90' title='bbox 489 1518 683 1590; x_wconf 87' lang='grc' dir='ltr'>ὅρασις</span> <span class='ocrx_word' id='word_1_91' title='bbox 738 1517 847 1571; x_wconf 82' lang='grc' dir='ltr'>τῶν</span> <span class='ocrx_word' id='word_1_92' title='bbox 875 1518 1218 1588; x_wconf 82' lang='grc' dir='ltr'>τετραπόδων</span> <span class='ocrx_word' id='word_1_93' title='bbox 1267 1516 1375 1569; x_wconf 83' lang='grc' dir='ltr'><strong>τῶν</strong></span> <span class='ocrx_word' id='word_1_94' title='bbox 1432 1520 1489 1570; x_wconf 84' lang='grc' dir='ltr'>ὲν</span> <span class='ocrx_word' id='word_1_95' title='bbox 1537 1520 1602 1589; x_wconf 82' lang='grc' dir='ltr'>τῇ</span> <span class='ocrx_word' id='word_1_96' title='bbox 1654 1519 1866 1591; x_wconf 79' lang='grc' dir='ltr'>ἐρήμῳ.</span> 
     </span>
    </p>
   </div>
   <div class='ocr_carea' id='block_1_16' title="bbox 258 1606 1869 1681">
    <p class='ocr_par' dir='ltr' id='par_1_16' title="bbox 258 1606 1869 1681">
     <span class='ocr_line' id='line_1_16' title="bbox 258 1606 1869 1681; baseline 0.002 -20"><span class='ocrx_word' id='word_1_97' title='bbox 258 1609 617 1680; x_wconf 78' lang='grc' dir='ltr'><strong>(Σύμμαχος,</strong></span> <span class='ocrx_word' id='word_1_98' title='bbox 635 1607 850 1677; x_wconf 77' lang='grc' dir='ltr'>Λῆμμα</span> <span class='ocrx_word' id='word_1_99' title='bbox 876 1606 1112 1675; x_wconf 77' lang='grc' dir='ltr'><strong>κτηνῶν</strong></span> <span class='ocrx_word' id='word_1_100' title='bbox 1132 1609 1372 1677; x_wconf 83' lang='grc' dir='ltr'><strong>Νότου.)</strong></span> <span class='ocrx_word' id='word_1_101' title='bbox 1389 1609 1476 1663; x_wconf 90' lang='grc' dir='ltr'>Ἐν</span> <span class='ocrx_word' id='word_1_102' title='bbox 1502 1611 1566 1681; x_wconf 83' lang='grc' dir='ltr'>τῇ</span> <span class='ocrx_word' id='word_1_103' title='bbox 1590 1608 1869 1681; x_wconf 79' lang='grc' dir='ltr'>θλίψεικαὶ</span> 
     </span>
    </p>
   </div>
   <div class='ocr_carea' id='block_1_17' title="bbox 257 1700 1871 1773">
    <p class='ocr_par' dir='ltr' id='par_1_17' title="bbox 257 1700 1871 1773">
     <span class='ocr_line' id='line_1_17' title="bbox 257 1700 1871 1773; baseline 0.002 -19"><span class='ocrx_word' id='word_1_104' title='bbox 257 1706 327 1773; x_wconf 82' lang='grc' dir='ltr'>τῇ</span> <span class='ocrx_word' id='word_1_105' title='bbox 370 1701 707 1772; x_wconf 73' lang='grc' dir='ltr'>στενοχωρίᾳ</span> <span class='ocrx_word' id='word_1_106' title='bbox 736 1700 872 1753; x_wconf 85' lang='grc' dir='ltr'>λέων</span> <span class='ocrx_word' id='word_1_107' title='bbox 897 1700 991 1753; x_wconf 72' lang='grc' dir='ltr'><strong>καὶ</strong></span> <span class='ocrx_word' id='word_1_108' title='bbox 1024 1700 1260 1770; x_wconf 83' lang='grc' dir='ltr'>σκύμνος</span> <span class='ocrx_word' id='word_1_109' title='bbox 1284 1700 1515 1765; x_wconf 77' lang='grc' dir='ltr'>λέοντος,</span> <span class='ocrx_word' id='word_1_110' title='bbox 1544 1701 1752 1758; x_wconf 77' lang='grc' dir='ltr'>ἐκεῖθεν</span> <span class='ocrx_word' id='word_1_111' title='bbox 1776 1704 1871 1758; x_wconf 66' lang='grc' dir='ltr'><strong>καὶ⁸</strong></span> 
     </span>
    </p>
   </div>
   <div class='ocr_carea' id='block_1_18' title="bbox 255 1793 1870 1866">
    <p class='ocr_par' dir='ltr' id='par_1_18' title="bbox 255 1793 1870 1866">
     <span class='ocr_line' id='line_1_18' title="bbox 255 1793 1870 1866; baseline -0.001 -16"><span class='ocrx_word' id='word_1_112' title='bbox 255 1794 500 1857; x_wconf 78' lang='grc' dir='ltr'>ἀσπίδες</span> <span class='ocrx_word' id='word_1_113' title='bbox 526 1795 619 1847; x_wconf 66' lang='grc' dir='ltr'><strong>κα)⁵</strong></span> <span class='ocrx_word' id='word_1_114' title='bbox 643 1793 842 1862; x_wconf 77' lang='grc' dir='ltr'>ἔκγονα</span> <span class='ocrx_word' id='word_1_115' title='bbox 867 1793 1106 1847; x_wconf 84' lang='grc' dir='ltr'>ἀσπίδων</span> <span class='ocrx_word' id='word_1_116' title='bbox 1134 1794 1464 1865; x_wconf 80' lang='grc' dir='ltr'>πετομένων,</span> <span class='ocrx_word' id='word_1_117' title='bbox 1488 1793 1537 1848; x_wconf 81' lang='grc' dir='ltr'>οἳ</span> <span class='ocrx_word' id='word_1_118' title='bbox 1561 1794 1753 1866; x_wconf 64' lang='grc' dir='ltr'>ἔφερον</span> <span class='ocrx_word' id='word_1_119' title='bbox 1776 1796 1870 1849; x_wconf 76' lang='grc' dir='ltr'>ἐπὶ</span> 
     </span>
    </p>
   </div>
   <div class='ocr_carea' id='block_1_19' title="bbox 254 1885 1867 1961">
    <p class='ocr_par' dir='ltr' id='par_1_19' title="bbox 254 1885 1867 1961">
     <span class='ocr_line' id='line_1_19' title="bbox 254 1885 1867 1961; baseline 0.001 -20"><span class='ocrx_word' id='word_1_120' title='bbox 254 1889 404 1941; x_wconf 77' lang='grc' dir='ltr'>ὄνων</span> <span class='ocrx_word' id='word_1_121' title='bbox 436 1888 533 1941; x_wconf 79' lang='grc' dir='ltr'><strong>καὶ</strong></span> <span class='ocrx_word' id='word_1_122' title='bbox 570 1887 833 1958; x_wconf 82' lang='grc' dir='ltr'>καμήλων</span> <span class='ocrx_word' id='word_1_123' title='bbox 864 1887 955 1940; x_wconf 76' lang='grc' dir='ltr'>τὸν</span> <span class='ocrx_word' id='word_1_124' title='bbox 980 1885 1206 1941; x_wconf 89' lang='grc' dir='ltr'>πλοῦτον</span> <span class='ocrx_word' id='word_1_125' title='bbox 1251 1888 1430 1942; x_wconf 78' lang='grc' dir='ltr'>αὐτῶν</span> <span class='ocrx_word' id='word_1_126' title='bbox 1460 1888 1596 1961; x_wconf 79' lang='grc' dir='ltr'>πρὸς</span> <span class='ocrx_word' id='word_1_127' title='bbox 1628 1888 1798 1952; x_wconf 84' lang='grc' dir='ltr'>ἔθνος,</span> <span class='ocrx_word' id='word_1_128' title='bbox 1838 1889 1867 1943; x_wconf 83' lang='grc' dir='ltr'><strong>ὃ</strong></span> 
     </span>
    </p>
   </div>
   <div class='ocr_carea' id='block_1_20' title="bbox 252 1975 1865 2049">
    <p class='ocr_par' dir='ltr' id='par_1_20' title="bbox 252 1975 1865 2049">
     <span class='ocr_line' id='line_1_20' title="bbox 252 1975 1865 2049; baseline 0.002 -18"><span class='ocrx_word' id='word_1_129' title='bbox 252 1979 362 2032; x_wconf 81' lang='grc' dir='ltr'><strong>οὐκ</strong></span> <span class='ocrx_word' id='word_1_130' title='bbox 392 1978 672 2049; x_wconf 76' lang='grc' dir='ltr'><strong>ὠφελήσει</strong></span> <span class='ocrx_word' id='word_1_131' title='bbox 731 1975 928 2039; x_wconf 78' lang='grc' dir='ltr'>αὐτούς</span> <span class='ocrx_word' id='word_1_132' title='bbox 948 1994 960 2006; x_wconf 82' lang='grc'><em>’</em></span> <span class='ocrx_word' id='word_1_133' title='bbox 985 1996 1005 2027; x_wconf 70' lang='grc' dir='ltr'><strong>ι</strong></span> <span class='ocrx_word' id='word_1_134' title='bbox 1040 1976 1131 2030; x_wconf 77' lang='grc' dir='ltr'>διὰ</span> <span class='ocrx_word' id='word_1_135' title='bbox 1170 1977 1231 2030; x_wconf 84' lang='grc' dir='ltr'><strong>τὸ</strong></span> <span class='ocrx_word' id='word_1_136' title='bbox 1258 1977 1467 2049; x_wconf 79' lang='grc' dir='ltr'>ἔρημον</span> <span class='ocrx_word' id='word_1_137' title='bbox 1515 1975 1652 2032; x_wconf 72' lang='grc' dir='ltr'>εἶναι</span> <span class='ocrx_word' id='word_1_138' title='bbox 1684 1981 1865 2034; x_wconf 80' lang='grc' dir='ltr'>πᾶσαν</span> 
     </span>
    </p>
   </div>
   <div class='ocr_carea' id='block_1_21' title="bbox 253 2060 1864 2143">
    <p class='ocr_par' dir='ltr' id='par_1_21' title="bbox 253 2060 1864 2143">
     <span class='ocr_line' id='line_1_21' title="bbox 253 2060 1864 2143; baseline 0.002 -19"><span class='ocrx_word' id='word_1_139' title='bbox 253 2060 426 2137; x_wconf 68' lang='grc' dir='ltr'>Θεοῦ,</span> <span class='ocrx_word' id='word_1_140' title='bbox 465 2070 859 2142; x_wconf 84' lang='grc' dir='ltr'>πεπληρῶσθαι</span> <span class='ocrx_word' id='word_1_141' title='bbox 885 2071 942 2123; x_wconf 84' lang='grc' dir='ltr'>δὲ</span> <span class='ocrx_word' id='word_1_142' title='bbox 975 2072 1319 2141; x_wconf 82' lang='grc' dir='ltr'>τετραπόδων</span> <span class='ocrx_word' id='word_1_143' title='bbox 1362 2071 1471 2125; x_wconf 82' lang='grc' dir='ltr'>τῶν</span> <span class='ocrx_word' id='word_1_144' title='bbox 1520 2072 1651 2143; x_wconf 85' lang='grc' dir='ltr'>παρ’</span> <span class='ocrx_word' id='word_1_145' title='bbox 1680 2073 1864 2136; x_wconf 85' lang='grc' dir='ltr'>αὐτοῖς</span> 
     </span>
    </p>
   </div>
   <div class='ocr_carea' id='block_1_22' title="bbox 253 2163 1863 2236">
    <p class='ocr_par' dir='ltr' id='par_1_22' title="bbox 253 2163 1863 2236">
     <span class='ocr_line' id='line_1_22' title="bbox 253 2163 1863 2236; baseline 0.001 -18"><span class='ocrx_word' id='word_1_146' title='bbox 253 2163 722 2233; x_wconf 83' lang='grc' dir='ltr'>θεοποιουμὲνων,</span> <span class='ocrx_word' id='word_1_147' title='bbox 755 2163 978 2217; x_wconf 74' lang='grc' dir='ltr'>καὶτῶν</span> <span class='ocrx_word' id='word_1_148' title='bbox 1004 2165 1133 2233; x_wconf 85' lang='grc' dir='ltr'>παρ’</span> <span class='ocrx_word' id='word_1_149' title='bbox 1150 2164 1332 2227; x_wconf 79' lang='grc' dir='ltr'>αὐτοῖς</span> <span class='ocrx_word' id='word_1_150' title='bbox 1355 2164 1722 2236; x_wconf 75' lang='grc' dir='ltr'>ἐνεργούντων</span> <span class='ocrx_word' id='word_1_151' title='bbox 1748 2166 1863 2220; x_wconf 78' lang='grc' dir='ltr'>δαιο</span> 
     </span>
    </p>
   </div>
   <div class='ocr_carea' id='block_1_23' title="bbox 255 2255 1860 2329">
    <p class='ocr_par' dir='ltr' id='par_1_23' title="bbox 255 2255 1860 2329">
     <span class='ocr_line' id='line_1_23' title="bbox 255 2255 1860 2329; baseline 0.002 -20"><span class='ocrx_word' id='word_1_152' title='bbox 255 2257 468 2327; x_wconf 85' lang='grc' dir='ltr'>μόνων.</span> <span class='ocrx_word' id='word_1_153' title='bbox 516 2255 665 2326; x_wconf 84' lang='grc' dir='ltr'>Αῦτη</span> <span class='ocrx_word' id='word_1_154' title='bbox 724 2256 903 2309; x_wconf 83' lang='grc' dir='ltr'>τοίνυν</span> <span class='ocrx_word' id='word_1_155' title='bbox 937 2257 969 2326; x_wconf 89' lang='grc' dir='ltr'><strong>ή</strong></span> <span class='ocrx_word' id='word_1_156' title='bbox 1004 2257 1192 2327; x_wconf 80' lang='grc' dir='ltr'>ὅρασις</span> <span class='ocrx_word' id='word_1_157' title='bbox 1230 2256 1338 2309; x_wconf 83' lang='grc' dir='ltr'>τῶν</span> <span class='ocrx_word' id='word_1_158' title='bbox 1365 2257 1708 2329; x_wconf 84' lang='grc' dir='ltr'>τετραπόδων</span> <span class='ocrx_word' id='word_1_159' title='bbox 1752 2260 1860 2313; x_wconf 81' lang='grc' dir='ltr'><strong>τῶν</strong></span> 
     </span>
    </p>
   </div>
   <div class='ocr_carea' id='block_1_24' title="bbox 252 2348 1860 2423">
    <p class='ocr_par' dir='ltr' id='par_1_24' title="bbox 252 2348 1860 2423">
     <span class='ocr_line' id='line_1_24' title="bbox 252 2348 1860 2423; baseline 0.002 -21"><span class='ocrx_word' id='word_1_160' title='bbox 252 2350 313 2402; x_wconf 81' lang='grc' dir='ltr'>ὲν</span> <span class='ocrx_word' id='word_1_161' title='bbox 342 2351 418 2419; x_wconf 83' lang='grc' dir='ltr'>τῇ</span> <span class='ocrx_word' id='word_1_162' title='bbox 452 2348 770 2416; x_wconf 78' lang='grc' dir='ltr'>Αἰγυπτίων</span> <span class='ocrx_word' id='word_1_163' title='bbox 803 2349 1009 2420; x_wconf 82' lang='grc' dir='ltr'>ἐρημίᾳ</span> <span class='ocrx_word' id='word_1_164' title='bbox 1044 2348 1329 2421; x_wconf 81' lang='grc' dir='ltr'>ὲθεωρεῖτο</span> <span class='ocrx_word' id='word_1_165' title='bbox 1350 2350 1428 2421; x_wconf 83' lang='grc' dir='ltr'>τῷ</span> <span class='ocrx_word' id='word_1_166' title='bbox 1462 2353 1741 2423; x_wconf 81' lang='grc' dir='ltr'>προφήτῃ,</span> <span class='ocrx_word' id='word_1_167' title='bbox 1766 2354 1860 2406; x_wconf 81' lang='grc' dir='ltr'>καὶ</span> 
     </span>
    </p>
   </div>
   <div class='ocr_carea' id='block_1_25' title="bbox 255 2439 1859 2512">
    <p class='ocr_par' dir='ltr' id='par_1_25' title="bbox 255 2439 1859 2512">
     <span class='ocr_line' id='line_1_25' title="bbox 255 2439 1859 2512; baseline 0.002 -19"><span class='ocrx_word' id='word_1_168' title='bbox 255 2439 485 2503; x_wconf 82' lang='grc' dir='ltr'>τούτοις</span> <span class='ocrx_word' id='word_1_169' title='bbox 524 2440 574 2491; x_wconf 90' lang='grc' dir='ltr'>οἱ</span> <span class='ocrx_word' id='word_1_170' title='bbox 601 2439 914 2509; x_wconf 80' lang='grc' dir='ltr'>πρόσφυγες</span> <span class='ocrx_word' id='word_1_171' title='bbox 952 2440 1059 2493; x_wconf 81' lang='grc' dir='ltr'>τῶν</span> <span class='ocrx_word' id='word_1_172' title='bbox 1101 2439 1369 2493; x_wconf 84' lang='grc' dir='ltr'>Ἰουδαίων</span> <span class='ocrx_word' id='word_1_173' title='bbox 1399 2441 1727 2512; x_wconf 79' lang='grc' dir='ltr'>ὲπεκόμιζον</span> <span class='ocrx_word' id='word_1_174' title='bbox 1767 2442 1859 2496; x_wconf 74' lang='grc' dir='ltr'><strong>τὸν</strong></span> 
     </span>
    </p>
   </div>
   <div class='ocr_carea' id='block_1_26' title="bbox 250 2531 1859 2607">
    <p class='ocr_par' dir='ltr' id='par_1_26' title="bbox 250 2531 1859 2607">
     <span class='ocr_line' id='line_1_26' title="bbox 250 2531 1859 2607; baseline 0.004 -22"><span class='ocrx_word' id='word_1_175' title='bbox 250 2531 477 2586; x_wconf 68' lang='grc' dir='ltr'>ἑαυτῶν</span> <span class='ocrx_word' id='word_1_176' title='bbox 512 2531 742 2585; x_wconf 91' lang='grc' dir='ltr'>πλοῦτον</span> <span class='ocrx_word' id='word_1_177' title='bbox 762 2548 777 2562; x_wconf 89' lang='grc'><strong>·</strong></span> <span class='ocrx_word' id='word_1_178' title='bbox 816 2532 886 2586; x_wconf 80' lang='grc' dir='ltr'>τὰ</span> <span class='ocrx_word' id='word_1_179' title='bbox 912 2533 1022 2605; x_wconf 79' lang='grc' dir='ltr'><strong>γὰρ</strong></span> <span class='ocrx_word' id='word_1_180' title='bbox 1053 2536 1276 2605; x_wconf 86' lang='grc' dir='ltr'>ταμιεῖα</span> <span class='ocrx_word' id='word_1_181' title='bbox 1307 2534 1407 2604; x_wconf 84' lang='grc' dir='ltr'><strong>τῆς</strong></span> <span class='ocrx_word' id='word_1_182' title='bbox 1448 2536 1653 2588; x_wconf 77' lang='grc' dir='ltr'>ἑαυτῶν</span> <span class='ocrx_word' id='word_1_183' title='bbox 1680 2536 1859 2607; x_wconf 72' lang='grc' dir='ltr'>ψυχῆς</span> 
     </span>
    </p>
   </div>
   <div class='ocr_carea' id='block_1_27' title="bbox 248 2624 1277 2698">
    <p class='ocr_par' dir='ltr' id='par_1_27' title="bbox 248 2624 1277 2698">
     <span class='ocr_line' id='line_1_27' title="bbox 248 2624 1277 2698; baseline 0.005 -23"><span class='ocrx_word' id='word_1_184' title='bbox 248 2627 315 2694; x_wconf 82' lang='grc' dir='ltr'>τῇ</span> <span class='ocrx_word' id='word_1_185' title='bbox 352 2626 710 2695; x_wconf 77' lang='grc' dir='ltr'>Αίγυπτιακῇ</span> <span class='ocrx_word' id='word_1_186' title='bbox 744 2624 1049 2695; x_wconf 79' lang='grc' dir='ltr'>παρέδοσαν</span> <span class='ocrx_word' id='word_1_187' title='bbox 1083 2625 1277 2698; x_wconf 78' lang='grc' dir='ltr'>πλάνῃ.</span> 
     </span>
    </p>
   </div>
   <div class='ocr_carea' id='block_1_28' title="bbox 328 2713 1853 2790">
    <p class='ocr_par' dir='ltr' id='par_1_28' title="bbox 328 2713 1853 2790">
     <span class='ocr_line' id='line_1_28' title="bbox 328 2713 1853 2790; baseline 0.007 -26"><span class='ocrx_word' id='word_1_188' title='bbox 328 2732 349 2764; x_wconf 76' lang='grc' dir='ltr'><strong>ι</strong></span> <span class='ocrx_word' id='word_1_189' title='bbox 378 2713 673 2781; x_wconf 69' lang='grc' dir='ltr'>Αἰγύπτιοι</span> <span class='ocrx_word' id='word_1_190' title='bbox 716 2715 927 2784; x_wconf 81' lang='grc' dir='ltr'>μάταια</span> <span class='ocrx_word' id='word_1_191' title='bbox 967 2717 1063 2768; x_wconf 77' lang='grc' dir='ltr'>καὶ</span> <span class='ocrx_word' id='word_1_192' title='bbox 1106 2715 1237 2769; x_wconf 86' lang='grc' dir='ltr'><strong>κενά</strong></span> <span class='ocrx_word' id='word_1_193' title='bbox 1283 2716 1656 2787; x_wconf 80' lang='grc' dir='ltr'>ὠφελήσουσιν</span> <span class='ocrx_word' id='word_1_194' title='bbox 1688 2720 1853 2790; x_wconf 82' lang='grc' dir='ltr'>ὑμᾶς.</span> 
     </span>
    </p>
   </div>
   <div class='ocr_carea' id='block_1_29' title="bbox 259 2804 1853 2882">
    <p class='ocr_par' dir='ltr' id='par_1_29' title="bbox 259 2804 1853 2882">
     <span class='ocr_line' id='line_1_29' title="bbox 259 2804 1853 2882; baseline 0.004 -24"><span class='ocrx_word' id='word_1_195' title='bbox 259 2804 630 2873; x_wconf 77' lang='grc' dir='ltr'>’Δπάγγειλον</span> <span class='ocrx_word' id='word_1_196' title='bbox 657 2806 861 2873; x_wconf 72' lang='grc' dir='ltr'>αὐτοῖς,</span> <span class='ocrx_word' id='word_1_197' title='bbox 888 2808 992 2871; x_wconf 84' lang='grc' dir='ltr'>ὅτι,</span> <span class='ocrx_word' id='word_1_198' title='bbox 1025 2806 1288 2877; x_wconf 83' lang='grc' dir='ltr'>Ματαίαή</span> <span class='ocrx_word' id='word_1_199' title='bbox 1320 2810 1667 2881; x_wconf 75' lang='grc' dir='ltr'>παράκλησις</span> <span class='ocrx_word' id='word_1_200' title='bbox 1699 2812 1727 2864; x_wconf 85' lang='grc' dir='ltr'><strong>ύ</strong></span> <span class='ocrx_word' id='word_1_201' title='bbox 1736 2812 1853 2882; x_wconf 83' lang='grc' dir='ltr'><strong>μῶν</strong></span> 
     </span>
    </p>
   </div>
   <div class='ocr_carea' id='block_1_30' title="bbox 245 2893 1856 2970">
    <p class='ocr_par' dir='ltr' id='par_1_30' title="bbox 245 2893 1856 2970">
     <span class='ocr_line' id='line_1_30' title="bbox 245 2893 1856 2970; baseline 0.006 -21"><span class='ocrx_word' id='word_1_202' title='bbox 245 2895 421 2967; x_wconf 80' lang='grc' dir='ltr'>αῦτη.</span> <span class='ocrx_word' id='word_1_203' title='bbox 449 2897 565 2950; x_wconf 83' lang='grc' dir='ltr'>Νῦν</span> <span class='ocrx_word' id='word_1_204' title='bbox 586 2893 678 2951; x_wconf 78' lang='grc' dir='ltr'><strong>οὖν</strong></span> <span class='ocrx_word' id='word_1_205' title='bbox 704 2898 934 2963; x_wconf 80' lang='grc' dir='ltr'>καθίσας</span> <span class='ocrx_word' id='word_1_206' title='bbox 963 2899 1172 2970; x_wconf 70' lang='grc' dir='ltr'>γράψον</span> <span class='ocrx_word' id='word_1_207' title='bbox 1204 2901 1294 2953; x_wconf 74' lang='grc' dir='ltr'>ἐπὶ</span> <span class='ocrx_word' id='word_1_208' title='bbox 1321 2902 1511 2967; x_wconf 76' lang='grc' dir='ltr'>πυξίου</span> <span class='ocrx_word' id='word_1_209' title='bbox 1544 2902 1734 2970; x_wconf 89' lang='grc' dir='ltr'>ταῦτα,</span> <span class='ocrx_word' id='word_1_210' title='bbox 1759 2906 1856 2960; x_wconf 71' lang='grc' dir='ltr'><strong>καὶ</strong></span> 
     </span>
    </p>
   </div>
   <div class='ocr_carea' id='block_1_31' title="bbox 246 2987 1853 3066">
    <p class='ocr_par' dir='ltr' id='par_1_31' title="bbox 246 2987 1853 3066">
     <span class='ocr_line' id='line_1_31' title="bbox 246 2987 1853 3066; baseline 0.007 -27"><span class='ocrx_word' id='word_1_211' title='bbox 246 2990 328 3051; x_wconf 76' lang='grc' dir='ltr'><strong>είς</strong></span> <span class='ocrx_word' id='word_1_212' title='bbox 359 2987 593 3057; x_wconf 81' lang='grc' dir='ltr'>βιϐλίον,</span> <span class='ocrx_word' id='word_1_213' title='bbox 626 2990 708 3041; x_wconf 81' lang='grc' dir='ltr'>ὅτι</span> <span class='ocrx_word' id='word_1_214' title='bbox 763 2989 918 3041; x_wconf 76' lang='grc' dir='ltr'>ἔσται</span> <span class='ocrx_word' id='word_1_215' title='bbox 950 2992 1030 3053; x_wconf 79' lang='grc' dir='ltr'>εἰς</span> <span class='ocrx_word' id='word_1_216' title='bbox 1078 2991 1291 3062; x_wconf 81' lang='grc' dir='ltr'>ἡμέρας</span> <span class='ocrx_word' id='word_1_217' title='bbox 1322 2992 1498 3047; x_wconf 83' lang='grc' dir='ltr'>ταῦτα</span> <span class='ocrx_word' id='word_1_218' title='bbox 1528 2995 1726 3066; x_wconf 83' lang='grc' dir='ltr'>καιρῷ,</span> <span class='ocrx_word' id='word_1_219' title='bbox 1758 2997 1853 3050; x_wconf 74' lang='grc' dir='ltr'><strong>καὶ</strong></span> 
     </span>
    </p>
   </div>
   <div class='ocr_carea' id='block_1_32' title="bbox 246 3078 1851 3156">
    <p class='ocr_par' dir='ltr' id='par_1_32' title="bbox 246 3078 1851 3156">
     <span class='ocr_line' id='line_1_32' title="bbox 246 3078 1851 3156; baseline 0.005 -25"><span class='ocrx_word' id='word_1_220' title='bbox 246 3078 359 3140; x_wconf 81' lang='grc' dir='ltr'>ἓως</span> <span class='ocrx_word' id='word_1_221' title='bbox 389 3078 481 3132; x_wconf 84' lang='grc' dir='ltr'><strong>τὸν</strong></span> <span class='ocrx_word' id='word_1_222' title='bbox 513 3079 721 3133; x_wconf 83' lang='grc' dir='ltr'>αἰῶνα·</span> <span class='ocrx_word' id='word_1_223' title='bbox 758 3080 843 3132; x_wconf 84' lang='grc' dir='ltr'><strong>ὅτι</strong></span> <span class='ocrx_word' id='word_1_224' title='bbox 876 3082 905 3134; x_wconf 87' lang='grc' dir='ltr'>ὁ</span> <span class='ocrx_word' id='word_1_225' title='bbox 954 3080 1080 3144; x_wconf 88' lang='grc' dir='ltr'>λαὸς</span> <span class='ocrx_word' id='word_1_226' title='bbox 1113 3083 1346 3154; x_wconf 86' lang='grc' dir='ltr'>ἀπειθής</span> <span class='ocrx_word' id='word_1_227' title='bbox 1386 3085 1551 3150; x_wconf 76' lang='grc' dir='ltr'>ἐστιν,</span> <span class='ocrx_word' id='word_1_228' title='bbox 1584 3086 1691 3139; x_wconf 70' lang='grc' dir='ltr'>υἱοὶ</span> <span class='ocrx_word' id='word_1_229' title='bbox 1722 3088 1851 3156; x_wconf 67' lang='grc' dir='ltr'>ψευ-</span> 
     </span>
    </p>
   </div>
   <div class='ocr_carea' id='block_1_33' title="bbox 242 3170 1844 3248">
    <p class='ocr_par' dir='ltr' id='par_1_33' title="bbox 242 3170 1844 3248">
     <span class='ocr_line' id='line_1_33' title="bbox 242 3170 1844 3248; baseline 0.006 -24"><span class='ocrx_word' id='word_1_230' title='bbox 242 3170 387 3236; x_wconf 77' lang='grc' dir='ltr'>δεῖς,</span> <span class='ocrx_word' id='word_1_231' title='bbox 414 3171 463 3224; x_wconf 79' lang='grc' dir='ltr'>οἳ</span> <span class='ocrx_word' id='word_1_232' title='bbox 502 3171 602 3225; x_wconf 82' lang='grc' dir='ltr'><strong>οὐκ</strong></span> <span class='ocrx_word' id='word_1_233' title='bbox 638 3171 927 3241; x_wconf 70' lang='grc' dir='ltr'>ἠϐούλοντο</span> <span class='ocrx_word' id='word_1_234' title='bbox 955 3173 1172 3227; x_wconf 85' lang='grc' dir='ltr'>ἀκούειν</span> <span class='ocrx_word' id='word_1_235' title='bbox 1206 3176 1296 3228; x_wconf 86' lang='grc' dir='ltr'><strong>τὸν</strong></span> <span class='ocrx_word' id='word_1_236' title='bbox 1327 3177 1488 3248; x_wconf 84' lang='grc' dir='ltr'>νόμον</span> <span class='ocrx_word' id='word_1_237' title='bbox 1512 3178 1606 3232; x_wconf 86' lang='grc' dir='ltr'><strong>τοῦ</strong></span> <span class='ocrx_word' id='word_1_238' title='bbox 1631 3179 1767 3232; x_wconf 81' lang='grc' dir='ltr'>Θεοῦ</span> <span class='ocrx_word' id='word_1_239' title='bbox 1788 3196 1800 3210; x_wconf 77' lang='grc' dir='ltr'><strong><em>ο</em></strong></span> <span class='ocrx_word' id='word_1_240' title='bbox 1825 3198 1844 3232; x_wconf 73' lang='grc' dir='ltr'><strong>ι</strong></span> 
     </span>
    </p>
   </div>
   <div class='ocr_carea' id='block_1_34' title="bbox 243 3262 1850 3345">
    <p class='ocr_par' dir='ltr' id='par_1_34' title="bbox 243 3262 1850 3345">
     <span class='ocr_line' id='line_1_34' title="bbox 243 3262 1850 3345; baseline 0.007 -30"><span class='ocrx_word' id='word_1_241' title='bbox 243 3265 349 3333; x_wconf 74' lang='grc' dir='ltr'><strong>τῆς</strong></span> <span class='ocrx_word' id='word_1_242' title='bbox 414 3262 639 3332; x_wconf 83' lang='grc' dir='ltr'>ἀλογίας</span> <span class='ocrx_word' id='word_1_243' title='bbox 677 3264 771 3317; x_wconf 78' lang='grc' dir='ltr'><strong>καὶ</strong></span> <span class='ocrx_word' id='word_1_244' title='bbox 824 3265 1135 3337; x_wconf 77' lang='grc' dir='ltr'>ἀφροσύνης</span> <span class='ocrx_word' id='word_1_245' title='bbox 1176 3269 1354 3321; x_wconf 79' lang='grc' dir='ltr'>αὐτῶν</span> <span class='ocrx_word' id='word_1_246' title='bbox 1402 3269 1545 3325; x_wconf 74' lang='grc' dir='ltr'>οὕτω</span> <span class='ocrx_word' id='word_1_247' title='bbox 1592 3290 1709 3336; x_wconf 89' lang='grc' dir='ltr'><strong>πως</strong></span> <span class='ocrx_word' id='word_1_248' title='bbox 1754 3274 1850 3345; x_wconf 87' lang='grc' dir='ltr'>δη-</span> 
     </span>
    </p>
   </div>
   <div class='ocr_carea' id='block_1_35' title="bbox 243 3355 1851 3432">
    <p class='ocr_par' dir='ltr' id='par_1_35' title="bbox 243 3355 1851 3432">
     <span class='ocr_line' id='line_1_35' title="bbox 243 3355 1851 3432; baseline 0.008 -24"><span class='ocrx_word' id='word_1_249' title='bbox 243 3355 546 3427; x_wconf 76' lang='grc' dir='ltr'>λουμένης.</span> <span class='ocrx_word' id='word_1_250' title='bbox 607 3355 746 3409; x_wconf 74' lang='grc' dir='ltr'>υῦτε</span> <span class='ocrx_word' id='word_1_251' title='bbox 796 3357 906 3429; x_wconf 76' lang='grc' dir='ltr'>γὰρ</span> <span class='ocrx_word' id='word_1_252' title='bbox 953 3360 1001 3411; x_wconf 85' lang='grc' dir='ltr'>οἱ</span> <span class='ocrx_word' id='word_1_253' title='bbox 1054 3358 1306 3431; x_wconf 58' lang='grc' dir='ltr'><strong>αἰσθητοὶ⁹</strong></span> <span class='ocrx_word' id='word_1_254' title='bbox 1366 3363 1675 3432; x_wconf 79' lang='grc' dir='ltr'>Αἰγύπτιοι,</span> <span class='ocrx_word' id='word_1_255' title='bbox 1727 3365 1851 3421; x_wconf 76' lang='grc' dir='ltr'>οὔτε</span> 
     </span>
    </p>
   </div>
   <div class='ocr_carea' id='block_1_36' title="bbox 239 3446 1851 3531">
    <p class='ocr_par' dir='ltr' id='par_1_36' title="bbox 239 3446 1851 3531">
     <span class='ocr_line' id='line_1_36' title="bbox 239 3446 1851 3531; baseline 0.009 -33"><span class='ocrx_word' id='word_1_256' title='bbox 239 3449 287 3499; x_wconf 75' lang='grc' dir='ltr'>οὶ</span> <span class='ocrx_word' id='word_1_257' title='bbox 348 3446 565 3500; x_wconf 76' lang='grc' dir='ltr'>τούτων</span> <span class='ocrx_word' id='word_1_258' title='bbox 602 3448 947 3519; x_wconf 75' lang='grc' dir='ltr'>νομιζόμενοι</span> <span class='ocrx_word' id='word_1_259' title='bbox 984 3450 1117 3513; x_wconf 75' lang='grc' dir='ltr'>Θεοὶ,</span> <span class='ocrx_word' id='word_1_260' title='bbox 1156 3453 1446 3525; x_wconf 74' lang='grc' dir='ltr'>βοηθήσειν</span> <span class='ocrx_word' id='word_1_261' title='bbox 1500 3455 1724 3526; x_wconf 72' lang='grc' dir='ltr'>ἔμελλον</span> <span class='ocrx_word' id='word_1_262' title='bbox 1774 3459 1851 3531; x_wconf 81' lang='grc' dir='ltr'><strong>τῷ</strong></span> 
     </span>
    </p>
   </div>
   <div class='ocr_carea' id='block_1_37' title="bbox 251 3540 1851 3623">
    <p class='ocr_par' dir='ltr' id='par_1_37' title="bbox 251 3540 1851 3623">
     <span class='ocr_line' id='line_1_37' title="bbox 251 3540 1851 3623; baseline 0.008 -32"><span class='ocrx_word' id='word_1_263' title='bbox 251 3540 639 3611; x_wconf 70' lang='grc' dir='ltr'>προσφυγόντι</span> <span class='ocrx_word' id='word_1_264' title='bbox 660 3540 843 3604; x_wconf 79' lang='grc' dir='ltr'>αὐτοῖς</span> <span class='ocrx_word' id='word_1_265' title='bbox 883 3542 1147 3596; x_wconf 87' lang='grc' dir='ltr'>Ἰουδαίων</span> <span class='ocrx_word' id='word_1_266' title='bbox 1177 3544 1312 3614; x_wconf 79' lang='grc' dir='ltr'>λαῷ.</span> <span class='ocrx_word' id='word_1_267' title='bbox 1343 3548 1499 3601; x_wconf 82' lang='grc' dir='ltr'>Κατά</span> <span class='ocrx_word' id='word_1_268' title='bbox 1521 3550 1630 3620; x_wconf 78' lang='grc' dir='ltr'><strong>γὰρ</strong></span> <span class='ocrx_word' id='word_1_269' title='bbox 1653 3551 1851 3623; x_wconf 84' lang='grc' dir='ltr'>πολλὴν</span> 
     </span>
    </p>
   </div>
   <div class='ocr_carea' id='block_1_38' title="bbox 255 3630 1850 3709">
    <p class='ocr_par' dir='ltr' id='par_1_38' title="bbox 255 3630 1850 3709">
     <span class='ocr_line' id='line_1_38' title="bbox 255 3630 1850 3709; baseline 0.009 -26"><span class='ocrx_word' id='word_1_270' title='bbox 255 3630 633 3701; x_wconf 76' lang='grc' dir='ltr'>στενοχωρίαν</span> <span class='ocrx_word' id='word_1_271' title='bbox 653 3631 832 3701; x_wconf 71' lang='grc' dir='ltr'>ψυχῆς</span> <span class='ocrx_word' id='word_1_272' title='bbox 859 3632 953 3685; x_wconf 76' lang='grc' dir='ltr'><strong>καὶ</strong></span> <span class='ocrx_word' id='word_1_273' title='bbox 988 3633 1108 3685; x_wconf 79' lang='grc' dir='ltr'>καθ’</span> <span class='ocrx_word' id='word_1_274' title='bbox 1141 3634 1448 3707; x_wconf 78' lang='grc' dir='ltr'>ὑπερϐολὴν</span> <span class='ocrx_word' id='word_1_275' title='bbox 1470 3638 1700 3709; x_wconf 71' lang='grc' dir='ltr'>θλίψεως</span> <span class='ocrx_word' id='word_1_276' title='bbox 1724 3645 1850 3707; x_wconf 76' lang='grc' dir='ltr'>τοὺς</span> 
     </span>
    </p>
   </div>
   <div class='ocr_carea' id='block_1_39' title="bbox 242 3722 1850 3802">
    <p class='ocr_par' dir='ltr' id='par_1_39' title="bbox 242 3722 1850 3802">
     <span class='ocr_line' id='line_1_39' title="bbox 242 3722 1850 3802; baseline 0.009 -29"><span class='ocrx_word' id='word_1_277' title='bbox 242 3724 382 3793; x_wconf 81' lang='grc' dir='ltr'>παρ’</span> <span class='ocrx_word' id='word_1_278' title='bbox 412 3722 596 3784; x_wconf 76' lang='grc' dir='ltr'>αὐτοῖς</span> <span class='ocrx_word' id='word_1_279' title='bbox 635 3724 962 3794; x_wconf 85' lang='grc' dir='ltr'>ἀνηγόρευον</span> <span class='ocrx_word' id='word_1_280' title='bbox 1014 3726 1168 3789; x_wconf 81' lang='grc' dir='ltr'>θεούς</span> <span class='ocrx_word' id='word_1_281' title='bbox 1211 3744 1222 3757; x_wconf 89' lang='grc'><strong>·</strong></span> <span class='ocrx_word' id='word_1_282' title='bbox 1255 3728 1452 3793; x_wconf 74' lang='grc' dir='ltr'>αὐτοὺς</span> <span class='ocrx_word' id='word_1_283' title='bbox 1494 3731 1557 3802; x_wconf 83' lang='grc' dir='ltr'>δὴ</span> <span class='ocrx_word' id='word_1_284' title='bbox 1609 3735 1850 3800; x_wconf 75' lang='grc' dir='ltr'>ἐκείνους</span> 
     </span>
    </p>
   </div>
   <div class='ocr_carea' id='block_1_40' title="bbox 243 3815 1849 3897">
    <p class='ocr_par' dir='ltr' id='par_1_40' title="bbox 243 3815 1849 3897">
     <span class='ocr_line' id='line_1_40' title="bbox 243 3815 1849 3897; baseline 0.007 -28"><span class='ocrx_word' id='word_1_285' title='bbox 243 3818 380 3878; x_wconf 71' lang='grc' dir='ltr'>τοὺς</span> <span class='ocrx_word' id='word_1_286' title='bbox 405 3815 504 3878; x_wconf 68' lang='grc' dir='ltr'>τὰς</span> <span class='ocrx_word' id='word_1_287' title='bbox 529 3815 705 3885; x_wconf 67' lang='grc' dir='ltr'>ψυχὰς</span> <span class='ocrx_word' id='word_1_288' title='bbox 745 3817 924 3870; x_wconf 80' lang='grc' dir='ltr'>αὐτῶν</span> <span class='ocrx_word' id='word_1_289' title='bbox 953 3817 1231 3873; x_wconf 76' lang='grc' dir='ltr'>θλίϐονταε</span> <span class='ocrx_word' id='word_1_290' title='bbox 1262 3822 1355 3873; x_wconf 77' lang='grc' dir='ltr'><strong>καὶ</strong></span> <span class='ocrx_word' id='word_1_291' title='bbox 1383 3826 1849 3897; x_wconf 84' lang='grc' dir='ltr'>στενοχωροῦντας</span> 
     </span>
    </p>
   </div>
   <div class='ocr_carea' id='block_1_41' title="bbox 241 3905 1845 3985">
    <p class='ocr_par' dir='ltr' id='par_1_41' title="bbox 241 3905 1845 3985">
     <span class='ocr_line' id='line_1_41' title="bbox 241 3905 1845 3985; baseline 0.009 -28"><span class='ocrx_word' id='word_1_292' title='bbox 241 3909 526 3979; x_wconf 78' lang='grc' dir='ltr'>πονηροὺς</span> <span class='ocrx_word' id='word_1_293' title='bbox 560 3907 819 3979; x_wconf 84' lang='grc' dir='ltr'>δαίμονας</span> <span class='ocrx_word' id='word_1_294' title='bbox 841 3926 854 3939; x_wconf 70' lang='grc'><strong>⁸</strong></span> <span class='ocrx_word' id='word_1_295' title='bbox 886 3912 944 3962; x_wconf 78' lang='grc' dir='ltr'><strong>ἐν</strong></span> <span class='ocrx_word' id='word_1_296' title='bbox 966 3905 1046 3973; x_wconf 79' lang='grc' dir='ltr'>οἷς</span> <span class='ocrx_word' id='word_1_297' title='bbox 1074 3906 1214 3982; x_wconf 79' lang='grc' dir='ltr'>ἦσαν</span> <span class='ocrx_word' id='word_1_298' title='bbox 1246 3911 1459 3977; x_wconf 82' lang='grc' dir='ltr'>λέοντες</span> <span class='ocrx_word' id='word_1_299' title='bbox 1487 3916 1580 3969; x_wconf 78' lang='grc' dir='ltr'><strong>καὶ</strong></span> <span class='ocrx_word' id='word_1_300' title='bbox 1601 3918 1845 3985; x_wconf 86' lang='grc' dir='ltr'>ἀσπίδες,</span> 
     </span>
    </p>
   </div>
   <div class='ocr_carea' id='block_1_42' title="bbox 241 3999 1847 4081">
    <p class='ocr_par' dir='ltr' id='par_1_42' title="bbox 241 3999 1847 4081">
     <span class='ocr_line' id='line_1_42' title="bbox 241 3999 1847 4081; baseline 0.011 -31"><span class='ocrx_word' id='word_1_301' title='bbox 241 4001 343 4056; x_wconf 80' lang='grc' dir='ltr'><strong>καὶ</strong></span> <span class='ocrx_word' id='word_1_302' title='bbox 368 3999 575 4052; x_wconf 83' lang='grc' dir='ltr'>τούτων</span> <span class='ocrx_word' id='word_1_303' title='bbox 604 4000 823 4069; x_wconf 81' lang='grc' dir='ltr'>ἔκγονα,</span> <span class='ocrx_word' id='word_1_304' title='bbox 850 4002 943 4054; x_wconf 73' lang='grc' dir='ltr'><strong>καὶ</strong></span> <span class='ocrx_word' id='word_1_305' title='bbox 975 4002 1146 4071; x_wconf 65' lang='grc' dir='ltr'>ὄφεις,</span> <span class='ocrx_word' id='word_1_306' title='bbox 1174 4006 1266 4058; x_wconf 77' lang='grc' dir='ltr'>καὶ</span> <span class='ocrx_word' id='word_1_307' title='bbox 1295 4005 1429 4061; x_wconf 78' lang='grc' dir='ltr'>ἄλλα</span> <span class='ocrx_word' id='word_1_308' title='bbox 1453 4008 1619 4079; x_wconf 88' lang='grc' dir='ltr'>μυρία</span> <span class='ocrx_word' id='word_1_309' title='bbox 1644 4012 1847 4081; x_wconf 79' lang='grc' dir='ltr'>ἑρπετά</span> 
     </span>
    </p>
   </div>
   <div class='ocr_carea' id='block_1_43' title="bbox 240 4083 1844 4171">
    <p class='ocr_par' dir='ltr' id='par_1_43' title="bbox 240 4083 1844 4171">
     <span class='ocr_line' id='line_1_43' title="bbox 240 4083 1844 4171; baseline 0.002 -28"><span class='ocrx_word' id='word_1_310' title='bbox 240 4107 298 4143; x_wconf 87' lang='grc' dir='ltr'><strong>τε</strong></span> <span class='ocrx_word' id='word_1_311' title='bbox 340 4090 438 4142; x_wconf 77' lang='grc' dir='ltr'><strong>καὶ</strong></span> <span class='ocrx_word' id='word_1_312' title='bbox 485 4089 681 4161; x_wconf 82' lang='grc' dir='ltr'>θηρία’</span> <span class='ocrx_word' id='word_1_313' title='bbox 719 4083 792 4143; x_wconf 84' lang='grc' dir='ltr'>ὧν</span> <span class='ocrx_word' id='word_1_314' title='bbox 824 4091 1031 4156; x_wconf 75' lang='grc' dir='ltr'>εἰκόνες</span> <span class='ocrx_word' id='word_1_315' title='bbox 1060 4088 1199 4163; x_wconf 81' lang='grc' dir='ltr'>ἦσαν</span> <span class='ocrx_word' id='word_1_316' title='bbox 1234 4096 1328 4148; x_wconf 78' lang='grc' dir='ltr'><strong>καὶ</strong></span> <span class='ocrx_word' id='word_1_317' title='bbox 1368 4097 1436 4151; x_wconf 83' lang='grc' dir='ltr'>τὰ</span> <span class='ocrx_word' id='word_1_318' title='bbox 1468 4100 1703 4171; x_wconf 72' lang='grc' dir='ltr'>αἰσθητὰ</span> <span class='ocrx_word' id='word_1_319' title='bbox 1730 4103 1844 4166; x_wconf 74' lang='grc' dir='ltr'><strong>ζῶα</strong></span> 
     </span>
    </p>
   </div>
   <div class='ocr_carea' id='block_1_44' title="bbox 240 4180 1844 4265">
    <p class='ocr_par' dir='ltr' id='par_1_44' title="bbox 240 4180 1844 4265">
     <span class='ocr_line' id='line_1_44' title="bbox 240 4180 1844 4265; baseline 0.009 -32"><span class='ocrx_word' id='word_1_320' title='bbox 240 4180 373 4234; x_wconf 85' lang='grc' dir='ltr'>καθ’</span> <span class='ocrx_word' id='word_1_321' title='bbox 401 4181 530 4252; x_wconf 84' lang='grc' dir='ltr'>ὅλης</span> <span class='ocrx_word' id='word_1_322' title='bbox 554 4183 652 4253; x_wconf 81' lang='grc' dir='ltr'><strong>τῆς</strong></span> <span class='ocrx_word' id='word_1_323' title='bbox 682 4183 958 4250; x_wconf 73' lang='grc' dir='ltr'>Αἰγύπτου</span> <span class='ocrx_word' id='word_1_324' title='bbox 991 4184 1400 4258; x_wconf 83' lang='grc' dir='ltr'>θεοποιούμενα.</span> <span class='ocrx_word' id='word_1_325' title='bbox 1432 4192 1539 4244; x_wconf 74' lang='grc' dir='ltr'>Καὶ</span> <span class='ocrx_word' id='word_1_326' title='bbox 1562 4193 1670 4265; x_wconf 77' lang='grc' dir='ltr'>γὰρ</span> <span class='ocrx_word' id='word_1_327' title='bbox 1694 4194 1844 4247; x_wconf 80' lang='grc' dir='ltr'>λέον-</span> 
     </span>
    </p>
   </div>
   <div class='ocr_carea' id='block_1_45' title="bbox 239 4273 1845 4358">
    <p class='ocr_par' dir='ltr' id='par_1_45' title="bbox 239 4273 1845 4358">
     <span class='ocr_line' id='line_1_45' title="bbox 239 4273 1845 4358; baseline 0.009 -31"><span class='ocrx_word' id='word_1_328' title='bbox 239 4292 345 4338; x_wconf 78' lang='grc' dir='ltr'><strong>τας</strong></span> <span class='ocrx_word' id='word_1_329' title='bbox 371 4273 588 4344; x_wconf 78' lang='grc' dir='ltr'>ἀληθῶς</span> <span class='ocrx_word' id='word_1_330' title='bbox 619 4276 711 4327; x_wconf 73' lang='grc' dir='ltr'><strong>καὶ</strong></span> <span class='ocrx_word' id='word_1_331' title='bbox 750 4275 1002 4340; x_wconf 83' lang='grc' dir='ltr'>ἀσπίδας,</span> <span class='ocrx_word' id='word_1_332' title='bbox 1051 4278 1145 4330; x_wconf 75' lang='grc' dir='ltr'><strong>καὶ</strong></span> <span class='ocrx_word' id='word_1_333' title='bbox 1184 4278 1335 4347; x_wconf 77' lang='grc' dir='ltr'>ὄφεις</span> <span class='ocrx_word' id='word_1_334' title='bbox 1376 4286 1471 4335; x_wconf 73' lang='grc' dir='ltr'><strong>καὶ</strong></span> <span class='ocrx_word' id='word_1_335' title='bbox 1502 4284 1636 4338; x_wconf 84' lang='grc' dir='ltr'>ἄλλα</span> <span class='ocrx_word' id='word_1_336' title='bbox 1676 4288 1845 4358; x_wconf 87' lang='grc' dir='ltr'>μυρία</span> 
     </span>
    </p>
   </div>
   <div class='ocr_carea' id='block_1_46' title="bbox 238 4361 1841 4449">
    <p class='ocr_par' dir='ltr' id='par_1_46' title="bbox 238 4361 1841 4449">
     <span class='ocr_line' id='line_1_46' title="bbox 238 4361 1841 4449; baseline 0.008 -30"><span class='ocrx_word' id='word_1_337' title='bbox 238 4361 337 4420; x_wconf 76' lang='grc' dir='ltr'>οἷα</span> <span class='ocrx_word' id='word_1_338' title='bbox 362 4366 520 4429; x_wconf 82' lang='grc' dir='ltr'>θεοὺς</span> <span class='ocrx_word' id='word_1_339' title='bbox 539 4367 884 4437; x_wconf 82' lang='grc' dir='ltr'>τετιμήκασι.</span> <span class='ocrx_word' id='word_1_340' title='bbox 926 4368 1063 4439; x_wconf 84' lang='grc' dir='ltr'><strong>Ἤδη</strong></span> <span class='ocrx_word' id='word_1_341' title='bbox 1089 4371 1218 4437; x_wconf 87' lang='grc' dir='ltr'>γοῦν</span> <span class='ocrx_word' id='word_1_342' title='bbox 1240 4372 1348 4426; x_wconf 86' lang='grc' dir='ltr'><strong>ἀπὸ</strong></span> <span class='ocrx_word' id='word_1_343' title='bbox 1364 4373 1463 4443; x_wconf 79' lang='grc' dir='ltr'>τῆς</span> <span class='ocrx_word' id='word_1_344' title='bbox 1494 4376 1602 4428; x_wconf 81' lang='grc' dir='ltr'>τῶν</span> <span class='ocrx_word' id='word_1_345' title='bbox 1625 4377 1841 4449; x_wconf 78' lang='grc' dir='ltr'>νομιζο-</span> 
     </span>
    </p>
   </div>
   <div class='ocr_carea' id='block_1_47' title="bbox 244 4460 1844 4543">
    <p class='ocr_par' dir='ltr' id='par_1_47' title="bbox 244 4460 1844 4543">
     <span class='ocr_line' id='line_1_47' title="bbox 244 4460 1844 4543; baseline 0.009 -32"><span class='ocrx_word' id='word_1_346' title='bbox 244 4461 433 4531; x_wconf 80' lang='grc' dir='ltr'>μένων</span> <span class='ocrx_word' id='word_1_347' title='bbox 458 4460 641 4523; x_wconf 89' lang='grc' dir='ltr'>αὐτοῖς</span> <span class='ocrx_word' id='word_1_348' title='bbox 656 4460 793 4515; x_wconf 84' lang='grc' dir='ltr'>θεῶν</span> <span class='ocrx_word' id='word_1_349' title='bbox 816 4463 1131 4533; x_wconf 78' lang='grc' dir='ltr'>ἐπωνυμίας</span> <span class='ocrx_word' id='word_1_350' title='bbox 1150 4465 1353 4529; x_wconf 81' lang='grc' dir='ltr'>καὶτὰς</span> <span class='ocrx_word' id='word_1_351' title='bbox 1369 4467 1553 4531; x_wconf 87' lang='grc' dir='ltr'>πόλεις</span> <span class='ocrx_word' id='word_1_352' title='bbox 1575 4472 1844 4543; x_wconf 86' lang='grc' dir='ltr'>κεκλήκα-</span> 
     </span>
    </p>
   </div>
   <div class='ocr_carea' id='block_1_48' title="bbox 243 4553 1841 4637">
    <p class='ocr_par' dir='ltr' id='par_1_48' title="bbox 243 4553 1841 4637">
     <span class='ocr_line' id='line_1_48' title="bbox 243 4553 1841 4637; baseline 0.009 -32"><span class='ocrx_word' id='word_1_353' title='bbox 243 4571 357 4617; x_wconf 88' lang='grc' dir='ltr'>σιν,</span> <span class='ocrx_word' id='word_1_354' title='bbox 384 4554 494 4606; x_wconf 82' lang='grc' dir='ltr'><strong>ἀπὺ</strong></span> <span class='ocrx_word' id='word_1_355' title='bbox 519 4553 611 4606; x_wconf 90' lang='grc' dir='ltr'><strong>τοῦ</strong></span> <span class='ocrx_word' id='word_1_356' title='bbox 632 4554 865 4617; x_wconf 79' lang='grc' dir='ltr'>λέοντος,</span> <span class='ocrx_word' id='word_1_357' title='bbox 886 4555 983 4626; x_wconf 78' lang='grc' dir='ltr'>τὴν</span> <span class='ocrx_word' id='word_1_358' title='bbox 1004 4557 1237 4621; x_wconf 88' lang='grc' dir='ltr'>Λεοντὼ,</span> <span class='ocrx_word' id='word_1_359' title='bbox 1256 4560 1364 4613; x_wconf 84' lang='grc' dir='ltr'><strong>ἀπὸ</strong></span> <span class='ocrx_word' id='word_1_360' title='bbox 1379 4561 1435 4613; x_wconf 82' lang='grc' dir='ltr'>δὲ</span> <span class='ocrx_word' id='word_1_361' title='bbox 1451 4562 1543 4615; x_wconf 91' lang='grc' dir='ltr'><strong>τοῦ</strong></span> <span class='ocrx_word' id='word_1_362' title='bbox 1566 4564 1725 4628; x_wconf 86' lang='grc' dir='ltr'>κυνὸς</span> <span class='ocrx_word' id='word_1_363' title='bbox 1744 4566 1841 4637; x_wconf 84' lang='grc' dir='ltr'>τὴν</span> 
     </span>
    </p>
   </div>
   <div class='ocr_carea' id='block_1_49' title="bbox 1983 683 3556 764">
    <p class='ocr_par' dir='ltr' id='par_1_49' title="bbox 1983 683 3556 764">
     <span class='ocr_line' id='line_1_49' title="bbox 1983 683 3556 764; baseline 0.01 -27"><span class='ocrx_word' id='word_1_364' title='bbox 1983 683 2194 740; x_wconf 88' lang='lat' dir='ltr'><strong>Taneos</strong></span> <span class='ocrx_word' id='word_1_365' title='bbox 2216 726 2231 751; x_wconf 94' lang='lat'><strong>,</strong></span> <span class='ocrx_word' id='word_1_366' title='bbox 2257 687 2435 755; x_wconf 81' lang='lat' dir='ltr'><strong>angeli</strong></span> <span class='ocrx_word' id='word_1_367' title='bbox 2466 688 2625 753; x_wconf 87' lang='lat' dir='ltr'><strong>mali,</strong></span> <span class='ocrx_word' id='word_1_368' title='bbox 2656 690 2789 742; x_wconf 83' lang='lat' dir='ltr'><strong>nihil</strong></span> <span class='ocrx_word' id='word_1_369' title='bbox 2811 691 3075 759; x_wconf 86' lang='lat' dir='ltr'><strong>juvabunt</strong></span> <span class='ocrx_word' id='word_1_370' title='bbox 3106 707 3233 757; x_wconf 88' lang='lat' dir='ltr'><strong>eos,</strong></span> <span class='ocrx_word' id='word_1_371' title='bbox 3262 696 3356 764; x_wconf 83' lang='lat' dir='ltr'><strong>qui</strong></span> <span class='ocrx_word' id='word_1_372' title='bbox 3394 699 3461 750; x_wconf 89' lang='lat' dir='ltr'><strong>ad</strong></span> <span class='ocrx_word' id='word_1_373' title='bbox 3495 712 3556 752; x_wconf 88' lang='lat' dir='ltr'><strong>se</strong></span> 
     </span>
    </p>
   </div>
   <div class='ocr_carea' id='block_1_50' title="bbox 1979 777 3555 851">
    <p class='ocr_par' dir='ltr' id='par_1_50' title="bbox 1979 777 3555 851">
     <span class='ocr_line' id='line_1_50' title="bbox 1979 777 3555 851; baseline 0.006 -19"><span class='ocrx_word' id='word_1_374' title='bbox 1979 777 2325 847; x_wconf 75' lang='lat' dir='ltr'><strong>confugient,</strong></span> <span class='ocrx_word' id='word_1_375' title='bbox 2349 787 2404 832; x_wconf 88' lang='lat' dir='ltr'><strong>et</strong></span> <span class='ocrx_word' id='word_1_376' title='bbox 2430 794 2585 848; x_wconf 81' lang='lat' dir='ltr'><strong>Opem</strong></span> <span class='ocrx_word' id='word_1_377' title='bbox 2614 780 2852 848; x_wconf 90' lang='lat' dir='ltr'><strong>ipsorum</strong></span> <span class='ocrx_word' id='word_1_378' title='bbox 2887 783 3274 850; x_wconf 85' lang='lat' dir='ltr'><strong>implorabunt.</strong></span> <span class='ocrx_word' id='word_1_379' title='bbox 3306 786 3459 851; x_wconf 82' lang='lat' dir='ltr'><strong>Quod</strong></span> <span class='ocrx_word' id='word_1_380' title='bbox 3494 802 3555 842; x_wconf 89' lang='lat' dir='ltr'><strong>re</strong></span> 
     </span>
    </p>
   </div>
   <div class='ocr_carea' id='block_1_51' title="bbox 1978 870 3550 948">
    <p class='ocr_par' dir='ltr' id='par_1_51' title="bbox 1978 870 3550 948">
     <span class='ocr_line' id='line_1_51' title="bbox 1978 870 3550 948; baseline 0.006 -23"><span class='ocrx_word' id='word_1_381' title='bbox 1978 870 2094 938; x_wconf 89' lang='lat' dir='ltr'><strong>ipsa</strong></span> <span class='ocrx_word' id='word_1_382' title='bbox 2128 880 2255 925; x_wconf 91' lang='lat' dir='ltr'><strong>tunc</strong></span> <span class='ocrx_word' id='word_1_383' title='bbox 2296 870 2575 939; x_wconf 75' lang='lat' dir='ltr'><strong>impletum</strong></span> <span class='ocrx_word' id='word_1_384' title='bbox 2617 882 2702 927; x_wconf 89' lang='lat' dir='ltr'><strong>est</strong></span> <span class='ocrx_word' id='word_1_385' title='bbox 2730 913 2745 937; x_wconf 95' lang='lat'><strong>,</strong></span> <span class='ocrx_word' id='word_1_386' title='bbox 2799 890 2922 929; x_wconf 91' lang='lat' dir='ltr'><strong>cum</strong></span> <span class='ocrx_word' id='word_1_387' title='bbox 2966 890 3060 929; x_wconf 83' lang='lat' dir='ltr'><strong>rex</strong></span> <span class='ocrx_word' id='word_1_388' title='bbox 3106 876 3550 948; x_wconf 74' lang='lat' dir='ltr'><strong>Babyloniorum.</strong></span> 
     </span>
    </p>
   </div>
   <div class='ocr_carea' id='block_1_52' title="bbox 1978 962 3550 1039">
    <p class='ocr_par' dir='ltr' id='par_1_52' title="bbox 1978 962 3550 1039">
     <span class='ocr_line' id='line_1_52' title="bbox 1978 962 3550 1039; baseline 0.005 -21"><span class='ocrx_word' id='word_1_389' title='bbox 1978 962 2210 1032; x_wconf 64' lang='lat' dir='ltr'><strong>Egypto</strong></span> <span class='ocrx_word' id='word_1_390' title='bbox 2245 971 2400 1031; x_wconf 86' lang='lat' dir='ltr'><strong>capta</strong></span> <span class='ocrx_word' id='word_1_391' title='bbox 2424 1004 2441 1030; x_wconf 93' lang='lat'><strong>,</strong></span> <span class='ocrx_word' id='word_1_392' title='bbox 2477 979 2582 1017; x_wconf 94' lang='lat' dir='ltr'><strong>non</strong></span> <span class='ocrx_word' id='word_1_393' title='bbox 2620 974 2828 1019; x_wconf 91' lang='lat' dir='ltr'><strong>tantum</strong></span> <span class='ocrx_word' id='word_1_394' title='bbox 2877 965 3198 1039; x_wconf 61' lang='lat' dir='ltr'><strong>Egyptios,</strong></span> <span class='ocrx_word' id='word_1_395' title='bbox 3241 970 3334 1026; x_wconf 91' lang='lat' dir='ltr'><strong>sed</strong></span> <span class='ocrx_word' id='word_1_396' title='bbox 3362 972 3550 1038; x_wconf 82' lang='lat' dir='ltr'><strong>[etiam</strong></span> 
     </span>
    </p>
   </div>
   <div class='ocr_carea' id='block_1_53' title="bbox 1976 1054 3546 1131">
    <p class='ocr_par' dir='ltr' id='par_1_53' title="bbox 1976 1054 3546 1131">
     <span class='ocr_line' id='line_1_53' title="bbox 1976 1054 3546 1131; baseline 0.007 -23"><span class='ocrx_word' id='word_1_397' title='bbox 1976 1054 2231 1126; x_wconf 76' lang='lat' dir='ltr'><strong>profugos</strong></span> <span class='ocrx_word' id='word_1_398' title='bbox 2259 1055 2472 1113; x_wconf 69' lang='lat' dir='ltr'><strong>Judaeos</strong></span> <span class='ocrx_word' id='word_1_399' title='bbox 2514 1072 2619 1112; x_wconf 88' lang='lat' dir='ltr'><strong>una</strong></span> <span class='ocrx_word' id='word_1_400' title='bbox 2648 1057 2929 1116; x_wconf 88' lang='lat' dir='ltr'><strong>debellans</strong></span> <span class='ocrx_word' id='word_1_401' title='bbox 2954 1100 2969 1123; x_wconf 92' lang='lat'><strong>,</strong></span> <span class='ocrx_word' id='word_1_402' title='bbox 3011 1063 3254 1131; x_wconf 90' lang='lat' dir='ltr'><strong>captivos</strong></span> <span class='ocrx_word' id='word_1_403' title='bbox 3300 1064 3546 1120; x_wconf 79' lang='lat' dir='ltr'><strong>abduxit.</strong></span> 
     </span>
    </p>
   </div>
   <div class='ocr_carea' id='block_1_54' title="bbox 1976 1145 3552 1219">
    <p class='ocr_par' dir='ltr' id='par_1_54' title="bbox 1976 1145 3552 1219">
     <span class='ocr_line' id='line_1_54' title="bbox 1976 1145 3552 1219; baseline 0.008 -21"><span class='ocrx_word' id='word_1_404' title='bbox 1976 1145 2126 1202; x_wconf 88' lang='lat' dir='ltr'><strong>Tunc</strong></span> <span class='ocrx_word' id='word_1_405' title='bbox 2154 1149 2296 1204; x_wconf 84' lang='lat' dir='ltr'><strong>enim</strong></span> <span class='ocrx_word' id='word_1_406' title='bbox 2328 1147 2636 1206; x_wconf 71' lang='lat' dir='ltr'><strong>Judmorum</strong></span> <span class='ocrx_word' id='word_1_407' title='bbox 2664 1166 2789 1219; x_wconf 88' lang='lat' dir='ltr'><strong>spes</strong></span> <span class='ocrx_word' id='word_1_408' title='bbox 2827 1148 2881 1205; x_wconf 91' lang='lat' dir='ltr'><strong>in</strong></span> <span class='ocrx_word' id='word_1_409' title='bbox 2904 1150 3240 1210; x_wconf 84' lang='lat' dir='ltr'><strong>Pharaonem</strong></span> <span class='ocrx_word' id='word_1_410' title='bbox 3285 1170 3437 1211; x_wconf 77' lang='lat' dir='ltr'><strong>versa</strong></span> <span class='ocrx_word' id='word_1_411' title='bbox 3468 1164 3552 1211; x_wconf 86' lang='lat' dir='ltr'><strong>est</strong></span> 
     </span>
    </p>
   </div>
   <div class='ocr_carea' id='block_1_55' title="bbox 1976 1239 3138 1316">
    <p class='ocr_par' dir='ltr' id='par_1_55' title="bbox 1976 1239 3138 1316">
     <span class='ocr_line' id='line_1_55' title="bbox 1976 1239 3138 1316; baseline 0.007 -23"><span class='ocrx_word' id='word_1_412' title='bbox 1976 1239 2087 1296; x_wconf 87' lang='lat' dir='ltr'><strong>illis</strong></span> <span class='ocrx_word' id='word_1_413' title='bbox 2114 1240 2167 1295; x_wconf 90' lang='lat' dir='ltr'><strong>in</strong></span> <span class='ocrx_word' id='word_1_414' title='bbox 2199 1242 2571 1300; x_wconf 83' lang='lat' dir='ltr'><strong>confusionem</strong></span> <span class='ocrx_word' id='word_1_415' title='bbox 2601 1254 2656 1299; x_wconf 90' lang='lat' dir='ltr'><strong>et</strong></span> <span class='ocrx_word' id='word_1_416' title='bbox 2686 1246 2738 1301; x_wconf 92' lang='lat' dir='ltr'><strong>in</strong></span> <span class='ocrx_word' id='word_1_417' title='bbox 2767 1246 3138 1316; x_wconf 82' lang='lat' dir='ltr'><strong>opprobrium.</strong></span> 
     </span>
    </p>
   </div>
   <div class='ocr_carea' id='block_1_56' title="bbox 2049 1513 3547 1588">
    <p class='ocr_par' dir='ltr' id='par_1_56' title="bbox 2049 1513 3547 1588">
     <span class='ocr_line' id='line_1_56' title="bbox 2049 1513 3547 1588; baseline 0.009 -23"><span class='ocrx_word' id='word_1_418' title='bbox 2049 1513 2207 1567; x_wconf 69' lang='lat' dir='ltr'><strong>Vens.</strong></span> <span class='ocrx_word' id='word_1_419' title='bbox 2275 1514 2328 1571; x_wconf 87' lang='lat'><strong>6.</strong></span> <span class='ocrx_word' id='word_1_420' title='bbox 2400 1534 2418 1566; x_wconf 77' lang='grc' dir='ltr'><strong>ι</strong></span> <span class='ocrx_word' id='word_1_421' title='bbox 2492 1517 2643 1572; x_wconf 83' lang='lat' dir='ltr'><strong>Visio</strong></span> <span class='ocrx_word' id='word_1_422' title='bbox 2711 1518 3116 1588; x_wconf 83' lang='lat' dir='ltr'><strong>quadrupedum</strong></span> <span class='ocrx_word' id='word_1_423' title='bbox 3186 1520 3240 1575; x_wconf 89' lang='lat' dir='ltr'><strong>in</strong></span> <span class='ocrx_word' id='word_1_424' title='bbox 3308 1522 3547 1579; x_wconf 89' lang='lat' dir='ltr'><strong>deserto.</strong></span> 
     </span>
    </p>
   </div>
   <div class='ocr_carea' id='block_1_57' title="bbox 1973 1601 3548 1681">
    <p class='ocr_par' dir='ltr' id='par_1_57' title="bbox 1973 1601 3548 1681">
     <span class='ocr_line' id='line_1_57' title="bbox 1973 1601 3548 1681; baseline 0.007 -24"><span class='ocrx_word' id='word_1_425' title='bbox 1973 1601 2404 1673; x_wconf 78' lang='lat' dir='ltr'><strong>(Symmachus,</strong></span> <span class='ocrx_word' id='word_1_426' title='bbox 2454 1607 2757 1677; x_wconf 77' lang='lat' dir='ltr'><strong>Assumplio</strong></span> <span class='ocrx_word' id='word_1_427' title='bbox 2806 1611 3168 1678; x_wconf 84' lang='lat' dir='ltr'><strong>jumentorum</strong></span> <span class='ocrx_word' id='word_1_428' title='bbox 3204 1611 3456 1681; x_wconf 77' lang='lat' dir='ltr'><strong>Austri.)</strong></span> <span class='ocrx_word' id='word_1_429' title='bbox 3489 1612 3548 1668; x_wconf 88' lang='lat' dir='ltr'><strong>In</strong></span> 
     </span>
    </p>
   </div>
   <div class='ocr_carea' id='block_1_58' title="bbox 1974 1696 3549 1770">
    <p class='ocr_par' dir='ltr' id='par_1_58' title="bbox 1974 1696 3549 1770">
     <span class='ocr_line' id='line_1_58' title="bbox 1974 1696 3549 1770; baseline 0.007 -20"><span class='ocrx_word' id='word_1_430' title='bbox 1974 1696 2324 1754; x_wconf 90' lang='lat' dir='ltr'><strong>tribulatione</strong></span> <span class='ocrx_word' id='word_1_431' title='bbox 2358 1707 2413 1753; x_wconf 87' lang='lat' dir='ltr'><strong>et</strong></span> <span class='ocrx_word' id='word_1_432' title='bbox 2446 1701 2695 1769; x_wconf 78' lang='lat' dir='ltr'><strong>angustia</strong></span> <span class='ocrx_word' id='word_1_433' title='bbox 2722 1702 2827 1766; x_wconf 88' lang='lat' dir='ltr'><strong>leo,</strong></span> <span class='ocrx_word' id='word_1_434' title='bbox 2871 1712 2925 1756; x_wconf 88' lang='lat' dir='ltr'><strong>et</strong></span> <span class='ocrx_word' id='word_1_435' title='bbox 2949 1704 3166 1759; x_wconf 84' lang='lat' dir='ltr'><strong>catulus</strong></span> <span class='ocrx_word' id='word_1_436' title='bbox 3194 1703 3386 1770; x_wconf 89' lang='lat' dir='ltr'><strong>leonis,</strong></span> <span class='ocrx_word' id='word_1_437' title='bbox 3422 1707 3549 1761; x_wconf 88' lang='lat' dir='ltr'><strong>inde</strong></span> 
     </span>
    </p>
   </div>
   <div class='ocr_carea' id='block_1_59' title="bbox 1969 1792 3545 1869">
    <p class='ocr_par' dir='ltr' id='par_1_59' title="bbox 1969 1792 3545 1869">
     <span class='ocr_line' id='line_1_59' title="bbox 1969 1792 3545 1869; baseline 0.006 -22"><span class='ocrx_word' id='word_1_438' title='bbox 1969 1801 2023 1847; x_wconf 92' lang='lat' dir='ltr'><strong>et</strong></span> <span class='ocrx_word' id='word_1_439' title='bbox 2073 1792 2327 1861; x_wconf 87' lang='lat' dir='ltr'><strong>aspides,</strong></span> <span class='ocrx_word' id='word_1_440' title='bbox 2362 1800 2415 1847; x_wconf 92' lang='lat' dir='ltr'><strong>et</strong></span> <span class='ocrx_word' id='word_1_441' title='bbox 2457 1794 2745 1863; x_wconf 82' lang='lat' dir='ltr'><strong>progenies</strong></span> <span class='ocrx_word' id='word_1_442' title='bbox 2788 1796 3036 1865; x_wconf 90' lang='lat' dir='ltr'><strong>aspidum</strong></span> <span class='ocrx_word' id='word_1_443' title='bbox 3081 1798 3409 1867; x_wconf 80' lang='lat' dir='ltr'><strong>volantium,</strong></span> <span class='ocrx_word' id='word_1_444' title='bbox 3453 1802 3545 1869; x_wconf 88' lang='lat' dir='ltr'><strong>qui</strong></span> 
     </span>
    </p>
   </div>
   <div class='ocr_carea' id='block_1_60' title="bbox 1972 1884 3545 1953">
    <p class='ocr_par' dir='ltr' id='par_1_60' title="bbox 1972 1884 3545 1953">
     <span class='ocr_line' id='line_1_60' title="bbox 1972 1884 3545 1953; baseline 0.005 -14"><span class='ocrx_word' id='word_1_445' title='bbox 1972 1884 2219 1939; x_wconf 86' lang='lat' dir='ltr'><strong>ferebant</strong></span> <span class='ocrx_word' id='word_1_446' title='bbox 2259 1899 2421 1953; x_wconf 87' lang='lat' dir='ltr'><strong>super</strong></span> <span class='ocrx_word' id='word_1_447' title='bbox 2452 1886 2641 1941; x_wconf 90' lang='lat' dir='ltr'><strong>asinos</strong></span> <span class='ocrx_word' id='word_1_448' title='bbox 2668 1896 2721 1941; x_wconf 86' lang='lat' dir='ltr'><strong>et</strong></span> <span class='ocrx_word' id='word_1_449' title='bbox 2757 1888 2997 1943; x_wconf 86' lang='lat' dir='ltr'><strong>camelos</strong></span> <span class='ocrx_word' id='word_1_450' title='bbox 3049 1889 3272 1944; x_wconf 80' lang='lat' dir='ltr'><strong>divitias</strong></span> <span class='ocrx_word' id='word_1_451' title='bbox 3312 1906 3438 1947; x_wconf 88' lang='lat' dir='ltr'><strong>suas</strong></span> <span class='ocrx_word' id='word_1_452' title='bbox 3477 1894 3545 1947; x_wconf 89' lang='lat' dir='ltr'><strong>ad</strong></span> 
     </span>
    </p>
   </div>
   <div class='ocr_carea' id='block_1_61' title="bbox 1969 1974 3545 2047">
    <p class='ocr_par' dir='ltr' id='par_1_61' title="bbox 1969 1974 3545 2047">
     <span class='ocr_line' id='line_1_61' title="bbox 1969 1974 3545 2047; baseline 0.004 -17"><span class='ocrx_word' id='word_1_453' title='bbox 1969 1984 2182 2046; x_wconf 80' lang='lat' dir='ltr'><strong>gentem</strong></span> <span class='ocrx_word' id='word_1_454' title='bbox 2213 1991 2334 2045; x_wconf 84' lang='lat' dir='ltr'><strong>quae</strong></span> <span class='ocrx_word' id='word_1_455' title='bbox 2370 1974 2479 2031; x_wconf 91' lang='lat' dir='ltr'><strong>illis</strong></span> <span class='ocrx_word' id='word_1_456' title='bbox 2510 1990 2616 2031; x_wconf 92' lang='lat' dir='ltr'><strong>non</strong></span> <span class='ocrx_word' id='word_1_457' title='bbox 2654 1978 2916 2047; x_wconf 86' lang='lat' dir='ltr'><strong>proderit.</strong></span> <span class='ocrx_word' id='word_1_458' title='bbox 2957 1998 2977 2031; x_wconf 73' lang='grc' dir='ltr'><strong>ι</strong></span> <span class='ocrx_word' id='word_1_459' title='bbox 3029 1978 3164 2046; x_wconf 88' lang='lat' dir='ltr'><strong>Quia</strong></span> <span class='ocrx_word' id='word_1_460' title='bbox 3198 1981 3407 2035; x_wconf 86' lang='lat' dir='ltr'><strong>scilicet</strong></span> <span class='ocrx_word' id='word_1_461' title='bbox 3432 1992 3545 2037; x_wconf 84' lang='lat' dir='ltr'><strong>tota</strong></span> 
     </span>
    </p>
   </div>
   <div class='ocr_carea' id='block_1_62' title="bbox 1970 2070 3545 2144">
    <p class='ocr_par' dir='ltr' id='par_1_62' title="bbox 1970 2070 3545 2144">
     <span class='ocr_line' id='line_1_62' title="bbox 1970 2070 3545 2144; baseline 0.003 -20"><span class='ocrx_word' id='word_1_462' title='bbox 1970 2070 2080 2125; x_wconf 88' lang='lat' dir='ltr'><strong>Deo</strong></span> <span class='ocrx_word' id='word_1_463' title='bbox 2106 2084 2273 2123; x_wconf 90' lang='lat' dir='ltr'><strong>vacua</strong></span> <span class='ocrx_word' id='word_1_464' title='bbox 2306 2078 2446 2134; x_wconf 89' lang='lat' dir='ltr'><strong>erat,</strong></span> <span class='ocrx_word' id='word_1_465' title='bbox 2480 2070 2795 2140; x_wconf 89' lang='lat' dir='ltr'><strong>repletaque</strong></span> <span class='ocrx_word' id='word_1_466' title='bbox 2827 2072 3283 2141; x_wconf 85' lang='lat' dir='ltr'><strong>quadrupedibus,</strong></span> <span class='ocrx_word' id='word_1_467' title='bbox 3315 2088 3455 2144; x_wconf 88' lang='lat' dir='ltr'><strong>quos</strong></span> <span class='ocrx_word' id='word_1_468' title='bbox 3487 2083 3545 2128; x_wconf 89' lang='lat' dir='ltr'><strong>ut</strong></span> 
     </span>
    </p>
   </div>
   <div class='ocr_carea' id='block_1_63' title="bbox 1967 2157 3546 2233">
    <p class='ocr_par' dir='ltr' id='par_1_63' title="bbox 1967 2157 3546 2233">
     <span class='ocr_line' id='line_1_63' title="bbox 1967 2157 3546 2233; baseline 0.004 -22"><span class='ocrx_word' id='word_1_469' title='bbox 1967 2157 2097 2212; x_wconf 89' lang='lat' dir='ltr'><strong>deos</strong></span> <span class='ocrx_word' id='word_1_470' title='bbox 2130 2157 2402 2223; x_wconf 85' lang='lat' dir='ltr'><strong>colebant,</strong></span> <span class='ocrx_word' id='word_1_471' title='bbox 2439 2172 2649 2213; x_wconf 82' lang='lat' dir='ltr'><strong>necnon</strong></span> <span class='ocrx_word' id='word_1_472' title='bbox 2694 2159 3030 2214; x_wconf 77' lang='lat' dir='ltr'><strong>daemonibus</strong></span> <span class='ocrx_word' id='word_1_473' title='bbox 3073 2175 3241 2229; x_wconf 86' lang='lat' dir='ltr'><strong>penes</strong></span> <span class='ocrx_word' id='word_1_474' title='bbox 3284 2163 3432 2233; x_wconf 88' lang='lat' dir='ltr'><strong>ipsos</strong></span> <span class='ocrx_word' id='word_1_475' title='bbox 3461 2164 3546 2217; x_wconf 86' lang='lat' dir='ltr'><strong>vi-</strong></span> 
     </span>
    </p>
   </div>
   <div class='ocr_carea' id='block_1_64' title="bbox 1967 2248 3545 2321">
    <p class='ocr_par' dir='ltr' id='par_1_64' title="bbox 1967 2248 3545 2321">
     <span class='ocr_line' id='line_1_64' title="bbox 1967 2248 3545 2321; baseline 0.004 -16"><span class='ocrx_word' id='word_1_476' title='bbox 1967 2248 2242 2319; x_wconf 85' lang='lat' dir='ltr'><strong>gentibus.</strong></span> <span class='ocrx_word' id='word_1_477' title='bbox 2303 2248 2430 2304; x_wconf 66' lang='lat' dir='ltr'><strong>litae</strong></span> <span class='ocrx_word' id='word_1_478' title='bbox 2476 2249 2645 2319; x_wconf 83' lang='lat' dir='ltr'><strong>igitur</strong></span> <span class='ocrx_word' id='word_1_479' title='bbox 2695 2250 2974 2321; x_wconf 74' lang='lat' dir='ltr'><strong>prepheta:</strong></span> <span class='ocrx_word' id='word_1_480' title='bbox 3032 2251 3215 2308; x_wconf 90' lang='lat' dir='ltr'><strong>oblata</strong></span> <span class='ocrx_word' id='word_1_481' title='bbox 3271 2263 3353 2309; x_wconf 88' lang='lat' dir='ltr'><strong>est</strong></span> <span class='ocrx_word' id='word_1_482' title='bbox 3407 2255 3545 2311; x_wconf 80' lang='lat' dir='ltr'><strong>visio</strong></span> 
     </span>
    </p>
   </div>
   <div class='ocr_carea' id='block_1_65' title="bbox 1979 2341 3546 2413">
    <p class='ocr_par' dir='ltr' id='par_1_65' title="bbox 1979 2341 3546 2413">
     <span class='ocr_line' id='line_1_65' title="bbox 1979 2341 3546 2413; baseline 0.003 -16"><span class='ocrx_word' id='word_1_483' title='bbox 1979 2341 2426 2412; x_wconf 82' lang='lat' dir='ltr'><strong>quadrupedum,</strong></span> <span class='ocrx_word' id='word_1_484' title='bbox 2479 2342 2532 2397; x_wconf 90' lang='lat' dir='ltr'><strong>in</strong></span> <span class='ocrx_word' id='word_1_485' title='bbox 2577 2342 2956 2413; x_wconf 67' lang='lat' dir='ltr'><strong>Egyptiorum</strong></span> <span class='ocrx_word' id='word_1_486' title='bbox 3005 2344 3299 2401; x_wconf 89' lang='lat' dir='ltr'><strong>solitudine</strong></span> <span class='ocrx_word' id='word_1_487' title='bbox 3331 2362 3546 2402; x_wconf 89' lang='lat' dir='ltr'><strong>moran-</strong></span> 
     </span>
    </p>
   </div>
   <div class='ocr_carea' id='block_1_66' title="bbox 1967 2436 3543 2510">
    <p class='ocr_par' dir='ltr' id='par_1_66' title="bbox 1967 2436 3543 2510">
     <span class='ocr_line' id='line_1_66' title="bbox 1967 2436 3543 2510; baseline 0.004 -22"><span class='ocrx_word' id='word_1_488' title='bbox 1967 2437 2126 2502; x_wconf 88' lang='lat' dir='ltr'><strong>tium,</strong></span> <span class='ocrx_word' id='word_1_489' title='bbox 2154 2436 2310 2505; x_wconf 87' lang='lat' dir='ltr'><strong>queis</strong></span> <span class='ocrx_word' id='word_1_490' title='bbox 2338 2436 2549 2507; x_wconf 76' lang='lat' dir='ltr'><strong>profugi</strong></span> <span class='ocrx_word' id='word_1_491' title='bbox 2580 2436 2890 2492; x_wconf 70' lang='lat' dir='ltr'><strong>Judazorum</strong></span> <span class='ocrx_word' id='word_1_492' title='bbox 2941 2452 3071 2508; x_wconf 89' lang='lat' dir='ltr'><strong>opes</strong></span> <span class='ocrx_word' id='word_1_493' title='bbox 3119 2454 3247 2494; x_wconf 91' lang='lat' dir='ltr'><strong>suas</strong></span> <span class='ocrx_word' id='word_1_494' title='bbox 3294 2440 3543 2510; x_wconf 87' lang='lat' dir='ltr'><strong>deporta-</strong></span> 
     </span>
    </p>
   </div>
   <div class='ocr_carea' id='block_1_67' title="bbox 1963 2527 3540 2601">
    <p class='ocr_par' dir='ltr' id='par_1_67' title="bbox 1963 2527 3540 2601">
     <span class='ocr_line' id='line_1_67' title="bbox 1963 2527 3540 2601; baseline 0.005 -20"><span class='ocrx_word' id='word_1_495' title='bbox 1963 2527 2097 2582; x_wconf 89' lang='lat' dir='ltr'><strong>bant</strong></span> <span class='ocrx_word' id='word_1_496' title='bbox 2124 2546 2139 2582; x_wconf 89' lang='lat'><strong>:</strong></span> <span class='ocrx_word' id='word_1_497' title='bbox 2168 2543 2294 2581; x_wconf 92' lang='lat' dir='ltr'><strong>nam</strong></span> <span class='ocrx_word' id='word_1_498' title='bbox 2320 2528 2513 2583; x_wconf 67' lang='lat' dir='ltr'><strong>animae</strong></span> <span class='ocrx_word' id='word_1_499' title='bbox 2564 2544 2676 2583; x_wconf 77' lang='lat' dir='ltr'><strong>suae</strong></span> <span class='ocrx_word' id='word_1_500' title='bbox 2713 2530 2976 2598; x_wconf 87' lang='lat' dir='ltr'><strong>penuaria</strong></span> <span class='ocrx_word' id='word_1_501' title='bbox 3006 2529 3332 2601; x_wconf 64' lang='lat' dir='ltr'><strong>Egyptiaco</strong></span> <span class='ocrx_word' id='word_1_502' title='bbox 3364 2535 3540 2589; x_wconf 90' lang='lat' dir='ltr'><strong>errori</strong></span> 
     </span>
    </p>
   </div>
   <div class='ocr_carea' id='block_1_68' title="bbox 1962 2620 2307 2676">
    <p class='ocr_par' dir='ltr' id='par_1_68' title="bbox 1962 2620 2307 2676">
     <span class='ocr_line' id='line_1_68' title="bbox 1962 2620 2307 2676; baseline -0.003 0"><span class='ocrx_word' id='word_1_503' title='bbox 1962 2620 2307 2676; x_wconf 89' lang='lat' dir='ltr'><strong>dediderant.</strong></span> 
     </span>
    </p>
   </div>
   <div class='ocr_carea' id='block_1_69' title="bbox 2033 2710 3540 2783">
    <p class='ocr_par' dir='ltr' id='par_1_69' title="bbox 2033 2710 3540 2783">
     <span class='ocr_line' id='line_1_69' title="bbox 2033 2710 3540 2783; baseline 0.005 -19"><span class='ocrx_word' id='word_1_504' title='bbox 2033 2710 2198 2765; x_wconf 73' lang='lat' dir='ltr'><strong>Vens.</strong></span> <span class='ocrx_word' id='word_1_505' title='bbox 2234 2712 2353 2767; x_wconf 87' lang='lat'><strong>7-9.</strong></span> <span class='ocrx_word' id='word_1_506' title='bbox 2391 2730 2410 2764; x_wconf 77' lang='grc' dir='ltr'><strong>ι</strong></span> <span class='ocrx_word' id='word_1_507' title='bbox 2451 2710 2690 2783; x_wconf 66' lang='lat' dir='ltr'><strong>IEgyptii</strong></span> <span class='ocrx_word' id='word_1_508' title='bbox 2722 2713 2921 2768; x_wconf 85' lang='lat' dir='ltr'><strong>frustra</strong></span> <span class='ocrx_word' id='word_1_509' title='bbox 2956 2723 3011 2769; x_wconf 90' lang='lat' dir='ltr'><strong>et</strong></span> <span class='ocrx_word' id='word_1_510' title='bbox 3046 2715 3279 2771; x_wconf 90' lang='lat' dir='ltr'><strong>inaniter</strong></span> <span class='ocrx_word' id='word_1_511' title='bbox 3306 2718 3540 2772; x_wconf 80' lang='lat' dir='ltr'><strong>auxilia-</strong></span> 
     </span>
    </p>
   </div>
   <div class='ocr_carea' id='block_1_70' title="bbox 1960 2803 3541 2873">
    <p class='ocr_par' dir='ltr' id='par_1_70' title="bbox 1960 2803 3541 2873">
     <span class='ocr_line' id='line_1_70' title="bbox 1960 2803 3541 2873; baseline 0.002 -13"><span class='ocrx_word' id='word_1_512' title='bbox 1960 2805 2163 2860; x_wconf 88' lang='lat' dir='ltr'><strong>buntur</strong></span> <span class='ocrx_word' id='word_1_513' title='bbox 2193 2805 2365 2859; x_wconf 89' lang='lat' dir='ltr'><strong>vobis.</strong></span> <span class='ocrx_word' id='word_1_514' title='bbox 2412 2804 2686 2858; x_wconf 85' lang='lat' dir='ltr'><strong>Anuuntia</strong></span> <span class='ocrx_word' id='word_1_515' title='bbox 2714 2806 2791 2858; x_wconf 90' lang='lat' dir='ltr'><strong>eis</strong></span> <span class='ocrx_word' id='word_1_516' title='bbox 2818 2844 2833 2869; x_wconf 93' lang='lat'><strong>,</strong></span> <span class='ocrx_word' id='word_1_517' title='bbox 2857 2805 3004 2873; x_wconf 87' lang='lat' dir='ltr'><strong>quia,</strong></span> <span class='ocrx_word' id='word_1_518' title='bbox 3037 2803 3184 2860; x_wconf 81' lang='lat' dir='ltr'><strong>Vana</strong></span> <span class='ocrx_word' id='word_1_519' title='bbox 3231 2817 3316 2862; x_wconf 90' lang='lat' dir='ltr'><strong>est</strong></span> <span class='ocrx_word' id='word_1_520' title='bbox 3344 2823 3541 2863; x_wconf 88' lang='lat' dir='ltr'><strong>conso-</strong></span> 
     </span>
    </p>
   </div>
   <div class='ocr_carea' id='block_1_71' title="bbox 1959 2895 3538 2966">
    <p class='ocr_par' dir='ltr' id='par_1_71' title="bbox 1959 2895 3538 2966">
     <span class='ocr_line' id='line_1_71' title="bbox 1959 2895 3538 2966; baseline 0.001 -14"><span class='ocrx_word' id='word_1_521' title='bbox 1959 2897 2090 2952; x_wconf 88' lang='lat' dir='ltr'><strong>latio</strong></span> <span class='ocrx_word' id='word_1_522' title='bbox 2116 2906 2294 2953; x_wconf 87' lang='lat' dir='ltr'><strong>vestra</strong></span> <span class='ocrx_word' id='word_1_523' title='bbox 2318 2898 2452 2951; x_wconf 64' lang='lat' dir='ltr'><strong>haec.</strong></span> <span class='ocrx_word' id='word_1_524' title='bbox 2487 2895 2641 2951; x_wconf 84' lang='lat' dir='ltr'><strong>Nunc</strong></span> <span class='ocrx_word' id='word_1_525' title='bbox 2675 2897 2840 2966; x_wconf 81' lang='lat' dir='ltr'><strong>igitur</strong></span> <span class='ocrx_word' id='word_1_526' title='bbox 2863 2897 3063 2952; x_wconf 87' lang='lat' dir='ltr'><strong>sedens</strong></span> <span class='ocrx_word' id='word_1_527' title='bbox 3101 2900 3278 2953; x_wconf 89' lang='lat' dir='ltr'><strong>scribe</strong></span> <span class='ocrx_word' id='word_1_528' title='bbox 3312 2899 3366 2953; x_wconf 90' lang='lat' dir='ltr'><strong>in</strong></span> <span class='ocrx_word' id='word_1_529' title='bbox 3393 2900 3538 2955; x_wconf 73' lang='lat' dir='ltr'><strong>buxo</strong></span> 
     </span>
    </p>
   </div>
   <div class='ocr_carea' id='block_1_72' title="bbox 1960 2987 3534 3059">
    <p class='ocr_par' dir='ltr' id='par_1_72' title="bbox 1960 2987 3534 3059">
     <span class='ocr_line' id='line_1_72' title="bbox 1960 2987 3534 3059; baseline 0.001 -16"><span class='ocrx_word' id='word_1_530' title='bbox 1960 2989 2095 3051; x_wconf 66' lang='lat' dir='ltr'><strong>hare,</strong></span> <span class='ocrx_word' id='word_1_531' title='bbox 2125 2997 2180 3043; x_wconf 90' lang='lat' dir='ltr'><strong>et</strong></span> <span class='ocrx_word' id='word_1_532' title='bbox 2214 2989 2269 3043; x_wconf 93' lang='lat' dir='ltr'><strong>in</strong></span> <span class='ocrx_word' id='word_1_533' title='bbox 2304 2988 2465 3055; x_wconf 93' lang='lat' dir='ltr'><strong>libro,</strong></span> <span class='ocrx_word' id='word_1_534' title='bbox 2503 2988 2629 3059; x_wconf 86' lang='lat' dir='ltr'><strong>quia</strong></span> <span class='ocrx_word' id='word_1_535' title='bbox 2653 2996 2812 3042; x_wconf 91' lang='lat' dir='ltr'><strong>erunt</strong></span> <span class='ocrx_word' id='word_1_536' title='bbox 2848 2987 2901 3041; x_wconf 90' lang='lat' dir='ltr'><strong>in</strong></span> <span class='ocrx_word' id='word_1_537' title='bbox 2937 2988 3056 3043; x_wconf 89' lang='lat' dir='ltr'><strong>dies</strong></span> <span class='ocrx_word' id='word_1_538' title='bbox 3103 2990 3218 3044; x_wconf 65' lang='lat' dir='ltr'><strong>haec</strong></span> <span class='ocrx_word' id='word_1_539' title='bbox 3270 2999 3534 3059; x_wconf 88' lang='lat' dir='ltr'><strong>tempore,</strong></span> 
     </span>
    </p>
   </div>
   <div class='ocr_carea' id='block_1_73' title="bbox 1957 3080 3537 3153">
    <p class='ocr_par' dir='ltr' id='par_1_73' title="bbox 1957 3080 3537 3153">
     <span class='ocr_line' id='line_1_73' title="bbox 1957 3080 3537 3153; baseline 0.001 -17"><span class='ocrx_word' id='word_1_540' title='bbox 1957 3090 2013 3136; x_wconf 91' lang='lat' dir='ltr'><strong>et</strong></span> <span class='ocrx_word' id='word_1_541' title='bbox 2043 3094 2217 3150; x_wconf 89' lang='lat' dir='ltr'><strong>usque</strong></span> <span class='ocrx_word' id='word_1_542' title='bbox 2259 3081 2312 3134; x_wconf 90' lang='lat' dir='ltr'><strong>in</strong></span> <span class='ocrx_word' id='word_1_543' title='bbox 2365 3081 2625 3135; x_wconf 69' lang='lat' dir='ltr'><strong>sazculum</strong></span> <span class='ocrx_word' id='word_1_544' title='bbox 2675 3096 2689 3134; x_wconf 89' lang='lat'><strong>:</strong></span> <span class='ocrx_word' id='word_1_545' title='bbox 2724 3083 2850 3149; x_wconf 88' lang='lat' dir='ltr'><strong>quia</strong></span> <span class='ocrx_word' id='word_1_546' title='bbox 2878 3080 3126 3150; x_wconf 52' lang='lat' dir='ltr'><strong>populus,</strong></span> <span class='ocrx_word' id='word_1_547' title='bbox 3155 3081 3537 3153; x_wconf 81' lang='lat' dir='ltr'><strong>immorigerus</strong></span> 
     </span>
    </p>
   </div>
   <div class='ocr_carea' id='block_1_74' title="bbox 1955 3174 3535 3246">
    <p class='ocr_par' dir='ltr' id='par_1_74' title="bbox 1955 3174 3535 3246">
     <span class='ocr_line' id='line_1_74' title="bbox 1955 3174 3535 3246; baseline 0.003 -19"><span class='ocrx_word' id='word_1_548' title='bbox 1955 3184 2062 3240; x_wconf 88' lang='lat' dir='ltr'><strong>est,</strong></span> <span class='ocrx_word' id='word_1_549' title='bbox 2097 3174 2192 3228; x_wconf 91' lang='lat' dir='ltr'><strong>lilii</strong></span> <span class='ocrx_word' id='word_1_550' title='bbox 2248 3175 2576 3239; x_wconf 88' lang='lat' dir='ltr'><strong>mendaces,</strong></span> <span class='ocrx_word' id='word_1_551' title='bbox 2610 3174 2703 3243; x_wconf 87' lang='lat' dir='ltr'><strong>qui</strong></span> <span class='ocrx_word' id='word_1_552' title='bbox 2762 3174 3052 3229; x_wconf 87' lang='lat' dir='ltr'><strong>noluerunt</strong></span> <span class='ocrx_word' id='word_1_553' title='bbox 3112 3175 3301 3229; x_wconf 88' lang='lat' dir='ltr'><strong>audire</strong></span> <span class='ocrx_word' id='word_1_554' title='bbox 3361 3174 3535 3246; x_wconf 85' lang='lat' dir='ltr'><strong>legem</strong></span> 
     </span>
    </p>
   </div>
   <div class='ocr_carea' id='block_1_75' title="bbox 1959 3267 3531 3324">
    <p class='ocr_par' dir='ltr' id='par_1_75' title="bbox 1959 3267 3531 3324">
     <span class='ocr_line' id='line_1_75' title="bbox 1959 3267 3531 3324; baseline 0.001 -2"><span class='ocrx_word' id='word_1_555' title='bbox 1959 3269 2076 3323; x_wconf 86' lang='lat' dir='ltr'><strong>Dei.</strong></span> <span class='ocrx_word' id='word_1_556' title='bbox 2116 3287 2135 3320; x_wconf 73' lang='grc' dir='ltr'><strong>ι</strong></span> <span class='ocrx_word' id='word_1_557' title='bbox 2178 3267 2271 3322; x_wconf 81' lang='lat' dir='ltr'><strong>Sir.</strong></span> <span class='ocrx_word' id='word_1_558' title='bbox 2323 3282 2512 3324; x_wconf 87' lang='lat' dir='ltr'><strong>eorum</strong></span> <span class='ocrx_word' id='word_1_559' title='bbox 2559 3267 2783 3321; x_wconf 89' lang='lat' dir='ltr'><strong>stultitia</strong></span> <span class='ocrx_word' id='word_1_560' title='bbox 2841 3276 2897 3321; x_wconf 90' lang='lat' dir='ltr'><strong>et</strong></span> <span class='ocrx_word' id='word_1_561' title='bbox 2960 3267 3168 3322; x_wconf 91' lang='lat' dir='ltr'><strong>insania</strong></span> <span class='ocrx_word' id='word_1_562' title='bbox 3224 3278 3531 3323; x_wconf 87' lang='lat' dir='ltr'><strong>enarratur.</strong></span> 
     </span>
    </p>
   </div>
   <div class='ocr_carea' id='block_1_76' title="bbox 1954 3356 3533 3429">
    <p class='ocr_par' dir='ltr' id='par_1_76' title="bbox 1954 3356 3533 3429">
     <span class='ocr_line' id='line_1_76' title="bbox 1954 3356 3533 3429; baseline -0.001 -15"><span class='ocrx_word' id='word_1_563' title='bbox 1954 3358 2141 3429; x_wconf 83' lang='lat' dir='ltr'><strong>Neque</strong></span> <span class='ocrx_word' id='word_1_564' title='bbox 2174 3360 2316 3415; x_wconf 90' lang='lat' dir='ltr'><strong>enim</strong></span> <span class='ocrx_word' id='word_1_565' title='bbox 2370 3358 2599 3415; x_wconf 89' lang='lat' dir='ltr'><strong>sensiles</strong></span> <span class='ocrx_word' id='word_1_566' title='bbox 2647 3357 2723 3412; x_wconf 92' lang='lat' dir='ltr'><strong>illi</strong></span> <span class='ocrx_word' id='word_1_567' title='bbox 2766 3356 3049 3427; x_wconf 66' lang='lat' dir='ltr'><strong>Aigyptii,</strong></span> <span class='ocrx_word' id='word_1_568' title='bbox 3093 3373 3266 3428; x_wconf 88' lang='lat' dir='ltr'><strong>neque</strong></span> <span class='ocrx_word' id='word_1_569' title='bbox 3312 3359 3408 3424; x_wconf 91' lang='lat' dir='ltr'><strong>illi,</strong></span> <span class='ocrx_word' id='word_1_570' title='bbox 3441 3359 3533 3428; x_wconf 86' lang='lat' dir='ltr'><strong>qui</strong></span> 
     </span>
    </p>
   </div>
   <div class='ocr_carea' id='block_1_77' title="bbox 1953 3448 3532 3520">
    <p class='ocr_par' dir='ltr' id='par_1_77' title="bbox 1953 3448 3532 3520">
     <span class='ocr_line' id='line_1_77' title="bbox 1953 3448 3532 3520; baseline 0.001 -17"><span class='ocrx_word' id='word_1_571' title='bbox 1953 3463 2122 3518; x_wconf 87' lang='lat' dir='ltr'><strong>penes</strong></span> <span class='ocrx_word' id='word_1_572' title='bbox 2172 3464 2270 3504; x_wconf 92' lang='lat' dir='ltr'><strong>eos</strong></span> <span class='ocrx_word' id='word_1_573' title='bbox 2310 3448 2385 3503; x_wconf 91' lang='lat' dir='ltr'><strong>dii</strong></span> <span class='ocrx_word' id='word_1_574' title='bbox 2432 3450 2859 3520; x_wconf 76' lang='lat' dir='ltr'><strong>reputabuntur,</strong></span> <span class='ocrx_word' id='word_1_575' title='bbox 2895 3449 3211 3518; x_wconf 89' lang='lat' dir='ltr'><strong>opitulaturi</strong></span> <span class='ocrx_word' id='word_1_576' title='bbox 3249 3450 3532 3506; x_wconf 80' lang='lat' dir='ltr'><strong>erantJu-</strong></span> 
     </span>
    </p>
   </div>
   <div class='ocr_carea' id='block_1_78' title="bbox 1952 3538 3530 3609">
    <p class='ocr_par' dir='ltr' id='par_1_78' title="bbox 1952 3538 3530 3609">
     <span class='ocr_line' id='line_1_78' title="bbox 1952 3538 3530 3609; baseline 0.001 -16"><span class='ocrx_word' id='word_1_577' title='bbox 1952 3538 2194 3593; x_wconf 57' lang='grc' dir='ltr'>ὁποι-ιω]</span> <span class='ocrx_word' id='word_1_578' title='bbox 2246 3540 2475 3609; x_wconf 90' lang='lat' dir='ltr'><strong>populo,</strong></span> <span class='ocrx_word' id='word_1_579' title='bbox 2529 3540 2595 3592; x_wconf 92' lang='lat' dir='ltr'><strong>ad</strong></span> <span class='ocrx_word' id='word_1_580' title='bbox 2643 3538 2788 3607; x_wconf 85' lang='lat' dir='ltr'><strong>ipsos</strong></span> <span class='ocrx_word' id='word_1_581' title='bbox 2840 3539 3198 3608; x_wconf 85' lang='lat' dir='ltr'><strong>confugienti.</strong></span> <span class='ocrx_word' id='word_1_582' title='bbox 3251 3538 3530 3609; x_wconf 84' lang='lat' dir='ltr'><strong>Siquidem</strong></span> 
     </span>
    </p>
   </div>
   <div class='ocr_carea' id='block_1_79' title="bbox 1952 3630 3532 3701">
    <p class='ocr_par' dir='ltr' id='par_1_79' title="bbox 1952 3630 3532 3701">
     <span class='ocr_line' id='line_1_79' title="bbox 1952 3630 3532 3701; baseline 0.001 -14"><span class='ocrx_word' id='word_1_583' title='bbox 1952 3646 2065 3701; x_wconf 70' lang='lat' dir='ltr'><strong>pra:</strong></span> <span class='ocrx_word' id='word_1_584' title='bbox 2104 3647 2298 3700; x_wconf 88' lang='lat' dir='ltr'><strong>magna</strong></span> <span class='ocrx_word' id='word_1_585' title='bbox 2329 3631 2495 3685; x_wconf 85' lang='lat' dir='ltr'><strong>animi</strong></span> <span class='ocrx_word' id='word_1_586' title='bbox 2522 3630 2817 3691; x_wconf 79' lang='lat' dir='ltr'><strong>anxietate,</strong></span> <span class='ocrx_word' id='word_1_587' title='bbox 2851 3646 2913 3685; x_wconf 91' lang='lat' dir='ltr'><strong>ac</strong></span> <span class='ocrx_word' id='word_1_588' title='bbox 2944 3645 3052 3700; x_wconf 65' lang='lat' dir='ltr'><strong>prae</strong></span> <span class='ocrx_word' id='word_1_589' title='bbox 3082 3630 3389 3687; x_wconf 82' lang='lat' dir='ltr'><strong>aﬂlictiouis</strong></span> <span class='ocrx_word' id='word_1_590' title='bbox 3418 3634 3532 3689; x_wconf 88' lang='lat' dir='ltr'><strong>vio-</strong></span> 
     </span>
    </p>
   </div>
   <div class='ocr_carea' id='block_1_80' title="bbox 1952 3722 3533 3795">
    <p class='ocr_par' dir='ltr' id='par_1_80' title="bbox 1952 3722 3533 3795">
     <span class='ocr_line' id='line_1_80' title="bbox 1952 3722 3533 3795; baseline 0.003 -18"><span class='ocrx_word' id='word_1_591' title='bbox 1952 3724 2137 3789; x_wconf 89' lang='lat' dir='ltr'><strong>lentia,</strong></span> <span class='ocrx_word' id='word_1_592' title='bbox 2169 3724 2546 3795; x_wconf 64' lang='lat' dir='ltr'><strong>Egyptiorum</strong></span> <span class='ocrx_word' id='word_1_593' title='bbox 2578 3723 2708 3776; x_wconf 90' lang='lat' dir='ltr'><strong>deos</strong></span> <span class='ocrx_word' id='word_1_594' title='bbox 2743 3722 3129 3791; x_wconf 70' lang='lat' dir='ltr'><strong>celebrabant;</strong></span> <span class='ocrx_word' id='word_1_595' title='bbox 3180 3727 3327 3795; x_wconf 89' lang='lat' dir='ltr'><strong>ipsos</strong></span> <span class='ocrx_word' id='word_1_596' title='bbox 3379 3729 3533 3783; x_wconf 85' lang='lat' dir='ltr'><strong>vide-</strong></span> 
     </span>
    </p>
   </div>
   <div class='ocr_carea' id='block_1_81' title="bbox 1952 3815 3531 3891">
    <p class='ocr_par' dir='ltr' id='par_1_81' title="bbox 1952 3815 3531 3891">
     <span class='ocr_line' id='line_1_81' title="bbox 1952 3815 3531 3891; baseline 0.004 -22"><span class='ocrx_word' id='word_1_597' title='bbox 1952 3816 2078 3871; x_wconf 90' lang='lat' dir='ltr'><strong>licet</strong></span> <span class='ocrx_word' id='word_1_598' title='bbox 2108 3817 2383 3871; x_wconf 70' lang='lat' dir='ltr'><strong>daznionas</strong></span> <span class='ocrx_word' id='word_1_599' title='bbox 2413 3815 2701 3883; x_wconf 86' lang='lat' dir='ltr'><strong>malignos,</strong></span> <span class='ocrx_word' id='word_1_600' title='bbox 2758 3816 2993 3871; x_wconf 87' lang='lat' dir='ltr'><strong>animam</strong></span> <span class='ocrx_word' id='word_1_601' title='bbox 3042 3834 3197 3872; x_wconf 88' lang='lat' dir='ltr'><strong>suam</strong></span> <span class='ocrx_word' id='word_1_602' title='bbox 3254 3821 3305 3872; x_wconf 88' lang='lat' dir='ltr'><strong>in</strong></span> <span class='ocrx_word' id='word_1_603' title='bbox 3359 3836 3531 3891; x_wconf 85' lang='lat' dir='ltr'><strong>angu-</strong></span> 
     </span>
    </p>
   </div>
   <div class='ocr_carea' id='block_1_82' title="bbox 1950 3907 3531 3979">
    <p class='ocr_par' dir='ltr' id='par_1_82' title="bbox 1950 3907 3531 3979">
     <span class='ocr_line' id='line_1_82' title="bbox 1950 3907 3531 3979; baseline 0.003 -15"><span class='ocrx_word' id='word_1_604' title='bbox 1950 3909 2084 3966; x_wconf 88' lang='lat' dir='ltr'><strong>stias</strong></span> <span class='ocrx_word' id='word_1_605' title='bbox 2112 3916 2166 3962; x_wconf 92' lang='lat' dir='ltr'><strong>et</strong></span> <span class='ocrx_word' id='word_1_606' title='bbox 2197 3922 2469 3962; x_wconf 67' lang='lat' dir='ltr'><strong>aerumnas</strong></span> <span class='ocrx_word' id='word_1_607' title='bbox 2498 3907 2850 3977; x_wconf 81' lang='lat' dir='ltr'><strong>coujicicntes</strong></span> <span class='ocrx_word' id='word_1_608' title='bbox 2879 3926 2893 3973; x_wconf 88' lang='lat'><strong>;</strong></span> <span class='ocrx_word' id='word_1_609' title='bbox 2925 3910 2976 3962; x_wconf 89' lang='lat' dir='ltr'><strong>in</strong></span> <span class='ocrx_word' id='word_1_610' title='bbox 3009 3910 3207 3979; x_wconf 90' lang='lat' dir='ltr'><strong>quibus</strong></span> <span class='ocrx_word' id='word_1_611' title='bbox 3235 3922 3390 3965; x_wconf 86' lang='lat' dir='ltr'><strong>erant</strong></span> <span class='ocrx_word' id='word_1_612' title='bbox 3416 3913 3531 3968; x_wconf 87' lang='lat' dir='ltr'><strong>leo-</strong></span> 
     </span>
    </p>
   </div>
   <div class='ocr_carea' id='block_1_83' title="bbox 1949 4001 3526 4073">
    <p class='ocr_par' dir='ltr' id='par_1_83' title="bbox 1949 4001 3526 4073">
     <span class='ocr_line' id='line_1_83' title="bbox 1949 4001 3526 4073; baseline 0.002 -17"><span class='ocrx_word' id='word_1_613' title='bbox 1949 4017 2047 4057; x_wconf 90' lang='lat' dir='ltr'><strong>nes</strong></span> <span class='ocrx_word' id='word_1_614' title='bbox 2081 4010 2135 4057; x_wconf 90' lang='lat' dir='ltr'><strong>et</strong></span> <span class='ocrx_word' id='word_1_615' title='bbox 2167 4001 2384 4070; x_wconf 83' lang='lat' dir='ltr'><strong>aspides</strong></span> <span class='ocrx_word' id='word_1_616' title='bbox 2409 4042 2424 4068; x_wconf 95' lang='lat'><strong>,</strong></span> <span class='ocrx_word' id='word_1_617' title='bbox 2450 4016 2746 4071; x_wconf 89' lang='lat' dir='ltr'><strong>eorumque</strong></span> <span class='ocrx_word' id='word_1_618' title='bbox 2775 4002 3083 4071; x_wconf 81' lang='lat' dir='ltr'><strong>progenies,</strong></span> <span class='ocrx_word' id='word_1_619' title='bbox 3128 4018 3192 4057; x_wconf 91' lang='lat' dir='ltr'><strong>ac</strong></span> <span class='ocrx_word' id='word_1_620' title='bbox 3219 4017 3526 4073; x_wconf 85' lang='lat' dir='ltr'><strong>serpentes,</strong></span> 
     </span>
    </p>
   </div>
   <div class='ocr_carea' id='block_1_84' title="bbox 1946 4094 3524 4164">
    <p class='ocr_par' dir='ltr' id='par_1_84' title="bbox 1946 4094 3524 4164">
     <span class='ocr_line' id='line_1_84' title="bbox 1946 4094 3524 4164; baseline 0.001 -14"><span class='ocrx_word' id='word_1_621' title='bbox 1946 4104 2003 4150; x_wconf 90' lang='lat' dir='ltr'><strong>et</strong></span> <span class='ocrx_word' id='word_1_622' title='bbox 2031 4095 2135 4148; x_wconf 88' lang='lat' dir='ltr'><strong>alia</strong></span> <span class='ocrx_word' id='word_1_623' title='bbox 2171 4105 2430 4150; x_wconf 82' lang='lat' dir='ltr'><strong>sexcenta</strong></span> <span class='ocrx_word' id='word_1_624' title='bbox 2458 4094 2669 4163; x_wconf 88' lang='lat' dir='ltr'><strong>reptilia</strong></span> <span class='ocrx_word' id='word_1_625' title='bbox 2699 4105 2861 4164; x_wconf 91' lang='lat' dir='ltr'><strong>atque</strong></span> <span class='ocrx_word' id='word_1_626' title='bbox 2885 4096 3032 4159; x_wconf 69' lang='lat' dir='ltr'><strong>ferae,</strong></span> <span class='ocrx_word' id='word_1_627' title='bbox 3059 4112 3288 4164; x_wconf 87' lang='lat' dir='ltr'><strong>quorum</strong></span> <span class='ocrx_word' id='word_1_628' title='bbox 3318 4099 3524 4164; x_wconf 83' lang='lat' dir='ltr'><strong>leones,</strong></span> 
     </span>
    </p>
   </div>
   <div class='ocr_carea' id='block_1_85' title="bbox 1948 4186 3525 4261">
    <p class='ocr_par' dir='ltr' id='par_1_85' title="bbox 1948 4186 3525 4261">
     <span class='ocr_line' id='line_1_85' title="bbox 1948 4186 3525 4261; baseline 0.002 -19"><span class='ocrx_word' id='word_1_629' title='bbox 1948 4204 2158 4242; x_wconf 90' lang='lat' dir='ltr'><strong>necnon</strong></span> <span class='ocrx_word' id='word_1_630' title='bbox 2190 4188 2302 4255; x_wconf 89' lang='lat' dir='ltr'><strong>ipsa</strong></span> <span class='ocrx_word' id='word_1_631' title='bbox 2337 4186 2557 4241; x_wconf 89' lang='lat' dir='ltr'><strong>sensilia</strong></span> <span class='ocrx_word' id='word_1_632' title='bbox 2593 4187 2849 4240; x_wconf 84' lang='lat' dir='ltr'><strong>animalia</strong></span> <span class='ocrx_word' id='word_1_633' title='bbox 2881 4203 2979 4256; x_wconf 89' lang='lat' dir='ltr'><strong>per</strong></span> <span class='ocrx_word' id='word_1_634' title='bbox 3030 4198 3197 4241; x_wconf 87' lang='lat' dir='ltr'><strong>totam</strong></span> <span class='ocrx_word' id='word_1_635' title='bbox 3230 4188 3525 4261; x_wconf 63' lang='lat' dir='ltr'><strong>[Egyptum</strong></span> 
     </span>
    </p>
   </div>
   <div class='ocr_carea' id='block_1_86' title="bbox 1948 4279 3523 4352">
    <p class='ocr_par' dir='ltr' id='par_1_86' title="bbox 1948 4279 3523 4352">
     <span class='ocr_line' id='line_1_86' title="bbox 1948 4279 3523 4352; baseline 0.001 -17"><span class='ocrx_word' id='word_1_636' title='bbox 1948 4296 2046 4351; x_wconf 92' lang='lat' dir='ltr'><strong>pro</strong></span> <span class='ocrx_word' id='word_1_637' title='bbox 2071 4281 2174 4335; x_wconf 87' lang='lat' dir='ltr'><strong>diis</strong></span> <span class='ocrx_word' id='word_1_638' title='bbox 2201 4280 2541 4335; x_wconf 80' lang='lat' dir='ltr'><strong>colebantur.</strong></span> <span class='ocrx_word' id='word_1_639' title='bbox 2571 4280 2789 4352; x_wconf 72' lang='lat' dir='ltr'><strong>Atenim</strong></span> <span class='ocrx_word' id='word_1_640' title='bbox 2818 4279 3004 4333; x_wconf 85' lang='lat' dir='ltr'><strong>leones</strong></span> <span class='ocrx_word' id='word_1_641' title='bbox 3032 4296 3219 4335; x_wconf 86' lang='lat' dir='ltr'><strong>revera</strong></span> <span class='ocrx_word' id='word_1_642' title='bbox 3241 4322 3256 4346; x_wconf 95' lang='lat'><strong>,</strong></span> <span class='ocrx_word' id='word_1_643' title='bbox 3284 4282 3523 4352; x_wconf 71' lang='lat' dir='ltr'><strong>aspidm,</strong></span> 
     </span>
    </p>
   </div>
   <div class='ocr_carea' id='block_1_87' title="bbox 1947 4346 3521 4440">
    <p class='ocr_par' dir='ltr' id='par_1_87' title="bbox 1947 4346 3521 4440">
     <span class='ocr_line' id='line_1_87' title="bbox 1947 4346 3521 4440; baseline 0 -13"><span class='ocrx_word' id='word_1_644' title='bbox 1947 4346 2254 4440; x_wconf 81' lang='lat' dir='ltr'><strong>serpentes,</strong></span> <span class='ocrx_word' id='word_1_645' title='bbox 2285 4379 2340 4426; x_wconf 89' lang='lat' dir='ltr'><strong>et</strong></span> <span class='ocrx_word' id='word_1_646' title='bbox 2366 4370 2475 4425; x_wconf 88' lang='lat' dir='ltr'><strong>alia</strong></span> <span class='ocrx_word' id='word_1_647' title='bbox 2504 4346 2761 4426; x_wconf 68' lang='lat' dir='ltr'><strong>sexcenta</strong></span> <span class='ocrx_word' id='word_1_648' title='bbox 2818 4385 2917 4438; x_wconf 90' lang='lat' dir='ltr'><strong>pro</strong></span> <span class='ocrx_word' id='word_1_649' title='bbox 2965 4370 3073 4424; x_wconf 88' lang='lat' dir='ltr'><strong>diis</strong></span> <span class='ocrx_word' id='word_1_650' title='bbox 3100 4374 3521 4428; x_wconf 85' lang='lat' dir='ltr'><strong>venerabantur.</strong></span> 
     </span>
    </p>
   </div>
   <div class='ocr_carea' id='block_1_88' title="bbox 1944 4463 3527 4533">
    <p class='ocr_par' dir='ltr' id='par_1_88' title="bbox 1944 4463 3527 4533">
     <span class='ocr_line' id='line_1_88' title="bbox 1944 4463 3527 4533; baseline -0.001 -12"><span class='ocrx_word' id='word_1_651' title='bbox 1944 4466 2011 4521; x_wconf 89' lang='lat' dir='ltr'><strong>Et</strong></span> <span class='ocrx_word' id='word_1_652' title='bbox 2038 4479 2172 4519; x_wconf 89' lang='lat' dir='ltr'><strong>sane</strong></span> <span class='ocrx_word' id='word_1_653' title='bbox 2205 4479 2418 4528; x_wconf 90' lang='lat' dir='ltr'><strong>eorum,</strong></span> <span class='ocrx_word' id='word_1_654' title='bbox 2452 4478 2591 4533; x_wconf 89' lang='lat' dir='ltr'><strong>quos</strong></span> <span class='ocrx_word' id='word_1_655' title='bbox 2621 4463 2751 4518; x_wconf 91' lang='lat' dir='ltr'><strong>deos</strong></span> <span class='ocrx_word' id='word_1_656' title='bbox 2778 4465 3064 4532; x_wconf 85' lang='lat' dir='ltr'><strong>putabant,</strong></span> <span class='ocrx_word' id='word_1_657' title='bbox 3111 4465 3331 4520; x_wconf 88' lang='lat' dir='ltr'><strong>nomine</strong></span> <span class='ocrx_word' id='word_1_658' title='bbox 3363 4466 3527 4521; x_wconf 84' lang='lat' dir='ltr'><strong>urbes</strong></span> 
     </span>
    </p>
   </div>
   <div class='ocr_carea' id='block_1_89' title="bbox 1945 4557 3521 4628">
    <p class='ocr_par' dir='ltr' id='par_1_89' title="bbox 1945 4557 3521 4628">
     <span class='ocr_line' id='line_1_89' title="bbox 1945 4557 3521 4628; baseline 0.001 -14"><span class='ocrx_word' id='word_1_659' title='bbox 1945 4573 2073 4615; x_wconf 90' lang='lat' dir='ltr'><strong>suas</strong></span> <span class='ocrx_word' id='word_1_660' title='bbox 2095 4558 2479 4628; x_wconf 86' lang='lat' dir='ltr'><strong>appellarunt;</strong></span> <span class='ocrx_word' id='word_1_661' title='bbox 2517 4573 2546 4611; x_wconf 91' lang='lat' dir='ltr'><strong>a</strong></span> <span class='ocrx_word' id='word_1_662' title='bbox 2576 4559 2731 4613; x_wconf 90' lang='lat' dir='ltr'><strong>leone</strong></span> <span class='ocrx_word' id='word_1_663' title='bbox 2766 4558 2991 4622; x_wconf 90' lang='lat' dir='ltr'><strong>scilicet,</strong></span> <span class='ocrx_word' id='word_1_664' title='bbox 3024 4557 3258 4624; x_wconf 81' lang='lat' dir='ltr'><strong>Lconto;</strong></span> <span class='ocrx_word' id='word_1_665' title='bbox 3305 4575 3338 4614; x_wconf 91' lang='lat' dir='ltr'><strong>a</strong></span> <span class='ocrx_word' id='word_1_666' title='bbox 3364 4575 3521 4625; x_wconf 75' lang='lat' dir='ltr'><strong>cane,</strong></span> 
     </span>
    </p>
   </div>
   <div class='ocr_carea' id='block_1_90' title="bbox 241 4646 1852 4725">
    <p class='ocr_par' dir='ltr' id='par_1_90' title="bbox 241 4646 1829 4725">
     <span class='ocr_line' id='line_1_90' title="bbox 241 4646 1829 4725; baseline 0.005 -24"><span class='ocrx_word' id='word_1_667' title='bbox 241 4646 452 4709; x_wconf 86' lang='grc' dir='ltr'>Κυνὼ,</span> <span class='ocrx_word' id='word_1_668' title='bbox 502 4648 597 4701; x_wconf 77' lang='grc' dir='ltr'>καὶ</span> <span class='ocrx_word' id='word_1_669' title='bbox 643 4647 752 4700; x_wconf 85' lang='grc' dir='ltr'><strong>ἀπὸ</strong></span> <span class='ocrx_word' id='word_1_670' title='bbox 790 4647 951 4701; x_wconf 77' lang='grc' dir='ltr'>ἄλλου</span> <span class='ocrx_word' id='word_1_671' title='bbox 997 4648 1159 4703; x_wconf 80' lang='grc' dir='ltr'>πάλιν</span> <span class='ocrx_word' id='word_1_672' title='bbox 1203 4650 1370 4722; x_wconf 79' lang='grc' dir='ltr'>θηρὸς</span> <span class='ocrx_word' id='word_1_673' title='bbox 1417 4653 1609 4725; x_wconf 81' lang='grc' dir='ltr'>ἑτέραν</span> <span class='ocrx_word' id='word_1_674' title='bbox 1656 4655 1829 4710; x_wconf 87' lang='grc' dir='ltr'>πόλιν.</span> 
     </span>
    </p>
   </div>
   <div class='ocr_carea' id='block_1_91' title="bbox 1962 4646 3195 4725">
    <p class='ocr_par' dir='ltr' id='par_1_91' title="bbox 1962 4650 3195 4724">
     <span class='ocr_line' id='line_1_91' title="bbox 1962 4650 3195 4724; baseline -0.002 -16"><span class='ocrx_word' id='word_1_675' title='bbox 1962 4654 2108 4724; x_wconf 71' lang='lat' dir='ltr'><strong>lyno,</strong></span> <span class='ocrx_word' id='word_1_676' title='bbox 2140 4654 2207 4706; x_wconf 92' lang='lat' dir='ltr'><strong>ab</strong></span> <span class='ocrx_word' id='word_1_677' title='bbox 2239 4652 2341 4705; x_wconf 86' lang='lat' dir='ltr'><strong>alia</strong></span> <span class='ocrx_word' id='word_1_678' title='bbox 2382 4651 2509 4705; x_wconf 87' lang='lat' dir='ltr'><strong>item</strong></span> <span class='ocrx_word' id='word_1_679' title='bbox 2542 4650 2652 4704; x_wconf 80' lang='lat' dir='ltr'><strong>fera</strong></span> <span class='ocrx_word' id='word_1_680' title='bbox 2702 4650 2861 4704; x_wconf 89' lang='lat' dir='ltr'><strong>aliam</strong></span> <span class='ocrx_word' id='word_1_681' title='bbox 2898 4652 3195 4705; x_wconf 84' lang='lat' dir='ltr'><strong>civitatem.</strong></span> 
     </span>
    </p>
   </div>
   <div class='ocr_carea' id='block_1_92' title="bbox 324 4742 1843 4817">
    <p class='ocr_par' dir='ltr' id='par_1_92' title="bbox 324 4742 1843 4817">
     <span class='ocr_line' id='line_1_92' title="bbox 324 4742 1843 4817; baseline 0.007 -24"><span class='ocrx_word' id='word_1_682' title='bbox 324 4761 343 4793; x_wconf 73' lang='grc' dir='ltr'><strong>ι</strong></span> <span class='ocrx_word' id='word_1_683' title='bbox 372 4743 437 4794; x_wconf 85' lang='grc' dir='ltr'><strong>υἱ</strong></span> <span class='ocrx_word' id='word_1_684' title='bbox 472 4742 719 4809; x_wconf 81' lang='grc' dir='ltr'>λέγοντες</span> <span class='ocrx_word' id='word_1_685' title='bbox 766 4744 881 4806; x_wconf 86' lang='grc' dir='ltr'>τοῖς</span> <span class='ocrx_word' id='word_1_686' title='bbox 943 4745 1289 4814; x_wconf 72' lang='grc' dir='ltr'>προφήταις,</span> <span class='ocrx_word' id='word_1_687' title='bbox 1330 4746 1420 4815; x_wconf 81' lang='grc' dir='ltr'><strong>Μὴ</strong></span> <span class='ocrx_word' id='word_1_688' title='bbox 1484 4747 1843 4817; x_wconf 84' lang='grc' dir='ltr'>ἀναγγέλλετε</span> 
     </span>
    </p>
   </div>
   <div class='ocr_carea' id='block_1_93' title="bbox 240 4835 1845 4910">
    <p class='ocr_par' dir='ltr' id='par_1_93' title="bbox 240 4835 1845 4910">
     <span class='ocr_line' id='line_1_93' title="bbox 240 4835 1845 4910; baseline 0.006 -23"><span class='ocrx_word' id='word_1_689' title='bbox 240 4838 380 4907; x_wconf 69' lang='grc' dir='ltr'>ἡμῖν</span> <span class='ocrx_word' id='word_1_690' title='bbox 405 4852 418 4863; x_wconf 93' lang='grc'><strong>·</strong></span> <span class='ocrx_word' id='word_1_691' title='bbox 438 4836 661 4897; x_wconf 76' lang='grc' dir='ltr'>καὶτοῖς</span> <span class='ocrx_word' id='word_1_692' title='bbox 680 4836 934 4906; x_wconf 76' lang='grc' dir='ltr'>ὁράματα</span> <span class='ocrx_word' id='word_1_693' title='bbox 957 4835 1153 4908; x_wconf 84' lang='grc' dir='ltr'>ὁρῶσι,</span> <span class='ocrx_word' id='word_1_694' title='bbox 1177 4838 1270 4909; x_wconf 84' lang='grc' dir='ltr'><strong>Μὴ</strong></span> <span class='ocrx_word' id='word_1_695' title='bbox 1288 4839 1498 4892; x_wconf 81' lang='grc' dir='ltr'>λαλεῖτε</span> <span class='ocrx_word' id='word_1_696' title='bbox 1520 4844 1651 4910; x_wconf 84' lang='grc' dir='ltr'>ήμίν</span> <span class='ocrx_word' id='word_1_697' title='bbox 1670 4859 1683 4873; x_wconf 74' lang='grc' dir='ltr'><strong><em>ο</em></strong></span> <span class='ocrx_word' id='word_1_698' title='bbox 1708 4844 1845 4897; x_wconf 88' lang='grc' dir='ltr'><strong>ἀλλά</strong></span> 
     </span>
    </p>
   </div>
   <div class='ocr_carea' id='block_1_94' title="bbox 239 4926 1839 5005">
    <p class='ocr_par' dir='ltr' id='par_1_94' title="bbox 239 4926 1839 5005">
     <span class='ocr_line' id='line_1_94' title="bbox 239 4926 1839 5005; baseline 0.006 -27"><span class='ocrx_word' id='word_1_699' title='bbox 239 4929 379 4999; x_wconf 74' lang='grc' dir='ltr'>ἡμῖν</span> <span class='ocrx_word' id='word_1_700' title='bbox 400 4926 611 4979; x_wconf 81' lang='grc' dir='ltr'>λαλεῖτε</span> <span class='ocrx_word' id='word_1_701' title='bbox 657 4928 750 4980; x_wconf 77' lang='grc' dir='ltr'>καὶ</span> <span class='ocrx_word' id='word_1_702' title='bbox 788 4928 1149 4997; x_wconf 84' lang='grc' dir='ltr'>ἀναγγέλλετε</span> <span class='ocrx_word' id='word_1_703' title='bbox 1169 4932 1299 5000; x_wconf 80' lang='grc' dir='ltr'>ἡμῖν</span> <span class='ocrx_word' id='word_1_704' title='bbox 1327 4931 1517 5001; x_wconf 78' lang='grc' dir='ltr'>ἑτέραν</span> <span class='ocrx_word' id='word_1_705' title='bbox 1544 4933 1839 5005; x_wconf 37' lang='grc' dir='ltr'>πλάνησιν,-</span> 
     </span>
    </p>
   </div>
   <div class='ocr_carea' id='block_1_95' title="bbox 241 5019 1843 5097">
    <p class='ocr_par' dir='ltr' id='par_1_95' title="bbox 241 5019 1843 5097">
     <span class='ocr_line' id='line_1_95' title="bbox 241 5019 1843 5097; baseline 0.004 -25"><span class='ocrx_word' id='word_1_706' title='bbox 241 5020 342 5073; x_wconf 84' lang='grc' dir='ltr'>καὶ</span> <span class='ocrx_word' id='word_1_707' title='bbox 377 5019 757 5091; x_wconf 75' lang='grc' dir='ltr'>ἀποστρέψατε</span> <span class='ocrx_word' id='word_1_708' title='bbox 804 5022 950 5091; x_wconf 76' lang='grc' dir='ltr'>ἡμᾶς</span> <span class='ocrx_word' id='word_1_709' title='bbox 983 5022 1092 5074; x_wconf 83' lang='grc' dir='ltr'><strong>ἀπὸ</strong></span> <span class='ocrx_word' id='word_1_710' title='bbox 1122 5023 1221 5091; x_wconf 83' lang='grc' dir='ltr'>τῆς</span> <span class='ocrx_word' id='word_1_711' title='bbox 1252 5020 1375 5075; x_wconf 86' lang='grc' dir='ltr'>ὁδοῦ</span> <span class='ocrx_word' id='word_1_712' title='bbox 1423 5025 1645 5096; x_wconf 85' lang='grc' dir='ltr'>ταύτης.</span> <span class='ocrx_word' id='word_1_713' title='bbox 1686 5029 1843 5097; x_wconf 80' lang='grc' dir='ltr'><strong>Ἀφέ-</strong></span> 
     </span>
    </p>
   </div>
   <div class='ocr_carea' id='block_1_96' title="bbox 239 5110 1833 5191">
    <p class='ocr_par' dir='ltr' id='par_1_96' title="bbox 239 5110 1833 5191">
     <span class='ocr_line' id='line_1_96' title="bbox 239 5110 1833 5191; baseline 0.003 -26"><span class='ocrx_word' id='word_1_714' title='bbox 239 5110 363 5166; x_wconf 82' lang='grc' dir='ltr'>λετε</span> <span class='ocrx_word' id='word_1_715' title='bbox 392 5113 486 5181; x_wconf 78' lang='grc' dir='ltr'><strong>ἀφ’</strong></span> <span class='ocrx_word' id='word_1_716' title='bbox 526 5112 684 5183; x_wconf 85' lang='grc' dir='ltr'>ήμῶν</span> <span class='ocrx_word' id='word_1_717' title='bbox 713 5112 802 5166; x_wconf 86' lang='grc' dir='ltr'><strong>τὸν</strong></span> <span class='ocrx_word' id='word_1_718' title='bbox 841 5113 1025 5185; x_wconf 86' lang='grc' dir='ltr'>τρίϐον</span> <span class='ocrx_word' id='word_1_719' title='bbox 1058 5114 1269 5176; x_wconf 80' lang='grc' dir='ltr'>τοῦτον.</span> <span class='ocrx_word' id='word_1_720' title='bbox 1312 5118 1403 5169; x_wconf 76' lang='grc' dir='ltr'><strong>καὶ</strong></span> <span class='ocrx_word' id='word_1_721' title='bbox 1461 5118 1687 5186; x_wconf 76' lang='grc' dir='ltr'>ἀφέλετε</span> <span class='ocrx_word' id='word_1_722' title='bbox 1740 5123 1833 5191; x_wconf 65' lang='grc' dir='ltr'><strong>ἀφ’</strong></span> 
     </span>
    </p>
   </div>
   <div class='ocr_carea' id='block_1_97' title="bbox 242 5204 1833 5281">
    <p class='ocr_par' dir='ltr' id='par_1_97' title="bbox 242 5204 1833 5281">
     <span class='ocr_line' id='line_1_97' title="bbox 242 5204 1833 5281; baseline 0.001 -24"><span class='ocrx_word' id='word_1_723' title='bbox 242 5204 406 5275; x_wconf 80' lang='grc' dir='ltr'>ήμῶν</span> <span class='ocrx_word' id='word_1_724' title='bbox 436 5204 498 5257; x_wconf 80' lang='grc' dir='ltr'><strong>τὸ</strong></span> <span class='ocrx_word' id='word_1_725' title='bbox 528 5204 706 5272; x_wconf 84' lang='grc' dir='ltr'>λόγιον</span> <span class='ocrx_word' id='word_1_726' title='bbox 746 5204 841 5257; x_wconf 85' lang='grc' dir='ltr'><strong>τοῦ</strong></span> <span class='ocrx_word' id='word_1_727' title='bbox 885 5204 1119 5275; x_wconf 82' lang='grc' dir='ltr'>Ἰσραήλ.</span> <span class='ocrx_word' id='word_1_728' title='bbox 1156 5226 1175 5257; x_wconf 71' lang='grc' dir='ltr'><strong>ι</strong></span> <span class='ocrx_word' id='word_1_729' title='bbox 1238 5204 1421 5259; x_wconf 89' lang='grc' dir='ltr'>Ταῦτα</span> <span class='ocrx_word' id='word_1_730' title='bbox 1479 5206 1588 5277; x_wconf 83' lang='grc' dir='ltr'><strong>γάρ</strong></span> <span class='ocrx_word' id='word_1_731' title='bbox 1645 5210 1695 5261; x_wconf 84' lang='grc' dir='ltr'>οἱ</span> <span class='ocrx_word' id='word_1_732' title='bbox 1759 5212 1833 5281; x_wconf 84' lang='grc' dir='ltr'>μὴ</span> 
     </span>
    </p>
   </div>
   <div class='ocr_carea' id='block_1_98' title="bbox 243 5295 1833 5369">
    <p class='ocr_par' dir='ltr' id='par_1_98' title="bbox 243 5295 1833 5369">
     <span class='ocr_line' id='line_1_98' title="bbox 243 5295 1833 5369; baseline 0.003 -20"><span class='ocrx_word' id='word_1_733' title='bbox 243 5295 637 5359; x_wconf 82' lang='grc' dir='ltr'>πιστεύσαντες</span> <span class='ocrx_word' id='word_1_734' title='bbox 660 5299 778 5359; x_wconf 87' lang='grc' dir='ltr'>ταῖς</span> <span class='ocrx_word' id='word_1_735' title='bbox 809 5296 903 5349; x_wconf 90' lang='grc' dir='ltr'><strong>τοῦ</strong></span> <span class='ocrx_word' id='word_1_736' title='bbox 941 5297 1203 5367; x_wconf 84' lang='grc' dir='ltr'>Ἱερεμίου</span> <span class='ocrx_word' id='word_1_737' title='bbox 1244 5300 1449 5367; x_wconf 76' lang='grc' dir='ltr'>φωναῖς</span> <span class='ocrx_word' id='word_1_738' title='bbox 1484 5298 1619 5369; x_wconf 86' lang='grc' dir='ltr'>πρὸς</span> <span class='ocrx_word' id='word_1_739' title='bbox 1673 5300 1833 5353; x_wconf 79' lang='grc' dir='ltr'>αὐτὸν</span> 
     </span>
    </p>
   </div>
   <div class='ocr_carea' id='block_1_99' title="bbox 242 5387 1544 5459">
    <p class='ocr_par' dir='ltr' id='par_1_99' title="bbox 242 5387 1544 5459">
     <span class='ocr_line' id='line_1_99' title="bbox 242 5387 1544 5459; baseline -0.001 -16"><span class='ocrx_word' id='word_1_740' title='bbox 242 5388 486 5450; x_wconf 70' lang='grc' dir='ltr'>καὶτοὺς</span> <span class='ocrx_word' id='word_1_741' title='bbox 514 5387 582 5441; x_wconf 75' lang='grc' dir='ltr'>τὰ</span> <span class='ocrx_word' id='word_1_742' title='bbox 614 5388 777 5458; x_wconf 84' lang='grc' dir='ltr'>ὅμοια</span> <span class='ocrx_word' id='word_1_743' title='bbox 798 5387 945 5458; x_wconf 85' lang='grc' dir='ltr'>αύτῷ</span> <span class='ocrx_word' id='word_1_744' title='bbox 980 5387 1310 5459; x_wconf 83' lang='grc' dir='ltr'>φρονοῦντας</span> <span class='ocrx_word' id='word_1_745' title='bbox 1340 5389 1544 5459; x_wconf 77' lang='grc' dir='ltr'>ἔλεγον.</span> 
     </span>
    </p>
   </div>
   <div class='ocr_carea' id='block_1_100' title="bbox 322 5478 1828 5555">
    <p class='ocr_par' dir='ltr' id='par_1_100' title="bbox 322 5478 1828 5555">
     <span class='ocr_line' id='line_1_100' title="bbox 322 5478 1828 5555; baseline 0.003 -24"><span class='ocrx_word' id='word_1_746' title='bbox 322 5498 342 5531; x_wconf 81' lang='grc' dir='ltr'><strong>ι</strong></span> <span class='ocrx_word' id='word_1_747' title='bbox 375 5479 473 5532; x_wconf 88' lang='grc' dir='ltr'>Διά</span> <span class='ocrx_word' id='word_1_748' title='bbox 503 5478 661 5532; x_wconf 88' lang='grc' dir='ltr'>τοῦτο</span> <span class='ocrx_word' id='word_1_749' title='bbox 686 5480 813 5533; x_wconf 85' lang='grc' dir='ltr'>τάδε</span> <span class='ocrx_word' id='word_1_750' title='bbox 865 5478 1014 5547; x_wconf 79' lang='grc' dir='ltr'>λέγει</span> <span class='ocrx_word' id='word_1_751' title='bbox 1066 5479 1267 5552; x_wconf 79' lang='grc' dir='ltr'>Κύριος</span> <span class='ocrx_word' id='word_1_752' title='bbox 1294 5482 1322 5533; x_wconf 82' lang='grc' dir='ltr'>ὁ</span> <span class='ocrx_word' id='word_1_753' title='bbox 1376 5481 1530 5550; x_wconf 82' lang='grc' dir='ltr'>ἆγιος</span> <span class='ocrx_word' id='word_1_754' title='bbox 1579 5484 1792 5555; x_wconf 86' lang='grc' dir='ltr'>Ἰσραήλ</span> <span class='ocrx_word' id='word_1_755' title='bbox 1815 5504 1828 5513; x_wconf 82' lang='lat'><strong><em>-</em></strong></span> 
     </span>
    </p>
   </div>
   <div class='ocr_carea' id='block_1_101' title="bbox 246 5571 1827 5645">
    <p class='ocr_par' dir='ltr' id='par_1_101' title="bbox 246 5571 1827 5645">
     <span class='ocr_line' id='line_1_101' title="bbox 246 5571 1827 5645; baseline 0.004 -22"><span class='ocrx_word' id='word_1_756' title='bbox 246 5572 370 5623; x_wconf 85' lang='grc' dir='ltr'>Ὀτι</span> <span class='ocrx_word' id='word_1_757' title='bbox 394 5572 728 5643; x_wconf 74' lang='grc' dir='ltr'>ἠπειθήσατε</span> <span class='ocrx_word' id='word_1_758' title='bbox 752 5575 863 5636; x_wconf 88' lang='grc' dir='ltr'>τοῖς</span> <span class='ocrx_word' id='word_1_759' title='bbox 900 5571 1081 5641; x_wconf 83' lang='grc' dir='ltr'>λόγοις</span> <span class='ocrx_word' id='word_1_760' title='bbox 1126 5572 1355 5638; x_wconf 85' lang='grc' dir='ltr'>τούτοις,</span> <span class='ocrx_word' id='word_1_761' title='bbox 1418 5575 1511 5628; x_wconf 70' lang='grc' dir='ltr'><strong>καὶ</strong></span> <span class='ocrx_word' id='word_1_762' title='bbox 1558 5575 1827 5645; x_wconf 73' lang='grc' dir='ltr'>ἠλπίσατε</span> 
     </span>
    </p>
   </div>
   <div class='ocr_carea' id='block_1_102' title="bbox 243 5664 1826 5738">
    <p class='ocr_par' dir='ltr' id='par_1_102' title="bbox 243 5664 1826 5738">
     <span class='ocr_line' id='line_1_102' title="bbox 243 5664 1826 5738; baseline 0.003 -20"><span class='ocrx_word' id='word_1_763' title='bbox 243 5664 335 5718; x_wconf 58' lang='grc' dir='ltr'>ἐπὶ</span> <span class='ocrx_word' id='word_1_764' title='bbox 361 5664 567 5733; x_wconf 75' lang='grc' dir='ltr'>ψεύδει,</span> <span class='ocrx_word' id='word_1_765' title='bbox 596 5665 688 5719; x_wconf 76' lang='grc' dir='ltr'>καὶ</span> <span class='ocrx_word' id='word_1_766' title='bbox 718 5666 799 5719; x_wconf 82' lang='grc' dir='ltr'><strong>ὅτι</strong></span> <span class='ocrx_word' id='word_1_767' title='bbox 842 5666 1170 5734; x_wconf 75' lang='grc' dir='ltr'>ὲγόγγυσας,</span> <span class='ocrx_word' id='word_1_768' title='bbox 1207 5668 1301 5721; x_wconf 78' lang='grc' dir='ltr'>καὶ</span> <span class='ocrx_word' id='word_1_769' title='bbox 1334 5667 1608 5731; x_wconf 86' lang='grc' dir='ltr'>πεποιθὼς</span> <span class='ocrx_word' id='word_1_770' title='bbox 1641 5670 1826 5738; x_wconf 77' lang='grc' dir='ltr'>ἐγένου</span> 
     </span>
    </p>
   </div>
   <div class='ocr_carea' id='block_1_103' title="bbox 244 5755 1829 5835">
    <p class='ocr_par' dir='ltr' id='par_1_103' title="bbox 244 5755 1829 5835">
     <span class='ocr_line' id='line_1_103' title="bbox 244 5755 1829 5835; baseline 0.005 -29"><span class='ocrx_word' id='word_1_771' title='bbox 244 5755 335 5807; x_wconf 69' lang='grc' dir='ltr'>ἐπὶ</span> <span class='ocrx_word' id='word_1_772' title='bbox 360 5756 437 5826; x_wconf 86' lang='grc' dir='ltr'>τῷ</span> <span class='ocrx_word' id='word_1_773' title='bbox 475 5755 617 5826; x_wconf 84' lang='grc' dir='ltr'>λόγῳ</span> <span class='ocrx_word' id='word_1_774' title='bbox 643 5757 847 5828; x_wconf 81' lang='grc' dir='ltr'>τούτῳ·</span> <span class='ocrx_word' id='word_1_775' title='bbox 883 5756 972 5813; x_wconf 80' lang='grc' dir='ltr'>διὰ</span> <span class='ocrx_word' id='word_1_776' title='bbox 988 5756 1148 5809; x_wconf 85' lang='grc' dir='ltr'>τοῦτο</span> <span class='ocrx_word' id='word_1_777' title='bbox 1172 5756 1323 5811; x_wconf 74' lang='grc' dir='ltr'>ἔσται</span> <span class='ocrx_word' id='word_1_778' title='bbox 1363 5759 1490 5829; x_wconf 82' lang='grc' dir='ltr'>ὑμῖν</span> <span class='ocrx_word' id='word_1_779' title='bbox 1520 5761 1552 5830; x_wconf 86' lang='grc' dir='ltr'><strong>ή</strong></span> <span class='ocrx_word' id='word_1_780' title='bbox 1588 5761 1829 5835; x_wconf 86' lang='grc' dir='ltr'>ἁμαρτία</span> 
     </span>
    </p>
   </div>
   <div class='ocr_carea' id='block_1_104' title="bbox 246 5848 1827 5927">
    <p class='ocr_par' dir='ltr' id='par_1_104' title="bbox 246 5848 1827 5927">
     <span class='ocr_line' id='line_1_104' title="bbox 246 5848 1827 5927; baseline 0.004 -26"><span class='ocrx_word' id='word_1_781' title='bbox 246 5848 380 5909; x_wconf 78' lang='grc' dir='ltr'>αῦτη</span> <span class='ocrx_word' id='word_1_782' title='bbox 413 5850 491 5913; x_wconf 83' lang='grc' dir='ltr'><strong>ὡς</strong></span> <span class='ocrx_word' id='word_1_783' title='bbox 518 5854 696 5921; x_wconf 84' lang='grc' dir='ltr'>τεῖχος</span> <span class='ocrx_word' id='word_1_784' title='bbox 748 5852 945 5904; x_wconf 76' lang='grc' dir='ltr'>πίπτον</span> <span class='ocrx_word' id='word_1_785' title='bbox 989 5852 1329 5924; x_wconf 80' lang='grc' dir='ltr'>παραχρῆμα</span> <span class='ocrx_word' id='word_1_786' title='bbox 1377 5853 1582 5917; x_wconf 86' lang='grc' dir='ltr'>πόλεως</span> <span class='ocrx_word' id='word_1_787' title='bbox 1625 5856 1827 5927; x_wconf 82' lang='grc' dir='ltr'>ὀχυρᾶς</span> 
     </span>
    </p>
   </div>
   <div class='ocr_carea' id='block_1_105' title="bbox 252 5939 1827 6017">
    <p class='ocr_par' dir='ltr' id='par_1_105' title="bbox 252 5939 1827 6017">
     <span class='ocr_line' id='line_1_105' title="bbox 252 5939 1827 6017; baseline 0.004 -25"><span class='ocrx_word' id='word_1_788' title='bbox 252 5940 571 6010; x_wconf 79' lang='grc' dir='ltr'>ἑαλωκυίας,</span> <span class='ocrx_word' id='word_1_789' title='bbox 602 5939 666 6016; x_wconf 80' lang='grc' dir='ltr'><strong>ἧς</strong></span> <span class='ocrx_word' id='word_1_790' title='bbox 691 5945 1027 6017; x_wconf 77' lang='grc' dir='ltr'>παραχρῆμα</span> <span class='ocrx_word' id='word_1_791' title='bbox 1047 5946 1275 6015; x_wconf 78' lang='grc' dir='ltr'>πάρεστι</span> <span class='ocrx_word' id='word_1_792' title='bbox 1294 5944 1352 5998; x_wconf 76' lang='grc' dir='ltr'>τὸ</span> <span class='ocrx_word' id='word_1_793' title='bbox 1385 5946 1611 6017; x_wconf 80' lang='grc' dir='ltr'>πτῶμα·</span> <span class='ocrx_word' id='word_1_794' title='bbox 1649 5948 1741 6001; x_wconf 68' lang='grc' dir='ltr'>καὶ</span> <span class='ocrx_word' id='word_1_795' title='bbox 1768 5948 1827 6000; x_wconf 76' lang='grc' dir='ltr'>τὸ</span> 
     </span>
    </p>
   </div>
   <div class='ocr_carea' id='block_1_106' title="bbox 2016 4743 3523 4813">
    <p class='ocr_par' dir='ltr' id='par_1_106' title="bbox 2016 4743 3523 4813">
     <span class='ocr_line' id='line_1_106' title="bbox 2016 4743 3523 4813; baseline -0.001 -12"><span class='ocrx_word' id='word_1_796' title='bbox 2016 4749 2181 4802; x_wconf 72' lang='lat' dir='ltr'><strong>Vens.</strong></span> <span class='ocrx_word' id='word_1_797' title='bbox 2214 4748 2299 4809; x_wconf 84' lang='lat' dir='ltr'><strong>l0,</strong></span> <span class='ocrx_word' id='word_1_798' title='bbox 2336 4745 2419 4798; x_wconf 83' lang='lat' dir='ltr'><strong>ll.</strong></span> <span class='ocrx_word' id='word_1_799' title='bbox 2447 4743 2545 4809; x_wconf 85' lang='lat' dir='ltr'><strong>Qui</strong></span> <span class='ocrx_word' id='word_1_800' title='bbox 2577 4746 2760 4797; x_wconf 87' lang='lat' dir='ltr'><strong>dicunt</strong></span> <span class='ocrx_word' id='word_1_801' title='bbox 2783 4744 3083 4813; x_wconf 83' lang='lat' dir='ltr'><strong>prophetis,</strong></span> <span class='ocrx_word' id='word_1_802' title='bbox 3122 4745 3200 4799; x_wconf 89' lang='lat' dir='ltr'><strong>Ne</strong></span> <span class='ocrx_word' id='word_1_803' title='bbox 3231 4745 3523 4799; x_wconf 82' lang='lat' dir='ltr'><strong>annuntie-</strong></span> 
     </span>
    </p>
   </div>
   <div class='ocr_carea' id='block_1_107' title="bbox 1946 4835 3520 4906">
    <p class='ocr_par' dir='ltr' id='par_1_107' title="bbox 1946 4835 3520 4906">
     <span class='ocr_line' id='line_1_107' title="bbox 1946 4835 3520 4906; baseline 0.001 -14"><span class='ocrx_word' id='word_1_804' title='bbox 1946 4839 2013 4892; x_wconf 91' lang='lat' dir='ltr'><strong>tis</strong></span> <span class='ocrx_word' id='word_1_805' title='bbox 2042 4839 2217 4903; x_wconf 89' lang='lat' dir='ltr'><strong>nobis,</strong></span> <span class='ocrx_word' id='word_1_806' title='bbox 2254 4846 2308 4889; x_wconf 92' lang='lat' dir='ltr'><strong>et</strong></span> <span class='ocrx_word' id='word_1_807' title='bbox 2333 4835 2645 4890; x_wconf 82' lang='lat' dir='ltr'><strong>videntibus</strong></span> <span class='ocrx_word' id='word_1_808' title='bbox 2675 4836 2933 4899; x_wconf 74' lang='lat' dir='ltr'><strong>visiones,</strong></span> <span class='ocrx_word' id='word_1_809' title='bbox 2974 4836 3053 4890; x_wconf 82' lang='lat' dir='ltr'><strong>Ne</strong></span> <span class='ocrx_word' id='word_1_810' title='bbox 3091 4837 3380 4906; x_wconf 85' lang='lat' dir='ltr'><strong>loquamini</strong></span> <span class='ocrx_word' id='word_1_811' title='bbox 3418 4855 3520 4893; x_wconf 90' lang='lat' dir='ltr'><strong>no-</strong></span> 
     </span>
    </p>
   </div>
   <div class='ocr_carea' id='block_1_108' title="bbox 1942 4927 3519 4996">
    <p class='ocr_par' dir='ltr' id='par_1_108' title="bbox 1942 4927 3519 4996">
     <span class='ocr_line' id='line_1_108' title="bbox 1942 4927 3519 4996; baseline 0 -12"><span class='ocrx_word' id='word_1_812' title='bbox 1942 4930 2028 4985; x_wconf 86' lang='lat' dir='ltr'><strong>bis</strong></span> <span class='ocrx_word' id='word_1_813' title='bbox 2058 4948 2069 4983; x_wconf 90' lang='lat'><strong>:</strong></span> <span class='ocrx_word' id='word_1_814' title='bbox 2106 4933 2199 4983; x_wconf 88' lang='lat' dir='ltr'><strong>sed</strong></span> <span class='ocrx_word' id='word_1_815' title='bbox 2228 4927 2714 4996; x_wconf 79' lang='lat' dir='ltr'><strong>nubis.loquimiui,</strong></span> <span class='ocrx_word' id='word_1_816' title='bbox 2748 4937 2804 4983; x_wconf 89' lang='lat' dir='ltr'><strong>et</strong></span> <span class='ocrx_word' id='word_1_817' title='bbox 2828 4930 3149 4983; x_wconf 89' lang='lat' dir='ltr'><strong>aununtiate</strong></span> <span class='ocrx_word' id='word_1_818' title='bbox 3172 4930 3328 4984; x_wconf 85' lang='lat' dir='ltr'><strong>nobis</strong></span> <span class='ocrx_word' id='word_1_819' title='bbox 3355 4930 3519 4984; x_wconf 89' lang='lat' dir='ltr'><strong>alium</strong></span> 
     </span>
    </p>
   </div>
   <div class='ocr_carea' id='block_1_109' title="bbox 1942 5022 3518 5079">
    <p class='ocr_par' dir='ltr' id='par_1_109' title="bbox 1942 5022 3518 5079">
     <span class='ocr_line' id='line_1_109' title="bbox 1942 5022 3518 5079; baseline -0.001 0"><span class='ocrx_word' id='word_1_820' title='bbox 1942 5037 2183 5079; x_wconf 87' lang='lat' dir='ltr'><strong>errorem</strong></span> <span class='ocrx_word' id='word_1_821' title='bbox 2226 5039 2241 5075; x_wconf 77' lang='grc' dir='ltr'><strong>ε</strong></span> <span class='ocrx_word' id='word_1_822' title='bbox 2280 5030 2334 5074; x_wconf 89' lang='lat' dir='ltr'><strong>et</strong></span> <span class='ocrx_word' id='word_1_823' title='bbox 2381 5022 2610 5075; x_wconf 87' lang='lat' dir='ltr'><strong>avertite</strong></span> <span class='ocrx_word' id='word_1_824' title='bbox 2664 5037 2763 5076; x_wconf 90' lang='lat' dir='ltr'><strong>nos</strong></span> <span class='ocrx_word' id='word_1_825' title='bbox 2811 5022 2877 5075; x_wconf 86' lang='lat' dir='ltr'><strong>ab</strong></span> <span class='ocrx_word' id='word_1_826' title='bbox 2932 5024 3032 5077; x_wconf 81' lang='lat' dir='ltr'><strong>hac</strong></span> <span class='ocrx_word' id='word_1_827' title='bbox 3084 5025 3189 5078; x_wconf 88' lang='lat' dir='ltr'><strong>via.</strong></span> <span class='ocrx_word' id='word_1_828' title='bbox 3227 5023 3449 5077; x_wconf 83' lang='lat' dir='ltr'><strong>Auferte</strong></span> <span class='ocrx_word' id='word_1_829' title='bbox 3488 5040 3518 5077; x_wconf 83' lang='lat' dir='ltr'><strong>a</strong></span> 
     </span>
    </p>
   </div>
   <div class='ocr_carea' id='block_1_110' title="bbox 1945 5115 3517 5178">
    <p class='ocr_par' dir='ltr' id='par_1_110' title="bbox 1945 5115 3517 5178">
     <span class='ocr_line' id='line_1_110' title="bbox 1945 5115 3517 5178; baseline -0.001 -8"><span class='ocrx_word' id='word_1_830' title='bbox 1945 5115 2100 5171; x_wconf 87' lang='lat' dir='ltr'><strong>nobis</strong></span> <span class='ocrx_word' id='word_1_831' title='bbox 2129 5115 2381 5169; x_wconf 87' lang='lat' dir='ltr'><strong>semitam</strong></span> <span class='ocrx_word' id='word_1_832' title='bbox 2428 5115 2571 5167; x_wconf 87' lang='lat' dir='ltr'><strong>hanc</strong></span> <span class='ocrx_word' id='word_1_833' title='bbox 2598 5154 2613 5178; x_wconf 93' lang='lat'><strong>,</strong></span> <span class='ocrx_word' id='word_1_834' title='bbox 2641 5124 2696 5169; x_wconf 92' lang='lat' dir='ltr'><strong>ct</strong></span> <span class='ocrx_word' id='word_1_835' title='bbox 2740 5115 2951 5169; x_wconf 87' lang='lat' dir='ltr'><strong>auferte</strong></span> <span class='ocrx_word' id='word_1_836' title='bbox 2981 5133 3009 5168; x_wconf 89' lang='lat' dir='ltr'><strong>a</strong></span> <span class='ocrx_word' id='word_1_837' title='bbox 3056 5116 3211 5169; x_wconf 87' lang='lat' dir='ltr'><strong>nobis</strong></span> <span class='ocrx_word' id='word_1_838' title='bbox 3238 5115 3517 5169; x_wconf 86' lang='lat' dir='ltr'><strong>oraculum</strong></span> 
     </span>
    </p>
   </div>
   <div class='ocr_carea' id='block_1_111' title="bbox 1943 5205 3517 5275">
    <p class='ocr_par' dir='ltr' id='par_1_111' title="bbox 1943 5205 3517 5275">
     <span class='ocr_line' id='line_1_111' title="bbox 1943 5205 3517 5275; baseline 0 -15"><span class='ocrx_word' id='word_1_839' title='bbox 1943 5205 2131 5261; x_wconf 89' lang='lat' dir='ltr'><strong>Israel.</strong></span> <span class='ocrx_word' id='word_1_840' title='bbox 2173 5224 2191 5257; x_wconf 73' lang='grc' dir='ltr'><strong>ι</strong></span> <span class='ocrx_word' id='word_1_841' title='bbox 2228 5205 2350 5258; x_wconf 66' lang='lat' dir='ltr'><strong>Haec</strong></span> <span class='ocrx_word' id='word_1_842' title='bbox 2387 5206 2586 5275; x_wconf 88' lang='lat' dir='ltr'><strong>quippe</strong></span> <span class='ocrx_word' id='word_1_843' title='bbox 2619 5205 2907 5269; x_wconf 67' lang='lat' dir='ltr'><strong>Jeremiaz,</strong></span> <span class='ocrx_word' id='word_1_844' title='bbox 2944 5216 3000 5260; x_wconf 91' lang='lat' dir='ltr'><strong>et</strong></span> <span class='ocrx_word' id='word_1_845' title='bbox 3052 5208 3201 5273; x_wconf 80' lang='lat' dir='ltr'><strong>paria</strong></span> <span class='ocrx_word' id='word_1_846' title='bbox 3260 5221 3383 5259; x_wconf 86' lang='lat' dir='ltr'><strong>cum</strong></span> <span class='ocrx_word' id='word_1_847' title='bbox 3426 5206 3517 5260; x_wconf 88' lang='lat' dir='ltr'><strong>illo</strong></span> 
     </span>
    </p>
   </div>
   <div class='ocr_carea' id='block_1_112' title="bbox 1942 5297 3519 5367">
    <p class='ocr_par' dir='ltr' id='par_1_112' title="bbox 1942 5297 3519 5367">
     <span class='ocr_line' id='line_1_112' title="bbox 1942 5297 3519 5367; baseline 0 -13"><span class='ocrx_word' id='word_1_848' title='bbox 1942 5298 2302 5354; x_wconf 86' lang='lat' dir='ltr'><strong>sentientibus</strong></span> <span class='ocrx_word' id='word_1_849' title='bbox 2340 5298 2615 5363; x_wconf 87' lang='lat' dir='ltr'><strong>dicebant,</strong></span> <span class='ocrx_word' id='word_1_850' title='bbox 2652 5298 2740 5367; x_wconf 91' lang='lat' dir='ltr'><strong>qui</strong></span> <span class='ocrx_word' id='word_1_851' title='bbox 2776 5313 2964 5352; x_wconf 87' lang='lat' dir='ltr'><strong>eorum</strong></span> <span class='ocrx_word' id='word_1_852' title='bbox 2996 5297 3217 5351; x_wconf 88' lang='lat' dir='ltr'><strong>vocibus</strong></span> <span class='ocrx_word' id='word_1_853' title='bbox 3258 5313 3363 5351; x_wconf 87' lang='lat' dir='ltr'><strong>non</strong></span> <span class='ocrx_word' id='word_1_854' title='bbox 3397 5314 3519 5354; x_wconf 85' lang='lat' dir='ltr'><strong>cre-</strong></span> 
     </span>
    </p>
   </div>
   <div class='ocr_carea' id='block_1_113' title="bbox 1940 5393 2160 5447">
    <p class='ocr_par' dir='ltr' id='par_1_113' title="bbox 1940 5393 2160 5447">
     <span class='ocr_line' id='line_1_113' title="bbox 1940 5393 2160 5447; baseline -0.005 -2"><span class='ocrx_word' id='word_1_855' title='bbox 1940 5393 2160 5447; x_wconf 79' lang='lat' dir='ltr'><strong>tlebattl.</strong></span> 
     </span>
    </p>
   </div>
   <div class='ocr_carea' id='block_1_114' title="bbox 2011 5481 3519 5547">
    <p class='ocr_par' dir='ltr' id='par_1_114' title="bbox 2011 5481 3519 5547">
     <span class='ocr_line' id='line_1_114' title="bbox 2011 5481 3519 5547; baseline 0.003 -13"><span class='ocrx_word' id='word_1_856' title='bbox 2011 5481 2174 5535; x_wconf 70' lang='lat' dir='ltr'><strong>Vens.</strong></span> <span class='ocrx_word' id='word_1_857' title='bbox 2204 5483 2386 5538; x_wconf 57' lang='lat' dir='ltr'><strong>lii-l6.</strong></span> <span class='ocrx_word' id='word_1_858' title='bbox 2433 5506 2451 5533; x_wconf 77' lang='grc' dir='ltr'><strong>ι</strong></span> <span class='ocrx_word' id='word_1_859' title='bbox 2496 5482 2619 5537; x_wconf 88' lang='lat' dir='ltr'><strong>Ideo</strong></span> <span class='ocrx_word' id='word_1_860' title='bbox 2650 5483 2766 5536; x_wconf 68' lang='lat' dir='ltr'><strong>haec</strong></span> <span class='ocrx_word' id='word_1_861' title='bbox 2796 5482 2926 5535; x_wconf 90' lang='lat' dir='ltr'><strong>dicit</strong></span> <span class='ocrx_word' id='word_1_862' title='bbox 2958 5483 3239 5547; x_wconf 86' lang='lat' dir='ltr'><strong>Dominus,</strong></span> <span class='ocrx_word' id='word_1_863' title='bbox 3282 5484 3519 5539; x_wconf 85' lang='lat' dir='ltr'><strong>Sanctus</strong></span> 
     </span>
    </p>
   </div>
   <div class='ocr_carea' id='block_1_115' title="bbox 1938 5575 3515 5643">
    <p class='ocr_par' dir='ltr' id='par_1_115' title="bbox 1938 5575 3515 5643">
     <span class='ocr_line' id='line_1_115' title="bbox 1938 5575 3515 5643; baseline 0.001 -13"><span class='ocrx_word' id='word_1_864' title='bbox 1938 5576 2145 5632; x_wconf 85' lang='lat' dir='ltr'><strong>lsrael:</strong></span> <span class='ocrx_word' id='word_1_865' title='bbox 2181 5578 2314 5643; x_wconf 82' lang='lat' dir='ltr'><strong>Quia</strong></span> <span class='ocrx_word' id='word_1_866' title='bbox 2365 5593 2469 5632; x_wconf 90' lang='lat' dir='ltr'><strong>non</strong></span> <span class='ocrx_word' id='word_1_867' title='bbox 2512 5575 2931 5643; x_wconf 88' lang='lat' dir='ltr'><strong>oblemperastis</strong></span> <span class='ocrx_word' id='word_1_868' title='bbox 2990 5576 3075 5628; x_wconf 88' lang='lat' dir='ltr'><strong>his</strong></span> <span class='ocrx_word' id='word_1_869' title='bbox 3146 5577 3515 5640; x_wconf 89' lang='lat' dir='ltr'><strong>sermonibus,</strong></span> 
     </span>
    </p>
   </div>
   <div class='ocr_carea' id='block_1_116' title="bbox 1940 5668 3519 5738">
    <p class='ocr_par' dir='ltr' id='par_1_116' title="bbox 1940 5668 3519 5738">
     <span class='ocr_line' id='line_1_116' title="bbox 1940 5668 3519 5738; baseline -0.001 -15"><span class='ocrx_word' id='word_1_870' title='bbox 1940 5670 2035 5725; x_wconf 90' lang='lat' dir='ltr'><strong>sed</strong></span> <span class='ocrx_word' id='word_1_871' title='bbox 2064 5669 2324 5738; x_wconf 88' lang='lat' dir='ltr'><strong>sperastis</strong></span> <span class='ocrx_word' id='word_1_872' title='bbox 2350 5670 2401 5722; x_wconf 87' lang='lat' dir='ltr'><strong>in</strong></span> <span class='ocrx_word' id='word_1_873' title='bbox 2431 5669 2713 5723; x_wconf 81' lang='lat' dir='ltr'><strong>metulacio</strong></span> <span class='ocrx_word' id='word_1_874' title='bbox 2738 5706 2754 5731; x_wconf 96' lang='lat'><strong>,</strong></span> <span class='ocrx_word' id='word_1_875' title='bbox 2790 5679 2845 5722; x_wconf 84' lang='lat' dir='ltr'><strong>et</strong></span> <span class='ocrx_word' id='word_1_876' title='bbox 2888 5668 3014 5737; x_wconf 88' lang='lat' dir='ltr'><strong>quia</strong></span> <span class='ocrx_word' id='word_1_877' title='bbox 3047 5669 3429 5733; x_wconf 85' lang='lat' dir='ltr'><strong>murmurasti,</strong></span> <span class='ocrx_word' id='word_1_878' title='bbox 3462 5680 3519 5723; x_wconf 88' lang='lat' dir='ltr'><strong>et</strong></span> 
     </span>
    </p>
   </div>
   <div class='ocr_carea' id='block_1_117' title="bbox 1938 5760 3516 5829">
    <p class='ocr_par' dir='ltr' id='par_1_117' title="bbox 1938 5760 3516 5829">
     <span class='ocr_line' id='line_1_117' title="bbox 1938 5760 3516 5829; baseline -0.001 -14"><span class='ocrx_word' id='word_1_879' title='bbox 1938 5761 2213 5815; x_wconf 87' lang='lat' dir='ltr'><strong>credidisti</strong></span> <span class='ocrx_word' id='word_1_880' title='bbox 2247 5762 2482 5816; x_wconf 90' lang='lat' dir='ltr'><strong>sermoni</strong></span> <span class='ocrx_word' id='word_1_881' title='bbox 2525 5760 2685 5826; x_wconf 87' lang='lat' dir='ltr'><strong>huic;</strong></span> <span class='ocrx_word' id='word_1_882' title='bbox 2736 5761 2937 5816; x_wconf 90' lang='lat' dir='ltr'><strong>idcirco</strong></span> <span class='ocrx_word' id='word_1_883' title='bbox 2980 5762 3088 5816; x_wconf 88' lang='lat' dir='ltr'><strong>erit</strong></span> <span class='ocrx_word' id='word_1_884' title='bbox 3120 5761 3275 5816; x_wconf 87' lang='lat' dir='ltr'><strong>vobis</strong></span> <span class='ocrx_word' id='word_1_885' title='bbox 3316 5776 3516 5829; x_wconf 88' lang='lat' dir='ltr'><strong>pecca-</strong></span> 
     </span>
    </p>
   </div>
   <div class='ocr_carea' id='block_1_118' title="bbox 1938 5852 3515 5920">
    <p class='ocr_par' dir='ltr' id='par_1_118' title="bbox 1938 5852 3515 5920">
     <span class='ocr_line' id='line_1_118' title="bbox 1938 5852 3515 5920; baseline 0 -14"><span class='ocrx_word' id='word_1_886' title='bbox 1938 5860 2051 5906; x_wconf 88' lang='lat' dir='ltr'><strong>tum</strong></span> <span class='ocrx_word' id='word_1_887' title='bbox 2088 5852 2191 5907; x_wconf 90' lang='lat' dir='ltr'><strong>hoc</strong></span> <span class='ocrx_word' id='word_1_888' title='bbox 2228 5853 2380 5920; x_wconf 88' lang='lat' dir='ltr'><strong>quasi</strong></span> <span class='ocrx_word' id='word_1_889' title='bbox 2421 5868 2611 5908; x_wconf 86' lang='lat' dir='ltr'><strong>murus</strong></span> <span class='ocrx_word' id='word_1_890' title='bbox 2646 5853 2848 5908; x_wconf 85' lang='lat' dir='ltr'><strong>cadens</strong></span> <span class='ocrx_word' id='word_1_891' title='bbox 2882 5856 3062 5909; x_wconf 87' lang='lat' dir='ltr'><strong>subito</strong></span> <span class='ocrx_word' id='word_1_892' title='bbox 3104 5853 3252 5909; x_wconf 89' lang='lat' dir='ltr'><strong>urbis</strong></span> <span class='ocrx_word' id='word_1_893' title='bbox 3294 5854 3515 5908; x_wconf 80' lang='lat' dir='ltr'><strong>munitae</strong></span> 
     </span>
    </p>
   </div>
   <div class='ocr_carea' id='block_1_119' title="bbox 1936 5947 3513 6027">
    <p class='ocr_par' dir='ltr' id='par_1_119' title="bbox 1936 5947 3513 6027">
     <span class='ocr_line' id='line_1_119' title="bbox 1936 5947 3513 6027; baseline 0.003 -28"><span class='ocrx_word' id='word_1_894' title='bbox 1936 5958 2278 6027; x_wconf 70' lang='lat' dir='ltr'><strong>expugnatae,</strong></span> <span class='ocrx_word' id='word_1_895' title='bbox 2302 5949 2454 6019; x_wconf 84' lang='lat' dir='ltr'><strong>cujus</strong></span> <span class='ocrx_word' id='word_1_896' title='bbox 2488 5950 2663 6007; x_wconf 85' lang='lat' dir='ltr'><strong>subito</strong></span> <span class='ocrx_word' id='word_1_897' title='bbox 2696 5951 2845 6009; x_wconf 76' lang='lat' dir='ltr'><strong>adest</strong></span> <span class='ocrx_word' id='word_1_898' title='bbox 2876 5950 3030 6007; x_wconf 82' lang='lat' dir='ltr'><strong>ruina</strong></span> <span class='ocrx_word' id='word_1_899' title='bbox 3069 5967 3083 6004; x_wconf 84' lang='lat'><strong>:</strong></span> <span class='ocrx_word' id='word_1_900' title='bbox 3133 5960 3184 6006; x_wconf 85' lang='lat' dir='ltr'><strong>et</strong></span> <span class='ocrx_word' id='word_1_901' title='bbox 3216 5950 3366 6004; x_wconf 89' lang='lat' dir='ltr'><strong>ruina</strong></span> <span class='ocrx_word' id='word_1_902' title='bbox 3398 5947 3513 6017; x_wconf 82' lang='lat' dir='ltr'><strong>ejus</strong></span> 
     </span>
    </p>
   </div>
  </div>
