3984 6508
448 479 556 534 507

1126 457 1393 536 russati
1432 476 1901 534 CASSARIENSIS
1938 476 2089 535 ora.
2129 479 2307 535 rans
2344 479 2435 535 ιιι.
2476 511 2544 521 -
2582 478 2998 535 EXEGETICA.

3602 483 3711 541 508

446 598 553 652 erit
581 595 734 665 quasi
794 594 1046 650 contritio
1086 596 1231 650 vasis
1285 597 1506 652 testacei
1553 614 1617 651 ex
1663 598 1900 664 olliciua,
1953 599 2022 651 ita

2145 600 2332 669 πτῶμα
2362 601 2530 671 αὐτῆς
2557 601 2707 655 ἔσται
2737 603 2812 665 ὡς
2862 602 3172 673 σύντριμμα
3209 603 3427 671 ἀγγείου
3451 606 3710 678 ὀστρακί-

446 688 761 745 comminuti
826 697 885 742 ut
939 704 1044 743 non
1113 689 1424 744 inveniatur
1473 692 1524 744 in
1565 691 1647 745 eis
1701 701 1873 755 testa,
1921 706 2026 760 qua

447 782 627 846 ignem
656 782 822 846 feras,
847 793 905 836 et
932 782 1151 854 paulum
1182 799 1340 851 aqua:
1370 784 1612 837 haurias.
1650 784 1739 838 Sic
1762 784 1896 837 dicit
1926 783 2028 835 Do-

446 874 625 927 minus
664 874 943 939 Dominus,
976 874 1207 929 Sanctus
1237 874 1403 929 Israel
1432 892 1446 928 :
1474 874 1608 929 Cum
1664 889 1913 928 reversus
1954 874 2030 926 in-

445 964 733 1031 gemueris,
769 974 898 1020 tunc
927 965 1107 1019 salvus
1124 966 1259 1031 eris,
1290 976 1346 1019 et
1388 965 1527 1019 scies
1549 964 1635 1019 ubi
1668 962 1859 1027 fueris,
1897 979 2018 1017 cum

445 1055 757 1111 confidebas
789 1070 954 1123 super
1000 1056 1155 1110 vanis
1196 1071 1210 1107 :
1255 1071 1390 1109 vana
1441 1055 1576 1110 facta
1630 1063 1713 1109 est
1760 1052 2026 1109 fortitudo

447 1160 646 1216 vestra,
680 1161 735 1204 et
759 1151 1006 1205 noluistis
1029 1151 1247 1216 audire;
1278 1151 1370 1205 sed
1392 1149 1625 1213 dixistis,
1653 1149 1820 1219 Equis
1845 1149 2026 1218 fugie-

446 1256 611 1296 mus:
662 1252 945 1311 pr0pterea
985 1242 1247 1311 fugietis:
1294 1254 1349 1297 et
1393 1240 1668 1298 velocibus
1714 1241 2027 1296 cursoribus

448 1334 820 1389 insidebimus.
866 1354 884 1386 ι
918 1335 1159 1404 Fugietis
1191 1335 1443 1405 quidem;
1494 1335 1587 1389 sed
1638 1348 1745 1403 quo
1792 1332 2029 1402 effugere

452 1427 705 1482 valebitis
748 1426 1173 1497 Babyloniorum
1216 1441 1467 1489 manum,
1517 1440 1637 1495 quae
1688 1440 1781 1479 vos
1836 1439 2029 1495 appre-

453 1516 653 1570 liendet
680 1525 733 1570 et
756 1515 808 1569 in
838 1531 897 1571 se
921 1515 1223 1570 detinebit?
1258 1535 1276 1566 ι
1307 1514 1601 1587 Propterea
1634 1513 1839 1569 celeres
1869 1523 2029 1569 erunt

449 1607 547 1676 qui
578 1617 975 1678 persequentur
1003 1621 1120 1662 vos.
1157 1625 1177 1657 ι

528 1787 694 1842 Vens.
732 1787 818 1843 l7.
858 1805 875 1837 ‹
912 1785 991 1839 Ad
1023 1801 1211 1840 vocem
1237 1785 1398 1839 unius
1429 1783 1636 1853 fugient
1670 1785 1849 1851 mille,
1884 1796 1937 1839 et
1961 1787 2025 1841 ad

452 1894 640 1935 vocem
671 1879 911 1947 quinque
949 1878 1154 1948 fugient
1185 1876 1339 1931 multi
1380 1894 1393 1929 ε
1426 1876 1599 1931 donec
1645 1876 2025 1944 relinquatnini

452 1969 609 2037 quasi
645 1968 817 2022 malus
848 1969 998 2023 navis
1032 1970 1083 2022 in
1118 1978 1324 2032 monte,
1348 1979 1402 2021 et
1426 1970 1581 2038 quasi
1609 1970 1822 2037 signum
1850 1970 2030 2023 ferens

452 2075 614 2128 super
632 2059 850 2114 collem.
893 2078 912 2112 ι
957 2060 1423 2126 Quemadmodum
1466 2061 1619 2115 navis
1654 2063 1704 2115 in
1733 2063 1865 2115 mari
1912 2078 2033 2131 per-

450 2151 576 2204 dita:
607 2164 670 2204 ac
696 2152 958 2204 demersae
1001 2152 1213 2220 signum
1252 2162 1331 2206 est
1374 2151 1615 2206 malusin
1639 2155 1841 2207 vertice
1879 2168 2033 2222 mon-3

454 2244 522 2295 tis
544 2242 775 2311 positus,
803 2243 946 2312 quod
978 2260 1082 2297 non
1118 2243 1255 2297 ultra
1301 2242 1394 2298 illo
1421 2245 1489 2297 sit
1516 2259 1686 2312 opus;
1715 2246 1787 2298 ita
1816 2246 2032 2315 conspi-

451 2347 610 2385 cuam
647 2330 761 2387 fore
812 2332 889 2386 ait
934 2343 1353 2388 memoratorum
1393 2335 1670 2388 hominum
1702 2336 2019 2404 perniciem.

452 2416 655 2472 Verum
688 2434 792 2473 non
821 2433 1011 2474 omnes
1042 2420 1285 2476 funditus
1325 2424 1594 2491 perituros
1627 2439 1745 2479 esse
1783 2425 1891 2491 ait;
1926 2426 2024 2480 sed

454 2511 716 2578 quosdam
750 2527 977 2566 numero
1010 2527 1211 2581 paucos
1244 2514 1487 2568 relictum
1522 2515 1609 2581 iri,
1637 2532 1773 2582 quos
1798 2518 2028 2571 misera-

459 2612 550 2657 tus
580 2601 740 2669 Deus,
771 2605 949 2658 salvos
986 2603 1174 2672 faciet,
1200 2605 1269 2659 ob
1300 2605 1729 2661 misericordiam
1764 2608 1895 2677 ipsis
1931 2623 2031 2663 ex-

456 2696 687 2751 bibitam
716 2694 1015 2751 laudandus
1041 2712 1104 2751 ac
1136 2697 1539 2752 celebrandus:
1575 2699 1655 2753 sic
1695 2698 1839 2752 enim
1878 2699 2030 2753 illum

452 2785 653 2854 justum
696 2784 933 2854 judicem
983 2802 1124 2854 esse,
1176 2796 1235 2842 ut
1269 2789 1461 2860 dignos
1503 2792 1721 2860 quidem
1769 2793 2034 2863 supplicio

458 2878 687 2949 plectat;
742 2894 835 2935 eos
891 2890 1107 2945 autem,
1150 2881 1242 2948 qui
1299 2884 1729 2937 misericordiam
1778 2887 2034 2955 consequi

457 2970 663 3037 valent,
697 2973 872 3027 salute
900 2973 1152 3044 dignetur
1182 2988 1299 3027 sua.
1327 2973 1505 3041 Quare
1535 2974 1611 3028 ait
1642 2990 1655 3027 :

530 3064 697 3119 Vsus.
723 3063 811 3120 l8.
860 3083 877 3117 ι
915 3063 977 3118 Ει
1006 3080 1225 3119 rursum
1262 3075 1542 3135 exspectat
1574 3066 1715 3121 Deus
1738 3106 1751 3133 ,
1782 3076 1840 3121 ut
1880 3068 2040 3123 mise-

460 3167 651 3213 reatur
682 3158 848 3213 vestri
881 3176 897 3212 :
931 3168 987 3214 et
1017 3169 1302 3228 propterea
1333 3160 1628 3215 extolletur
1649 3202 1665 3227 ,
1692 3170 1751 3217 ut
1776 3163 2041 3217 miserea-

2130 710 2220 745 νου
2263 695 2325 745 ἐκ
2378 694 2645 763 κεραμίου
2674 694 2868 758 λεπτά,
2904 695 3043 749 ὥστε
3077 695 3150 765 μὴ
3185 696 3363 766 εὑρεῖν
3422 699 3479 750 ὲν
3530 698 3711 762 αὐτοῖς

2128 783 2415 852 ὄστρακον,
2448 784 2506 836 ὲν
2532 776 2575 851 ᾧ
2603 783 2712 854 πῦρ
2749 785 2920 855 ἀρεῖς,
2946 786 3039 838 καὶ
3071 786 3128 836 ἐν
3161 779 3205 853 ᾧ
3227 786 3541 856 ἁποσυριεῖς
3567 787 3713 858 ὕδωρ

2132 874 2346 945 μικρόν.
2403 874 2558 928 Οῦτω
2615 875 2760 945 λέγει
2813 879 3017 947 Κύριος
3059 877 3281 948 Κύριος,
3310 880 3338 932 ὁ
3380 881 3571 948 Ἃγιος
3614 879 3713 933 τοῦ

2141 966 2358 1037 Ἰσραήλ
2382 982 2396 997 °
2421 966 2586 1019 Ὅταν
2610 968 2977 1038 ἀποστραφεὶς
3000 953 3281 1040 στενάξῃς,
3312 969 3434 1023 τότε
3466 970 3713 1043 σωθήσῃ,

2128 1061 2222 1113 καί
2244 1058 2427 1130 γνώσῃ
2463 1058 2566 1111 ποῦ
2609 1055 2773 1131 ἦσθα,
2804 1062 2892 1114 ὅτε
2931 1060 3241 1123 ἐπεποίθεις
3278 1063 3372 1115 ἐπὶ
3435 1066 3547 1127 τοῖς
3609 1083 3715 1135 μα·-

2127 1153 2301 1216 ταίοις
2320 1170 2333 1183 ⁸
2374 1152 2578 1224 ματαία
2600 1156 2632 1224 ἡ
2665 1155 2816 1223 ἰσχὺς
2839 1154 2993 1224 ὑμῶν
3022 1154 3252 1226 ἐγενήθη
3273 1172 3285 1186 ο
3303 1155 3397 1209 καὶ
3421 1157 3522 1209 οὐκ
3551 1156 3716 1225 ἠϐού-

2128 1241 2284 1295 λεσθε
2304 1241 2521 1296 ἀκούειν
2545 1259 2557 1272 ·
2591 1242 2705 1295 ἀλλ’
2741 1242 2963 1310 εἴπατε,
3010 1243 3124 1312 Ἐφ’
3154 1244 3336 1298 ἵππων
3367 1244 3675 1316 φευξόμεθα
3698 1264 3714 1277 ο

2127 1334 2215 1388 διά
2256 1333 2415 1388 τοῦτο
2450 1334 2738 1404 φεύξεσθε’
2764 1337 2856 1389 καὶ
2890 1337 2980 1389 ἐπὶ
3018 1336 3243 1405 κούφοις
3264 1338 3562 1403 ἀναϐάταις
3597 1340 3719 1393 ἐσό-

2132 1428 2288 1499 μεθα.
2327 1450 2344 1482 ι
2371 1429 2633 1492 Φεύξεσθε
2671 1429 2770 1500 μέν
2793 1446 2806 1459 ο
2851 1430 2952 1483 ποῦ
2987 1431 3092 1500 μὴν
3111 1431 3392 1501 διαφυγεῖν
3420 1432 3716 1504 δυνήσεσθε

2128 1521 2226 1591 τὴν
2283 1520 2392 1573 τῶν
2424 1520 2780 1573 Βαϐυλωνίων
2836 1522 3013 1591 χεῖρα,
3049 1522 3505 1595 καταληψομένην
3545 1525 3570 1576 ti
3584 1528 3715 1595 μᾶς,

2129 1614 2223 1665 καὶ
2260 1614 2315 1666 ἐν
2345 1612 2480 1682 αὐτῇ
2528 1612 2789 1681 excusem;
2824 1632 2841 1664 ι
2881 1613 2980 1667 Διά
3008 1611 3163 1667 τοῦτο
3187 1613 3379 1683 κοῦφοι
3421 1614 3631 1669 ἔσονται
3668 1618 3717 1669 οἱ

2128 1704 2411 1768 διώκοντες
2442 1705 2601 1774 ὑμᾶς.
2650 1721 2668 1756 ι

2205 1816 2223 1845 ι
2263 1795 2434 1848 Χίλιοι
2459 1794 2564 1848 ’διὰ
2599 1793 2779 1865 φωνὴν
2808 1794 2925 1859 ὲνδς
2956 1794 3260 1864 φεύξονται,
3288 1796 3383 1848 καὶ
3413 1795 3501 1849 διὰ
3535 1796 3720 1867 φωνὴν

2132 1889 2289 1941 πέντε
2309 1888 2589 1956 φεύξονται
2617 1888 2934 1951 πολλοί,ἓως
2959 1887 3024 1941 ἂν
3042 1888 3440 1959 καταλειφθῆτε
3466 1890 3542 1953 ὡς
3574 1890 3723 1953 ἱστὸς

2134 1983 2520 2053 ὲπ’ὂρους,κα“ι
2544 1982 2619 2044 ὡς
2635 1980 2871 2052 σημαίαν
2888 1980 3066 2051 φέρων
3097 1981 3187 2033 ἐπὶ
3218 1980 3425 2051 βουνοῦ.
3457 2001 3475 2032 ι
3507 1984 3721 2053 ’Ὠσπερ

2134 2076 2261 2146 νηὸς
2290 2074 2716 2145 παραπεσούοης
2745 2074 2837 2126 καὶ
2868 2073 3209 2144 ἀπολομένης
3256 2075 3310 2126 ἐν
3341 2074 3580 2148 θαλάττῃ
3618 2093 3721 2145 ση-

2137 2162 2571 2239 μεῖοντυγχάνει
2601 2165 2884 2229 ἀποτεθείς
2915 2167 2999 2218 ἐπ’
3036 2166 3204 2236 ἄκρου
3234 2166 3390 2237 ὅρους
3426 2165 3591 2228 ίστὺς,
3624 2162 3720 2217 τοῦ

2138 2259 2331 2331 μηκέτι
2368 2257 2531 2311 αὑτοῦ
2579 2258 2766 2329 χρείαν
2816 2252 2984 2310 εἶναι·
3035 2256 3207 2320 οὕτως
3263 2257 3528 2327 ἐπίσημον
3554 2256 3721 2327 γενή-

2137 2351 2323 2405 σεσθαι
2349 2350 2445 2423 τὴν
2472 2350 2741 2403 ἀπώλειαν
2770 2350 2875 2402 τῶν
2900 2349 3271 2420 δηλουμένων·
3293 2348 3430 2421 πλὴν
3456 2348 3515 2401 ού
3540 2348 3721 2419 πάντη

2136 2448 2342 2510 πάντας
2363 2443 2676 2499 ἀπολεῖσθαί
2695 2461 2846 2514 φησι,
2875 2442 3387 2515 περιλειφθήσεσθαι
3408 2442 3463 2495 δὲ
3499 2442 3722 2513 βραχεῖς

2135 2557 2307 2603 τινας,
2336 2538 2429 2601 οὓς
2464 2538 2687 2610 ἐλεήσας
2718 2540 2745 2590 ὁ
2764 2537 3022 2600 Θεὸς,κα“ι
3051 2532 3228 2589 οἶκτον
3262 2535 3442 2588 λαϐὼν
3466 2535 3721 2598 διασώζει

2134 2630 2519 2701 δοξαζόμενος,
2570 2631 2663 2684 καὶ
2702 2629 3003 2700 ὑψούμενος
3063 2628 3151 2681 διά
3211 2628 3554 2698 τοῦ’ὲλεῆσαι
3621 2628 3723 2681 αύ-

2134 2725 2260 2788 τούς
2282 2742 2295 2756 ·
2327 2724 2469 2777 οὕτω
2491 2723 2598 2795 γὰρ
2628 2723 2788 2776 αὑτὸν
2826 2722 3016 2793 κριτὴν
3041 2722 3245 2775 δίκαιον
3274 2717 3432 2787 εἶναι,
3462 2720 3538 2784 ὼς
3595 2722 3724 2784 τοὺς

2139 2818 2236 2888 μὲν
2263 2816 2446 2881 ἀξίους
2488 2816 2759 2887 τιμωρίας
2790 2812 3061 2877 κολάζειν,
3112 2814 3237 2877 τοὺς
3282 2812 3339 2866 δὲ
3387 2812 3723 2883 δυναμένους

2137 2910 2287 2963 ἐλέου
2318 2911 2525 2979 τυχεῖν,
2556 2908 2658 2979 τῆς
2692 2909 2821 2980 παρ’
2855 2905 3019 2961 αὑτοῦ
3069 2903 3357 2969 καταξιοῦν
3423 2905 3719 2977 σωτηρίας.

2138 3001 2229 3054 Διὸ
2262 3016 2430 3072 φησι·

2214 3113 2232 3145 ι
2276 3094 2385 3147 Καὶ
2442 3092 2603 3147 πάλιν
2638 3091 2786 3163 μένει
2815 3091 2844 3144 ὁ
2863 3092 2995 3155 Θεὸς
3023 3090 3115 3145 τοῦ
3146 3090 3483 3163 οἰκτειρῆσαι
3532 3090 3678 3162 ὑμᾶς
3705 3105 3722 3123 ο

2139 3186 2234 3239 καὶ
2251 3184 2338 3238 διὰ
2373 3183 2530 3238 τοῦτο
2566 3183 2908 3254 ὑψωθήσεται
2940 3182 3035 3237 τοῦ
3090 3184 3310 3254 ἐλεῆσαι
3365 3183 3543 3254 ὑμᾶς’
3585 3181 3722 3235 διότι

464 3262 553 3307 tur
598 3252 766 3309 vestri
796 3269 812 3307 :
838 3253 1094 3323 quoniam
1135 3254 1304 3322 judex
1351 3254 1613 3311 Dominus
1660 3256 1806 3312 Deus
1850 3256 2036 3311 vestri.

2145 3276 2332 3349 κριτὴς
2351 3277 2555 3350 Κύριος
2583 3252 2621 3327 ὁν
2649 3252 2782 3340 Θεδς
2814 3276 2987 3346 ὑμῶν.
3015 3252 3289 3348 Μακάριοι
3317 3276 3365 3328 οί
3392 3252 3724 3346 ἐμμένοντες

460 3344 611 3400 Beati
628 3344 719 3415 qui
742 3354 959 3400 manent
995 3345 1047 3399 in
1072 3360 1157 3400 eo.
1192 3364 1212 3399 ι
1247 3344 1383 3401 Nam
1406 3362 1527 3401 cum
1554 3346 1735 3416 justus
1754 3348 1825 3403 sit
1847 3347 2035 3416 judex,

466 3437 660 3509 dignos
683 3437 901 3509 quidem
922 3437 1222 3507 captivitati
1254 3438 1476 3493 tradidit
1506 3453 1521 3489 :
1548 3452 1683 3508 quos
1719 3448 1899 3494 autem
1933 3439 2038 3493 mi-

461 3530 637 3585 aerari
666 3545 767 3601 par
798 3538 939 3592 erat.
971 3544 1065 3585 eos
1091 3529 1269 3586 salvos
1309 3529 1443 3585 fecit
1471 3547 1484 3582 :
1515 3532 1658 3585 unde
1699 3532 1918 3587 beatum
1956 3541 2040 3587 est

461 3621 517 3677 in
548 3621 639 3677 illo
658 3636 923 3688 manere;
960 3621 1074 3678 sive
1105 3633 1164 3677 ut
1194 3622 1555 3693 Symmachus
1577 3623 1764 3687 edidit,
1803 3642 1823 3676 ι
1862 3622 2038 3693 ipsum

462 3714 753 3769 sustinere.
792 3733 813 3766 ι
866 3713 1299 3770 Consentaneum
1348 3714 1548 3785 quippe
1609 3724 1693 3769 est
1747 3714 2039 3770 stationem

466 3821 576 3861 non
601 3806 879 3874 deserere,
904 3821 1007 3862 nec
1028 3807 1096 3862 de
1131 3806 1334 3861 auxilio
1366 3806 1460 3863 Dei
1487 3807 1779 3876 desperare
1810 3807 1862 3861 in
1893 3809 2041 3861 cala-

465 3900 744 3956 mitatibus
798 3901 1229 3956 occurrentibus.
1274 3899 1346 3957 Ut
1376 3901 1559 3971 justus
1606 3901 1790 3971 itaque
1845 3902 2037 3971 judex,

465 4002 523 4047 et
544 4000 727 4064 utpote
750 3993 947 4057 bonus,
984 3993 1363 4058 miserebitur;
1400 3993 1557 4047 itaut
1587 3993 1715 4048 Siou
1743 4002 1798 4047 et
1826 3992 2042 4048 Jerusa-

465 4084 571 4141 lem
609 4086 788 4143 denuo
822 4086 1178 4152 aedificentur,
1220 4095 1275 4142 et
1310 4085 1366 4140 in
1412 4085 1505 4141 illa
1553 4100 1770 4143 rursum
1798 4085 2044 4155 'populus

469 4177 700 4232 habitet.

542 4267 704 4324 Vens.
736 4269 824 4326 l9.
866 4270 1127 4336 Quoniam
1152 4271 1378 4343 populus
1412 4281 1638 4328 sanctus
1666 4274 1721 4328 in
1761 4273 1891 4328 Sion
1942 4273 2046 4328 ba-

469 4361 682 4429 bitabit,
704 4370 759 4418 et
773 4361 1071 4417 Jerusalem
1093 4362 1219 4419 lletu
1249 4379 1353 4419 non
1378 4362 1550 4421 ﬂevit.
1599 4364 1863 4421 Miserere
1892 4364 1995 4419 mei
2028 4381 2042 4417 :

466 4454 816 4509 miserebitur
841 4455 940 4509 tui.
975 4452 1176 4511 Vocem
1224 4456 1483 4513 clamoris
1511 4459 1587 4512 tui
1624 4456 1844 4527 quando
1892 4454 2043 4521 vidit,

466 4544 747 4601 exaudivit
773 4554 845 4600 te.
884 4564 905 4599 ι
939 4546 1015 4601 ita
1041 4547 1185 4602 enim
1210 4547 1475 4604 Hebraica
1500 4548 1659 4605 lectio
1696 4548 2042 4605 circumfert:

2140 3366 2198 3419 ὲν
2226 3367 2392 3439 αὐτῷ,
2430 3387 2449 3420 ι
2476 3367 2694 3429 Δίκαιος
2722 3364 2831 3437 γάρ
2864 3364 2939 3418 ὢν
2995 3365 3208 3437 κριτὴς,
3237 3364 3364 3427 τοὺς
3394 3365 3490 3435 μὲν
3535 3360 3723 3428 ἀξίους

2141 3459 2485 3531 αἰχμαλωσίᾳ
2506 3458 2789 3530 παρεδίδου
2806 3474 2821 3487 ·
2854 3456 2948 3521 οὒς
2969 3457 3025 3510 δὲ
3050 3456 3254 3510 δίκαιον
3269 3455 3458 3519 ἐλεεῖν,
3486 3455 3689 3520 ἔσωζεν
3703 3471 3724 3487 ο

2141 3548 2264 3604 ὅθεν
2299 3547 2395 3602 καὶ
2426 3547 2694 3620 μακάριόν
2724 3549 2840 3600 ἐστι
2861 3546 2921 3600 τὺ
2940 3546 3197 3617 ἐμμένειν
3228 3546 3286 3599 ὲν
3309 3545 3485 3618 αὐτῷ’
3512 3545 3546 3617 ἦ
3581 3544 3724 3600 κατὰ

2141 3641 2232 3694 τὸν
2257 3639 2568 3711 Σύμμαχον,
2610 3658 2628 3691 ι
2669 3638 2959 3709 ὑπομένειν
2993 3637 3173 3691 αὐτόν.
3219 3657 3237 3688 ›
3271 3637 3450 3691 Καλὸν
3494 3636 3603 3709 γὰρ
3663 3637 3725 3691 τὸ

2147 3733 2219 3805 μὴ
2247 3733 2640 3795 λειποτακτεῖν,
2674 3733 2768 3786 καὶ
2798 3732 2869 3803 μὴ
2904 3731 3302 3799 ἀπογινώσκειν
3334 3730 3434 3802 τὴν
3461 3730 3555 3784 τοῦ
3585 3730 3723 3785 Θεοῦ

2146 3821 2398 3895 βοήθειαν
2436 3825 2493 3876 ὲν
2541 3825 2660 3887 ταῖς
2693 3822 3232 3893 καταλαμϐανούσαις
3264 3824 3588 3893 συμφοραῖς.
3636 3823 3729 3887 Ὠς

2143 3916 2349 3979 δίκαιος
2390 3915 2674 3989 τοιγαροῦν
2717 3915 2927 3986 κριτὴς,
2979 3914 3073 3968 καὶ
3100 3913 3176 3977 ὡς
3212 3914 3412 3983 ἀγαθὸς
3459 3914 3621 3968 πάλιν
3650 3916 3731 3968 οἰ-

2145 4010 2421 4079 κτειρήσει
2444 4024 2457 4037 °
2491 4008 2567 4072 ὡς
2597 4008 2693 4079 τὴν
2726 4006 2862 4061 Σιὼν
2890 4006 2984 4061 καὶ
3022 4006 3118 4077 τὴν
3163 4006 3515 4078 Ἰερουσαλὴμ
3545 4006 3732 4060 δεύτε-

2150 4115 2240 4170 ρον
2292 4097 2748 4170 οἰκοδομηθῆναι,
2792 4100 2884 4152 καὶ
2916 4094 3071 4162 αὖθις
3110 4099 3168 4150 ὲν
3220 4098 3356 4170 αὐτῇ
3400 4098 3728 4169 κατοικῆσαι

2144 4185 2294 4240 λαόν.

2218 4298 2238 4331 ι
2272 4279 2414 4333 Διότι
2444 4278 2570 4343 λαὸς
2594 4278 2748 4348 ἆγιος
2778 4280 2836 4332 ἐν
2895 4279 3034 4334 Σιὼν
3058 4281 3292 4352 οἰκήσει,
3322 4280 3418 4335 καὶ
3454 4281 3728 4353 Ἰερουσα-

2145 4371 2258 4443 λὴμ
2296 4371 2558 4443 κλαυθμῷ
2582 4373 2685 4425 οὐκ
2728 4370 3011 4427 ἔκλαυσεν.
3056 4373 3308 4445 Ἐλέησόν
3359 4390 3459 4445 με·
3513 4374 3730 4445 ἐλεήσει

2148 4478 2228 4514 σε.
2255 4461 2364 4532 Τὴν
2390 4462 2573 4532 φωνὴν
2607 4460 2707 4531 τῆς
2756 4460 3006 4532 κραυγῆς
3044 4478 3137 4515 σου
3168 4463 3331 4533 ἡνίκα
3398 4455 3557 4527 εἶδεν,
3626 4464 3733 4515 ὲπ-

2147 4552 2348 4623 ήκουσέ
2372 4568 2486 4605 σου.
2525 4570 2544 4603 ι
2599 4551 2756 4605 υῦτω
2778 4550 2887 4623 γὰρ
2915 4553 3158 4625 περιέχει
3181 4554 3214 4625 ἡ
3260 4553 3519 4625 Ἑϐραῖκὴ
3547 4552 3727 4620 λέξιςο

464 4654 635 4708 quare
662 4639 1021 4712 Symmachus
1047 4641 1127 4696 sic
1153 4642 1335 4708 habet,
1376 4662 1396 4695 ι
1423 4642 1747 4706 Jerusalem,
1778 4640 1905 4698 fletu
1942 4656 2036 4695 non

2150 4641 2232 4695 διὸ
2277 4640 2419 4694 κατά
2456 4640 2548 4694 τὸν
2590 4640 2905 4712 ’Σύμμαχον
2966 4642 3213 4713 εἴρηται*
3275 4660 3293 4693 ι
3339 4640 3730 4713 Ἰερουσαλὴμ,

464 4732 658 4797 flebis;
689 4752 707 4785 ›
740 4733 1039 4790 Theodotio
1061 4735 1336 4801 similiter,
1362 4754 1380 4788 ι
1407 4737 1464 4790 In
1484 4734 1919 4791 Jerusalemﬂetu
1946 4751 2052 4789 non

466 4825 704 4881 flebitur.
732 4844 753 4878 ι
797 4825 1078 4895 Siquidem
1136 4841 1245 4881 non
1294 4826 1455 4882 ﬂendi
1496 4836 1707 4895 tempus
1749 4826 1938 4881 aderat
1984 4826 2052 4881 iis

467 4920 561 4988 qui
590 4935 653 4975 ex
675 4919 1048 4975 misericordia
1072 4918 1161 4974 Dei
1177 4930 1462 4989 paternum
1487 4919 1659 4975 solum
1684 4918 2048 4989 repetierant;

468 5013 676 5082 quique
704 5027 767 5067 ea
791 5012 857 5068 de
876 5026 1036 5067 causa
1056 5011 1367 5081 gaudebant
1392 5021 1452 5068 et
1491 5010 1811 5067 laetabantur
1830 5053 1843 5076 ,
1876 5020 1937 5065 ut
1969 5011 2053 5064 di-

470 5106 693 5160 citurzc
728 5105 1024 5160 Venientes
1069 5114 1253 5159 autem
1300 5106 1521 5160 venient
1564 5106 1617 5160 in
1667 5105 2046 5171 exsultatione,

470 5208 751 5267 portantes
778 5197 1079 5275 manipulos
1104 5212 1232 5252 suos
1259 5198 1325 5252 ’⁸.
1368 5217 1386 5250 ι
1420 5198 1652 5251 Sanctos
1701 5212 1862 5266 porro
1894 5207 2048 5251 vocat

471 5305 568 5343 eos
597 5291 689 5359 qui
757 5290 1077 5359 pmniteutia
1124 5290 1468 5345 sanctitatem
1518 5291 1620 5345 sibi
1663 5299 2044 5359 procurarunt.

474 5380 903 5453 Hierosolymam
939 5398 1066 5439 vero
1103 5382 1318 5438 flentem
1343 5383 1552 5438 inducit
1582 5385 1864 5454 propheta,
1906 5385 2047 5452 quod

473 5473 955 5529 commiseratione
991 5484 1167 5530 motus
1199 5473 1362 5529 talem
1404 5474 1549 5529 illam
1577 5489 1695 5530 esse
1731 5476 1831 5530 sibi
1866 5486 2048 5531 mente

472 5564 809 5620 formaverit.
850 5565 954 5620 Pro
1005 5566 1093 5620 illo
1130 5576 1332 5633 autem,
1387 5585 1407 5619 ι
1446 5569 1645 5623 Vocem
1686 5568 1936 5624 clamoris
1972 5568 2048 5624 tui

471 5660 691 5725 quando
716 5658 870 5723 vidit,
896 5659 1175 5714 exaudivit
1203 5668 1277 5725 te,
1312 5677 1331 5713 ι
1377 5659 1738 5731 Symmachus
1763 5660 1860 5725 ait,
1896 5679 1916 5713 ι
1943 5661 2048 5715 Vo-

472 5767 592 5806 cem
624 5752 881 5808 clamoris
909 5753 1010 5820 tui,
1038 5754 1179 5809 sicut
1216 5752 1462 5810 auditqu
1490 5753 1676 5822 fuerit,
1713 5754 1897 5811 audiet
1923 5764 1992 5810 te.
2028 5776 2047 5807 ι

546 5930 590 5965 ³⁸
622 5928 765 5986 Psal.
792 5945 954 5997 cxxv,
980 5931 1033 5987 6.

2154 4732 2428 4803 κλαυθμὸν
2449 4733 2509 4785 ού
2536 4732 2789 4798 κλαύσεις
2808 4750 2822 4764 ο
2858 4753 2877 4786 ι
2904 4733 3104 4804 ὁμοίως
3122 4733 3180 4787 δὲ
3207 4734 3300 4787 καὶ
3322 4732 3463 4787 κατά
3483 4733 3577 4786 τὸν
3603 4732 3733 4787 Θεο-

2151 4826 2379 4880 δοτίωνα
2421 4825 2665 4897 εἴρηται·
2713 4844 2733 4877 ι
2787 4826 2876 4879 Ἐν
2932 4825 3283 4896 Ἰερουσαλὴμ
3338 4824 3613 4896 κλαυθμὸς
3667 4825 3731 4877 ού

2152 4917 2575 4988 κλαυσθήσεται.
2602 4936 2620 4968 ι
2656 4917 2850 4971 Οὐκέτι
2873 4917 2981 4989 γὰρ
3001 4913 3069 4988 ἦν
3104 4917 3293 4990 καιρὸς
3309 4915 3588 4987 κλαυθμοῦ
3617 4918 3733 4980 τοῖς

2150 5010 2239 5064 διὰ
2265 5010 2355 5064 τὸν
2379 5010 2525 5064 ἔλεον
2546 5010 2640 5063 τοῦ
2670 5010 2805 5063 Θεοῦ
2838 5010 3169 5064 ἀπολαϐοῦσι
3205 5010 3265 5064 τὸ
3307 5008 3558 5081 πατρῷον
3611 5008 3733 5061 ἔδα-

2152 5122 2270 5174 φος,
2302 5104 2393 5157 καὶ
2418 5104 2510 5157 ἐπὶ
2528 5103 2701 5174 τούτῳ
2716 5102 2966 5174 χαίρουσι
2992 5105 3086 5157 καὶ
3112 5103 3570 5174 εύφραινομένοις,
3589 5101 3733 5155 κατὰ

2152 5197 2213 5249 τὸ
2238 5196 2524 5268 εἰρημένον
2542 5212 2555 5226 °
2581 5214 2599 5246 ι
2648 5196 2957 5267 Ἐρχόμενοι
2982 5196 3037 5248 δὲ
3059 5197 3275 5267 ἥξουσιν
3300 5198 3357 5249 ὲν
3390 5195 3728 5266 ἀγαλλιάσει,

2156 5288 2399 5360 αἴροντες
2446 5288 2513 5341 τὰ
2545 5288 2835 5358 δράγματα
2896 5288 3097 5342 αὐτῶν.
3144 5309 3162 5341 ι
3206 5290 3420 5357 Ἀγίους
3465 5288 3520 5342 δὲ
3578 5289 3733 5341 καλεῖ

2154 5381 2282 5444 τοὺς
2304 5379 2393 5434 διὰ
2429 5380 2529 5450 τῆς
2565 5378 2851 5450 μετανοίας
2905 5380 2996 5433 τὸν
3045 5381 3312 5450 ἀγιασμὺν
3356 5379 3731 5449 ἐφελκυσαμέ-

2156 5490 2301 5536 νους.
2340 5471 2646 5526 Κλαίουσαν
2678 5474 2734 5527 δὲ
2760 5475 2859 5545 τὴν
2904 5472 3255 5545 Ἰερουσαλὴμ
3281 5471 3486 5539 εἰσάγει
3515 5471 3545 5522 ὁ
3595 5487 3731 5541 προ-

2158 5565 2375 5635 φήτης,
2432 5565 2829 5635 προανατυπῶν
2883 5565 3053 5637 αὐτὴν
3115 5562 3369 5634 τοιαύτην
3417 5561 3559 5616 κατά
3608 5560 3731 5614 νοῦν

2158 5656 2349 5709 ἑαυτοῦ
2368 5659 2480 5720 τοῖς
2506 5656 2606 5728 τῆς
2632 5657 2972 5728 συμπαθείας
3004 5656 3345 5726 σπλάγχνοις.
3364 5654 3507 5707 Ἀντί
3528 5653 3586 5706 δὲ
3612 5650 3729 5707 τοῦ.

2158 5767 2175 5802 ι
2216 5748 2326 5822 Τὴν
2348 5749 2532 5822 φωνὴν
2554 5750 2656 5822 τῆς
2688 5750 2934 5824 κραυγῆς
2977 5766 3071 5803 σου
3104 5747 3266 5819 ἡνίκα
3290 5742 3428 5801 εἶδεν
3446 5786 3460 5812 ,
3488 5745 3722 5817 ὲπήκσυ-
