3984 6512
255 458 359 514 369

1178 428 1681 509 counsuranm
1717 448 1783 503 lN
1823 446 2082 503 ISAIAM.
2122 477 2189 488 -
2228 445 2379 500 CAP.
2417 444 2585 499 xxx.

3405 440 3515 495 510

258 578 315 631 σέ
361 593 483 641 σου,
524 595 541 625 ι
597 576 623 629 ό
647 573 939 645 Σύμμχὸς
972 590 1124 643 φησι,
1172 590 1189 622 ί
1222 572 1333 641 Τὴν
1369 568 1550 640 φωνὴν
1578 568 1674 639 τῆς
1712 566 1830 636 βοῆς

1943 562 2131 619 Simile
2168 572 2343 616 autem
2385 561 2509 615 huic
2561 566 2643 614 est
2701 557 2855 621 illud,
2919 575 2939 609 ι
2983 554 3293 611 Secundum
3348 554 3507 607 ﬁdem

257 687 376 731 σου,
410 666 595 730 καθὼς
626 667 690 720 ἂν
747 664 1011 734 ἀκουσθῇ,
1049 663 1231 716 ἀκούει
1284 679 1399 714 σου.
1436 680 1452 711 ι
1508 660 1729 729 Ὅμοιον
1782 656 1839 709 δὲ

252 760 455 830 τούτῳ,
490 779 506 809 ι
542 758 700 811 Κατὰ
725 757 822 827 τὴν
844 756 1026 808 πίστιν
1072 771 1164 806 σου
1194 752 1478 823 γενηθήτω
1512 767 1612 813 σοι,
1657 768 1674 800 ι
1714 750 1837 800 εἰω-

253 852 370 904 θότι
401 849 657 917 λέγεσθαι
693 848 799 901 ὑπὸ
822 847 915 899 τοῦ
936 846 1205 915 Σωτῆρος.
1240 844 1351 896 Νῦν
1388 844 1484 913 μὲν
1506 841 1633 911 γὰρ,
1652 839 1834 910 φησιν,

252 946 353 996 οὐκ
385 942 640 1004 ἕκλαυσε,
663 940 784 993 καθ’
811 940 996 1011 ἕτερον
1023 938 1079 990 δὲ
1102 935 1291 1006 καιρὸν
1320 934 1474 987 τοῦτο
1502 934 1663 985 ποιεῖ.
1695 930 1838 999 Πλὴν

253 1039 281 1088 ὁ
313 1035 477 1101 λόγος
515 1035 770 1104 παραινεῖ
810 1033 945 1101 αὐτῇ
992 1030 1119 1099 βοᾷν
1145 1029 1279 1100 πρὸς
1302 1028 1390 1080 τὸν
1418 1026 1549 1077 Θεὸν
1588 1026 1833 1077 πάντοτε.

260 1149 275 1178 ι
318 1128 467 1196 Πρὸς
493 1126 592 1195 τήν
645 1126 827 1195 φωνήν
870 1140 985 1186 σου,
1041 1123 1235 1192 φησὶν,
1292 1115 1714 1189 ἀποκριθήσεταί
1760 1130 1838 1166 σοι

251 1222 279 1271 ὁ
306 1219 463 1282 Θεός.
498 1237 517 1269 ι

326 1332 345 1361 ί
384 1311 500 1363 Καὶ
529 1310 690 1362 δώσει
720 1310 921 1381 Κύριος
952 1312 1077 1380 ὑμῖν
1103 1309 1263 1379 ἄρτον
1293 1304 1541 1373 θλίψεως,
1572 1302 1662 1355 καὶ
1696 1300 1839 1369 ὕδωρ

253 1403 444 1455 στενόν
466 1418 479 1430 ·
508 1403 603 1455 καὶ
620 1402 803 1455 οὐκέτι
840 1401 913 1473 μή
944 1399 1202 1469 ἐγγίσωσί
1231 1416 1311 1451 σοι
1332 1398 1379 1450 οἱ
1405 1394 1712 1457 πλανῶντες
1739 1410 1796 1446 σε
1821 1413 1833 1425 ο

251 1496 333 1548 ὅτι
364 1497 415 1547 οί
446 1493 715 1564 ὀφθαλμοί
746 1510 838 1546 σου
860 1493 1078 1563 ὄψονται
1099 1494 1223 1556 τοὺς
1250 1489 1562 1553 πλανῶντάς
1605 1504 1694 1539 σε·
1747 1488 1840 1540 καὶ

250 1586 316 1637 τὰ
346 1579 469 1638 ὧτὰ
502 1602 595 1638 σου
634 1584 961 1638 ἀκούσονται
992 1586 1116 1648 τοὺς
1174 1583 1365 1650 λόγους
1388 1581 1495 1633 τῶν
1555 1579 1729 1632 ὀπίσω
1780 1594 1837 1631 σε

254 1676 651 1744 πλανησάντων
676 1693 688 1706 ’
724 1678 772 1729 οἱ
800 1676 1045 1744 λέγοντες
1063 1693 1076 1706 ο
1102 1675 1247 1745 Αὕτη
1276 1672 1463 1744 ήόδδς,
1488 1670 1840 1742 πορευθῶμεν

247 1768 305 1817 ὲν
339 1768 511 1839 αὐτῇ,
540 1768 649 1820 εἴτε
677 1767 846 1832 δεξιὰ,
882 1768 991 1820 εἴτε
1026 1766 1305 1839 ἀριστερά.
1342 1786 1358 1816 ι
1381 1764 1631 1818 Διδάσκει
1659 1762 1713 1815 δὲ
1755 1760 1841 1815 διὰ

248 1860 484 1922 τούτων,
522 1860 597 1923 ὡς
619 1862 675 1913 ὲν
705 1862 802 1931 μὲν
824 1863 888 1931 τῇ
907 1860 1047 1931 ἀρχῇ
1079 1859 1178 1928 τῆς
1214 1859 1469 1912 ἐπανόδου
1498 1857 1698 1926 πολλῆς
1727 1856 1839 1908 θλι-

1942 667 2085 712 tuam
2137 656 2229 709 ﬁat
2271 654 2406 718 libi,
2451 671 2470 703 ι
2528 651 2669 719 quod
2706 667 2734 703 a
2772 649 3051 703 Salvatore
3097 648 3204 702 dici
3236 646 3389 701 solet.
3448 646 3521 699 Et

1940 764 2085 803 nunc
2106 748 2343 817 quidem,
2379 746 2474 810 ait,
2531 759 2635 798 non
2685 741 2851 806 ﬂevit,
2895 742 2993 795 sed
3037 740 3144 794 alio
3181 750 3421 808 temporc
3461 740 3510 791 id

1940 840 2234 909 praestabit.
2273 837 2544 892 Caeterum
2586 835 2674 889 hic
2699 843 2973 897 monetur,
3004 834 3146 887 utad
3178 832 3342 885 Deum
3371 847 3513 885 scm-

1941 949 2039 1003 per
2065 932 2280 986 clamet.
2329 947 2349 982 (
2389 931 2467 985 Ad
2492 943 2676 984 vocem
2704 936 2873 993 tuam,
2909 926 3119 995 inquit,
3160 924 3516 992 respondebit

1941 1027 2032 1081 tibi
2060 1026 2220 1081 Deus.
2256 1046 2273 1076 ι

2017 1290 2176 1345 Vens.
2215 1290 2304 1355 20,
2334 1290 2424 1344 2i.
2472 1310 2489 1343 ι
2539 1291 2603 1345 Ει
2638 1291 2787 1346 dabit
2817 1291 2969 1345 vobis
3022 1289 3281 1344 Dominus
3322 1304 3512 1359 panem

1943 1384 2263 1447 alllictionis,
2291 1393 2345 1437 et
2370 1399 2563 1452 aquam
2588 1393 2872 1452 angustam
2895 1399 2907 1433 :
2929 1392 2982 1436 et
3021 1394 3356 1450 nequaquam
3377 1379 3513 1432 ultra

1941 1475 2448 1545 appropinquabuut
2478 1476 2572 1529 tibi
2597 1476 2709 1545 {qui
2751 1490 2933 1529 errare
2998 1474 3202 1527 faciunt
3253 1482 3341 1536 te,
3390 1472 3517 1540 quia

1941 1570 2079 1623 oculi
2127 1570 2199 1624 lui
2251 1569 2506 1623 videbunt
2545 1583 2669 1633 eos,
2711 1569 2803 1637 qui
2850 1584 3038 1621 errare
3076 1567 3278 1620 faciunt
3319 1574 3371 1619 te
3413 1579 3427 1616 :
3464 1574 3519 1618 et

1942 1678 2103 1718 aures
2131 1673 2235 1717 tua:
2282 1664 2500 1716 audient
2530 1665 2695 1715 verba
2737 1654 2922 1715 eorum
2983 1661 3073 1730 qni
3118 1669 3413 1714 retrorsum
3467 1667 3519 1711 te

1942 1769 2132 1809 errare
2163 1755 2410 1809 fecerunt
2442 1772 2454 1809 :
2488 1753 2581 1822 qui
2609 1754 2797 1808 dicunt
2832 1772 2845 1807 :
2887 1754 3008 1807 llmc
3035 1754 3145 1816 via,
3180 1752 3519 1807 ambulemus

1945 1846 1996 1901 in
2037 1863 2134 1912 ea,
2179 1847 2292 1902 sive
2328 1848 2395 1900 ad
2434 1848 2714 1909 dextram,
2758 1848 2871 1900 sive
2908 1846 2971 1899 ad
3018 1846 3320 1899 sinistram.
3357 1862 3376 1896 ι
3418 1842 3519 1899 llic

248 1952 390 2020 ψεως
417 1927 761 2021 μετέσχον
1201 1948 1462 2019 πολεμίας
1515 1946 1830 2000 ἐπανελθόν-

1940 1940 2118 2006 docet,
2160 1954 2253 1995 eos
2305 1940 2394 2011 qui
2451 1954 2515 1993 ex
2549 1940 2765 1994 inimica
2820 1949 2965 1994 terra
3005 1939 3205 1992 reversi
3266 1948 3428 2002 sunt,
3464 1938 3515 1990 in
3568 1960 3573 1967 -

248 2060 358 2107 τες,
395 2042 513 2095 τῶν
553 2040 873 2113 περιχώρων
916 2040 1202 2094 θλιϐόντων
1235 2039 1451 2102 αὐτοὺς,
1503 2038 1579 2100 ὡς
1632 2040 1729 2091 καὶ
1771 2037 1832 2089 τὸ

248 2132 408 2201 ἔργον
444 2132 697 2201 ἐπισχεῖν
731 2135 829 2203 τῆς
868 2131 1152 2202 οἰκοδομῆς
1179 2132 1273 2184 τοῦ
1306 2132 1473 2203 ἱεροῦ.
1523 2132 1694 2187 Τοῦτο
1737 2129 1831 2186 οῦν

250 2227 341 2277 καί
375 2227 436 2277 ἐν
462 2226 531 2295 τῇ
568 2225 778 2295 ἱστορίᾳ
812 2226 869 2275 ἐν
891 2226 957 2294 τῇ
994 2223 1159 2294 βίϐλῳ
1202 2223 1298 2277 τοῦ
1333 2224 1537 2295 Ἔσδρα
1569 2224 1826 2278 διδάσκει.

252 2316 340 2368 Διὸ
369 2316 563 2368 οὐκέτι
594 2314 921 2385 πλανήσουσί
976 2331 1063 2367 σε’
1122 2316 1170 2366 εἰ
1232 2314 1341 2385 γὰρ
1390 2317 1482 2368 καὶ⁵
1524 2314 1832 2386 πειραθεῖεν

244 2408 400 2461 τοῦτο
451 2408 661 2478 πρᾶξαί
713 2425 877 2471 τινες,
910 2406 1023 2459 ἀλλ’
1056 2408 1106 2459 οἱ
1161 2406 1428 2477 ὀφθαλμοί
1470 2425 1562 2460 σου
1614 2407 1831 2477 ὗψονται

246 2499 468 2561 αὐτούς.
517 2498 737 2561 Ἰδόντες
791 2497 849 2549 δὲ
897 2496 1093 2559 αὐτοὺς
1136 2497 1231 2549 καὶ
1262 2499 1587 2569 νοήσαντες,
1612 2500 1672 2553 ού
1698 2501 1831 2552 πλα-

246 2591 597 2661 νηθήσονται.
628 2590 737 2642 Καὶ
787 2589 946 2642 πάλιν
983 2590 1031 2641 εἰ
1060 2588 1365 2660 πειραθεῖεν
1404 2591 1612 2661 ἑτέροις
1651 2591 1829 2660 λόγοις

248 2685 552 2755 ἀπατηλοῖς
580 2682 909 2753 διαστροφάς
932 2682 1067 2754 πρὸς
1095 2684 1238 2754 ὑμᾶς
1272 2684 1471 2741 λαλεῖν.
1496 2685 1591 2738 καὶ
1628 2686 1832 2737 τούτων

247 2776 313 2828 τὰ
339 2778 569 2847 ῥήματα
597 2776 657 2828 οὐ
692 2771 1081 2846 παραδέξονται
1117 2774 1186 2827 τὰ
1219 2768 1335 2827 ὦτά
1362 2792 1487 2827 σου·
1537 2776 1638 2829 κᾶν
1684 2778 1830 2831 ἀπα-

246 2868 448 2931 τῶντες
478 2867 686 2937 λέγοιεν
705 2884 718 2896 ’
754 2887 771 2917 ι
798 2866 942 2937 Αῦτη
970 2867 1161 2937 ήόδὸς,
1194 2866 1546 2938 πορευθῶμεν
1584 2870 1641 2921 ὲν
1670 2871 1829 2941 αὐτῇ,

249 2960 356 3013 εἴτε
386 2959 566 3024 δεξιὰ,
596 2961 706 3013 εἴτε
738 2959 1033 3031 ἀριστερά·
1078 2978 1095 3010 ι
1126 2960 1184 3011 ού
1212 2958 1480 3031 πεισθήσῃ
1504 2960 1613 3031 γάρ
1651 2962 1833 3026 αὐτοῖς

249 3052 670 3121 λέγουσιίταῦτα
694 3069 708 3083 ⁸
742 3052 856 3106 ἀλλ’
891 3051 1276 3123 όδῷρβασιλικῇ
1301 3052 1560 3125 πορεύσῃ,
1582 3055 1681 3126 τὴν
1732 3056 1829 3125 μέ-

250 3163 344 3215 σην
380 3145 611 3210 ὁδεύων,
642 3146 733 3198 καὶ
763 3145 836 3216 μὴ
857 3144 1119 3197 ἐκκλίνων
1144 3145 1280 3215 μήτε
1309 3148 1387 3210 εἰς
1418 3146 1565 3210 δεξιὰ
1594 3149 1729 3219 μήτε
1752 3151 1831 3213 εἰς

248 3238 437 3308 ὰριστε
449 3239 537 3308 ρά.

310 3350 329 3381 ι
358 3331 479 3383 Καὶ
520 3332 731 3401 μιανεῖς
759 3329 826 3383 τὰ
853 3329 1042 3384 εἴδωλα
1070 3331 1136 3385 τά
1174 3333 1687 3405 περιηργυρωμένα,
1739 3335 1832 3388 καὶ

248 3422 776 3493 περικεχρυσωμένα
811 3420 982 3475 λεπτὰ
1009 3424 1284 3494 ποιήσεις,
1316 3424 1409 3476 καὶ
1449 3424 1733 3495 λικμήσεις
1758 3426 1833 3491 ὡς

247 3510 387 3586 ὕδωρ
410 3512 865 3584 ἀποκαθημένης,
896 3514 991 3568 καὶ
1019 3515 1093 3579 ὼς
1126 3516 1328 3588 κόπρον
1348 3516 1508 3581 ὥσεις
1528 3518 1831 3572 αύτά.Τότε

247 3604 397 3660 ἔσται
423 3609 456 3660 ὁ
487 3606 642 3669 ὑετὸς
669 3604 748 3677 τῷ
781 3606 1054 3677 σπέρματι
1072 3609 1172 3678 τῆς
1204 3609 1308 3679 γῆς
1337 3626 1451 3671 σου,
1486 3609 1581 3661 καὶ
1607 3610 1635 3660 ό
1668 3609 1831 3680 ἄρτος

250 3700 340 3754 τοῦ
370 3702 718 3772 γεννήματος
763 3699 865 3769 τῆς
897 3699 1001 3770 γῆς
1053 3717 1146 3754 σου
1197 3701 1347 3755 ἔσται
1394 3700 1677 3772 πλησμονὴ
1738 3702 1831 3755 καὶ

248 3790 497 3867 λιπαρός.
548 3812 567 3843 ο
605 3793 790 3846 Πάντα
828 3794 908 3856 είς
935 3794 994 3846 σὲ
1041 3793 1461 3865 πληρωθήσεται
1511 3796 1568 3846 ὲν
1608 3794 1831 3865 εὑθηνίᾳ

247 3885 443 3956 πολλῇ,
467 3885 563 3938 καὶ
595 3884 872 3960 βαθυτάτῃ
900 3888 1092 3960 εἰρήνῃ
1135 3886 1232 3957 τὴν
1276 3886 1421 3957 ζωὴν
1469 3885 1826 3940 διατελοῦντι⁸

249 3976 320 4041 ὠς
340 3977 443 4031 καὶ
470 3977 620 4047 παρὰ
648 3979 731 4031 σοὶ
759 3976 892 4043 ζῶα,
925 3980 1019 4033 καὶ
1044 3978 1275 4049 μάλιστα
1306 3980 1405 4050 τήν
1434 3978 1615 4051 χώραν
1660 3997 1831 4052 γεωρ-

246 4071 452 4139 γοῦντα
473 4110 490 4135 ,
519 4070 852 4142 πληροῦσθαι
877 4071 974 4143 τῆς
1001 4072 1182 4134 αὐτοῖς
1211 4071 1352 4125 κατὰ
1374 4075 1534 4140 φύσιν
1553 4074 1776 4144 τροφῆς.

322 4182 341 4213 r
381 4162 501 4217 Kal.
528 4162 924 4233 βοσκηθήσεταί
953 4180 1044 4215 σου
1076 4162 1144 4216 τὰ
1174 4164 1343 4235 κτήνη
1370 4166 1435 4235 τῇ
1473 4165 1654 4235 ἡμέρᾳ
1684 4165 1827 4217 ὲκεί-

249 4269 314 4327 νῃ
332 4256 505 4308 τόπον
531 4255 689 4307 πίονα
713 4255 807 4307 καὶ
826 4254 1155 4328 εὐρύχωρον.
1191 4256 1254 4308 Οἱ
1298 4255 1488 4327 ταῦροι
1521 4256 1677 4325 ὑμῶν
1737 4258 1830 4311 καὶ

247 4349 296 4401 οἱ
331 4348 459 4418 βόες
488 4349 539 4399 οἱ
559 4346 912 4418 ἐργαζόμενοι
934 4347 1031 4418 τὴν
1061 4348 1167 4417 γῆν
1195 4346 1457 4417 φάγονται
1483 4348 1661 4426 ἄχυρα
1700 4350 1831 4403 ἁναε

250 4437 598 4509 πεποιημένα
622 4438 680 4489 ὲν
718 4437 878 4508 κριθῇ
925 4436 1320 4509 λελικμημένῃ.
1382 4437 1491 4490 Καὶ
1532 4436 1685 4490 ἔσται
1739 4439 1831 4492 ἐπὶ

250 4531 453 4593 παντὸς
495 4529 654 4601 ὅρους
684 4528 887 4601 ὑψηλοῦ
922 4531 1014 4583 καὶ
1044 4530 1138 4583 ἐπὶ
1168 4528 1369 4593 παντὸς
1410 4528 1596 4599 βουνοῦ
1629 4530 1830 4601 μετεώ-

1934 2032 2200 2100 principio
2241 2033 2445 2087 reditus
2469 2032 2664 2087 multas
2705 2047 2975 2086 mrnmnas
3022 2042 3181 2095 atque
3234 2031 3514 2085 molestias

1934 2137 1961 2174 a
1992 2122 2238 2177 tinitimis
2264 2124 2375 2177 suis
2406 2137 2527 2178 esse
2555 2137 2837 2193 perpessos
2860 2164 2875 2188 ,
2913 2124 2983 2176 ita
3025 2133 3081 2177 ut
3107 2123 3293 2192 templi
3344 2123 3514 2177 fabri-

1934 2228 2055 2268 cam
2085 2215 2421 2270 cohiberent.
2449 2215 2501 2270 ld
2532 2232 2661 2270 vero
2687 2216 2738 2269 in
2777 2217 2999 2270 historia
3028 2215 3147 2269 libri
3197 2214 3383 2270 Esdrae
3422 2217 3517 2269 de-

1935 2309 2191 2364 claratur.
2227 2309 2589 2375 Quamobrem
2629 2324 2733 2363 non
2768 2307 2906 2361 ultra
2950 2323 3137 2362 errare
3194 2318 3246 2360 te
3278 2307 3513 2372 facient;

1933 2403 2143 2457 etiamsi
2186 2405 2330 2457 enim
2382 2404 2599 2474 quidam
2648 2404 2699 2456 id
2749 2403 3101 2465 tentaverint,
3152 2412 3205 2454 at
3247 2403 3388 2456 oculi
3440 2404 3517 2457 tui

1933 2496 2193 2552 videbunt
2236 2496 2378 2551 illos.
2418 2496 2553 2552 Cum
2604 2510 2765 2565 porro
2813 2497 3032 2550 videant
3084 2505 3138 2549 et
3186 2495 3515 2565 intelligant,

1934 2605 2277 2661 nequaquam
2308 2592 2360 2644 in
2392 2604 2633 2645 errorem
2674 2588 3027 2642 deducentur.
3079 2585 3426 2657 Rursumque
3468 2589 3513 2642 si

1933 2687 2172 2743 subdolis
2225 2686 2614 2754 fallacibusque
2657 2682 2815 2737 dictis
2866 2693 3120 2749 perversa
3171 2678 3325 2732 vobis
3368 2678 3514 2748 loqui

1932 2787 2215 2841 conentur,
2248 2778 2441 2832 horum
2473 2778 2637 2831 verba
2687 2790 2793 2829 non
2831 2774 3105 2843 excipient
3148 2787 3309 2827 aures
3364 2783 3467 2826 tua:
3498 2790 3513 2825 τ

1932 2870 2146 2924 etiamsi
2174 2870 2440 2924 fallaciter
2470 2870 2674 2933 dicant,
2721 2884 2738 2916 ι
2774 2867 2897 2921 llaec
2928 2867 3034 2929 via,
3069 2866 3411 2919 ambulemus
3456 2866 3509 2919 in

1932 2977 2019 3031 ea,
2039 2965 2151 3020 sive
2178 2964 2245 3018 ad
2269 2963 2538 3028 dextram,
2562 2962 2675 3017 sive
2699 2962 2765 3015 ad
2790 2958 3066 3015 sinistram
3095 2975 3107 3009 :
3137 2976 3155 3009 ι
3195 2958 3278 3011 his
3314 2958 3514 3026 quippe

1936 3055 2059 3110 talia
2091 3054 2468 3111 cﬂ‘utientibus
2511 3071 2617 3109 non
2652 3052 3092 3122 obtemperabis;
3128 3052 3221 3106 sed
3266 3051 3317 3104 in
3365 3053 3511 3120 regia

1934 3150 2020 3203 via
2061 3148 2385 3212 ambulabis,
2434 3148 2666 3203 mediam
2728 3157 2955 3213 tenens,
2999 3160 3172 3215 neque
3232 3144 3512 3200 declinans

1859 3267 1901 3325 ρ
1936 3241 2001 3295 ad
2033 3240 2315 3295 dexteram
2353 3240 2437 3295 vel
2468 3242 2534 3295 ad
2565 3241 2865 3297 sinistram.

2004 3331 2384 3388 Vsas.2‘2-‘25.
2447 3351 2465 3385 ι
2506 3333 2572 3388 Et
2618 3333 3014 3389 contaminabis
3054 3333 3192 3387 idola
3249 3312 3513 3403 dcargen-

1916 3431 2073 3489 ’tata,
2106 3432 2160 3478 et
2200 3425 2459 3479 deaurata
2517 3426 2872 3489 comminues,
2917 3435 2972 3480 et
3030 3425 3309 3495 dispergcs
3372 3426 3513 3480 sicut

1934 3529 2128 3584 aquam
2170 3525 2543 3585 menstruata‘,
2568 3526 2623 3571 et
2676 3517 2819 3572 sicut
2876 3526 3087 3573 stercus
3139 3518 3362 3587 abjicies
3421 3533 3509 3573 ea.

1934 3605 2085 3661 Tunc
2105 3607 2208 3662 erit
2246 3607 2427 3677 pluvia
2462 3607 2659 3663 seminl
2689 3615 2847 3661 terra:
2881 3618 3008 3671 tuae,
3035 3617 3091 3664 et
3119 3609 3272 3677 panis
3294 3607 3509 3679 frugum

1935 3705 2095 3754 terra:
2127 3708 2232 3755 tua:
2280 3700 2387 3756 erit
2425 3700 2710 3755 abundans
2743 3708 2797 3756 et
2822 3696 3061 3771 pinguis.
3092 3718 3111 3751 ι
3146 3699 3339 3757 Omnia
3367 3701 3512 3771 apud

1937 3796 1990 3843 te
2032 3790 2190 3860 copia
2249 3805 2429 3846 rerum
2482 3790 2873 3861 implebuntur,
2928 3800 2983 3845 et
3044 3790 3307 3845 altissima
3381 3806 3511 3860 pace

1932 3880 2161 3952 frueris;
2195 3885 2267 3939 ita
2303 3884 2629 3940 utanimalia
2651 3895 2760 3948 tua,
2795 3886 3136 3953 maximeque
3166 3900 3228 3939 ea
3263 3900 3383 3954 qua:
3416 3902 3512 3941 σο·

1933 3974 2105 4031 lendis
2125 3978 2271 4047 agris
2303 3977 2421 4031 usui
2438 3986 2585 4042 sunt,
2601 3977 2797 4047 pabulo
2825 3987 3035 4031 natura“:
3058 3992 3169 4032 sua:
3186 3978 3507 4046 congruenti

1932 4067 2229 4124 abundent.
2263 4088 2283 4121 ι

2011 4180 2030 4213 ι
2056 4160 2119 4215 Ει
2141 4160 2685 4232 paseenturjumenta
2721 4169 2807 4215 tua
2840 4161 2892 4215 in
2923 4161 3009 4216 die
3038 4160 3128 4215 illa
3152 4162 3205 4215 in
3240 4161 3356 4217 loco
3385 4163 3508 4232 pin~

1928 4253 2017 4322 sui
2056 4262 2111 4308 et
2134 4253 2395 4323 spatioso.
2430 4254 2591 4309 Tauri
2625 4255 2792 4309 vestri
2829 4264 2885 4308 et
2924 4255 3114 4319 boves,
3155 4256 3245 4324 qui
3280 4269 3511 4325 operan-

1933 4353 2024 4399 tur
2063 4355 2290 4411 terram,
2342 4346 2624 4401 comedent
2686 4346 2872 4418 paleas
2918 4346 3244 4402 eommixtas
3303 4349 3511 4405 hordeo

1928 4439 2213 4495 Ventilato.
2239 4439 2304 4495 Et
2332 4439 2438 4494 erit
2476 4454 2637 4510 super
2674 4456 2889 4496 omnem
2933 4447 3172 4497 montem
3230 4442 3510 4498 excelsum

1932 4542 1988 4585 et
2010 4546 2171 4601 super
2208 4545 2425 4585 omnem
2455 4530 2648 4587 collem
2698 4533 2984 4587 sublimem
3023 4549 3163 4604 aqua
3209 4535 3507 4589 decurrens

253 4637 340 4689 ροο
374 4619 525 4690 ὕδωρ
549 4619 1003 4690 διαπορευόμενον
1031 4620 1090 4672 ἐν
1115 4620 1181 4689 τῇ
1228 4617 1411 4690 ἡμέρᾳ
1450 4618 1654 4689 ἐκείνῃ,
1702 4620 1829 4673 ὅταν

1939 4622 1988 4677 in
2015 4620 2103 4677 die
2135 4621 2245 4689 illa,
2275 4637 2394 4677 cum
2435 4622 2699 4693 perierint
2720 4624 2896 4690 nmlti,
2920 4634 2975 4679 et
3022 4640 3144 4680 cum
3197 4624 3508 4681 ceciderint

249 4712 556 4765 ἀπόλωνται
615 4711 802 4765 πολλοὶ¹
824 4752 840 4778 ,
884 4712 979 4765 καὶ
1032 4711 1163 4764 ὃταν
1212 4711 1418 4764 πέσωσι
1475 4712 1695 4783 πύργοι,
1737 4732 1753 4763 ι
1798 4713 1829 4783 ἢ

251 4804 391 4858 κατὰ
414 4804 507 4859 τὸν
526 4803 839 4875 Σύμμαχον,
865 4821 882 4852 ι
911 4804 966 4855 ὲν
982 4802 1166 4874 ἡμέρᾳ
1189 4804 1401 4875 σφαγῆς
1427 4804 1643 4875 πολλῆς,
1675 4806 1732 4858 ὲν
1755 4804 1832 4875 τῷ

252 4899 436 4950 πεσεῖν
468 4896 784 4968 μεγάλους.)
810 4896 947 4949 Πότε
975 4896 1031 4949 δὲ
1059 4894 1208 4948 ἔσται
1234 4897 1266 4965 ή
1304 4895 1469 4965 πολλὴ
1500 4896 1703 4967 σφαγὴ,
1738 4898 1831 4950 καὶ

253 4990 380 5043 πότε
412 4989 702 5043 πεσοῦνται
729 4990 778 5042 οἱ
810 4988 1057 5059 μεγάλοι,
1092 4988 1125 5059 ἢ
1171 4987 1312 5041 κατὰ
1338 4988 1429 5040 τὸν
1480 4990 1681 5060 καιρὸν,
1729 4990 1827 5059 τῆς

252 5080 477 5134 καθόλου
507 5080 739 5151 κρίσεως
758 5079 858 5150 τῆς
877 5079 1015 5151 μετὰ
1043 5078 1143 5149 τὴν
1176 5080 1481 5132 συντέλειαν
1509 5079 1603 5133 τοῦ
1632 5081 1829 5144 αἰῶνος

253 5171 434 5225 τούτου
451 5171 823 5243 γεγενημένης
840 5171 974 5242 (58);
1003 5171 1092 5224 Διὸ
1107 5169 1321 5243 εἴρηται
1340 5171 1480 5226 κατὰ
1505 5172 1631 5235 τοὺς
1644 5170 1825 5224 Ἑϐδο-

257 5264 515 5335 μήκοντα,
553 5283 573 5316 ι
605 5266 771 5318 Ὅταν
813 5264 1023 5318 πέσωσι
1049 5263 1267 5335 πύργοι,
1298 5264 1391 5317 καὶ
1431 5265 1558 5318 ὅταν
1581 5264 1824 5318 ἀπόλων-

254 5370 339 5407 ται
378 5356 578 5409 πολλοί.
615 5374 633 5406 ι
672 5355 865 5408 Πολλοὶ
904 5355 1015 5427 γάρ
1072 5355 1192 5408 κατ’
1254 5356 1456 5407 ἐκεῖνον
1498 5355 1823 5409 ἀπολοῦνται

255 5443 341 5498 τὸν
368 5446 578 5517 χρόνον,
611 5446 670 5499 ὲν
714 5438 759 5513 ᾧ
803 5447 895 5499 καὶ
943 5445 1013 5498 τὰ
1056 5445 1440 5516 ἐπηγγελμένα
1488 5447 1600 5509 τοῖς
1654 5444 1824 5511 ἀξίοις

257 5535 661 5609 ἀποδοθήσεται.
730 5536 991 5591 Ἐνταῦθα
1049 5536 1171 5590 οὗτε
1222 5537 1315 5590 τοῦ
1354 5537 1564 5609 Ἰσραήλ
1618 5555 1824 5609 μνημο-

239 5628 414 5707 θνεύει,
435 5630 555 5683 οῦδὲ
582 5631 719 5695 ὅλως
749 5631 857 5683 τῶν
886 5630 1173 5695 Ἰουδαίων,
1196 5629 1332 5683 ἀλλὰ
1352 5631 1446 5683 τοῦ
1478 5630 1608 5684 λαοῦ
1638 5630 1823 5683 αὑτοῦ·

261 5720 332 5784 ὡς
362 5723 565 5788 πάντας
612 5724 739 5786 τοὺς
767 5724 951 5790 ἀξίους
992 5723 1350 5794 χρηματίζειν
1378 5723 1504 5778 λαὸν
1536 5724 1690 5791 Θεοῦ,
1726 5724 1824 5777 τῖ’·

262 5812 579 5884 ἐπαγγελίας
601 5814 1028 5887 ὲξαπλουμένης.

328 5927 437 6001 (38)
476 5926 639 5984 Forte
669 5928 771 6001 leg.
806 5931 1195 6003 γενησομένης.
1226 5930 1378 5986 Eutr.

1937 4723 2136 4781 turres,
2178 4733 2198 4767 ι
2246 4716 2361 4770 sive
2397 4717 2694 4770 secundum
2763 4716 3191 4786 Symmachum,
3243 4738 3262 4771 ι
3325 4719 3382 4773 1η
3422 4720 3520 4773 die

1933 4806 2095 4862 caedis
2122 4805 2321 4870 multae,
2353 4822 2473 4860 cum
2495 4806 2691 4861 cadent
2713 4808 2914 4879 magni.
2951 4828 2970 4861 ι
3016 4809 3369 4877 Quandonam
3400 4824 3509 4864 ca:-

1933 4899 2028 4953 des
2062 4898 2229 4953 multa
2259 4899 2554 4968 continget,
2585 4910 2639 4955 et
2666 4903 3011 4970 quandonam
3049 4902 3226 4973 magni
3273 4903 3502 4964 cadent,

1930 4989 2031 5044 nisi
2068 4999 2307 5059 tempore
2342 4988 2666 5045 universalis
2690 4990 2901 5058 judieii,
2933 4992 3073 5061 quod
3110 5001 3228 5061 post
3252 5006 3505 5046 consum-

1930 5080 2224 5135 mationem
2255 5081 2440 5137 Steculi
2469 5081 2629 5151 hujus
2660 5083 2942 5138 ferendum
2966 5084 3087 5137 est?
3111 5084 3288 5151 Quare
3317 5099 3509 5138 secun-

1934 5173 2058 5226 dum
2079 5168 2569 5243 LXXlnterpretcs
2593 5174 2811 5237 dicitur,
2852 5194 2869 5226 ι
2899 5191 3021 5229 cum
3065 5174 3261 5228 cadent
3304 5183 3503 5237 turres,

1931 5272 1985 5319 et
2026 5278 2147 5318 cum
2185 5264 2433 5333 peribunt
2490 5266 2664 5319 multi.
2706 5285 2723 5317 ι
2786 5266 2918 5320 Nam
2976 5282 3040 5321 eo
3071 5274 3313 5333 tempore
3345 5266 3499 5320 multi

1931 5356 2204 5427 peribunt,
2236 5373 2346 5425 quo
2379 5357 2469 5422 iis,
2493 5359 2583 5426 qui
2613 5358 2759 5429 digni
2799 5366 2977 5419 erunt,
3024 5355 3289 5425 promissa
3345 5358 3508 5411 retri-

1931 5450 2183 5505 buentur.
2222 5448 2320 5503 llic
2362 5464 2525 5518 porro
2552 5464 2725 5519 neque
2770 5448 3022 5504 lsraclem
3069 5462 3242 5517 neque
3289 5448 3507 5505 Judmos

1931 5552 2219 5607 memorat,
2250 5542 2343 5598 sed
2364 5541 2615 5612 populum
2648 5556 2841 5606 suum;
2874 5543 2946 5595 ita
2978 5551 3054 5607 ut,
3101 5541 3335 5611 expletis
3380 5559 3505 5612 pro-

1925 5633 2296 5701 missionibus,
2339 5650 2530 5691 omnes
2559 5634 2651 5703 qui
2691 5634 2835 5705 digni
2869 5644 3025 5691 erunt
3050 5676 3063 5699 ,
3116 5637 3341 5706 pOpulns
3410 5637 3507 5693 Dei

1926 5728 2297 5782 nominentur.
