3984 6512
438 410 552 466 ’511

1141 408 1410 463 EUSEBII
1449 408 1928 466 CASSARI‘I‘INSIS
1965 410 2111 467 OPP.
2154 409 2332 464 PARS
2372 409 2458 465 III.
2498 440 2570 451 —
2604 407 3012 467 EXEGETICA.

3608 410 3717 466 319.

534 532 698 584 Vens.
727 530 818 595 Ἦ,
854 529 943 583 27.
982 546 1001 578 ι
1047 528 1112 583 Ει
1133 530 1237 584 crit
1267 529 1353 582 lux
1383 530 1544 596 Iunze,
1572 532 1727 600 quasi
1759 533 1844 586 lux
1876 534 2029 598 solis,

2206 552 2224 582 ι
2264 532 2374 585 Καὶ
2402 530 2555 585 ἔσται
2599 531 2660 585 τὸ
2693 532 2809 601 φῶς
2860 532 2959 603 τῆς
2988 530 3219 600 σελήνης
3251 530 3327 593 ὡς
3355 531 3416 584 τὸ
3456 529 3575 601 φῶς
3620 532 3715 585 τοῦ

458 622 618 677 etlux
652 623 783 678 soils
808 623 913 675 erit
937 622 1367 693 scptempliciter
1395 624 1449 677 in
1498 624 1610 688 die,
1635 640 1759 679 cum
1802 641 2033 679 sanave-

461 715 532 769 rit
560 712 822 768 Dominus
857 712 1246 767 contritionem
1293 714 1473 783 populi
1530 716 1648 781 sui,
1682 726 1739 772 et
1791 716 2034 772 dolorem

462 807 632 876 plagae
675 814 777 859 tua:
806 805 1045 860 curabit.
1081 805 1217 859 Ecce
1250 821 1443 861 nomen
1482 806 1693 862 Domini
1740 807 1890 862 venit
1938 822 2037 876 per

462 898 690 953 multum
711 909 927 968 tempus
951 900 1184 953 :ardens
1210 898 1361 952 furor
1384 914 1505 953 cum
1532 900 1724 969 gloria.
1750 900 2033 969 Eloquium

466 992 733 1047 lahiornm
758 992 897 1063 ejus,
922 990 1196 1060 eloquium
1221 990 1316 1045 ira:
1348 990 1591 1060 plenum,
1622 1002 1679 1046 et
1727 992 1808 1047 ira
1835 990 2036 1046 furoris

462 1086 583 1154 rjus
634 1086 776 1140 sicut
829 1084 969 1154 ignis
1022 1083 1270 1137 devorat.
1303 1103 1322 1137 ι
1387 1084 1493 1141 Pro
1544 1087 1689 1139 dicto
1720 1086 1834 1150 illo,
1876 1104 1895 1138 ι
1939 1101 2037 1157 per

461 1177 692 1232 inultum
724 1187 958 1247 tempus,
999 1198 1020 1231 ι
1060 1177 1252 1248 reliqui
1284 1179 1634 1247 interpretes,
1670 1196 1688 1229 ι
1725 1180 1791 1234 de
1818 1180 2030 1249 longe,»

459 1272 774 1327 ediderunt.
801 1270 1071 1327 Observes
1102 1288 1266 1342 porro
1293 1272 1475 1337 velim,
1518 1287 1623 1326 non
1654 1272 1827 1341 ipsum
1854 1272 2036 1328 Domi-

463 1380 595 1418 num
654 1373 939 1419 venturum
998 1364 1135 1433 dici,
1201 1366 1296 1421 sed
1358 1380 1553 1420 nomen
1620 1364 1873 1430 Domini,
1928 1380 2037 1436 quo

460 1458 711 1513 Christus
748 1457 1170 1525 subindicatur;
1206 1459 1274 1513 de
1328 1458 1418 1515 illo
1456 1458 1655 1528 quippe
1683 1456 1893 1512 dictum
1928 1467 2035 1525 est,

463 1568 480 1600 ι
524 1549 846 1603 Benedictus
872 1552 962 1613 qui
988 1549 1137 1603 venit
1161 1549 1215 1603 in
1241 1550 1459 1605 nomine
1490 1550 1726 1618 Domini,
1759 1552 1897 1607 Deus
1930 1551 2035 1608 Do-

460 1641 640 1694 minus
679 1648 736 1695 et
799 1638 972 1693 illuxit
1008 1638 1165 1695 nobis
1184 1642 1251 1695 ’⁸.
1293 1659 1311 1693 ι
1349 1641 1486 1696 Cum
1512 1644 1952 1709 veneritautem,
1975 1659 2040 1699 ac

460 1733 759 1787 secundum
790 1732 1200 1802 gloriosumque
1230 1733 1520 1789 adventum
1565 1749 1724 1790 suum
1775 1738 2041 1792 exhibue-

463 1827 555 1888 rit,
578 1826 979 1894 subsequentur
1003 1824 1231 1881 ultrices
1266 1827 1517 1894 virtutes,
1546 1844 1645 1900 per
1672 1846 1807 1901 quas
1836 1833 2041 1903 supplia-

460 1922 545 1971 cia
577 1917 757 1986 impiis
788 1915 1118 1983 inferentur,
1148 1932 1287 1986 quas
1314 1919 1430 1975 haec
1472 1920 1759 1993 Scriptura
1796 1922 2038 1979 furorem

470 2009 716 2077 iramque
738 2018 899 2063 vocat
934 2025 950 2062 :
984 2008 1253 2077 siquidem
1276 2021 1399 2079 post
1427 2012 1689 2082 prolatam
1716 2020 2039 2072 sententiam

461 2099 728 2170 supplicio
754 2099 932 2171 dignis
954 2101 1089 2155 ultio
1122 2099 1409 2160 inferetur.

529 2462 695 2519 Vens.
731 2462 820 2518 28.
859 2480 879 2515 ι
914 2462 979 2517 Et
1016 2462 1243 2533 spiritus
1299 2462 1415 2531 ejus
1455 2463 1596 2519 sicut
1625 2477 1764 2532 aqua
1794 2462 1848 2516 in
1901 2461 2044 2517 valle

459 2557 706 2619 trahens,
756 2555 936 2611 veniet
996 2570 1169 2625 usque
1206 2555 1274 2611 ad
1306 2555 1539 2621 collum,
1572 2565 1628 2611 et
1677 2556 1973 2611 dividetur.
2019 2573 2038 2607 ι

463 2648 563 2706 Il‘ic
604 2650 834 2721 spiritus
870 2647 1019 2705 ultor
1051 2648 1251 2703 multas
1287 2648 1340 2703 in
1390 2659 1574 2718 partes
1599 2648 1889 2714 dividetur,
1915 2649 2042 2718 quia

462 2745 692 2800 multum
724 2745 975 2799 estinter
1008 2740 1316 2812 puniendos
1361 2741 1677 2798 discrimen.
1711 2758 1731 2792 ι
1769 2740 1839 2796 Ut
1863 2741 2044 2795 turbet

461 2846 651 2905 gentes
679 2852 841 2907 super
878 2851 1066 2892 errore
1112 2852 1285 2899 vano,
1313 2843 1368 2891 et
1404 2844 1761 2906 persequetur
1806 2850 1899 2889 eos
1955 2849 2045 2888 er-

466 2947 577 2996 ror,
600 2931 853 3001 etcapiet
879 2947 974 2986 eos
1010 2930 1065 2986 in
1111 2938 1406 3000 conspectu
1449 2944 1663 2984 eorum.
1712 2948 1731 2981 ι
1788 2928 1889 2983 llic
1945 2928 2041 2982 Dei

458 3025 724 3095 inspectio
761 3023 829 3078 ad
878 3024 1063 3079 omnia
1089 3032 1314 3078 extensa
1362 3021 1711 3087 declaratur;
1761 3020 1889 3092 quia
1934 3036 2043 3077 non

460 3117 513 3169 in
547 3116 631 3170 liis
667 3123 874 3170 tantum
917 3116 1187 3171 consistet
1222 3114 1300 3168 ira
1324 3156 1340 3181 ,
1393 3115 1487 3170 sed
1530 3123 1720 3185 gentes
1780 3114 2045 3185 pervadet

464 3210 616 3265 ultio.
648 3210 863 3263 Atenim
889 3218 1069 3264 utnon
1104 3214 1326 3277 possent
1356 3206 1638 3272 Israelitze,
1688 3207 1788 3262 soli
1839 3222 1871 3259 a
1935 3208 2044 3262 Deo

464 3298 800 3368 reprehensi,
848 3298 1067 3363 dicere,
1101 3298 1267 3352 Deum
1317 3312 1413 3351 sua
1474 3306 1707 3361 tantum,
1758 3312 1863 3352 non
1917 3311 2044 3353 vero

2138 622 2308 693 ἡλίου,
2343 622 2516 675 καὶτὸ
2547 623 2662 691 φῶς
2687 621 2782 675 τοῦ
2815 622 2967 693 ήλίου
2994 621 3147 675 ἔσται
3175 622 3541 677 ἐπταπλάσιον
3566 626 3623 677 ὲν
3650 628 3718 695 τῇ

2136 714 2339 785 ἡμέρᾳ,
2361 714 2491 768 ὃταν
2518 715 2733 786 ἰάσηται
2773 714 2981 785 Κύριος
3014 715 3077 768 τὸ
3110 714 3425 787 σύντριμμα
3459 715 3553 769 τοῦ
3584 716 3721 771 λαοῦ

2138 805 2326 872 αὐτοῦ,
2373 806 2466 859 καὶ
2521 807 2621 878 τὴν
2668 806 2861 877 ὀδύνην
2916 807 3017 878 τῆς
3072 808 3283 879 πληγῆς
3343 826 3436 862 σου
3487 811 3718 863 ίάσεται.

2150 898 2279 950 ἰδου
2305 897 2367 950 τὸ
2402 896 2574 968 ὄνομα
2602 898 2809 968 Κυρίου
2844 898 3060 970 ἔρχεται
3115 899 3203 953 διὰ
3255 899 3450 954 πολλοῦ
3502 902 3721 972 χρόνου,

2138 989 2427 1060 καιόμενος
2462 989 2635 1061 θυμὸς
2667 990 2805 1061 μετά
2840 990 3017 1063 δόξης.
3039 988 3115 1045 Τὸ
3155 993 3333 1063 λόγιον
3362 994 3471 1048 τῶν
3499 994 3724 1065 χειλέων

2138 1085 2322 1148 αὐτοῦ,
2352 1082 2535 1151 λόγιον
2558 1083 2731 1154 ὀργῆς
2764 1083 2990 1157 πλῆρες,
3020 1085 3114 1139 καὶ
3144 1086 3177 1157 ή
3225 1086 3361 1157 ὀργὴ
3393 1085 3484 1139 τού
3545 1085 3723 1157 θυμοῦ

2139 1176 2304 1229 αὐτοῦ
2354 1176 2430 1240 ὡς
2480 1178 2591 1249 πῦρ
2650 1177 2843 1232 ἔδεται.
2882 1197 2900 1230 ι
2947 1178 3092 1231 Ἀντὶ
3115 1178 3171 1231 δὲ
3200 1178 3313 1242 τοῦ,
3345 1198 3362 1229 ι
3402 1179 3492 1232 διὰ
3524 1178 3728 1233 πολλοῦ

2140 1271 2389 1341 χρόνου,›
2427 1273 2476 1325 οί
2507 1271 2683 1326 λοιποὶ
2722 1274 3052 1345 ἐρμηνευταὶ
3081 1314 3095 1338 ,
3137 1292 3155 1326 ι
3187 1272 3477 1346 μακρόθεν,
3504 1293 3522 1326 ι
3572 1274 3731 1346 εἰρή-

2140 1382 2286 1418 κασι.
2321 1365 2431 1418 Καὶ
2459 1366 2632 1436 τήρει,
2667 1366 2742 1430 ὡς
2766 1368 2866 1419 οὐκ
2902 1366 2967 1420 ἂν
2998 1368 3159 1421 αὐτόν
3198 1385 3331 1438 φησι
3371 1367 3461 1422 τὸν
3518 1368 3731 1441 Κύριον

2142 1459 2416 1531 ἔρχεσθαι,
2443 1460 2579 1513 ἀλλά
2603 1460 2663 1513 τὸ
2691 1460 2860 1532 ὄνομα
2897 1460 3124 1532 Κυρίου,
3172 1460 3269 1513 τὸν
3292 1461 3523 1533 Χριστὸν
3556 1463 3732 1515 αίνιτ-

2139 1551 2388 1620 τὸμενονς,
2416 1553 2545 1623 περὶ
2574 1568 2636 1605 ου
2664 1552 2878 1623 εἴρηται
2898 1570 2909 1581 ·
2948 1572 2966 1603 ι
3002 1549 3377 1623 Εὐλογημένος
3418 1554 3447 1606 ὁ
3498 1554 3736 1624 ἐρχόμε-

2141 1660 2230 1706 νος
2252 1645 2311 1697 ἐν
2334 1642 2557 1713 ὀνόματι
2601 1644 2978 1715 Κυρίου,Θεδς
3036 1644 3240 1715 Κύριος
3305 1645 3401 1697 καὶ
3459 1645 3736 1714 ὲπέφανεν

2142 1738 2292 1806 ήμῖν.
2338 1755 2357 1787 ι
2410 1735 2737 1807 Ἐρχομένου
2768 1736 2823 1789 δὲ
2860 1736 2955 1789 καὶ
2986 1735 3083 1807 τὴν
3124 1736 3382 1807 δευτέραν
3432 1737 3600 1789 αὐτοῦ
3640 1737 3735 1791 ἒν·-

2142 1826 2291 1892 δοξον
2313 1826 2617 1897 παρουσίαν
2648 1826 2995 1896 ποιουμένου,
3021 1824 3517 1897 ὲπακολουθήσουσι
3560 1843 3741 1896 τιμω-

2152 1919 2373 1987 ρητικαὶ
2404 1918 2694 1988 δυνάμεις.
2741 1918 2809 1971 δι’
2836 1912 2910 1971 ὧν
2939 1920 2993 1971 αἱ
3041 1918 3295 1983 κολάσεις
3325 1922 3437 1983 τοῖς
3476 1918 3741 1971 ἀσεϐέσιν

2144 2009 2565 2081 ὲπαχθήσονται,
2600 2009 2667 2074 ἃς
2692 2012 2726 2081 ὴ
2782 2009 3031 2081 παροῦσα
3060 2010 3250 2081 Γραφὴ
3284 2010 3450 2082 θυμὸν
3488 2011 3585 2063 καὶ
3643 2011 3741 2081 ὀρ-

2141 2103 2246 2175 γήν
2271 2102 2562 2175 ὀνομάζεινο
2596 2100 2903 2166 ἀκολούθως
2926 2103 3035 2173 γάρ
3054 2104 3119 2173 τῇ
3146 2101 3241 2155 τοῦ
3274 2102 3431 2171 λόγου
3457 2102 3742 2170 ἀποφάσει

2140 2195 2211 2249 τὰ
2264 2196 2364 2268 τῆς
2417 2196 2590 2268 ὀργῆς
2647 2198 2761 2259 τοῖς
2829 2194 3319 2267 κολασθησομένοις
3375 2194 3742 2266 ὲπενεχθήσε-

2142 2305 2253 2343 ται.

2219 2487 2237 2520 ι
2271 2471 2379 2522 Καὶ
2393 2469 2455 2522 τὸ
2475 2469 2693 2541 πνεῦμα
2715 2469 2901 2535 αὐτοῦ,
2921 2468 2997 2534 ὡς
3024 2469 3170 2540 ὕδωρ
3192 2469 3252 2523 ὲν
3270 2469 3516 2541 φάραγγι
3544 2466 3742 2540 σύρον,

2141 2558 2263 2631 ἥξει
2289 2559 2394 2625 ἕως
2419 2560 2513 2614 τοῦ
2545 2561 2840 2633 τραχήλου,
2860 2562 2955 2615 καὶ
2968 2561 3385 2634 διαιρεθήσεται.
3419 2581 3441 2614 ι
3460 2561 3572 2615 Καὶ
3602 2560 3747 2616 διαι-

2144 2650 2434 2722 ρεθήσεται
2448 2652 2508 2705 τὸ
2521 2652 2841 2707 κολαστικὸν
2853 2653 3013 2706 τοῦτο
3027 2652 3244 2724 πνεῦμα
3275 2654 3355 2716 είς
3370 2650 3571 2715 πολλὰς
3596 2650 3745 2705 διαι-

2147 2742 2345 2814 ρέσεις,
2375 2741 2466 2797 διὰ
2487 2742 2547 2795 τό
2568 2742 2828 2814 πλείστην
2849 2738 2987 2797 εἶναι
3004 2742 3113 2796 τῶν
3130 2741 3507 2813 κολαζομένων
3537 2742 3738 2812 διαιρο-

2146 2834 2267 2905 ράν.
2314 2852 2333 2886 ι
2362 2833 2468 2888 Τοῦ
2501 2835 2734 2907 ταράξαι
2768 2834 2894 2907 ἔθνη
2924 2835 3015 2888 ἐπὶ
3037 2834 3299 2908 πλανήσει
3357 2834 3585 2905 ματαίᾳ,
3643 2833 3743 2887 καὶ

2142 2924 2392 2991 διώξεται
2424 2927 2623 2991 αὐτοὺς
2646 2927 2928 2999 πλάνησις,
2964 2928 3059 2981 καὶ
3105 2927 3333 2997 λήψεται
3361 2927 3561 2990 αὐτοὺς
3590 2925 3741 2980 κατά

2146 3019 2435 3092 πρόσωπον
2460 3020 2659 3074 αὐτῶν.
2699 3039 2719 3071 r
2757 3020 2869 3091 Τὴν
2898 3019 3039 3074 κατά
3072 3020 3287 3073 πάντων
3333 3018 3594 3072 θεοπτίαν
3644 3019 3746 3073 καὶ

2142 3113 2302 3167 τοῦτο
2320 3113 2611 3180 δείκνυσιν,
2636 3115 2719 3168 ὅτι
2741 3116 2841 3169 οὐκ
2866 3114 2977 3167 ἔσω
3008 3112 3215 3167 τούτων
3250 3113 3505 3184 στήσεται
3532 3111 3601 3165 τά
3633 3111 3742 3183 τῆς

2145 3205 2315 3276 ὀργῆς
2339 3223 2353 3236 ⁸
2384 3205 2775 3277 διαϐήσεταιδὲ
2801 3205 2894 3259 καὶ
2917 3206 2996 3269 εἰς
3018 3205 3086 3283 τά
3110 3204 3234 3277 ἔθνη
3265 3206 3298 3276 ή
3328 3204 3585 3276 τιμωρία.
3616 3204 3743 3258 Ἵνα.

2146 3298 2255 3371 γάρ
2288 3300 2363 3371 μὴ
2391 3299 2484 3372 ἐξῇ
2524 3303 2635 3364 τοῖς
2676 3299 3066 3370 Ἰσραηλίταις,
3111 3300 3292 3371 μόνοις
3324 3298 3430 3353 ὑπὸ
3460 3298 3555 3353 τοῦ
3596 3297 3743 3352 Θεοῦ
3855 3288 3861 3293 ’

462 3391 705 3458 gentium
762 3401 982 3461 peccata
1023 3389 1233 3460 punire,
1272 3389 1582 3443 necessario
1624 3388 1921 3443 vindictam
1982 3388 2038 3443 in

2148 3391 2542 3463 ἐλεγχομένοις,
2560 3392 2740 3462 λέγειν
2766 3392 2961 3456 αὐτοὺς
2989 3392 3148 3463 μόνον
3180 3391 3269 3446 τὸν
3299 3391 3430 3445 Θεὸν
3483 3391 3579 3444 ἐπὶ
3621 3391 3745 3454 τοῖς

458 3490 649 3549 gentes
677 3494 896 3551 quoque
920 3478 1277 3533 transituram
1308 3476 1585 3540 declarat,
1625 3486 1790 3547 atque
1832 3477 2038 3533 erroris

464 3570 720 3624 ultionem
752 3570 901 3639 ipsos
930 3569 1250 3622 invasuram
1269 3581 1391 3622 esse
1415 3566 1681 3635 prmdicit.

2147 3484 2507 3556 ἁμαρτήμασι
2540 3484 3041 3558 τιμωρηθήσεσθαι,
3070 3484 3192 3555 οὐχὶ
3230 3485 3287 3539 δὲ
3326 3485 3421 3539 καὶ
3463 3484 3532 3537 τά
3580 3482 3740 3554 ἔθνη,

2148 3574 2463 3644 ἀναγκαίως
2488 3577 2582 3631 καὶ
2614 3577 2712 3648 τὴν
2746 3577 2838 3630 ἐπὶ
2870 3576 2939 3632 τὰ
2966 3575 3093 3649 ἔθνη
3118 3576 3471 3648 διαϐήσεσθαι
3490 3573 3743 3629 ἐκδικίαν

466 3666 698 3729 φάσκει,
751 3661 845 3713 καὶ
878 3657 1285 3731 καταλήψεσθαι
1329 3660 1431 3729 τήν
1483 3658 1548 3710 ἐκ
1604 3660 1704 3729 τῆς
1755 3657 2074 3732 πλανήσεως
2111 3663 2267 3736 δίκην
2290 3668 2672 3740 προαγορεύει.

540 3842 699 3894 Vens.
721 3839 805 3894 29-
825 3838 913 3893 52.
938 3857 957 3891 ι
979 3837 1231 3907 Nunquid
1262 3851 1477 3907 semper
1498 3844 1709 3906 oportet
1735 3851 1830 3893 vos
1848 3837 2045 3911 laetari,

470 3945 525 3986 et
560 3946 775 4001 semper
806 3932 1014 4002 ingredi
1040 3932 1092 3985 in
1117 3940 1303 3987 sancta
1352 3945 1496 3996 mea,
1535 3931 1686 3999 quasi
1720 3929 1857 3985 festa
1891 3931 2039 3986 cele-

460 4027 703 4087 brantes,
737 4027 891 4096 quasi
932 4025 1183 4080 Iaztantes
1220 4025 1429 4093 ingredi
1466 4039 1591 4078 cum
1628 4025 1756 4078 tibia
1790 4025 1857 4078 ad
1890 4039 2045 4079 mon-

462 4132 571 4171 rem
607 4118 844 4181 Domini,
886 4117 954 4172 ad
1002 4117 1174 4172 Deum
1226 4115 1428 4171 Israel?
1476 4116 1541 4171 Et
1589 4117 1838 4172 auditam
1886 4116 2046 4173 faciet

465 4212 727 4267 Dominus
790 4212 1020 4283 gloriam
1058 4213 1210 4267 vocis
1259 4226 1394 4278 suae,
1433 4219 1489 4266 et
1538 4210 1776 4266 furorem
1830 4211 2045 4267 brachii

461 4305 570 4369 Sui,
605 4314 663 4358 ut
692 4305 947 4360 ostendat
977 4320 1099 4360 cum
1128 4304 1311 4359 furore
1336 4319 1391 4359 et
1420 4306 1499 4359 ira
1523 4314 1577 4358 et
1619 4303 1836 4358 flamma
1874 4305 2043 4360 devo-

463 4408 641 4463 rante,
708 4398 1016 4454 I'ulminahit
1048 4398 1422 4464 vehementer,
1481 4410 1534 4454 et
1587 4400 1731 4454 sicut
1782 4414 1919 4470 aqua
1990 4408 2046 4453 et

464 4489 694 4559 grando,
741 4504 860 4559 qua:
892 4492 942 4543 vi
988 4489 1238 4544 deorsum
1278 4490 1474 4544 fertur.
1524 4488 1627 4543 Per
1660 4503 1850 4543 vocem
1894 4488 2042 4541 enim

464 4582 680 4636 Domini
708 4584 1107 4652 superabuntur
1134 4582 1343 4650 Assyrii
1392 4582 1575 4652 plaga.
1617 4597 1720 4651 qua
1776 4582 2047 4650 percutiet

462 4690 558 4729 eos
593 4691 607 4727 :
639 4686 691 4729 et
716 4675 823 4728 erit
854 4674 904 4729 ei
936 4675 986 4727 in
1032 4676 1291 4730 circuitu.
1335 4694 1354 4727 ι
1394 4674 1567 4741 Tunc,
1598 4676 1693 4741 ait,
1723 4675 1756 4728 ii
1794 4674 1887 4744 qui
1920 4689 2046 4743 per—

460 4768 743 4821 cutiebant
770 4776 824 4823 et
871 4766 1233 4822 verberabant
1269 4782 1384 4831 eos,
1421 4780 1611 4835 poenas
1654 4766 1859 4821 dabunt
1889 4780 1905 4818 :
1937 4766 2045 4820 daa-

460 4873 652 4912 mones
676 4859 820 4913 enim
842 4859 1308 4913 circumsistentes
1330 4857 1450 4911 illos
1481 4858 1760 4928 suppliciis
1786 4856 2040 4913 allicient.

461 4946 695 5014 Quinam
724 4963 852 5002 vero
898 4949 1006 5004 sint
1041 4950 1117 5003 illi
1161 4963 1287 5003 mox
1336 4947 1514 5018 aperit
1563 4948 1781 5003 dicens:
1820 4967 1840 5000 ι
1889 4948 2045 5005 Unde

461 5051 584 5097 erat
620 5041 727 5095 illis
755 5058 880 5111 spes
908 5041 1115 5104 auxilii.
1148 5041 1199 5094 in
1234 5056 1340 5109 quo
1389 5041 1504 5109 ipse
1552 5040 1885 5095 confidebat.
1938 5040 2041 5109 Ipsi

2216 3862 2233 3896 t
2290 3844 2382 3915 Μὴ
2425 3844 2513 3898 διά
2566 3846 2767 3910 παντὸς
2816 3846 2897 3899 δεῖ
2947 3848 3090 3918 ὑμᾶς
3150 3844 3533 3917 εὐφραίνεσθαι
3566 3883 3581 3909 ,
3643 3846 3744 3900 καὶ

2148 3934 2568 4007 εἰσπορεύεσθαι
2595 3937 2675 3999 είς
2691 3937 2760 3989 τά
2785 3937 2916 4005 ἆγιά
2936 3955 3036 4008 μου
3061 3936 3372 4002 διαπαντὸς,
3394 3936 3523 3989 ὡσεὶ
3545 3936 3741 4009 ἑορτάν

2148 4021 2361 4089 ζοντας,
2396 4024 2528 4078 ὡσεὶ
2551 4026 3011 4098 εὐφραινομένους
3035 4027 3296 4080 εἰσελθεῖν
3331 4029 3448 4099 μετ’
3464 4026 3629 4080 αὐλοῦ
3658 4029 3741 4092 είς

2146 4114 2208 4167 τὸ
2264 4114 2390 4184 ὄρος
2435 4116 2640 4187 Κυρίου
2698 4118 2835 4188 πρὸς
2890 4118 2981 4171 τὸν
3034 4118 3166 4172 Θεὸν
3192 4117 3285 4172 τοῦ
3343 4118 3593 4191 Ἰσραὴλ;
3624 4119 3740 4173 Καὶ

2147 4206 2419 4278 ἀκουστὴν
2451 4208 2668 4279 ποιήσει
2694 4209 2897 4280 Κύριος
2934 4212 3033 4283 τὴν
3072 4210 3230 4276 δόξαν
3282 4214 3379 4283 τῆς
3409 4212 3592 4281 φωνῆς
3638 4212 3740 4265 αύ-

2146 4298 2264 4363 τοῦ,
2296 4301 2388 4353 καί
2420 4300 2512 4353 τὸν
2542 4300 2709 4372 θυμὸν
2740 4302 2833 4354 τοῦ
2860 4302 3142 4374 βραχίονος
3167 4302 3355 4363 αὐτοῦ.
3386 4301 3555 4370 δεῖξαι
3594 4304 3737 4374 μετὰ

2148 4393 2321 4463 θυμοῦ
2350 4396 2442 4447 καὶ
2473 4395 2643 4467 ὀργῆς
2688 4397 2782 4448 καὶ
2821 4396 3015 4465 φλογὸς
3063 4395 3477 4467 κατεσθιούσης,
3530 4414 3737 4469 κεραυ-

2147 4482 2305 4537 νώσει
2334 4481 2541 4553 βιαίως,
2567 4485 2662 4560 και
2683 4484 2758 4548 ὡς
2786 4484 2933 4557 ὕδωρ
2964 4487 3059 4539 καὶ
3088 4487 3296 4558 χάλαζα
3324 4505 3740 4560 συγκαταρερο-

2151 4576 2287 4646 μὲνη
2314 4576 2423 4648 βία.
2457 4578 2555 4629 Διὰ
2582 4556 2690 4649 γὰρ
2721 4579 2821 4649 τῆς
2852 4581 3033 4649 φωνῆς
3084 4556 3289 4650 Κυρίου
3337 4556 3737 4651 ἡττηθήσονται

2164 4668 2433 4738 Ἀσσύριοι
2460 4673 2525 4741 τῇ
2561 4654 2764 4741 πλήβγῇ,
2860 4671 2926 4725 ἂν
2954 4671 3167 4743 πατάξῃ
3192 4671 3386 4735 αὐτούς
3411 4688 3423 4701 °
3464 4673 3557 4725 καὶ
3579 4672 3736 4725 ἔσται

2149 4759 2300 4830 αὐτῷ
2320 4760 2599 4815 κυκλόθεν.
2634 4783 2653 4813 ι
2686 4763 2819 4815 Τότε
2847 4763 2933 4834 δὴ,
2970 4765 3153 4835 φησὶν,
3176 4766 3224 4817 oi
3260 4765 3509 4827 παίοντες
3535 4764 3736 4829 αὐτοὺς

2150 4854 2242 4905 καὶ
2265 4851 2557 4918 τύπτοντες
2589 4856 3062 4927 τιμωρηθήσονται
3088 4875 3102 4886 ·
3147 4857 3398 4928 δαίμονες
3445 4856 3576 4928 γάρ,
3636 4875 3734 4911 κυ-

2149 4946 2336 4999 κλόθεν
2394 4950 2591 5012 αὐτοὺς
2652 4952 3200 5021 περιστοιχησὰμενοι
3232 4991 3248 5014 ,
3304 4950 3403 5015 τὰς
3460 4952 3733 5023 τιμωρίας

2148 5037 2427 5103 ἐπάξουσι.
2452 5041 2609 5105 Τίνες
2662 5042 2719 5094 δέ
2774 5044 2911 5095 εἰσιν
2966 5037 3111 5095 οὗτοι
3162 5043 3416 5111 διασαφεῖ
3469 5044 3727 5112 φάσκων·

455 5149 582 5187 cum
608 5132 878 5203 tympanis
903 5140 956 5187 et
985 5133 1197 5185 cithara
1245 5131 1582 5199 pugnabunt.
1622 5150 1641 5181 ι
1681 5128 1868 5198 lmpiis
1915 5146 2040 5201 spes

2150 5148 2169 5180 ι
2210 5128 2470 5203 ”Οθεν,ἦν
2503 5134 2682 5198 αὐτοῖς
2714 5136 2748 5205 ή
2808 5134 2962 5198 ἐλπὶς
3007 5135 3109 5203 τῆς
3161 5134 3411 5205 βοηθείας
3438 5175 3452 5197 ,
3510 5136 3594 5204 ἐφ’
3661 5130 3730 5207 ἦς

458 5228 651 5281 auxilii
679 5238 848 5281 erata
890 5227 993 5280 diis
1022 5227 1159 5288 suis,
1204 5225 1539 5278 adversariis
1574 5240 1768 5293 nempe
1800 5234 2042 5293 potesta-

462 5322 630 5381 tibus.
664 5330 718 5373 et
754 5320 1012 5387 malignis
1038 5317 1343 5386 spiritibus.
1386 5316 1478 5371 His
1499 5317 1695 5387 quippe
1734 5318 1890 5386 quasi
1937 5317 2043 5371 diis

459 5415 831 5481 adhaerebant,
859 5430 924 5468 ac
948 5430 1097 5483 spem
1144 5411 1335 5465 auxilii
1386 5411 1436 5464 in
1477 5412 1543 5465 iis
1570 5410 1848 5477 locarant;
1886 5411 2043 5480 igno-

458 5514 647 5560 rantes
681 5507 825 5574 ipsos
857 5515 1091 5559 tortores
1128 5507 1233 5560 sibi
1270 5506 1500 5559 futuros.
1533 5502 1666 5556 Nam
1694 5503 1773 5556 ira
1806 5513 1859 5557 ct
1893 5503 2045 5556 furor

456 5611 648 5652 contra
678 5600 875 5666 impios
922 5598 1200 5654 immissus
1254 5616 1349 5668 per
1396 5596 1621 5665 angelos
1674 5596 1847 5650 malos
1900 5594 2043 5649 infe-

458 5698 676 5743 rctnr.r
713 5687 817 5757 Ipsi
871 5703 995 5743 cum
1040 5690 1312 5758 tympanis
1358 5699 1414 5743 et
1464 5686 1676 5743 cithara
1720 5687 2043 5758 pugnabunt

532 5897 575 5928 ²⁹
620 5894 761 5953 Psal.
802 5912 964 5963 cxvii,
1001 5897 1199 5964 26,27.

2150 5222 2311 5286 αὐτὸς
2334 5224 2629 5278 ἐπεποίθει.
2664 5226 2829 5278 Αὐτοὶ
2854 5224 2993 5296 μετά
3014 5228 3310 5296 τυμπάνων
3353 5227 3446 5279 καλ⁴
3498 5226 3729 5297 κιθάρας

2150 5315 2602 5389 πολεμήσουσιν.»
2640 5319 2824 5382 Ἐλπὶς
2844 5322 2954 5383 τοῖς
2981 5320 3201 5373 ἀσεϐέσι
3234 5320 3484 5391 βοηθείας
3510 5316 3579 5390 ἦν
3623 5319 3733 5373 ἀπὸ

2150 5408 2259 5462 τῶν
2280 5409 2421 5463 θεῶν
2440 5410 2638 5475 αὐτῶν,
2666 5410 2773 5463 τῶν
2794 5411 3182 5483 ἀντικειμένων
3214 5411 3414 5483 δηλαδὴ
3428 5411 3727 5482 δυνάμεων,

2152 5500 2246 5553 καὶ
2278 5499 2385 5553 τῶν
2424 5500 2675 5572 πονηρῶν
2710 5500 3057 5571 πνευμάτων.
3094 5500 3319 5563 Τούτοις
3356 5499 3464 5571 γὰρ
3490 5499 3565 5563 ὡς
3592 5498 3730 5562 Θεοῖς

2153 5596 2457 5664 προσεῖχον,
2489 5594 2583 5646 καὶ
2599 5592 2697 5664 τὴν
2724 5592 2911 5646 ἐλπίδα
2932 5594 3029 5664 τῆς
3050 5592 3300 5664 βοηθείας
3321 5593 3384 5644 ὲκ
3414 5590 3616 5645 τούτων
3634 5592 3730 5645 αὐ·-

2154 5687 2262 5749 rei;
2294 5685 2509 5742 ἔσεσθαι
2539 5684 2787 5758 ἤλπιζον,
2809 5686 2907 5740 οὐκ
2944 5685 3161 5750 εἰδότες,
3198 5685 3277 5739 ὅτι
3298 5679 3439 5738 οὗτοι
3472 5682 3727 5737 κολασταὶ
