3984 6512
204 442 318 498 513

1098 437 1605 495 COMMENTARIA
1643 438 1712 494 IN
1754 438 2008 493 lSAlAM.
2053 471 2117 479 —
2156 437 2311 493 CAP.
2350 434 2542 490 XXXI.

3369 442 3476 497 3H

206 556 399 613 αὐτῶν
422 556 657 611 ἔσονται.
702 555 768 609 Ἦ
801 555 910 626 γάρ
934 553 1072 628 ὀργὴ
1100 556 1197 609 κα)⁸
1227 557 1255 609 6
1302 555 1472 626 θυμὸς
1496 554 1637 608 κατὰ
1691 553 1777 607 τῶι

1904 563 2095 609 contra
2118 568 2245 606 eum
2282 566 2349 605 ex
2386 550 2845 615 commutatione;
2875 569 2892 602 ι
2940 559 3124 621 utpo'te
3154 553 3244 622 qui
3282 556 3478 613 alienis

205 648 430 702 ἀσεϐῶν
467 646 931 717 ἀποστελλόμενος
976 647 1043 700 δι’
1093 645 1341 714 ἀγγέλων
1374 647 1663 715 γενήσεται
1708 662 1777 696 πο

1906 646 2064 699 malis
2108 645 2378 715 gaudeant
2409 657 2572 697 :nam
2601 655 2667 695 ex
2703 642 2893 697 amicis
2918 644 3123 697 inimici
3146 647 3401 701 evadent.

203 743 413 813 νηρῶν.
445 761 464 794 ι
498 742 661 796 Αὐτοὶ
695 742 831 813 μετὰ
865 742 1164 813 τυμπάνων
1203 744 1299 795 καὶ
1333 741 1561 812 κιθάρας
1587 740 1985 812 πολεμήσουσιν
2007 740 2169 792 αὑτὸν
2207 740 2271 791 ἐκ
2295 736 2597 809 μεταϐολῆς
2617 754 2631 766 ·
2664 755 2685 788 ι
2719 736 2813 790 ἆτε
2843 739 3309 810 ἐπιχαιρεσίκακοί
3329 760 3477 809 τινες

198 842 398 904 ὄντες·
462 841 586 895 ἀντὶ
640 840 749 911 γὰρ
807 839 916 893 τῶν
974 840 1146 909 φίλων
1194 839 1377 910 ἐχθροὶ
1425 839 1877 909 καταστήσονται.

268 979 290 1012 r
337 962 415 1015 Σὺ
443 960 686 1039 γὰρέπρὸ
730 961 952 1033 ἡμερῶν
1010 962 1385 1035 άπαιτηθήσῃ.
1419 961 1510 1033 Μὴ
1565 961 1661 1014 καὶ
1711 961 1796 1013 σοὶ

196 1052 517 1122 ήτοιμάσθη
552 1052 887 1120 βασιλεύειν;
930 1071 948 1103 ι
988 1050 1173 1105 Ταῦτα
1193 1052 1271 1113 δὲ,
1308 1053 1461 1122 φησὶ,
1523 1051 1583 1104 σὲ
1641 1068 1795 1123 περι-

199 1143 382 1213 μένει,
403 1143 497 1197 τὸν
526 1144 691 1195 πάλαι
708 1144 977 1215 τρυφερὸν
1004 1146 1095 1196 καὶ
1117 1146 1481 1216 ὑπερήφανον·
1510 1146 1557 1197 εί
1588 1142 1661 1215 μὴ
1688 1142 1796 1215 ἄρα

198 1234 406 1286 σαυτὸν
424 1234 651 1287 ἀπατῶν
676 1236 983 1307 προσδοκᾷς
1014 1236 1095 1289 ὅτι
1114 1237 1208 1289 καὶ
1238 1238 1318 1289 σοὶ
1336 1235 1639 1306 βασιλεύειν
1654 1238 1798 1308 ήτοί-

200 1340 411 1393 μασται
440 1323 643 1413 δμοίως
667 1327 779 1386 τοῖς
814 1325 1004 1395 στενὴν
1033 1325 1126 1377 καὶ
1152 1323 1520 1395 τεθλιμμένην
1535 1325 1790 1379 ὁδεύσασι

193 1412 412 1484 τρίϐον,
446 1412 542 1465 καὶ
590 1416 824 1483 πτωχοῖς
856 1414 943 1467 διὰ
982 1413 1112 1467 Θεὸν
1146 1414 1457 1485 γενομένοις
1490 1415 1674 1468 ἕνεκεν
1707 1413 1791 1467 δι-

195 1505 521 1577 καιοσύνης.
560 1507 698 1560 Πᾶσι
728 1507 836 1579 γὰρ
868 1508 1095 1571 ἐκείνοις
1120 1509 1444 1579 ἡτοίμασται
1470 1507 1787 1579 ήβασιλεία,

193 1599 311 1650 ἀλλ’
324 1598 390 1651 οὑ
418 1598 503 1651 σοὶ
520 1598 599 1669 τῷ
609 1600 709 1670 τὴν
723 1598 980 1652 πλατεῖαν
997 1600 1091 1652 καὶ
1108 1598 1417 1671 εὐρύχωρον
1426 1600 1544 1653 ὁδὸν
1562 1617 1789 1671 πορευο-

196 1692 369 1761 μένῳ.
406 1710 426 1741 ι
450 1690 709 1761 Φάραγγα
729 1691 968 1760 βαθεῖαν,
991 1691 1119 1756 ξύλα
1135 1691 1382 1763 κείμενα,
1403 1694 1511 1765 πῦρ
1532 1694 1625 1747 καὶ
1654 1693 1788 1760 ξύλα

192 1782 390 1837 πολλὰ.
440 1785 501 1836 ’0
532 1784 701 1854 θυμὸς
728 1785 932 1855 Κυρίου
966 1784 1041 1848 ὼς
1065 1784 1283 1856 φάραγξ
1312 1786 1414 1838 ὑπὸ
1444 1786 1586 1839 θείου
1629 1805 1784 1840 κοιιο⁴

194 1874 356 1944 μέν-η.
407 1894 427 1926 ι
455 1875 611 1928 Θεῖον
638 1875 865 1946 καὶπῦρ
893 1876 1244 1929 ὑποκαίουσιν
1286 1880 1363 1941 εἰς
1395 1878 1491 1950 τὴν
1530 1878 1637 1931 τῶν
1689 1880 1785 1931 αύ-

1972 958 2138 1013 Yeus.
2164 957 2253 1010 3'5.
2293 974 2310 1006 ι
2346 954 2426 1009 Τιι
2458 953 2603 1008 cnim
2637 963 2763 1007 ante
2795 951 2909 1007 dies
2938 953 3205 1008 rationem
3246 956 3473 1010 reddere

1897 1051 2131 1119 cogeris.
2166 1048 2435 1116 Numquid
2458 1048 2621 1101 etiam
2655 1046 2751 1100 tibi
2779 1055 3028 1115 paratum
3066 1057 3149 1100 est
3178 1049 3465 1114 regnare?»

1898 1142 2046 1206 ηερε,
2081 1142 2276 1211 inquit,
2304 1151 2356 1193 te
2409 1139 2539 1193 olim
2584 1138 2949 1208 voluptarium
2973 1147 3026 1190 et
3051 1140 3349 1204 superbum
3382 1155 3474 1193 cx-

1898 1244 2150 1305 spectant
2182 1250 2195 1287 :
2231 1233 2332 1287 nisi
2374 1232 2608 1286 fortasse
2652 1232 2884 1301 teipsum
2918 1228 3218 1296 decipiens,
3280 1244 3473 1298 exspe-

1899 1339 2015 1383 ctas
2058 1325 2152 1380 tibi
2219 1340 2435 1395 quoque
2492 1332 2741 1394 paratum
2798 1338 3019 1392 regnum
3065 1335 3209 1386 esse,
3246 1322 3474 1390 perinde

1898 1430 2060 1486 atque
2098 1418 2184 1479 iis,
2223 1418 2315 1486 qni
2370 1416 2421 1470 in
2469 1424 2694 1485 angusta
2720 1424 2773 1468 et
2799 1424 2947 1468 arcta
2977 1414 3061 1466 via
3106 1411 3470 1474 inceSserunt,

1896 1520 1949 1565 et
2002 1523 2269 1580 pauperes
2322 1518 2545 1577 propter
2594 1506 2762 1561 Deum
2825 1515 3155 1573 propterque
3203 1502 3472 1572 justitiam

1896 1600 2072 1657 θεουιί
2104 1610 2251 1656 sunt.
2300 1597 2396 1654 liis
2428 1599 2629 1668 quippe
2655 1597 2907 1651 omnibus
2963 1608 3207 1666 paratum
3247 1608 3471 1664 regnum

1893 1703 1996 1753 est.
2032 1709 2137 1747 non
2192 1693 2307 1753 tibi.
2346 1693 2437 1761 qui
2479 1694 2530 1746 in
2566 1692 2671 1744 lata
2711 1700 2772 1744 et-
2823 1690 3062 1759 spatiosa
3106 1689 3192 1741 via
3244 1686 3472 1743 incedis.

1898 1806 1919 1839 ‹
1960 1786 2160 1841 Vallem
2192 1785 2540 1854 profundam,
2575 1783 2716 1853 ligna
2755 1781 3014 1852 iacentia,
3047 1782 3222 1851 ignem
3247 1789 3299 1834 et
3328 1779 3473 1850 ligna

1893 1877 2085 1932 multa.
2119 1878 2294 1932 Furor
2322 1875 2532 1929 Domini
2568 1874 2878 1930 sicutvallis
2903 1873 3159 1943 sulphure
3181 1886 3469 1926 accensa.)

189 1943 306 2018 τόθι
337 1943 900 2039 κατακριθησομένῶν
934 1969 1172 2023 κόλασιν.
1215 1943 1463 2023 Τοσαῦτα
1490 1971 1546 2023 δὲ
1576 1970 1663 2024 διά
1690 1970 1777 2041 μέ-

1890 1970 2131 2040 Βιήριωι·
2187 1979 2241 2025 et
2299 1969 2481 2037 ignem
2537 1966 2898 2032 succendunt,
2959 1965 3025 2017 ad
3100 1978 3311 2029 eorum,
3377 1964 3472 2032 qui

193 2072 287 2109 σου
322 2056 525 2120 εἰπὼν,
556 2059 926 2129 ἀναλαμϐάνει
955 2061 1053 2131 τὴν
1104 2062 1240 2133 πρὸς
1262 2064 1387 2126 τοὺς
1416 2062 1788 2132 καταφεύγονς

192 2163 287 2212 τας
321 2151 410 2214 εἰς
433 2150 708 2220 Αἴγυπτον
742 2154 1100 2225 προφητείαν.

715 2400 1113 2456 ΚΕΦΔΛΑΙΟΝ
1143 2400 1269 2454 AA'.

262 2530 282 2565 ι
310 2512 458 2567 ὓῦαὶ
479 2512 529 2565 oi
552 2513 974 2577 καταϐαίνοντες
994 2514 1073 2576 είς
1100 2513 1371 2582 Αἴγυπτον
1394 2516 1486 2569 ἐπὶ
1510 2514 1783 2587 βοήθειαν,

188 2606 241 2656 οἱ
261 2605 347 2673 ἐφ’
392 2605 583 2669 ἵπποις
610 2605 931 2669 πεποιθότες
960 2608 1051 2660 καὶ
1079 2607 1163 2676 ἐφ’
1192 2606 1451 2677 ἅρμασιν.
1493 2608 1649 2659 Ἔστι
1676 2607 1783 2679 γάρ

192 2696 384 2762 πολλὰ,
416 2697 514 2751 καὶ
542 2698 627 2766 ἐφ’
662 2698 849 2763 ἵπποις
884 2699 1085 2769 πλῆθος
1114 2700 1337 2770 σφόδρα.
1373 2700 1483 2752 Καὶ
1515 2700 1616 2751 οὐκ
1642 2694 1783 2769 ἦσαν

188 2787 521 2851 πεποιθότες
553 2788 647 2841 ἐπὶ
682 2789 774 2842 τὸν
804 2787 999 2857 ’Ἃγιον
1029 2788 1124 2843 τοῦ
1166 2789 1404 2861 Ἰσραὴλ,
1432 2790 1525 2842 καὶ
1552 2789 1642 2842 τὸν
1669 2790 1783 2842 Κύ-

192 2898 302 2951 ριον
330 2883 442 2935 οὐκ
469 2883 759 2955 ἐζήτησαν.
790 2885 898 2937 Καὶ
926 2882 1088 2948 αὐτὸς
1118 2883 1296 2953 σοφῶς
1317 2879 1452 2955 ἦγεν
1474 2885 1559 2937 ἐπ’
1586 2885 1785 2950 αὐτοὺς

192 2975 360 3039 κακά,
412 2975 508 3028 καὶ
544 2977 572 3027 6
600 2974 757 3044 λόγος
792 2974 957 3028 αὑτοῦ
1002 2976 1063 3027 ού
1110 2975 1184 3046 μὴ
1225 2976 1485 3048 ἁθετηθῇ,
1551 2977 1646 3030 καὶ
1685 2978 1785 3030 ὲπ-

188 3069 559 3137 αναστὴσεται
592 3068 678 3119 ἐπ’
711 3066 892 3130 οἴκους
918 3066 1221 3137 ἀνθρώπων
1266 3067 1543 3140 πονηρῶν,
1580 3070 1673 3121 καὶ
1689 3068 1782 3121 ἐπὶ

188 3158 282 3227 τὴν
309 3158 512 3211 ἐλπίδα
540 3158 717 3214 αὐτῶν
748 3159 846 3230 τὴν
889 3160 1143 3230 ματαίαν,
1171 3159 1465 3230 Αἰγύπτιον
1496 3160 1783 3229 ἄνθρωπον

189 3251 278 3305 καὶ
309 3252 381 3304 οὐ
406 3250 561 3315 Θεὸν,
590 3251 773 3305 ἵππων
804 3252 1011 3323 σάρκας
1042 3254 1133 3305 καὶ
1164 3252 1264 3305 οὐκ
1294 3251 1409 3305 ἔστι
1442 3251 1682 3325 βοήθεια.
1722 3255 1779 3307 ’0

186 3342 239 3398 δὲ
280 3343 499 3414 Κύριος
530 3342 727 3411 ἐπάγει
767 3343 866 3413 τὴν
905 3347 1059 3415 χεῖρα
1103 3344 1267 3397 αὐτοῦ
1303 3346 1392 3398 ἐπ’
1420 3345 1635 3409 αὐτοὺς,
1681 3346 1775 3398 καὶ

188 3434 549 3486 κοπιάσουσιν
608 3434 657 3485 οἱ
704 3432 1051 3504 βοηθοῦντες,
1107 3434 1201 3487 καὶ
1248 3434 1363 3504 ἅμα
1415 3435 1617 3498 πάντες
1672 3435 1777 3487 ἀπ-

186 3524 442 3580 ολοῦνται
484 3524 747 3595 μαχαίρᾳ.
790 3542 810 3575 ι
844 3526 1135 3595 Μέμφεται
1175 3526 1374 3589 αὐτοὺς
1402 3528 1430 3579 6
1470 3525 1645 3594 λόγος,
1671 3527 1774 3589 ὅτι,

190 3618 260 3687 μή
283 3614 618 3679 πεποιθότες
648 3617 741 3669 ἐπὶ
766 3616 858 3669 τὸν
884 3618 1073 3685 Ἃγιον
1103 3617 1195 3670 τοῦ
1226 3616 1461 3688 Ἰσραὴλ,
1493 3619 1574 3683 είς
1612 3620 1779 3686 Δίγυ-

187 3710 380 3772 πτίους
409 3708 738 3778 κατέφυγον·
762 3708 841 3761 διδ
869 3710 963 3763 καὶ
985 3710 1386 3783 καταλήψεσθαι
1414 3711 1609 3775 αὐτοὺς
1638 3709 1673 3765 ἃ
1701 3712 1776 3781 μὴ

188 3801 601 3874 προσεδόκησαν
628 3802 774 3856 κακὰ
800 3802 886 3855 ἐπ’
912 3803 1079 3873 αὐτῆς
1104 3803 1205 3873 τῆς
1233 3804 1507 3872 Αἰγύπτου
1540 3802 1773 3857 ἀπειλεῖ.

188 3895 441 3950 Διδάσκει
468 3895 534 3947 δι’
559 3895 686 3964 ὅλης
710 3895 811 3965 τῆς
849 3896 1218 3967 προκειμένης
1264 3896 1504 3967 ἱστορίας
1541 3898 1569 3949 6
1598 3896 1773 3965 λόγος,

188 3982 243 4033 ἐν
264 3984 386 4045 τοῖς
418 3984 629 4052 καιροῖς
660 3982 769 4035 τῶν
796 3982 1071 4054 διωγμῶν,
1101 3984 1155 4036 εἴ
1177 4001 1306 4037 ποτε
1338 3988 1571 4054 κρινεῖεν
1593 3988 1621 4039 6
1642 3986 1775 4050 Θεὸς

185 4072 270 4123 τὸν
293 4072 433 4125 λαὸν
462 4072 649 4136 αὑτοῦ,
687 4072 720 4144 ἢ
762 4074 856 4125 καὶ
893 4076 992 4145 τὴν
1032 4074 1358 4145 Ἐκκλησίαν
1382 4076 1546 4130 αὑτοῦ
1593 4096 1773 4150 παρα-

185 4161 364 4216 δοῦναι
410 4166 525 4227 τοῖς
557 4164 657 4233 τὴν
699 4163 1007 4219 θεοσέϐειαν
1038 4167 1341 4234 ἐλαύνουσι,
1390 4168 1463 4240 μὴ
1503 4169 1612 4222 δεῖν
1644 4171 1773 4223 ἀνα-

186 4259 384 4326 χωρεῖν
420 4255 525 4325 τῆς
558 4256 741 4310 ἐνθέου
781 4258 1044 4323 πίστεως,
1089 4260 1221 4331 μηδὲ
1251 4264 1350 4331 τῆς
1383 4262 1476 4314 ἐπὶ
1512 4261 1608 4314 τὸν
1640 4261 1773 4315 Θεὸν

185 4346 573 4418 πεποιθήσεως
618 4350 983 4418 ἀφίστασθαι,
1038 4353 1174 4423 μηδὲ
1227 4352 1629 4421 ἀπογινώσκειν
1674 4354 1773 4419 τὰς

183 4441 375 4495 τούτου
406 4442 724 4511 διαλλαγὰς,
751 4445 886 4515 μηδὲ
912 4446 1005 4499 ἐπὶ
1030 4447 1123 4499 τὸν
1142 4446 1509 4514 Αίγυπτιακὸν
1531 4448 1645 4517 βίον
1676 4449 1770 4500 αύ-

183 4533 455 4602 τομολεῖν,
484 4534 628 4603 λέγω
653 4535 718 4606 δὴ
746 4537 835 4588 τὸν
860 4536 968 4591 τῶν
992 4537 1407 4608 είδωλολατρών.
1440 4539 1631 4591 Πολλοὶ
1661 4540 1768 4612 γὰρ

1888 2064 2011 2119 istic
2047 2062 2576 2122 condemnabuntur,
2632 2058 2979 2149 supplicium.
3037 2057 3135 2113 llis
3178 2073 3342 2128 porro
3374 2057 3472 2111 ad-

1886 2158 2068 2212 ductis
2107 2156 2161 2211 in
2220 2155 2477 2220 medium,
2542 2152 2886 2222 prophetiam
2934 2165 3101 2221 super
3150 2150 3239 2216 iis,
3273 2150 3365 2222 qui
3414 2149 3470 2204 in

1885 2246 2183 2319 Egyptum
2210 2243 2619 2315 confugiebant,
2660 2243 2911 2299 resumit.

2450 2396 2681 2456 CAPUT
2714 2396 2908 2454 XXXI.

1954 2514 2119 2568 Vens.
2138 2512 2251 2567 1-5.
2290 2510 2413 2566 «ναξ
2431 2511 2521 2580 qui
2542 2509 2879 2565 descendunt
2901 2509 2952 2561 in
2972 2506 3264 2577 Egyptnm
3284 2506 3350 2559 ad
3368 2521 3470 2560 au-

1885 2606 2101 2669 xilium,
2126 2606 2216 2674 qui
2271 2604 2550 2659 conﬁdunt
2582 2603 2634 2657 in
2670 2602 2828 2671 equis
2859 2608 2913 2655 et
2946 2601 2997 2654 in
3025 2599 3295 2653 curribus.
3331 2597 3472 2652 Sunt

1884 2696 2025 2751 enim
2047 2696 2224 2759 multi,
2242 2705 2296 2749 et
2321 2697 2372 2748 in
2398 2693 2552 2763 equis
2571 2691 2855 2745 multitudo
2878 2691 3090 2761 ingens.
3121 2689 3184 2742 Et
3209 2704 3312 2742 non
3332 2703 3469 2743 con-

1884 2790 1964 2843 ﬁsi
1983 2798 2109 2843 sunt
2126 2790 2177 2841 in
2193 2785 2395 2841 Sancto
2413 2785 2597 2851 Israel,
2616 2792 2670 2837 et
2688 2783 2971 2836 Dominum
2992 2797 3094 2834 non
3113 2780 3467 2849 quaesierunt.

1885 2883 1951 2936 Et
1980 2882 2094 2952 ipse
2116 2880 2391 2949 sapienter
2410 2878 2621 2932 induxit
2643 2891 2805 2945 super
2824 2890 2919 2929 eos
2961 2874 3124 2934 mala,
3160 2883 3215 2926 et
3244 2871 3469 2925 verbum

1883 2976 1999 3045 ejus
2014 2989 2120 3028 non
2143 2972 2518 3034 frustrabitur,
2543 2978 2598 3023 et
2622 2969 2867 3038 insurget
2902 2967 2955 3020 in
2981 2968 3168 3019 domos
3188 2964 3467 3018 hominum

1884 3068 2169 3129 malorum,
2205 3076 2258 3121 et
2296 3067 2347 3119 in
2372 3081 2519 3135 spent
2542 3078 2727 3119 eorum
2758 3078 2973 3127 vanam,
3015 3060 3330 3130 {Egyptinm
3360 3059 3463 3115 ho-

1885 3159 2083 3212 minem
2133 3166 2186 3211 et
2216 3173 2320 3210 non
2382 3156 2573 3219 Deum,
2607 3168 2867 3225 equorum
2911 3169 3126 3218 carnes,
3154 3164 3211 3208 et
3250 3169 3354 3207 non
3384 3162 3469 3209 est

1884 3249 2170 3304 auxilium.
2204 3247 2467 3302 Dominus
2503 3256 2684 3301 autem
2721 3246 2937 3300 inducet
2979 3260 3194 3299 manum
3231 3261 3382 3299 suam
3408 3246 3465 3301 in

1883 3356 1996 3403 eos,
2029 3349 2084 3395 et
2120 3339 2551 3408 laborabuntqui
2580 3338 2934 3404 auxiliantur,
2989 3347 3043 3390 et
3086 3336 3247 3390 simul
3272 3352 3467 3392 omnes

1883 3432 2135 3501 peribunt
2169 3430 2367 3501 gladio.
2397 3447 2416 3481 ι
2456 3427 2605 3498 Ipsos
2628 3428 2893 3497 coarguit,
2918 3426 3043 3496 quia
3072 3426 3273 3481 Sancto
3297 3424 3466 3482 Israel

1886 3537 1991 3577 non
2033 3522 2281 3586 ﬁdentes,
2322 3521 2388 3574 ad
2414 3518 2699 3589 Egyptios
2722 3519 3089 3587 confugerunt
3124 3536 3138 3573 :
3196 3519 3464 3588 quamob-

1886 3616 2171 3685 remjipsos
2189 3615 2578 3679 inexspectatis
2602 3612 2759 3667 malis
2786 3613 2836 3666 in
2862 3612 3097 3683 Egypto
3129 3612 3468 3668 invadendos

1882 3722 2003 3763 esse
2025 3708 2411 3762 comminatur.
2438 3707 2493 3761 In
2516 3716 2625 3760 tota
2653 3705 2820 3776 igitur
2838 3707 3091 3775 praesenti
3116 3708 3341 3762 historia
3365 3706 3463 3761 do-

1880 3811 2005 3865 cet,
2037 3800 2083 3855 si
2115 3801 2331 3870 quando
2378 3800 2554 3855 visum
2593 3798 2702 3853 Deo
2738 3799 2923 3865 fuerit,
2977 3799 3233 3870 popuhnn
3269 3814 3465 3867 suum,

1876 3894 1991 3949 sive
2018 3893 2315 3948 Ecclesium
2356 3908 2530 3957 suam,
2576 3892 2972 3961 persecutionis
3028 3901 3269 3960 tempore
3316 3891 3464 3961 piam

1876 3984 2191 4055 reiigiouem
2221 3986 2546 4040 vexantibus
2575 3984 2811 4052 tradere,
2850 3999 2879 4039 a
2927 3984 3109 4038 divina
3158 3985 3261 4038 ﬁde
3311 3999 3465 4039 recc-

1880 4076 2117 4133 dendum
2144 4093 2250 4131 non
2271 4091 2415 4143 esse,
2446 4092 2622 4146 neque
2640 4077 3022 4131 abstinendum
3054 4093 3081 4129 a
3108 4076 3302 4131 ﬁducia
3334 4092 3464 4146 erga

1880 4168 2072 4235 Deum,
2123 4186 2225 4225 nec
2269 4172 2335 4226 de
2391 4170 2507 4239 eius
2555 4170 3005 4225 reconciliatione
3040 4169 3462 4239 desperandum,

1880 4280 1980 4319 nec
2013 4265 2394 4320 declinandum
2427 4266 2494 4319 ad
2534 4263 2914 4335 AEgyptiacam
2946 4262 3112 4316 vitam
3144 4300 3159 4325 ,
3208 4261 3465 4316 videlicet

1876 4358 1945 4408 ad
1966 4357 2373 4412 idololatrarum
2403 4358 2735 4413 institutum.
2761 4356 2911 4411 Multi
2937 4372 3173 4424 namque
3203 4356 3255 4410 in
3278 4354 3463 4425 hujus-

1879 4451 2022 4505 ntodi
2050 4451 2384 4520 temporibus
2417 4467 2445 4504 a
2474 4451 2576 4521 pia:
2608 4451 2887 4519 religionis
2915 4451 3161 4503 doctrina
3179 4449 3462 4503 disceden-

1881 4554 1978 4609 tes,
2003 4559 2152 4613 spem
2183 4560 2335 4599 suam
2372 4546 2422 4599 in
2459 4544 2866 4599 idololatrarum
2886 4542 3087 4597 auxilio
3122 4542 3457 4596 locaverunt.

184 4624 239 4678 ὲν
264 4632 383 4694 τοῖς
412 4629 673 4695 τοιούτοις
700 4636 932 4703 καιροῖς,
967 4635 1374 4705 ἀποστήσαντες
1440 4634 1534 4688 τοῦ
1598 4637 1697 4708 τῆς
1766 4637 2077 4704 θεοσεϐείας
2119 4641 2299 4711 λόγου,
2335 4640 2435 4704 τὰς
2478 4639 2699 4702 ἐλπίδας
2744 4640 3057 4709 ἀνήρτησαν
3101 4636 3309 4691 ἑαυτῶν
3363 4634 3461 4706 τῆς

182 4725 287 4775 τῶν
326 4724 731 4796 είδωλολατρῶν
767 4726 1035 4798 βοηθείας.

256 4866 274 4897 ι
326 4846 451 4897 ’Ὁτι
489 4843 660 4908 οὕτως
692 4840 811 4896 εἷπέ
855 4861 944 4916 μοι
989 4844 1219 4916 Κύριος·
1264 4848 1359 4899 Ὃν
1397 4847 1597 4918 τρόπον
1642 4847 1768 4901 ὅταν

1948 4844 2113 4903 Vsus.
2149 4845 2274 4901 4-7.
2313 4864 2330 4896 ι
2369 4844 2637 4911 Quoniam
2682 4844 2764 4898 sic
2816 4842 2950 4896 dixit
2992 4840 3123 4895 mihi
3158 4840 3455 4895 Dominus:

187 4933 350 5007 βοήσῃ
387 4938 416 4988 6
459 4934 618 4998 λέων,
655 4933 687 5004 ἢ
727 4935 754 4987 6
800 4935 1037 5004 σκύμνος
1082 4936 1175 4988 ἐπὶ
1207 4940 1273 5007 τῇ
1324 4936 1466 5008 θήρᾳ
1581 4937 1762 5001 ἔλαϐε,

185 5031 275 5079 καὶ
295 5027 544 5098 κεκράξῃ
575 5026 659 5079 ἐπ’
688 5026 857 5097 αὐτὴν
888 5026 993 5090 ἕως
1032 5027 1096 5079 ἂν
1135 5026 1420 5099 ἐμπλησθῇ
1452 5026 1521 5080 τὰ
1543 5028 1643 5098 ὅρη
1668 5030 1765 5099 τῆς

186 5122 366 5191 φωνῆς
393 5118 582 5181 αὐτοῦ,
614 5120 708 5171 καὶ
734 5117 1068 5190 ἡττήθησαν,
1098 5120 1189 5172 καὶ
1217 5119 1277 5171 τὸ
1310 5120 1513 5189 πλῆθος
1547 5119 1639 5173 τοῦ
1675 5119 1766 5172 θυ-

189 5214 285 5280 μοῦ
313 5211 658 5281 ὲπτοήθήσαν
676 5229 687 5239 ·
715 5210 887 5273 οὕτως
914 5210 1284 5282 καταϐήσεται
1310 5212 1512 5284 Κύριος
1540 5211 1763 5265 Σαϐαὼθ

186 5303 608 5376 ἐπιστρατεῦσαι
646 5304 739 5355 ἐπὶ
775 5303 836 5379 τὸ
875 5304 999 5375 ὅρος
1043 5304 1200 5369 Σιὼν,
1248 5307 1341 5358 ἐπὶ
1370 5306 1436 5359 τὰ
1465 5307 1565 5378 ὅρη
1598 5307 1766 5376 αὐτῆς

187 5398 257 5460 ὡς
284 5400 447 5471 δρνεα
480 5399 784 5468 πετόμενα·
826 5397 999 5463 οὕτως
1043 5400 1375 5471 ύπερασπιεῖ
1413 5399 1635 5470 Κύριος,
1674 5404 1767 5454 καὶ

188 5492 467 5558 ἑξελεῖται,
504 5495 597 5545 καὶ
632 5496 1063 5566 περιποιήσεται,
1111 5496 1205 5547 καὶ
1246 5496 1430 5550 σώσει.
1475 5497 1767 5569 Ἐπιστρά-

190 5600 321 5653 φήτε
342 5586 391 5637 οἱ
421 5584 519 5656 τὴν
548 5584 768 5654 βαθεῖαν
801 5582 993 5656 βουλὴν
1019 5586 1396 5657 βουλευόμενοι
1424 5589 1518 5641 καὶ
1546 5588 1762 5659 ἄνομον,

193 5678 293 5728 υἱοὶ
348 5677 593 5750 Ἰσραήλ·
632 5679 713 5730 ὅτι
747 5680 810 5749 τῇ
848 5679 1029 5751 ἡμέρᾳ
1059 5680 1241 5751 ἐκείνῃ
1290 5681 1765 5752 ἀπαρνηθήσονται

194 5768 238 5817 οἱ
276 5769 546 5841 ἄνθρωποι
580 5769 651 5823 τὰ
676 5772 1031 5842 χειροποίητα
1073 5772 1272 5835 αὐτῶν,
1310 5772 1377 5825 τά
1425 5775 1641 5846 ἀργυρᾶ
1669 5776 1761 5827 καὶ

194 5857 254 5910 τὰ
283 5864 474 5931 χρυσᾶ,
519 5862 555 5915 ὃ.
598 5860 860 5933 ἐποίησαν
906 5864 960 5917 αἱ
1010 5866 1185 5936 χεῖρες
1237 5864 1429 5919 α’)τῶνι
1479 5887 1493 5917 ι
1545 5867 1757 5934 Ἔξεστι

1876 4938 2346 5007 Quemadmodum
2375 4954 2498 4994 cum
2540 4937 2797 4992 clamabit
2841 4936 2949 5002 leo,
2990 4935 3334 5000 autcatulns,
3362 4948 3457 4987 su-

1873 5046 1968 5101 per
2002 5032 2180 5099 prteda
2226 5046 2388 5101 quam
2444 5030 2606 5099 cepit,
2640 5040 2694 5084 ct
2737 5028 3125 5083 vociferabitur
3156 5043 3319 5094 super
3367 5041 3456 5092 ea,

1874 5125 2049 5179 donec
2100 5124 2427 5193 impleantur
2452 5134 2665 5178 montes
2699 5136 2832 5177 voce
2862 5122 3002 5192 ejus,
3035 5130 3088 5175 et
3123 5120 3249 5173 victi
3295 5129 3455 5183 sunt,

1873 5228 1929 5273 et
1966 5219 2362 5273 vehementiam
2392 5220 2597 5274 furoris
2632 5219 2753 5288 ejus
2775 5232 3080 5288 expavere;
3117 5216 3194 5271 sic
3227 5216 3455 5270 descen-

1874 5310 1965 5364 det
1988 5309 2245 5365 Dominus
2276 5310 2542 5375 Sabaotb,
2579 5322 2635 5364 ut
2668 5310 2941 5381 prmlietur
2976 5310 3025 5362 in
3062 5318 3242 5362 monte
3275 5307 3407 5362 Sion
3439 5348 3456 5374 ,

1874 5418 2033 5472 supra
2060 5412 2270 5458 montes
2298 5404 2435 5471 ejus,
2491 5406 2635 5458 sicut
2685 5419 2815 5458 aves
2843 5402 3120 5463 volantes;
3153 5402 3234 5456 sic
3273 5411 3455 5470 prote-

1874 5505 1961 5563 get
1992 5493 2273 5559 Dominus,
2298 5504 2350 5548 et
2373 5495 2591 5564 eripiet,
2626 5506 2679 5549 et
2707 5494 2926 5557 fovebit,
2954 5503 3007 5549 et
3036 5495 3294 5552 servabit.
3319 5495 3458 5549 Con-

1874 5588 2175 5652 vertimini,
2204 5590 2296 5657 qui
2325 5589 2654 5658 profundum
2684 5588 3235 5644 consilium'inieratis
3260 5599 3314 5644 ct
3344 5590 3450 5643 ini-

1874 5698 2061 5751 quum,
2093 5682 2189 5736 ﬁlii
2218 5681 2386 5737 Israel
2415 5700 2427 5735 :
2461 5682 2584 5749 quia
2622 5681 2674 5734 in
2712 5680 2799 5734 die
2837 5680 2924 5735 illa
2977 5681 3321 5751 abnegahnnt
3352 5681 3451 5734 ho-

1872 5776 2044 5829 mines
2076 5776 2217 5830 idola
2247 5791 2345 5829 sua
2394 5782 2652 5842 argentea
2680 5784 2733 5826 et
2794 5787 2983 5838 aurea,
3036 5790 3157 5843 qua:
3206 5772 3451 5826 fecerunt

1871 5883 2065 5924 manus
2100 5883 2309 5924 eorum.
2340 5887 2357 5921 ι
2414 5867 2569 5923 Licet
2622 5866 2764 5921 cnim
2825 5865 2955 5936 ipsis
3008 5868 3169 5922 etiam
3208 5881 3367 5932 nunc,
3402 5865 3448 5921 si
