3984 6514
490 451 597 506 515

1156 424 1423 503 EUSEBll
1461 450 1941 507 CESARIENSIS
1980 448 2124 505 ΟΡΡΔ
2171 448 2349 503 PARS
2388 447 2479 502 Ill.
2519 480 2591 488 —
2630 447 3040 503 EXEGETICA.

3633 447 3743 500 3Ιῦ

489 563 858 636 ρωιιίιεηιίιιπι
893 570 1077 631 agant,
1101 561 1154 615 itt
1177 566 1331 616 sitam
1358 563 1658 633 remigrare
1682 575 1904 628 terram,
1940 579 2061 617 cum

2171 564 2274 633 γὰρ
2301 564 2466 615 εἰσέτι
2499 564 2593 616 καὶ
2617 562 2711 615 νῦν
2744 564 3176 632 μετανοήσαντας
3201 563 3510 616 ἐπανελθεῖν
3540 564 3616 625 εἰς
3640 562 3747 634 τὴν

491 655 807 710 edidicerint
859 653 1041 722 qualia
1077 652 1220 708 Deus
1249 655 1391 707 circa
1426 669 1550 707 eam
1593 657 1866 725 pollicitus
1896 658 1983 711 sit.
2012 656 2063 709 Id

490 749 653 804 etiam
691 746 928 801 declarat
951 746 1177 800 historia
1215 768 1227 799 ;
1262 762 1385 797 nam
1426 757 1547 814 post
1573 749 1803 801 reditum
1853 764 1916 801 ex
1972 746 2067 799 Ba-

489 839 701 909 bylone,
731 853 794 892 ac
820 837 1112 891 excitatum
1155 838 1331 889 denuo
1374 842 1625 905 templum
1660 840 1712 892 in
1743 838 2061 905 Jerusalem,

492 945 597 985 non
622 930 760 984 ultra
786 929 943 983 idolis
977 930 1058 984 usi
1089 930 1258 986 fuisse
1296 933 1566 986 videntur.

565 1106 724 1162 Vens.
751 1109 803 1162 8.
840 1128 857 1159 ι
890 1109 953 1162 Et
992 1110 1150 1165 cadet
1173 1111 1343 1166 Assur
1378 1128 1481 1166 non
1525 1114 1703 1181 gladio
1733 1115 1855 1180 viri,
1894 1131 2067 1185 neque

426 1204 429 1205 ⁷
494 1199 706 1269 gladius
737 1202 836 1254 viri
865 1201 1146 1255 devoraliit
1171 1218 1290 1256 eum
1323 1222 1335 1256 :
1371 1213 1425 1257 et
1466 1204 1656 1274 fugiet,
1696 1220 1801 1258 non
1836 1222 1863 1258 a
1924 1206 2064 1260 facie

493 1292 697 1362 gladii:
752 1293 981 1360 juvenes
1036 1305 1214 1348 autem
1258 1296 1683 1362 superabuntur.
1720 1316 1738 1349 ι
1783 1296 2067 1366 Significat

488 1394 670 1437 autem
731 1384 1137 1439 idololatrarttm
1195 1388 1346 1455 regni
1400 1389 1693 1451 excidium,
1744 1391 2067 1457 ruinamque

487 1491 675 1530 eorum
707 1495 721 1531 :
755 1477 976 1545 pristina
1013 1478 1100 1530 illa
1134 1480 1277 1548 regia
1330 1479 1616 1547 dignitate,
1644 1482 1802 1548 quasi
1854 1481 1921 1534 ab
1957 1484 2065 1535 alto

487 1567 749 1623 humilem
775 1570 826 1622 in
860 1570 1035 1625 locum
1079 1571 1305 1638 dejecta.
1338 1572 1389 1623 ld
1423 1580 1601 1625 autem
1636 1573 1739 1627 illis
1762 1573 2063 1643 continget,

488 1661 586 1726 ait,
620 1676 723 1715 non
754 1677 816 1715 ex
848 1662 1080 1717 humana
1125 1663 1422 1733 irruptinne
1451 1683 1464 1718 :
1506 1665 1599 1717 sed
1634 1680 1697 1717 ex
1728 1666 1907 1718 divina
1932 1682 2064 1718 con-

489 1758 572 1802 tra
606 1750 726 1804 illos
767 1767 993 1806 accensa
1025 1754 1123 1807 ira.
1162 1754 1387 1808 Etiamsi
1410 1755 1555 1809 enim
1585 1754 1832 1811 homines
1863 1757 2062 1810 excidii

488 1855 673 1894 eorum
712 1842 944 1897 ministri
993 1859 1154 1913 quam
1202 1848 1437 1900 maxime
1476 1848 1762 1901 videantur
1810 1864 1963 1913 esse;
2010 1859 2067 1903 at

487 1933 602 2001 ipse
641 1932 777 1988 Deus
821 1944 940 1989 erat
990 1937 1081 2003 qui
1133 1938 1410 1992 hominum
1455 1954 1618 2008 opera
1645 1939 1894 2006 :funditus
1948 1940 2066 1995 illos

485 2028 703 2086 evertit.

556 2200 722 2257 Vens.
754 2204 806 2258 9.
856 2222 875 2254 ι
927 2204 1087 2259 Petra
1140 2207 1283 2261 enim
1334 2210 1859 2277 circumdahuntur,
1912 2214 2064 2282 quasi

484 2291 647 2357 vallo,
685 2303 737 2347 et
766 2294 1076 2350 vincentur.
1116 2318 1135 2350 ι
1172 2299 1386 2353 Petram
1422 2313 1580 2357 vocat
1638 2304 1781 2358 illam
1810 2304 1936 2359 olim
1965 2308 2066 2360 As—

487 2383 761 2452 syriorum
802 2384 1135 2451 firmitatent,
1182 2392 1439 2461 regnique
1474 2396 1656 2458 robur,
1717 2397 1857 2466 quod
1891 2409 2067 2453 trans-

487 2472 689 2525 iturum
722 2489 843 2530 csse
867 2476 1018 2531 dicit.
1052 2497 1071 2529 ι
1094 2480 1193 2545 Qui
1222 2490 1399 2537 autem
1431 2486 1908 2556 fugiet,capietnr.
1941 2490 2065 2545 [hcc

486 2564 621 2619 dicit
648 2566 908 2622 Dominus
940 2589 952 2623 :
984 2570 1201 2637 Beatus,
1246 2578 1333 2644 qui
1370 2578 1527 2632 habet
1563 2580 1615 2632 in
1661 2580 1789 2635 Sion
1835 2597 2017 2638 semen
2045 2625 2061 2649 ,

486 2665 543 2710 et
573 2658 900 2716 domesticos
931 2663 984 2717 in
1015 2662 1336 2723 Jerusalem.
1376 2689 1395 2721 ι
1419 2669 1512 2725 His
1538 2672 1663 2726 item
1692 2673 1944 2728 hortatur
1970 2691 2064 2731 eos

485 2748 578 2816 qui
629 2751 682 2804 in
743 2752 1035 2823 Egyptum
1071 2758 1442 2827 confugerant,
1478 2774 1535 2817 ut
1569 2782 1639 2821 ne
1673 2770 1987 2825 recederent
2033 2787 2064 2825 a

486 2838 605 2897 loco
646 2844 732 2897 ubi
758 2857 877 2911 erat
912 2849 1169 2917 templum
1198 2853 1288 2906 Dei
1318 2873 1332 2906 :
1370 2856 1462 2910 sed
1486 2859 1650 2913 etiam
1701 2861 1895 2916 beatos
1928 2878 2067 2931 prte-

486 2931 633 2987 dicat
658 2950 774 3001 eos,
813 2939 903 3007 qui
953 2953 1136 2996 semen
1178 2944 1228 2997 in
1261 2944 1393 3001 Sion
1432 2948 1665 3005 habituri
1704 2963 1855 3021 sunt,
1886 2966 1941 3011 et
1966 2957 2063 3010 do-

485 3027 745 3082 mesticos
775 3029 828 3083 in
877 3030 1216 3102 Jerusalem;
1268 3042 1523 3108 quoniam
1559 3044 1648 3098 illa
1684 3052 2062 3115 restauranda,

484 3125 542 3169 et
572 3119 854 3186 pristinam
888 3124 1112 3194 gloriam
1141 3143 1293 3183 Suam
1346 3146 1729 3205 recuperatura
1777 3151 1935 3207 erat,
1969 3160 2063 3197 seu

483 3209 650 3263 etiam
680 3212 943 3281 majorem
978 3217 1087 3281 illa,
1125 3237 1284 3289 quam
1321 3225 1471 3292 prius
1502 3238 1662 3283 nacta
1689 3229 1888 3287 fuerat.
1923 3236 2065 3301 Qtta-
2092 3252 2132 3309 (ς

486 3311 709 3372 propter
733 3306 853 3361 aliis
887 3309 1185 3378 dicebatur,
1221 3333 1237 3365 ι
1274 3315 1339 3369 Et
1365 3320 1469 3372 erit
1498 3321 1665 3390 gloria
1691 3324 1884 3382 domus
1910 3328 2064 3385 istius

485 3393 784 3449 novissima
822 3413 986 3467 super
1014 3402 1248 3470 priorem
1282 3406 1348 3461 ³ο.
1385 3429 1404 3461 ι
1436 3409 1593 3469 Scias
1633 3427 1871 3485 oportet,
1906 3420 2056 3485 illud,
2102 3467 2106 3475 ,

490 3502 512 3536 ι
542 3485 754 3554 beatus,
786 3508 804 3542 ι
827 3506 858 3544 a
877 3493 1092 3547 nemine
1122 3495 1226 3550 alio
1250 3497 1605 3570 interpretum
1626 3506 1828 3562 dictum
1856 3509 2060 3568 fuisse:

484 3591 587 3647 pro
621 3579 710 3633 illo
738 3591 940 3647 autem,
974 3604 991 3636 ι
1027 3585 1128 3652 Qui
1167 3588 1325 3645 habet
1359 3593 1411 3647 in
1456 3594 1585 3651 Sion
1625 3612 1833 3665 semen,
1864 3614 1919 3658 et
1972 3606 2065 3661 do-

487 3672 745 3727 mesticos
780 3675 831 3728 in
858 3674 1177 3741 Jerusalem,
1206 3700 1223 3733 ι
1254 3682 1614 3752 Symmachus
1636 3690 1813 3757 habet,
1838 3712 1857 3745 ι
1886 3695 2061 3763 ignem

488 3762 542 3816 in
579 3763 707 3818 Sion
736 3776 791 3821 et
817 3768 1088 3823 clibannm
1124 3772 1177 3826 in
1210 3773 1545 3841 Jerusalem;
1578 3799 1597 3833 ι
1634 3783 1827 3853 Aquila
1856 3762 1987 3841 vero
2009 3798 2063 3844 et

489 3851 810 3925 Theodotio,
851 3877 871 3912 ι
909 3858 1029 3915 Lux
1064 3863 1163 3932 ipsi
1198 3865 1250 3919 in
1298 3867 1454 3933 Sion,
1488 3881 1544 3926 et
1578 3851 1823 3932 clibanus
1859 3879 1957 3948 ipsi
2005 3880 2060 3936 iu

484 3942 813 4004 Jerusalem.
845 3969 865 4003 ι
894 3954 1058 4019 Queis
1097 3957 1322 4013 docetur
1371 3963 1750 4022 universorum
1801 3942 1971 4026 Deum
2009 3984 2065 4029 et

489 4034 801 4105 Dominuut,
831 4047 921 4114 qui
951 4046 1117 4103 hasce
1143 4060 1334 4106 contra
1357 4054 1615 4129 Assyrios
1654 4062 1827 4118 minas
1876 4075 2064 4133 protu-

488 4130 574 4195 lit,
624 4133 802 4203 iguem
837 4138 1037 4193 habere
1069 4140 1121 4194 in
1172 4141 1324 4212 Sion,
1355 4154 1411 4201 et
1439 4148 1709 4205 clibanum
1758 4153 1810 4208 in
1841 4130 2065 4212 Jerusa-

486 4221 630 4289 lem;
659 4236 717 4280 ut
740 4228 785 4282 si
803 4232 1020 4299 quando
1045 4233 1294 4302 voluerit,
1322 4237 1424 4295 hoc
1454 4241 1577 4312 igne
1601 4252 1656 4298 et
1683 4244 1896 4303 clibano
1923 4264 2067 4305 com-

485 4315 645 4371 burat
668 4328 723 4373 et
742 4334 1013 4393 excoquat
1034 4341 1127 4383 eos
1150 4330 1240 4396 qui
1264 4332 1649 4391 combustione
1675 4351 1809 4407 opus
1836 4339 2059 4397 habent.

487 4410 749 4474 Quocirca
778 4413 868 4468 Dei
903 4416 990 4470 illa
1018 4418 1213 4477 civitas
1239 4423 1516 4492 despectui
1547 4426 1794 4484 habenda
1826 4448 1931 4486 non
1955 4446 2059 4490 est.

487 4498 615 4555 Haec
653 4518 817 4572 porro
876 4508 942 4563 de
986 4510 1223 4566 Ecclesia
1281 4513 1410 4569 item
1440 4515 1563 4581 jure
1607 4519 1883 4587 dicantur,
1933 4525 2059 4594 quia

2169 653 2376 705 ἑαυτῶν
2409 655 2531 723 γῆν,
2576 654 2845 724 μαθόντας
2872 655 3029 705 ὁποῖα
3056 652 3381 723 ἐπήγγελται
3412 654 3537 725 περὶ
3571 656 3747 724 αὐτῆς

2166 748 2194 799 6
2236 747 2388 808 Θεός.
2424 747 2532 799 Καὶ
2563 746 2718 798 τοῦτο
2760 746 2817 799 δὲ
2865 746 3189 817 παρίστησιν
3230 747 3263 816 ή
3316 746 3554 815 ἱστορία·
3605 748 3746 817 μετὰ

2166 836 2274 907 γὰρ
2303 837 2361 889 τὸ
2388 836 2703 889 ἐπανελθεῖν
2737 838 2932 900 αὐτοὺς
2971 838 3078 890 ἀπὸ
3124 836 3458 898 Βαϐυλῶνος,
3517 837 3612 889 καὶ
3656 838 3733 888 ἀνι

2167 931 2377 999 εγεῖραι
2423 927 2671 999 δεύτερον
2720 929 2809 981 τόν
2850 927 3331 999 ὲγἹεροσολύμοις
3372 927 3517 991 ναὸν,
3560 929 3747 979 οὐκέτι

2168 1022 2448 1089 φαίνονται
2476 1019 2713 1085 εἰδώλοις
2741 1024 3089 1093 χρησάμενοι.

2243 1129 2262 1162 ι
2296 1112 2404 1163 Καὶ
2436 1114 2678 1163 πεσεῖται
2732 1112 2959 1179 Ἀσσοῦρ
2990 1112 3049 1163 οὐ
3089 1110 3333 1181 μαχαίρᾳ
3376 1108 3586 1179 ἀνδρὸς,
3622 1109 3749 1161 οὐδὲ

2171 1204 2414 1275 μάχαιρα
2438 1203 2721 1274 ἀνθρώπου
2752 1205 3127 1273 καταφάγεταί
3157 1205 3336 1261 αὑτὸν.
3370 1203 3461 1255 καὶ
3491 1202 3751 1271 φεύξεται

2168 1295 2266 1345 οὐκ
2302 1292 2410 1345 ἀπὸ
2443 1291 2733 1365 προσώπου
2781 1294 3081 1364 μαχαίρας·
3117 1294 3165 1345 οἰ
3206 1293 3261 1345 δὲ
3296 1292 3566 1344 νεανίσκοι
3606 1286 3752 1343 ἔσον-

2168 1402 2255 1436 ται
2298 1385 2377 1447 εἰς
2424 1385 2662 1454 ἥττημα.
2712 1406 2729 1436 ι
2782 1386 3043 1455 Σημαίνει
3079 1384 3134 1437 δὲ
3172 1384 3268 1454 τὴν
3303 1383 3614 1454 καθαίρεσιν
3649 1385 3751 1453 τῆς

2167 1476 2273 1528 τῶν
2298 1476 2699 1546 εἰδωλολατρῶν
2731 1476 3027 1545 βασιλείας,
3056 1476 3149 1527 καὶ
3179 1476 3275 1545 τὴν
3303 1474 3511 1527 πτῶσιν
3546 1475 3749 1539 αὐτῶν,

2168 1566 2358 1639 ὥσπερ
2390 1569 2482 1637 ἀφ’
2513 1567 2679 1635 ὕψους
2711 1567 2801 1619 τοῦ
2832 1568 3098 1638 προτέρου
3132 1565 3407 1637 βασιλικοῦ
3442 1564 3756 1635 ἀξιώματος

2169 1663 2261 1715 ἐπὶ
2301 1662 2360 1714 τὸ
2397 1661 2650 1714 ταπεινὸν
2678 1661 2979 1732 φερομένου
3001 1678 3012 1689 ·
3047 1660 3139 1713 καὶ
3174 1658 3330 1711 τοῦτο
3356 1658 3556 1721 αὐτοῖς,
3590 1659 3754 1726 φησι,

2170 1752 2507 1823 συμϐήσεται
2541 1752 2641 1805 οὐκ
2672 1751 2731 1816 ἐξ
2773 1752 3123 1822 ἀνθρωπίνης
3171 1750 3380 1819 ἐφόδου,
3409 1749 3521 1802 ἀλλ’
3554 1752 3619 1802 ὲκ
3650 1751 3757 1819 τῆς

2167 1844 2260 1896 τοῦ
2299 1843 2432 1897 Θεοῦ
2472 1844 2797 1898 κατάύτῶν
2841 1844 3030 1914 ὀργῆς.
3063 1846 3125 1896 Εἰ
3153 1844 3260 1914 γὰρ
3292 1844 3385 1895 καὶ
3415 1842 3484 1895 τὰ
3516 1842 3761 1913 μάλιστα

2169 1937 2385 1989 ἐδόκουν
2430 1937 2705 2009 ἄνθρωποι
2744 1937 3016 2008 ὑπηρέται
3050 1938 3331 2006 γεγονέναι
3366 1939 3462 2006 τῆς
3491 1936 3757 2006 καθαιρέ

2170 2045 2305 2091 σεως
2327 2028 2529 2093 αὐτῶν,
2554 2029 2666 2081 ἀλλ’
2694 2030 2853 2092 αὐτὸς
2878 2025 2945 2100 ἦν
2970 2031 2998 2083 6
3029 2029 3179 2092 Θεὸς,
3208 2028 3236 2080 6
3265 2029 3358 2081 διὰ
3400 2026 3507 2081 τῶν
3548 2027 3762 2099 ἀνθρώ-

2169 2138 2285 2174 πων
2315 2121 2598 2191 καθαιρῶν
2625 2122 2843 2185 αὐτούς.

2243 2232 2260 2264 ι
2324 2213 2505 2285 Πέτρᾳ
2547 2213 2656 2284 γὰρ
2707 2208 3201 2285 περιληξρθήσονται
3246 2215 3320 2278 ὡς
3367 2215 3603 2287 χάρακι,
3656 2215 3760 2268 καὶ

2167 2304 2583 2375 ἡττηθήσονται.
2646 2324 2664 2356 ι
2724 2306 2938 2376 Πέτραν
2995 2306 3144 2373 λέγει
3193 2306 3285 2357 τοῦ
3352 2307 3635 2377 Ἀσσυρίου
3691 2306 3764 2361 τὸ

2167 2395 2333 2449 πάλαι
2368 2398 2589 2470 στερρὸν
2612 2399 2705 2450 καὶ
2732 2397 2947 2468 βέϐαιον
2974 2396 3067 2451 καὶ
3093 2398 3311 2469 ἰσχυρὸν
3339 2399 3439 2469 τῆς
3471 2399 3759 2469 βασιλείας

2150 2484 2328 2538 αὑτοῦ
2359 2526 2372 2549 ,
2432 2488 2568 2557 ὅπερ
2633 2488 3062 2559 παρελεύσεσθαί
3112 2506 3276 2558 φησιν
3334 2491 3363 2543 6
3411 2489 3587 2559 λόγος.
3628 2511 3645 2543 ι
3697 2494 3759 2546 ’Θ

2166 2576 2223 2629 δὲ
2282 2578 2497 2645 φεύγων
2561 2578 2849 2635 ἁλώσεται.
2919 2580 3055 2632 Τάδε
3134 2580 3281 2649 λέγει
3334 2581 3538 2653 Κύριος
3569 2601 3582 2613 ·
3640 2584 3761 2637 Μα-

2167 2669 2356 2740 κάριος
2403 2670 2460 2733 ὃς
2509 2669 2620 2740 ἕχει
2672 2672 2728 2723 ὲν
2782 2670 2919 2725 Σιὼν
2972 2672 3213 2744 σπέρμα,
3271 2673 3365 2725 καὶ
3410 2674 3643 2737 οἰκείους
3697 2675 3761 2726 ἐν

2179 2760 2553 2832 Ἰερουσαλήμ.
2611 2781 2628 2812 ι
2677 2763 2786 2815 Καὶ
2826 2762 2912 2815 διὰ
2946 2763 3136 2817 τούτου
3174 2765 3471 2836 προτρέπει
3500 2767 3627 2830 τοὺς
3672 2770 3762 2830 εἰς

2166 2851 2264 2922 τὴν
2307 2851 2579 2920 Αἴγυπτον
2612 2854 2959 2923 ὁρμήσαντας
3002 2855 3077 2925 μὴ
3126 2856 3426 2925 ἀναχωρεῖν
3456 2854 3550 2908 τοῦ
3581 2856 3758 2909 τόπου

2167 2942 2296 2997 ἔνθα
2326 2939 2393 3014 ἦν
2421 2946 2449 2996 6
2482 2942 2617 3007 νεὼς
2650 2943 2744 2996 τοῦ
2778 2944 2911 2997 Θεοῦ
2933 2963 2945 2975 ο
2985 2946 3117 3000 ἀλλά
3159 2947 3252 2999 καὶ
3298 2947 3591 3017 μακαρίζει
3624 2948 3758 3012 τοὺς

2166 3035 2382 3101 ἕξοντας
2434 3038 2488 3089 ὲν
2529 3036 2666 3090 Σιὼν
2719 3036 2962 3107 σπέρμα,
3016 3038 3111 3092 καὶ
3154 3040 3211 3091 ἐν
3267 3038 3622 3111 Ἰερουσαλήμ
3668 3041 3758 3093 οἰ-

2166 3128 2365 3191 κείους,
2405 3128 2492 3180 διὰ
2532 3129 2591 3181 τὸ
2637 3128 2849 3199 μέλλειν
2884 3129 3054 3200 αὐτὴν
3100 3130 3475 3194 ἀνανεοῦσθαι,
3511 3131 3607 3184 καὶ
3649 3132 3757 3203 τὴν

2166 3220 2373 3272 οἰκείαν
2416 3216 2573 3283 αὖθις
2605 3220 3013 3291 ἀπολαμϐάνειν
3045 3221 3221 3286 δόξαν,
3262 3222 3296 3292 ἢ
3332 3223 3424 3276 καὶ
3467 3222 3758 3293 κρείττονα

2169 3305 2236 3381 ἦς
2265 3307 2377 3382 εἶχε
2412 3312 2695 3383 πρότερον.
2729 3312 2825 3366 Διὸ
2857 3311 3074 3382 ἐλέγετο
3106 3313 3314 3384 ἑτέροις
3338 3331 3352 3343 ·
3392 3334 3411 3365 ι
3458 3315 3566 3368 Καὶ
3596 3314 3759 3369 ἔσται

2170 3406 2203 3474 ἡ
2236 3404 2359 3471 δόξα
2391 3405 2484 3459 τοῦ
2529 3405 2678 3459 οἴκου
2724 3406 2914 3460 τούτου
2951 3410 2985 3477 ἡ
3032 3407 3238 3478 ἐσχάτη
3278 3407 3419 3478 ὑπὲρ
3462 3407 3561 3478 τὴν
3597 3408 3758 3479 πρώ-

2167 3514 2288 3568 την.
2348 3518 2365 3550 ι
2406 3499 2621 3552 Είδέναι
2670 3499 2728 3552 δὲ
2780 3498 2906 3570 χρὴ,
2937 3500 3019 3552 ὅτι
3053 3499 3113 3552 τὸ
3149 3500 3267 3571 μὲν,
3310 3519 3328 3550 ι
3384 3499 3675 3571 μακάριος,
3732 3520 3751 3554 ι

2168 3588 2341 3652 οὐδεὶς
2378 3590 2485 3642 τῶν
2514 3590 2870 3662 ὲρμηνευτῶν
2891 3591 3141 3663 εἴρηκεν·
3176 3593 3298 3645 ἀντὶ
3334 3592 3390 3645 δὲ
3424 3593 3545 3659 τοῦ,
3585 3612 3603 3643 ι
3656 3596 3758 3658 Ὃς

2169 3679 2282 3750 ἔχει
2304 3683 2359 3735 ἐν
2388 3681 2525 3737 Σιὼν
2560 3683 2784 3754 σπέρμα
2820 3674 2915 3736 καῖ
2946 3684 3179 3748 οἰκείους
3205 3686 3263 3737 ὲν
3312 3684 3690 3756 Ἰερουσαλὴμ,
3726 3706 3750 3738 ο

2169 3771 2198 3822 ό
2240 3772 2337 3842 μὲν
2379 3772 2673 3843 Σύμμαχος
2702 3773 2836 3843 ἔχει,
2879 3792 2897 3823 ι
2936 3772 3048 3846 πῦρ
3087 3775 3143 3826 ὲν
3176 3772 3335 3838 Σιὼν,
3371 3775 3463 3828 καὶ
3495 3774 3760 3829 κλίϐανον

2170 3864 2227 3916 ὲν
2272 3864 2655 3936 Ἰερουσαλήμ’
2693 3886 2712 3917 ι
2753 3866 2782 3918 6
2824 3864 3052 3929 Ἀκύλας
3096 3866 3189 3919 καί.
3228 3865 3536 3931 Θεοδοτίων,
3574 3886 3592 3918 ι
3631 3867 3759 3932 Φῶς

2174 3956 2322 4026 αὐτῷ
2353 3959 2411 4009 ἐν
2446 3956 2584 4009 Σιὼν
2618 3958 2710 4011 καὶ
2742 3957 2993 4021 κλίϐανος
3022 3957 3172 4029 αὐτῷ
3211 3959 3269 4011 ὲν
3315 3958 3694 4031 Ἰερουσαλὴμ,
3731 3979 3751 4011 ι

2170 4046 2455 4118 εἰρήκασι·
2509 4048 2846 4113 διδάσκοντος
2879 4050 2973 4103 τοῦ
3025 4050 3205 4119 λόγου,
3252 4052 3333 4105 ὅτι
3378 4054 3407 4105 6
3455 4052 3562 4105 τῶν
3610 4054 3754 4107 ὅλων

2168 4140 2301 4203 Θεὸς
2331 4141 2424 4195 καὶ
2457 4141 2690 4214 Κύριος,
2721 4145 2750 4196 ό
2783 4145 2922 4199 κατά
2958 4145 3066 4199 τῶν
3112 4147 3409 4219 Ἀσσυρίων
3449 4148 3756 4221 ἀπειλήσας

2167 4233 2239 4287 τὰ
2262 4233 2553 4306 λεγόμενα,
2588 4235 2701 4306 ἔχει
2726 4237 2836 4307 πῦρ
2864 4238 2921 4290 ἐν
2951 4238 3113 4303 Σιὼν,
3143 4240 3236 4291 καὶ
3264 4238 3514 4293 κλίϐανον
3544 4241 3602 4293 ὲν
3655 4243 3756 4294 Ἱε-

2170 4324 2482 4398 ρουσαλήμ·
2518 4325 2598 4379 ἵν’
2629 4327 2717 4380 ὅτε
2752 4328 3029 4399 βούληται,
3064 4329 3143 4401 τῷ
3176 4332 3307 4402 πυρὶ
3333 4330 3506 4402 τούτῳ
3544 4332 3641 4385 καὶ
3672 4334 3755 4403 τῷ

2169 4417 2406 4490 κλιϐάνῳ
2456 4419 2778 4493 κατακαύσῃ
2823 4419 2917 4473 καὶ
2968 4424 3289 4496 κατοπτήσῃ
3339 4424 3465 4488 τοὺς
3502 4424 3755 4491 καύσεως

2166 4510 2471 4581 δεομένους.
2525 4512 2616 4564 Διὸ
2652 4512 2712 4564 οὑ
2768 4513 3033 4583 προσήκει
3085 4518 3445 4587 καταφρονεῖν
3496 4517 3598 4587 τῆς
3655 4519 3753 4572 τοῦ

488 4590 604 4660 ipsa
633 4603 716 4647 est
748 4596 940 4653 civitas
994 4599 1079 4655 illa
1134 4603 1227 4657 Dei
1283 4605 1541 4676 gloriosa,
1569 4612 1635 4664 de
1684 4626 1789 4680 qua
1820 4590 2019 4670 dicitur
2045 4659 2061 4684 ,

2171 4600 2303 4654 Θεοῦ
2330 4602 2558 4666 πόλεως.
2590 4603 2773 4657 Ταῦτα
2803 4604 2858 4657 δὲ
2891 4607 2984 4659 καὶ
3025 4607 3153 4678 περὶ
3178 4607 3277 4676 τῆς
3317 4607 3641 4678 Ἐκκλησίας
3667 4612 3752 4663 εί⁴

491 4702 512 4735 ι
548 4684 799 4743 Gloriosa
831 4691 971 4745 dicta
1008 4704 1138 4747 sunt
1173 4696 1239 4752 de
1272 4707 1343 4765 te,
1387 4699 1583 4756 civitas
1637 4702 1731 4759 Dei
1782 4704 1848 4759 ³¹.
1890 4727 1909 4760 ι
1968 4709 2064 4764 Est

487 4777 619 4832 item
655 4778 709 4834 in
767 4781 854 4836 illa
891 4783 1029 4852 ignis
1068 4794 1123 4841 et
1169 4788 1434 4856 clibanus,
1469 4808 1579 4865 quo
1631 4795 2063 4871 uniuscujusque

486 4871 683 4927 anima:
710 4873 875 4943 ligna,
911 4875 1091 4933 fenum
1123 4889 1176 4936 et
1202 4883 1457 4952 stipulam
1489 4888 1773 4944 comburat
1816 4902 1870 4947 et
1901 4896 2065 4950 absu-

486 4973 617 5018 mat.
649 4967 801 5032 Quod
827 4969 870 5023 si
894 4969 1128 5041 dicatur,
1161 4991 1182 5026 ι
1222 4975 1337 5029 Lux
1370 4976 1471 5046 ipsi
1507 4979 1559 5032 in
1603 4978 1758 5047 Sion,
1804 4992 1858 5038 et
1889 4984 2060 5040 cliba-

487 5072 590 5112 nus
623 5060 721 5128 ipsi
756 5061 807 5115 in
840 5061 1167 5133 Jerusalem,
1208 5085 1229 5121 ι
1273 5068 1452 5137 ignem
1488 5070 1853 5143 intelligamus
1901 5093 2062 5147 opor-

488 5160 587 5218 tot,
643 5166 864 5223 propter
892 5172 985 5210 eos
1016 5172 1083 5211 ex
1114 5169 1279 5225 cmtu,
1314 5161 1403 5230 qui
1456 5161 1661 5218 lumine
1691 5176 1819 5221 sunt
1865 5167 2013 5239 digni
2040 5187 2055 5236 ;

486 5245 759 5299 clibannm
791 5258 970 5304 autem
1004 5250 1055 5303 in
1088 5249 1411 5317 Jerusalem,
1444 5266 1665 5324 pr0ptcr
1689 5272 1783 5314 eos
1802 5260 2057 5329 quicom-

486 5338 735 5396 bnstione
767 5353 817 5396 et
850 5345 1172 5413 purgatione
1209 5360 1344 5416 opus
1378 5348 1597 5404 habent.

1029 5614 1259 5670 CAPUT
1294 5613 1508 5670 XXXII.

559 5701 723 5759 Vtilis.
766 5704 788 5758 'l
841 5705 897 5760 2.
930 5707 1108 5763 «Ecce
1147 5708 1291 5763 cuitu
1326 5724 1417 5763 rex
1470 5709 1649 5776 justus
1689 5708 1955 5778 regnabit,
2006 5718 2058 5764 ct

562 5901 608 5934 ⁸⁸
636 5906 767 5973 Agg.
808 5920 869 5970 tt,
914 5905 997 5959 10.
1077 5907 1279 5963 “Psal,
1315 5908 1615 5973 uuw,3.

2170 4692 2343 4756 κότως
2375 4694 2440 4747 ἂν
2473 4693 2685 4765 ῥηθείη,
2718 4695 3016 4767 ἐπειδήπερ
3053 4699 3087 4768 ή
3127 4697 3280 4761 πόλις
3316 4698 3409 4751 τοῦ
3436 4698 3572 4752 Θεοῦ
3605 4702 3639 4769 ή
3664 4701 3753 4754 δε-

2170 4785 2471 4857 δοξασμένη
2495 4787 2630 4859 αὐτή
2655 4790 2791 4852 ἐστι,
2819 4790 2946 4859 περὶ
2971 4785 3039 4861 ἦς
3058 4791 3303 4861 εἴρηται*
3332 4811 3349 4842 ι
3379 4792 3750 4865 Δεδοξασμένα

2170 4876 2403 4949 ἐλαλήθη
2438 4879 2568 4950 περὶ
2596 4879 2712 4944 σοῦ,
2742 4882 2775 4950 ή
2808 4881 2961 4944 πόλις
2992 4881 3085 4934 τοῦ
3117 4882 3272 4936 Θεοῦ.
3312 4903 3330 4934 ι
3385 4885 3540 4937 Ἐστι
3571 4887 3663 4939 καὶ
3690 4889 3752 4941 ὲν

2170 4969 2311 5041 αὐτῇ
2339 4970 2451 5043 πῦρ
2481 4972 2575 5025 καὶ
2607 4971 2877 5036 κλίϐανος,
2902 4974 2981 5036 εἰς
3008 4974 3070 5027 τὸ
3106 4975 3466 5045 καταφλέγειν
3515 4978 3609 5031 καὶ
3656 4980 3747 5031 ἀντ

2165 5061 2416 5117 αλίσκειν
2440 5062 2510 5117 τὰ
2535 5064 2593 5117 ἐν
2628 5064 2832 5137 ἑκάστῃ
2854 5063 2999 5137 ψυχῇ
3034 5064 3163 5131 ξύλα
3188 5069 3279 5121 καὶ
3305 5068 3494 5140 χόρτον
3525 5071 3619 5123 καὶ
3650 5088 3748 5124 κα-

2162 5151 2363 5224 λάμην.
2406 5154 2531 5208 Ἐὰν
2569 5155 2625 5207 δὲ
2672 5154 2921 5225 λέγηται,
2960 5175 2978 5207 ι
3015 5157 3135 5222 Φῶς
3171 5158 3320 5230 αύτῷ
3352 5161 3411 5212 ὲν
3452 5159 3610 5224 Σιὼν,
3654 5165 3747 5214 καὶ

2162 5244 2413 5311 κλίϐανος
2437 5246 2586 5318 αὐτῷ
2614 5249 2671 5300 ἐν
2705 5246 3078 5320 Ἰερουσαλὴμ,
3118 5269 3137 5302 ι
3169 5250 3257 5303 διὰ
3286 5253 3384 5322 μὲν
3417 5254 3542 5316 τοὺς
3568 5254 3757 5321 φωτὸς,

2162 5338 2344 5402 ἀξίους
2366 5339 2475 5392 τῶν
2498 5340 2877 5411 συναγομένων
2897 5341 2956 5393 τὸ
2972 5340 3100 5410 φῶς
3118 5342 3368 5414 εἰρῆσθαι
3394 5343 3737 5414 ἐκδεξάμεοα·

2163 5429 2251 5483 διὰ
2284 5430 2341 5483 δὲ
2373 5431 2498 5493 τοὺς
2534 5433 2781 5494 καύσεως
2814 5432 2906 5485 καὶ
2938 5433 3257 5504 καθάρσεως
3301 5434 3490 5505 χρείαν
3523 5434 3743 5505 ἔχοντας

2162 5521 2239 5587 τὸ,
2275 5522 2559 5587 κλίϐανος
2586 5523 2654 5576 ἐν
2694 5523 3108 5594 Ἰερουσαλήμ.

2671 5615 3065 5670 ΚΕΦΑΛΔΙΟΝ
3088 5617 3209 5672 AB'.

2240 5722 2257 5755 t
2308 5703 2438 5760 Ἰδοὺ
2485 5704 2590 5780 γὰρ
2620 5706 2871 5777 βασιλεὺς
2900 5708 3107 5774 δίκαιος
3142 5708 3465 5781 βασιλεύσει,
3511 5712 3600 5764 καὶ
3644 5709 3736 5782 ἄρ⁴
