3984 6524
240 480 346 533 517

1165 481 1670 540 COMMENTARIA
1710 486 1776 540 IN
1820 488 2341 565 lS.\l.-\;\l.—_CAP.
2380 495 2597 551 XXXII.
3392 500 3496 553 ZIS

240 634 425 686 χοντες
456 618 596 688 μετά
628 617 861 688 κρίσεως
893 619 1134 690 ἄρξουσι.
1162 623 1271 675 Καὶ
1298 623 1449 676 ἔσται
1482 626 1511 676 6
1541 626 1803 696 ἄνθρωπο.

1927 632 2198 701 principes
2224 648 2347 687 cum
2371 632 2573 701 judicio
2598 635 2958 704 imperabunt.
2988 637 3054 690 Et
3081 638 3186 691 erit
3212 638 3373 691 homo
3400 657 3492 692 uc-

240 709 500 778 κρύπτων
532 710 657 772 τοὺς
692 709 882 778 λόγους
908 711 1108 774 αὐτοῦ,
1134 714 1227 766 καὶ
1264 714 1600 785 κρυϐήσεται
1630 716 1703 778 ὼς
1729 716 1821 785 ἀφ’

238 800 429 862 ὓδατος
464 800 787 871 φερομένου.
828 802 938 853 Καὶ
969 804 1266 873 φανήσεται
1298 807 1354 857 ἐν
1385 805 1522 857 Σιὼν
1547 806 1622 868 ὼς
1659 824 1824 859 ποτα-

236 891 334 959 μὸς
362 894 667 963 φερόμενος
687 934 701 957 ,
732 892 937 957 ἔνδοξος
964 896 1020 947 ἐν
1046 898 1116 966 γῇ
1144 895 1374 968 διψώσῃ.
1422 917 1439 947 ι
1471 898 1728 961 Θεσπίζει
1755 899 1823 952 τὰ

234 983 362 1051 περὶ
396 984 499 1054 τῆς
531 983 850 1052 θεοφανείας
894 986 986 1039 τοῦ
1029 988 1262 1057 Χριστοῦ
1282 1004 1295 1016 ·
1345 990 1504 1059 μόνος
1530 991 1637 1063 γὰρ
1668 984 1822 1055 οὗτος

230 1073 443 1137 δίκαιος
483 1076 541 1127 ὲν
589 1075 897 1147 ἀνθρώποις
933 1078 1171 1150 ἀνεφάνη
1224 1083 1252 1133 6
1302 1080 1574 1150 βασιλεύς.
1621 1084 1730 1137 Καὶ
1771 1087 1821 1137 oi

231 1165 523 1219 ἀπόστολοι
557 1168 613 1220 δὲ
648 1168 813 1220 αὐτοῦ
851 1169 989 1239 μετά
1023 1170 1257 1241 κρίσεως
1286 1172 1380 1225 τοῦ
1414 1172 1621 1226 ἑαυτῶν
1667 1172 1821 1243 βασι-

229 1255 390 1320 λὲως,
427 1258 528 1327 τῆς
592 1260 919 1329 Ἐκκλησίας
952 1261 1115 1314 αὑτοῦ
1151 1262 1552 1333 καθηγήσαντο.
1606 1264 1819 1319 Ἐϐασί-

228 1348 386 1401 λευσε
424 1351 603 1403 τοίνυν
637 1354 717 1414 εἰς
749 1352 1094 1425 δικαιοσύνην
1141 1356 1168 1407 6
1207 1356 1442 1425 Χριστὸς
1477 1358 1667 1428 καινήν
1699 1373 1821 1411 τινα

224 1440 434 1509 ταύτην
462 1441 562 1512 τὴν
591 1442 898 1511 βασιλείαν·
936 1445 996 1498 οὐ
1029 1444 1135 1516 γὰρ
1169 1447 1251 1523 εἰς
1280 1446 1628 1519 ἀνθρωπίνην
1662 1448 1819 1516 ἀξίαν

225 1532 578 1596 ἀποϐλέπων,
620 1535 740 1587 ούδέ
776 1536 856 1598 εἰς
892 1534 1053 1607 τιμὴν
1094 1539 1371 1604 καὶδόξαν
1403 1540 1501 1611 τὴν
1542 1542 1693 1613 παρά
1720 1542 1817 1595 ἀν·

225 1623 490 1693 θρώποις,
529 1626 628 1695 τὴν
680 1625 957 1696 βασιλείαν
986 1630 1331 1701 ὲπανήρατο,
1366 1631 1477 1684 ἀλλ’
1505 1634 1585 1696 εἰς
1617 1633 1819 1686 δικαιο-

224 1715 431 1785 σύνην·
463 1716 653 1788 ὥσπερ
685 1714 777 1771 οὖν
832 1719 925 1772 καὶ
976 1722 1025 1772 οἱ
1076 1720 1335 1792 ἄρχοντες
1382 1723 1567 1789 αὐτοῦ,
1615 1726 1714 1778 οὑκ
1760 1727 1817 1778 ἐν

224 1808 505 1880 ἀξιώμασι
559 1813 846 1879 κοσμικοῖς
899 1812 1265 1882 προαχθέντες
1316 1810 1506 1887 ἦρχον,
1568 1816 1682 1869 ἀλλ’
1738 1818 1816 1881 εἰς

223 1900 433 1969 κρίσιν.
474 1900 567 1953 Διὸ
622 1901 763 1954 κατὰ
787 1904 913 1966 τοὺς
943 1902 1162 1968 λοιποὺς
1198 1907 1539 1977 ἐρμηνευτὰς
1580 1910 1812 1980 εἴρηται,

228 2012 244 2043 ι
284 1992 400 2045 Kal.
430 1994 693 2064 ἄρχοντες
725 1997 805 2058 είς
847 1998 1019 2068 κρῖμα
1049 1996 1324 2067 ἄρξουσιν.
1366 2019 1384 2051 ι
1437 2001 1581 2053 Ἀντὶ
1612 2000 1667 2053 δέ
1698 2001 1814 2064 τοῦ,

226 2103 255 2141 ί
298 2082 416 2135 Καὶ
458 2082 614 2136 ἔσται
652 2086 680 2137 ό
712 2084 997 2155 ἄνθρωπος
1032 2087 1289 2157 κρύπτων
1335 2090 1460 2153 τοὺς
1497 2091 1687 2159 λόγους
1717 2092 1817 2143 αύ-

219 2175 333 2237 τοῦ,
376 2195 396 2226 ›
447 2180 476 2231 6
519 2178 831 2249 Σύμμαχος,
895 2198 913 2231 ι
952 2181 1062 2234 Καὶ
1094 2181 1267 2245 ἔσται,
1337 2183 1522 2254 φησὶν,
1572 2182 1710 2254 ἀνὴρ
1742 2184 1817 2247 ὡς

218 2268 519 2340 ἀποκρυφὴ
581 2270 688 2322 ἀπὸ
762 2271 1070 2342 πνεύματος
1113 2274 1206 2328 καὶ
1264 2274 1542 2339 λαίλαπος.
1581 2295 1598 2326 ι
1661 2277 1818 2339 Ποῖος

217 2354 307 2411 οὗν
340 2359 636 2431 ἄνθρωπος
676 2361 829 2416 ἔσται
862 2363 979 2417 ἀλλ’
1007 2367 1035 2418 6
1065 2366 1322 2436 ἀνωτέρω
1370 2366 1575 2430 δίκαιος
1603 2366 1817 2438 ὠνομα-

221 2451 453 2521 σμένοςς
492 2454 664 2516 Αὐτδς
689 2455 798 2526 γὰρ
830 2451 983 2520 οὗτος
1009 2456 1161 2512 ἔσται
1194 2459 1355 2530 ἀνὴρ,
1382 2460 1577 2512 οὐκοῦν
1614 2462 1679 2530 τῇ
1716 2460 1817 2528 φύ-

218 2559 297 2594 σει
331 2545 499 2616 ἀνὴρ,
541 2546 676 2599 ἀλλὰ
721 2548 986 2619 κρείττων
1028 2549 1060 2620 ῆ
1106 2549 1248 2603 κατὰ
1292 2549 1582 2621 ἀνθρώπου
1630 2550 1810 2621 φύσιν.

216 2632 361 2703 Πλὴν
420 2634 577 2687 ἔσται
628 2634 913 2708 ἄνθρωπος
956 2638 1309 2710 ἐπικρύπτων
1361 2639 1527 2693 αὑτοῦ
1566 2640 1664 2712 τὴν
1697 2640 1813 2693 θεό-

212 2743 374 2797 τητα.
414 2728 603 2799 ’Υδωρ
645 2728 753 2800 γὰρ
788 2728 1084 2799 φερόμενον
1116 2726 1184 2801 ἦν
1214 2730 1308 2784 καὶ
1340 2731 1709 2803 ἀπολλύμενον
1750 2733 1812 2787 τὸ

213 2819 426 2889 πλῆθος
459 2819 556 2873 τοῦ
592 2820 699 2873 τῶν
731 2821 997 2875 Ἰουδαίων
1030 2822 1157 2876 λαοῦ
1183 2840 1196 2853 ·
1230 2823 1310 2875 διδ
1339 2824 1432 2876 καὶ
1461 2825 1811 2896 ἀπέκρυπτεν

212 2910 383 2965 αὑτὸν
410 2910 472 2978 ἐξ
501 2912 704 2975 αὐτῶν,
746 2914 841 2965 καὶ
878 2914 1004 2977 τοὺς
1042 2914 1232 2979 λόγους
1258 2914 1422 2968 αὐτοῦ
1462 2916 1556 2968 ἀπ’
1587 2917 1810 2971 ἐκείνων

215 3001 313 3069 μὲν
344 3000 645 3062 ἐκάλυπτε,
679 3004 789 3065 τοῖς
821 3002 876 3055 δὲ
907 3002 1073 3056 αὐτοῦ
1097 3003 1365 3075 μαθηταῖς
1392 3006 1680 3079 ἐφανέρου.
1710 3008 1807 3073 Τίς

211 3089 267 3142 δὲ
303 3091 612 3160 φανήσεται
656 3091 688 3162 ἥ
724 3092 887 3157 αὐτὸς
920 3092 1128 3157 δίκαιος
1163 3094 1447 3165 βασιλεύς;
1500 3098 1661 3162 αὐτὸς
1700 3099 1806 3170 γὰρ

212 3184 524 3253 φανήσεται
573 3184 649 3247 ὡς
702 3185 947 3256 ποταμὸς
995 3187 1297 3259 φερόμενος
1341 3189 1568 3256 ἔνδοξος.
1614 3192 1708 3255 Τίς
1749 3191 1807 3246 δέ

1925 723 2139 777 cultans
2176 739 2455 779 sermones
2483 740 2631 789 suos,
2675 737 2728 781 et
2752 730 3114 783 occultabitur
3146 740 3203 784 ut
3254 731 3323 784 ab
3350 748 3493 803 aqua

1926 827 2199 870 manante.
2227 818 2293 871 Et
2311 819 2594 886 apparebit
2621 820 2676 873 in
2696 820 2848 885 Sion,
2868 823 3010 875 sicut
3031 820 3221 876 ﬂuvius
3245 838 3492 887 currens,

1924 908 2161 977 inclytus
2197 911 2248 964 in
2282 919 2426 965 terra
2453 912 2685 967 sitienti.
2719 931 2739 964 ι
2770 913 2899 979 Qum
2928 914 2993 966 ad
3027 914 3263 967 divinum
3291 914 3492 969 Christi

1923 1002 2210 1055 adventum
2239 1011 2484 1071 spectant
2513 1003 2871 1058 vaticinatur:
2901 1005 2948 1059 is
2976 1019 3205 1071 namque
3229 1005 3373 1059 solus
3398 1020 3491 1059 rex

1917 1093 2097 1161 justus
2125 1095 2177 1147 in
2234 1096 2547 1149 hominibus
2588 1096 2861 1166 apparuit.
2918 1096 3159 1165 Apostoli
3211 1112 3338 1151 vero
3374 1097 3490 1166 ejus

1922 1198 2044 1238 cum
2077 1185 2281 1252 judicio
2312 1188 2456 1256 regis
2509 1188 2591 1241 sui
2632 1188 2889 1242 Ecclesia
2937 1189 3108 1257 ipsius
3139 1188 3486 1256 praefuerunt.

1888 1332 1889 1335 η
1923 1277 2185 1348 Regnavit
2216 1280 2399 1347 itaque
2438 1280 2491 1333 in
2520 1280 2789 1347 justitiam
2821 1280 3091 1344 Christus,
3135 1295 3328 1333 novum
3359 1296 3490 1335 sane

1924 1371 2070 1440 regni
2108 1386 2312 1441 genus;
2358 1387 2463 1425 non
2508 1371 2565 1425 in
2592 1372 2882 1426 humanam
2915 1374 3112 1442 quippe
3153 1373 3487 1441 dignitatem,

1921 1465 2099 1519 nonin
2131 1466 2388 1518 honorem
2420 1473 2473 1519 ct
2493 1463 2718 1533 gloriam
2744 1464 3021 1517 hominum
3055 1462 3368 1530 respiciens,
3405 1478 3492 1515 rc-

1920 1570 2084 1624 gnum
2101 1556 2308 1622 erexit;
2340 1556 2432 1609 sed
2458 1556 2508 1608 in
2525 1554 2795 1623 justitiam
2824 1573 2838 1609 :
2870 1555 3323 1625 quemadmodum
3342 1554 3490 1624 prin-

1918 1649 2067 1716 cipes
2102 1647 2238 1715 ejus,
2269 1663 2373 1701 non
2405 1647 2470 1700 ad
2494 1648 2799 1701 mundanas
2845 1648 3136 1717 dignitates
3160 1647 3356 1708 evecti,
3388 1646 3491 1699 im.-

1918 1740 2210 1810 perabantf;
2242 1741 2334 1794 sed
2393 1740 2459 1793 ad
2489 1738 2774 1807 judicium.
2817 1736 3155 1806 Quapropter
3193 1740 3487 1801 secundum

1921 1832 2159 1901 reliquos
2184 1833 2509 1903 interpretes
2552 1832 2752 1887 dictum
2780 1842 2904 1895 est,
2947 1849 2966 1881 ι
3006 1831 3072 1884 Ει
3118 1828 3390 1899 principes
3422 1830 3490 1883 ad

1849 1925 2177 2030 Bjudicium
2219 1925 2582 1994 imperabunt.
2616 1943 2634 1976 ι
2681 1923 2785 1977 Pro
2834 1924 2925 1976 illo
2982 1932 3187 1986 autem,
3237 1940 3256 1973 ι
3294 1921 3359 1974 Et
3383 1922 3490 1974 erit

1922 2019 2082 2072 homo
2129 2018 2469 2073 abscondens
2515 2030 2797 2071 sermones
2848 2030 2999 2080 suos,
3031 2033 3050 2066 ι
3087 2013 3442 2083 Symmachus
3469 2051 3485 2077 ,

1926 2130 1945 2163 ι
1982 2112 2048 2166 Ει
2073 2112 2178 2166 crit
2214 2112 2295 2164 vir
2333 2112 2473 2165 sicut
2509 2109 2801 2164 absconsio
2828 2124 2854 2161 a
2888 2107 3077 2176 spiritu
3107 2114 3161 2160 et
3190 2103 3480 2171 procella.»

1919 2206 2053 2273 Quis
2112 2206 2277 2275 igitur
2310 2206 2472 2260 homo
2506 2205 2631 2268 erit,
2672 2203 2777 2257 nisi
2813 2202 2859 2256 is
2904 2201 2996 2270 qui
3032 2200 3278 2269 superius
3306 2198 3487 2265 justus

1918 2297 2218 2368 appellatus
2251 2298 2373 2351 est?
2416 2296 2513 2350 llic
2550 2294 2695 2350 enim
2734 2294 2847 2364 ipse
2890 2293 2974 2347 vir
3019 2293 3145 2357 erit,
3178 2301 3372 2345 natura
3406 2292 3487 2344 vir

1916 2391 2155 2459 quidem,
2187 2391 2280 2444 sed
2308 2388 2543 2443 hominis
2570 2398 2765 2441 natura
2791 2386 2947 2456 longe
2974 2385 3337 2454 praestantior.
3368 2382 3486 2437 Cae-

1917 2491 2089 2536 terum
2144 2483 2303 2536 homo
2344 2482 2449 2536 erit
2492 2495 2645 2536 suam
2687 2478 2971 2533 occultans
3025 2476 3300 2529 deitatem.
3349 2474 3484 2527 Nam

1915 2589 2054 2643 aqua
2086 2574 2227 2627 ﬂuxa
2246 2584 2301 2628 et
2340 2572 2550 2642 perdita
2574 2580 2692 2626 erat
2715 2568 2999 2625 multitudo
3024 2560 3232 2621 Judaici
3267 2565 3480 2636 populi:

1914 2682 2082 2738 quare
2109 2681 2227 2721 sese
2259 2666 2327 2720 ab
2359 2666 2486 2728 illis,
2521 2674 2575 2719 et
2621 2662 2786 2719 verba
2819 2678 2914 2717 sua
2952 2661 3019 2715 ab
3048 2660 3259 2714 illorum
3304 2660 3485 2714 verbis

1912 2759 2241 2822 occultabat,
2274 2759 2368 2812 sed
2412 2755 2694 2824 discipulis
2746 2756 2865 2808 suis
2888 2769 2950 2807 ca
2985 2752 3316 2807 declarabat.
3353 2750 3484 2816 Quis

1910 2862 2089 2907 autem
2116 2850 2433 2921 apparebit,
2469 2848 2571 2903 nisi
2607 2849 2719 2917 ipse
2771 2862 2865 2900 rex
2889 2844 3102 2913 justus?
3131 2844 3246 2911 ipse
3278 2845 3479 2912 quippe

1909 2957 2029 2998 sese
2055 2941 2502 3011 conspiciendum
2535 2938 2815 3010 praebebit,
2845 2939 2998 3007 quasi
3035 2936 3227 2989 ﬂuvius
3255 2950 3482 2989 manans

1910 3033 2157 3106 inclytus.
2181 3032 2310 3101 Qua:
2329 3048 2459 3088 vero
2482 3033 2611 3087 Sion
2636 3031 2747 3094 illa,
2771 3032 2875 3084 nisi
2899 3046 3019 3099 quae
3041 3044 3184 3089 eum,
3204 3029 3296 3097 qui
3326 3043 3384 3081 se
3412 3027 3482 3081 ab

1909 3127 2012 3183 illis
2039 3126 2365 3193 occultabat,
2396 3125 2608 3195 publice
2640 3124 2886 3192 accepit?
2918 3138 3039 3176 nam
3075 3137 3196 3190 qua:
3221 3121 3351 3175 olim
3379 3120 3478 3174 de-

1907 3226 2051 3272 serta
2086 3226 2142 3271 et
2186 3215 2458 3272 sitibunda
2488 3224 2627 3285 erat,
2661 3215 2904 3272 Ecclesia
2953 3227 3017 3268 ex
3054 3213 3323 3284 gentibus,
3364 3212 3480 3281 ipsa

211 3274 357 3326 ἐστιν
387 3277 420 3346 ὴ
456 3274 595 3328 Σιὼν
626 3275 764 3345 αὕτη
794 3277 826 3347 ἢ
860 3278 892 3347 ἡ
919 3278 1010 3330 τὸν
1050 3280 1145 3332 ἀπ’
1176 3280 1400 3336 ἐκείνων
1428 3283 1803 3356 κρυπτόμενον
1829 3323 1873 3385 C
1907 3320 2031 3363 vere
2057 3306 2186 3362 δίοη
2220 3316 2327 3362 εει,

211 3364 479 3436 ἐμφανῶς
529 3366 987 3440 παραδεξαμένη;
1025 3371 1058 3441 ἠ
1106 3370 1217 3443 γὰρ
1259 3373 1426 3427 πάλαι
1466 3374 1671 3446 ἔρημος
1710 3376 1805 3430 καὶ⁵

208 3456 425 3526 διψῶσα
459 3456 495 3528 ἡ
527 3457 587 3522 ἐξ
627 3458 797 3512 ἐθνῶν
839 3459 1153 3531 Ἐκκλησία,
1181 3463 1321 3535 αὕτη
1359 3465 1508 3519 ἐστὶν
1539 3468 1573 3538 ή
1604 3465 1763 3520 Σιών.

282 3606 303 3639 ί
347 3587 465 3640 Καὶ
507 3586 689 3641 οὐκέτι
730 3587 944 3643 ἔσονται
977 3592 1295 3657 πεποιθότες
1342 3596 1426 3647 ἐπ’
1460 3594 1799 3668 ἀνθρώπους,

210 3679 347 3733 ἀλλά
387 3678 462 3733 τά
492 3672 609 3733 ὦτα
641 3679 903 3736 δώσουσιν
951 3683 1192 3748 ἀκούειν,
1235 3687 1330 3740 καὶ
1378 3689 1411 3758 ή
1462 3688 1658 3760 καρδία
1690 3689 1802 3743 τῶν

209 3767 588 3823 ἀσθενούντων
626 3770 879 3843 προσέξει
917 3770 1012 3825 τοῦ
1057 3773 1296 3838 ἀκούειν,
1332 3775 1428 3827 καὶ
1466 3777 1523 3829 αἱ
1553 3776 1797 3845 γλῶσσαι

210 3862 263 3914 αἱ
294 3859 649 3929 ψελλίζουσαι
692 3862 831 3932 ταχὺ
882 3863 1215 3935 μαθήσονται
1263 3866 1445 3920 λαλεῖν
1488 3869 1727 3940 εἰρήνην.
1773 3888 1793 3923 ι

211 3951 352 4007 Σιὼν
383 3953 567 4005 τοίνυν
603 3953 697 4005 καὶ
738 3953 811 4024 γῆ
850 3953 1061 4028 διψῶσα
1092 3955 1260 4010 πάλαι
1291 3957 1495 4030 ἔρημος
1526 3960 1612 4033 είη
1657 3962 1722 4016 ἂν
1761 3964 1795 4035 ἡ

222 4042 555 4112 Ἐκκλησίαθ
598 4043 695 4097 καὶ
736 4043 935 4115 καρδία
978 4044 1369 4113 ἀσθενούντων,
1416 4049 1510 4103 καὶ
1552 4050 1797 4119 γλῶσσαι

208 4134 619 4203 τραυλίζουσαι,
653 4136 709 4188 αἱ
744 4134 853 4188 τῶν
885 4136 1053 4211 πάλαι
1090 4136 1182 4191 τὸν
1212 4138 1345 4193 Θεὸν
1394 4141 1467 4211 μὴ
1510 4142 1793 4209 νοούντων,

214 4223 348 4294 μηδέ
388 4223 527 4293 όρθὰ
564 4224 865 4281 λαλούντων
896 4206 1087 4293 ἐθνῶν,
1132 4222 1215 4293 οἷς
1260 4206 1651 4300 ἐπαγγέλλεται

210 4315 303 4370 ἐπὶ
340 4316 411 4370 τὰ
439 4316 674 4388 κρείττω
703 4318 1025 4391 μεταϐολήν.
1050 4320 1273 4386 Τούτοις
1293 4323 1535 4394 ἐπιλέγει
1553 4342 1569 4358 ο

288 4491 307 4525 ι
351 4474 466 4525 Καὶ
513 4472 695 4526 οὐκέτι
737 4474 799 4527 οὐ
855 4474 928 4547 μὴ
954 4476 1151 4530 εἴπωσι
1200 4478 1277 4551 τῷ
1318 4480 1485 4552 μωρῷ
1517 4481 1740 4554 ἄρχειν·
1767 4504 1787 4539 ι

210 4560 401 4634 ὥσπερ
443 4558 537 4617 οὖν
583 4565 847 4635 πρότερον
890 4567 1128 4631 ἐποίουν,
1177 4568 1266 4623 ὅτε
1314 4575 1426 4634 τοῖς
1469 4573 1547 4638 ὡς
1579 4574 1796 4648 ἀληθῶς

216 4658 419 4725 μωροῖς
438 4655 777 4721 διδασκάλοις
797 4658 977 4711 αὐτῶν
1005 4660 1305 4731 ἐπέτρεπον
1323 4662 1423 4729 τάς
1449 4666 1657 4721 ἑαυτῶν
1687 4668 1791 4738 ψυ-

212 4746 309 4817 χάς
330 4764 346 4777 ·
380 4742 524 4818 ἦσαν
549 4747 606 4800 δὲ
632 4741 778 4802 οὗτοι
822 4750 872 4802 οἱ
901 4751 1056 4819 σοφοὶ
1096 4754 1191 4806 τοῦ
1233 4755 1429 4820 αἰῶνος
1472 4758 1683 4824 τούτου,
1716 4754 1792 4815 ὧν

209 4839 495 4912 ἐμώρανεν
524 4842 553 4894 6
591 4840 724 4905 Θεὸς
753 4842 852 4914 τὴν
895 4845 1103 4913 σοφίαν.
1135 4847 1385 4914 Τοιοῦτος
1427 4851 1483 4904 δὲ
1521 4848 1587 4924 ἦν
1621 4856 1728 4918 πᾶς
1762 4857 1793 4910 6

207 4931 306 5002 τὴν
334 4932 529 5002 σοφίαν
559 4934 1025 5005 ἐπαγγελλόμενος
1044 4937 1136 4991 τοῦ
1153 4939 1349 5005 αἰῶνος
1390 4942 1604 5000 τούτου.
1647 4948 1789 5002 «Καὶ

205 5024 389 5078 οὐκέτι
425 5025 501 5096 μὴ
529 5026 759 5080 εἴπωσιν
802 5028 851 5082 οἱ
899 5028 1167 5100 ὑπηρέται
1207 5048 1322 5096 σου,
1355 5033 1509 5103 Σίγα.
1552 5054 1572 5087 ι

283 5226 302 5258 ι
325 5207 385 5261 'O
406 5205 516 5278 γὰρ
551 5207 735 5280 μωρὸς
768 5207 926 5282 μωρὰ
941 5208 1184 5281 λαλήσει,
1215 5210 1307 5263 καὶ
1336 5212 1369 5282 ἡ
1398 5211 1594 5281 καρδία
1619 5210 1784 5265 αὑτοῦ

210 5295 416 5366 μάταια
443 5298 647 5367 νοήσει,
672 5296 767 5350 τοῦ
798 5298 1070 5351 συντελεῖν
1106 5299 1301 5370 ἄνομα,
1334 5300 1427 5353 καὶ
1448 5299 1626 5354 λαλεῖν
1650 5301 1786 5371 πρὸς

205 5388 412 5460 Κύριον
458 5389 748 5460 πλάνησιν,
794 5388 888 5443 τοῦ
921 5389 1231 5462 διασπεῖραι
1267 5391 1445 5462 ψυχάς
1491 5392 1782 5456 πεινώσας,

204 5486 296 5538 καὶ
329 5484 430 5547 τὰς
462 5483 641 5555 ψυχὰς
682 5484 780 5548 τὰς
810 5483 1051 5554 διψώσας
1078 5485 1240 5549 κενάς
1281 5487 1517 5557 ποιήσει.
1568 5487 1629 5539 Ἦ
1672 5488 1781 5559 γὰρ

202 5576 367 5649 βουλὴ
410 5577 522 5629 τῶν
554 5577 807 5649 πονηρῶν
848 5577 1024 5649 ἄνομα
1061 5577 1389 5649 βουλεύεται,
1422 5580 1780 5652 καταφθεῖραι

202 5672 493 5734 ταπεινοὺς
523 5672 580 5723 ἐν
614 5670 790 5739 λόγοις
819 5670 1024 5733 ἀδίκοις
1043 5713 1058 5737 ,
1082 5670 1176 5724 καὶ
1217 5672 1563 5726 διασκεδάσαι
1590 5673 1779 5742 λόγους

202 5761 476 5815 ταπεινῶν
515 5762 574 5814 ἐν
622 5762 821 5832 κρίσει.
878 5780 897 5813 ι
941 5759 1116 5830 Μωρὰ
1156 5761 1213 5815 δὲ
1230 5750 1417 5815 ῖταῦτα
1448 5763 1555 5835 γὰρ
1602 5764 1778 5817 πάντα

206 5850 371 5904 πάλαι
395 5851 665 5921 ἔπραττον
691 5852 741 5903 οί
773 5850 940 5904 πάλαι
965 5851 1135 5922 μωροὶ
1161 5850 1417 5921 ἄρχοντες
1440 5852 1546 5908 τῶν
1568 5854 1778 5926 ἀνθρώ-

204 5956 317 5997 πων
338 5960 350 5974 ο
389 5942 484 5997 καὶ
519 5944 553 6011 ὴ
586 5942 749 6013 βουλὴ
795 5943 972 5998 αὐτῶν
1018 5944 1227 6015 πονηρὰ
1255 5940 1387 6000 οὖσα
1420 5947 1592 6017 ἄνομα
1626 5947 1777 6001 ἐϐου-

1976 3618 2143 3676 Vsns.
2172 3623 2227 3686 5,
2255 3622 2311 3677 4.
2347 3640 2366 3674 ι
2398 3622 2466 3679 Et
2503 3636 2609 3679 non
2657 3632 2816 3680 erunt
2877 3622 3107 3695 amplius
3146 3620 3476 3678 conﬁdentes

1906 3712 1961 3768 in
2001 3714 2308 3770 hominibus
2335 3733 2350 3773 :
2380 3715 2475 3771 sed
2503 3729 2664 3772 aures
2699 3716 2767 3771 ad
2804 3716 3128 3771 audiendum
3166 3719 3391 3779 dabunt,
3421 3725 3476 3770 et

1903 3821 2001 3861 cor
2032 3806 2371 3864 infirmorum
2410 3809 2674 3876 attendet,
2704 3817 2762 3862 ut
2801 3808 2977 3862 audiat
3006 3826 3022 3862 :
3060 3817 3113 3863 et
3140 3808 3332 3878 linguae
3358 3808 3475 3862 bal-

1903 3897 2223 3955 butientium
2255 3900 2363 3955 cito
2396 3900 2613 3955 discent
2642 3900 2786 3969 loqui
2829 3915 3037 3967 pacem.
3077 3918 3096 3952 ι
3126 3900 3257 3956 Sion
3294 3900 3472 3969 itaque

1901 4000 1957 4046 et
1984 4001 2126 4049 terra
2156 3992 2347 4048 sitiens
2373 3990 2502 4045 olim
2528 3993 2764 4059 deserta,
2794 3992 3033 4048 Ecclesia
3069 3991 3231 4047 fuerit
3261 4009 3276 4046 :
3305 3999 3358 4045 et
3378 4006 3470 4045 cor

1902 4082 2264 4150 inﬁrmorum,
2292 4092 2345 4138 et
2364 4083 2559 4154 lingua:
2587 4084 2967 4151 balbutientes,
2988 4084 3225 4155 gentium
3246 4084 3467 4148 fuerint,

1900 4191 2022 4246 qua:
2047 4177 2178 4233 olim
2216 4191 2315 4231 nec
2342 4175 2507 4229 Deum
2542 4186 2826 4241 noverant,
2860 4193 2959 4232 nec
2988 4186 3137 4233 recte
3168 4177 3467 4244 loqueban-

1900 4280 2010 4337 tur,
2038 4271 2235 4343 quibus
2272 4272 2681 4328 conversionem
2708 4276 2773 4328 ad
2796 4273 3018 4329 meliora
3042 4272 3342 4344 pollicetur.
3370 4271 3467 4328 llis

1899 4365 2172 4437 subiungit
2192 4382 2207 4420 :

1968 4502 2131 4560 Vens.
2156 4503 2210 4562 5.
2248 4521 2269 4557 ι
2296 4503 2481 4575 Neque
2512 4503 2743 4574 amplius
2770 4505 2953 4560 dicent
2988 4505 3176 4569 stulto,
3212 4512 3270 4560 ut
3295 4504 3467 4576 impe-

1900 4606 2022 4652 ret:
2061 4615 2082 4651 ι
2124 4598 2577 4667 quemadmodum
2614 4597 2743 4653 olim
2783 4596 3035 4667 agebant,
3076 4614 3198 4653 cum
3249 4600 3462 4655 animas

1823 4687 2023 4745 Dsuas
2058 4689 2241 4747 stultis
2289 4704 2417 4746 vere
2469 4689 2749 4760 magistris
2809 4689 3251 4746 concredebant:
3303 4697 3464 4745 erant

1895 4796 2058 4853 porro
2097 4782 2134 4837 ii
2180 4783 2453 4851 sapientes
2483 4782 2646 4853 hujus
2679 4781 2886 4848 saeculi,
2915 4796 3145 4851 quorum
3189 4780 3329 4836 Deus
3376 4796 3465 4836 sa-

1896 4873 2157 4945 pientiam
2186 4874 2492 4929 infatuavit.
2519 4873 2669 4931 Talis
2703 4884 2820 4930 erat
2855 4874 3105 4945 quisquis
3133 4873 3460 4944 sapientiam

1894 4964 2053 5035 hujus
2078 4965 2259 5020 saeculi
2296 4967 2671 5036 proﬁtebatur.
2710 4985 2733 5022 ι
2784 4967 2968 5038 Neque
2998 4966 3233 5038 amplius
3275 4965 3461 5022 dicent

1893 5058 2037 5113 servi
2074 5058 2172 5125 ttti,
2195 5057 2356 5115 Tace.
2395 5077 2416 5113 ι

1963 5212 2127 5271 Vsus.
2154 5214 2208 5282 6,
2233 5213 2286 5273 7.
2314 5233 2334 5268 ι
2365 5215 2495 5271 Nam
2526 5217 2723 5274 stultus
2761 5217 2922 5274 stulta
2955 5217 3226 5287 loquetur,
3261 5226 3316 5271 et
3362 5233 3459 5272 cor

1891 5306 2006 5377 ejus
2035 5323 2173 5363 vana
2225 5310 2488 5380 cogitabit
2535 5311 2603 5366 ad
2635 5311 3025 5381 perliciendum
3054 5310 3261 5379 iniqua,
3292 5318 3347 5366 et
3379 5312 3457 5364 lo-

1890 5404 2161 5471 quendum
2208 5417 2450 5457 errorem
2482 5405 2549 5459 ad
2581 5403 2887 5469 Dominum,
2935 5412 2995 5456 nt
3027 5403 3303 5474 dispergat
3336 5406 3457 5458 aui-

1889 5509 2006 5550 mas
2027 5493 2355 5561 esurientes,
2392 5504 2448 5549 et
2478 5497 2691 5553 animas
2746 5496 2996 5551 sitientes
3027 5509 3224 5550 vacuas
3269 5496 3453 5553 iaciet.

1886 5586 2180 5641 Consilium
2208 5586 2352 5641 enim
2373 5587 2639 5644 malorum
2671 5588 2854 5657 iniqua
2884 5587 3162 5657 cogitabit,
3192 5590 3259 5644 ad
3287 5590 3429 5645 inter

1888 5678 2176 5732 ﬁciendum
2205 5679 2433 5735 humiles
2459 5683 2512 5734 in
2539 5682 2882 5736 sermonibus
2911 5680 3133 5750 iniquis,
3159 5692 3215 5737 et
3237 5684 3305 5737 ad
3338 5683 3455 5739 dis-

1883 5769 2107 5836 sipanda
2146 5772 2309 5825 verba
2364 5770 2644 5826 humilium
2687 5773 2740 5827 in
2765 5773 2985 5842 judicio.
3026 5793 3045 5826 ι
3090 5773 3215 5829 Haec
3243 5777 3440 5846 quippe

1883 5860 2046 5916 stulta
2068 5863 2245 5918 omnia
2272 5864 2398 5918 olim
2429 5864 2664 5933 agebant
2702 5866 2777 5920 illi
2824 5866 2951 5922 olim
2994 5867 3143 5923 stulti
3180 5869 3451 5937 principes

1886 5955 2160 6011 hominum
2189 5972 2203 6009 :
2235 5967 2285 6013 ct
2312 5958 2592 6017 consilium
2621 5976 2807 6019 eorum
2848 5960 3046 6019 malum
3098 5961 3283 6032 iniqua
3312 5962 3446 6017 deli-
