3984 6504
506 439 613 493 ’519

1180 433 1445 491 EUSEBll
1484 433 1962 490 CAESARIENSIS
2000 434 2068 489 ()1

2193 434 2371 488 PARS
2409 436 2498 493 Ill.
2539 468 2609 475 —
2646 436 3055 492 EXEGETICA.

3659 437 3777 493 520

506 530 829 594 berabat,ut
860 529 1207 582 sermonibus
1238 528 1353 582 suis
1380 527 1662 582 humilium
1714 526 1925 582 animas
1959 541 2068 596 per-

2184 524 2389 589 λεύετο,
2421 529 2500 590 είς
2533 527 2595 580 τὸ
2620 528 2979 599 καταφθεῖραι
3024 530 3137 591 τοῖς
3170 528 3374 582 ἑαυτῶν
3409 528 3586 598 λόγοις
3630 532 3775 594 τοὺς

505 624 683 677 deret.

576 714 739 768 Vens.
768 713 821 768 8.
853 732 871 764 ι
899 712 979 767 Pii
1009 720 1189 767 autem
1208 712 1489 782 prudentia
1515 713 1743 768 consilia
1769 713 2074 768 iniverunt:

501 820 556 861 et
589 808 692 861 hoc
716 806 1003 861 consilium
1027 805 1285 859 manebit.
1314 824 1331 855 ι
1360 804 1524 871 Queis
1549 804 1925 873 signiﬁcantur
1950 818 2079 872 apo-

502 897 629 951 stoli
662 896 975 951 Servatoris
1017 897 1213 960 nostri,
1252 897 1303 951 in
1350 896 1623 965 principio
1676 896 1867 950 salutis
1919 898 1985 950 ab
2020 909 2080 951 se

503 992 671 1053 datae,
710 1005 833 1059 qua:
877 999 937 1043 ut
988 991 1157 1059 probe
1204 990 1564 1061 dirigeretur,
1610 1005 1703 1044 rex
1747 989 1929 1059 justus
1980 990 2079 1044 da-

504 1094 589 1139 tus
616 1092 721 1137 est.

579 1176 740 1232 Vens.
769 1178 822 1233 9.
864 1195 882 1228 ι
922 1175 1174 1231 Mulieres
1207 1175 1427 1239 divites,
1462 1175 1757 1245 surgite,et
1785 1173 1968 1227 audite
1988 1188 2078 1228 vo-

502 1288 619 1327 cem
672 1286 847 1325 meam
875 1289 887 1326 :
927 1272 1070 1336 filiae,
1104 1272 1155 1324 in
1187 1288 1280 1340 spe
1309 1271 1491 1326 audite
1539 1283 1815 1323 sermones
1848 1283 2014 1321 meos.
2053 1287 2071 1321 ι

504 1364 657 1418 Nunc
715 1366 992 1434 proponit,
1048 1364 1113 1416 ad
1173 1364 1464 1433 lacrymas,
1524 1362 1704 1415 ﬂetum
1762 1370 1819 1415 et
1877 1361 2076 1415 luctum

501 1473 797 1526 provocare
846 1473 977 1519 eos,
1023 1458 1165 1525 quod
1218 1472 1283 1511 ex
1331 1472 1425 1509 sua
1484 1470 1611 1526 erga
1671 1453 1837 1509 Deum
1898 1454 2078 1508 incre-

501 1551 733 1606 dulitate
784 1566 812 1603 a
856 1550 950 1604 Dei
1000 1551 1171 1619 gratia
1228 1548 1530 1604 exciderint
1585 1564 1600 1601 :
1647 1561 1835 1601 eorum
1896 1554 2076 1599 autem

500 1643 777 1698 emollitos
804 1652 859 1697 et
887 1642 1227 1696 effeminatos
1255 1642 1464 1695 animos
1513 1630 1848 1709 vituperans,
1883 1638 2075 1693 mulie-

502 1751 590 1789 res
623 1744 917 1804 nuncupat.
953 1735 1123 1788 Aiunt
1153 1748 1314 1801 porro
1371 1734 1471 1787 hac
1507 1732 1789 1802 prophetia
1841 1746 2075 1801 synago-

2181 617 2277 680 τάς
2307 618 2485 687 ψυχὰς
2510 620 2817 683 ταπεινούς.

2255 727 2272 758 ι
2312 709 2375 759 Oi
2412 709 2469 761 δὲ
2508 709 2752 772 εὐσεϐεῖς
2794 710 2991 763 συνετά
3026 710 3444 765 ἐϐουλεύσαντο·
3488 712 3579 764 xal
3613 711 3770 782 αὕτη

2180 800 2212 870 ἡ
2247 800 2408 873 βουλὴ
2435 806 2605 871 μενεῖ.
2645 822 2662 853 ι
2692 804 2770 855 Δι’
2795 797 2869 857 ὧν
2895 805 3248 875 σημαίνονται
3272 806 3320 857 οἱ
3352 804 3637 859 ἀπόστολοι
3666 806 3770 859 τοῦ

2180 893 2434 964 Σωτῆρος
2468 894 2626 965 ἡμῶν
2659 898 2739 958 είς
2768 896 2867 964 τὴν
2902 896 3074 967 ἀρχὴν
3115 896 3212 966 τῆς
3262 896 3533 968 σωτηρίας
3564 898 3768 961 αὐτοῦ,

2180 984 2273 1036 καὶ
2299 984 2380 1037 τὸ¹
2406 985 2656 1056 ἡγεῖσθαι
2690 986 2880 1056 αὐτῆς,
2922 986 3126 1051 δίκαιος
3153 986 3446 1059 δεδώρηται
3480 987 3766 1057 βασιλεύς.

2178 1195 2181 1199 -
2255 1188 2274 1219 ι
2307 1170 2567 1233 Γυναῖκες
2602 1170 2872 1235 πλούσιαι,
2907 1170 3193 1242 ἀνάστητε,
3230 1171 3324 1225 καὶ
3360 1172 3629 1225 ἀκούσατε
3661 1169 3771 1240 τῆς

2180 1263 2364 1334 φωνῆς
2393 1282 2492 1335 μου
2513 1282 2525 1295 ·
2560 1264 2874 1338 θυγατέρες,
2908 1267 2993 1320 ἐπ’
3024 1266 3198 1319 ἐλπίδι
3228 1267 3492 1320 ἀκούσατε
3516 1267 3647 1328 τοὺς
3677 1264 3773 1317 λό-

2177 1372 2307 1423 γους
2336 1374 2457 1427 μου.
2501 1378 2520 1409 ι
2559 1356 2657 1411 Διά
2689 1360 2796 1411 τῶν
2831 1358 3208 1430 προκειμένων
3242 1360 3552 1430 προσφωνεῖ
3578 1374 3772 1427 παρα-

2178 1448 2529 1521 κελευόμενος
2572 1450 2963 1505 ὰποκλαίεσθαι
3013 1451 3107 1505 καὶ
3153 1450 3450 1504 κόπτεσθαι
3492 1449 3586 1503 καὶ
3626 1448 3771 1521 θρη-

2176 1545 2307 1606 νεῖν,
2346 1542 2421 1606 ὼς
2450 1542 2516 1595 ἂν
2549 1543 2831 1597 ἐκπέσοιεν
2854 1543 2954 1614 τῆς
2982 1542 3075 1597 τοῦ
3100 1542 3234 1595 Θεοῦ
3276 1542 3495 1613 χάριτος
3534 1542 3626 1594 διά
3660 1542 3769 1612 τὴν

2176 1635 2256 1697 εἰς
2284 1635 2374 1687 τὸν
2400 1634 2531 1688 Θεὸν
2556 1636 2813 1688 ἀπιστίαν
2840 1634 3020 1689 αὐτῶν
3038 1652 3051 1665 ·
3084 1634 3382 1688 διαϐάλλων
3415 1634 3471 1687 δὲ
3506 1634 3565 1686 τὸ
3593 1634 3769 1687 ἀναν-

2174 1724 2298 1796 δρον
2324 1727 2423 1797 τῆς
2448 1726 2625 1797 ψυχῆς
2665 1726 2843 1780 αὐτῶν
2870 1728 2964 1780 καὶ
2994 1726 3055 1779 τὸ
3080 1725 3462 1796 τεθηλυμένον,
3491 1726 3770 1794 γυναῖκας

502 1845 599 1897 gas
650 1829 887 1899 ipsorum
937 1828 1186 1882 indicari.
1218 1826 1478 1880 Hortatur
1512 1827 1694 1894 itaque
1744 1823 1886 1889 illos,
1919 1834 1979 1877 ut
2008 1839 2068 1878 ne

2177 1818 2376 1882 αὐτοὺς
2400 1818 2685 1872 ἀποκαλεῖ.
2718 1820 2854 1873 Φασὶ
2881 1820 2938 1872 δὲ
2970 1818 3068 1883 τὰς
3100 1816 3420 1887 συναγωγὰς
3448 1815 3630 1870 αὐτῶν
3663 1816 3766 1887 δη-

500 1883 696 1989 supine
727 1931 781 1975 et
818 1920 1189 1991 perfunctorie
1235 1919 1393 1974 dictis
1427 1919 1746 1982 attendant;
1779 1916 1871 1971 sed
1899 1917 2068 1986 pervi-

2177 1909 2397 1963 λοῦσθαι
2423 1911 2509 1964 διά
2538 1911 2639 1981 τῆς
2662 1911 2973 1981 φασκούσης
2991 1911 3101 1980 (59)
3131 1883 3484 1982 προφητείας.
3505 1883 3771 1980 Παρακε-

504 2012 595 2080 gili
624 2021 677 2066 et
700 2013 999 2080 composito
1031 2013 1231 2066 animo.
1264 2010 1519 2065 Fortasse
1547 2010 1775 2075 dixeris,
1797 2025 1892 2078 per
1925 2010 2071 2077 prio-

496 2120 583 2158 res
613 2104 730 2159 illas
748 2104 1001 2159 mulieres
1028 2104 1321 2173 signiﬁcari
1351 2104 1563 2172 priscos
1593 2103 1711 2157 illos
1756 2102 2063 2157 Judmorum

500 2207 825 2260 conventus,
859 2212 920 2252 ac
962 2196 1363 2251 multitudinem
1410 2196 1481 2250 ibi
1508 2206 1926 2266 congregatam;
1976 2209 2074 2265 per

498 2291 634 2347 ﬁlias
662 2306 812 2356 vero,
846 2292 1240 2362 posterioribus
1272 2290 1601 2360 temporibus
1628 2290 1955 2355 nascituras,
1978 2304 2075 2343 eo-

498 2398 615 2438 rum
644 2398 967 2455 synagogas.

570 2655 731 2711 V’tzns.
768 2655 855 2711 10.
893 2674 911 2708 ι
956 2654 1066 2710 Diei
1101 2654 1227 2709 anni
1258 2653 1576 2709 memoriam
1608 2652 1769 2707 facite
1794 2652 1846 2705 in
1880 2650 2071 2706 dolore
2102 2668 2105 2669 ν

495 2762 620 2800 cum
652 2762 746 2816 spe
773 2765 787 2799 :
822 2757 1145 2816 consumpta
1172 2756 1254 2802 est
1275 2745 1571 2811 vindemia,
1597 2746 1829 2801 cessavit
1858 2758 2067 2807 semen,

496 2848 547 2891 et
577 2854 679 2893 non
709 2838 940 2909 amplius
987 2839 1194 2894 veniet.
1238 2856 1257 2890 ι
1303 2839 1517 2892 Annum
1560 2852 1731 2907 porro
1762 2849 1917 2893 vocat
1946 2851 2070 2906 pro-

494 2925 742 2993 pheticus
773 2942 975 2989 sermo,
1011 2936 1223 2995 tempus
1253 2927 1655 2996 prmdicatiunis
1703 2926 2024 2997 evangelicae
2047 2965 2064 2991 ,

494 3030 600 3081 quo
631 3013 879 3068 Salvator
904 3024 961 3069 et
1013 3013 1273 3068 Dominus
1320 3023 1526 3077 noster,
1579 3028 1699 3068 cum
1757 3011 2068 3067 hominibus

491 3120 718 3159 versans
741 3115 795 3159 et
812 3105 1011 3161 docens
1028 3107 1361 3173 praedicavit.
1386 3104 1441 3159 id
1463 3121 1591 3161 vero
1614 3106 1853 3159 declarat
1873 3104 2070 3160 deinde

491 3210 615 3251 cum
650 3212 714 3250 ex
744 3211 977 3264 persona
1007 3197 1098 3252 Dei
1138 3199 1216 3251 sic
1242 3197 1480 3265 loquitur
1507 3214 1521 3251 :
1553 3214 1572 3248 ι
1600 3195 1831 3265 Spiritus
1853 3194 2063 3249 Domini
2092 3220 2134 3278 (ς

493 3302 656 3356 super
690 3303 795 3352 me,
824 3304 890 3340 eo
924 3290 1067 3358 quod
1118 3289 1335 3343 unxerit
1369 3304 1472 3353 me,
1520 3287 1901 3358 evangelizare
1930 3302 2066 3356 pau-

492 3381 715 3448 peribus
756 3382 901 3435 misit
923 3396 1041 3444 me;
1081 3381 1374 3449 praedicare
1404 3381 1636 3449 captivis
1662 3380 2065 3444 dimissionem,

492 3480 547 3525 et
581 3471 739 3526 caecis
776 3472 922 3526 visus
980 3472 1417 3539 restitutionem,
1472 3487 1668 3529 vocare
1716 3488 1917 3527 annum
1961 3472 2066 3527 Do-

493 3564 626 3618 mini
662 3565 1048 3633 acceptabilem
1092 3566 1157 3619 ".
1196 3584 1214 3618 ι

566 3656 731 3710 Vens.
770 3656 855 3709 ll.
901 3675 919 3707 ι
976 3656 1387 3726 Οιιειυρρεοῑιθ,
1441 3657 1831 3713 contristemini
1897 3659 2065 3715 conii-

492 3746 703 3812 dentes,
758 3748 937 3801 exuite
989 3762 1105 3813 vos,
1148 3748 1307 3802 nudae
1334 3757 1545 3804 estote:
1595 3750 1859 3820 accingite
1893 3752 2063 3806 saccis

492 3838 703 3893 lumbos
736 3846 964 3893 vestros.
1006 3858 1023 3890 ι
1050 3838 1168 3906 illa,
1198 3840 1393 3909 inquit,
1426 3856 1545 3909 quae
1567 3842 1861 3898 secundum
1895 3841 2060 3898 Deum

492 3937 595 3991 est,
633 3929 850 3983 tristitia
875 3944 969 3985 vos
996 3941 1343 3999 compungat,
1373 3940 1427 3984 et
1482 3946 1511 3984 a
1548 3933 1775 4002 pristina
1812 3933 2063 3989 incredu-

492 4018 644 4073 litate
672 4019 954 4084 discedite,
1007 4020 1449 4089 pmnitentixeque
1502 4036 1597 4075 vos
1643 4024 1785 4076 date.
1817 4021 1951 4077 Nam
1999 4040 2059 4079 ea

489 4126 612 4181 qua:
645 4110 940 4166 secundum
983 4109 1153 4164 Deum
1183 4120 1267 4166 est
1311 4112 1554 4177 tristitia,
1584 4113 1958 4181 paenitentiam
1994 4118 2061 4171 ad

488 4205 723 4259 Salutem
756 4203 882 4257 nulli
912 4203 1241 4273 pcenitenua:
1270 4204 1582 4271 obnoxiam,
1614 4214 1893 4276 operatur.

560 4295 725 4351 Vens.
766 4296 856 4362 12,
895 4296 980 4351 15.
1014 4314 1032 4348 ι
1064 4295 1129 4349 Ει
1159 4312 1323 4365 super
1362 4312 1627 4351 mammas
1683 4299 1893 4353 tundite
1922 4314 2018 4355 vos
2042 4339 2057 4365 ,

488 4397 711 4457 propter
733 4403 920 4457 agrum
954 4386 1229 4451 desiderii,
1251 4396 1305 4441 et
1325 4388 1535 4441 vineam
1562 4390 1855 4456 germinis:
1915 4398 2059 4445 terra

488 4478 670 4548 populi
692 4480 815 4543 mei,
841 4481 994 4548 spina
1020 4489 1075 4533 et
1101 4480 1279 4533 fenum
1299 4476 1557 4545 proferet,
1578 4488 1633 4533 et
1654 4494 1721 4533 ex
1737 4482 1880 4535 omni
1902 4481 2061 4535 domo

2174 2003 2387 2056 λεύεται
2416 2004 2593 2056 τοίνυν
2625 2006 2653 2056 6
2681 2004 2837 2072 λόγος
2862 2005 3046 2067 αὐτοῖς
3078 2004 3152 2074 μὴ
3196 2002 3425 2065 ύπτίως,
3459 2000 3592 2072 μηδὲ
3616 2017 3769 2071 παρ-

2174 2095 2352 2167 έργως
2412 2096 2699 2167 προσέχειν
2758 2099 2870 2160 τοῖς
2921 2096 3272 2166 λεγομένοις,
3318 2092 3769 2165 διεγηγερμένως

2172 2186 2227 2240 δὲ
2258 2189 2351 2240 καὶ
2379 2189 2847 2259 συντεταγμένως.
2878 2189 3067 2252 Εἲποις
3097 2188 3143 2241 δ’
3173 2186 3238 2240 ἂν
3276 2185 3377 2250 τάς
3409 2186 3505 2256 μὲν
3531 2182 3766 2255 πρώτας

2172 2283 2435 2348 γυναῖκας
2484 2279 2769 2350 σημαίνειν
2812 2280 2912 2344 τὰς
2955 2281 3048 2333 ἐπὶ
3099 2280 3207 2333 τῶν
3252 2279 3497 2333 παλαιῶν
3546 2279 3767 2349 χρόνων

2173 2370 2326 2441 παρὰ
2376 2369 2649 2434 Ἰουδαίοις
2694 2371 2979 2435 συνόδους,
3010 2373 3104 2424 καὶ
3134 2370 3203 2423 τά
3246 2370 3421 2440 πλήθη
3463 2369 3531 2423 τά
3568 2372 3627 2421 ὲν
3664 2370 3766 2423 αύ-

2170 2465 2284 2527 τοῖς
2316 2463 2657 2534 συναγόμενα
2676 2480 2690 2493 ·
2720 2464 2817 2527 τὰς
2856 2464 2913 2517 δὲ
2947 2463 3249 2536 θυγατέρας
3283 2463 3340 2515 έν
3363 2465 3475 2526 τοῖς
3503 2462 3762 2534 ὑστέροις

2171 2555 2385 2627 χρόνοις
2414 2555 2879 2626 ὑποστησομένας,
2921 2555 3021 2618 τάς
3051 2554 3231 2609 αὐτῶν
3264 2554 3605 2623 συναγωγάς.

2248 2667 2267 2699 ι
2329 2648 2572 2719 Ἡμέρας
2611 2646 2855 2701 ἐνιαυτοῦ
2906 2647 3093 2717 μνείαν
3137 2646 3433 2718 ποιήσασθε
3478 2649 3535 2701 ὲν
3587 2644 3757 2718 ὀδύνῃ

2173 2740 2291 2809 μετ’
2339 2739 2587 2803 ἐλπίδος·
2636 2740 2907 2811 ἀνήλωται
2962 2741 2991 2792 6
3038 2738 3339 2811 τρύγητος,
3390 2738 3671 2791 πέπαυται
3731 2740 3761 2791 6

2173 2829 2394 2901 σπόρος,
2435 2831 2529 2883 καὶ
2571 2828 2753 2883 ούκέτι
2784 2829 2857 2900 μὴ
2885 2829 3033 2901 ἔλθῃ.
3066 2851 3086 2881 ι
3136 2828 3411 2882 Ἐνιαυτδν
3442 2828 3499 2881 δὲ
3528 2828 3693 2882 καλεῖ
3728 2830 3758 2882 6

2172 2922 2506 2992 προφητικὸς
2548 2922 2703 2989 λόγος
2746 2922 2837 2974 τὸν
2875 2922 3065 2992 χρόνον
3114 2921 3207 2975 τοῦ
3252 2921 3605 2993 κηρύγματος
3659 2918 3759 2976 τοῦ

2170 3010 2549 3081 εύαγγελικοῦ,
2578 3013 2697 3066 καθ’
2731 3012 2789 3065 ὃν
2819 3014 2847 3065 6
2869 3011 3057 3083 Σωτὴρ
3083 3015 3177 3066 καὶ
3200 3012 3405 3085 Κύριος
3438 3012 3595 3084 ἡμῶν
3631 3030 3756 3066 συν-

2167 3102 2244 3157 ὼν
2280 3104 2589 3176 ἀνθρώποις
2629 3104 2859 3176 ἐκήρυξε
2901 3105 3183 3158 διδάσκων.
3236 3106 3347 3158 Kal
3394 3105 3556 3159 τοῦτο
3596 3104 3758 3175 δηλοῖ

2169 3193 2278 3249 ἀπὸ
2333 3195 2426 3248 τοῦ
2462 3194 2587 3266 ἑξῆς
2634 3197 2710 3249 ’ὲκ
2769 3194 3058 3267 προσώπου
3123 3197 3217 3250 τοῦ
3272 3195 3405 3249 Θεοῦ
3465 3196 3750 3265 λέγεσθαι·

2172 3305 2192 3339 ι
2238 3287 2463 3358 Πνεῦμα
2502 3285 2706 3359 Κυρίου
2757 3289 2844 3340 ἐπ’
2902 3288 2998 3359 ἐμὲ
3027 3328 3042 3353 ,
3090 3282 3153 3341 οῦ
3193 3290 3399 3343 εἵνεκεν
3439 3290 3623 3362 ἔχρισέ
3660 3310 3756 3361 με,

2164 3376 2621 3447 εὐαγγελίσασθαι
2682 3379 2913 3449 πτωχοῖς
2969 3377 3276 3433 ἀπέσταλκέ
3351 3397 3452 3450 με,
3508 3379 3754 3453 κηρύξαι

2164 3468 2531 3538 αἰχμαλώτοις
2564 3470 2758 3537 ἄφεσιν
2783 3507 2797 3533 ,
2835 3468 2928 3521 καὶ
2958 3468 3175 3538 τυφλοῖς
3218 3469 3534 3539 ἀνάϐλεψιν,
3584 3470 3757 3525 καλέο

2166 3577 2255 3613 σαι
2290 3560 2541 3614 ἐνιαυτὸν
2573 3560 2777 3631 Κυρίου
2811 3560 3014 3616 δεκτόν.
3056 3580 3074 3613 ι

2239 3668 2259 3702 ι
2296 3651 2566 3720 Ἔκστητε
2588 3690 2603 3713 ,
2649 3650 2926 3721 λυπήθητε
2969 3652 3024 3725 αξ
3060 3650 3393 3713 πεποιθυῖαι,
3425 3652 3755 3721 ὲκδύσασθε,

2163 3742 2372 3812 γυμναὶ
2406 3742 2660 3812 γένεσθε·
2706 3742 3083 3813 περιζώσασθε
3130 3744 3367 3807 σάκκους
3404 3746 3503 3807 τὰς
3538 3746 3755 3814 ὀσφύας

2164 3834 2341 3905 ὑμῶν.
2391 3854 2413 3887 ι
2460 3834 2734 3904 Ἀψάσθω,
2764 3836 2945 3905 φησὶν,
2978 3836 3131 3906 ὑμῶν
3168 3839 3200 3908 ἡ
3234 3838 3374 3890 κατά
3406 3838 3537 3891 Θεὸν
3577 3838 3753 3912 λύπη,

2162 3928 2375 3999 καὶτῆς
2403 3927 2677 3998 προτέρας
2700 3928 2958 3991 ἀπιστίας
2987 3927 3214 3999 έκστητε
3242 3929 3516 3983 ἐπιδοῦναι
3543 3931 3748 3997 ἑαυτὰς

2162 4021 2242 4083 είς
2267 4020 2577 4089 μετάνοιαν.
2617 4020 2681 4074 Ἦ
2714 4020 2822 4091 γὰρ
2848 4020 2991 4074 κατά
3015 4021 3147 4075 Θεὸν
3175 4022 3317 4093 λύπη
3354 4024 3643 4093 μετάνοιαν
3668 4026 3753 4089 είς

2164 4112 2439 4185 σωτηρίαν
2467 4112 2881 4185 ἀμεταμέλητον
2906 4115 3321 4186 κατεργάζεται.

2238 4314 2257 4348 ι
2295 4296 2403 4350 Kal
2432 4298 2525 4351 ἐπὶ
2554 4297 2665 4351 τῶν
2690 4298 2910 4369 μαστῶν
2952 4299 3237 4363 κόπτεσθε,
3268 4301 3395 4371 περὶ
3425 4300 3596 4374 ἀγροῦ
3624 4303 3751 4354 ἑπι-

2163 4386 2503 4459 θυμήματος,
2536 4392 2629 4444 καὶ
2657 4391 2900 4462 ἀμπέλου
2932 4394 3289 4464 γεννήματος.
3332 4394 3480 4465 Ἠγῆ
3504 4393 3595 4446 τοῦ
3613 4394 3749 4448 λαοῦ

2166 4497 2288 4550 μου,
2317 4482 2528 4536 ἄκανθα
2573 4483 2669 4537 καὶ
2718 4476 2909 4556 χόρτος
2949 4486 3299 4555 ἀναϐήσεται,
3340 4486 3432 4538 καὶ
3471 4487 3531 4538 ἐκ
3566 4485 3748 4556 πάσης

488 4569 675 4623 lmtitia
711 4569 1007 4625 auferetur.
1052 4589 1069 4621 ι
1104 4569 1162 4623 ld
1198 4584 1327 4623 vero
1352 4570 1602 4637 superius
1631 4571 1945 4627 declarabat
1977 4575 2062 4629 his

2177 4571 2340 4634 Dixia;
2372 4573 2677 4644 εὐφροσύνη
2716 4574 3034 4644 ἀρθήσεται.
3077 4594 3094 4624 ι
3140 4574 3309 4626 Τοῦτο
3345 4576 3401 4627 δὲ
3440 4574 3624 4645 ἐδήλου
3657 4575 3747 4628 διὰ

488 4662 689 4725 verbis,
724 4680 742 4712 ι
782 4661 844 4715 Et
877 4662 1181 4729 exspectavi
1217 4670 1274 4714 ut
1300 4661 1506 4717 faceret
1554 4679 1734 4727 uvam,
1779 4664 1908 4719 fecit
1958 4682 2057 4720 au-

488 4760 595 4805 tem
625 4752 830 4817 spinas,
870 4768 889 4803 »
918 4766 1053 4818 quas
1077 4750 1261 4817 spinas
1292 4764 1413 4804 mox
1445 4752 1729 4820 explicans
1755 4754 1830 4808 ait
1856 4772 1872 4809 ;
1901 4773 1919 4805 ι
1948 4756 2055 4810 Ex-

487 4842 727 4911 spectavi
756 4851 816 4895 ut
851 4839 1056 4895 faceret
1090 4840 1377 4909 judicium,
1410 4842 1539 4897 fecit
1589 4854 1767 4900 autem
1800 4846 2057 4915 iniquita-

490 4948 637 5001 tem;
667 4942 722 4989 et
744 4948 848 4987 non
876 4932 1167 5001 justitiam,
1196 4935 1288 4991 sed
1334 4936 1646 4992 clamorem.
1687 4957 1705 4990 ι
1739 4938 1813 4993 De
1847 4939 1931 4995 his
1963 4940 2059 4996 ita-

488 5044 593 5097 que
624 5026 893 5094 planctum
936 5028 1097 5082 cdere
1118 5027 1366 5093 jubebat,
1403 5030 1637 5085 maxime
1662 5032 1731 5086 ob
1761 5033 2058 5090 intentatas

488 5120 686 5174 tninas.

559 5209 721 5267 Vens.
756 5210 839 5265 Η.
883 5230 901 5264 ι
929 5211 1068 5268 Urbs
1108 5212 1382 5282 cpulenta,
1414 5213 1608 5269 domus
1644 5215 1943 5281 derelictm,
1971 5217 2057 5271 di-

484 5302 644 5356 vitias
676 5304 909 5358 civitatis
951 5303 1275 5373 relinquent,
1324 5304 1515 5361 domos
1562 5306 1967 5361 desiderabiles.
1994 5308 2059 5360 Et

485 5402 645 5448 erunt
699 5396 822 5466 pagi
874 5396 1141 5464 spelunca:
1192 5411 1367 5465 usque
1424 5397 1475 5450 in
1526 5399 1803 5462 smculum,
1874 5398 2057 5452 laetitia

486 5501 831 5554 onagrorutn,
879 5503 1075 5557 pascua
1110 5499 1407 5556 pastorum.
1436 5508 1454 5539 ι
1490 5488 1623 5554 Quis
1672 5490 1911 5543 advenas
1941 5504 2059 5542 cer-

488 5592 621 5629 nens
656 5576 1036 5649 Hierusolymte
1066 5578 1269 5632 incolas
1290 5618 1303 5641 ,
1336 5580 1592 5647 ipsosque
1622 5579 1933 5634 idololatras
1965 5594 2057 5633 va-

490 5668 585 5719 riis
636 5682 702 5721 ex
759 5668 1007 5734 gentibus
1055 5679 1441 5739 congregatos,
1496 5684 1602 5723 non
1656 5670 1849 5725 merito
1885 5670 2054 5737 dicat,

557 5757 603 5789 ⁸³
640 5757 741 5813 lsa.
766 5773 878 5825 ιιι,
915 5760 964 5813 1.

559 5870 674 5939 (39)
718 5870 878 5927 Forte
908 5872 1009 5941 Iug.
1048 5891 1344 5945 παρυυσης.
1393 5874 1549 5928 Eutr.

2165 4662 2273 4716 τῶν
2297 4663 2605 4734 ἔμπροσθεν
2636 4664 2804 4717 εἰπών
2825 4682 2837 4695 ·
2869 4684 2888 4715 ι
2917 4666 3025 4718 Καὶ
3056 4665 3242 4735 ἔμεινα
3276 4666 3361 4719 ἴνα
3393 4669 3593 4738 ποιήσῃ
3617 4683 3745 4719 στα-

2166 4753 2357 4824 φυλὴν,
2395 4755 2614 4826 ἐποίησε
2645 4756 2700 4809 δὲ
2748 4756 3018 4819 ἀκάνθας·
3069 4777 3086 4807 ι
3131 4758 3223 4810 καὶ
3264 4757 3462 4821 ταύτας
3515 4758 3742 4832 διερμη-

2164 4847 2331 4899 νεύων
2375 4850 2621 4919 ἐπήγαγε
2647 4848 2820 4918 λέγων
2840 4867 2853 4879 ’
2892 4869 2908 4901 ι
2939 4851 3167 4924 Ἐμεινα
3193 4851 3278 4903 ἵνα
3301 4855 3498 4924 ποιήσῃ
3542 4852 3741 4923 κρίσιν,

2164 4939 2388 5010 ἐποίησε
2417 4918 2475 4992 δὲ
2500 4940 2750 5011 ἀνομίαν,
2782 4941 2873 4994 καὶ
2917 4942 2977 4993 οὑ
3000 4918 3365 5012 δικαιοσύνην,
3395 4918 3529 4994 ἀλλά
3566 4918 3740 5014 κραυ-

2163 5032 2286 5099 γήν.
2333 5050 2350 5081 ι
2420 5032 2541 5084 Ἐπί¹
2581 5032 2790 5096 τούτοις
2840 5033 3127 5104 τοιγαροῦν
3171 5034 3462 5086 κόπτεσθαι
3506 5051 3742 5105 παρεκε-

2162 5120 2366 5184 λεύετο,
2394 5123 2487 5174 καὶ
2513 5123 2742 5193 μάλιστα
2763 5123 2849 5176 διά
2872 5124 2969 5193 τὴν
2992 5124 3391 5194 ἐπιφερομένην
3418 5123 3668 5195 ἀπειλήν.

2239 5234 2257 5265 ι
2288 5215 2449 5279 Πόλις
2468 5216 2719 5281 πλουσία,
2743 5212 2883 5269 οἶκοι
2902 5214 3455 5285 ἐγκαταλελειμμένοι
3477 5254 3492 5277 ,
3513 5215 3743 5269 πλοῦτον

2166 5306 2371 5370 πόλεως
2401 5309 2719 5377 ἀφήσουσιν,
2749 5309 2931 5372 οἴκους
2966 5308 3357 5379 ἐπιθυμητούς.
3390 5307 3500 5360 Kal
3532 5307 3742 5360 ἔσονται

2165 5398 2221 5449 αἱ
2249 5397 2429 5467 κῶμαι
2466 5398 2707 5469 σπήλαια
2738 5400 2842 5462 ἕως
2874 5397 2966 5451 τοῦ
3010 5399 3225 5462 αἰῶνος,
3264 5397 3566 5469 εὐφροσύνη
3608 5398 3742 5448 ὄνων

2164 5488 2389 5559 ἀγρίων,
2424 5489 2743 5560 βοσκήματα
2774 5492 3062 5561 ποιμένων.
3089 5510 3107 5543 ι
3140 5491 3235 5553 Τίς
3264 5490 3339 5553 δὲ,
3373 5488 3515 5561 ὀρῶν
3565 5488 3742 5558 μετοί-

2164 5598 2291 5644 κους
2335 5582 2531 5654 ἀνδρας
2575 5584 2855 5649 οἰκοῦντας
2902 5583 2997 5655 τὴν
3037 5582 3413 5655 Ἰερουσαλὴμ,
3458 5581 3741 5635 εἰδωλολά-

2162 5687 2297 5744 τρας
2340 5690 2399 5726 τε
2451 5676 2513 5727 ὲκ
2577 5674 2846 5746 διαφόρων
2899 5676 3065 5732 ὲθνῶν
3121 5674 3599 5746 συνειλεγμένους,
3644 5674 3742 5727 ούκ
