3984 6512
162 351 172 382 ι

223 403 332 462 521
1151 401 1652 463 ΕὈΜΜΕΝΤΛΒῘΑ
1675 404 1756 459 'lN
1793 407 1794 458 ζ

1890 405 2048 460 LIAM.
2092 437 2156 447 —
2195 402 2351 462 CAP.
2386 405 2605 462 XXXII.
3375 411 3494 468 52?.

220 525 296 581 ἂν
352 526 599 595 εὐλόγως
656 527 797 581 εἴποι
857 524 1009 588 ὅνους
1063 525 1320 599 ἀγρίους,
1378 528 1473 581 καὶ
1533 525 1790 598 διαφόρου

1890 565 1897 586 ι
1927 539 2158 596 onagros
2180 525 2532 596 diversosque
2555 541 2744 597 greges
2761 526 2931 596 ipsam
2949 527 3490 597 depascere‘l-Quam—

217 617 439 685 ἀγέλας
488 615 922 674 καταϐόσκεσθαι
966 616 1160 686 αὑτήν.
1209 619 1298 671 Διὸ
1343 618 1621 671 λέλεκται·
1663 637 1681 668 ι
1710 619 1784 672 Εὐ

1924 617 2108 672 obrem
2159 617 2351 673 dicitur
2387 633 2402 671 :
2435 635 2453 667 ι
2486 614 2694 671 Laetitia
2749 630 3102 687 onagmrum,
3142 633 3340 688 pascua
3392 637 3490 690 pa-

218 709 480 780 φροσύνη
527 710 665 762 ὄνων
709 709 933 781 ἀγρίων,
974 710 1296 782 βοσκήματα
1338 712 1669 781 ποιμένων.)
1719 712 1794 764 Διί

1923 720 2192 766 ειοτιιιη.»
2241 707 2368 764 -1ι1οο
2414 708 2686 776 planctum
2741 724 2992 780 magnum
3053 723 3152 766 vos
3199 711 3362 768 edere
3403 713 3493 782 ju-

217 802 408 856 ταῦτα
462 800 750 872 τοιγαροῦν
795 801 1123 872 προσέταξεν
1167 803 1294 873 ὑμῖν
1327 804 1355 856 6
1396 804 1551 871 λόγος
1601 805 1794 877 ίσχυρὸ·

1923 803 2034 869 bet,
2070 812 2124 857 et
2147 801 2198 856 in
2222 801 2377 856 luctu
2411 812 2780 870 perseverare.

217 894 506 948 ποιεῖσθαι
553 894 800 958 κοπετὸν,
850 893 942 947 καὶ
991 893 1069 964 τῷ
1111 894 1292 966 θρήνῳ
1335 895 1670 967 παραμένειν
1723 897 1815 949 ἐπὶ

209 986 513 1040 τοσοῦτον.
1543 1053 1545 1056 γ

290 1097 314 1130 ‹
355 1081 510 1142 Ἕως
543 1078 612 1132 ἂν
640 1079 854 1132 ἐπέλθοι
887 1079 972 1149 ἐφ’
998 1080 1141 1150 ὑμᾶς
1174 1077 1397 1149 Πνεῦμα
1429 1078 1525 1149 ἀφ’
1549 1079 1794 1149 ὑψηλοῦ.ι

1989 1069 2153 1126 Vens.
2187 1069 2274 1124 15.
2313 1088 2333 1121 ι
2353 1070 2534 1124 Donec
2555 1070 2738 1124 veniat
2768 1071 2819 1124 in
2849 1085 2947 1125 vos
2968 1071 3204 1140 Spiritus
3227 1087 3292 1127 ex
3315 1075 3482 1130 alto.»

206 1169 398 1224 Τοῦτο
426 1171 486 1223 δὲ
524 1167 592 1240 ἦν
627 1173 756 1242 περὶ
799 1165 860 1226 οὗ
892 1170 1129 1240 ἔφασκεν
1163 1173 1192 1224 6
1219 1171 1441 1242 Σωτήρ·
1484 1191 1502 1222 ι
1541 1171 1668 1226 Ἰδοὺ
1701 1170 1794 1240 ἐγιὶ

1918 1157 2007 1214 ille
2061 1170 2238 1214 autem
2299 1168 2418 1212 erat
2471 1161 2539 1215 de
2597 1173 2703 1230 quo
2761 1160 3168 1217 Salvator-haec
3210 1165 3485 1232 protulit:

205 1261 563 1332 ἀπέρχομαι,
605 1263 697 1314 καὶ
734 1261 1014 1315 ἀποστελῶ
1053 1263 1180 1332 ὑμῖν
1213 1262 1302 1314 τὸν
1340 1261 1715 1332 Παράκλητον,
1749 1262 1794 1315 τί

1921 1251 2112 1306 (Ecce
2138 1266 2236 1320 ego
2267 1254 2424 1313 vado,
2471 1261 2525 1306 et
2555 1254 2762 1306 mittam
2788 1253 2939 1307 vobis
2971 1253 3332 1318 Paracletnm,
3361 1257 3486 1326 Spi-

207 1353 456 1422 Πνεῦμα
495 1352 596 1422 τῆς
641 1352 898 1422 ἀληθείας
917 1368 930 1379 ·
958 1371 976 1403 ι
1014 1352 1105 1405 καὶ
1136 1351 1329 1406 πάλιν·
1377 1372 1396 1404 ι
1428 1353 1571 1416 Ἕως
1599 1351 1666 1405 ἂν
1710 1351 1794 1406 λά-

1914 1343 2075 1397 ritmn
2109 1342 2457 1407 veritatis”;
2492 1362 2510 1394 ι
2548 1344 2854 1412 iterumque
2886 1362 2944 1398 τι
2976 1345 3157 1400 Donec
3201 1349 3485 1416 accipiatis

206 1444 349 1514 ϐητε
395 1443 460 1508 ἐξ
490 1444 657 1513 ὕψους
690 1445 934 1514 δύναμιν.
963 1463 982 1495 ι
1023 1445 1172 1497 Ἐπεὶ
1200 1444 1375 1497 τοίνυν
1415 1463 1434 1494 ι
1455 1444 1729 1516 Μακάριοι
1756 1445 1794 1497 οἳ

1902 1439 2164 1492 virtutem
2219 1452 2285 1492 cx
2341 1439 2534 1493 alto“.
2570 1457 2588 1490 ι
2643 1439 2780 1506 Quia
2831 1440 2997 1510 igitur
3051 1459 3068 1492 ι
3103 1442 3249 1496 Beati
3271 1443 3370 1512 'qui
3405 1443 3484 1496 ln-

203 1534 571 1599 πενθοῦντες,
597 1537 678 1588 ὅτι
707 1534 1240 1607 παρακληθήσονται,
1271 1555 1288 1587 ι
1326 1535 1441 1600 καὶ,
1472 1553 1490 1582 ι
1528 1534 1794 1605 Μακάριοι

1911 1542 2058 1601 gem,
2085 1532 2342 1600 quoniam
2368 1532 2815 1596 consolabuntur,
2844 1552 2862 1585 ι
2893 1542 2969 1599 et,
3001 1552 3018 1584 ι
3041 1533 3192 1590 Beati
3215 1535 3306 1604 qui
3336 1535 3484 1602 ﬂetu,

201 1628 252 1678 οἱ
276 1626 592 1692 κλαίοντες,
621 1628 699 1680 ὅτι
733 1627 1072 1695 γελάσουσιν·
1111 1645 1130 1678 ›
1170 1626 1394 1689 εἰκότως
1418 1628 1537 1690 ταῖς
1570 1626 1794 1696 προλεχ-

1910 1625 2165 1694 quoniam
2214 1623 2561 1691 ridebunt”;
2597 1624 2762 1694 ijure
2813 1625 3087 1694 praedictis
3147 1626 3483 1691 mulieribus,

202 1715 451 1780 θείσαις,
480 1717 539 1770 αἳ
586 1716 675 1770 διὰ
724 1717 922 1787 θρήνου
960 1718 1054 1770 καὶ
1113 1716 1391 1788 κλαυθμοῦ
1435 1718 1529 1770 καὶ
1560 1717 1794 1771 ’κοπετοῦ

1908 1731 2026 1786 qum
2051 1715 2200 1780 ﬂetu,
2236 1716 2492 1787 lacrymis
2550 1726 2607 1772 et
2638 1717 2854 1786 plan-ctu
2891 1717 3265 1786 paenitentiam
3294 1719 3485 1787 praefe-

198 1805 305 1876 τὴν
342 1806 640 1877 μετάνοιαν
668 1806 1015 1870 ἐνεδείξαντο,
1043 1806 1371 1877 ἐπαγγελίαν
1407 1806 1619 1860 δίδωσιν
1656 1807 1794 1876 ἀγαε

1908 1807 2121 1873 rebant,
2145 1806 2560 1876 promissionem
2609 1808 2824 1863 confert
2862 1808 3056 1863 bonam
3087 1823 3183 1878 per
3221 1809 3482 1879 Spiritum

201 1899 304 1969 θὴν
337 1900 446 1970 τὴν
467 1899 556 1953 διὰ
582 1899 676 1952 τοῦ
707 1898 1046 1969 Πνεῦματος.

1907 1898 2260 1954 all'erendam.

277 2009 300 2043 ι
337 1993 455 2046 Kal
489 1991 643 2044 ἔσται
692 1991 898 2063 ἔρημος
943 1993 970 2045 ὁ
1004 1989 1242 2062 Χερμὲλ,
1292 1992 1384 2044 καὶ
1416 1992 1443 2043 ὁ
1477 1991 1692 2062 Χερμέλ
1728 1992 1794 2056 εἰς

1977 1991 2142 2046 Vens.
2175 1990 2265 2044 1‘6.
2308 2007 2327 2042 ι
2357 1989 2427 2044 Ει
2459 1990 2566 2044 erit
2605 1989 2881 2045 desertum
2910 1989 3186 2056 Citermel,
3223 2000 3280 2044 et
3307 1988 3478 2046 Cher-

199 2081 416 2152 δρυμὸν
447 2081 865 2151 λογισθήσεται·
899 2082 992 2135 καὶ
1020 2082 1392 2136 ἀναπαύσεται
1426 2084 1483 2137 ἐν
1515 2086 1580 2155 τῇ
1616 2084 1794 2155 ἐρήμῳ

1903 2082 2012 2161 mel
2061 2083 2113 2138 in
2166 2083 2364 2138 saltum
2419 2083 2890 2151 reputabiturz-et
2946 2083 3255 2152 requiescet
3287 2083 3472 2137 iude-

198 2175 412 2243 κρῖμα,
441 2173 539 2226 καὶ
566 2173 879 2245 δικαιοσύνη
911 2173 968 2226 ἐν
1005 2172 1082 2244 τῷ
1112 2173 1395 2246 Καρμήλῳ
1429 2177 1794 2247 κατοικήσει.ι

1895 2186 2053 2231 serto
2086 2175 2369 2247 judicium,
2400 2185 2452 2229 et
2477 2176 2694 2243 iustitia
2741 2175 2795 2230 in
2839 2177 3092 2231 Carmelo
3143 2175 3428 2232 habitabit.
3455 2195 3472 2229 ι

196 2265 446 2328 Λίϐανος
478 2265 576 2336 μὲν
610 2264 670 2318 τὸ
708 2264 833 2336 ὅρος
859 2266 919 2318 τὸ
965 2266 1057 2318 ἐπὶ
1097 2266 1195 2337 τῆς
1240 2266 1491 2337 Φοινίκης
1522 2266 1708 2337 ἐδήλου
1735 2269 1794 2321 τὰ

1907 2268 2147 2324 Libauns
2173 2284 2331 2323 mons
2365 2266 2658 2322 Pltmnieiae
2695 2267 3007 2333 imminens,
3032 2277 3228 2336 gentes
3263 2267 3479 2338 signiﬁ-

197 2355 368 2427 ἔθνη·
429 2356 728 2427 Κάρμηλος
781 2355 836 2408 δὲ
892 2355 952 2409 τὺ
1005 2355 1129 2427 ὅρος
1184 2356 1245 2409 τὸ
1300 2357 1405 2410 ὑπὸ
1443 2357 1712 2421 Ἰουδαίοις
1744 2357 1794 2412 ὃν

1904 2359 2082 2423 cabat,
2119 2358 2402 2413 Carmelus
2444 2369 2630 2412 autem
2661 2372 2854 2422 .tnnns,
2897 2357 2989 2427 qui
3015 2357 3245 2412 antehac
3272 2356 3482 2412 Judaeu—

196 2445 479 2517 πρότερον
509 2445 598 2498 τὸν
631 2447 696 2498 ἐκ
725 2441 1026 2516 περιτομῆς
1051 2446 1199 2512 λαὸν,
1225 2447 1345 2502 ὅθεν
1379 2450 1472 2503 καὶ
1503 2452 1794 2524 ἑρμηνεύε-

1897 2461 2193 2512 τιιηι-ονοι,
2217 2449 2482 2519 populum
2510 2465 2578 2503 ex
2605 2449 3030 2503 circumcisione
3062 2465 3074 2502 :
3102 2449 3248 2504 unde
3305 2448 3475 2504 Cher-

195 2551 288 2588 ται
322 2537 354 2589 6
391 2535 631 2607 Χερμέλ,
658 2536 855 2608 δηλαδή
885 2537 1196 2609 Κάρμηλος,
1237 2558 1255 2590 ι
1289 2541 1616 2610 Ἐπίγνωσις
1646 2561 1794 2617 περι-

1903 2543 2029 2606 mel,
2057 2542 2171 2596 sive
2200 2541 2502 2599 Carmelus.
2531 2541 2603 2594 ita
2633 2541 2864 2594 vertitur
2895 2557 2910 2593 :
2934 2540 3175 2611 Coguitio
3203 2542 3452 2594 circumci
3469 2574 3476 2581 -

194 2630 403 2698 τομῆς.
434 2646 453 2678 ι
513 2627 617 2680 Τὸν
680 2628 910 2682 Λίϐανον
961 2630 1159 2693 τοίνυν,
1212 2630 1304 2684 τὸν
1356 2631 1653 2701 ἀλλόφυλον
1708 2638 1794 2688 καὶ

1899 2634 2084 2688 tionis.
2127 2631 2390 2687 Libanum
2424 2647 2574 2702 ergo,
2607 2632 2862 2687 videlicet
2895 2633 3256 2702 alienigenam
3283 2642 3340 2687 et
3376 2650 3472 2690 ex-

194 2717 474 2788 ἀλλογενῆ
509 2707 658 2784 λαὸν,
691 2719 782 2775 τὸν
813 2719 870 2786 ἐξ
916 2719 1083 2774 ἐθνῶν
1119 2722 1546 2792 μεταϐληθέντα,
1581 2725 1798 2780 ἔσεσθαί

197 2827 398 2880 φησιν,
420 2813 605 2874 ὁποῖος
638 2807 704 2881 ἦν
733 2812 760 2864 6
796 2810 962 2864 πάλαι
991 2810 1148 2881 παρά
1175 2811 1252 2882 τῷ
1289 2811 1407 2882 Θεῷ
1436 2815 1794 2885 τετιμημένος

1898 2815 2134 2870 futurum
2181 2815 2276 2879 ait,
2327 2813 2504 2883 qualis
2540 2825 2658 2868 erat
2687 2814 2777 2869 ille
2810 2814 2941 2870 olim
2997 2816 3224 2885 populus
3267 2831 3333 2869 ex
3371 2818 3477 2870 cir-

193 2899 327 2966 λαδς
378 2904 408 2955 6
454 2905 521 2956 ἐκ
555 2904 886 2974 περιτομῆς·
939 2902 1100 2955 αὐτὸν
1146 2903 1204 2956 δὲ
1254 2903 1344 2957 τὸν
1396 2907 1461 2958 ἐκ
1498 2907 1794 2977 περιτομῆς

1897 2906 2248 2969 cumcisione,
2276 2907 2419 2974 apud
2455 2905 2621 2960 Deum
2648 2904 2969 2970 honoratus,
3003 2906 3179 2976 ipsum
3212 2922 3342 2962 vero
3386 2923 3474 2976 po-

193 2992 348 3060 λαδν,
383 2994 609 3065 Χερμὲλ
639 2995 672 3064 ἢ
705 2993 1001 3068 Κάρμηλον
1042 2994 1459 3067 ὀνομαζόμενον,
1488 2999 1568 3061 είς
1594 2997 1794 3070 δρυμὸν

1895 2999 2172 3069 pulum‘ex
2193 2997 2629 3064 circumcisione,
2662 2998 2750 3066 qui
2785 2997 3035 3053 Cltcrmel
3070 3009 3163 3053 aut
3189 2999 3474 3055 Carmelus

193 3081 644 3154 λογισθήσεσθαι.
675 3084 843 3137 Τοῦτο
869 3085 1048 3138 τοίνυν
1083 3085 1176 3138 καὶ
1208 3087 1265 3138 ἐν
1294 3089 1406 3150 τοῖς
1439 3087 1577 3157 μετὰ
1605 3092 1794 3160 χεῖρας

1894 3091 2110 3154 dicitur,
2146 3091 2199 3144 in
2227 3089 2422 3145 saltum
2459 3089 2813 3161 reputantium
2846 3088 2978 3143 fore.
3001 3089 3154 3156 Quod
3190 3091 3362 3160 ipsum
3391 3093 3472 3145 in-

1901 2733 2146 2778 tranenm
2197 2721 2452 2793 populum
2493 2737 2576 2776 ex
2619 2724 2878 2791 gentibus
2923 2739 3271 2791 conversum,
3312 2727 3473 2780 talem

178 3176 464 3247 aquai-ast
495 3176 717 3246 φάσκων
748 3177 776 3229 6
797 3176 952 3245 λόγος
994 3177 1135 3231 κατά
1157 3178 1246 3231 τὸν
1277 3177 1600 3250 Σύμμαχον·
1639 3199 1656 3232 ι
1682 3183 1792 3234 Kal

1893 3181 2038 3236 dicat
2079 3181 2365 3250 praesentis
2395 3179 2499 3234 loci
2561 3179 2935 3247 interpretatio
2991 3182 3289 3236 secundum
3319 3181 3473 3252 Synt-

194 3223 349 3323 £5.12:
385 3271 420 3340 ή
453 3223 658 3340 Egnati;
700 3270 780 3332 εἰς
821 3223 1146 3342 Κάρμηλον·
1179 3290 1197 3322 ι
1237 3270 1313 3333 ὡς
1349 3223 1607 3342 γὲἕέκεῖ
1632 3273 1660 3326 6
1695 3272 1792 3326 Δί-

1895 3223 2038 3236 ...ν...
2081 3223 2365 3250 ,,...η,.,.....,
2396 3223 2499 3234 ην.
2561 3223 2934 3247 ....-.γ.--....ν
2991 3223 3289 3236 ..--...........
3319 3223 3448 3252 η...

1898 3274 2298 3343 maclium,qu:e
2315 3273 2396 3328 sic
2424 3273 2589 3327 habet
2616 3289 2632 3328 :
2660 3271 2876 3327 «Eterit
2897 3273 3163 3328 desertum
3184 3275 3238 3329 in
3259 3276 3474 3329 Canne-

195 3359 360 3424 ϐανος
395 3363 481 3424 είς
529 3361 827 3432 Κάρμηλον
876 3360 1091 3429 ἐλέγετο
1135 3361 1586 3432 μεταϐάλλεσθαι,
1618 3362 1790 3429 οὕτως

1897 3363 2028 3419 lum.
2046 3365 2534 3432 iQuemadmodum
2563 3364 2708 3419 enim
2729 3364 2798 3418 ibi
2832 3363 3148 3420 Libannsin
3170 3366 3469 3421 Carnulum

194 3453 440 3506 ἐνταῦθα
486 3455 518 3523 ή
567 3451 794 3524 ἕρημος,
822 3451 910 3506 ἵνα
1028 3452 1223 3506 ταύτὸν
1267 3454 1360 3506 καὶ
1401 3452 1605 3525 ἔρημος
1635 3455 1665 3506 6
1695 3455 1790 3508 Λί-

1895 3455 2188 3508 vertendus
2229 3453 2547 3516 dicebatur;
2579 3452 2657 3508 sic
2695 3453 2882 3507 ethoc
2914 3452 3030 3510 loco
3072 3455 3471 3520 desertum;'ttt

194 3542 397 3609 ϐανος,
445 3543 589 3597 οὕτω
629 3543 968 3616 δηλουμένης
998 3544 1097 3615 τῆς
1131 3543 1188 3610 ἐξ
1231 3543 1400 3598 ἐθνῶν
1425 3544 1784 3617 Ἐκκλησίας,

1894 3547 2035 3602 idem
2061 3549 2134 3602 sit
2161 3548 2306 3618 quod
2351 3548 2626 3603 desertum
2652 3545 2912 3610 Libanus,
2935 3563 3041 3617 quo
3067 3546 3333 3604 indicatur
3365 3547 3467 3604 Ec-

193 3634 316 3702 ήτις
374 3633 778 3704 μεταϐέϐληται
828 3636 907 3697 είς
957 3634 1272 3708 Κάρμηλον.
1305 3633 1514 3706 Ὥσπερ
1565 3637 1673 3707 γὰρ
1717 3631 1786 3708 ἦν

1892 3637 2056 3692 clesia
2101 3652 2166 3691 cx
2218 3637 2491 3707 gentibus,
2541 3651 2659 3706 quze
2691 3645 2898 3690 mutata
2927 3646 3012 3692 est
3045 3637 3096 3692 in
3131 3637 3463 3695 Carmelum.

197 3726 370 3779 πάλαι
405 3725 671 3796 πρότερον
711 3745 728 3777 ι
759 3724 918 3797 μερὶς
945 3726 1152 3797 Κυρίου
1199 3726 1324 3790 λαὸς
1365 3727 1528 3780 αὑτοῦ
1567 3728 1781 3793 Ἰακὼϐ,

1891 3730 2357 3796 Quemadmodum
2403 3729 2548 3783 enim
2613 3729 2765 3798 prius
2815 3738 2934 3782 erat
2970 3746 2989 3779 ι
3019 3731 3199 3800 portio
3253 3731 3464 3786 Domini

197 3816 494 3885 σχοίνισμα
529 3815 890 3887 κληρονομίας
935 3815 1099 3881 αὐτοῦ
1141 3816 1387 3889 Ἰσραήλ·
1420 3837 1437 3868 ι
1477 3819 1505 3871 ὅ
1530 3836 1589 3871 τε
1622 3819 1784 3891 ’Κάρ-

1903 3820 2130 3890 populus
2181 3819 2300 3889 ejus
2348 3818 2517 3874 Jacob
2549 3859 2566 3884 ,
2626 3819 2897 3874 funiculus
2960 3820 3296 3876 limreditatis
3347 3822 3466 3891 ejus

199 3910 374 3980 μηλος
415 3903 484 3978 ἦν
515 3909 806 3977 ἐπίγνωσιν
837 3908 974 3979 ἔχων
1005 3909 1134 3980 περὶ
1162 3908 1392 3980 ταύτης·
1428 3909 1600 3974 οὕτως
1629 3911 1658 3963 6
1686 3911 1781 3964 Λί-

1890 3910 2051 3965 lsrael
2084 3911 2154 3975 ",
2213 3928 2232 3962 ›
2265 3921 2320 3965 et
2348 3910 2631 3965 Carmelus
2677 3911 2730 3963 in
2763 3910 3124 3980 cognitionem
3156 3913 3274 3982 ejus
3301 3928 3465 3968 vene-

193 4003 362 4066 ϐανος
410 4005 508 4056 καὶ
540 4003 574 4073 ἡ
620 4003 787 4056 πάλαι
832 4002 1054 4075 ἕρημος,
1084 4004 1176 4056 ἐπὶ
1222 4003 1282 4057 τὸ
1331 4006 1571 4076 κρεῖττον
1613 4022 1778 4075 μετα-

1890 4012 2005 4066 rat;
2034 4000 2116 4056 sic
2140 4008 2198 4055 et
2223 4000 2482 4066 Libanus,
2509 4008 2565 4056 et
2593 4000 2724 4054 illud
2779 3999 2907 4054 olim
2953 4000 3225 4056 desertum
3258 4002 3310 4057 in
3344 4019 3463 4057 mc-

192 4094 473 4158 ϐαλοῦσα,
512 4095 701 4163 γέγονε
751 4096 909 4167 μερὶς
967 4094 1062 4149 τοῦ
1114 4095 1285 4149 Θεοῦ·
1327 4098 1403 4160 ὡς
1439 4092 1506 4150 αὖ
1552 4097 1715 4150 πάλιν
1751 4098 1778 4150 6

1890 4093 2071 4149 liorem
2115 4093 2483 4148 conditionem
2541 4102 2830 4158 mutatum,
2886 4093 3084 4148 factum
3137 4103 3223 4149 est
3283 4097 3464 4164 portio

196 4183 501 4256 Κάρμηλος
555 4187 635 4248 εἰς
689 4187 892 4258 δρυμὸν
943 4187 1216 4257 ἐλογίσθη.
1267 4188 1482 4259 Δρυμὺς
1543 4189 1600 4241 δέ
1660 4190 1777 4241 ἐστι

1890 4184 2008 4250 Dei;
2050 4195 2108 4238 ut
2132 4199 2162 4240 e
2189 4183 2462 4238 contrario
2501 4183 2780 4238 Carmelus
2813 4184 2866 4238 in
2924 4183 3120 4239 saltum
3177 4195 3465 4252 reputatus

193 4277 397 4348 χωρίον
431 4276 614 4346 φυτῶν
680 4274 887 4349 ἀγρίων
932 4279 1026 4333 καὶ
1084 4279 1349 4351 ἀκάρπων
1409 4280 1647 4351 πλῆρες·
1695 4280 1776 4333 διὸ

1890 4287 1985 4331 est.
2025 4275 2209 4330 Saltus
2244 4291 2406 4345 porro
2437 4275 2587 4330 locus
2616 4284 2698 4328 est
2739 4277 3047 4345 agrestibus
3082 4288 3134 4331 et
3162 4278 3462 4334 infrncmo-

195 4369 430 4440 σύνηθες
475 4371 542 4439 τῇ
577 4369 696 4442 θείᾳ
738 4371 925 4442 Γραφῇ
971 4371 1212 4443 τά.εθνη
1259 4371 1329 4425 τὰ
1371 4370 1463 4424 τὸν
1497 4371 1628 4425 Θεὸν
1675 4371 1774 4424 οὐκ

1890 4369 1956 4422 sis
1997 4366 2282 4421 arboribus
2321 4366 2562 4435 repletus
2591 4377 2964 4437 :qnapropter
3007 4384 3124 4424 mos
3175 4381 3262 4426 est
3304 4371 3459 4426 Scri-

192 4461 407 4528 ιίδότα,
440 4461 658 4533 δρυμὸν
683 4459 1004 4534 ὀνομάζειν,
1048 4463 1126 4527 ὡς
1175 4463 1436 4526 πολλάκις
1485 4462 1771 4531 ἀπεδείξα-

195 4567 318 4622 μεν.
1790 4577 1850 4632 .D
1880 4569 2216 4625 nuncupare,
2251 4567 2308 4607 nt
2335 4553 2654 4624 plerumque
2688 4558 3264 4614 commonstrat-imus.

265 4659 288 4692 ‹
327 4640 440 4695 Kal
502 4640 654 4694 ἔσται
697 4641 769 4694 τά
812 4640 948 4714 ἔργα
993 4642 1092 4713 τῆς
1137 4641 1481 4714 δικαιοσύνης
1546 4645 1772 4717 εἰρήνη,

1949 4645 2110 4700 Vens.
2146 4648 2231 4713 i7,
2266 4645 2353 4702 18.
2389 4665 2407 4698 ι
2436 4647 2502 4701 Ει
2551 4655 2711 4702 erunt
2763 4663 2926 4716 opera
2967 4647 3205 4715 iustitiae
3239 4667 3366 4720 pax,
3401 4663 3457 4707 et

191 4732 286 4787 καὶ
329 4733 603 4804 κρατήσει
643 4733 1016 4804 ήδικαιοσύνη
1058 4735 1388 4796 ἀνάπαυσιν,
1433 4735 1527 4788 καὶ
1579 4753 1772 4790 πεποι-

1890 4737 2141 4793 )htlnebit
2182 4737 2400 4805 iustitia
2453 4738 2723 4807 requiem,
2782 4750 2836 4794 ct
2889 4741 3232 4798 conﬁdentes
3293 4757 3454 4800 erunt

189 4824 343 4889 θότες
373 4826 484 4888 »ἕως
508 4825 602 4878 τοῦ
638 4825 853 4890 αἰῶνος.
889 4827 998 4880 Καὶ
1028 4829 1344 4898 κατοικήσει
1376 4829 1404 4880 6
1443 4827 1569 4892 λαὸς
1609 4830 1771 4884 αὑτοῦ

1890 4845 2044 4898 isque
2087 4830 2139 4884 in
2191 4839 2477 4884 aeternum.
2528 4831 2595 4884 Et
2652 4832 2922 4888 habitabit
2981 4835 3210 4905 populus
3252 4837 3368 4902 ejus
3399 4839 3456 4898 in

191 4918 247 4970 ἐν
277 4917 434 4971 πόλει
467 4918 710 4988 εἰρήνης,
747 4919 841 4972 καὶ
869 4919 1136 4990 ἐνοικήσει
1169 4917 1464 4986 πεποιθὼς,
1500 4923 1594 4975 καὶ
1639 4923 1772 4977 ἀνα-

1890 4924 2008 4978 trbe
2034 4924 2205 4992 pacis,
2231 4933 2286 4978 et
2317 4923 2642 4980 inltabitabit
2682 4926 2988 4991 conﬁdens,
3022 4941 3077 4982 et
3105 4931 3450 4998 requiescent

191 5010 496 5064 παύσονται
539 5009 677 5079 μετά
717 5008 966 5062 πλούτου.
995 5029 1013 5061 ι
1071 5009 1214 5063 Ἀντί
1240 5009 1349 5082 γὰρ
1390 5011 1490 5081 τῆς
1518 5010 1772 5084 καθαιρε-

1890 5028 1996 5066 :um
2031 5012 2254 5067 divitiis.
2288 5031 2308 5066 ›
2339 5013 2470 5068 Nam
2515 5031 2614 5086 pro
2647 5033 2839 5086 magna
2878 5029 2932 5072 et
2961 5020 3296 5088 tripudiante
3320 5021 3451 5078 urbe

191 5101 616 5172 θείσης-πόλεως
648 5101 750 5172 τῆς
781 5102 1021 5173 μεγάλης
1055 5103 1268 5172 ἐκείνης
1310 5103 1402 5156 καὶ
1433 5103 1766 5175 γαυριώσης,

1897 5119 1982 5158 am
2044 5105 2245 5168 deleta,
2302 5107 2460 5160 aliam
2536 5107 2648 5164 Deo
2724 5114 3160 5169 constituendam
3223 5115 3448 5182 urbem,

187 5196 382 5264 ἑτέραν
421 5193 501 5264 τῷ
542 5192 661 5265 Θεῷ
710 5193 1074 5264 συστήσεσθαι
1109 5194 1284 5257 πόλιν,
1316 5195 1414 5265 τὴν
1457 5196 1564 5247 ἀπὸ
1599 5198 1769 5266 περά-

1890 5196 1990 5250 sive
2059 5198 2386 5253 catholicam
2456 5199 2796 5263 Ecclesium.
2861 5220 2890 5258 a
2961 5207 3212 5262 terminis
3277 5223 3450 5278 usque

184 5305 291 5340 των
323 5289 430 5350 ἕως
473 5289 725 5357 περάτων
759 5286 1047 5358 καθολικὴν
1090 5287 1433 5358 Ἐκκλησίαν,
1465 5289 1559 5341 καὶ
1603 5287 1664 5340 τὸ
1709 5290 1766 5341 ἐν

1890 5293 1938 5345 td
1989 5293 2248 5348 terminos
2290 5303 2446 5350 terra:
2503 5298 2922 5367 pcrtiugentem,
2972 5311 3028 5354 et
3082 5302 3227 5370 pium
3273 5302 3325 5356 in
3360 5303 3450 5358 illa

185 5382 322 5452 αὐτῇ
378 5381 714 5453 πολίτευμα,
766 5381 1032 5447 θεσπίζει.
1086 5382 1312 5436 Βέϐαιον
1357 5385 1466 5453 γὰρ
1520 5382 1629 5434 τῶν
1683 5384 1765 5446 είς

1890 5385 1992 5440 rita:
2036 5386 2381 5453 institutum,
2447 5390 2788 5448 vaticinatur.
2867 5392 3048 5446 Firma
3118 5393 3316 5464 quippe
3366 5407 3450 5451 est

184 5476 314 5532 Θεὸν
342 5477 786 5530 πεπιστευκότων
812 5475 874 5529 τὸ
905 5476 1178 5548 φρόνημα.
1215 5476 1376 5529 Πόλιν
1410 5477 1632 5548 εἰρήνης
1661 5477 1762 5549 τὴν

1890 5493 2078 5542 :orum,
2138 5480 2229 5548 qui
2283 5481 2339 5535 in
2395 5481 2560 5536 Deum
2603 5484 2854 5550 credunt,
2905 5499 3058 5540 mens
3109 5495 3168 5541 et
3233 5498 3448 5543 senten-

185 5571 243 5624 ἑν
308 5573 424 5635 τοῖς
484 5572 732 5641 οὐρανοῖς
783 5569 964 5638 λέγει·
1019 5590 1036 5619 ι
1096 5571 1161 5623 Ἦ
1218 5569 1326 5640 γάρ
1387 5569 1520 5633 άνω,
1599 5572 1763 5640 φησὶ,

1892 5572 1962 5623 ia.
1995 5569 2289 5626 Civitatem
2319 5575 2470 5641 pacis
2509 5585 2669 5630 vocat
2710 5574 2856 5630 illam
2891 5593 3014 5647 quae
3047 5579 3101 5632 in
3134 5579 3292 5635 ctelis
3321 5593 3442 5637 est:

196 5662 550 5736 Ἰερουσαλὴμ
579 5662 840 5734 ἐλευθέρα
880 5663 1016 5729 ἐστὶ,
1064 5663 1246 5734 μήτηρ
1290 5662 1505 5716 πάντων
1547 5661 1756 5732 ἡμῶν.»

1890 5680 1986 5718 iam
2021 5683 2039 5715 ι
2073 5665 2180 5731 illa,
2223 5665 2421 5735 inquit,
2446 5683 2566 5734 qua:
2588 5684 2803 5724 sursum
2834 5681 2918 5726 est
2945 5668 3274 5741 Jerusalem,
3309 5672 3445 5730 iibe-

1879 4458 2272 4525 pturmdivina:
2303 4468 2516 4529 gentes,
2545 4474 2665 4528 qua:
2691 4459 2856 4514 Deum
2893 4477 2998 4516 non
3032 4474 3258 4531 norunt,
3290 4464 3463 4527 saltus

254 5843 299 5877 ³³
323 5843 482 5902 Joan.
524 5861 610 5909 xv,
638 5844 728 5898 26.
808 5844 848 5875 ³⁸
879 5842 988 5899 Luc
1041 5857 1107 5896 xx
1141 5855 1190 5906 ν,
1229 5841 1316 5896 49.
1395 5840 1438 5872 ³⁸
1467 5839 1656 5896 Matth.
1697 5839 1794 5905 v,5

1920 5841 1962 5871 "‘
1989 5841 2142 5895 Deut.
2179 5857 2350 5908 xxx",
2383 5844 2436 5898 9.
