3984 6510
529 389 643 443 5ἓ5⁶

533 590 843 649 securitatis
871 597 1030 642 vocat
1059 585 1243 640 varias
1269 583 1394 637 illas
1430 580 1742 635 mansiones
1769 596 1782 631 :
1811 593 1934 631 nam
1964 578 2103 645 apud

535 689 773 748 Patrem,
816 680 1077 752 inquit”,
1122 677 1439 732 mansiones
1473 672 1690 736 multae,
1730 685 1851 740 quae
1890 669 2105 723 divitias

538 793 812 850 nunquam
858 770 1176 844 expilandas
1214 776 1456 825 servant.
1509 764 1718 819 Etenim
1764 780 1783 814 ε
1817 759 2107 815 Thesauri-

537 884 679 937 zale,
730 870 903 940 inquit
936 868 1004 932 ³⁹,
1047 864 1136 918 ubi
1180 876 1280 917 nec
1329 873 1530 931 aerugo,
1577 870 1677 910 nec
1732 855 1876 908 tinea
1924 854 2110 908 demo-

537 967 687 1031 litur,
721 976 894 1032 neque
923 958 1073 1013 fures
1094 953 1361 1009 effodiunt
1384 960 1439 1006 et
1469 951 1741 1003 furantur.
1768 964 1786 997 ι

612 1058 776 1112 Vens.
833 1054 919 1118 I9,
955 1052 1047 1105 20.
1085 1068 1104 1100 ι
1135 1046 1359 1104 Grando
1406 1052 1583 1097 autem
1647 1040 1693 1095 si
1739 1035 2108 1103 descenderit,

540 1168 647 1206 non
679 1150 742 1204 ad
776 1161 871 1203 vos
904 1144 1104 1199 veniet.
1136 1140 1201 1195 Et
1232 1145 1395 1194 erunt
1444 1135 1533 1205 qni
1577 1131 1829 1187 habitant
1870 1128 1924 1184 in
1960 1126 2113 1181 salti-

542 1246 643 1297 bus
673 1239 1032 1299 confidentes,
1063 1236 1204 1290 sicut
1233 1231 1325 1301 qui
1360 1230 1411 1283 in
1441 1225 1683 1296 planitie.
1724 1223 1874 1278 Beati
1902 1219 1993 1291 qui
2026 1234 2112 1275 se-

542 1339 751 1391 mlnant
780 1347 943 1401 super
974 1342 1189 1383 omnem
1218 1335 1434 1393 aquam,
1474 1318 1560 1372 ubi
1590 1316 1687 1371 bos
1714 1325 1769 1368 et
1794 1313 1979 1367 asinus
2001 1310 2114 1367 cal-

542 1440 736 1484 cant.)
797 1425 896 1481 Hic
956 1422 1141 1477 beatos
1195 1414 1451 1488 praedicat
1497 1408 1771 1481 apostolos
1816 1405 2114 1462 Salvatoris

545 1522 739 1585 nostri,
770 1527 826 1574 et
857 1517 1063 1587 primos
1091 1506 1364 1578 Evangelii
1391 1515 1688 1574 praecones,
1714 1498 1804 1569 qui
1828 1506 1884 1552 et
1914 1494 2115 1551 Iudaeis

543 1627 605 1672 et
636 1612 842 1672 Graecis
889 1606 1273 1678 praedicarunt,
1316 1613 1379 1652 ac
1429 1609 1614 1651 semen
1666 1605 1821 1647 suum
1861 1587 2116 1658 coniece-

547 1716 675 1763 runt
716 1705 769 1759 in
819 1714 1036 1757 omnem
1073 1695 1369 1757 hominem,
1403 1689 1647 1746 Judaeum
1692 1686 1891 1756 primo,
1921 1680 2118 1737 deinde

546 1802 833 1858 Graecum:
862 1795 957 1848 bos
981 1791 1146 1856 enim,
1171 1794 1355 1856 utpote
1380 1782 1635 1837 mundum
1656 1770 2119 1844 animal,populus

547 1912 613 1952 ex
646 1886 1083 1948 circumcisione,
1119 1888 1333 1950 patrum
1376 1887 1597 1930 suorum
1646 1882 1828 1932 causa,
1858 1874 2117 1927 vocatur;
2155 1867 2198 1923 Β
2220 1850 2346 1912 τοὺς

546 1987 734 2041 asinus
753 1988 955 2044 autem,
971 1982 1157 2046 utpote
1177 1972 1447 2038 impurus,
1466 1965 1661 2020 dicitur
1689 1959 1918 2031 populus
1942 1971 2010 2013 ex
2036 1968 2126 2027 pa-

549 2076 721 2132 tribus
744 2069 1037 2128 idololatris
1074 2057 1686 2136 progenitus.Quoniam
1734 2054 1896 2123 igitur
1941 2050 1994 2104 in
2031 2047 2127 2104 Ju-

547 2169 692 2223 daos
708 2166 960 2237 primum,
979 2158 1175 2215 deinde
1206 2155 1257 2210 in
1288 2152 1508 2209 Graecos
1539 2146 1909 2216 evangelicum
1938 2157 2125 2198 semen

549 2234 777 2330 apostoli
824 2252 1123 2311 Salvatoris
1164 2246 1335 2304 nostri
1359 2242 1664 2314 iaciebant;
1705 2238 1832 2308 jure
1876 2234 2123 2289 dicitur:

553 2373 576 2409 ί
602 2356 795 2409 Beatus
812 2351 902 2422 qui
923 2348 1157 2406 seminat
1183 2357 1346 2413 super
1359 2354 1573 2397 omnem
1600 2348 1814 2404 aquam,
1837 2331 1924 2385 ubi
1954 2331 2051 2385 bos
2072 2339 2128 2384 et

551 2453 735 2505 asinus
765 2448 995 2503 calcant.
1028 2463 1047 2495 ι
1083 2442 1179 2497 llic
1226 2452 1390 2510 porro
1444 2447 1542 2504 per
1584 2444 1780 2502 aquam
1819 2425 2130 2483 subindicat

555 2545 791 2598 divinam
828 2540 1186 2609 Scripturam,
1218 2530 1391 2602 quanta
1422 2527 1730 2585 Iudaeorum
1759 2530 1814 2578 et
1846 2519 2125 2592 gentilium

554 2638 750 2709 populo
787 2635 1043 2690 calcatur.

1064 2719 1295 2779 CAPUT
1334 2714 1579 2774 XXXIII.
1690 2774 1693 2779 I

626 2824 792 2877 Vens.
832 2823 884 2877 1.
919 2837 939 2871 ι
972 2819 1061 2875 Vae
1104 2818 1171 2872 iis
1218 2815 1309 2885 qui
1349 2827 1446 2866 vos
1490 2809 1717 2864 miseros
1766 2802 1993 2867 faciunt,
2033 2798 2129 2855 sed

556 2930 715 2970 nemo
749 2928 845 2970 vos
876 2914 1109 2967 miseros
1139 2909 1310 2963 facit:
1340 2915 1394 2959 et
1424 2903 1515 2974 qui
1564 2899 1816 2969 reprobat
1860 2911 1979 2961 vos,
2025 2908 2131 2951 non

558 3006 1166 3076 reprobatzcapientur
1210 2997 1565 3068 reprobantes
1615 3005 1670 3049 et
1717 2990 2020 3054 tradentur,
2077 2996 2132 3041 et

557 3097 712 3167 quasi
746 3098 891 3151 tinea
939 3097 993 3149 in
1046 3093 1391 3153 vestimento,
1428 3089 1505 3143 sic
1535 3086 1951 3155 superabuntur.
1983 3100 2003 3134 ι
2040 3080 2132 3136 His

561 3188 870 3244 consimilia
906 3197 1032 3241 sunt
1084 3200 1169 3248 ea,
1202 3182 1355 3252 queis
1396 3180 1649 3235 Salvator
1682 3176 1974 3245 discipulos
2007 3190 2133 3230 suos

562 3283 981 3352 alloquebatur:
1021 3297 1039 3329 ι
1070 3277 1172 3343 Qui
1214 3291 1310 3329 vos
1355 3273 1584 3343 Spernit,
1634 3286 1720 3325 me
1766 3269 1996 3338 spernit,
2026 3286 2044 3319 ι
2080 3280 2132 3321 et

562 3392 659 3431 vos
712 3390 816 3429 non
874 3370 1153 3431 lmdimini,
1201 3378 1276 3431 et,
1317 3367 1449 3436 «qui
1507 3381 1594 3420 me
1647 3366 1876 3432 spernit,
1930 3361 2135 3431 spernit

562 3483 706 3531 etnn,
736 3465 826 3535 qui
860 3464 1006 3519 misit
1032 3477 1115 3516 me
1136 3463 1199 3512 ⁸ο.
1229 3481 1247 3513 ι
1282 3459 1413 3513 Nam
1460 3474 1580 3512 cum
1623 3460 1747 3521 duo,
1780 3465 1841 3509 ut
1870 3454 2134 3524 quispiam

565 3562 782 3620 dixerit,
812 3559 862 3612 in
895 3567 1133 3624 tempore
1164 3552 1555 3624 persecutionis
1579 3552 1797 3605 ordines
1823 3550 1962 3614 sint,
1998 3549 2137 3602 alius

566 3656 863 3725 agentium,
898 3650 1216 3723 patientium
1252 3648 1418 3711 alius;
1452 3648 1640 3702 beatus
1668 3658 1753 3702 est
1786 3646 1877 3716 qui
1915 3644 2135 3714 patitur,

566 3748 659 3801 sed
713 3761 817 3799 non
868 3744 1012 3814 agit;
1064 3740 1253 3796 infelix
1288 3755 1417 3795 vero
1446 3740 1535 3809 qui
1565 3739 1695 3811 agit,
1724 3740 1816 3793 sed
1881 3753 1984 3790 non
2050 3751 2139 3805 pa-

569 3849 722 3890 IIIIII‘.

640 3928 804 3984 Vens.
845 3928 900 3983 2.
946 3947 964 3979 ι
992 3925 1241 3991 Domine,
1277 3925 1537 3979 miserere
1587 3920 1783 3985 nostri,
1826 3920 1878 3974 in
1911 3927 1962 3973 te
1990 3917 2136 3973 enim

567 4022 911 4091 confidimus.
959 4019 1182 4075 Factum
1248 4026 1334 4074 est
1389 4029 1577 4071 semen
1629 4009 2035 4067 incredulorum
2084 4009 2136 4063 in

568 4113 964 4183 perditionem;
1000 4111 1145 4166 salus
1175 4120 1356 4164 autem
1388 4116 1571 4162 nostra
1600 4107 1651 4159 in
1684 4114 1925 4172 tempore
1972 4101 2141 4157 tribu-

570 4205 806 4258 lationis.
837 4224 856 4257 p
893 4202 969 4257 Ex
995 4216 1223 4272 persona
1251 4199 1618 4270 apostolorum
1648 4195 1956 4250 orationem
1985 4194 2143 4248 emit-

574 4299 641 4351 tit
677 4313 688 4347 :
720 4311 908 4349 eorum
940 4295 1139 4363 quippe
1163 4308 1371 4355 semen,
1400 4290 1491 4358 qui
1521 4286 1846 4357 evangelica:
1878 4284 2144 4355 praedica-

567 4389 702 4442 tinui
751 4402 857 4441 non
903 4385 1275 4448 crediderunt,
1307 4380 1564 4451 perniciei
1599 4379 1853 4431 traditum
1886 4386 1970 4430 est
2000 4391 2013 4427 :
2044 4389 2143 4427 no-

569 4492 682 4535 stra
728 4494 857 4533 vero
907 4477 1051 4531 salus
1096 4485 1151 4527 tu
1201 4477 1316 4542 ipse
1363 4488 1444 4536 es,
1474 4486 1506 4527 ο
1549 4469 1800 4533 Domine,
1849 4466 1942 4537 qui
1990 4466 2142 4521 nobis

578 4576 708 4629 ades
732 4572 799 4651 in“
828 4580 1067 4638 tempore
1095 4564 1483 4620 tribulationis.

644 4650 808 4716 Vens.
857 4662 911 4715 5.
958 4678 975 4711 ι
1006 4657 1237 4727 Propter
1269 4669 1455 4709 vocem
1514 4653 1728 4706 timoris
1791 4650 1866 4705 tui
1925 4650 2142 4705 sedibus

574 4756 704 4809 moti
754 4761 878 4807 sunt
913 4749 1094 4819 populi
1146 4764 1176 4802 a
1232 4748 1426 4802 timore
1463 4756 1574 4810 tuo,
1614 4755 1669 4798 et
1708 4743 1967 4812 dispersa:
2019 4751 2145 4794 sunt

576 4858 819 4917 gentes.»
862 4843 916 4897 Id
963 4842 1158 4896 dicitur
1205 4840 1271 4894 de
1322 4838 1391 4892 iis
1433 4838 1525 4907 qui
1556 4852 1726 4891 sacrm
1773 4835 2142 4905 pragdicationi

574 4940 733 4992 fidem
786 4950 891 4989 non
940 4935 1267 4988 habuerunt.
1324 4929 1609 4999 Signiﬁcat
1670 4940 1846 4981 autem
1908 4924 2144 4981 Judaicm

573 5031 746 5101 gentis
796 5028 1155 5093 obsidionem,
1206 5034 1259 5080 et
1313 5025 1478 5094 quod,
1533 5022 1825 5093 ingruente
1878 5020 2007 5089 ipsis
2055 5020 2145 5072 lio-

573 5125 736 5179 stium
772 5118 1136 5184 multitudine,
1169 5134 1237 5173 ex
1269 5129 1412 5173 terra
1438 5132 1534 5171 sua
1569 5114 1730 5185 pulsi,
1764 5123 1819 5169 et
1849 5114 1990 5168 inter
2023 5128 2149 5183 gen-

579 5230 654 5271 tes
690 5214 923 5283 dispersi
956 5213 1085 5264 sint.

648 5307 812 5361 Vens.
862 5303 915 5358 4.
980 5302 1176 5355 «Nunc
1224 5308 1401 5354 autem
1458 5298 1931 5369 congregabuntur
1981 5293 2149 5363 spolia

572 5410 777 5464 vestra,
809 5398 958 5468 parvi
997 5405 1051 5449 et
1097 5394 1304 5461 magni,
1338 5402 1594 5458 tanquam
1626 5390 1669 5443 si
1706 5388 1828 5456 quis
1862 5392 2152 5454 congreget

576 5494 840 5554 locustas,
866 5491 945 5545 sic
970 5489 1201 5542 illudent
1228 5484 1399 5538 vobis.
1423 5504 1441 5535 ι
1473 5482 1567 5537 liis
1600 5496 1763 5551 quam
1792 5478 2062 5533 invalidus
2096 5487 2150 5532 et

574 5599 738 5655 quam
771 5590 1081 5652 expugnatu
1113 5578 1288 5633 facilis
1315 5576 1573 5631 Judaicus
1603 5573 1829 5643 populus
1875 5581 2018 5625 esset
2060 5571 2154 5623 de-

577 5679 750 5730 clarat
777 5692 791 5727 :
825 5690 886 5728 ac
913 5673 1311 5728 multitudinem
1339 5683 1527 5724 eorum
1562 5667 1786 5721 locustis
1809 5678 2152 5732 comparans,

1231 373 1502 433 EUSEBII
1538 370 2014 430 CIESARIENSIS
2049 369 2200 425 OPP.
2243 366 2425 427 PARS
2462 361 2555 420 Ill.
2591 391 2663 404 —
2698 352 3112 414 EXEGETICA.

436 526 437 529 η
531 523 591 559 ra
621 512 724 565 est,
760 506 933 554 mater
964 494 1208 551 omnium
1261 500 1508 546 nostrum
1532 489 1597 541 ³⁷.
1624 506 1642 539 ι
1682 486 1878 542 Urbem
1923 495 2102 538 autem

2240 481 2364 533 [όλιν
2392 479 2448 531 δὲ
2489 472 2823 549 ἀμεριμνίας
2866 466 2962 523 καὶ
3012 463 3111 526 τὰς
3155 459 3441 531 διαφόρους
3484 453 3633 522 λέγει
3683 467 3802 521 μο-

3677 339 3802 393 524

2204 574 2331 637 νάς·
2366 545 2558 623 πολλαί
2604 567 2734 637 γὰρ,
2763 562 2917 634 φησὶ,
2955 556 3115 630 μοναὶ
3143 552 3296 625 παρὰ
3326 549 3405 620 τῷ
3450 545 3625 617 Πατρί
3657 556 3799 615 μου,

2204 635 2383 737 ἔχουσι
2423 663 2482 716 δὲ
2529 635 2625 714 και
2654 635 2745 712 τδν
2794 651 3022 707 πλοῦτον
3069 648 3159 701 τὸν
3208 643 3420 700 ἄσυλον.
3460 660 3478 691 ‹
3512 635 3803 709 Θησαυρί-

2206 726 2326 821 (ste
2396 752 2505 824 γὰρ
2539 791 2554 816 ,
2630 746 2817 818 φησιν,
2886 744 3021 796 ὅπου
3098 738 3194 809 σὴς
3247 735 3342 788 κα.)⁵
3408 729 3610 803 βρῶσις
3685 726 3803 779 οὐκ

2206 813 2490 915 ἀφανίζει,
2530 813 2654 894 οὐδε
2692 813 2929 891 ’κλέπται
2982 828 3324 901 διορύσσουσι
3362 824 3459 877 καὶ
3512 818 3797 874 κλέπτου·
3831 813 3837 822 ’

2211 954 2315 991 σιν.
2350 954 2369 988 ι

2284 1047 2302 1079 ι
2346 1027 2411 1081 Ἥ
2442 1024 2500 1078 δὲ
2531 1018 2761 1093 χάλαζα,
2802 1017 2897 1070 ἐὰν
2930 1012 3165 1082 καταϐῇ,
3202 1008 3301 1062 οὐκ
3347 1006 3429 1074 ἐφ’
3457 1002 3600 1072 ὑμᾶς
3642 999 3802 1070 ἥξει.

2208 1119 2319 1170 Καὶ
2361 1114 2572 1167 ἔσονται
2605 1112 2653 1163 oi
2689 1104 3020 1167 ἐνοικοῦντες
3068 1102 3125 1153 ὲν
3167 1098 3279 1160 τοῖς
3323 1095 3544 1166 δρυμοῖς
3596 1106 3809 1142 πεποι-

2213 1209 2392 1271 θότες,
2430 1206 2507 1268 ὡς
2539 1204 2589 1257 oi
2626 1205 2682 1256 ὲν
2724 1202 2790 1271 τῇ
2822 1196 3030 1267 πεδινῇ.
3065 1190 3338 1261 Μακάριοι
3377 1187 3425 1239 oi
3475 1172 3808 1252 σπείροντες

2213 1302 2305 1353 ἐπὶ
2471 1296 2637 1365 ὕδωρ,
2663 1283 2724 1346 οὗ
2760 1270 2887 1361 βοῦς
2917 1286 3012 1340 καὶ
3054 1284 3175 1345 όνος
3222 1279 3402 1333 πατεῖ.
3431 1296 3449 1328 ι
3486 1270 3808 1343 Μακαρίζει

2212 1390 2268 1444 δὲ
2305 1388 2393 1443 διὰ
2424 1362 2628 1441 τούτων
2660 1383 2786 1445 τοὺς
2827 1376 3155 1437 ἀποστόλους
3195 1370 3289 1425 τοῦ
3331 1366 3579 1438 Σωτῆρος
3610 1362 3806 1434 ἡμῶν,

2214 1481 2309 1534 καὶ
2355 1480 2481 1543 τοὺς
2527 1476 2773 1550 πρώτους
2818 1471 3065 1542 κήρυκας
3114 1463 3209 1518 τοῦ
3262 1458 3615 1531 Εὐαγγελίου,
3666 1456 3809 1517 τοὺς

2216 1572 2309 1627 καὶ
2343 1544 2611 1630 Ἰουδαίοις
2640 1566 2734 1619 καὶ
2764 1560 2987 1631 Ἕλλησι
3016 1554 3379 1628 κηρύξαντας,
3414 1548 3508 1603 καὶ
3539 1547 3632 1600 τὸν
3663 1544 3813 1597 σπό-

2218 1682 2311 1737 ρον
2380 1659 2557 1715 αὐτῶν
2629 1651 3100 1722 καταϐαλομένους
3162 1645 3255 1698 ἐπὶ
3328 1642 3505 1695 πάντα
3581 1635 3810 1705 ἀνθρω-

2220 1725 2322 1809 πον
2362 1748 2616 1806 Ἰουδαῖόν
2645 1764 2704 1800 τε
2740 1743 2955 1817 πρῶτον
2999 1739 3093 1793 καὶ
3115 1736 3349 1806 Ἕλληνα
3370 1750 3383 1763 ο
3420 1730 3545 1802 βοῦς
3570 1729 3679 1799 γάρ
3711 1725 3815 1781 διὰ

2392 1844 2666 1915 πατέρας,
2726 1836 2923 1891 ὡσανεὶ
2972 1830 3207 1902 καθαρὸν
3255 1826 3412 1892 ζῶον,
3456 1826 3485 1878 6
3525 1825 3590 1876 ὲκ
3637 1838 3813 1893 περι-

2222 1946 2395 2017 τομῆς
2421 1941 2547 2003 λαὸς
2583 1936 2924 2007 ὠνόμασται·
2961 1929 3081 1991 ὅνος
3112 1925 3188 1989 δὲ,
3231 1920 3428 1977 ὡσανεὶ
3458 1916 3811 1986 ἀκάθαρτος,

2223 2037 2252 2088 6
2278 2006 2619 2101 ἐκπατέρων
2649 2006 3047 2092 εῖδωλολατρῶν
3079 2014 3228 2079 λαός.
3270 2011 3424 2065 Ἐπεὶ
3452 2008 3629 2063 τοίνυν
3670 2006 3813 2058 Ἰου-

2224 2127 2391 2188 δαίοις
2413 2099 2665 2193 πρῶτως,
2697 2117 2886 2170 ἔπειτα
2903 2109 3128 2181 Ἕλλησι
3168 2106 3258 2160 τὸν
3290 2099 3643 2171 εὐαγγελικδν
3670 2114 3817 2150 κειιτς⁸

2226 2187 2510 2273 ε6ἀλλοντο
2567 2213 2769 2283 σπόρον
2801 2209 2851 2261 οἱ
2878 2205 2972 2260 τοῦ
3003 2201 3257 2272 Σωτῆρος
3296 2195 3455 2269 ἡμῶν
3493 2187 3813 2283 ἀπόστολοι,

2226 2310 2449 2373 εἰκότως
2500 2281 2745 2377 εἴρηται·
2800 2297 3133 2373 ιΜακάριος
3185 2293 3213 2345 ό
3262 2287 3500 2359 σπείρων
3553 2281 3649 2335 ἐπὶ
3698 2281 3817 2334 πᾶν

2228 2404 2389 2474 ὕδωρ,
2429 2372 2491 2455 οὗ
2536 2372 2662 2469 βοῦς
2694 2396 2789 2448 καὶ
2831 2393 2950 2455 δνος
2987 2389 3165 2443 πατεῖ.
3194 2404 3212 2437 ι
3248 2382 3432 2452 ’Ὑδωρ
3465 2378 3522 2431 δὲ
3567 2372 3814 2428 ἐνταῦθα

2226 2462 2444 2563 ῂνίέατο
2473 2462 2572 2560 την
2600 2486 2953 2540 θεόπνευστον
2984 2476 3228 2549 Γραφὴν,
3274 2471 3377 2526 ὑπὸ
3416 2465 3688 2524 Ἰουδαίων
3716 2462 3818 2516 καὶ

2228 2584 2321 2637 τοῦ
2348 2582 2408 2648 ἐξ
2435 2579 2604 2635 ὲθνῶν
2632 2575 2761 2630 λαοῦ
2792 2570 3159 2641 πατουμένην.

2742 2659 3139 2722 ΚΕΦΑΛΑΙθΝ
3179 2655 3299 2711 ΛΓ’.

2306 2786 2325 2821 t
2354 2764 2490 2822 Οὐαὶ
2520 2767 2632 2827 τοῖς
2665 2753 3104 2827 ταλαιπωροῦσιν
3133 2750 3275 2821 ὑμᾶς
3299 2786 3311 2809 ,
3355 2744 3500 2815 ὑμᾶς
3546 2739 3603 2794 δὲ
3638 2735 3817 2797 0685!;

2231 2860 2372 2913 ποιεῖ
2405 2852 2808 2921 ταλαιπώρους’
2858 2844 2952 2900 καὶ⁹
2988 2844 3015 2895 6
3044 2838 3252 2894 ἀθετῶν
3286 2835 3431 2905 ὑμᾶς
3467 2831 3565 2884 οὐκ
3594 2827 3813 2881 ἀθετεῖο

2232 2949 2534 3006 ἁλώσονται
2567 2945 2615 2997 οῖ
2657 2918 2983 2998 ἀθετοῦντες
3034 2932 3128 2986 καλ⁸
3178 2925 3669 3001 παραδοθήσονται,
3720 2918 3819 2973 καὶ

2231 3042 2305 3105 ὡς
2344 3038 2441 3111 σὴς
2485 3036 2569 3105 ἐφ’
2600 3033 2837 3104 ἱματίου,
2878 3027 3047 3090 οὕτως
3080 3022 3490 3095 ἡττηθήσονται.
3520 3035 3538 3065 ι
3589 3012 3817 3076 Τούτοις

2234 3102 2437 3197 ἀδελφά
2464 3102 2721 3194 τυγχάνει
2748 3120 2817 3172 τὰ
2848 3118 2914 3171 δι’
2942 3110 3016 3168 ὧν
3053 3117 3081 3167 6
3108 3111 3297 3181 Σωτὴρ
3327 3110 3440 3171 τοῖς
3483 3102 3676 3158 ἑαυτοῦ
3714 3119 3821 3172 μα-

2160 3235 2200 3290 C
2236 3192 2425 3292 θηταῖς
2469 3192 2683 3284 ἔλεγεν·
2726 3233 2744 3263 ι
2782 3213 2839 3264 Ὀ
2870 3209 3014 3279 ὑμᾶς
3042 3203 3249 3259 ἀθετῶν
3292 3201 3392 3273 ἐμὲ
3437 3198 3639 3261 ἀθετεῖ,
3664 3214 3682 3245 ι
3722 3192 3820 3246 καὶ

2235 3315 2334 3367 οὐκ
2385 3307 2654 3365 ἀδικεῖσθε
2706 3305 2893 3374 ὑμεῖς,
2930 3300 3054 3361 καὶ,
3091 3316 3109 3348 ‹
3144 3296 3202 3349 '0
3233 3294 3334 3362 ἐμὲ
3378 3290 3585 3347 ἀθετῶν
3632 3286 3821 3341 ἀθετεῖ

2235 3404 2326 3457 τὸν
2376 3395 2767 3455 ἀποστείλαντά
2809 3411 2937 3464 με.)
2977 3389 3079 3442 Δύο
3130 3388 3239 3458 γὰρ
3282 3387 3448 3438 ὄντων
3494 3381 3819 3451 ταγμάτων,

2238 3498 2313 3561 ὡς
2356 3496 2421 3549 ἂν
2465 3492 2607 3544 εἴποι
2634 3506 2749 3554 τις,
2793 3484 2934 3539 κατὰ
2974 3484 3099 3546 τοὺς
3128 3481 3351 3551 καιροὺς
3401 3477 3508 3529 τῶν
3537 3470 3819 3542 διωγμῶν,

2238 3585 2343 3639 τῶν
2379 3578 2778 3654 μὲνδρῶντων,
2822 3574 2931 3626 τῶν
2967 3573 3023 3625 δὲ
3072 3570 3404 3639 πασχόντων,
3456 3565 3727 3637 μακάριος
3758 3561 3821 3613 ἃ)

2239 3678 2325 3749 εἴη
2355 3678 2383 3728 6
2412 3676 2655 3743 πάσχων,
2686 3669 2819 3725 ἀλλά
2853 3666 2928 3737 μὴ
2954 3663 3122 3735 δρῶν·
3154 3662 3335 3725 ἄθλιος
3363 3661 3418 3714 δὲ
3441 3663 3469 3714 6
3493 3658 3655 3731 δρῶν,
3684 3654 3822 3709 ἀλλὰ

2244 3769 2319 3840 μὴ
2354 3765 2598 3834 πάσχων.

2318 3943 2336 3975 ι
2369 3922 2563 3994 Κύριε,
2595 3921 2815 3990 ἐλέησον
2851 3920 3030 3990 ἡμᾶς’
3066 3914 3157 3969 ἐπὶ
3189 3912 3271 3964 σοὶ
3319 3907 3427 3978 γὰρ
3456 3901 3819 3970 πεποίθαμεν,

2252 3992 2513 4086 Ἐγενήθη
2539 4012 2600 4065 τὸ
2629 4011 2848 4082 σπέρμα
2878 4009 2985 4062 τῶν
3007 4002 3377 4060 ἀπειθούντων
3408 3999 3487 4060 εἰς
3514 3992 3817 4048 ἀπώλειαν·

2241 4111 2275 4180 ή
2303 4108 2359 4161 δὲ
2400 4106 2642 4177 σωτηρία
2685 4102 2840 4180 ἡμῶν
2879 4104 2935 4154 ὲν
2966 4096 3142 4169 καιρῷ
3186 4091 3437 4161 θλίψεως.
3473 4107 3490 4138 ι
3539 4086 3634 4138 Ἐκ
3662 4099 3825 4155 προσ-

2243 4200 2393 4254 ώπου
2441 4198 2549 4251 τῶν
2598 4194 2909 4250 ἀποστόλων
2960 4191 3061 4261 τὴν
3111 4187 3276 4258 εὐχὴν
3324 4182 3673 4251 ἀναπέμπει·
3714 4176 3824 4229 τῶν

2248 4292 2346 4363 μὲν
2392 4290 2501 4361 γὰρ
2542 4286 2950 4357 ἀπειθησάντων
3000 4280 3079 4352 τῷ
3123 4272 3460 4346 εύαγγελικῷ
3506 4268 3824 4341 κηρύγματι

2242 4357 2306 4435 τὸ
2338 4357 2558 4452 σπέρμα
2590 4375 2857 4448 παρεδόθη
2890 4371 3162 4442 ἀπωλείᾳ·
3197 4367 3353 4440 ἡμῶν
3389 4365 3446 4417 δὲ
3485 4359 3730 4430 σωτηρία
3762 4357 3823 4409 σὺ

2245 4475 2405 4538 αὐτὸς
2459 4472 2775 4541 τυγχάνεις,
2813 4462 2857 4519 ὧ
2904 4465 3097 4536 Κύριε,
3146 4459 3547 4532 παριστάμενος
3595 4454 3729 4523 ἡμῖν
3771 4452 3825 4503 ἐν

2180 4581 2224 4636 D
2255 4565 2435 4638 καιρῷ
2461 4564 2711 4632 θλίψεως.

2324 4632 2468 4709 (Διά
2499 4655 2679 4725 φωνὴν
2720 4652 2814 4705 τοῦ
2860 4650 3026 4719 φόϐου
3068 4664 3160 4699 σου
3215 4643 3514 4713 ἐξέστησαν
3559 4636 3679 4689 λαοὶ⁵
3720 4632 3825 4688 ἀπὸ

2250 4750 2341 4803 τοῦ
2372 4749 2537 4817 φόϐου
2566 4765 2679 4810 σου,
2706 4744 2799 4798 καὶ
2827 4740 3195 4811 διεσπάρησαν
3224 4736 3292 4789 τά
3325 4732 3452 4800 ἔθνη
3474 4747 3487 4760 ·
3510 4747 3528 4780 ι
3566 4728 3694 4799 περὶ
3722 4728 3826 4780 τῶν

2250 4840 2664 4911 ἀπιστησάντων
2702 4838 2779 4908 τῷ
2824 4834 2953 4906 ἱερῷ
2991 4831 3325 4903 κηρύγματι.
3360 4824 3616 4896 Σημαίνει
3649 4818 3826 4888 δὲτὴν

2253 4934 2563 5005 πολιορκίαν
2610 4931 2703 4984 τοῦ
2740 4929 3005 4982 Ἰουδαίων
3047 4924 3259 4984 ἔθνους,
3300 4920 3399 5001 ,καὶ
3436 4920 3510 4981 ὣς
3558 4912 3826 4981 πολυπλη-

2254 4998 2420 5087 θείας¹
2458 5021 2732 5092 πολεμίων
2784 5015 3113 5085 ἐπελθούσης
3160 4998 3340 5074 αὐτοῖς
3390 5007 3687 5076 ἐξέστησαν
3734 5002 3827 5071 τῆς

2256 5117 2462 5169 ἑαυτῶν
2498 5116 2621 5185 γῆς,
2649 5114 2740 5166 καὶ
2764 5108 3251 5180 διεσκορπίσθησαν
3276 5106 3354 5167 εἰς
3378 5104 3445 5155 τὰ
3474 5101 3619 5171 ἔθνη.

2331 5314 2352 5347 ι
2392 5295 2505 5348 Νῦν
2549 5296 2605 5347 δὲ
2665 5292 3052 5362 συναχθήσεται
3085 5290 3153 5343 τὰ
3207 5288 3376 5342 σκύλα
3414 5283 3586 5355 ὑμῶν,
3639 5277 3827 5352 μικροῦ

2260 5388 2351 5439 καὶ⁸
2387 5386 2642 5456 μεγάλου,
2682 5386 2742 5438 ὃν
2775 5384 2978 5454 τρόπον
3005 5382 3100 5436 ἐάν
3141 5400 3225 5444 τις
3262 5378 3545 5447 συναγάγῃ
3588 5372 3828 5443 ἀκρίδας,

2258 5479 2428 5540 οὕτως
2474 5476 2830 5547 ἐμπαίξουσιν
2864 5476 3053 5546 ὑμῖν.)
3100 5474 3173 5526 T6
3222 5471 3543 5541 εὐχείρωτον
3585 5466 3677 5518 καὶ
3715 5463 3827 5515 εὐά-

2258 5569 2427 5621 λωτον
2474 5568 2566 5620 τοῦ
2611 5568 2875 5621 Ἰουδαίων
2923 5567 3052 5622 λαοῦ
3087 5562 3384 5636 παριστὰς,
3416 5560 3476 5612 τό
3529 5576 3586 5610 τε
3638 5554 3828 5625 πλῆθος

2262 5660 2438 5714 αὐτῶν
2473 5662 2660 5732 ἀκρίσι
2692 5660 3074 5730 παραϐάλλων,
3114 5656 3367 5728 σημαίνει
3396 5653 3470 5715 ὠς
3498 5653 3544 5704 οἱ
3589 5648 3828 5717 πολέμιοι

655 5868 696 5900 ⁸⁷
727 5866 843 5923 Gal.
879 5880 952 5932 tv,
983 5865 1070 5921 ‘26.
1149 5867 1193 5899 ³⁸
1219 5863 1492 5931 Joanxw,
1518 5861 1573 5916 ἓ.
1650 5860 1696 5893 ⁸⁸
1724 5858 1911 5916 Matth.
1944 5874 2017 5926 vr,
2056 5854 2130 5910 l9.

2242 5855 2261 5887 °
2285 5852 2413 5908 Luc.
2451 5869 2504 5921 κ,
2536 5853 2617 5906 1⁸6.
