3984 6506
220 371 324 426 39.5

1152 371 1648 434 COMMENTARIA
1689 376 1756 433 IN
1795 377 2047 435 lSAIAM.
2090 411 2158 421 -
2195 377 2348 432 CAP.
2390 335 2624 432 xxxut.

3388 382 3495 438 326

218 486 336 538 ἀντὶ
384 483 652 550 παιγνίου
697 483 894 550 αὐτοὺς
944 487 1177 556 ἕξουσιν,
1219 491 1280 546 οὐ
1331 493 1490 564 μόνον
1534 496 1605 551 τὰ
1653 497 1808 552 σκύλο

1925 497 2202 567 signiﬁcat
2225 497 2372 566 ipsos
2405 497 2473 550 ab
2497 492 2737 567 inimicis
2766 493 3001 550 ludibrio
3026 494 3310 554 habendos
3329 512 3451 554 esse
3477 516 3491 552 :

221 573 404 627 αὐτῶν
449 576 845 647 διαρπάξοντες
884 580 1082 651 μικροῦ
1122 584 1215 636 καὶ
1256 586 1512 656 μεγάλου,
1545 588 1680 644 ἀλλά
1726 591 1818 646 καὶ

214 665 403 728 αὐτοῖς
447 665 835 737 ἐμπαίζοντες.
865 669 1049 724 Ταῦτα
1085 674 1212 744 περὶ
1254 675 1460 732 τούτων
1497 679 1686 746 εἰπὼν,
1721 699 1818 752 με-

215 758 474 847 ταϐαίνει
507 760 598 812 ἐπὶ
626 759 688 812 τὸ
716 760 901 832 τάγμα
927 763 1026 832 τῆς
1051 763 1146 817 τοῦ
1180 765 1314 820 Θεοῦ
1357 769 1702 843 Ἐκκλησίας,
1729 778 1815 847 ἐφ’

212 843 256 917 ᾧ
285 851 385 902 καὶ
407 849 634 915 δοξάζει
656 850 747 904 τὸν
778 850 911 904 Θεὸν
941 852 1115 922 λέγων
1134 873 1148 886 ο
1628 874 1640 899 ι

286 959 305 1031 ι
342 942 549 1011 Ἀγιος
572 942 602 993 6
633 941 768 1006 θεὸς
792 944 821 996 6
850 946 1120 1000 κατοικῶν
1149 949 1210 1001 ἐν
1233 949 1484 1022 ὑψηλοῖς·
1511 954 1815 1031 ἐνεπλήσθη

213 1030 352 1084 Σιὼν
412 1031 659 1106 κρίσεως
708 1033 804 1087 καὶ
859 1034 1225 1110 δικαιοσύνης.
1254 1059 1271 1091 ι
1326 1043 1560 1115 Νοήσεις
1607 1047 1664 1100 δέ
1717 1030 1817 1120 τὴν

210 1123 355 1178 Σιὼν
413 1123 532 1179 ἀπὸ
573 1124 670 1177 τοῦ
735 1124 990 1194 λέγεσθαι
1043 1130 1277 1201 κρίσεως
1330 1135 1426 1188 καὶ
1471 1136 1816 1211 δικαιοσύνης

211 1214 624 1286 πεπληρῶσθαι
660 1216 853 1289 αὐτήν.
897 1218 984 1271 Ἐν
1017 1219 1076 1274 δὲ
1116 1225 1229 1287 τοῖς
1269 1225 1526 1298 ἀνωτέρω
1564 1227 1811 1298 ἐλέγετο·

215 1323 233 1356 ι
263 1307 380 1358 Καὶ
409 1308 794 1364 ἀναπαύσεται
829 1311 887 1364 ἐν
916 1315 982 1384 τῇ
1026 1313 1218 1386 ἐρήμῳ
1262 1319 1436 1388 κρῖμα
1479 1321 1574 1373 καὶ
1614 1320 1817 1376 δικαιο-

211 1395 372 1487 σύνη.
403 1417 425 1450 ι
470 1399 585 1471 Τὴν
630 1401 888 1474 ἀνωτέρω
930 1405 1109 1460 τοίνυν
1159 1406 1365 1479 ἔρημον
1421 1411 1815 1487 ὠνομασμένην

210 1486 306 1541 νῦν
342 1489 496 1544 Σιὼν
528 1492 820 1559 ἀποκαλεῖ,
865 1495 1008 1550 οὕτω
1039 1497 1136 1570 τὴν
1184 1501 1506 1574 Ἐκκλησίαν
1547 1505 1642 1558 τοῦ
1679 1486 1813 1561 Θεοῦ

214 1582 532 1666 σημαίνων.
559 1584 710 1654 Αὕτη
762 1586 872 1658 γὰρ
914 1583 982 1658 ἦν
1012 1590 1044 1660 ἡ
1077 1591 1241 1645 πάλαι
1289 1591 1511 1664 ἔρημος,
1555 1591 1675 1671 ἐνῇ
1717 1601 1814 1653 ἀν-

209 1674 504 1728 επαύσατο
545 1679 718 1748 κρῖμα
757 1678 851 1731 καὶ
895 1678 1241 1755 δικαιοσύνη·
1270 1683 1350 1738 διὸ
1380 1687 1475 1741 καὶ
1515 1687 1814 1759 εὐλογεῖται

211 1763 305 1819 νῦν
343 1767 377 1818 6
433 1767 608 1832 Θεὸς,
653 1769 735 1823 ὅτι
795 1770 1101 1844 ἐνεπλήσθη
1165 1775 1400 1846 κρίσεως
1456 1779 1550 1833 καὶ
1605 1779 1813 1835 δικαιο-

213 1857 412 1929 σύνης.

286 1969 306 1999 ι
352 1952 450 2004 Ἐν
481 1952 634 2024 νόμῳ
684 1956 1177 2029 παραδοθήσονται,
1220 1961 1279 2014 ἐν
1313 1960 1668 2036 θησαυροῖςή
1714 1982 1819 2019 σω-

208 2041 382 2111 τηρία
433 2044 469 2113 ἡ
481 2042 599 2113 μῶν
620 2060 634 2075 ο
668 2047 785 2098 ἐκεῖ
817 2046 979 2116 σοφία
1007 2047 1103 2101 καὶ
1136 2050 1413 2122 ἐπιστήμη
1447 2052 1541 2105 καὶ
1568 2052 1819 2106 εὐσέϐεια

214 2133 354 2204 πρὸς
389 2135 490 2188 τὸν
526 2137 749 2208 Κύριον.
775 2132 935 2193 υῦτοί
963 2141 1070 2194 είσι
1110 2140 1372 2216 θησαυροὶ
1414 2144 1811 2218 δικαιοσύνης.»

213 2227 388 2299 Νόμῳ
421 2230 537 2300 γὰρ
557 2271 571 2295 ,
599 2230 798 2302 δηλαδὴ
829 2233 1196 2306 εὐαγγελικῷ,
1253 2236 1303 2289 οἳ
1325 2237 1438 2308 (40)
1476 2239 1534 2292 ἐν
1561 2241 1628 2311 τῇ
1656 2242 1808 2311 κοινῇ

212 2316 391 2389 ταύτῃ
441 2317 584 2371 Σιὼν
616 2319 992 2392 παρεδόθησαν
1011 2339 1024 2352 ·
1061 2323 1117 2376 ἐν
1155 2324 1335 2378 ἐλπίσι
1361 2325 1468 2395 γὰρ
1496 2330 1607 2391 τοῖς
1639 2327 1816 2398 ἁγίοις

214 2407 510 2462 ἀπόκειται
564 2409 633 2463 τὰ
676 2410 874 2479 ἀγαθά.
926 2411 1104 2476 Ποίοις
1155 2411 1214 2464 δὲ
1275 2412 1570 2486 θησαυροῖς
1627 2417 1810 2488 ἢτοῖς

215 2499 611 2571 ἀποκειμένοις
634 2503 691 2555 ἐν
716 2502 964 2573 οὐρανοῖς
984 2520 999 2569 ;

359 2594 500 2646 Ἰδοὺ
547 2594 606 2648 δὲ
636 2595 693 2646 ἐν
726 2595 803 2665 τῷ
831 2594 980 2666 φόόῳ
1027 2595 1182 2667 ὐμῶν
1211 2591 1355 2651 οὗτοι
1389 2597 1810 2670 φοϐηθήσονται,

215 2681 308 2746 οὓς
354 2682 680 2754 ἐφοϐεῖσθε·
720 2683 1002 2756 βοήσονται
1037 2685 1130 2753 ἀφ’
1175 2683 1348 2755 ὐμῶν.
1375 2703 1393 2735 ι
1438 2683 1624 2739 Ταῦτα
1675 2683 1812 2756 πρὸς

217 2775 341 2839 τούς
376 2775 716 2838 ἀποστόλους
769 2775 1019 2846 εἴρηται·
1065 2777 1402 2828 ἐπιπεσεῖται
1447 2774 1576 2847 γὰρ,
1624 2775 1810 2846 φησὶν,

217 2867 309 2919 ἐπὶ
341 2866 480 2928 τοὺς
516 2865 779 2929 ἀπίστους
813 2867 841 2918 6
872 2866 1134 2937 ὑμέτερος
1167 2865 1348 2936 φόϐος.

291 2978 310 3009 ι
358 2957 627 3025 ’Ἄγγελοι
693 2957 1161 3029 ἀποσταλήσονται
1229 2957 1443 3031 πικρῶς
1514 2957 1807 3022 κλαίοντες.

227 3033 724 3120 Ἐρημωθήσονται
774 3049 884 3122 γὰρ
932 3052 988 3103 αἱ
1035 3050 1239 3103 τούτων
1289 3049 1433 3102 ὁδοί·
1467 3051 1742 3104 πέπαυται
1782 3053 1812 3104 6

216 3144 380 3212 φόϐος
415 3143 528 3196 τῶν
571 3142 762 3207 ἐθνῶν,
814 3142 906 3196 καὶ
940 3145 972 3214 ἡ
1021 3144 1158 3215 πρὸς
1195 3145 1416 3209 τούτους
1449 3145 1678 3216 διαθήκη
1725 3143 1808 3197 αἴ-

1925 589 2018 659 qui
2047 604 2154 644 non
2183 588 2344 644 modo
2381 597 2489 643 tam
2515 587 2691 656 parvi,
2723 600 2884 656 quam
2924 591 3104 658 magni
3137 603 3323 644 eorum
3367 605 3497 661 spo-

1925 682 1994 736 lia
2029 681 2312 752 diripient,
2337 681 2432 737 sed
2470 680 2634 735 etiam
2683 680 2814 751 ipsis
2868 680 3113 736 illudent.
3159 681 3282 738 Haec
3333 697 3496 752 porro

1923 775 1992 830 de
2048 774 2116 829 iis
2171 773 2402 835 locutus,
2447 771 2512 824 ad
2558 770 2856 827 Ecclesiam
2899 771 2990 826 Dei
3035 773 3350 843 pertransit,
3401 775 3495 830 ubi

1924 866 2091 920 Deum
2119 864 2206 920 his
2227 863 2410 920 verbis
2435 861 2677 918 celebrat
2703 877 2717 913 :

1997 954 2158 1009 Vens.
2187 954 2244 1010 5.
2287 971 2309 1006 ι
2336 953 2576 1008 Sanctus
2600 951 2762 1016 Deus,
2784 951 2877 1021 qui
2909 952 3116 1007 habitat
3147 953 3199 1008 in
3225 953 3493 1011 excelsis:

1921 1045 2130 1115 repleta
2156 1055 2240 1102 est
2275 1045 2408 1101 Sion
2449 1043 2654 1114 judicio
2700 1051 2756 1099 et
2797 1042 3030 1112 iustitia.
3055 1061 3074 1094 ι
3116 1043 3246 1100 Sion
3271 1059 3390 1116 quae
3421 1044 3496 1102 sit

1921 1135 2006 1191 vel
2051 1135 2177 1190 inde
2226 1134 2520 1206 intelligas,
2555 1135 2700 1203 quod
2749 1133 2965 1201 dicatur
3010 1132 3157 1188 illam
3191 1132 3402 1204 judicio
3437 1144 3494 1191 et

1917 1224 2128 1296 justitia
2171 1225 2434 1294 repletam
2486 1236 2628 1278 esse.
2668 1221 2929 1292 Superius
2960 1230 3140 1278 autem
3167 1224 3490 1282 dicebatur:

1927 1337 1946 1370 ι
1973 1317 2036 1372 Et
2067 1319 2374 1387 requiescet
2429 1314 2484 1372 in
2543 1317 2758 1370 deserto
2785 1313 3050 1382 judicium
3105 1325 3159 1370 et
3187 1316 3428 1386 iustitia.
3465 1337 3486 1372 ι

1921 1407 2052 1463 Eam
2102 1408 2288 1478 igitur,
2341 1422 2462 1478 qua:
2500 1407 2749 1475 superius
2783 1406 3056 1462 desertum
3103 1417 3348 1472 vocatur,
3379 1409 3490 1480 jam

1923 1500 2054 1554 Sion
2087 1507 2400 1570 nuncupat;
2444 1507 2606 1569 atque
2635 1501 2708 1552 ita
2744 1497 3040 1554 Ecclesiam
3071 1499 3169 1554 Dei
3199 1500 3488 1572 signiﬁcat.

1921 1588 2047 1646 Hinc
2075 1590 2273 1661 quippe
2297 1600 2417 1644 erat
2447 1589 2538 1645 illa
2560 1590 2686 1645 olim
2711 1589 2967 1656 solitudo,
3003 1591 3056 1644 in
3078 1605 3181 1661 qua
3225 1592 3494 1662 requievit

1915 1683 2180 1753 judicium
2223 1691 2280 1737 et
2301 1679 2512 1749 iustitia
2538 1697 2555 1738 :
2579 1682 2932 1752 quamobrem
2984 1699 3128 1739 nunc
3159 1683 3298 1740 Deus
3327 1685 3491 1741 bene-

1919 1774 2138 1841 dieitur,
2164 1773 2292 1842 quia
2316 1771 2518 1843 repleta
2541 1783 2624 1830 est
2638 1773 2848 1844 judicio
2868 1783 2923 1829 et
2937 1773 3169 1843 justitia.

1990 1953 2157 2010 Vens.
2192 1954 2246 2010 6.
2277 1972 2297 2007 ι
2325 1953 2381 2009 ln
2415 1954 2534 2025 lege
2564 1955 2866 2020 tradentur,
2922 1955 2974 2009 in
3023 1954 3293 2010 thesauris
3339 1954 3487 2010 salus

1919 2056 2150 2102 nostra:
2180 2045 2291 2101 illic
2343 2045 2608 2116 Sapientia
2653 2056 2708 2100 et
2757 2045 2980 2101 scientia
3031 2057 3086 2102 et
3137 2047 3309 2116 pietas
3344 2047 3485 2118 apud

1919 2135 2229 2191 Dominum.
2277 2135 2339 2190 lli
2381 2145 2506 2191 sunt
2546 2137 2784 2192 thesauri
2813 2138 3058 2207 justitite.
3091 2156 3109 2190 ι
3158 2136 3284 2208 Legi
3314 2139 3483 2202 enim,

1917 2229 2165 2285 videlicet
2209 2229 2553 2301 evangelicae,
2603 2232 2694 2299 qui
2748 2230 2803 2284 in
2855 2229 2958 2285 hac
3015 2229 3287 2284 communi
3351 2229 3485 2285 Sion

1918 2321 2164 2378 habitant
2196 2321 2380 2377 traditi
2417 2331 2544 2377 sunt
2574 2341 2588 2376 :
2615 2322 2821 2378 sanctis
2875 2323 3074 2393 quippe
3119 2322 3258 2375 bona
3301 2323 3354 2376 in
3390 2336 3487 2392 spe

1918 2413 2198 2467 recondita
2246 2421 2412 2478 sunt;
2455 2413 2510 2467 in
2548 2414 2745 2482 quibus
2769 2421 2948 2468 autent
2976 2411 3265 2478 thesauris,
3295 2411 3397 2466 nisi
3430 2412 3486 2466 in

1917 2503 1983 2560 iis
2004 2504 2094 2574 qui
2125 2505 2176 2557 in
2200 2504 2352 2558 cmlis
2378 2511 2504 2557 sunt
2537 2503 2806 2572 repositi?

1988 2598 2149 2653 Vens.
2178 2597 2233 2650 7.
2266 2615 2286 2648 ι
2311 2595 2450 2650 Ecce
2473 2605 2621 2650 certe
2661 2595 2712 2648 in
2752 2595 2943 2648 timore
2995 2603 3179 2648 vestro
3214 2591 3301 2646 isti
3327 2592 3486 2646 time-

1916 2689 2070 2752 bunt,
2116 2701 2252 2757 quos
2304 2685 2577 2740 timebatis
2608 2704 2620 2738 :
2649 2685 2958 2739 clamabunt
3003 2699 3029 2736 a
3074 2683 3249 2738 vobis.
3280 2702 3298 2735 ι
3356 2680 3485 2737 Hzec

1914 2779 2172 2850 apostolis
2203 2780 2458 2833 dicuntur
2494 2797 2504 2831 :
2533 2775 2736 2831 incidet
2775 2777 2946 2839 enim,
2995 2775 3091 2840 ait,
3125 2775 3286 2829 timor
3314 2772 3485 2828 vestri

1915 2872 1968 2926 in
2002 2869 2328 2927 incredulos.

1983 2959 2148 3015 Vens.
2178 2959 2233 3024 8,
2266 2959 2318 3013 9.
2353 2978 2370 3010 ι
2394 2956 2583 3027 Angeli
2619 2954 2902 3009 mittentur
2934 2969 3117 3008 amare
3140 2951 3348 3008 ﬂentes.
3380 2952 3484 3006 De-

1915 3064 2172 3110 sereutur
2200 3053 2342 3106 enim
2370 3066 2556 3106 eorum
2589 3051 2688 3104 via:
2723 3067 2735 3102 :
2773 3049 3004 3102 cessavit
3037 3046 3196 3099 timor
3218 3045 3482 3115 gentium,

1915 3161 1967 3204 et
2003 3156 2384 3204 testamentum
2414 3160 2537 3198 cum
2564 3145 2668 3199 illis
2693 3144 2884 3196 initum
2911 3141 3117 3196 tollitur
3147 3157 3161 3192 :
3196 3155 3293 3192 nec
3325 3153 3483 3206 repu-

220 3209 411 3302 ρεται,
467 3233 562 3285 καὶ
621 3233 682 3285 οὐ
747 3234 822 3304 μὴ
885 3209 1169 3304 λογίσησθε
1220 3236 1417 3299 αὐτοὺς
1464 3209 1803 3306 ἀνθρώπους.

1921 3239 2100 3294 labilis
2133 3252 2229 3291 eos
2293 3237 2560 3291 homines.
2609 3233 2776 3288 Luxit
2830 3243 3015 3295 terra;
3058 3231 3274 3284 erubuit
3321 3229 3481 3283 Liba-

227 3321 564 3393 Ἐπένθησεν
607 3323 776 3394 ἡγῆ,
825 3325 1066 3395 ᾐσχύνθη
1109 3327 1137 3378 6
1169 3326 1418 3390 Λίϐανος,
1461 3325 1556 3397 ἓλη
1590 3328 1807 3394 ἐγένετο

219 3414 247 3482 ὴ
277 3416 496 3486 Σάρων,
540 3415 751 3486 φανερά
781 3415 932 3468 ἔσται
967 3417 1000 3486 ἡ
1038 3417 1295 3470 Γαλιλαία
1335 3420 1481 3472 καὶὸ
1519 3419 1756 3491 Χέρμελ.
1782 3438 1800 3470 ι

227 3504 282 3559 ’0
330 3509 437 3578 μὲν
492 3503 584 3561 οῦν
653 3507 1034 3578 φιλάνθρωπος
1091 3510 1222 3574 Θεὸς
1272 3511 1534 3580 ἀγγέλους
1581 3515 1806 3584 εἰρήνης

217 3599 506 3652 ἀπέστειλε
549 3601 686 3671 πρὸς
725 3599 815 3652 τὸν
853 3601 1118 3655 Ἰουδαίων
1163 3602 1310 3665 λαὸν,
1346 3606 1555 3676 πικρῶς
1591 3607 1804 3658 κλαίον-

213 3705 308 3754 τας
349 3692 450 3744 καὶ
480 3693 935 3763 παρακαλοῦντας
978 3694 1338 3758 ὐποδέξασθαι
1381 3696 1478 3767 τὴν
1523 3697 1807 3766 εὐαγγελι-

217 3781 313 3852 κὴν
345 3784 538 3846 αὐτοῖς
585 3785 828 3856 εἰρήνην.
877 3785 1034 3838 Ἐπεὶ
1071 3785 1128 3838 δὲ
1169 3786 1268 3838 οὐκ
1299 3785 1543 3851 ἐδέξαντο
1587 3789 1803 3852 αὐτοὺς,

214 3872 470 3945 ἐπιφέρει
501 3875 746 3942 φάσκων

289 3984 304 4014 ι
336 3966 456 4020 Νῦν
475 3967 874 4038 ἁναστήσομαι,
905 3967 1051 4036 λέγει
1069 3970 1096 4020 6
1115 3967 1337 4040 Κύριος,
1362 3968 1458 4021 νῦν
1482 3969 1803 4041 δοξατθὴσοο

218 4073 335 4122 μαι,
355 4057 453 4109 νῦν
473 4057 854 4129 ὐψωθήσομαι·
871 4079 890 4111 ι
925 4059 1017 4111 τοῦ
1046 4058 1201 4128 λόγου
1230 4060 1599 4130 παριστῶντος
1617 4061 1803 4130 σαφῶς

217 4148 554 4220 ὀφθήσεσθαι
586 4151 675 4203 τὸν
692 4151 822 4203 Θεὸν
841 4151 1042 4214 αὐτοῖς.
1077 4151 1196 4204 Τίσι
1218 4151 1273 4204 δὲ
1302 4152 1553 4222 αὐτοῖς,ἢ
1574 4155 1688 4216 τοῖς
1708 4153 1802 4222 θη-

215 4252 294 4286 σα·
307 4238 544 4307 ξρίσασιν
559 4239 771 4300 ἑαυτοῖς
787 4239 910 4301 τοὺς
925 4239 1024 4307 τῆς
1039 4238 1379 4310 δικαιοσύνης
1395 4241 1487 4292 καὶ
1503 4241 1598 4310 τῆς
1613 4240 1802 4308 σοφίας

217 4327 557 4400 θησαυρούςς
606 4330 829 4394 Τούτοις
882 4331 1010 4403 γὰρ,
1059 4331 1242 4402 φησὶν,
1287 4330 1627 4402 ὀφθήσομαι*
1662 4328 1800 4404 ἦσαν

213 4419 266 4474 δὲ
313 4419 464 4478 οὗτοι
508 4425 558 4475 οί
623 4422 863 4494 μαθηταὶ
913 4425 1007 4476 καὶ
1071 4423 1355 4476 ἀπόστολοι
1397 4422 1490 4475 τοῦ
1553 4424 1801 4495 Σωτῆρος

1913 3344 2014 3383 nus
2041 3344 2056 3392 ;
2089 3326 2240 3398 palus
2271 3326 2412 3379 facta
2463 3334 2548 3379 est
2579 3323 2777 3384 Saron,
2811 3322 3093 3376 manifesta
3125 3321 3231 3374 erit
3258 3317 3481 3374 Galil:ea

1911 3430 1964 3474 et
1992 3419 2265 3476 Chermel.
2300 3437 2317 3469 ι
2352 3416 2605 3473 Clemens
2646 3416 2828 3485 itaque
2887 3413 3027 3468 Deus
3078 3411 3297 3484 angelos
3333 3410 3482 3480 pacis

1910 3509 2052 3565 misit
2083 3508 2149 3562 ad
2177 3505 2481 3561 Judzeorum
2519 3504 2796 3575 populum,
2828 3517 3011 3557 amare
3048 3500 3258 3564 ﬂentes,
3300 3515 3362 3552 ac
3391 3514 3482 3553 co-

1911 3606 2188 3659 hortantes
2225 3611 2284 3654 ut
2319 3597 2683 3666 evangelicam
2758 3596 2860 3650 sibi
2914 3609 3100 3663 pacem
3154 3595 3479 3660 reciperent.

1908 3697 2174 3765 Quoniam
2210 3707 2339 3748 vero
2366 3706 2470 3745 non
2505 3697 2824 3758 receperunt
2859 3701 2975 3753 eos,
3008 3685 3080 3740 ita
3126 3682 3398 3754 subjungit
3431 3696 3448 3736 :

1977 3966 2138 4022 Vens.
2171 3969 2259 4024 10.
2285 3987 2302 4019 ι
2330 3965 2482 4021 Nunc
2511 3977 2822 4032 exsurgant,
2858 3961 2990 4016 dicit
3023 3959 3302 4021 Dominus,
3335 3970 3478 4012 nunc

1908 4058 2275 4130 glorilieabor,
2312 4072 2454 4111 nunc
2475 4053 2775 4109 cxaltabor.
2812 4071 2831 4104 ι
2869 4049 2961 4106 llis
2999 4065 3161 4120 porro
3193 4047 3478 4101 manifeste

1905 4151 2211 4208 declaratur
2243 4149 2375 4219 ipsis
2413 4145 2702 4201 videndum
2738 4147 2904 4199 Deum
2939 4157 3082 4196 esse.
3113 4139 3472 4206 Quibusnam,

1905 4244 2007 4296 nisi
2046 4244 2131 4306 iis,
2172 4241 2263 4309 qui
2315 4239 2542 4309 justitia:
2587 4247 2640 4291 et
2694 4235 2972 4306 sapientiae
3037 4233 3322 4286 thesauros
3372 4229 3476 4284 sibi

1903 4334 2327 4404 compararunt?
2383 4334 2462 4385 Ah
2526 4330 2679 4400 ipsis,
2733 4326 2932 4397 inquit,
2988 4325 3268 4378 videbor:

1903 4443 2066 4498 porro
2104 4428 2192 4481 isti
2231 4423 2480 4494 discipuli
2513 4434 2568 4479 et
2613 4420 2839 4491 apostoli
2870 4416 3171 4473 Salvatoris
3203 4414 3411 4478 nostri;
3445 4428 3477 4466 a

215 4513 391 4582 ἡμῶν,
432 4510 512 4578 οἷς
559 4513 668 4584 ἐγὼ
705 4515 802 4586 μὲν
859 4515 1075 4587 ὤφθηνο
1106 4518 1154 4568 οἱ
1186 4515 1242 4569 δὲ
1282 4515 1514 4588 ἔκραξαν
1547 4518 1796 4581 ἐκτενῶς,

1921 4521 2119 4590 ιυὶιηιε,
2141 4519 2338 4589 inquit,
2363 4533 2461 4586 ego
2474 4516 2689 4586 quidem
2707 4513 2849 4568 visus
2865 4527 2980 4565 sum
3003 4527 3016 4572 ;
3034 4509 3106 4564 illi
3120 4523 3247 4563 vero
3264 4506 3477 4560 assidue

215 4602 435 4673 ἄγγελοι
489 4607 642 4668 ὄντες
687 4607 943 4677 εἰρήνης·
981 4607 1062 4660 διὸ
1110 4609 1205 4660 καὶ
1257 4607 1470 4679 πικρῶς
1529 4608 1800 4663 ἔκλαυσαν

215 4695 445 4764 βοῶντες
475 4700 533 4750 ἐν
572 4699 755 4767 εὐχαῖς
796 4699 1027 4763 ἐκτενῶς
1089 4700 1229 4772 ὑπὲρ
1275 4699 1375 4769 τῆς
1409 4700 1680 4764 ἀπωλείας
1703 4701 1798 4754 τοῦ
1850 4773 1852 4776 _

215 4790 480 4861 προτέρου
534 4790 684 4844 λαοῦ.
726 4787 906 4845 Ἦσαν
945 4791 1052 4862 γὰρ
1101 4793 1151 4844 οί
1204 4791 1492 4844 ἀπόστολοι
1540 4793 1633 4845 τοῦ
1682 4793 1796 4845 Σω-

211 4883 375 4953 τῆρος
412 4882 572 4952 ἡμῶν
623 4883 881 4951 ἄγγελοι,
920 4884 970 4938 οἳ
1022 4883 1235 4954 πικρῶς
1285 4882 1498 4937 ἔκλαιον
1539 4882 1795 4937 πενθοῦν-

212 4990 330 5040 τες,
372 4974 464 5028 διά
525 4974 588 5027 τὸ
644 4975 719 5046 μὴ
773 4975 1057 5029 πείθεσθαι
1118 4975 1251 5046 μηδὲ
1308 4973 1581 5027 πιστεύειν
1617 4976 1799 5038 αὐτοῖς

211 5067 335 5128 τοὺς
381 5065 458 5119 δι’
502 5065 682 5120 αὐτῶν
731 5065 1102 5138 κεκλημένους
1136 5066 1229 5118 ἐπὶ
1274 5065 1372 5136 τὴν
1423 5064 1516 5116 τοῦ
1560 5065 1794 5137 Χριστοῦ

213 5159 453 5230 εἰρήνην.

283 5267 302 5298 ι
334 5249 450 5302 Νῦν
494 5249 713 5318 ὄψεσθε,
763 5248 857 5303 νῦν
909 5248 1271 5319 αἰσθήσεσθε·
1313 5249 1514 5320 ματαία
1561 5249 1715 5303 ἔσται
1759 5251 1792 5321 ἡ

213 5340 362 5413 ίσχύς
390 5341 487 5394 τοῦ
535 5341 849 5412 πνεύματος
893 5341 1079 5411 ὑμῶν’
1127 5360 1144 5392 ι
1195 5342 1228 5412 ὴ
1271 5341 1360 5393 διὰ
1401 5341 1646 5403 Μωσέως
1697 5343 1797 5394 αὐο

211 5437 316 5498 τοῖς
352 5434 744 5505 παραδοθεῖσα,
791 5432 887 5486 καὶ
933 5433 1014 5484 ὅτι
1043 5433 1214 5496 οὐδεὶς
1263 5432 1444 5486 οὐκέτι
1489 5433 1685 5494 αὐτοὺς
1719 5434 1798 5495 είς

211 5522 523 5597 ἀνθρώπους
561 5525 839 5592 λογιεῖται.
875 5542 892 5573 ι
917 5522 1035 5592 Πῦρ
1065 5524 1344 5576 κατέδεται
1407 5525 1550 5593 ὑμᾶς
1581 5540 1593 5552 ο
1643 5542 1660 5572 ι
1699 5522 1796 5593 τὴν

211 5613 464 5688 δευτέραν
528 5617 692 5670 αὐτοῦ
737 5615 832 5670 καὶ
893 5613 1099 5678 ἔνδοξον
1154 5616 1456 5687 παρουσίαν
1525 5614 1794 5684 ἐπαγγελ-

214 5705 468 5777 λόμενος,
519 5709 638 5762 καθ’
672 5708 738 5779 ἣν
791 5707 1032 5778 ὄψονται.

1906 4613 2234 4675 clamabant,
2265 4621 2323 4664 ut
2364 4608 2539 4680 angeli
2572 4607 2722 4676 pacis
2749 4623 2763 4659 :
2795 4611 3128 4675 quapropter
3160 4612 3344 4654 amare
3377 4597 3445 4658 ile
3474 4632 3478 4637 -

1906 4703 2082 4767 bant,
2138 4701 2470 4757 clamoribus
2523 4709 2578 4754 et
2622 4697 2966 4753 orationibus
3015 4692 3250 4748 assiduis
3308 4687 3474 4759 prisci

1905 4796 2086 4866 populi
2119 4795 2414 4864 perniciem
2442 4790 2810 4861 deplorantes.
2847 4789 2916 4841 At
2940 4787 3081 4842 enim
3099 4782 3322 4854 apostoli
3353 4779 3445 4835 Sal
3473 4810 3477 4812 -

1904 4887 2109 4942 vatoris
2145 4885 2313 4942 nostri
2350 4884 2528 4955 angeli
2560 4894 2740 4947 erant,
2771 4881 2860 4950 qui
2893 4879 3103 4934 acerbis
3139 4889 3258 4930 sese
3305 4873 3454 4941 lacry

1900 4981 2004 5036 mis
2037 4979 2378 5041 dediderant,
2408 4976 2550 5046 quod
2583 4975 2640 5040 li,
2663 4974 2755 5043 qui
2787 4972 2854 5026 ab
2888 4987 2944 5026 se
2975 4973 3040 5023 ad
3092 4981 3282 5036 pacem
3311 4964 3471 5017 Chri-

1897 5072 1968 5126 sti
2012 5069 2392 5133 vocabantur,
2449 5081 2556 5120 non
2610 5066 3086 5132 obtemperarent,
3142 5069 3315 5124 neque
3365 5051 3470 5107 sibi

1900 5162 2057 5216 {idem
2092 5159 2375 5214 haberent.
2947 5181 2949 5183 .
3145 5236 3156 5246 0
3222 5234 3234 5247 .

1971 5250 2141 5306 Vens.
2176 5251 2262 5304 ll.
2309 5268 2327 5300 ι
2351 5247 2503 5302 Nunc
2531 5244 2804 5308 videbitis,
2830 5256 2973 5295 nunc
3022 5244 3264 5292 sentietis
3289 5251 3302 5286 :
3331 5246 3469 5285 vana

1898 5342 2005 5398 erit
2035 5341 2300 5396 fortitudo
2333 5339 2558 5402 spiritus
2603 5335 2766 5389 vestri
2802 5349 2859 5384 ε»
2892 5345 3013 5401 quae
3047 5325 3178 5396 ipsis
3216 5339 3246 5378 a
3279 5323 3467 5391 Moyse

1897 5431 2022 5484 data
2060 5429 2260 5492 fuerat,
2297 5429 2422 5496 quia
2455 5441 2612 5480 nemo
2639 5425 2786 5495 ipsos
2824 5423 2875 5476 in
2907 5430 3182 5491 posterum
3222 5417 3470 5470 homines

1897 5521 2193 5592 reputabit.
2231 5540 2248 5572 ι
2276 5519 2422 5591 Ignis
2449 5518 2734 5573 devorabit
2757 5530 2875 5577 vos,
2919 5533 2937 5565 ι
2975 5512 3060 5566 his
3087 5510 3384 5565 secundum
3413 5518 3468 5560 et

1893 5615 2184 5686 gloriosum
2226 5614 2514 5667 adventum
2569 5624 2724 5664 suum
2774 5607 3086 5676 pollicetur,
3119 5619 3229 5676 quo
3267 5601 3346 5659 illi
3374 5599 3472 5671 .νί-

1893 5706 2113 5762 debunt.

277 5825 390 5893 (40)
437 5825 527 5878 Vel
578 5825 865 5892 legendum
892 5825 942 5878 οἱ
976 5823 1095 5880 sine
1125 5832 1374 5889 accentu,
1408 5821 1490 5879 vel
1527 5823 1878 5893 supplendum
1912 5820 2135 5878 verbum
2168 5817 2396 5875 οἰκοῦσι.
2433 5813 2593 5870 Eon.

3318 4327 3477 4374 erant
3557 4326 3567 4334 '
