3984 6554
531 399 637 456 327

602 520 764 575 Vens.
817 521 1003 576 12-14.
1048 521 1156 577 «Et
1208 535 1371 579 erunt
1421 536 1612 595 gentes
1670 526 1989 588 combusta,
2046 525 2180 582 utA

528 613 681 682 spina
718 616 769 668 in
800 629 931 684 agro
957 616 1197 686 projecta
1225 627 1281 674 et
1308 632 1523 674 exusta.
1553 621 1791 675 Audient
1824 620 1914 689 qui
1944 619 2103 690 longe

529 715 678 770 sunt,
718 720 837 775 qua:
874 721 975 776 ego
1002 706 1437 778 feci,scientqui
1478 711 1911 780 appropinquant
1960 711 2105 765 forti-

530 796 772 849 tudinem
816 812 1011 854 meam.
1070 799 1434 855 Recessernnt
1486 802 1578 869 qui
1634 810 1794 854 erant
1858 802 1909 856 in
1973 800 2101 856 Sion

527 887 733 955 iniqui:
768 890 1137 958 apprehendet
1168 900 1371 945 tremor
1401 893 1615 962 impios.
1646 912 1664 944 ι
1714 892 1942 947 Etiamsi
1987 893 2103 948 haec

525 996 631 1036 non
649 981 711 1035 de
726 982 831 1036 illis
849 998 909 1037 ex
928 980 1153 1038 Judaico
1175 985 1371 1055 p0pnlo
1390 986 1735 1049 valicinetur,
1772 988 1862 1052 qui
1891 1001 2102 1040 annun-

528 1076 717 1131 tiatam
768 1077 868 1131 sibi
918 1079 1150 1147 gratiam
1188 1089 1537 1147 acceperunt.
1570 1095 1666 1133 vos
1701 1080 1901 1134 auditis
1953 1079 2104 1133 hisce

524 1170 861 1239 prepheticis
917 1172 1282 1237 sermonibus,
1336 1188 1443 1225 non
1508 1173 1834 1243 intel‘ligitis,
1864 1173 2102 1227 scientes

526 1261 662 1323 haec,
688 1278 806 1329 qua!
839 1261 1105 1316 chraice
1141 1264 1292 1316 vobis
1325 1265 1608 1318 enuntiata
1641 1275 1693 1318 et
1723 1264 1922 1333 scripta
1952 1273 2099 1327 sunt,

525 1366 737 1405 necnon
771 1352 951 1405 omnia
1002 1352 1090 1405 illa
1122 1353 1364 1423 prodigia
1396 1368 1513 1421 qua:
1541 1354 1684 1421 apud
1709 1363 2095 1416 vos°operatns

523 1455 664 1503 sum,
694 1450 748 1494 et
777 1457 896 1509 qua:
928 1443 1066 1510 apud
1098 1458 1191 1496 vos
1218 1441 1432 1496 loeutus
1476 1458 1617 1507 sunt,
1652 1454 1951 1498 necnon'ea
1983 1458 2103 1513 qua:

522 1532 837 1587 videntibus
882 1534 1038 1586 vobis
1092 1550 1209 1587 sum
1246 1541 1523 1601 operatus,
1558 1550 1585 1586 a
1617 1535 1871 1600 gentibus
1911 1534 2101 1604 procul

522 1625 665 1678 etad
701 1635 941 1678 extrema
980 1636 1141 1678 terra:
1187 1627 1426 1678 auditum
1473 1625 1559 1678 iri.
1593 1625 1873 1693 Quomodo
1915 1639 2098 1683 autem

524 1715 769 1781 audient,
817 1717 921 1771 nisi
967 1718 1033 1769 ad
1083 1718 1247 1770 Deum
1302 1718 1645 1781 accedentes,
1679 1735 1798 1772 eum
1840 1720 2096 1775 virtutem

520 1806 637 1872 ejus
669 1808 1036 1863 edidicerint?
1070 1808 1133 1862 lli
1189 1823 1319 1862 vero
1369 1809 1494 1878 ipsi,
1530 1809 1785 1865 videlicet
1844 1812 1994 1881 impii
2043 1814 2097 1867 in

1202 402 1474 458 EUSEBII
1515 399 1984 461 CESARIENSIS
2018 397 2170 455 OPP.
2212 397 2397 453 PARS
2436 396 2527 452 Ill.
2566 427 2637 439 ——
2668 396 3082 456 EXEGETlCA.

3684 404 3795 461 5⁸28

2285 536 2303 570 ι
2332 518 2445 572 Καὶ
2488 518 2699 573 ἔσονται
2730 518 2874 590 νεθνη
2926 518 3416 589 κατακεκαυμένα,
3457 520 3531 584 ὡς
3578 519 3795 576 ἄκανθα

2206 609 2266 660 ὲν
2317 606 2471 678 ἀγρῷ
2534 607 2842 680 ἐρριμμένη
2906 609 2999 662 κα)⁸
3064 610 3541 681 κατακεκαυμένη.
3596 612 3795 666 Ἀκού-

2202 716 2389 752 σονται
2432 700 2480 750 οἱ
2517 698 2796 768 πόρρωθεν
2840 697 2877 752 ἃ
2910 699 3160 768 ἐποίησα,
3210 699 3506 767 γνώσονται
3550 703 3600 754 οί
3634 701 3796 770 ἐγγι-

2208 791 2391 857 ζοντες
2433 791 2530 863 τὴν
2579 790 2730 862 ἰσχύν
2768 809 2888 862 μου.
2930 792 3266 863 Ἀπέστησαν
3297 794 3347 845 οἱ
3389 794 3449 848 ὲν
3495 794 3632 847 Σιὼν
3668 794 3794 849 ἀνο-

2209 901 2330 953 μοι·
2369 883 2595 954 λήψεται
2627 883 2827 953 τρόμος
2866 884 2991 946 τοὺς
3030 884 3264 947 ἀσεϐεῖς.
3293 903 3312 936 ι
3355 886 3418 937 El
3472 887 3568 939 καὶ
3613 887 3795 940 ταῦτα

2208 979 2281 1049 μὴ
2315 977 2443 1048 περὶ
2475 976 2583 1029 τῶν
2617 975 2923 1046 δεξαμένων
2967 976 3065 1046 τὴν
3094 976 3572 1045 εύαγγελισθεῖσαν
3602 979 3796 1042 αὐτοῖς

2204 1071 2362 1140 χάριν
2400 1068 2666 1123 Ἰουδαίων
2711 1069 2841 1123 λαοῦ
2887 1069 3168 1134 θεσπίζει,
3217 1070 3408 1140 ὑμεῖς,
3454 1070 3627 1143 ἀκοὴν
3677 1072 3797 1124 τῶν

2206 1160 2558 1233 προφητικῶν
2605 1160 2807 1214 τούτων
2863 1161 3036 1230 λόγων
3088 1162 3411 1227 ἀκούοντες,
3462 1164 3520 1216 ού
3574 1164 3796 1217 συνίετε

2203 1253 2579 1321 γινώσκοντες,
2607 1254 2685 1306 ὅτι
2711 1253 2882 1308 ταῦτα
2908 1254 3136 1325 τάιπρδς
3162 1256 3307 1325 ὑμᾶς
3339 1254 3598 1326 Ἐϐραῖκῇ
3630 1258 3792 1327 φωνῇ

2203 1345 2506 1416 λαλούμενά
2533 1362 2592 1397 τε
2624 1346 2716 1399 καὶ
2760 1345 3101 1417 γραφόμενα,
3141 1348 3241 1400 ὅσα
3272 1365 3332 1401 τε
3363 1348 3495 1401 ἄλλα
3529 1349 3796 1419 θαύματα

2203 1437 2283 1498 είς
2318 1436 2462 1504 ὑμᾶς
2496 1434 2898 1506 ὲξεπραξάμην,
2939 1437 2987 1487 οί
3022 1436 3303 1507 πόρρωθεν
3349 1437 3442 1489 καὶ
3479 1437 3640 1509 μέχρι
3678 1438 3796 1493 τῶν

2201 1529 2443 1597 ὲσχάτων
2497 1529 2598 1598 τῆς
2651 1530 2753 1600 γῆς
2807 1528 3110 1593 οἰκοῦντες,
3167 1531 3261 1583 καὶ
3312 1531 3453 1601 ἅπερ
3488 1533 3618 1603 παρ’
3655 1534 3794 1603 ὑμῖν

2202 1620 2473 1691 ἐλάλησα,
2518 1622 2613 1674 καὶ
2663 1622 2815 1693 ὑμῶν
2880 1623 3131 1695 ὁρώντων
3179 1625 3523 1693 ἐποίησα,ηοὶ
3572 1628 3629 1678 ὲν
3672 1630 3793 1689 τοῖς

2201 1714 2398 1785 πέρασι
2438 1716 2534 1786 τῆς
2578 1715 2899 1787 οἰκουμένης
2926 1716 3265 1771 ἀκούσονται.
3304 1718 3427 1781 Πῶς
3456 1719 3512 1771 δὲ
3546 1720 3793 1787 γνώσον-

2200 1823 2290 1858 ται
2334 1806 2447 1859 ἀλλ’
2488 1807 2521 1877 ἢ
2576 1807 2890 1876 ὲγγίσαντες
2928 1806 3004 1878 τῷ
3051 1808 3201 1879 Θεῷ,
3245 1810 3340 1862 καὶ
3378 1811 3794 1881 -προσελθόντες

522 1896 653 1954 Sion
692 1908 991 1964 versantes,
1038 1915 1145 1969 quo
1188 1909 1346 1967 pacto
1391 1914 1422 1953 a
1475 1915 1559 1954 me
1588 1903 1931 1969 recesserint,
1968 1920 2095 1975 cog-

2204 1898 2351 1969 αὐτῷ
2391 1900 2484 1951 καὶ
2522 1899 2619 1970 τὴν
2653 1900 2805 1969 ἰσχὺν
2854 1898 3015 1951 αὐτοῦ
3067 1899 3479 1971 μεμαθηκότες;
3528 1894 3689 1955 Οὗτοι
3729 1902 3795 1956 δὲ

520 2003 792 2047 noscent:
826 2009 930 2063 qua
972 1994 1040 2046 de
1093 2007 1281 2057 causa,
1333 1993 1404 2048 ob
1456 1993 1815 2050 defectionem
1867 1996 2095 2063 scilicet,

520 2094 725 2141 tremor
752 2086 971 2142 invade‘t
998 2087 1142 2143 illos.

590 2264 1042 2335 Vens.15.chis
1072 2269 1415 2323 annuntiabit
1436 2269 1585 2325 vobis
1604 2271 1777 2339 ignem
1806 2286 2096 2327 acccnsun.

517 2357 678 2413 esse?
710 2358 840 2425 Quis
872 2360 1214 2415 annuntiabit
1255 2362 1407 2417 vobis
1449 2363 1624 2417 locum
1660 2364 1963 2419 atternum?
1994 2364 2095 2429 Qui

518 2448 766 2502 ambulat
796 2449 847 2503 in
886 2448 1120 2518 justitia,
1154 2451 1247 2522 qui
1288 2451 1528 2521 loquitur
1561 2463 1763 2508 rectam
1800 2448 1965 2520 viam,
2002 2457 2097 2525 qni

517 2539 633 2593 odit
667 2540 1011 2607 iniquitatem
1041 2552 1095 2597 et
1127 2544 1469 2613 injustitiam,
1499 2545 1591 2614 qui
1621 2561 1813 2599 manus
1837 2548 2044 2602 excutit
2067 2564 2097 2602 a

520 2632 861 2697 muneribus,
905 2635 995 2703 qui
1051 2635 1270 2691 obturat
1311 2651 1492 2699 aures,
1528 2651 1593 2691 ne
1619 2637 1799 2691 audiat
1830 2636 2095 2705 judicium

516 2725 818 2793 sanguinis,
842 2726 929 2794 qui
944 2726 1147 2780 claudit
1166 2728 1372 2792 oculos,
1390 2746 1455 2784 ne
1474 2730 1654 2783 videat
1674 2730 2041 2797 iniquitatem.
2072 2751 2091 2783 ι

515 2813 607 2868 Ait
636 2814 832 2885 igitur:
859 2835 877 2867 ι
908 2817 1037 2883 Quis
1054 2821 1393 2875 annuntiabit
1420 2822 1569 2876 vobis
1605 2822 1781 2890 ignem
1801 2837 2094 2878 accensum

514 2920 668 2972 esse,
702 2924 720 2955 ι
774 2920 1020 2977 paratum
1074 2910 1286 2966 diabolo
1345 2924 1401 2967 et
1467 2915 1675 2984 angelis
1736 2915 1899 2984 ejus?
1959 2916 2095 2982 Quis

514 3010 647 3066 ergo
673 2997 774 3051 ista
815 3002 1117 3065 cognoscit,
1148 3012 1207 3057 ut
1253 3004 1442 3058 eadem
1479 3006 1851 3062 nescientibus
1903 3006 2095 3062 testiﬁ-

516 3097 709 3151 cetur,
742 3089 844 3143 nisi
902 3093 1151 3161 quisquis
1202 3095 1443 3149 ambulat
1501 3097 1552 3150 in
1608 3097 1844 3167 justitia,
1890 3108 1946 3155 et
1981 3100 2095 3155 odit

514 3176 849 3247 impietatem
876 3192 930 3235 et
953 3183 1271 3252 injustitiam
1298 3202 1311 3250 ;
1339 3185 1375 3241 ii
1430 3188 1518 3255 qui
1547 3203 1774 3243 munera
1807 3199 2088 3259 respuunt,

515 3276 572 3323 ct
603 3281 765 3324 aures
796 3271 1073 3336 obturant,
1108 3288 1173 3326 ne
1203 3275 1426 3329 audiant
1453 3274 1718 3343 judicium
1770 3282 2081 3350 sanguinis,

2201 1991 2355 2044 αὐτοὶ
2401 1992 2636 2045 εἴσονται
2695 1991 2843 2053 ὅπως
2901 1990 3213 2062 ἀπέστησάν
3275 2009 3395 2062 μου,
3437 1995 3486 2044 οἱ
3540 1994 3597 2045 ὲν
3646 1993 3795 2049 Σιὼν

2203 2083 2393 2153 ἄνομοι
2414 2100 2428 2114 ο
2465 2078 2526 2137 οὗ
2553 2083 2712 2154 χάριν
2752 2083 2839 2137 διὰ
2871 2083 2968 2154 τὴν
3000 2084 3335 2137 ἀποστασίαν
3383 2084 3584 2150 αὐτῶν,
3619 2084 3795 2156 λήψε-

2199 2190 2290 2226 ται
2316 2174 2514 2237 αὐτοὺς
2545 2173 2765 2245 τρόμος.

2277 2285 2296 2317 ι
2325 2268 2421 2329 Τίς
2449 2265 2740 2334 ἀναγγελεῖ
2768 2266 2897 2336 ὑμῖν
2946 2266 3027 2318 ὅτι
3057 2265 3169 2337 πῦρ
3202 2267 3448 2332 καίεται;
3485 2267 3581 2330 Τίς
3612 2268 3792 2337 ἀναγ-

2196 2357 2347 2426 γελεί
2375 2359 2502 2427 ὑμῖν
2540 2359 2641 2419 τὸν,
2675 2358 2841 2410 τόπον
2884 2357 2977 2411 τὸν
3021 2356 3268 2423 αἰώνιονς
3316 2359 3691 2430 Πορευόμενος
3725 2361 3791 2413 ὲν

2197 2448 2527 2522 δικαιοσύνῃ,
2561 2447 2736 2501 λαλῶν
2764 2447 2998 2501 »εὐθεῖαν
3032 2448 3171 2511 όδὸν,
3209 2448 3379 2518 μισῶν
3412 2448 3642 2519 ἀνομίαν
3681 2449 3789 2503 καὶ

2198 2538 2432 2603 ἀδικίαν,
2462 2537 2681 2602 καὶτὰς
2737 2541 2925 2610 χεῖρας
2972 2538 3357 2607 ἀποσειόμενος
3409 2538 3519 2591 ἀπὸ
3568 2537 3788 2610 δώρων,

2199 2629 2447 2702 βαρύνων
2482 2629 2552 2681 τὰ
2583 2624 2727 2695 ὦτα,
2774 2630 2859 2683 ἵνα
2907 2629 2981 2701 μὴ
3049 2630 3255 2702 ἀκούσῃ
3291 2630 3472 2703 κρίσιν
3516 2632 3786 2703 αἵματος,

2196 2718 2470 2788 καμμύων
2498 2719 2648 2782 ιτοὺς
2699 2718 3043 2789 ὀφθαλμοὺς,
3093 2719 3178 2771 ἵνα
3224 2719 3298 2791 μὴ
3352 2719 3438 2793 ἴδῃ
3485 2721 3725 2775 ἀδικίαν.
3762 2740 3783 2773 ι

2192 2810 2333 2879 Φησὶ
2365 2810 2514 2878 γοῦν,
2551 2829 2569 2861 ι
2595 2810 2693 2874 Τίς
2730 2812 3017 2880 ἀναγγελεῖ
3053 2812 3179 2882 ὑμῖν
3222 2812 3302 2865 ὅτι
3347 2811 3733 2885 πῦρλκαίεται,
3759 2833 3782 2868 ι

2194 2902 2256 2956 τὸ
2288 2903 2687 2974 ἡτοιμασμένον
2728 2902 2805 2974 τῷ
2844 2903 3077 2974 διαὸόλῳ
3121 2905 3215 2956 καὶ
3254 2906 3367 2967 τοῖς
3400 2905 3653 2973 ἀγγέλοις
3682 2906 3788 2959 αὐ-

2192 2996 2323 3061 τοῦ;
2369 2997 2465 3059 Τίς
2506 2993 2597 3050 οὖν
2628 2998 2776 3049 ἐστιν
2810 2997 2840 3048 6
2867 2996 3043 3050 ταῦτα
3084 2996 3258 3061 είδὼς,
3289 2998 3384 3051 καὶ
3430 3002 3541 3062 τοῖς
3588 2999 3663 3071 μὴ
3703 3000 3789 3052 εἱ·-

2193 3089 2306 3143 δόσι
2348 3088 2972 3160 προσμαρτυρούμενος,
3019 3090 3052 3160 ἢ
3103 3092 3211 3153 πᾶς
3248 3091 3276 3142 6
3308 3090 3676 3162 πορευόμενος
3722 3094 3787 3147 ἐν

2193 3181 2538 3251 δικαιοσύνῃ,
2573 3181 2666 3234 καὶ
2702 3183 2813 3243 πᾶς
2851 3183 2879 3234 ό
2914 3182 3086 3251 μισῶν
3120 3182 3373 3235 ἀσέϐειαν
3415 3184 3507 3236 καὶ
3544 3184 3785 3249 ἀδικίαν,

2116 3248 2159 3306 c
2191 3248 2514 3343 δωροδοκίαν
2562 3289 2622 3324 τε
2666 3248 3167 3343 ἀποστρεφόμενοι,
3221 3272 3315 3325 καὶ
3346 3273 3414 3325 τά
3462 3266 3575 3325 ὦτα
3610 3272 3792 3344 φρει

513 3358 815 3431 oculosque
853 3363 1128 3431 claudunt,
1166 3380 1235 3420 ne
1284 3367 1502 3422 videant
1553 3369 1802 3440 iniquum
1838 3372 2093 3429 facinus?

2204 3382 2375 3428 τοντες
2404 3365 2498 3417 τοῦ
2530 3364 2603 3435 μὴ
2632 3364 2860 3417 ἀκοῦσαι
2895 3363 3072 3434 κρίσιν
3097 3364 3346 3434 αἵματος,
3380 3364 3623 3435 μυῶντες
3653 3365 3789 3430 τοὺς

514 3450 666 3510 Talis
690 3465 809 3509 erat
841 3456 1040 3511 chorus
1085 3459 1471 3528 prophetarum
1510 3460 1624 3530 Dei,
1657 3473 1712 3519 et
1746 3466 1974 3534 quilibet
2010 3468 2095 3521 vir

2204 3457 2503 3528 ὀφθαλμοὺς
2534 3456 2630 3509 τοῦ
2682 3457 2755 3527 μὴ
2786 3456 3009 3528 θεωρεῖν
3042 3457 3224 3509 ἄδικον
3258 3456 3493 3529 πρᾶξιν;
3527 3456 3785 3523 Τοιοῦτος

514 3544 822 3615 religiosus,
843 3547 1041 3602 chorus
1068 3549 1192 3603 item
1222 3550 1589 3620 apostolorum
1623 3563 1680 3607 et
1707 3554 2091 3621 discipulorum

2204 3547 2250 3600 Βὲ
2274 3544 2343 3619 ἦν
2364 3549 2392 3599 6
2429 3547 2588 3620 χορὸς
2614 3548 2722 3599 τῶν
2748 3546 3044 3617 προᾳητῶν
3070 3547 3164 3600 τοῦ
3204 3547 3361 3612 Θεοῦ,
3394 3549 3488 3602 καὶ
3519 3550 3629 3611 πᾶς
3660 3548 3786 3601 θεο-

515 3633 822 3692 Salvatoris
858 3641 1054 3694 nostri.
1085 3640 1340 3711 Quisquis
1373 3644 1558 3715 igitur,
1594 3647 1770 3709 aiunt,
1816 3646 2095 3715 lmjusmo-

515 3727 571 3780 di
593 3727 718 3790 erit,
749 3727 795 3782 is
818 3731 1161 3786 annuntiabit
1191 3734 1369 3798 nobis,
1408 3735 1589 3804 ignem
1633 3736 1816 3805 impiis
1841 3746 2090 3805 paratum

518 3832 807 3873 accensum
843 3836 1000 3875 esse:
1040 3823 1289 3893 idemque
1332 3826 1447 3895 ipse
1489 3826 1669 3879 locum
1708 3828 1864 3882 nobis
1898 3828 2089 3883 teterni

510 3908 700 3980 judicii
738 3912 1017 3981 indicabit,
1052 3926 1390 3973 contestatus
1416 3917 1719 3972 cavendum
1752 3932 1895 3986 esse,
1930 3928 1990 3975 ut
2025 3935 2094 3976 ne

512 4017 583 4061 eo
607 4007 936 4065 decidamus.

588 4187 749 4242 Vens.
789 4188 874 4242 16.
931 4204 951 4239 ‹
1014 4186 1112 4243 Hic
1159 4187 1424 4243 habitabit
1474 4189 1526 4242 in
1568 4188 1784 4245 excelsa
1823 4190 2090 4261 spelunca

511 4291 678 4348 petrze
711 4270 879 4335 (irata:
912 4297 925 4333 :
955 4279 1110 4349 panis
1138 4280 1186 4333 ei
1220 4280 1459 4345 dabitur,
1512 4290 1568 4334 et
1612 4294 1749 4350 aqua
1793 4281 1910 4351 ejus
1960 4283 2092 4337 lide-

511 4371 599 4426 lis.
634 4391 654 4423 ι
688 4372 831 4426 Idem
871 4372 987 4442 ipse
1036 4371 1223 4439 procul
1272 4372 1396 4439 igne
1422 4410 1438 4437 ,
1474 4380 1529 4426 et
1562 4384 1860 4426 memorato
1886 4382 2093 4428 aaterno

509 4464 632 4518 loco
662 4474 901 4519 remotus
924 4505 940 4530 ,
974 4464 1241 4518 habitabit
1273 4465 1325 4517 in
1372 4463 1587 4518 excelsa
1618 4464 1872 4533 spelunca
1898 4505 1912 4527 ,
1949 4474 2002 4520 et
2036 4466 2089 4520 in

2195 3639 2354 3709 φιλὴς
2385 3640 2545 3711 ἀνὴρ,
2573 3640 2601 3692 ὃ
2625 3656 2684 3692 τε
2718 3639 2878 3709 χορὸς
2908 3639 3016 3693 τῶν
3052 3640 3365 3694 ἀποστόλων
3397 3642 3490 3694 καὶ
3519 3641 3783 3712 μαθητῶν

2195 3731 2445 3803 Σωτῆρος
2482 3731 2661 3802 ἡμῶν.
2710 3732 2825 3794 Πᾶς
2863 3731 3043 3784 τοίνυν
3092 3733 3120 3784 6
3150 3732 3390 3796 τοιοῦτος
3439 3733 3781 3802 ἀπαγγέλλει

2194 3826 2346 3897 ἡμῖν,
2378 3826 2529 3893 φασὶ,
2573 3826 2705 3878 διότι
2755 3825 2867 3897 πῦρ
2908 3825 3122 3879 καίεται
3169 3828 3280 3889 τοῖς
3327 3826 3578 3879 ἀσεϐέσιν
3630 3828 3781 3897 ἡτοι-

2198 3916 2503 3987 μασμένον·
2551 3918 2579 3969 ό
2620 3916 2678 3969 δὲ
2724 3916 2886 3978 αὐτὸς
2933 3916 3028 3969 καὶ
3073 3916 3163 3969 τὸν
3207 3917 3373 3970 τόπον
3416 3918 3516 3987 τῆς
3553 3918 3779 3974 αἰωνίου

2195 4010 2429 4080 κρίσεως
2469 4008 2699 4079 δηλώσει
2742 4010 2893 4077 ἡμῖν,
2939 4010 3529 4082 προσμαρτυρούμενος
3571 4013 3779 4082 φυλάτ-

2193 4102 2381 4155 τεσθαι
2420 4100 2494 4172 μὴ
2526 4103 2846 4173 περιπεσεῖν
2874 4102 2953 4164 είς
2980 4102 3169 4174 αὑτήν.

2269 4215 2287 4246 ι
2318 4190 2483 4258 Οὗτος
2516 4196 2725 4265 οἰκήσει
2776 4195 2834 4247 ἐν
2886 4195 3071 4265 ύΜλῳ
3106 4194 3352 4266 σπηλαίῳ
3390 4197 3593 4266 πέτρας
3624 4196 3781 4267 ίσχυ-

2196 4288 2325 4359 ρᾶς’
2382 4287 2545 4359 ἄρτος
2592 4286 2742 4357 αύτῷ
2797 4284 3102 4357 δοθήσεται,
3149 4287 3243 4339 καὶ
3293 4286 3354 4338 τὸ
3410 4286 3555 4358 ὕδωρ
3604 4286 3779 4340 αὐτοῦ

2193 4377 2406 4430 πιστόν.
2446 4397 2464 4428 ι
2498 4377 2671 4440 Αὐτὸς
2712 4377 2768 4429 δὲ
2818 4370 2995 4441 οὗτος,
3033 4376 3250 4448 μακρὰν
3280 4376 3373 4429 τοῦ
3421 4377 3588 4449 πυρὸς
3619 4395 3780 4447 γεγο-

2194 4468 2301 4532 νὼς
2331 4468 2543 4522 καὶτοῦ
2584 4469 2976 4541 προλεχθέντος
3006 4470 3227 4523 αἰωνίου
3256 4469 3445 4535 τόπου,
3478 4472 3686 4540 οἰκήσει
3719 4472 3779 4523 ὲν

508 4566 663 4626 petra
697 4556 875 4609 firma.
929 4554 1237 4609 Secundum
1274 4555 1662 4625 Symmachum
1694 4570 1825 4611 vero
1850 4593 1867 4621 ,
1906 4573 1925 4606 ι
1972 4555 2091 4624 Ipse

2204 4561 2385 4633 ὑψηλῷ
2438 4560 2709 4633 σπηλαίῳ,
2752 4563 2846 4616 καὶ¹
2893 4563 2986 4614 ἐπὶ
3028 4544 3235 4633 πέτρας
3272 4564 3514 4633 ἰσχυρᾶς.
3539 4564 3697 4615 Κατὰ
3720 4564 3779 4617 δὲ

507 4649 564 4703 in
595 4648 826 4703 excelsis
865 4647 1178 4711 habitabit,
1227 4648 1380 4714 quasi
1420 4650 1758 4701 munimenta
1815 4657 2087 4716 petrarum

500 4738 813 4794 sublimitas
841 4736 994 4805 ejus;
1038 4755 1057 4787 ι
1091 4744 1149 4788 ut
1179 4750 1245 4789 ex
1287 4736 1369 4789 his
1398 4736 1680 4790 beatorum
1728 4736 2046 4790 exercitium
2073 4775 2091 4802 ,

502 4840 566 4887 et
596 4831 905 4884 institutum
934 4830 1059 4883 vitae
1097 4829 1153 4883 in
1205 4843 1413 4882 summa
1460 4827 1804 4897 philosophia
1856 4828 2091 4897 positum

506 4923 875 4992 intelligamus
904 4938 918 4975 :
949 4921 1302 4991 quamobrem
1346 4921 1599 4984 infertur,
1643 4939 1662 4973 ι
1698 4919 1862 4975 Panis
1909 4921 1959 4975 ei
1994 4922 2091 4975 da-

506 5017 675 5082 bitur,
701 5025 755 5068 et
785 5030 922 5084 aqua
956 5016 1071 5085 ejus
1111 5014 1305 5073 fidelis.
1350 5035 1368 5068 ι
1404 5014 1552 5071 Talis
1577 5025 1756 5072 autem
1792 5017 1956 5072 homo
1990 5032 2093 5087 pa-

506 5128 576 5163 ne
594 5119 649 5164 et
669 5123 810 5179 aqua
854 5110 905 5163 in
937 5111 1193 5179 pratsettti
1224 5111 1333 5166 vita
1375 5113 1442 5165 ad
1480 5112 1798 5167 alimentum
1843 5129 1993 5177 usus,
2029 5112 2087 5165 in

503 5203 922 5259 exercitationis
961 5205 1249 5259 terminum
1285 5217 1337 5261 et
1376 5206 1635 5272 fructum,
1673 5200 1964 5281 gloriosam
2004 5222 2089 5262 re-

505 5297 589 5366 gis
608 5296 1125 5365 contemplationem
1154 5298 1352 5355 referet
1380 5322 1393 5356 :
1433 5313 1766 5372 quapropter
1788 5303 1865 5356 ait
1897 5321 1910 5356 :
1984 5326 1987 5329 λ

577 5394 742 5452 νεεδ.
778 5396 993 5452 17-19.
1052 5414 1071 5447 ι
1110 5396 1309 5467 Regem
1376 5409 1496 5450 cum
1566 5395 1735 5466 gloria
1793 5394 2086 5461 videbitis,

505 5489 648 5544 oculi
686 5491 850 5545 vestri
900 5500 1127 5545 cernent
1180 5498 1376 5542 terram
1413 5488 1603 5558 procul
1637 5506 1650 5543 :
1684 5488 1868 5543 anima
1902 5499 2084 5542 vestra

506 5581 853 5638 meditabitur
898 5584 1174 5639 timorem.
1244 5581 1341 5637 Ubi
1393 5592 1517 5637 sunt
1572 5582 1950 5650 grammatici?
1998 5581 2085 5633 ubi

507 5676 848 5730 consiliarii?
894 5676 983 5729 ubi
1021 5684 1144 5740 est,
1175 5674 1267 5740 qui
1302 5685 1551 5729 numerat
1578 5690 1672 5728 eos
1703 5675 1795 5743 qui
1846 5673 2089 5725 nutriunt

505 5782 729 5836 parvum
752 5780 807 5823 et
832 5784 1087 5839 magnum
1123 5768 1375 5837 populum
1404 5770 1427 5820 Υ
1472 5770 1557 5823 cui
1589 5784 1692 5822 non
1728 5768 1877 5821 dedit
1912 5764 2090 5818 consi-

507 5861 637 5917 lium
664 5902 679 5929 ,
711 5878 883 5932 neque
930 5863 1088 5919 scivit
1122 5877 1311 5919 vocem
1365 5862 1725 5931 altiloquam;
1765 5862 1835 5915 ita
1879 5869 1937 5912 ut
1983 5872 2087 5912 non

2753 4654 2940 4675 ῩΔΩ-ὶ,
2978 4655 3030 4675 ι..
3066 4654 3086 4675 j

2193 4654 2285 4708 τὸν
2309 4654 2628 4724 Σύμμαχον,
2684 4674 2701 4705 ι
2753 4652 2941 4717 Ἀὐτὸς
2974 4655 3031 4706 ἐν
3065 4653 3292 4724 ὑψηλοῖς
3340 4654 3776 4723 κατασκηνώσει,

2194 4746 2270 4815 ὡς
2306 4748 2559 4817 περιοχαι
2590 4745 2806 4817 πετρῶν
2825 4744 2886 4797 τὸ
2914 4744 3046 4814 ὕψος
3070 4744 3267 4797 αὐτοῦ·
3305 4764 3322 4796 ι
3350 4745 3425 4808 ὼς
3458 4748 3597 4798 νοεῖν
3627 4748 3778 4817 ἡμᾶς

2193 4837 2279 4891 διά
2312 4837 2517 4891 τούτων
2556 4838 2651 4909 τὴν
2699 4838 2807 4892 τῶν
2835 4838 3120 4909 μακαρίων
3148 4839 3399 4908 ἄσκησιν,
3440 4838 3532 4890 καὶ
3579 4839 3671 4893 τὸν
3719 4842 3777 4894 έν

2194 4931 2482 5002 ἀκροτάτῳ
2513 4930 2829 4999 φιλοσοφίας
2870 4930 2981 5001 βίον
3027 4930 3240 4983 αὐτῶν·
3298 4931 3379 4983 διὸ
3429 4930 3776 4999 ὲπιλὲγεται,

2202 5042 2219 5073 ι
2256 5025 2421 5094 ἄρτος
2448 5022 2596 5095 αὑτῷ
2625 5024 2930 5094 δοθήσεται,
2959 5025 3053 5077 καὶ
3073 5024 3132 5076 τὸ
3160 5024 3303 5095 ὕδωρ
3332 5025 3496 5077 αὐτοῦ
3525 5026 3769 5078 πιστόν.»

2209 5118 2267 5170 Ὀ
2296 5118 2353 5171 δὲ
2378 5118 2639 5181 τοιοῦτος,
2679 5119 2828 5189 ἄρτῳ
2862 5118 2957 5171 καὶ
2995 5117 3146 5171 ὕδατι
3172 5117 3272 5188 τὴν
3308 5117 3588 5190 παροῦσαν
3626 5116 3772 5188 ζωὴν

2197 5209 2478 5281 ἀσκηθεὶς,
2516 5211 2689 5282 πέρας
2716 5209 2826 5273 ἕξει
2861 5210 2956 5263 καὶ
2984 5209 3195 5281 καρπὸν
3228 5210 3329 5280 τῆς
3360 5211 3647 5283 ἀσκήσεως
3675 5212 3775 5282 τὴν

2197 5300 2403 5369 ἔνδοξον
2426 5302 2519 5356 τοῦ
2551 5302 2811 5372 βασιλέως
2836 5301 2964 5355 θέαν
2986 5320 2999 5332 ·
3028 5302 3109 5355 διό
3134 5320 3296 5373 φησιν
3319 5320 3333 5333 ο

2272 5416 2290 5447 ι
2330 5395 2559 5449 Βασιλέα
2592 5395 2726 5465 μετὰ
2771 5394 2930 5467 δόξης
2956 5395 3172 5464 ὄψεσθε,
3213 5398 3260 5449 οἱ
3305 5394 3573 5467 ὀφθαλμοὶ
3622 5396 3780 5467 ὑμῶν

2195 5488 2413 5556 δέκονται
2448 5489 2552 5558 γῆν
2578 5486 2883 5557 πορῤωθεν,
2914 5488 2945 5557 ἠ
2981 5487 3126 5559 ψυχὴ
3168 5488 3634 5559 ύμῶν.μελετήσει
3679 5488 3780 5556 φό-

2195 5580 2308 5633 ϐον.
2344 5580 2454 5632 Ποῦ
2483 5580 2619 5631 εἰσιν
2644 5580 2691 5631 οξ
2725 5581 3129 5651 γραμματικοί;
3165 5579 3273 5633 Ποῦ
3301 5583 3435 5633 εἰσιν
3457 5581 3506 5633 οἱ
3539 5579 3778 5651 συμϐου-

2195 5672 2475 5736 λεύοντες;
2528 5671 2637 5724 Ποῦ
2685 5674 2833 5725 ἐστιν
2888 5675 2916 5726 ὁ
2962 5673 3210 5744 ἀριθμῶν
3252 5675 3377 5736 τοὺς
3406 5672 3776 5743 τρεφομέναις

2200 5764 2392 5834 μικρὸν
2430 5763 2522 5816 καὶ
2578 5762 2750 5833 μέγαν
2779 5763 2939 5829 λαόν;
3055 5764 3115 5816 ού
3153 5764 3625 5831 συνεϐουλεύσατο,
3653 5764 3774 5817 οὐδὲ

2195 5856 2311 5927 ᾔδει
2349 5853 2684 5926 βαθύφωνον,
2721 5855 2862 5909 ὥστε
2913 5856 2986 5926 μὴ
3018 5854 3283 5909 ἀκοῦσαι⁸
3340 5856 3468 5919 mg
3506 5854 3771 5925 πεφαυλι-
